  <div class='ocr_page' id='page_1' title='image "/cluster/home/n/w/nwhite01/storage/ocr_20150623/14/hvd.32044024333478/112.png"; bbox 0 0 3816 6530; ppageno 0'>
   <div class='ocr_carea' id='block_1_1' title="bbox 103 323 2280 426">
    <p class='ocr_par' dir='ltr' id='par_1_1' title="bbox 103 323 2280 426">
     <span class='ocr_line' id='line_1_1' title="bbox 103 323 2280 426; baseline 0.001 -3"><span class='ocrx_word' id='word_1_1' title='bbox 103 367 188 423; x_wconf 77' lang='lat'><strong>209</strong></span> <span class='ocrx_word' id='word_1_2' title='bbox 1169 367 1533 426; x_wconf 59' lang='lat' dir='ltr'><strong>COMMENT,</strong></span> <span class='ocrx_word' id='word_1_3' title='bbox 1576 369 1642 423; x_wconf 84' lang='lat' dir='ltr'><strong>IN</strong></span> <span class='ocrx_word' id='word_1_4' title='bbox 1677 323 1874 424; x_wconf 24' lang='lat' dir='ltr'><strong>JO‘AN.</strong></span> <span class='ocrx_word' id='word_1_5' title='bbox 1911 367 2150 426; x_wconf 78' lang='lat' dir='ltr'><strong>TOMUS</strong></span> <span class='ocrx_word' id='word_1_6' title='bbox 2188 371 2280 426; x_wconf 65' lang='grc' dir='ltr'>γι.</span> 
     </span>
    </p>
   </div>
   <div class='ocr_carea' id='block_1_2' title="bbox 3243 377 3348 434">
    <p class='ocr_par' dir='ltr' id='par_1_2' title="bbox 3243 377 3348 434">
     <span class='ocr_line' id='line_1_2' title="bbox 3243 377 3348 434; baseline 0.038 -4"><span class='ocrx_word' id='word_1_7' title='bbox 3243 377 3348 434; x_wconf 70' lang='grc'><strong>210</strong></span> 
     </span>
    </p>
   </div>
   <div class='ocr_carea' id='block_1_3' title="bbox 104 483 1664 566">
    <p class='ocr_par' dir='ltr' id='par_1_3' title="bbox 104 483 1662 562">
     <span class='ocr_line' id='line_1_3' title="bbox 104 483 1662 562; baseline 0.006 -25"><span class='ocrx_word' id='word_1_8' title='bbox 104 485 183 558; x_wconf 81' lang='grc' dir='ltr'>μὲν</span> <span class='ocrx_word' id='word_1_9' title='bbox 209 485 296 538; x_wconf 78' lang='grc' dir='ltr'>καὶ</span> <span class='ocrx_word' id='word_1_10' title='bbox 329 483 520 559; x_wconf 72' lang='grc' dir='ltr'>ἕτερον</span> <span class='ocrx_word' id='word_1_11' title='bbox 553 487 972 544; x_wconf 85' lang='grc' dir='ltr'>άναπεπλάκασι</span> <span class='ocrx_word' id='word_1_12' title='bbox 1015 489 1149 544; x_wconf 79' lang='grc' dir='ltr'>Θεδν</span> <span class='ocrx_word' id='word_1_13' title='bbox 1183 493 1406 562; x_wconf 74' lang='grc' dir='ltr'>μείζονα</span> <span class='ocrx_word' id='word_1_14' title='bbox 1433 536 1446 559; x_wconf 93' lang='grc'><strong>,</strong></span> <span class='ocrx_word' id='word_1_15' title='bbox 1497 495 1547 546; x_wconf 81' lang='grc' dir='ltr'>οἱ</span> <span class='ocrx_word' id='word_1_16' title='bbox 1603 493 1662 546; x_wconf 81' lang='grc' dir='ltr'>δὲ</span> 
     </span>
    </p>
   </div>
   <div class='ocr_carea' id='block_1_4' title="bbox 1770 483 3363 566">
    <p class='ocr_par' dir='ltr' id='par_1_4' title="bbox 1770 492 3363 566">
     <span class='ocr_line' id='line_1_4' title="bbox 1770 492 3363 566; baseline 0.001 -19"><span class='ocrx_word' id='word_1_17' title='bbox 1770 492 1935 548; x_wconf 90' lang='lat' dir='ltr'><strong>Deum</strong></span> <span class='ocrx_word' id='word_1_18' title='bbox 1967 494 2228 562; x_wconf 75' lang='lat' dir='ltr'><strong>majorem</strong></span> <span class='ocrx_word' id='word_1_19' title='bbox 2275 495 2570 562; x_wconf 77' lang='lat' dir='ltr'><strong>tinxerunt,</strong></span> <span class='ocrx_word' id='word_1_20' title='bbox 2611 495 2704 550; x_wconf 84' lang='lat' dir='ltr'><strong>alii</strong></span> <span class='ocrx_word' id='word_1_21' title='bbox 2742 512 2871 551; x_wconf 83' lang='lat' dir='ltr'><strong>vero</strong></span> <span class='ocrx_word' id='word_1_22' title='bbox 2914 497 3017 553; x_wconf 92' lang='lat' dir='ltr'><strong>hoc</strong></span> <span class='ocrx_word' id='word_1_23' title='bbox 3058 503 3363 566; x_wconf 63' lang='lat' dir='ltr'><strong>non&#39;ausi,</strong></span> 
     </span>
    </p>
   </div>
   <div class='ocr_carea' id='block_1_5' title="bbox 104 576 1661 658">
    <p class='ocr_par' dir='ltr' id='par_1_5' title="bbox 104 576 1661 658">
     <span class='ocr_line' id='line_1_5' title="bbox 104 576 1661 658; baseline 0.008 -29"><span class='ocrx_word' id='word_1_24' title='bbox 104 578 163 650; x_wconf 78' lang='grc' dir='ltr'>μὴ</span> <span class='ocrx_word' id='word_1_25' title='bbox 200 576 355 632; x_wconf 82' lang='grc' dir='ltr'>τοῦτο</span> <span class='ocrx_word' id='word_1_26' title='bbox 402 579 774 652; x_wconf 76' lang='grc' dir='ltr'>τολμήσαντες</span> <span class='ocrx_word' id='word_1_27' title='bbox 801 623 816 645; x_wconf 95' lang='grc'><strong>,</strong></span> <span class='ocrx_word' id='word_1_28' title='bbox 853 583 978 636; x_wconf 81' lang='grc' dir='ltr'>ὅσον</span> <span class='ocrx_word' id='word_1_29' title='bbox 1029 585 1122 637; x_wconf 75' lang='grc' dir='ltr'>ἐπὶ</span> <span class='ocrx_word' id='word_1_30' title='bbox 1173 584 1251 656; x_wconf 81' lang='grc' dir='ltr'>τῷ</span> <span class='ocrx_word' id='word_1_31' title='bbox 1284 586 1464 640; x_wconf 78' lang='grc' dir='ltr'>αὐτῶν</span> <span class='ocrx_word' id='word_1_32' title='bbox 1498 587 1661 658; x_wconf 85' lang='grc' dir='ltr'>λόγῳ,</span> 
     </span>
    </p>
   </div>
   <div class='ocr_carea' id='block_1_6' title="bbox 99 672 1665 753">
    <p class='ocr_par' dir='ltr' id='par_1_6' title="bbox 99 672 1665 753">
     <span class='ocr_line' id='line_1_6' title="bbox 99 672 1665 753; baseline 0.004 -26"><span class='ocrx_word' id='word_1_33' title='bbox 99 674 169 727; x_wconf 69' lang='grc' dir='ltr'>διὰ</span> <span class='ocrx_word' id='word_1_34' title='bbox 211 672 268 727; x_wconf 79' lang='grc' dir='ltr'>τὸ</span> <span class='ocrx_word' id='word_1_35' title='bbox 309 673 674 728; x_wconf 82' lang='grc' dir='ltr'>ἀϐασάνιστον</span> <span class='ocrx_word' id='word_1_36' title='bbox 703 675 812 728; x_wconf 81' lang='grc' dir='ltr'>τῶν</span> <span class='ocrx_word' id='word_1_37' title='bbox 846 677 1134 748; x_wconf 89' lang='grc' dir='ltr'>δογμάτων</span> <span class='ocrx_word' id='word_1_38' title='bbox 1159 680 1538 750; x_wconf 82' lang='grc' dir='ltr'>χρεωκοποῦσι</span> <span class='ocrx_word' id='word_1_39' title='bbox 1564 682 1665 753; x_wconf 81' lang='grc' dir='ltr'>τὴν</span> 
     </span>
    </p>
   </div>
   <div class='ocr_carea' id='block_1_7' title="bbox 99 766 1665 844">
    <p class='ocr_par' dir='ltr' id='par_1_7' title="bbox 99 766 1665 844">
     <span class='ocr_line' id='line_1_7' title="bbox 99 766 1665 844; baseline 0.007 -27"><span class='ocrx_word' id='word_1_40' title='bbox 99 766 363 836; x_wconf 71' lang='grc' dir='ltr'>δεδομένην</span> <span class='ocrx_word' id='word_1_41' title='bbox 410 769 525 830; x_wconf 85' lang='grc' dir='ltr'>τοῖς</span> <span class='ocrx_word' id='word_1_42' title='bbox 580 769 822 839; x_wconf 82' lang='grc' dir='ltr'><strong>πατράσι</strong></span> <span class='ocrx_word' id='word_1_43' title='bbox 875 770 979 824; x_wconf 71' lang='grc' dir='ltr'>καὶ</span> <span class='ocrx_word' id='word_1_44' title='bbox 1036 773 1149 834; x_wconf 83' lang='grc' dir='ltr'>τοῖς</span> <span class='ocrx_word' id='word_1_45' title='bbox 1204 774 1514 844; x_wconf 78' lang='grc' dir='ltr'><strong>προφήταις</strong></span> <span class='ocrx_word' id='word_1_46' title='bbox 1556 775 1665 828; x_wconf 79' lang='grc' dir='ltr'>ἀπὺ</span> 
     </span>
    </p>
   </div>
   <div class='ocr_carea' id='block_1_8' title="bbox 100 857 1659 934">
    <p class='ocr_par' dir='ltr' id='par_1_8' title="bbox 100 857 1659 934">
     <span class='ocr_line' id='line_1_8' title="bbox 100 857 1659 934; baseline 0.004 -22"><span class='ocrx_word' id='word_1_47' title='bbox 100 857 326 930; x_wconf 33' lang='grc' dir='ltr'>Θεοῦ-διὰ</span> <span class='ocrx_word' id='word_1_48' title='bbox 355 857 595 932; x_wconf 80' lang='grc' dir='ltr'><strong>Χριστοῦ</strong></span> <span class='ocrx_word' id='word_1_49' title='bbox 630 859 865 932; x_wconf 78' lang='grc' dir='ltr'>δωρεὰν,</span> <span class='ocrx_word' id='word_1_50' title='bbox 901 862 970 915; x_wconf 84' lang='grc' dir='ltr'><strong>δι’</strong></span> <span class='ocrx_word' id='word_1_51' title='bbox 999 857 1060 916; x_wconf 78' lang='grc' dir='ltr'><strong>οὗ</strong></span> <span class='ocrx_word' id='word_1_52' title='bbox 1092 863 1159 916; x_wconf 74' lang='grc' dir='ltr'>τὰ</span> <span class='ocrx_word' id='word_1_53' title='bbox 1201 863 1379 917; x_wconf 81' lang='grc' dir='ltr'>πάντα</span> <span class='ocrx_word' id='word_1_54' title='bbox 1406 865 1622 934; x_wconf 78' lang='grc' dir='ltr'>ἐγένετο</span> <span class='ocrx_word' id='word_1_55' title='bbox 1646 883 1659 896; x_wconf 89' lang='grc'><strong>·</strong></span> 
     </span>
    </p>
   </div>
   <div class='ocr_carea' id='block_1_9' title="bbox 101 952 1666 1026">
    <p class='ocr_par' dir='ltr' id='par_1_9' title="bbox 101 952 1666 1026">
     <span class='ocr_line' id='line_1_9' title="bbox 101 952 1666 1026; baseline 0.003 -20"><span class='ocrx_word' id='word_1_56' title='bbox 101 957 139 1006; x_wconf 83' lang='grc' dir='ltr'>εξ</span> <span class='ocrx_word' id='word_1_57' title='bbox 171 954 219 1006; x_wconf 75' lang='grc' dir='ltr'>δὲ</span> <span class='ocrx_word' id='word_1_58' title='bbox 251 952 321 1005; x_wconf 83' lang='grc' dir='ltr'><strong>τὰ</strong></span> <span class='ocrx_word' id='word_1_59' title='bbox 361 953 574 1017; x_wconf 84' lang='grc' dir='ltr'>πάντα,</span> <span class='ocrx_word' id='word_1_60' title='bbox 610 954 852 1026; x_wconf 88' lang='grc' dir='ltr'>δηλονότι</span> <span class='ocrx_word' id='word_1_61' title='bbox 885 957 982 1009; x_wconf 76' lang='grc' dir='ltr'>καὶ</span> <span class='ocrx_word' id='word_1_62' title='bbox 1012 956 1080 1009; x_wconf 78' lang='grc' dir='ltr'><strong>τὰ</strong></span> <span class='ocrx_word' id='word_1_63' title='bbox 1110 957 1339 1023; x_wconf 80' lang='grc' dir='ltr'>ἐκείνοις</span> <span class='ocrx_word' id='word_1_64' title='bbox 1391 959 1666 1013; x_wconf 77' lang='grc' dir='ltr'>ὰποκαλυ·</span> 
     </span>
    </p>
   </div>
   <div class='ocr_carea' id='block_1_10' title="bbox 99 1043 1663 1124">
    <p class='ocr_par' dir='ltr' id='par_1_10' title="bbox 99 1043 1663 1124">
     <span class='ocr_line' id='line_1_10' title="bbox 99 1043 1663 1124; baseline 0.007 -30"><span class='ocrx_word' id='word_1_65' title='bbox 99 1043 271 1113; x_wconf 69' lang='grc' dir='ltr'>φθέντα</span> <span class='ocrx_word' id='word_1_66' title='bbox 305 1043 448 1096; x_wconf 78' lang='grc' dir='ltr'>καλὰ</span> <span class='ocrx_word' id='word_1_67' title='bbox 487 1046 582 1098; x_wconf 75' lang='grc' dir='ltr'><strong>καὶ</strong></span> <span class='ocrx_word' id='word_1_68' title='bbox 619 1047 987 1118; x_wconf 85' lang='grc' dir='ltr'>πεπραγμένα</span> <span class='ocrx_word' id='word_1_69' title='bbox 1038 1047 1284 1119; x_wconf 81' lang='grc' dir='ltr'>σύμϐολα</span> <span class='ocrx_word' id='word_1_70' title='bbox 1347 1052 1663 1124; x_wconf 82' lang='grc' dir='ltr'><strong>μυστηρίων</strong></span> 
     </span>
    </p>
   </div>
   <div class='ocr_carea' id='block_1_11' title="bbox 101 1136 1662 1214">
    <p class='ocr_par' dir='ltr' id='par_1_11' title="bbox 101 1136 1662 1214">
     <span class='ocr_line' id='line_1_11' title="bbox 101 1136 1662 1214; baseline 0.006 -26"><span class='ocrx_word' id='word_1_71' title='bbox 101 1136 383 1201; x_wconf 87' lang='grc' dir='ltr'>θεοσεϐείας</span> <span class='ocrx_word' id='word_1_72' title='bbox 422 1137 614 1206; x_wconf 85' lang='grc' dir='ltr'>άγίων.</span> <span class='ocrx_word' id='word_1_73' title='bbox 663 1139 881 1211; x_wconf 83' lang='grc' dir='ltr'>Ἐπειδὴ</span> <span class='ocrx_word' id='word_1_74' title='bbox 937 1140 1048 1213; x_wconf 78' lang='grc'><strong>(81)</strong></span> <span class='ocrx_word' id='word_1_75' title='bbox 1089 1142 1266 1214; x_wconf 84' lang='grc' dir='ltr'><strong>πάντη</strong></span> <span class='ocrx_word' id='word_1_76' title='bbox 1323 1144 1662 1214; x_wconf 85' lang='grc' dir='ltr'>φράσσεσθαι</span> 
     </span>
    </p>
   </div>
   <div class='ocr_carea' id='block_1_12' title="bbox 98 1232 1665 1311">
    <p class='ocr_par' dir='ltr' id='par_1_12' title="bbox 98 1232 1665 1311">
     <span class='ocr_line' id='line_1_12' title="bbox 98 1232 1665 1311; baseline 0.006 -28"><span class='ocrx_word' id='word_1_77' title='bbox 98 1232 164 1284; x_wconf 78' lang='grc' dir='ltr'>δεῖ</span> <span class='ocrx_word' id='word_1_78' title='bbox 189 1233 305 1295; x_wconf 80' lang='grc' dir='ltr'>τοὺς</span> <span class='ocrx_word' id='word_1_79' title='bbox 349 1233 635 1300; x_wconf 79' lang='grc' dir='ltr'>γενναίους</span> <span class='ocrx_word' id='word_1_80' title='bbox 673 1233 910 1306; x_wconf 78' lang='grc' dir='ltr'>Χριστοῦ</span> <span class='ocrx_word' id='word_1_81' title='bbox 962 1235 1303 1309; x_wconf 80' lang='grc' dir='ltr'>στρατιώτας</span> <span class='ocrx_word' id='word_1_82' title='bbox 1347 1238 1489 1309; x_wconf 82' lang='grc' dir='ltr'>ὑπὲρ</span> <span class='ocrx_word' id='word_1_83' title='bbox 1533 1240 1665 1311; x_wconf 77' lang='grc' dir='ltr'>ἀλη-</span> 
     </span>
    </p>
   </div>
   <div class='ocr_carea' id='block_1_13' title="bbox 102 1324 1664 1403">
    <p class='ocr_par' dir='ltr' id='par_1_13' title="bbox 102 1324 1664 1403">
     <span class='ocr_line' id='line_1_13' title="bbox 102 1324 1664 1403; baseline 0.007 -28"><span class='ocrx_word' id='word_1_84' title='bbox 102 1324 243 1388; x_wconf 76' lang='grc' dir='ltr'>θείας,</span> <span class='ocrx_word' id='word_1_85' title='bbox 273 1325 516 1396; x_wconf 74' lang='grc' dir='ltr'>οὐδαμοῦ</span> <span class='ocrx_word' id='word_1_86' title='bbox 551 1331 696 1384; x_wconf 79' lang='grc' dir='ltr'>κατὰ</span> <span class='ocrx_word' id='word_1_87' title='bbox 725 1329 784 1383; x_wconf 84' lang='grc' dir='ltr'>τὸ</span> <span class='ocrx_word' id='word_1_88' title='bbox 805 1329 1034 1384; x_wconf 84' lang='grc' dir='ltr'>δυνατὸν</span> <span class='ocrx_word' id='word_1_89' title='bbox 1070 1331 1423 1403; x_wconf 85' lang='grc' dir='ltr'>παρείσδυσιν</span> <span class='ocrx_word' id='word_1_90' title='bbox 1456 1331 1664 1396; x_wconf 81' lang='grc' dir='ltr'>ἐῶντας</span> 
     </span>
    </p>
   </div>
   <div class='ocr_carea' id='block_1_14' title="bbox 100 1416 1663 1496">
    <p class='ocr_par' dir='ltr' id='par_1_14' title="bbox 100 1416 1663 1496">
     <span class='ocr_line' id='line_1_14' title="bbox 100 1416 1663 1496; baseline 0.006 -29"><span class='ocrx_word' id='word_1_91' title='bbox 100 1416 390 1483; x_wconf 71' lang='grc' dir='ltr'>ἐγγενέσθαι</span> <span class='ocrx_word' id='word_1_92' title='bbox 444 1423 510 1491; x_wconf 76' lang='grc' dir='ltr'>τῇ</span> <span class='ocrx_word' id='word_1_93' title='bbox 565 1421 676 1474; x_wconf 83' lang='grc' dir='ltr'><strong>ἀπὸ</strong></span> <span class='ocrx_word' id='word_1_94' title='bbox 725 1421 819 1475; x_wconf 90' lang='grc' dir='ltr'><strong>τοῦ</strong></span> <span class='ocrx_word' id='word_1_95' title='bbox 865 1421 1093 1491; x_wconf 75' lang='grc' dir='ltr'>ψεύδους</span> <span class='ocrx_word' id='word_1_96' title='bbox 1135 1423 1480 1494; x_wconf 86' lang='grc' dir='ltr'>πιθανότητι·</span> <span class='ocrx_word' id='word_1_97' title='bbox 1532 1424 1663 1496; x_wconf 76' lang='grc' dir='ltr'>φέρε</span> 
     </span>
    </p>
   </div>
   <div class='ocr_carea' id='block_1_15' title="bbox 102 1508 1663 1589">
    <p class='ocr_par' dir='ltr' id='par_1_15' title="bbox 102 1508 1663 1589">
     <span class='ocr_line' id='line_1_15' title="bbox 102 1508 1663 1589; baseline 0.008 -32"><span class='ocrx_word' id='word_1_98' title='bbox 102 1508 178 1558; x_wconf 65' lang='grc' dir='ltr'><strong>καὶ</strong></span> <span class='ocrx_word' id='word_1_99' title='bbox 231 1508 402 1562; x_wconf 78' lang='grc' dir='ltr'>ταῦτα</span> <span class='ocrx_word' id='word_1_100' title='bbox 461 1513 846 1584; x_wconf 78' lang='grc' dir='ltr'>σκοπήσωμεν.</span> <span class='ocrx_word' id='word_1_101' title='bbox 903 1514 1055 1586; x_wconf 85' lang='grc' dir='ltr'>Τάχα</span> <span class='ocrx_word' id='word_1_102' title='bbox 1105 1515 1215 1585; x_wconf 79' lang='grc' dir='ltr'>γὰρ</span> <span class='ocrx_word' id='word_1_103' title='bbox 1270 1519 1499 1587; x_wconf 75' lang='grc' dir='ltr'>φήσουσι</span> <span class='ocrx_word' id='word_1_104' title='bbox 1565 1517 1663 1589; x_wconf 83' lang='grc' dir='ltr'>τὴν</span> 
     </span>
    </p>
   </div>
   <div class='ocr_carea' id='block_1_16' title="bbox 104 1596 1660 1677">
    <p class='ocr_par' dir='ltr' id='par_1_16' title="bbox 104 1596 1660 1677">
     <span class='ocr_line' id='line_1_16' title="bbox 104 1596 1660 1677; baseline 0.01 -31"><span class='ocrx_word' id='word_1_105' title='bbox 104 1596 344 1667; x_wconf 81' lang='grc' dir='ltr'>προτέραν</span> <span class='ocrx_word' id='word_1_106' title='bbox 392 1599 641 1654; x_wconf 79' lang='grc' dir='ltr'>Ἰωάννου</span> <span class='ocrx_word' id='word_1_107' title='bbox 685 1604 812 1675; x_wconf 68' lang='grc' dir='ltr'><strong>περὶ¹</strong></span> <span class='ocrx_word' id='word_1_108' title='bbox 855 1606 1096 1677; x_wconf 80' lang='grc' dir='ltr'>Χριστοῦ</span> <span class='ocrx_word' id='word_1_109' title='bbox 1147 1607 1454 1677; x_wconf 78' lang='grc' dir='ltr'>μαρτυρίαν</span> <span class='ocrx_word' id='word_1_110' title='bbox 1490 1603 1660 1662; x_wconf 76' lang='grc' dir='ltr'>εἶναι·</span> 
     </span>
    </p>
   </div>
   <div class='ocr_carea' id='block_1_17' title="bbox 106 1689 1661 1769">
    <p class='ocr_par' dir='ltr' id='par_1_17' title="bbox 106 1689 1661 1769">
     <span class='ocr_line' id='line_1_17' title="bbox 106 1689 1661 1769; baseline 0.011 -32"><span class='ocrx_word' id='word_1_111' title='bbox 106 1706 120 1736; x_wconf 78' lang='lat' dir='ltr'><strong>t</strong></span> <span class='ocrx_word' id='word_1_112' title='bbox 160 1689 211 1740; x_wconf 87' lang='lat'><strong>&#39;0</strong></span> <span class='ocrx_word' id='word_1_113' title='bbox 238 1689 413 1742; x_wconf 82' lang='grc' dir='ltr'>ὀπίσω</span> <span class='ocrx_word' id='word_1_114' title='bbox 453 1709 554 1762; x_wconf 91' lang='grc' dir='ltr'><strong>μου</strong></span> <span class='ocrx_word' id='word_1_115' title='bbox 595 1694 892 1766; x_wconf 75' lang='grc' dir='ltr'>ἐρχόμενος</span> <span class='ocrx_word' id='word_1_116' title='bbox 920 1696 1230 1768; x_wconf 79' lang='grc' dir='ltr'>ἔμπροσθέν</span> <span class='ocrx_word' id='word_1_117' title='bbox 1265 1715 1365 1769; x_wconf 92' lang='grc' dir='ltr'><strong>μου</strong></span> <span class='ocrx_word' id='word_1_118' title='bbox 1399 1699 1621 1768; x_wconf 82' lang='grc' dir='ltr'>γέγονεν</span> <span class='ocrx_word' id='word_1_119' title='bbox 1646 1741 1661 1765; x_wconf 90' lang='grc'><strong>,</strong></span> 
     </span>
    </p>
   </div>
   <div class='ocr_carea' id='block_1_18' title="bbox 102 1782 1662 1864">
    <p class='ocr_par' dir='ltr' id='par_1_18' title="bbox 102 1782 1662 1864">
     <span class='ocr_line' id='line_1_18' title="bbox 102 1782 1662 1864; baseline 0.008 -31"><span class='ocrx_word' id='word_1_120' title='bbox 102 1782 170 1833; x_wconf 80' lang='grc' dir='ltr'>ὃτι</span> <span class='ocrx_word' id='word_1_121' title='bbox 213 1783 424 1853; x_wconf 83' lang='grc' dir='ltr'>πρῶτός</span> <span class='ocrx_word' id='word_1_122' title='bbox 461 1802 562 1855; x_wconf 89' lang='grc' dir='ltr'><strong>μου</strong></span> <span class='ocrx_word' id='word_1_123' title='bbox 591 1782 679 1857; x_wconf 75' lang='grc' dir='ltr'><strong>ἦν·</strong></span> <span class='ocrx_word' id='word_1_124' title='bbox 713 1807 732 1839; x_wconf 73' lang='grc' dir='ltr'><strong>ι</strong></span> <span class='ocrx_word' id='word_1_125' title='bbox 787 1790 849 1842; x_wconf 87' lang='grc' dir='ltr'><strong>τὺ</strong></span> <span class='ocrx_word' id='word_1_126' title='bbox 885 1789 964 1854; x_wconf 83' lang='grc' dir='ltr'>δὲ,</span> <span class='ocrx_word' id='word_1_127' title='bbox 1006 1810 1026 1840; x_wconf 83' lang='grc'><em>‹</em></span> <span class='ocrx_word' id='word_1_128' title='bbox 1056 1791 1178 1844; x_wconf 76' lang='grc' dir='ltr'>Ὀτι</span> <span class='ocrx_word' id='word_1_129' title='bbox 1218 1792 1282 1843; x_wconf 82' lang='grc' dir='ltr'>ὲκ</span> <span class='ocrx_word' id='word_1_130' title='bbox 1312 1791 1406 1844; x_wconf 88' lang='grc' dir='ltr'><strong>τοῦ</strong></span> <span class='ocrx_word' id='word_1_131' title='bbox 1439 1790 1662 1864; x_wconf 87' lang='grc' dir='ltr'>πληρώ-</span> 
     </span>
    </p>
   </div>
   <div class='ocr_carea' id='block_1_19' title="bbox 105 1877 1661 1956">
    <p class='ocr_par' dir='ltr' id='par_1_19' title="bbox 105 1877 1661 1956">
     <span class='ocr_line' id='line_1_19' title="bbox 105 1877 1661 1956; baseline 0.009 -31"><span class='ocrx_word' id='word_1_132' title='bbox 105 1892 246 1943; x_wconf 79' lang='grc' dir='ltr'>ματος</span> <span class='ocrx_word' id='word_1_133' title='bbox 271 1877 440 1929; x_wconf 81' lang='grc' dir='ltr'>αὑτοῦ</span> <span class='ocrx_word' id='word_1_134' title='bbox 475 1880 635 1948; x_wconf 79' lang='grc' dir='ltr'>ἡμεῖς</span> <span class='ocrx_word' id='word_1_135' title='bbox 665 1879 866 1944; x_wconf 85' lang='grc' dir='ltr'>πάντες</span> <span class='ocrx_word' id='word_1_136' title='bbox 900 1880 1188 1954; x_wconf 78' lang='grc' dir='ltr'>ἐλάϐομεν,</span> <span class='ocrx_word' id='word_1_137' title='bbox 1218 1883 1312 1937; x_wconf 74' lang='grc' dir='ltr'>καὶ</span> <span class='ocrx_word' id='word_1_138' title='bbox 1347 1884 1506 1956; x_wconf 85' lang='grc' dir='ltr'>χάριν</span> <span class='ocrx_word' id='word_1_139' title='bbox 1541 1886 1661 1940; x_wconf 82' lang='grc' dir='ltr'>ἀντὶ</span> 
     </span>
    </p>
   </div>
   <div class='ocr_carea' id='block_1_20' title="bbox 104 1968 1660 2044">
    <p class='ocr_par' dir='ltr' id='par_1_20' title="bbox 104 1968 1660 2044">
     <span class='ocr_line' id='line_1_20' title="bbox 104 1968 1660 2044; baseline 0.008 -26"><span class='ocrx_word' id='word_1_140' title='bbox 104 1968 316 2040; x_wconf 72' lang='grc' dir='ltr'>χάριτος,</span> <span class='ocrx_word' id='word_1_141' title='bbox 341 1969 475 2022; x_wconf 74' lang='grc' dir='ltr'>»καὶ</span> <span class='ocrx_word' id='word_1_142' title='bbox 512 1969 581 2022; x_wconf 78' lang='grc' dir='ltr'>τὰ</span> <span class='ocrx_word' id='word_1_143' title='bbox 616 1971 767 2041; x_wconf 80' lang='grc' dir='ltr'>ἑξῆς,</span> <span class='ocrx_word' id='word_1_144' title='bbox 821 1972 1070 2044; x_wconf 75' lang='grc' dir='ltr'>εἰρῆσθαι</span> <span class='ocrx_word' id='word_1_145' title='bbox 1121 1976 1186 2028; x_wconf 86' lang='grc' dir='ltr'>ὲκ</span> <span class='ocrx_word' id='word_1_146' title='bbox 1227 1973 1521 2044; x_wconf 87' lang='grc' dir='ltr'>προσώπου</span> <span class='ocrx_word' id='word_1_147' title='bbox 1566 1975 1660 2030; x_wconf 89' lang='grc' dir='ltr'><strong>τοῦ</strong></span> 
     </span>
    </p>
   </div>
   <div class='ocr_carea' id='block_1_21' title="bbox 107 2058 1663 2137">
    <p class='ocr_par' dir='ltr' id='par_1_21' title="bbox 107 2058 1663 2137">
     <span class='ocr_line' id='line_1_21' title="bbox 107 2058 1663 2137; baseline 0.007 -27"><span class='ocrx_word' id='word_1_148' title='bbox 107 2058 337 2129; x_wconf 76' lang='grc' dir='ltr'>μαθητοῦ.</span> <span class='ocrx_word' id='word_1_149' title='bbox 402 2061 726 2131; x_wconf 82' lang='grc' dir='ltr'>Ἀναγκαῖον</span> <span class='ocrx_word' id='word_1_150' title='bbox 773 2063 831 2118; x_wconf 83' lang='grc' dir='ltr'>δὲ</span> <span class='ocrx_word' id='word_1_151' title='bbox 892 2067 988 2119; x_wconf 74' lang='grc' dir='ltr'>καὶ</span> <span class='ocrx_word' id='word_1_152' title='bbox 1048 2064 1221 2132; x_wconf 76' lang='grc' dir='ltr'>οὕτως</span> <span class='ocrx_word' id='word_1_153' title='bbox 1270 2065 1539 2137; x_wconf 81' lang='grc' dir='ltr'>διελέγξαι</span> <span class='ocrx_word' id='word_1_154' title='bbox 1586 2068 1663 2132; x_wconf 85' lang='grc' dir='ltr'>ὼς</span> 
     </span>
    </p>
   </div>
   <div class='ocr_carea' id='block_1_22' title="bbox 107 2149 1664 2232">
    <p class='ocr_par' dir='ltr' id='par_1_22' title="bbox 107 2149 1664 2232">
     <span class='ocr_line' id='line_1_22' title="bbox 107 2149 1664 2232; baseline 0.008 -30"><span class='ocrx_word' id='word_1_155' title='bbox 107 2149 448 2224; x_wconf 79' lang='grc' dir='ltr'>βεϐιασμένην</span> <span class='ocrx_word' id='word_1_156' title='bbox 505 2155 600 2209; x_wconf 76' lang='grc' dir='ltr'><strong>καὶ</strong></span> <span class='ocrx_word' id='word_1_157' title='bbox 653 2156 1015 2213; x_wconf 81' lang='grc' dir='ltr'>ἀνακόλουθον</span> <span class='ocrx_word' id='word_1_158' title='bbox 1065 2158 1164 2231; x_wconf 84' lang='grc' dir='ltr'>τὴν</span> <span class='ocrx_word' id='word_1_159' title='bbox 1223 2159 1450 2232; x_wconf 84' lang='grc' dir='ltr'>ὲκδοχήν</span> <span class='ocrx_word' id='word_1_160' title='bbox 1485 2178 1500 2193; x_wconf 77' lang='grc' dir='ltr'>σ</span> <span class='ocrx_word' id='word_1_161' title='bbox 1559 2161 1664 2215; x_wconf 85' lang='grc' dir='ltr'>πά·</span> 
     </span>
    </p>
   </div>
   <div class='ocr_carea' id='block_1_23' title="bbox 102 2244 1664 2320">
    <p class='ocr_par' dir='ltr' id='par_1_23' title="bbox 102 2244 1664 2320">
     <span class='ocr_line' id='line_1_23' title="bbox 102 2244 1664 2320; baseline 0.006 -26"><span class='ocrx_word' id='word_1_162' title='bbox 102 2262 154 2295; x_wconf 75' lang='grc' dir='ltr'><strong>γυ</strong></span> <span class='ocrx_word' id='word_1_163' title='bbox 200 2244 301 2317; x_wconf 77' lang='grc' dir='ltr'><strong>γὰρ</strong></span> <span class='ocrx_word' id='word_1_164' title='bbox 360 2245 535 2314; x_wconf 84' lang='grc' dir='ltr'>βίαιον</span> <span class='ocrx_word' id='word_1_165' title='bbox 569 2248 631 2301; x_wconf 78' lang='grc' dir='ltr'>τὸ</span> <span class='ocrx_word' id='word_1_166' title='bbox 687 2247 896 2303; x_wconf 80' lang='grc' dir='ltr'>οἴεσθαι</span> <span class='ocrx_word' id='word_1_167' title='bbox 961 2251 1224 2320; x_wconf 79' lang='grc' dir='ltr'>αἰφνίδιον</span> <span class='ocrx_word' id='word_1_168' title='bbox 1291 2253 1455 2306; x_wconf 74' lang='grc' dir='ltr'>οἱονεὶ</span> <span class='ocrx_word' id='word_1_169' title='bbox 1507 2253 1664 2306; x_wconf 78' lang='grc' dir='ltr'>ἀκαί-</span> 
     </span>
    </p>
   </div>
   <div class='ocr_carea' id='block_1_24' title="bbox 107 2336 1664 2412">
    <p class='ocr_par' dir='ltr' id='par_1_24' title="bbox 107 2336 1664 2412">
     <span class='ocr_line' id='line_1_24' title="bbox 107 2336 1664 2412; baseline 0.003 -21"><span class='ocrx_word' id='word_1_170' title='bbox 107 2350 194 2398; x_wconf 74' lang='grc' dir='ltr'><strong>ρως</strong></span> <span class='ocrx_word' id='word_1_171' title='bbox 243 2336 634 2392; x_wconf 86' lang='grc' dir='ltr'>διακόπτεσθαι</span> <span class='ocrx_word' id='word_1_172' title='bbox 688 2340 780 2394; x_wconf 75' lang='grc' dir='ltr'>τὸν</span> <span class='ocrx_word' id='word_1_173' title='bbox 831 2341 924 2394; x_wconf 90' lang='grc' dir='ltr'><strong>τοῦ</strong></span> <span class='ocrx_word' id='word_1_174' title='bbox 984 2341 1290 2396; x_wconf 87' lang='grc' dir='ltr'>Βαπτιστοῦ</span> <span class='ocrx_word' id='word_1_175' title='bbox 1351 2342 1507 2412; x_wconf 88' lang='grc' dir='ltr'>λόγον</span> <span class='ocrx_word' id='word_1_176' title='bbox 1559 2343 1664 2396; x_wconf 78' lang='grc' dir='ltr'><strong>ὑπὸ</strong></span> 
     </span>
    </p>
   </div>
   <div class='ocr_carea' id='block_1_25' title="bbox 100 2427 1664 2506">
    <p class='ocr_par' dir='ltr' id='par_1_25' title="bbox 100 2427 1664 2506">
     <span class='ocr_line' id='line_1_25' title="bbox 100 2427 1664 2506; baseline 0.007 -28"><span class='ocrx_word' id='word_1_177' title='bbox 100 2427 177 2478; x_wconf 84' lang='grc' dir='ltr'><strong>τοῦ</strong></span> <span class='ocrx_word' id='word_1_178' title='bbox 227 2427 384 2497; x_wconf 80' lang='grc' dir='ltr'>λόγου</span> <span class='ocrx_word' id='word_1_179' title='bbox 439 2429 537 2484; x_wconf 90' lang='grc' dir='ltr'><strong>τοῦ</strong></span> <span class='ocrx_word' id='word_1_180' title='bbox 611 2431 891 2505; x_wconf 81' lang='grc' dir='ltr'>μαθητοῦ,</span> <span class='ocrx_word' id='word_1_181' title='bbox 955 2436 1050 2489; x_wconf 69' lang='grc' dir='ltr'>καὶ</span> <span class='ocrx_word' id='word_1_182' title='bbox 1103 2437 1265 2488; x_wconf 76' lang='grc' dir='ltr'>παντὶ</span> <span class='ocrx_word' id='word_1_183' title='bbox 1309 2434 1386 2506; x_wconf 81' lang='grc' dir='ltr'>τῷ</span> <span class='ocrx_word' id='word_1_184' title='bbox 1429 2437 1523 2491; x_wconf 75' lang='grc' dir='ltr'>καὶ</span> <span class='ocrx_word' id='word_1_185' title='bbox 1571 2437 1664 2490; x_wconf 76' lang='grc' dir='ltr'><strong>ἐπὶ</strong></span> 
     </span>
    </p>
   </div>
   <div class='ocr_carea' id='block_1_26' title="bbox 101 2521 1662 2600">
    <p class='ocr_par' dir='ltr' id='par_1_26' title="bbox 101 2521 1662 2600">
     <span class='ocr_line' id='line_1_26' title="bbox 101 2521 1662 2600; baseline 0.009 -30"><span class='ocrx_word' id='word_1_186' title='bbox 101 2521 240 2572; x_wconf 76' lang='grc' dir='ltr'>ποσὸν</span> <span class='ocrx_word' id='word_1_187' title='bbox 311 2524 537 2578; x_wconf 80' lang='grc' dir='ltr'>ἀκούειν</span> <span class='ocrx_word' id='word_1_188' title='bbox 618 2527 984 2599; x_wconf 85' lang='grc' dir='ltr'>συμφράσεως</span> <span class='ocrx_word' id='word_1_189' title='bbox 1057 2528 1366 2600; x_wconf 84' lang='grc' dir='ltr'>λεγομένων</span> <span class='ocrx_word' id='word_1_190' title='bbox 1433 2530 1662 2584; x_wconf 78' lang='grc' dir='ltr'>ἐπιστα-</span> 
     </span>
    </p>
   </div>
   <div class='ocr_carea' id='block_1_27' title="bbox 100 2612 1665 2691">
    <p class='ocr_par' dir='ltr' id='par_1_27' title="bbox 100 2612 1665 2691">
     <span class='ocr_line' id='line_1_27' title="bbox 100 2612 1665 2691; baseline 0.008 -27"><span class='ocrx_word' id='word_1_191' title='bbox 100 2612 222 2682; x_wconf 81' lang='grc' dir='ltr'>μένῳ</span> <span class='ocrx_word' id='word_1_192' title='bbox 281 2616 455 2684; x_wconf 77' lang='grc' dir='ltr'>σαφὲς</span> <span class='ocrx_word' id='word_1_193' title='bbox 502 2616 564 2671; x_wconf 82' lang='grc' dir='ltr'>τὸ</span> <span class='ocrx_word' id='word_1_194' title='bbox 602 2617 698 2671; x_wconf 90' lang='grc' dir='ltr'><strong>τοῦ</strong></span> <span class='ocrx_word' id='word_1_195' title='bbox 758 2617 951 2691; x_wconf 88' lang='grc' dir='ltr'>είρμοῦ</span> <span class='ocrx_word' id='word_1_196' title='bbox 1005 2619 1108 2690; x_wconf 83' lang='grc' dir='ltr'>τῆς</span> <span class='ocrx_word' id='word_1_197' title='bbox 1156 2619 1388 2686; x_wconf 82' lang='grc' dir='ltr'>λέξεως·</span> <span class='ocrx_word' id='word_1_198' title='bbox 1436 2641 1454 2672; x_wconf 75' lang='lat' dir='ltr'><strong>t</strong></span> <span class='ocrx_word' id='word_1_199' title='bbox 1497 2617 1665 2686; x_wconf 73' lang='grc' dir='ltr'>Οὗτος</span> 
     </span>
    </p>
   </div>
   <div class='ocr_carea' id='block_1_28' title="bbox 97 2697 1663 2784">
    <p class='ocr_par' dir='ltr' id='par_1_28' title="bbox 97 2697 1663 2784">
     <span class='ocr_line' id='line_1_28' title="bbox 97 2697 1663 2784; baseline 0.009 -31"><span class='ocrx_word' id='word_1_200' title='bbox 97 2697 151 2769; x_wconf 77' lang='grc' dir='ltr'>ἦν</span> <span class='ocrx_word' id='word_1_201' title='bbox 174 2702 228 2756; x_wconf 78' lang='grc' dir='ltr'>ὃν</span> <span class='ocrx_word' id='word_1_202' title='bbox 251 2701 434 2759; x_wconf 73' lang='grc' dir='ltr'>εἷπονο</span> <span class='ocrx_word' id='word_1_203' title='bbox 462 2707 706 2763; x_wconf 82' lang='grc' dir='ltr'>Ὀόπίσω</span> <span class='ocrx_word' id='word_1_204' title='bbox 720 2725 819 2779; x_wconf 90' lang='grc' dir='ltr'><strong>μου</strong></span> <span class='ocrx_word' id='word_1_205' title='bbox 864 2710 1158 2783; x_wconf 74' lang='grc' dir='ltr'>ἐρχόμενος</span> <span class='ocrx_word' id='word_1_206' title='bbox 1210 2711 1521 2784; x_wconf 78' lang='grc' dir='ltr'>ἔμπροσθέν</span> <span class='ocrx_word' id='word_1_207' title='bbox 1562 2731 1663 2784; x_wconf 88' lang='grc' dir='ltr'><strong>μου</strong></span> 
     </span>
    </p>
   </div>
   <div class='ocr_carea' id='block_1_29' title="bbox 97 2796 1663 2876">
    <p class='ocr_par' dir='ltr' id='par_1_29' title="bbox 97 2796 1663 2876">
     <span class='ocr_line' id='line_1_29' title="bbox 97 2796 1663 2876; baseline 0.01 -29"><span class='ocrx_word' id='word_1_208' title='bbox 97 2796 308 2864; x_wconf 72' lang='grc' dir='ltr'>γέγονεν,</span> <span class='ocrx_word' id='word_1_209' title='bbox 360 2800 444 2853; x_wconf 76' lang='grc' dir='ltr'>ὅτι</span> <span class='ocrx_word' id='word_1_210' title='bbox 500 2801 717 2874; x_wconf 85' lang='grc' dir='ltr'>πρῶτός</span> <span class='ocrx_word' id='word_1_211' title='bbox 755 2820 856 2874; x_wconf 88' lang='grc' dir='ltr'><strong>μου</strong></span> <span class='ocrx_word' id='word_1_212' title='bbox 885 2798 974 2876; x_wconf 77' lang='grc' dir='ltr'>ἧν.</span> <span class='ocrx_word' id='word_1_213' title='bbox 1015 2823 1036 2858; x_wconf 73' lang='grc' dir='ltr'><strong>ι</strong></span> <span class='ocrx_word' id='word_1_214' title='bbox 1087 2805 1338 2860; x_wconf 83' lang='grc' dir='ltr'>Διδάσκει</span> <span class='ocrx_word' id='word_1_215' title='bbox 1377 2807 1434 2860; x_wconf 85' lang='grc' dir='ltr'>δὲ</span> <span class='ocrx_word' id='word_1_216' title='bbox 1481 2808 1510 2860; x_wconf 81' lang='grc' dir='ltr'>ὁ</span> <span class='ocrx_word' id='word_1_217' title='bbox 1554 2807 1663 2861; x_wconf 87' lang='grc' dir='ltr'><strong>Βα-</strong></span> 
     </span>
    </p>
   </div>
   <div class='ocr_carea' id='block_1_30' title="bbox 97 2891 1666 2974">
    <p class='ocr_par' dir='ltr' id='par_1_30' title="bbox 97 2891 1666 2974">
     <span class='ocr_line' id='line_1_30' title="bbox 97 2891 1666 2974; baseline 0.01 -35"><span class='ocrx_word' id='word_1_218' title='bbox 97 2891 298 2961; x_wconf 77' lang='grc' dir='ltr'>πτιστὴς</span> <span class='ocrx_word' id='word_1_219' title='bbox 322 2891 444 2956; x_wconf 76' lang='grc' dir='ltr'><strong>πῶς</strong></span> <span class='ocrx_word' id='word_1_220' title='bbox 485 2893 796 2966; x_wconf 73' lang='grc' dir='ltr'>ἔμπροσθεν</span> <span class='ocrx_word' id='word_1_221' title='bbox 824 2896 991 2951; x_wconf 80' lang='grc' dir='ltr'>αὑτοῦ</span> <span class='ocrx_word' id='word_1_222' title='bbox 1039 2898 1264 2966; x_wconf 85' lang='grc' dir='ltr'>γέγονεν</span> <span class='ocrx_word' id='word_1_223' title='bbox 1307 2899 1538 2970; x_wconf 88' lang='grc' dir='ltr'>Ἰησοῦς,</span> <span class='ocrx_word' id='word_1_224' title='bbox 1587 2901 1666 2974; x_wconf 82' lang='grc' dir='ltr'><strong>τῷ</strong></span> 
     </span>
    </p>
   </div>
   <div class='ocr_carea' id='block_1_31' title="bbox 95 2980 1661 3062">
    <p class='ocr_par' dir='ltr' id='par_1_31' title="bbox 95 2980 1661 3062">
     <span class='ocr_line' id='line_1_31' title="bbox 95 2980 1661 3062; baseline 0.015 -32"><span class='ocrx_word' id='word_1_225' title='bbox 95 2980 283 3051; x_wconf 77' lang='grc' dir='ltr'>πρῶτος</span> <span class='ocrx_word' id='word_1_226' title='bbox 308 2985 504 3050; x_wconf 74' lang='grc' dir='ltr'>αὑτοῦ,</span> <span class='ocrx_word' id='word_1_227' title='bbox 550 2987 674 3040; x_wconf 77' lang='grc' dir='ltr'>ἐπεὶ</span> <span class='ocrx_word' id='word_1_228' title='bbox 711 3007 728 3038; x_wconf 85' lang='grc'>‹</span> <span class='ocrx_word' id='word_1_229' title='bbox 766 2989 1112 3060; x_wconf 86' lang='grc' dir='ltr'>πρωτότοκος</span> <span class='ocrx_word' id='word_1_230' title='bbox 1144 2991 1323 3062; x_wconf 86' lang='grc' dir='ltr'>πάσης</span> <span class='ocrx_word' id='word_1_231' title='bbox 1355 2992 1606 3057; x_wconf 76' lang='grc' dir='ltr'>κτίσεως,</span> <span class='ocrx_word' id='word_1_232' title='bbox 1640 3013 1661 3046; x_wconf 70' lang='grc' dir='ltr'>ι</span> 
     </span>
    </p>
   </div>
   <div class='ocr_carea' id='block_1_32' title="bbox 96 3067 1666 3152">
    <p class='ocr_par' dir='ltr' id='par_1_32' title="bbox 96 3067 1666 3152">
     <span class='ocr_line' id='line_1_32' title="bbox 96 3067 1666 3152; baseline 0.009 -31"><span class='ocrx_word' id='word_1_233' title='bbox 96 3067 232 3138; x_wconf 71' lang='grc' dir='ltr'>εἶναι,</span> <span class='ocrx_word' id='word_1_234' title='bbox 255 3073 344 3128; x_wconf 82' lang='grc' dir='ltr'>διὰ</span> <span class='ocrx_word' id='word_1_235' title='bbox 368 3073 491 3139; x_wconf 88' lang='grc' dir='ltr'>τοῦ,</span> <span class='ocrx_word' id='word_1_236' title='bbox 523 3094 542 3126; x_wconf 78' lang='lat' dir='ltr'><strong>t</strong></span> <span class='ocrx_word' id='word_1_237' title='bbox 567 3076 690 3130; x_wconf 81' lang='grc' dir='ltr'><strong>Ὀτι</strong></span> <span class='ocrx_word' id='word_1_238' title='bbox 719 3079 784 3130; x_wconf 82' lang='grc' dir='ltr'>ὲκ</span> <span class='ocrx_word' id='word_1_239' title='bbox 811 3076 907 3131; x_wconf 84' lang='grc' dir='ltr'><strong>τοῦ</strong></span> <span class='ocrx_word' id='word_1_240' title='bbox 928 3077 1294 3151; x_wconf 83' lang='grc' dir='ltr'>πληρώματος</span> <span class='ocrx_word' id='word_1_241' title='bbox 1320 3079 1484 3134; x_wconf 79' lang='grc' dir='ltr'>αὑτοῦ</span> <span class='ocrx_word' id='word_1_242' title='bbox 1505 3082 1666 3152; x_wconf 76' lang='grc' dir='ltr'>ἡμεῖς</span> 
     </span>
    </p>
   </div>
   <div class='ocr_carea' id='block_1_33' title="bbox 1768 587 3348 661">
    <p class='ocr_par' dir='ltr' id='par_1_33' title="bbox 1768 587 3348 661">
     <span class='ocr_line' id='line_1_33' title="bbox 1768 587 3348 661; baseline 0.006 -24"><span class='ocrx_word' id='word_1_243' title='bbox 1768 597 2032 655; x_wconf 90' lang='lat' dir='ltr'><strong>quantum</strong></span> <span class='ocrx_word' id='word_1_244' title='bbox 2069 601 2134 641; x_wconf 82' lang='lat' dir='ltr'><strong>ex</strong></span> <span class='ocrx_word' id='word_1_245' title='bbox 2177 587 2417 657; x_wconf 80' lang='lat' dir='ltr'><strong>ipsorum</strong></span> <span class='ocrx_word' id='word_1_246' title='bbox 2467 587 2652 642; x_wconf 76' lang='lat' dir='ltr'><strong>verbis</strong></span> <span class='ocrx_word' id='word_1_247' title='bbox 2698 588 3030 658; x_wconf 83' lang='lat' dir='ltr'><strong>percipimus</strong></span> <span class='ocrx_word' id='word_1_248' title='bbox 3060 633 3074 657; x_wconf 94' lang='lat'><strong>,</strong></span> <span class='ocrx_word' id='word_1_249' title='bbox 3126 605 3348 661; x_wconf 77' lang='lat' dir='ltr'><strong>propter</strong></span> 
     </span>
    </p>
   </div>
   <div class='ocr_carea' id='block_1_34' title="bbox 1767 678 3347 751">
    <p class='ocr_par' dir='ltr' id='par_1_34' title="bbox 1767 678 3347 751">
     <span class='ocr_line' id='line_1_34' title="bbox 1767 678 3347 751; baseline 0.004 -19"><span class='ocrx_word' id='word_1_250' title='bbox 1767 678 2017 747; x_wconf 81' lang='lat' dir='ltr'><strong>dogmata</strong></span> <span class='ocrx_word' id='word_1_251' title='bbox 2049 693 2170 748; x_wconf 66' lang='lat' dir='ltr'><strong>qua:</strong></span> <span class='ocrx_word' id='word_1_252' title='bbox 2198 678 2470 748; x_wconf 78' lang='lat' dir='ltr'><strong>explicatu</strong></span> <span class='ocrx_word' id='word_1_253' title='bbox 2506 679 2744 733; x_wconf 79' lang='lat' dir='ltr'><strong>difﬁcilia</strong></span> <span class='ocrx_word' id='word_1_254' title='bbox 2783 691 2933 744; x_wconf 89' lang='lat' dir='ltr'><strong>sunt,</strong></span> <span class='ocrx_word' id='word_1_255' title='bbox 2967 684 3261 751; x_wconf 80' lang='lat' dir='ltr'><strong>prophetas</strong></span> <span class='ocrx_word' id='word_1_256' title='bbox 3285 700 3347 738; x_wconf 89' lang='lat' dir='ltr'><strong>ac</strong></span> 
     </span>
    </p>
   </div>
   <div class='ocr_carea' id='block_1_35' title="bbox 1769 771 3356 844">
    <p class='ocr_par' dir='ltr' id='par_1_35' title="bbox 1769 771 3356 844">
     <span class='ocr_line' id='line_1_35' title="bbox 1769 771 3356 844; baseline 0.001 -18"><span class='ocrx_word' id='word_1_257' title='bbox 1769 772 1958 828; x_wconf 91' lang='lat' dir='ltr'><strong>Patres</strong></span> <span class='ocrx_word' id='word_1_258' title='bbox 2004 773 2146 827; x_wconf 91' lang='lat' dir='ltr'><strong>dono</strong></span> <span class='ocrx_word' id='word_1_259' title='bbox 2199 771 2522 826; x_wconf 88' lang='lat' dir='ltr'><strong>defraudant</strong></span> <span class='ocrx_word' id='word_1_260' title='bbox 2557 776 2701 844; x_wconf 89' lang='lat' dir='ltr'><strong>quod</strong></span> <span class='ocrx_word' id='word_1_261' title='bbox 2741 773 2844 828; x_wconf 86' lang='lat' dir='ltr'><strong>illis</strong></span> <span class='ocrx_word' id='word_1_262' title='bbox 2877 791 2906 828; x_wconf 92' lang='lat' dir='ltr'><strong>a</strong></span> <span class='ocrx_word' id='word_1_263' title='bbox 2938 775 3045 829; x_wconf 84' lang='lat' dir='ltr'><strong>Deo</strong></span> <span class='ocrx_word' id='word_1_264' title='bbox 3089 775 3356 830; x_wconf 79' lang='lat' dir='ltr'><strong>donatum-</strong></span> 
     </span>
    </p>
   </div>
   <div class='ocr_carea' id='block_1_36' title="bbox 1769 863 3413 934">
    <p class='ocr_par' dir='ltr' id='par_1_36' title="bbox 1769 863 3413 934">
     <span class='ocr_line' id='line_1_36' title="bbox 1769 863 3413 934; baseline 0.001 -16"><span class='ocrx_word' id='word_1_265' title='bbox 1769 863 1947 919; x_wconf 90' lang='lat' dir='ltr'><strong>fuerat</strong></span> <span class='ocrx_word' id='word_1_266' title='bbox 1971 880 2066 934; x_wconf 88' lang='lat' dir='ltr'><strong>per</strong></span> <span class='ocrx_word' id='word_1_267' title='bbox 2095 863 2394 928; x_wconf 90' lang='lat' dir='ltr'><strong>Christum,</strong></span> <span class='ocrx_word' id='word_1_268' title='bbox 2431 880 2528 934; x_wconf 89' lang='lat' dir='ltr'><strong>per</strong></span> <span class='ocrx_word' id='word_1_269' title='bbox 2551 880 2708 934; x_wconf 85' lang='lat' dir='ltr'><strong>quem</strong></span> <span class='ocrx_word' id='word_1_270' title='bbox 2732 867 2914 921; x_wconf 88' lang='lat' dir='ltr'><strong>omnia</strong></span> <span class='ocrx_word' id='word_1_271' title='bbox 2943 865 3243 920; x_wconf 69' lang='lat' dir='ltr'><strong>facta&#39;suut</strong></span> <span class='ocrx_word' id='word_1_272' title='bbox 3266 867 3345 932; x_wconf 55' lang='grc' dir='ltr'><strong>’ξς</strong></span> <span class='ocrx_word' id='word_1_273' title='bbox 3396 873 3413 889; x_wconf 83' lang='lat'><strong>‘</strong></span> 
     </span>
    </p>
   </div>
   <div class='ocr_carea' id='block_1_37' title="bbox 1768 956 3350 1028">
    <p class='ocr_par' dir='ltr' id='par_1_37' title="bbox 1768 956 3350 1028">
     <span class='ocr_line' id='line_1_37' title="bbox 1768 956 3350 1028; baseline 0.001 -18"><span class='ocrx_word' id='word_1_274' title='bbox 1768 972 1892 1010; x_wconf 88' lang='lat' dir='ltr'><strong>nam</strong></span> <span class='ocrx_word' id='word_1_275' title='bbox 1925 957 1968 1010; x_wconf 88' lang='lat' dir='ltr'><strong>si</strong></span> <span class='ocrx_word' id='word_1_276' title='bbox 2001 956 2206 1020; x_wconf 89' lang='lat' dir='ltr'><strong>omnia,</strong></span> <span class='ocrx_word' id='word_1_277' title='bbox 2237 956 2582 1027; x_wconf 89' lang='lat' dir='ltr'><strong>perspicuum</strong></span> <span class='ocrx_word' id='word_1_278' title='bbox 2613 959 2776 1011; x_wconf 90' lang='lat' dir='ltr'><strong>etiam</strong></span> <span class='ocrx_word' id='word_1_279' title='bbox 2815 967 2918 1026; x_wconf 91' lang='lat' dir='ltr'><strong>est,</strong></span> <span class='ocrx_word' id='word_1_280' title='bbox 2952 974 3071 1028; x_wconf 66' lang='lat' dir='ltr'><strong>quae</strong></span> <span class='ocrx_word' id='word_1_281' title='bbox 3108 957 3217 1012; x_wconf 85' lang='lat' dir='ltr'><strong>illis</strong></span> <span class='ocrx_word' id='word_1_282' title='bbox 3258 972 3350 1012; x_wconf 82' lang='lat' dir='ltr'><strong>re-</strong></span> 
     </span>
    </p>
   </div>
   <div class='ocr_carea' id='block_1_38' title="bbox 1767 1049 3348 1121">
    <p class='ocr_par' dir='ltr' id='par_1_38' title="bbox 1767 1049 3348 1121">
     <span class='ocr_line' id='line_1_38' title="bbox 1767 1049 3348 1121; baseline 0.001 -18"><span class='ocrx_word' id='word_1_283' title='bbox 1767 1050 1938 1104; x_wconf 84' lang='lat' dir='ltr'><strong>velata</strong></span> <span class='ocrx_word' id='word_1_284' title='bbox 1973 1049 2193 1104; x_wconf 89' lang='lat' dir='ltr'><strong>fuerunt</strong></span> <span class='ocrx_word' id='word_1_285' title='bbox 2239 1049 2500 1120; x_wconf 66' lang='lat' dir='ltr'><strong>praeclara</strong></span> <span class='ocrx_word' id='word_1_286' title='bbox 2545 1059 2599 1104; x_wconf 88' lang='lat' dir='ltr'><strong>et</strong></span> <span class='ocrx_word' id='word_1_287' title='bbox 2646 1061 2890 1120; x_wconf 84' lang='lat' dir='ltr'><strong>peracta,</strong></span> <span class='ocrx_word' id='word_1_288' title='bbox 2936 1053 3087 1121; x_wconf 85' lang='lat' dir='ltr'><strong>signa</strong></span> <span class='ocrx_word' id='word_1_289' title='bbox 3132 1060 3348 1105; x_wconf 81' lang='lat' dir='ltr'><strong>sancto-</strong></span> 
     </span>
    </p>
   </div>
   <div class='ocr_carea' id='block_1_39' title="bbox 1767 1143 3345 1214">
    <p class='ocr_par' dir='ltr' id='par_1_39' title="bbox 1767 1143 3345 1214">
     <span class='ocr_line' id='line_1_39' title="bbox 1767 1143 3345 1214; baseline 0.002 -17"><span class='ocrx_word' id='word_1_290' title='bbox 1767 1159 1889 1198; x_wconf 90' lang='lat' dir='ltr'><strong>rum</strong></span> <span class='ocrx_word' id='word_1_291' title='bbox 1921 1143 2302 1214; x_wconf 86' lang='lat' dir='ltr'><strong>mysteriorum</strong></span> <span class='ocrx_word' id='word_1_292' title='bbox 2335 1143 2511 1199; x_wconf 89' lang='lat' dir='ltr'><strong>cultus</strong></span> <span class='ocrx_word' id='word_1_293' title='bbox 2545 1144 2637 1198; x_wconf 85' lang='lat' dir='ltr'><strong>Dei</strong></span> <span class='ocrx_word' id='word_1_294' title='bbox 2672 1160 2768 1214; x_wconf 91' lang='lat' dir='ltr'><strong>per</strong></span> <span class='ocrx_word' id='word_1_295' title='bbox 2790 1145 2965 1214; x_wconf 87' lang='lat' dir='ltr'><strong>ipsum</strong></span> <span class='ocrx_word' id='word_1_296' title='bbox 2989 1144 3129 1199; x_wconf 87' lang='lat' dir='ltr'><strong>facta</strong></span> <span class='ocrx_word' id='word_1_297' title='bbox 3158 1143 3345 1200; x_wconf 86' lang='lat' dir='ltr'><strong>fuisse.</strong></span> 
     </span>
    </p>
   </div>
   <div class='ocr_carea' id='block_1_40' title="bbox 1765 1228 3345 1305">
    <p class='ocr_par' dir='ltr' id='par_1_40' title="bbox 1765 1228 3345 1305">
     <span class='ocr_line' id='line_1_40' title="bbox 1765 1228 3345 1305; baseline 0.001 -19"><span class='ocrx_word' id='word_1_298' title='bbox 1765 1228 1882 1286; x_wconf 78' lang='lat' dir='ltr'><strong>Jam</strong></span> <span class='ocrx_word' id='word_1_299' title='bbox 1926 1231 2181 1298; x_wconf 89' lang='lat' dir='ltr'><strong>quoniam</strong></span> <span class='ocrx_word' id='word_1_300' title='bbox 2226 1232 2588 1302; x_wconf 88' lang='lat' dir='ltr'><strong>undequaque</strong></span> <span class='ocrx_word' id='word_1_301' title='bbox 2637 1235 2834 1287; x_wconf 90' lang='lat' dir='ltr'><strong>tnuniri</strong></span> <span class='ocrx_word' id='word_1_302' title='bbox 2867 1250 3091 1290; x_wconf 83' lang='lat' dir='ltr'><strong>necesse</strong></span> <span class='ocrx_word' id='word_1_303' title='bbox 3129 1246 3214 1289; x_wconf 90' lang='lat' dir='ltr'><strong>est</strong></span> <span class='ocrx_word' id='word_1_304' title='bbox 3249 1249 3345 1305; x_wconf 82' lang='lat' dir='ltr'><strong>ge-</strong></span> 
     </span>
    </p>
   </div>
   <div class='ocr_carea' id='block_1_41' title="bbox 1769 1321 3346 1396">
    <p class='ocr_par' dir='ltr' id='par_1_41' title="bbox 1769 1321 3346 1396">
     <span class='ocr_line' id='line_1_41' title="bbox 1769 1321 3346 1396; baseline 0.003 -20"><span class='ocrx_word' id='word_1_305' title='bbox 1769 1336 1995 1376; x_wconf 86' lang='lat' dir='ltr'><strong>nerosos</strong></span> <span class='ocrx_word' id='word_1_306' title='bbox 2027 1322 2229 1378; x_wconf 85' lang='lat' dir='ltr'><strong>Christi</strong></span> <span class='ocrx_word' id='word_1_307' title='bbox 2265 1325 2464 1379; x_wconf 88' lang='lat' dir='ltr'><strong>milites</strong></span> <span class='ocrx_word' id='word_1_308' title='bbox 2507 1341 2606 1395; x_wconf 88' lang='lat' dir='ltr'><strong>pro</strong></span> <span class='ocrx_word' id='word_1_309' title='bbox 2640 1325 2892 1391; x_wconf 84' lang='lat' dir='ltr'><strong>veritate,</strong></span> <span class='ocrx_word' id='word_1_310' title='bbox 2929 1342 3194 1396; x_wconf 78' lang='lat' dir='ltr'><strong>nusquam</strong></span> <span class='ocrx_word' id='word_1_311' title='bbox 3249 1321 3346 1392; x_wconf 82' lang='lat' dir='ltr'><strong>pro</strong></span> 
     </span>
    </p>
   </div>
   <div class='ocr_carea' id='block_1_42' title="bbox 1768 1415 3342 1490">
    <p class='ocr_par' dir='ltr' id='par_1_42' title="bbox 1768 1415 3342 1490">
     <span class='ocr_line' id='line_1_42' title="bbox 1768 1415 3342 1490; baseline 0.006 -25"><span class='ocrx_word' id='word_1_312' title='bbox 1768 1415 1911 1469; x_wconf 82' lang='lat' dir='ltr'><strong>virili</strong></span> <span class='ocrx_word' id='word_1_313' title='bbox 1959 1416 2078 1470; x_wconf 81' lang='lat' dir='ltr'><strong>fieri</strong></span> <span class='ocrx_word' id='word_1_314' title='bbox 2131 1416 2514 1486; x_wconf 81' lang='lat' dir='ltr'><strong>permittentes</strong></span> <span class='ocrx_word' id='word_1_315' title='bbox 2563 1418 2864 1487; x_wconf 85' lang='lat' dir='ltr'><strong>ingressum</strong></span> <span class='ocrx_word' id='word_1_316' title='bbox 2915 1419 3066 1474; x_wconf 69' lang='lat' dir='ltr'><strong>falsa:</strong></span> <span class='ocrx_word' id='word_1_317' title='bbox 3117 1434 3342 1490; x_wconf 86' lang='lat' dir='ltr'><strong>persua-</strong></span> 
     </span>
    </p>
   </div>
   <div class='ocr_carea' id='block_1_43' title="bbox 1766 1502 3345 1580">
    <p class='ocr_par' dir='ltr' id='par_1_43' title="bbox 1766 1502 3345 1580">
     <span class='ocr_line' id='line_1_43' title="bbox 1766 1502 3345 1580; baseline 0.005 -24"><span class='ocrx_word' id='word_1_318' title='bbox 1766 1502 1930 1568; x_wconf 85' lang='lat' dir='ltr'><strong>sioni,</strong></span> <span class='ocrx_word' id='word_1_319' title='bbox 1954 1517 2053 1572; x_wconf 82' lang='lat' dir='ltr'><strong>age</strong></span> <span class='ocrx_word' id='word_1_320' title='bbox 2099 1513 2154 1557; x_wconf 93' lang='lat' dir='ltr'><strong>et</strong></span> <span class='ocrx_word' id='word_1_321' title='bbox 2183 1505 2298 1560; x_wconf 64' lang='lat' dir='ltr'><strong>haec</strong></span> <span class='ocrx_word' id='word_1_322' title='bbox 2334 1506 2766 1563; x_wconf 89' lang='lat' dir='ltr'><strong>consideremus.</strong></span> <span class='ocrx_word' id='word_1_323' title='bbox 2797 1509 2932 1562; x_wconf 87' lang='lat' dir='ltr'><strong>Nam</strong></span> <span class='ocrx_word' id='word_1_324' title='bbox 2971 1510 3200 1565; x_wconf 80' lang='lat' dir='ltr'><strong>fortasse</strong></span> <span class='ocrx_word' id='word_1_325' title='bbox 3233 1511 3345 1580; x_wconf 86' lang='lat' dir='ltr'><strong>pri-</strong></span> 
     </span>
    </p>
   </div>
   <div class='ocr_carea' id='block_1_44' title="bbox 1769 1594 3340 1658">
    <p class='ocr_par' dir='ltr' id='par_1_44' title="bbox 1769 1594 3340 1658">
     <span class='ocr_line' id='line_1_44' title="bbox 1769 1594 3340 1658; baseline 0.008 -12"><span class='ocrx_word' id='word_1_326' title='bbox 1769 1609 1915 1648; x_wconf 88' lang='lat' dir='ltr'><strong>mum</strong></span> <span class='ocrx_word' id='word_1_327' title='bbox 1953 1594 2182 1651; x_wconf 84' lang='lat' dir='ltr'><strong>Joannis</strong></span> <span class='ocrx_word' id='word_1_328' title='bbox 2212 1597 2278 1652; x_wconf 92' lang='lat' dir='ltr'><strong>de</strong></span> <span class='ocrx_word' id='word_1_329' title='bbox 2307 1597 2530 1654; x_wconf 84' lang='lat' dir='ltr'><strong>Christo</strong></span> <span class='ocrx_word' id='word_1_330' title='bbox 2569 1602 2944 1656; x_wconf 86' lang='lat' dir='ltr'><strong>testimonium</strong></span> <span class='ocrx_word' id='word_1_331' title='bbox 2977 1618 3098 1658; x_wconf 90' lang='lat' dir='ltr'><strong>esse</strong></span> <span class='ocrx_word' id='word_1_332' title='bbox 3122 1605 3340 1658; x_wconf 86' lang='lat' dir='ltr'><strong>dicent:</strong></span> 
     </span>
    </p>
   </div>
   <div class='ocr_carea' id='block_1_45' title="bbox 1771 1686 3346 1765">
    <p class='ocr_par' dir='ltr' id='par_1_45' title="bbox 1771 1686 3346 1765">
     <span class='ocr_line' id='line_1_45' title="bbox 1771 1686 3346 1765; baseline 0.007 -27"><span class='ocrx_word' id='word_1_333' title='bbox 1771 1704 1790 1738; x_wconf 73' lang='grc' dir='ltr'><strong>ι</strong></span> <span class='ocrx_word' id='word_1_334' title='bbox 1827 1686 1926 1753; x_wconf 86' lang='lat' dir='ltr'><strong>Qui</strong></span> <span class='ocrx_word' id='word_1_335' title='bbox 1961 1696 2082 1755; x_wconf 90' lang='lat' dir='ltr'><strong>post</strong></span> <span class='ocrx_word' id='word_1_336' title='bbox 2103 1703 2188 1743; x_wconf 88' lang='lat' dir='ltr'><strong>me</strong></span> <span class='ocrx_word' id='word_1_337' title='bbox 2217 1689 2387 1755; x_wconf 80' lang='lat' dir='ltr'><strong>venit,</strong></span> <span class='ocrx_word' id='word_1_338' title='bbox 2416 1700 2542 1744; x_wconf 87' lang='lat' dir='ltr'><strong>ante</strong></span> <span class='ocrx_word' id='word_1_339' title='bbox 2582 1707 2668 1746; x_wconf 88' lang='lat' dir='ltr'><strong>me</strong></span> <span class='ocrx_word' id='word_1_340' title='bbox 2699 1691 2875 1746; x_wconf 84' lang='lat' dir='ltr'><strong>factus</strong></span> <span class='ocrx_word' id='word_1_341' title='bbox 2905 1703 3011 1758; x_wconf 91' lang='lat' dir='ltr'><strong>est,</strong></span> <span class='ocrx_word' id='word_1_342' title='bbox 3043 1696 3168 1764; x_wconf 89' lang='lat' dir='ltr'><strong>quia</strong></span> <span class='ocrx_word' id='word_1_343' title='bbox 3197 1697 3346 1765; x_wconf 83' lang='lat' dir='ltr'><strong>prior</strong></span> 
     </span>
    </p>
   </div>
   <div class='ocr_carea' id='block_1_46' title="bbox 1767 1779 3344 1858">
    <p class='ocr_par' dir='ltr' id='par_1_46' title="bbox 1767 1779 3344 1858">
     <span class='ocr_line' id='line_1_46' title="bbox 1767 1779 3344 1858; baseline 0.008 -26"><span class='ocrx_word' id='word_1_344' title='bbox 1767 1792 1853 1832; x_wconf 90' lang='lat' dir='ltr'><strong>me</strong></span> <span class='ocrx_word' id='word_1_345' title='bbox 1878 1787 1998 1833; x_wconf 88' lang='lat' dir='ltr'><strong>erat</strong></span> <span class='ocrx_word' id='word_1_346' title='bbox 2021 1779 2097 1844; x_wconf 76' lang='grc'><strong>³⁸;</strong></span> <span class='ocrx_word' id='word_1_347' title='bbox 2138 1798 2156 1831; x_wconf 76' lang='grc' dir='ltr'><strong>ι</strong></span> <span class='ocrx_word' id='word_1_348' title='bbox 2194 1790 2251 1836; x_wconf 91' lang='lat' dir='ltr'><strong>et</strong></span> <span class='ocrx_word' id='word_1_349' title='bbox 2301 1781 2434 1837; x_wconf 87' lang='lat' dir='ltr'><strong>illud</strong></span> <span class='ocrx_word' id='word_1_350' title='bbox 2469 1799 2488 1839; x_wconf 87' lang='lat'><strong>:</strong></span> <span class='ocrx_word' id='word_1_351' title='bbox 2525 1802 2545 1836; x_wconf 72' lang='grc' dir='ltr'><strong>ι</strong></span> <span class='ocrx_word' id='word_1_352' title='bbox 2588 1783 2664 1838; x_wconf 79' lang='lat' dir='ltr'><strong>Ex</strong></span> <span class='ocrx_word' id='word_1_353' title='bbox 2704 1785 3040 1854; x_wconf 85' lang='lat' dir='ltr'><strong>plenitudine</strong></span> <span class='ocrx_word' id='word_1_354' title='bbox 3073 1788 3192 1858; x_wconf 84' lang='lat' dir='ltr'><strong>ejus</strong></span> <span class='ocrx_word' id='word_1_355' title='bbox 3242 1803 3344 1844; x_wconf 85' lang='lat' dir='ltr'><strong>nos</strong></span> 
     </span>
    </p>
   </div>
   <div class='ocr_carea' id='block_1_47' title="bbox 1695 1859 3347 1954">
    <p class='ocr_par' dir='ltr' id='par_1_47' title="bbox 1695 1859 3347 1954">
     <span class='ocr_line' id='line_1_47' title="bbox 1695 1859 3347 1954; baseline 0.007 -26"><span class='ocrx_word' id='word_1_356' title='bbox 1695 1859 1736 1915; x_wconf 78' lang='grc' dir='ltr'><strong>Β</strong></span> <span class='ocrx_word' id='word_1_357' title='bbox 1760 1887 1952 1928; x_wconf 87' lang='lat' dir='ltr'><strong>omnes</strong></span> <span class='ocrx_word' id='word_1_358' title='bbox 1976 1875 2303 1945; x_wconf 88' lang='lat' dir='ltr'><strong>accepimus,</strong></span> <span class='ocrx_word' id='word_1_359' title='bbox 2328 1885 2382 1931; x_wconf 89' lang='lat' dir='ltr'><strong>et</strong></span> <span class='ocrx_word' id='word_1_360' title='bbox 2407 1879 2637 1948; x_wconf 77' lang='lat' dir='ltr'><strong>gratiam</strong></span> <span class='ocrx_word' id='word_1_361' title='bbox 2670 1893 2768 1948; x_wconf 85' lang='lat' dir='ltr'><strong>pro</strong></span> <span class='ocrx_word' id='word_1_362' title='bbox 2794 1881 2967 1946; x_wconf 79' lang='lat' dir='ltr'><strong>gratia</strong></span> <span class='ocrx_word' id='word_1_363' title='bbox 3001 1881 3068 1945; x_wconf 84' lang='grc'><strong>⁸⁸,</strong></span> <span class='ocrx_word' id='word_1_364' title='bbox 3104 1901 3122 1936; x_wconf 75' lang='grc' dir='ltr'><strong>ι</strong></span> <span class='ocrx_word' id='word_1_365' title='bbox 3151 1895 3204 1938; x_wconf 91' lang='lat' dir='ltr'><strong>et</strong></span> <span class='ocrx_word' id='word_1_366' title='bbox 3224 1897 3347 1954; x_wconf 64' lang='lat' dir='ltr'><strong>quae</strong></span> 
     </span>
    </p>
   </div>
   <div class='ocr_carea' id='block_1_48' title="bbox 1762 1965 3336 2041">
    <p class='ocr_par' dir='ltr' id='par_1_48' title="bbox 1762 1965 3336 2041">
     <span class='ocr_line' id='line_1_48' title="bbox 1762 1965 3336 2041; baseline 0.007 -23"><span class='ocrx_word' id='word_1_367' title='bbox 1762 1975 2106 2034; x_wconf 86' lang='lat' dir='ltr'><strong>sequuntur,</strong></span> <span class='ocrx_word' id='word_1_368' title='bbox 2159 1965 2363 2021; x_wconf 90' lang='lat' dir='ltr'><strong>dictum</strong></span> <span class='ocrx_word' id='word_1_369' title='bbox 2416 1965 2587 2023; x_wconf 89' lang='lat' dir='ltr'><strong>fuisse</strong></span> <span class='ocrx_word' id='word_1_370' title='bbox 2640 1984 2706 2024; x_wconf 59' lang='lat' dir='ltr'><strong>ex</strong></span> <span class='ocrx_word' id='word_1_371' title='bbox 2765 1984 2995 2038; x_wconf 82' lang='lat' dir='ltr'><strong>persona</strong></span> <span class='ocrx_word' id='word_1_372' title='bbox 3065 1973 3336 2041; x_wconf 81' lang='lat' dir='ltr'><strong>discipuli.</strong></span> 
     </span>
    </p>
   </div>
   <div class='ocr_carea' id='block_1_49' title="bbox 1765 2055 3341 2130">
    <p class='ocr_par' dir='ltr' id='par_1_49' title="bbox 1765 2055 3341 2130">
     <span class='ocr_line' id='line_1_49' title="bbox 1765 2055 3341 2130; baseline 0.004 -18"><span class='ocrx_word' id='word_1_373' title='bbox 1765 2055 1918 2112; x_wconf 89' lang='lat' dir='ltr'><strong>Unde</strong></span> <span class='ocrx_word' id='word_1_374' title='bbox 1949 2072 2174 2113; x_wconf 88' lang='lat' dir='ltr'><strong>necesse</strong></span> <span class='ocrx_word' id='word_1_375' title='bbox 2197 2066 2280 2113; x_wconf 83' lang='lat' dir='ltr'><strong>est</strong></span> <span class='ocrx_word' id='word_1_376' title='bbox 2319 2058 2736 2130; x_wconf 75' lang='lat' dir='ltr'><strong>intelligentiam</strong></span> <span class='ocrx_word' id='word_1_377' title='bbox 2770 2061 2909 2117; x_wconf 90' lang='lat' dir='ltr'><strong>hanc</strong></span> <span class='ocrx_word' id='word_1_378' title='bbox 2940 2062 3209 2128; x_wconf 78' lang='lat' dir='ltr'><strong>refellere,</strong></span> <span class='ocrx_word' id='word_1_379' title='bbox 3242 2079 3341 2119; x_wconf 90' lang='lat' dir='ltr'><strong>ceu</strong></span> 
     </span>
    </p>
   </div>
   <div class='ocr_carea' id='block_1_50' title="bbox 1763 2156 3338 2223">
    <p class='ocr_par' dir='ltr' id='par_1_50' title="bbox 1763 2156 3338 2223">
     <span class='ocr_line' id='line_1_50' title="bbox 1763 2156 3338 2223; baseline 0.003 -18"><span class='ocrx_word' id='word_1_380' title='bbox 1763 2159 2010 2206; x_wconf 85' lang='lat' dir='ltr'><strong>coactam</strong></span> <span class='ocrx_word' id='word_1_381' title='bbox 2063 2159 2118 2206; x_wconf 91' lang='lat' dir='ltr'><strong>et</strong></span> <span class='ocrx_word' id='word_1_382' title='bbox 2175 2166 2282 2206; x_wconf 72' lang='lat' dir='ltr'><strong>non</strong></span> <span class='ocrx_word' id='word_1_383' title='bbox 2329 2162 2780 2223; x_wconf 85' lang='lat' dir='ltr'><strong>consequentem.</strong></span> <span class='ocrx_word' id='word_1_384' title='bbox 2833 2156 3139 2210; x_wconf 84' lang='lat' dir='ltr'><strong>Admodum</strong></span> <span class='ocrx_word' id='word_1_385' title='bbox 3194 2157 3338 2212; x_wconf 90' lang='lat' dir='ltr'><strong>enim</strong></span> 
     </span>
    </p>
   </div>
   <div class='ocr_carea' id='block_1_51' title="bbox 1763 2242 3338 2317">
    <p class='ocr_par' dir='ltr' id='par_1_51' title="bbox 1763 2242 3338 2317">
     <span class='ocr_line' id='line_1_51' title="bbox 1763 2242 3338 2317; baseline 0.005 -23"><span class='ocrx_word' id='word_1_386' title='bbox 1763 2242 2059 2298; x_wconf 82' lang='lat' dir='ltr'><strong>violentum</strong></span> <span class='ocrx_word' id='word_1_387' title='bbox 2090 2252 2176 2298; x_wconf 88' lang='lat' dir='ltr'><strong>est</strong></span> <span class='ocrx_word' id='word_1_388' title='bbox 2203 2244 2530 2301; x_wconf 80' lang='lat' dir='ltr'><strong>existimare</strong></span> <span class='ocrx_word' id='word_1_389' title='bbox 2579 2256 2805 2315; x_wconf 88' lang='lat' dir='ltr'><strong>repente</strong></span> <span class='ocrx_word' id='word_1_390' title='bbox 2856 2247 2997 2302; x_wconf 87' lang='lat' dir='ltr'><strong>adeo</strong></span> <span class='ocrx_word' id='word_1_391' title='bbox 3028 2256 3083 2302; x_wconf 91' lang='lat' dir='ltr'><strong>et</strong></span> <span class='ocrx_word' id='word_1_392' title='bbox 3135 2248 3338 2317; x_wconf 87' lang='lat' dir='ltr'><strong>impor-</strong></span> 
     </span>
    </p>
   </div>
   <div class='ocr_carea' id='block_1_52' title="bbox 1767 2334 3340 2408">
    <p class='ocr_par' dir='ltr' id='par_1_52' title="bbox 1767 2334 3340 2408">
     <span class='ocr_line' id='line_1_52' title="bbox 1767 2334 3340 2408; baseline 0.004 -18"><span class='ocrx_word' id='word_1_393' title='bbox 1767 2344 1894 2391; x_wconf 92' lang='lat' dir='ltr'><strong>tune</strong></span> <span class='ocrx_word' id='word_1_394' title='bbox 1946 2334 2203 2405; x_wconf 69' lang='lat' dir='ltr'><strong>Baptista:</strong></span> <span class='ocrx_word' id='word_1_395' title='bbox 2265 2335 2571 2392; x_wconf 82' lang='lat' dir='ltr'><strong>orationem</strong></span> <span class='ocrx_word' id='word_1_396' title='bbox 2635 2338 2995 2408; x_wconf 86' lang='lat' dir='ltr'><strong>interruptam</strong></span> <span class='ocrx_word' id='word_1_397' title='bbox 3049 2340 3218 2396; x_wconf 87' lang='lat' dir='ltr'><strong>fuisse</strong></span> <span class='ocrx_word' id='word_1_398' title='bbox 3272 2341 3340 2396; x_wconf 90' lang='lat' dir='ltr'><strong>ab</strong></span> 
     </span>
    </p>
   </div>
   <div class='ocr_carea' id='block_1_53' title="bbox 1763 2427 3340 2502">
    <p class='ocr_par' dir='ltr' id='par_1_53' title="bbox 1763 2427 3340 2502">
     <span class='ocr_line' id='line_1_53' title="bbox 1763 2427 3340 2502; baseline 0.004 -21"><span class='ocrx_word' id='word_1_399' title='bbox 1763 2429 2012 2482; x_wconf 90' lang='lat' dir='ltr'><strong>oratione</strong></span> <span class='ocrx_word' id='word_1_400' title='bbox 2060 2427 2338 2498; x_wconf 90' lang='lat' dir='ltr'><strong>discipuli.</strong></span> <span class='ocrx_word' id='word_1_401' title='bbox 2378 2428 2446 2484; x_wconf 86' lang='lat' dir='ltr'><strong>Et</strong></span> <span class='ocrx_word' id='word_1_402' title='bbox 2497 2442 2631 2485; x_wconf 77' lang='lat' dir='ltr'><strong>sane</strong></span> <span class='ocrx_word' id='word_1_403' title='bbox 2661 2431 2742 2485; x_wconf 81' lang='lat' dir='ltr'><strong>vel</strong></span> <span class='ocrx_word' id='word_1_404' title='bbox 2781 2431 3018 2487; x_wconf 70' lang='lat' dir='ltr'><strong>cuilibet</strong></span> <span class='ocrx_word' id='word_1_405' title='bbox 3069 2432 3162 2502; x_wconf 86' lang='lat' dir='ltr'><strong>qui</strong></span> <span class='ocrx_word' id='word_1_406' title='bbox 3216 2441 3340 2486; x_wconf 77' lang='lat' dir='ltr'><strong>tan—</strong></span> 
     </span>
    </p>
   </div>
   <div class='ocr_carea' id='block_1_54' title="bbox 1766 2519 3344 2588">
    <p class='ocr_par' dir='ltr' id='par_1_54' title="bbox 1766 2519 3344 2588">
     <span class='ocr_line' id='line_1_54' title="bbox 1766 2519 3344 2588; baseline 0.002 -13"><span class='ocrx_word' id='word_1_407' title='bbox 1766 2519 1939 2575; x_wconf 90' lang='lat' dir='ltr'><strong>tillum</strong></span> <span class='ocrx_word' id='word_1_408' title='bbox 2005 2519 2256 2588; x_wconf 77' lang='lat' dir='ltr'><strong>judicare</strong></span> <span class='ocrx_word' id='word_1_409' title='bbox 2325 2520 2459 2576; x_wconf 86' lang='lat' dir='ltr'><strong>sciat</strong></span> <span class='ocrx_word' id='word_1_410' title='bbox 2531 2531 2849 2576; x_wconf 81' lang='lat' dir='ltr'><strong>contextum</strong></span> <span class='ocrx_word' id='word_1_411' title='bbox 2920 2523 3186 2579; x_wconf 89' lang='lat' dir='ltr'><strong>orationis</strong></span> <span class='ocrx_word' id='word_1_412' title='bbox 3248 2538 3344 2580; x_wconf 85' lang='lat' dir='ltr'><strong>eo-</strong></span> 
     </span>
    </p>
   </div>
   <div class='ocr_carea' id='block_1_55' title="bbox 1765 2615 3335 2688">
    <p class='ocr_par' dir='ltr' id='par_1_55' title="bbox 1765 2615 3335 2688">
     <span class='ocr_line' id='line_1_55' title="bbox 1765 2615 3335 2688; baseline 0.003 -18"><span class='ocrx_word' id='word_1_413' title='bbox 1765 2631 1884 2670; x_wconf 85' lang='lat' dir='ltr'><strong>rum</strong></span> <span class='ocrx_word' id='word_1_414' title='bbox 1932 2630 2055 2686; x_wconf 68' lang='lat' dir='ltr'><strong>quaa</strong></span> <span class='ocrx_word' id='word_1_415' title='bbox 2096 2615 2385 2682; x_wconf 90' lang='lat' dir='ltr'><strong>dicuntur,</strong></span> <span class='ocrx_word' id='word_1_416' title='bbox 2439 2615 2691 2672; x_wconf 88' lang='lat' dir='ltr'><strong>lectionis</strong></span> <span class='ocrx_word' id='word_1_417' title='bbox 2745 2616 2917 2673; x_wconf 84' lang='lat' dir='ltr'><strong>series</strong></span> <span class='ocrx_word' id='word_1_418' title='bbox 2973 2627 3160 2688; x_wconf 90' lang='lat' dir='ltr'><strong>aperta</strong></span> <span class='ocrx_word' id='word_1_419' title='bbox 3199 2627 3283 2673; x_wconf 92' lang='lat' dir='ltr'><strong>est</strong></span> <span class='ocrx_word' id='word_1_420' title='bbox 3321 2637 3335 2674; x_wconf 91' lang='lat'><strong>:</strong></span> 
     </span>
    </p>
   </div>
   <div class='ocr_carea' id='block_1_56' title="bbox 1770 2706 3340 2779">
    <p class='ocr_par' dir='ltr' id='par_1_56' title="bbox 1770 2706 3340 2779">
     <span class='ocr_line' id='line_1_56' title="bbox 1770 2706 3340 2779; baseline 0.001 -17"><span class='ocrx_word' id='word_1_421' title='bbox 1770 2707 1930 2778; x_wconf 79' lang='lat'><strong>107</strong></span> <span class='ocrx_word' id='word_1_422' title='bbox 1967 2726 1986 2760; x_wconf 72' lang='grc' dir='ltr'><strong>ε</strong></span> <span class='ocrx_word' id='word_1_423' title='bbox 2026 2706 2122 2762; x_wconf 90' lang='lat' dir='ltr'><strong>llic</strong></span> <span class='ocrx_word' id='word_1_424' title='bbox 2152 2718 2290 2771; x_wconf 78' lang='lat' dir='ltr'><strong>erat,</strong></span> <span class='ocrx_word' id='word_1_425' title='bbox 2318 2722 2480 2779; x_wconf 90' lang='lat' dir='ltr'><strong>quem</strong></span> <span class='ocrx_word' id='word_1_426' title='bbox 2509 2707 2620 2762; x_wconf 82' lang='lat' dir='ltr'><strong>dixi</strong></span> <span class='ocrx_word' id='word_1_427' title='bbox 2657 2724 2670 2760; x_wconf 87' lang='lat'><strong>:</strong></span> <span class='ocrx_word' id='word_1_428' title='bbox 2711 2707 2813 2776; x_wconf 90' lang='lat' dir='ltr'><strong>Qui</strong></span> <span class='ocrx_word' id='word_1_429' title='bbox 2864 2719 2986 2778; x_wconf 84' lang='lat' dir='ltr'><strong>post</strong></span> <span class='ocrx_word' id='word_1_430' title='bbox 3041 2725 3126 2764; x_wconf 88' lang='lat' dir='ltr'><strong>me</strong></span> <span class='ocrx_word' id='word_1_431' title='bbox 3165 2708 3340 2776; x_wconf 75' lang='lat' dir='ltr'><strong>Venit,</strong></span> 
     </span>
    </p>
   </div>
   <div class='ocr_carea' id='block_1_57' title="bbox 1766 2800 3346 2871">
    <p class='ocr_par' dir='ltr' id='par_1_57' title="bbox 1766 2800 3346 2871">
     <span class='ocr_line' id='line_1_57' title="bbox 1766 2800 3346 2871; baseline 0.002 -15"><span class='ocrx_word' id='word_1_432' title='bbox 1766 2811 1893 2856; x_wconf 85' lang='lat' dir='ltr'><strong>ante</strong></span> <span class='ocrx_word' id='word_1_433' title='bbox 1928 2815 2014 2857; x_wconf 88' lang='lat' dir='ltr'><strong>me</strong></span> <span class='ocrx_word' id='word_1_434' title='bbox 2049 2800 2231 2857; x_wconf 84' lang='lat' dir='ltr'><strong>factus</strong></span> <span class='ocrx_word' id='word_1_435' title='bbox 2255 2810 2363 2868; x_wconf 83' lang='lat' dir='ltr'><strong>est,</strong></span> <span class='ocrx_word' id='word_1_436' title='bbox 2393 2803 2517 2871; x_wconf 87' lang='lat' dir='ltr'><strong>quia</strong></span> <span class='ocrx_word' id='word_1_437' title='bbox 2567 2801 2716 2871; x_wconf 90' lang='lat' dir='ltr'><strong>prior</strong></span> <span class='ocrx_word' id='word_1_438' title='bbox 2761 2815 2846 2858; x_wconf 88' lang='lat' dir='ltr'><strong>me</strong></span> <span class='ocrx_word' id='word_1_439' title='bbox 2878 2812 2998 2857; x_wconf 89' lang='lat' dir='ltr'><strong>erat</strong></span> <span class='ocrx_word' id='word_1_440' title='bbox 3020 2803 3086 2858; x_wconf 80' lang='lat'><strong>“.</strong></span> <span class='ocrx_word' id='word_1_441' title='bbox 3125 2822 3144 2855; x_wconf 73' lang='grc' dir='ltr'><strong>ι</strong></span> <span class='ocrx_word' id='word_1_442' title='bbox 3180 2803 3346 2860; x_wconf 86' lang='lat' dir='ltr'><strong>Docet</strong></span> 
     </span>
    </p>
   </div>
   <div class='ocr_carea' id='block_1_58' title="bbox 1765 2890 3341 2962">
    <p class='ocr_par' dir='ltr' id='par_1_58' title="bbox 1765 2890 3341 2962">
     <span class='ocr_line' id='line_1_58' title="bbox 1765 2890 3341 2962; baseline 0.001 -16"><span class='ocrx_word' id='word_1_443' title='bbox 1765 2901 1947 2946; x_wconf 89' lang='lat' dir='ltr'><strong>autem</strong></span> <span class='ocrx_word' id='word_1_444' title='bbox 1975 2890 2220 2962; x_wconf 85' lang='lat' dir='ltr'><strong>Baptista</strong></span> <span class='ocrx_word' id='word_1_445' title='bbox 2275 2892 2548 2962; x_wconf 86' lang='lat' dir='ltr'><strong>quomodo</strong></span> <span class='ocrx_word' id='word_1_446' title='bbox 2577 2901 2702 2945; x_wconf 87' lang='lat' dir='ltr'><strong>ante</strong></span> <span class='ocrx_word' id='word_1_447' title='bbox 2746 2906 2806 2946; x_wconf 90' lang='lat' dir='ltr'><strong>se</strong></span> <span class='ocrx_word' id='word_1_448' title='bbox 2853 2893 3030 2948; x_wconf 84' lang='lat' dir='ltr'><strong>factus</strong></span> <span class='ocrx_word' id='word_1_449' title='bbox 3058 2895 3126 2948; x_wconf 90' lang='lat' dir='ltr'><strong>sit</strong></span> <span class='ocrx_word' id='word_1_450' title='bbox 3158 2893 3341 2959; x_wconf 81' lang='lat' dir='ltr'><strong>Jesus,</strong></span> 
     </span>
    </p>
   </div>
   <div class='ocr_carea' id='block_1_59' title="bbox 1766 2980 3343 3054">
    <p class='ocr_par' dir='ltr' id='par_1_59' title="bbox 1766 2980 3343 3054">
     <span class='ocr_line' id='line_1_59' title="bbox 1766 2980 3343 3054; baseline 0.002 -18"><span class='ocrx_word' id='word_1_451' title='bbox 1766 2982 1941 3036; x_wconf 89' lang='lat' dir='ltr'><strong>dictus</strong></span> <span class='ocrx_word' id='word_1_452' title='bbox 1967 2981 2084 3052; x_wconf 90' lang='lat' dir='ltr'><strong>ipso</strong></span> <span class='ocrx_word' id='word_1_453' title='bbox 2107 2980 2348 3051; x_wconf 85' lang='lat' dir='ltr'><strong>Baptista</strong></span> <span class='ocrx_word' id='word_1_454' title='bbox 2397 2981 2567 3051; x_wconf 87' lang='lat' dir='ltr'><strong>prior,</strong></span> <span class='ocrx_word' id='word_1_455' title='bbox 2611 2981 2737 3051; x_wconf 91' lang='lat' dir='ltr'><strong>quia</strong></span> <span class='ocrx_word' id='word_1_456' title='bbox 2771 2983 2844 3036; x_wconf 91' lang='lat' dir='ltr'><strong>sit</strong></span> <span class='ocrx_word' id='word_1_457' title='bbox 2889 2998 2910 3033; x_wconf 72' lang='grc' dir='ltr'><strong>ο</strong></span> <span class='ocrx_word' id='word_1_458' title='bbox 2947 2985 3343 3054; x_wconf 86' lang='lat' dir='ltr'><strong>primogenitus</strong></span> 
     </span>
    </p>
   </div>
   <div class='ocr_carea' id='block_1_60' title="bbox 1765 3072 3344 3144">
    <p class='ocr_par' dir='ltr' id='par_1_60' title="bbox 1765 3072 3344 3144">
     <span class='ocr_line' id='line_1_60' title="bbox 1765 3072 3344 3144; baseline 0.002 -16"><span class='ocrx_word' id='word_1_459' title='bbox 1765 3073 1942 3128; x_wconf 91' lang='lat' dir='ltr'><strong>omnis</strong></span> <span class='ocrx_word' id='word_1_460' title='bbox 1966 3083 2232 3128; x_wconf 73' lang='lat' dir='ltr'><strong>creatum</strong></span> <span class='ocrx_word' id='word_1_461' title='bbox 2253 3073 2320 3140; x_wconf 84' lang='lat'><strong>&quot;,</strong></span> <span class='ocrx_word' id='word_1_462' title='bbox 2358 3092 2376 3126; x_wconf 74' lang='grc' dir='ltr'><strong>ι</strong></span> <span class='ocrx_word' id='word_1_463' title='bbox 2410 3088 2506 3144; x_wconf 91' lang='lat' dir='ltr'><strong>per</strong></span> <span class='ocrx_word' id='word_1_464' title='bbox 2547 3073 2636 3127; x_wconf 90' lang='lat' dir='ltr'><strong>illa</strong></span> <span class='ocrx_word' id='word_1_465' title='bbox 2670 3072 2834 3127; x_wconf 73' lang='lat' dir='ltr'><strong>verba</strong></span> <span class='ocrx_word' id='word_1_466' title='bbox 2867 3089 2882 3127; x_wconf 89' lang='lat'><strong>:</strong></span> <span class='ocrx_word' id='word_1_467' title='bbox 2921 3091 2939 3125; x_wconf 78' lang='grc' dir='ltr'><strong>ι</strong></span> <span class='ocrx_word' id='word_1_468' title='bbox 2979 3073 3244 3141; x_wconf 83' lang='lat' dir='ltr'><strong>Quoniam</strong></span> <span class='ocrx_word' id='word_1_469' title='bbox 3273 3092 3344 3132; x_wconf 78' lang='lat' dir='ltr'><strong>ex</strong></span> 
     </span>
    </p>
   </div>
   <div class='ocr_carea' id='block_1_61' title="bbox 96 3165 1664 3269">
    <p class='ocr_par' dir='ltr' id='par_1_61' title="bbox 96 3165 1664 3245">
     <span class='ocr_line' id='line_1_61' title="bbox 96 3165 1664 3245; baseline 0.01 -32"><span class='ocrx_word' id='word_1_470' title='bbox 96 3165 270 3230; x_wconf 72' lang='grc' dir='ltr'>πάντες</span> <span class='ocrx_word' id='word_1_471' title='bbox 298 3167 572 3238; x_wconf 75' lang='grc' dir='ltr'>ἐλάϐομεν</span> <span class='ocrx_word' id='word_1_472' title='bbox 596 3185 609 3199; x_wconf 76' lang='grc' dir='ltr'><strong><em>ο</em></strong></span> <span class='ocrx_word' id='word_1_473' title='bbox 651 3189 669 3221; x_wconf 71' lang='grc' dir='ltr'><strong>ι</strong></span> <span class='ocrx_word' id='word_1_474' title='bbox 696 3169 786 3224; x_wconf 78' lang='grc' dir='ltr'><strong>διὰ</strong></span> <span class='ocrx_word' id='word_1_475' title='bbox 809 3169 966 3224; x_wconf 90' lang='grc' dir='ltr'>τοῦτο</span> <span class='ocrx_word' id='word_1_476' title='bbox 994 3172 1102 3243; x_wconf 87' lang='grc' dir='ltr'><strong>γάρ</strong></span> <span class='ocrx_word' id='word_1_477' title='bbox 1135 3189 1328 3244; x_wconf 74' lang='grc' dir='ltr'>φησιν’</span> <span class='ocrx_word' id='word_1_478' title='bbox 1369 3193 1386 3224; x_wconf 80' lang='lat' dir='ltr'><strong>t</strong></span> <span class='ocrx_word' id='word_1_479' title='bbox 1419 3173 1664 3245; x_wconf 86' lang='grc' dir='ltr'>Ἐμπρο-</span> 
     </span>
    </p>
   </div>
   <div class='ocr_carea' id='block_1_62' title="bbox 1770 3165 3345 3269">
    <p class='ocr_par' dir='ltr' id='par_1_62' title="bbox 1770 3165 3345 3238">
     <span class='ocr_line' id='line_1_62' title="bbox 1770 3165 3345 3238; baseline 0.003 -20"><span class='ocrx_word' id='word_1_480' title='bbox 1770 3165 2103 3236; x_wconf 87' lang='lat' dir='ltr'><strong>plenitudine</strong></span> <span class='ocrx_word' id='word_1_481' title='bbox 2149 3166 2269 3238; x_wconf 89' lang='lat' dir='ltr'><strong>ejus</strong></span> <span class='ocrx_word' id='word_1_482' title='bbox 2319 3180 2416 3224; x_wconf 87' lang='lat' dir='ltr'><strong>nos</strong></span> <span class='ocrx_word' id='word_1_483' title='bbox 2471 3180 2664 3221; x_wconf 88' lang='lat' dir='ltr'><strong>omnes</strong></span> <span class='ocrx_word' id='word_1_484' title='bbox 2722 3165 3034 3236; x_wconf 86' lang='lat' dir='ltr'><strong>accepimus</strong></span> <span class='ocrx_word' id='word_1_485' title='bbox 3081 3166 3146 3221; x_wconf 73' lang='grc'><strong>⁸⁸.</strong></span> <span class='ocrx_word' id='word_1_486' title='bbox 3193 3186 3211 3220; x_wconf 77' lang='grc' dir='ltr'><strong>ι</strong></span> <span class='ocrx_word' id='word_1_487' title='bbox 3263 3165 3345 3223; x_wconf 85' lang='lat' dir='ltr'><strong>0b</strong></span> 
     </span>
    </p>
   </div>
   <div class='ocr_carea' id='block_1_63' title="bbox 97 3257 1664 3336">
    <p class='ocr_par' dir='ltr' id='par_1_63' title="bbox 97 3257 1660 3336">
     <span class='ocr_line' id='line_1_63' title="bbox 97 3257 1660 3336; baseline 0.009 -28"><span class='ocrx_word' id='word_1_488' title='bbox 97 3257 198 3310; x_wconf 79' lang='grc' dir='ltr'>σθέν</span> <span class='ocrx_word' id='word_1_489' title='bbox 231 3276 328 3326; x_wconf 85' lang='grc' dir='ltr'><strong>μου</strong></span> <span class='ocrx_word' id='word_1_490' title='bbox 361 3260 612 3330; x_wconf 83' lang='grc' dir='ltr'>γέγονεν,</span> <span class='ocrx_word' id='word_1_491' title='bbox 634 3262 715 3315; x_wconf 87' lang='grc' dir='ltr'>ὅτι</span> <span class='ocrx_word' id='word_1_492' title='bbox 745 3261 960 3334; x_wconf 84' lang='grc' dir='ltr'>πρῶτός</span> <span class='ocrx_word' id='word_1_493' title='bbox 983 3281 1083 3335; x_wconf 93' lang='grc' dir='ltr'><strong>μου</strong></span> <span class='ocrx_word' id='word_1_494' title='bbox 1111 3260 1200 3336; x_wconf 84' lang='grc' dir='ltr'><strong>ἦν·</strong></span> <span class='ocrx_word' id='word_1_495' title='bbox 1243 3285 1260 3317; x_wconf 75' lang='grc' dir='ltr'><strong>ι</strong></span> <span class='ocrx_word' id='word_1_496' title='bbox 1287 3264 1376 3319; x_wconf 73' lang='grc' dir='ltr'>διὰ</span> <span class='ocrx_word' id='word_1_497' title='bbox 1401 3265 1558 3320; x_wconf 88' lang='grc' dir='ltr'>τοῦτο</span> <span class='ocrx_word' id='word_1_498' title='bbox 1603 3267 1660 3322; x_wconf 72' lang='grc' dir='ltr'>δὲ</span> 
     </span>
    </p>
   </div>
   <div class='ocr_carea' id='block_1_64' title="bbox 1770 3257 3344 3336">
    <p class='ocr_par' dir='ltr' id='par_1_64' title="bbox 1770 3257 3344 3328">
     <span class='ocr_line' id='line_1_64' title="bbox 1770 3257 3344 3328; baseline 0 -14"><span class='ocrx_word' id='word_1_499' title='bbox 1770 3259 1910 3315; x_wconf 89' lang='lat' dir='ltr'><strong>hanc</strong></span> <span class='ocrx_word' id='word_1_500' title='bbox 1951 3260 2095 3314; x_wconf 91' lang='lat' dir='ltr'><strong>enim</strong></span> <span class='ocrx_word' id='word_1_501' title='bbox 2140 3274 2360 3316; x_wconf 84' lang='lat' dir='ltr'><strong>causam</strong></span> <span class='ocrx_word' id='word_1_502' title='bbox 2417 3258 2614 3328; x_wconf 89' lang='lat' dir='ltr'><strong>inquit,</strong></span> <span class='ocrx_word' id='word_1_503' title='bbox 2651 3277 2670 3311; x_wconf 72' lang='grc' dir='ltr'><strong>ι</strong></span> <span class='ocrx_word' id='word_1_504' title='bbox 2709 3259 2847 3313; x_wconf 85' lang='lat' dir='ltr'><strong>Ante</strong></span> <span class='ocrx_word' id='word_1_505' title='bbox 2890 3273 2977 3315; x_wconf 92' lang='lat' dir='ltr'><strong>me</strong></span> <span class='ocrx_word' id='word_1_506' title='bbox 3021 3257 3198 3314; x_wconf 87' lang='lat' dir='ltr'><strong>factus</strong></span> <span class='ocrx_word' id='word_1_507' title='bbox 3236 3268 3344 3324; x_wconf 86' lang='lat' dir='ltr'><strong>est,</strong></span> 
     </span>
    </p>
   </div>
   <div class='ocr_carea' id='block_1_65' title="bbox 94 3350 1662 3432">
    <p class='ocr_par' dir='ltr' id='par_1_65' title="bbox 94 3350 1662 3432">
     <span class='ocr_line' id='line_1_65' title="bbox 94 3350 1662 3432; baseline 0.007 -30"><span class='ocrx_word' id='word_1_508' title='bbox 94 3350 179 3402; x_wconf 83' lang='grc' dir='ltr'>νοῶ</span> <span class='ocrx_word' id='word_1_509' title='bbox 205 3351 359 3406; x_wconf 76' lang='grc' dir='ltr'>αὐτὸν</span> <span class='ocrx_word' id='word_1_510' title='bbox 385 3354 605 3423; x_wconf 86' lang='grc' dir='ltr'>πρῶτόν</span> <span class='ocrx_word' id='word_1_511' title='bbox 640 3372 742 3426; x_wconf 87' lang='grc' dir='ltr'><strong>μου</strong></span> <span class='ocrx_word' id='word_1_512' title='bbox 774 3355 902 3409; x_wconf 77' lang='grc' dir='ltr'>ὄντα</span> <span class='ocrx_word' id='word_1_513' title='bbox 931 3357 1024 3410; x_wconf 74' lang='grc' dir='ltr'>καὶ</span> <span class='ocrx_word' id='word_1_514' title='bbox 1054 3357 1376 3430; x_wconf 86' lang='grc' dir='ltr'>τιμιώτερον</span> <span class='ocrx_word' id='word_1_515' title='bbox 1407 3359 1556 3432; x_wconf 77' lang='grc' dir='ltr'>παρὰ</span> <span class='ocrx_word' id='word_1_516' title='bbox 1582 3359 1662 3431; x_wconf 85' lang='grc' dir='ltr'>τῷ</span> 
     </span>
    </p>
   </div>
   <div class='ocr_carea' id='block_1_66' title="bbox 95 3443 1663 3521">
    <p class='ocr_par' dir='ltr' id='par_1_66' title="bbox 95 3443 1663 3521">
     <span class='ocr_line' id='line_1_66' title="bbox 95 3443 1663 3521; baseline 0.006 -25"><span class='ocrx_word' id='word_1_517' title='bbox 95 3443 266 3516; x_wconf 61' lang='lat' dir='ltr'><strong>lla-.91,</strong></span> <span class='ocrx_word' id='word_1_518' title='bbox 301 3447 427 3500; x_wconf 73' lang='grc' dir='ltr'>ἐπεὶ</span> <span class='ocrx_word' id='word_1_519' title='bbox 457 3447 526 3500; x_wconf 83' lang='grc' dir='ltr'>ὲκ</span> <span class='ocrx_word' id='word_1_520' title='bbox 557 3447 654 3500; x_wconf 89' lang='grc' dir='ltr'><strong>τοῦ</strong></span> <span class='ocrx_word' id='word_1_521' title='bbox 685 3447 1051 3520; x_wconf 86' lang='grc' dir='ltr'>πληρώματος</span> <span class='ocrx_word' id='word_1_522' title='bbox 1072 3449 1237 3504; x_wconf 84' lang='grc' dir='ltr'>αὐτοῦ</span> <span class='ocrx_word' id='word_1_523' title='bbox 1266 3449 1376 3521; x_wconf 74' lang='grc' dir='ltr'>ἐγώ</span> <span class='ocrx_word' id='word_1_524' title='bbox 1403 3468 1463 3505; x_wconf 86' lang='grc' dir='ltr'><strong>τε</strong></span> <span class='ocrx_word' id='word_1_525' title='bbox 1497 3451 1590 3504; x_wconf 75' lang='grc' dir='ltr'>καὶ</span> <span class='ocrx_word' id='word_1_526' title='bbox 1611 3452 1663 3505; x_wconf 80' lang='grc' dir='ltr'>οἱ</span> 
     </span>
    </p>
   </div>
   <div class='ocr_carea' id='block_1_67' title="bbox 99 3537 1662 3614">
    <p class='ocr_par' dir='ltr' id='par_1_67' title="bbox 99 3537 1662 3614">
     <span class='ocr_line' id='line_1_67' title="bbox 99 3537 1662 3614; baseline 0.006 -27"><span class='ocrx_word' id='word_1_527' title='bbox 99 3537 188 3606; x_wconf 75' lang='grc' dir='ltr'><strong>πρὸ</strong></span> <span class='ocrx_word' id='word_1_528' title='bbox 215 3538 346 3608; x_wconf 85' lang='grc' dir='ltr'>ἐμοῦ</span> <span class='ocrx_word' id='word_1_529' title='bbox 395 3538 679 3610; x_wconf 81' lang='grc' dir='ltr'>προφῆται</span> <span class='ocrx_word' id='word_1_530' title='bbox 706 3540 1008 3613; x_wconf 80' lang='grc' dir='ltr'>εἰλήφαμεν</span> <span class='ocrx_word' id='word_1_531' title='bbox 1060 3542 1220 3614; x_wconf 86' lang='grc' dir='ltr'>χάριν</span> <span class='ocrx_word' id='word_1_532' title='bbox 1249 3542 1346 3613; x_wconf 79' lang='grc' dir='ltr'>τὴν</span> <span class='ocrx_word' id='word_1_533' title='bbox 1383 3541 1662 3614; x_wconf 84' lang='grc' dir='ltr'>θειοτέραν</span> 
     </span>
    </p>
   </div>
   <div class='ocr_carea' id='block_1_68' title="bbox 96 3631 1664 3708">
    <p class='ocr_par' dir='ltr' id='par_1_68' title="bbox 96 3631 1664 3708">
     <span class='ocr_line' id='line_1_68' title="bbox 96 3631 1664 3708; baseline 0.006 -30"><span class='ocrx_word' id='word_1_534' title='bbox 96 3631 172 3680; x_wconf 67' lang='grc' dir='ltr'>καὶ</span> <span class='ocrx_word' id='word_1_535' title='bbox 191 3631 556 3703; x_wconf 47' lang='grc' dir='ltr'>προφητικῷ,</span> <span class='ocrx_word' id='word_1_536' title='bbox 579 3632 697 3686; x_wconf 80' lang='grc' dir='ltr'>ἀντὶ</span> <span class='ocrx_word' id='word_1_537' title='bbox 727 3633 948 3705; x_wconf 87' lang='grc' dir='ltr'>χάριτος</span> <span class='ocrx_word' id='word_1_538' title='bbox 975 3634 1077 3704; x_wconf 80' lang='grc' dir='ltr'>τῆς</span> <span class='ocrx_word' id='word_1_539' title='bbox 1105 3633 1244 3688; x_wconf 80' lang='grc' dir='ltr'>κατὰ</span> <span class='ocrx_word' id='word_1_540' title='bbox 1272 3633 1369 3705; x_wconf 80' lang='grc' dir='ltr'>τὴν</span> <span class='ocrx_word' id='word_1_541' title='bbox 1403 3636 1664 3708; x_wconf 84' lang='grc' dir='ltr'>προαίρε-</span> 
     </span>
    </p>
   </div>
   <div class='ocr_carea' id='block_1_69' title="bbox 99 3722 1664 3795">
    <p class='ocr_par' dir='ltr' id='par_1_69' title="bbox 99 3722 1664 3795">
     <span class='ocr_line' id='line_1_69' title="bbox 99 3722 1664 3795; baseline 0.006 -26"><span class='ocrx_word' id='word_1_542' title='bbox 99 3735 167 3774; x_wconf 81' lang='grc' dir='ltr'><strong>σιν</strong></span> <span class='ocrx_word' id='word_1_543' title='bbox 189 3723 337 3792; x_wconf 73' lang='grc' dir='ltr'>ἡμῶν</span> <span class='ocrx_word' id='word_1_544' title='bbox 372 3722 768 3793; x_wconf 79' lang='grc' dir='ltr'>ἀποδεχθεῖσαν</span> <span class='ocrx_word' id='word_1_545' title='bbox 805 3726 933 3795; x_wconf 83' lang='grc' dir='ltr'>παρ’</span> <span class='ocrx_word' id='word_1_546' title='bbox 965 3725 1130 3795; x_wconf 77' lang='grc' dir='ltr'>αὐτῷ’</span> <span class='ocrx_word' id='word_1_547' title='bbox 1167 3724 1255 3778; x_wconf 77' lang='grc' dir='ltr'><strong>διὰ</strong></span> <span class='ocrx_word' id='word_1_548' title='bbox 1295 3725 1453 3779; x_wconf 90' lang='grc' dir='ltr'>τοῦτο</span> <span class='ocrx_word' id='word_1_549' title='bbox 1480 3725 1536 3778; x_wconf 85' lang='grc' dir='ltr'>δὲ</span> <span class='ocrx_word' id='word_1_550' title='bbox 1571 3726 1664 3781; x_wconf 69' lang='grc' dir='ltr'>καὶ</span> 
     </span>
    </p>
   </div>
   <div class='ocr_carea' id='block_1_70' title="bbox 101 3811 1665 3887">
    <p class='ocr_par' dir='ltr' id='par_1_70' title="bbox 101 3811 1665 3887">
     <span class='ocr_line' id='line_1_70' title="bbox 101 3811 1665 3887; baseline 0.006 -25"><span class='ocrx_word' id='word_1_551' title='bbox 101 3831 115 3859; x_wconf 75' lang='grc' dir='ltr'><strong>ι</strong></span> <span class='ocrx_word' id='word_1_552' title='bbox 140 3812 439 3883; x_wconf 80' lang='grc' dir='ltr'>ἔμπροσθεν</span> <span class='ocrx_word' id='word_1_553' title='bbox 471 3815 717 3883; x_wconf 82' lang='grc' dir='ltr'>γέγονεν,</span> <span class='ocrx_word' id='word_1_554' title='bbox 749 3815 831 3868; x_wconf 68' lang='grc' dir='ltr'>ὅτι</span> <span class='ocrx_word' id='word_1_555' title='bbox 861 3815 1072 3887; x_wconf 79' lang='grc' dir='ltr'>πρῶτός</span> <span class='ocrx_word' id='word_1_556' title='bbox 1101 3833 1200 3886; x_wconf 88' lang='grc' dir='ltr'><strong>μου</strong></span> <span class='ocrx_word' id='word_1_557' title='bbox 1231 3811 1318 3887; x_wconf 80' lang='grc' dir='ltr'><strong>ἦν’</strong></span> <span class='ocrx_word' id='word_1_558' title='bbox 1365 3836 1383 3866; x_wconf 79' lang='grc' dir='ltr'><strong>ι</strong></span> <span class='ocrx_word' id='word_1_559' title='bbox 1421 3817 1541 3870; x_wconf 78' lang='grc' dir='ltr'>ἐπεὶ</span> <span class='ocrx_word' id='word_1_560' title='bbox 1571 3819 1665 3872; x_wconf 71' lang='grc' dir='ltr'>καὶ</span> 
     </span>
    </p>
   </div>
   <div class='ocr_carea' id='block_1_71' title="bbox 98 3907 1663 3980">
    <p class='ocr_par' dir='ltr' id='par_1_71' title="bbox 98 3907 1663 3980">
     <span class='ocr_line' id='line_1_71' title="bbox 98 3907 1663 3980; baseline 0.006 -27"><span class='ocrx_word' id='word_1_561' title='bbox 98 3909 431 3978; x_wconf 72' lang='grc' dir='ltr'>νενοήκαμεν,</span> <span class='ocrx_word' id='word_1_562' title='bbox 471 3909 539 3960; x_wconf 83' lang='grc' dir='ltr'>ὲκ</span> <span class='ocrx_word' id='word_1_563' title='bbox 585 3907 680 3960; x_wconf 91' lang='grc' dir='ltr'><strong>τοῦ</strong></span> <span class='ocrx_word' id='word_1_564' title='bbox 735 3907 1097 3980; x_wconf 85' lang='grc' dir='ltr'>πληρώματος</span> <span class='ocrx_word' id='word_1_565' title='bbox 1144 3908 1308 3962; x_wconf 83' lang='grc' dir='ltr'>αὑτοῦ</span> <span class='ocrx_word' id='word_1_566' title='bbox 1363 3910 1663 3980; x_wconf 79' lang='grc' dir='ltr'>εἰληφότες,</span> 
     </span>
    </p>
   </div>
   <div class='ocr_carea' id='block_1_72' title="bbox 95 3999 1665 4074">
    <p class='ocr_par' dir='ltr' id='par_1_72' title="bbox 95 3999 1665 4074">
     <span class='ocr_line' id='line_1_72' title="bbox 95 3999 1665 4074; baseline 0.008 -29"><span class='ocrx_word' id='word_1_567' title='bbox 95 4011 169 4047; x_wconf 86' lang='grc' dir='ltr'><strong>τον</strong></span> <span class='ocrx_word' id='word_1_568' title='bbox 198 3999 291 4067; x_wconf 76' lang='grc' dir='ltr'>μὲν</span> <span class='ocrx_word' id='word_1_569' title='bbox 325 4000 497 4070; x_wconf 87' lang='grc' dir='ltr'>νόμον</span> <span class='ocrx_word' id='word_1_570' title='bbox 533 4000 622 4053; x_wconf 78' lang='grc' dir='ltr'>διὰ</span> <span class='ocrx_word' id='word_1_571' title='bbox 653 4001 900 4064; x_wconf 78' lang='grc' dir='ltr'>Μωσέως</span> <span class='ocrx_word' id='word_1_572' title='bbox 948 4002 1214 4067; x_wconf 83' lang='grc' dir='ltr'>δεδόσθαι,</span> <span class='ocrx_word' id='word_1_573' title='bbox 1249 4003 1348 4074; x_wconf 83' lang='grc' dir='ltr'>οὐχ</span> <span class='ocrx_word' id='word_1_574' title='bbox 1389 4003 1494 4057; x_wconf 77' lang='grc' dir='ltr'>ὑπὸ</span> <span class='ocrx_word' id='word_1_575' title='bbox 1535 4006 1665 4058; x_wconf 86' lang='grc' dir='ltr'>Μω-</span> 
     </span>
    </p>
   </div>
   <div class='ocr_carea' id='block_1_73' title="bbox 99 4089 1668 4169">
    <p class='ocr_par' dir='ltr' id='par_1_73' title="bbox 99 4089 1668 4169">
     <span class='ocr_line' id='line_1_73' title="bbox 99 4089 1668 4169; baseline 0.007 -31"><span class='ocrx_word' id='word_1_576' title='bbox 99 4089 233 4152; x_wconf 73' lang='grc' dir='ltr'>σέωςο</span> <span class='ocrx_word' id='word_1_577' title='bbox 257 4092 354 4164; x_wconf 83' lang='grc' dir='ltr'>τὴν</span> <span class='ocrx_word' id='word_1_578' title='bbox 389 4093 448 4146; x_wconf 86' lang='grc' dir='ltr'>δὲ</span> <span class='ocrx_word' id='word_1_579' title='bbox 475 4093 636 4165; x_wconf 87' lang='grc' dir='ltr'>χάριν</span> <span class='ocrx_word' id='word_1_580' title='bbox 657 4094 750 4146; x_wconf 77' lang='grc' dir='ltr'>καὶ</span> <span class='ocrx_word' id='word_1_581' title='bbox 783 4094 882 4165; x_wconf 82' lang='grc' dir='ltr'>τὴν</span> <span class='ocrx_word' id='word_1_582' title='bbox 912 4095 1169 4166; x_wconf 81' lang='grc' dir='ltr'>ἀλήθειαν</span> <span class='ocrx_word' id='word_1_583' title='bbox 1195 4096 1284 4150; x_wconf 81' lang='grc' dir='ltr'>διὰ</span> <span class='ocrx_word' id='word_1_584' title='bbox 1327 4096 1496 4168; x_wconf 87' lang='grc' dir='ltr'>Ἰησοῦ</span> <span class='ocrx_word' id='word_1_585' title='bbox 1535 4099 1668 4169; x_wconf 77' lang='grc' dir='ltr'>Χριο</span> 
     </span>
    </p>
   </div>
   <div class='ocr_carea' id='block_1_74' title="bbox 99 4181 1666 4256">
    <p class='ocr_par' dir='ltr' id='par_1_74' title="bbox 99 4181 1666 4256">
     <span class='ocr_line' id='line_1_74' title="bbox 99 4181 1666 4256; baseline 0.007 -24"><span class='ocrx_word' id='word_1_586' title='bbox 99 4181 204 4234; x_wconf 82' lang='grc' dir='ltr'>στοῦ</span> <span class='ocrx_word' id='word_1_587' title='bbox 233 4185 291 4236; x_wconf 76' lang='grc' dir='ltr'>οὐ</span> <span class='ocrx_word' id='word_1_588' title='bbox 319 4185 573 4240; x_wconf 78' lang='grc' dir='ltr'>δεδόσθαι</span> <span class='ocrx_word' id='word_1_589' title='bbox 598 4185 780 4256; x_wconf 88' lang='grc' dir='ltr'>μόνον,</span> <span class='ocrx_word' id='word_1_590' title='bbox 799 4185 934 4241; x_wconf 73' lang='grc' dir='ltr'>ἀλλὰ</span> <span class='ocrx_word' id='word_1_591' title='bbox 963 4188 1056 4241; x_wconf 75' lang='grc' dir='ltr'>καὶ</span> <span class='ocrx_word' id='word_1_592' title='bbox 1081 4189 1384 4256; x_wconf 84' lang='grc' dir='ltr'>γεγονέναι,</span> <span class='ocrx_word' id='word_1_593' title='bbox 1415 4188 1510 4242; x_wconf 85' lang='grc' dir='ltr'><strong>τοῦ</strong></span> <span class='ocrx_word' id='word_1_594' title='bbox 1531 4189 1666 4244; x_wconf 84' lang='grc' dir='ltr'>Θεοῦ</span> 
     </span>
    </p>
   </div>
   <div class='ocr_carea' id='block_1_75' title="bbox 98 4274 1670 4348">
    <p class='ocr_par' dir='ltr' id='par_1_75' title="bbox 98 4274 1670 4348">
     <span class='ocr_line' id='line_1_75' title="bbox 98 4274 1670 4348; baseline 0.008 -26"><span class='ocrx_word' id='word_1_595' title='bbox 98 4275 174 4324; x_wconf 74' lang='lat'><strong>7.1&quot;.</strong></span> <span class='ocrx_word' id='word_1_596' title='bbox 198 4274 410 4346; x_wconf 73' lang='grc' dir='ltr'>Πατρδς</span> <span class='ocrx_word' id='word_1_597' title='bbox 443 4276 614 4330; x_wconf 79' lang='grc' dir='ltr'>αὑτοῦ</span> <span class='ocrx_word' id='word_1_598' title='bbox 643 4277 734 4330; x_wconf 86' lang='grc' dir='ltr'><strong>τόν</strong></span> <span class='ocrx_word' id='word_1_599' title='bbox 761 4294 821 4330; x_wconf 89' lang='grc' dir='ltr'><strong>τε</strong></span> <span class='ocrx_word' id='word_1_600' title='bbox 851 4279 1014 4348; x_wconf 87' lang='grc' dir='ltr'>νόμον</span> <span class='ocrx_word' id='word_1_601' title='bbox 1040 4279 1128 4332; x_wconf 80' lang='grc' dir='ltr'><strong>διὰ</strong></span> <span class='ocrx_word' id='word_1_602' title='bbox 1166 4279 1412 4343; x_wconf 80' lang='grc' dir='ltr'>Μωσέως</span> <span class='ocrx_word' id='word_1_603' title='bbox 1444 4279 1670 4334; x_wconf 85' lang='grc' dir='ltr'>δεδωκό-</span> 
     </span>
    </p>
   </div>
   <div class='ocr_carea' id='block_1_76' title="bbox 98 4367 1668 4443">
    <p class='ocr_par' dir='ltr' id='par_1_76' title="bbox 98 4367 1668 4443">
     <span class='ocr_line' id='line_1_76' title="bbox 98 4367 1668 4443; baseline 0.006 -26"><span class='ocrx_word' id='word_1_604' title='bbox 98 4383 190 4428; x_wconf 81' lang='grc' dir='ltr'>τος,</span> <span class='ocrx_word' id='word_1_605' title='bbox 212 4367 305 4439; x_wconf 76' lang='grc' dir='ltr'>τὴν</span> <span class='ocrx_word' id='word_1_606' title='bbox 329 4371 498 4440; x_wconf 78' lang='grc' dir='ltr'>χάριν</span> <span class='ocrx_word' id='word_1_607' title='bbox 530 4370 624 4424; x_wconf 82' lang='grc' dir='ltr'>καὶ</span> <span class='ocrx_word' id='word_1_608' title='bbox 664 4370 762 4441; x_wconf 79' lang='grc' dir='ltr'>τὴν</span> <span class='ocrx_word' id='word_1_609' title='bbox 788 4369 1046 4440; x_wconf 81' lang='grc' dir='ltr'>ἀλήθειαν</span> <span class='ocrx_word' id='word_1_610' title='bbox 1090 4371 1178 4424; x_wconf 80' lang='grc' dir='ltr'>διὰ</span> <span class='ocrx_word' id='word_1_611' title='bbox 1221 4371 1396 4442; x_wconf 89' lang='grc' dir='ltr'>Ἰησοῦ</span> <span class='ocrx_word' id='word_1_612' title='bbox 1431 4371 1668 4443; x_wconf 87' lang='grc' dir='ltr'>Χριστοῦ</span> 
     </span>
    </p>
   </div>
   <div class='ocr_carea' id='block_1_77' title="bbox 101 4460 1669 4532">
    <p class='ocr_par' dir='ltr' id='par_1_77' title="bbox 101 4460 1669 4532">
     <span class='ocr_line' id='line_1_77' title="bbox 101 4460 1669 4532; baseline 0.008 -28"><span class='ocrx_word' id='word_1_613' title='bbox 101 4460 462 4527; x_wconf 64' lang='grc' dir='ltr'>πεποιηκότος</span> <span class='ocrx_word' id='word_1_614' title='bbox 498 4460 660 4530; x_wconf 84' lang='grc' dir='ltr'>χάριν</span> <span class='ocrx_word' id='word_1_615' title='bbox 692 4460 748 4512; x_wconf 79' lang='grc' dir='ltr'>δὲ</span> <span class='ocrx_word' id='word_1_616' title='bbox 790 4461 884 4512; x_wconf 73' lang='grc' dir='ltr'><strong>καὶ</strong></span> <span class='ocrx_word' id='word_1_617' title='bbox 918 4461 1174 4531; x_wconf 84' lang='grc' dir='ltr'>ἀλήθειαν</span> <span class='ocrx_word' id='word_1_618' title='bbox 1202 4462 1562 4532; x_wconf 86' lang='grc' dir='ltr'>πεποιηκότος</span> <span class='ocrx_word' id='word_1_619' title='bbox 1581 4463 1669 4518; x_wconf 71' lang='grc' dir='ltr'><strong>διὰ</strong></span> 
     </span>
    </p>
   </div>
   <div class='ocr_carea' id='block_1_78' title="bbox 1765 3351 3344 3424">
    <p class='ocr_par' dir='ltr' id='par_1_78' title="bbox 1765 3351 3344 3424">
     <span class='ocr_line' id='line_1_78' title="bbox 1765 3351 3344 3424; baseline 0.001 -20"><span class='ocrx_word' id='word_1_620' title='bbox 1765 3354 2020 3424; x_wconf 86' lang='lat' dir='ltr'><strong>quoniam</strong></span> <span class='ocrx_word' id='word_1_621' title='bbox 2045 3354 2196 3424; x_wconf 91' lang='lat' dir='ltr'><strong>prior</strong></span> <span class='ocrx_word' id='word_1_622' title='bbox 2226 3368 2311 3410; x_wconf 91' lang='lat' dir='ltr'><strong>me</strong></span> <span class='ocrx_word' id='word_1_623' title='bbox 2336 3361 2456 3408; x_wconf 88' lang='lat' dir='ltr'><strong>erat</strong></span> <span class='ocrx_word' id='word_1_624' title='bbox 2479 3351 2545 3416; x_wconf 82' lang='grc'><strong>⁸⁸,</strong></span> <span class='ocrx_word' id='word_1_625' title='bbox 2578 3370 2599 3404; x_wconf 78' lang='grc' dir='ltr'><strong>ι</strong></span> <span class='ocrx_word' id='word_1_626' title='bbox 2633 3361 2685 3406; x_wconf 90' lang='lat' dir='ltr'><strong>et</strong></span> <span class='ocrx_word' id='word_1_627' title='bbox 2707 3356 2777 3408; x_wconf 89' lang='lat' dir='ltr'><strong>ob</strong></span> <span class='ocrx_word' id='word_1_628' title='bbox 2814 3353 2956 3407; x_wconf 90' lang='lat' dir='ltr'><strong>hanc</strong></span> <span class='ocrx_word' id='word_1_629' title='bbox 2999 3367 3219 3408; x_wconf 88' lang='lat' dir='ltr'><strong>causam</strong></span> <span class='ocrx_word' id='word_1_630' title='bbox 3257 3354 3344 3406; x_wconf 80' lang='lat' dir='ltr'><strong>in-</strong></span> 
     </span>
    </p>
   </div>
   <div class='ocr_carea' id='block_1_79' title="bbox 1767 3443 3346 3518">
    <p class='ocr_par' dir='ltr' id='par_1_79' title="bbox 1767 3443 3346 3518">
     <span class='ocr_line' id='line_1_79' title="bbox 1767 3443 3346 3518; baseline -0.002 -17"><span class='ocrx_word' id='word_1_631' title='bbox 1767 3447 1950 3518; x_wconf 88' lang='lat' dir='ltr'><strong>telligo</strong></span> <span class='ocrx_word' id='word_1_632' title='bbox 1976 3462 2098 3501; x_wconf 91' lang='lat' dir='ltr'><strong>enm</strong></span> <span class='ocrx_word' id='word_1_633' title='bbox 2124 3449 2358 3518; x_wconf 89' lang='lat' dir='ltr'><strong>priorem</strong></span> <span class='ocrx_word' id='word_1_634' title='bbox 2407 3460 2493 3501; x_wconf 92' lang='lat' dir='ltr'><strong>me</strong></span> <span class='ocrx_word' id='word_1_635' title='bbox 2535 3446 2804 3500; x_wconf 82' lang='lat' dir='ltr'><strong>exsistere</strong></span> <span class='ocrx_word' id='word_1_636' title='bbox 2833 3453 2890 3499; x_wconf 89' lang='lat' dir='ltr'><strong>et</strong></span> <span class='ocrx_word' id='word_1_637' title='bbox 2933 3445 3072 3514; x_wconf 89' lang='lat' dir='ltr'><strong>apud</strong></span> <span class='ocrx_word' id='word_1_638' title='bbox 3125 3443 3346 3499; x_wconf 85' lang='lat' dir='ltr'><strong>Patrem</strong></span> 
     </span>
    </p>
   </div>
   <div class='ocr_carea' id='block_1_80' title="bbox 1768 3535 3346 3617">
    <p class='ocr_par' dir='ltr' id='par_1_80' title="bbox 1768 3535 3346 3617">
     <span class='ocr_line' id='line_1_80' title="bbox 1768 3535 3346 3617; baseline -0.003 -23"><span class='ocrx_word' id='word_1_639' title='bbox 1768 3539 2234 3596; x_wconf 88' lang='lat' dir='ltr'><strong>honorabiliorem</strong></span> <span class='ocrx_word' id='word_1_640' title='bbox 2265 3553 2406 3604; x_wconf 89' lang='lat' dir='ltr'><strong>esse,</strong></span> <span class='ocrx_word' id='word_1_641' title='bbox 2450 3537 2708 3608; x_wconf 87' lang='lat' dir='ltr'><strong>quoniam</strong></span> <span class='ocrx_word' id='word_1_642' title='bbox 2744 3549 2808 3590; x_wconf 79' lang='lat' dir='ltr'><strong>ex</strong></span> <span class='ocrx_word' id='word_1_643' title='bbox 2843 3535 2960 3617; x_wconf 84' lang='lat' dir='ltr'><strong>ejus</strong></span> <span class='ocrx_word' id='word_1_644' title='bbox 3005 3537 3346 3606; x_wconf 89' lang='lat' dir='ltr'><strong>plenitudine</strong></span> 
     </span>
    </p>
   </div>
   <div class='ocr_carea' id='block_1_81' title="bbox 1770 3628 3346 3702">
    <p class='ocr_par' dir='ltr' id='par_1_81' title="bbox 1770 3628 3346 3702">
     <span class='ocr_line' id='line_1_81' title="bbox 1770 3628 3346 3702; baseline -0.003 -15"><span class='ocrx_word' id='word_1_645' title='bbox 1770 3643 1882 3687; x_wconf 91' lang='lat' dir='ltr'><strong>tum</strong></span> <span class='ocrx_word' id='word_1_646' title='bbox 1934 3646 2053 3702; x_wconf 81' lang='lat' dir='ltr'><strong>ego,</strong></span> <span class='ocrx_word' id='word_1_647' title='bbox 2103 3641 2214 3686; x_wconf 91' lang='lat' dir='ltr'><strong>tum</strong></span> <span class='ocrx_word' id='word_1_648' title='bbox 2274 3630 2573 3701; x_wconf 71' lang='lat' dir='ltr'><strong>prophetae,</strong></span> <span class='ocrx_word' id='word_1_649' title='bbox 2632 3628 2722 3698; x_wconf 89' lang='lat' dir='ltr'><strong>qui</strong></span> <span class='ocrx_word' id='word_1_650' title='bbox 2775 3643 2860 3683; x_wconf 91' lang='lat' dir='ltr'><strong>me</strong></span> <span class='ocrx_word' id='word_1_651' title='bbox 2909 3638 3346 3694; x_wconf 85' lang='lat' dir='ltr'><strong>antecesserunt,</strong></span> 
     </span>
    </p>
   </div>
   <div class='ocr_carea' id='block_1_82' title="bbox 1769 3721 3346 3794">
    <p class='ocr_par' dir='ltr' id='par_1_82' title="bbox 1769 3721 3346 3794">
     <span class='ocr_line' id='line_1_82' title="bbox 1769 3721 3346 3794; baseline -0.002 -14"><span class='ocrx_word' id='word_1_652' title='bbox 1769 3726 2181 3794; x_wconf 87' lang='lat' dir='ltr'><strong>sumpserimus,</strong></span> <span class='ocrx_word' id='word_1_653' title='bbox 2213 3740 2407 3793; x_wconf 89' lang='lat' dir='ltr'><strong>nempe</strong></span> <span class='ocrx_word' id='word_1_654' title='bbox 2433 3723 2662 3794; x_wconf 79' lang='lat' dir='ltr'><strong>gratiam</strong></span> <span class='ocrx_word' id='word_1_655' title='bbox 2703 3723 3051 3787; x_wconf 89' lang='lat' dir='ltr'><strong>diviniorem,</strong></span> <span class='ocrx_word' id='word_1_656' title='bbox 3084 3732 3138 3778; x_wconf 88' lang='lat' dir='ltr'><strong>et</strong></span> <span class='ocrx_word' id='word_1_657' title='bbox 3171 3721 3346 3790; x_wconf 82' lang='lat' dir='ltr'><strong>majo-</strong></span> 
     </span>
    </p>
   </div>
   <div class='ocr_carea' id='block_1_83' title="bbox 1770 3813 3345 3885">
    <p class='ocr_par' dir='ltr' id='par_1_83' title="bbox 1770 3813 3345 3885">
     <span class='ocr_line' id='line_1_83' title="bbox 1770 3813 3345 3885; baseline -0.002 -15"><span class='ocrx_word' id='word_1_658' title='bbox 1770 3832 1905 3879; x_wconf 81' lang='lat' dir='ltr'><strong>rem,</strong></span> <span class='ocrx_word' id='word_1_659' title='bbox 1940 3826 1990 3870; x_wconf 92' lang='lat' dir='ltr'><strong>et</strong></span> <span class='ocrx_word' id='word_1_660' title='bbox 2031 3816 2426 3884; x_wconf 89' lang='lat' dir='ltr'><strong>propheticam,</strong></span> <span class='ocrx_word' id='word_1_661' title='bbox 2455 3829 2554 3884; x_wconf 87' lang='lat' dir='ltr'><strong>pro</strong></span> <span class='ocrx_word' id='word_1_662' title='bbox 2581 3830 2642 3869; x_wconf 90' lang='lat' dir='ltr'><strong>ea</strong></span> <span class='ocrx_word' id='word_1_663' title='bbox 2681 3813 2854 3885; x_wconf 88' lang='lat' dir='ltr'><strong>gratia</strong></span> <span class='ocrx_word' id='word_1_664' title='bbox 2887 3829 3011 3883; x_wconf 69' lang='lat' dir='ltr'><strong>quae</strong></span> <span class='ocrx_word' id='word_1_665' title='bbox 3048 3813 3345 3868; x_wconf 89' lang='lat' dir='ltr'><strong>secundum</strong></span> 
     </span>
    </p>
   </div>
   <div class='ocr_carea' id='block_1_84' title="bbox 1769 3904 3348 3974">
    <p class='ocr_par' dir='ltr' id='par_1_84' title="bbox 1769 3904 3348 3974">
     <span class='ocr_line' id='line_1_84' title="bbox 1769 3904 3348 3974; baseline -0.003 -12"><span class='ocrx_word' id='word_1_666' title='bbox 1769 3908 2088 3962; x_wconf 87' lang='lat' dir='ltr'><strong>electionem</strong></span> <span class='ocrx_word' id='word_1_667' title='bbox 2153 3917 2394 3961; x_wconf 90' lang='lat' dir='ltr'><strong>nostram</strong></span> <span class='ocrx_word' id='word_1_668' title='bbox 2446 3915 2660 3974; x_wconf 87' lang='lat' dir='ltr'><strong>recepta</strong></span> <span class='ocrx_word' id='word_1_669' title='bbox 2681 3915 2792 3970; x_wconf 89' lang='lat' dir='ltr'><strong>est;</strong></span> <span class='ocrx_word' id='word_1_670' title='bbox 2843 3906 2913 3959; x_wconf 89' lang='lat' dir='ltr'><strong>ob</strong></span> <span class='ocrx_word' id='word_1_671' title='bbox 2971 3904 3110 3958; x_wconf 86' lang='lat' dir='ltr'><strong>hanc</strong></span> <span class='ocrx_word' id='word_1_672' title='bbox 3163 3913 3348 3958; x_wconf 88' lang='lat' dir='ltr'><strong>autem</strong></span> 
     </span>
    </p>
   </div>
   <div class='ocr_carea' id='block_1_85' title="bbox 1769 3997 3347 4067">
    <p class='ocr_par' dir='ltr' id='par_1_85' title="bbox 1769 3997 3347 4067">
     <span class='ocr_line' id='line_1_85' title="bbox 1769 3997 3347 4067; baseline -0.003 -11"><span class='ocrx_word' id='word_1_673' title='bbox 1769 4016 1993 4056; x_wconf 87' lang='lat' dir='ltr'><strong>causam</strong></span> <span class='ocrx_word' id='word_1_674' title='bbox 2033 4019 2049 4052; x_wconf 76' lang='grc' dir='ltr'><strong>ι</strong></span> <span class='ocrx_word' id='word_1_675' title='bbox 2086 4011 2212 4054; x_wconf 87' lang='lat' dir='ltr'><strong>ante</strong></span> <span class='ocrx_word' id='word_1_676' title='bbox 2269 4014 2354 4054; x_wconf 91' lang='lat' dir='ltr'><strong>me</strong></span> <span class='ocrx_word' id='word_1_677' title='bbox 2393 4019 2412 4051; x_wconf 70' lang='grc' dir='ltr'><strong>ι</strong></span> <span class='ocrx_word' id='word_1_678' title='bbox 2442 3999 2606 4052; x_wconf 87' lang='lat' dir='ltr'><strong>etiam</strong></span> <span class='ocrx_word' id='word_1_679' title='bbox 2636 4017 2655 4050; x_wconf 75' lang='grc' dir='ltr'><strong>ι</strong></span> <span class='ocrx_word' id='word_1_680' title='bbox 2700 3998 2874 4052; x_wconf 86' lang='lat' dir='ltr'><strong>factus</strong></span> <span class='ocrx_word' id='word_1_681' title='bbox 2918 4006 3036 4061; x_wconf 92' lang='lat' dir='ltr'><strong>est,</strong></span> <span class='ocrx_word' id='word_1_682' title='bbox 3087 3997 3347 4067; x_wconf 86' lang='lat' dir='ltr'><strong>quoniam</strong></span> 
     </span>
    </p>
   </div>
   <div class='ocr_carea' id='block_1_86' title="bbox 1771 4089 3344 4164">
    <p class='ocr_par' dir='ltr' id='par_1_86' title="bbox 1771 4089 3344 4164">
     <span class='ocr_line' id='line_1_86' title="bbox 1771 4089 3344 4164; baseline -0.004 -17"><span class='ocrx_word' id='word_1_683' title='bbox 1771 4095 1918 4164; x_wconf 86' lang='lat' dir='ltr'><strong>prior</strong></span> <span class='ocrx_word' id='word_1_684' title='bbox 1952 4109 2037 4154; x_wconf 88' lang='lat' dir='ltr'><strong>me</strong></span> <span class='ocrx_word' id='word_1_685' title='bbox 2069 4102 2207 4157; x_wconf 91' lang='lat' dir='ltr'><strong>erat,</strong></span> <span class='ocrx_word' id='word_1_686' title='bbox 2245 4111 2263 4144; x_wconf 80' lang='grc' dir='ltr'><strong>ι</strong></span> <span class='ocrx_word' id='word_1_687' title='bbox 2295 4093 2420 4163; x_wconf 90' lang='lat' dir='ltr'><strong>quia</strong></span> <span class='ocrx_word' id='word_1_688' title='bbox 2449 4106 2514 4146; x_wconf 78' lang='lat' dir='ltr'><strong>ex</strong></span> <span class='ocrx_word' id='word_1_689' title='bbox 2547 4091 2880 4160; x_wconf 82' lang='lat' dir='ltr'><strong>plenitudine</strong></span> <span class='ocrx_word' id='word_1_690' title='bbox 2905 4089 3022 4159; x_wconf 85' lang='lat' dir='ltr'><strong>ejus</strong></span> <span class='ocrx_word' id='word_1_691' title='bbox 3050 4103 3178 4144; x_wconf 91' lang='lat' dir='ltr'><strong>cum</strong></span> <span class='ocrx_word' id='word_1_692' title='bbox 3209 4090 3344 4142; x_wconf 89' lang='lat' dir='ltr'><strong>hau-</strong></span> 
     </span>
    </p>
   </div>
   <div class='ocr_carea' id='block_1_87' title="bbox 1772 4177 3348 4250">
    <p class='ocr_par' dir='ltr' id='par_1_87' title="bbox 1772 4177 3348 4250">
     <span class='ocr_line' id='line_1_87' title="bbox 1772 4177 3348 4250; baseline -0.004 -11"><span class='ocrx_word' id='word_1_693' title='bbox 1772 4185 2052 4249; x_wconf 90' lang='lat' dir='ltr'><strong>sissemus,</strong></span> <span class='ocrx_word' id='word_1_694' title='bbox 2083 4181 2453 4241; x_wconf 81' lang='lat' dir='ltr'><strong>intelleximus</strong></span> <span class='ocrx_word' id='word_1_695' title='bbox 2482 4181 2644 4236; x_wconf 88' lang='lat' dir='ltr'><strong>etiam</strong></span> <span class='ocrx_word' id='word_1_696' title='bbox 2673 4180 2839 4250; x_wconf 81' lang='lat' dir='ltr'><strong>legem</strong></span> <span class='ocrx_word' id='word_1_697' title='bbox 2869 4195 2964 4249; x_wconf 90' lang='lat' dir='ltr'><strong>per</strong></span> <span class='ocrx_word' id='word_1_698' title='bbox 2994 4177 3215 4243; x_wconf 83' lang='lat' dir='ltr'><strong>Mosem,</strong></span> <span class='ocrx_word' id='word_1_699' title='bbox 3241 4192 3348 4232; x_wconf 92' lang='lat' dir='ltr'><strong>non</strong></span> 
     </span>
    </p>
   </div>
   <div class='ocr_carea' id='block_1_88' title="bbox 1772 4271 3350 4344">
    <p class='ocr_par' dir='ltr' id='par_1_88' title="bbox 1772 4271 3350 4344">
     <span class='ocr_line' id='line_1_88' title="bbox 1772 4271 3350 4344; baseline -0.007 -12"><span class='ocrx_word' id='word_1_700' title='bbox 1772 4294 1801 4332; x_wconf 90' lang='lat' dir='ltr'><strong>a</strong></span> <span class='ocrx_word' id='word_1_701' title='bbox 1841 4277 2007 4340; x_wconf 85' lang='lat' dir='ltr'><strong>Mose,</strong></span> <span class='ocrx_word' id='word_1_702' title='bbox 2041 4277 2221 4330; x_wconf 88' lang='lat' dir='ltr'><strong>datam</strong></span> <span class='ocrx_word' id='word_1_703' title='bbox 2255 4273 2424 4330; x_wconf 86' lang='lat' dir='ltr'><strong>fuisse</strong></span> <span class='ocrx_word' id='word_1_704' title='bbox 2456 4274 2502 4306; x_wconf 78' lang='grc' dir='ltr'><strong>⁸ο</strong></span> <span class='ocrx_word' id='word_1_705' title='bbox 2534 4288 2547 4325; x_wconf 89' lang='lat'><strong>:</strong></span> <span class='ocrx_word' id='word_1_706' title='bbox 2587 4273 2820 4344; x_wconf 80' lang='lat' dir='ltr'><strong>gratiam</strong></span> <span class='ocrx_word' id='word_1_707' title='bbox 2880 4285 3011 4326; x_wconf 82' lang='lat' dir='ltr'><strong>vero</strong></span> <span class='ocrx_word' id='word_1_708' title='bbox 3062 4281 3117 4323; x_wconf 92' lang='lat' dir='ltr'><strong>et</strong></span> <span class='ocrx_word' id='word_1_709' title='bbox 3147 4271 3350 4325; x_wconf 86' lang='lat' dir='ltr'><strong>verita-</strong></span> 
     </span>
    </p>
   </div>
   <div class='ocr_carea' id='block_1_89' title="bbox 1775 4360 3351 4438">
    <p class='ocr_par' dir='ltr' id='par_1_89' title="bbox 1775 4360 3351 4438">
     <span class='ocr_line' id='line_1_89' title="bbox 1775 4360 3351 4438; baseline -0.007 -15"><span class='ocrx_word' id='word_1_710' title='bbox 1775 4380 1880 4424; x_wconf 86' lang='lat' dir='ltr'><strong>tem</strong></span> <span class='ocrx_word' id='word_1_711' title='bbox 1925 4383 2020 4438; x_wconf 85' lang='lat' dir='ltr'><strong>per</strong></span> <span class='ocrx_word' id='word_1_712' title='bbox 2065 4368 2248 4423; x_wconf 78' lang='lat' dir='ltr'><strong>Jesum</strong></span> <span class='ocrx_word' id='word_1_713' title='bbox 2306 4366 2583 4420; x_wconf 84' lang='lat' dir='ltr'><strong>Christum</strong></span> <span class='ocrx_word' id='word_1_714' title='bbox 2637 4378 2742 4418; x_wconf 91' lang='lat' dir='ltr'><strong>non</strong></span> <span class='ocrx_word' id='word_1_715' title='bbox 2771 4360 2944 4418; x_wconf 88' lang='lat' dir='ltr'><strong>solum</strong></span> <span class='ocrx_word' id='word_1_716' title='bbox 2998 4361 3201 4425; x_wconf 85' lang='lat' dir='ltr'><strong>datam,</strong></span> <span class='ocrx_word' id='word_1_717' title='bbox 3255 4360 3351 4413; x_wconf 88' lang='lat' dir='ltr'><strong>sed</strong></span> 
     </span>
    </p>
   </div>
   <div class='ocr_carea' id='block_1_90' title="bbox 1773 4451 3349 4522">
    <p class='ocr_par' dir='ltr' id='par_1_90' title="bbox 1773 4451 3349 4522">
     <span class='ocr_line' id='line_1_90' title="bbox 1773 4451 3349 4522; baseline -0.008 -6"><span class='ocrx_word' id='word_1_718' title='bbox 1773 4463 1938 4516; x_wconf 88' lang='lat' dir='ltr'><strong>etiam</strong></span> <span class='ocrx_word' id='word_1_719' title='bbox 1972 4460 2172 4514; x_wconf 87' lang='lat' dir='ltr'><strong>factam</strong></span> <span class='ocrx_word' id='word_1_720' title='bbox 2229 4458 2412 4512; x_wconf 88' lang='lat' dir='ltr'><strong>fuisse.</strong></span> <span class='ocrx_word' id='word_1_721' title='bbox 2450 4457 2653 4522; x_wconf 86' lang='lat' dir='ltr'><strong>Nempe</strong></span> <span class='ocrx_word' id='word_1_722' title='bbox 2705 4455 2813 4509; x_wconf 91' lang='lat' dir='ltr'><strong>Deo</strong></span> <span class='ocrx_word' id='word_1_723' title='bbox 2862 4463 2917 4508; x_wconf 89' lang='lat' dir='ltr'><strong>et</strong></span> <span class='ocrx_word' id='word_1_724' title='bbox 2957 4451 3116 4506; x_wconf 85' lang='lat' dir='ltr'><strong>Patre</strong></span> <span class='ocrx_word' id='word_1_725' title='bbox 3157 4451 3349 4521; x_wconf 84' lang='lat' dir='ltr'><strong>ipsius.</strong></span> 
     </span>
    </p>
   </div>
   <div class='ocr_carea' id='block_1_91' title="bbox 109 4544 1664 4626">
    <p class='ocr_par' dir='ltr' id='par_1_91' title="bbox 109 4549 1664 4624">
     <span class='ocr_line' id='line_1_91' title="bbox 109 4549 1664 4624; baseline 0.005 -24"><span class='ocrx_word' id='word_1_726' title='bbox 109 4549 262 4615; x_wconf 60' lang='grc' dir='ltr'>Ἰησοῦ</span> <span class='ocrx_word' id='word_1_727' title='bbox 319 4551 568 4624; x_wconf 81' lang='grc' dir='ltr'>Χριστοῦ</span> <span class='ocrx_word' id='word_1_728' title='bbox 603 4552 700 4623; x_wconf 79' lang='grc' dir='ltr'>τὴν</span> <span class='ocrx_word' id='word_1_729' title='bbox 745 4554 830 4605; x_wconf 81' lang='grc' dir='ltr'><strong>ἐπ’</strong></span> <span class='ocrx_word' id='word_1_730' title='bbox 863 4552 1184 4624; x_wconf 86' lang='grc' dir='ltr'>ἀνθρώπους</span> <span class='ocrx_word' id='word_1_731' title='bbox 1223 4554 1525 4622; x_wconf 77' lang='grc' dir='ltr'>φθάσασαν.</span> <span class='ocrx_word' id='word_1_732' title='bbox 1576 4555 1664 4607; x_wconf 85' lang='grc' dir='ltr'><strong>Εὐ-</strong></span> 
     </span>
    </p>
   </div>
   <div class='ocr_carea' id='block_1_92' title="bbox 1770 4544 3352 4626">
    <p class='ocr_par' dir='ltr' id='par_1_92' title="bbox 1779 4544 3352 4620">
     <span class='ocr_line' id='line_1_92' title="bbox 1779 4544 3352 4620; baseline -0.008 -14"><span class='ocrx_word' id='word_1_733' title='bbox 1779 4563 1890 4606; x_wconf 89' lang='lat' dir='ltr'><strong>tum</strong></span> <span class='ocrx_word' id='word_1_734' title='bbox 1953 4552 2126 4620; x_wconf 83' lang='lat' dir='ltr'><strong>legem</strong></span> <span class='ocrx_word' id='word_1_735' title='bbox 2183 4566 2278 4618; x_wconf 84' lang='lat' dir='ltr'><strong>per</strong></span> <span class='ocrx_word' id='word_1_736' title='bbox 2340 4548 2544 4604; x_wconf 81' lang='lat' dir='ltr'><strong>Mosem</strong></span> <span class='ocrx_word' id='word_1_737' title='bbox 2593 4549 2775 4608; x_wconf 89' lang='lat' dir='ltr'><strong>dante,</strong></span> <span class='ocrx_word' id='word_1_738' title='bbox 2836 4553 2948 4598; x_wconf 91' lang='lat' dir='ltr'><strong>tum</strong></span> <span class='ocrx_word' id='word_1_739' title='bbox 2982 4544 3264 4598; x_wconf 73' lang='lat' dir='ltr'><strong>veritatem</strong></span> <span class='ocrx_word' id='word_1_740' title='bbox 3297 4550 3352 4594; x_wconf 90' lang='lat' dir='ltr'><strong>et</strong></span> 
     </span>
    </p>
   </div>
   <div class='ocr_carea' id='block_1_93' title="bbox 100 4642 1668 4715">
    <p class='ocr_par' dir='ltr' id='par_1_93' title="bbox 100 4642 1668 4715">
     <span class='ocr_line' id='line_1_93' title="bbox 100 4642 1668 4715; baseline 0.004 -25"><span class='ocrx_word' id='word_1_741' title='bbox 100 4642 524 4715; x_wconf 74' lang='grc' dir='ltr'>γνωμονέστερον</span> <span class='ocrx_word' id='word_1_742' title='bbox 552 4645 660 4715; x_wconf 80' lang='grc' dir='ltr'><strong>γὰρ</strong></span> <span class='ocrx_word' id='word_1_743' title='bbox 690 4644 1018 4706; x_wconf 83' lang='grc' dir='ltr'>ἀκούσαντες</span> <span class='ocrx_word' id='word_1_744' title='bbox 1055 4645 1153 4714; x_wconf 81' lang='grc' dir='ltr'>τῆς</span> <span class='ocrx_word' id='word_1_745' title='bbox 1184 4644 1379 4708; x_wconf 81' lang='grc' dir='ltr'>λέξεως</span> <span class='ocrx_word' id='word_1_746' title='bbox 1427 4645 1526 4714; x_wconf 81' lang='grc' dir='ltr'>τῆς</span> <span class='ocrx_word' id='word_1_747' title='bbox 1567 4663 1668 4714; x_wconf 84' lang='grc' dir='ltr'><strong>φα-</strong></span> 
     </span>
    </p>
   </div>
   <div class='ocr_carea' id='block_1_94' title="bbox 103 4733 1666 4806">
    <p class='ocr_par' dir='ltr' id='par_1_94' title="bbox 103 4733 1666 4806">
     <span class='ocr_line' id='line_1_94' title="bbox 103 4733 1666 4806; baseline 0.005 -26"><span class='ocrx_word' id='word_1_748' title='bbox 103 4733 337 4804; x_wconf 73' lang='grc' dir='ltr'>σκούσης,</span> <span class='ocrx_word' id='word_1_749' title='bbox 370 4754 386 4785; x_wconf 77' lang='lat' dir='ltr'><strong>z</strong></span> <span class='ocrx_word' id='word_1_750' title='bbox 421 4736 489 4788; x_wconf 81' lang='grc' dir='ltr'><strong>Ἦ</strong></span> <span class='ocrx_word' id='word_1_751' title='bbox 521 4736 679 4806; x_wconf 81' lang='grc' dir='ltr'>χάρις</span> <span class='ocrx_word' id='word_1_752' title='bbox 710 4736 804 4788; x_wconf 77' lang='grc' dir='ltr'>καὶ</span> <span class='ocrx_word' id='word_1_753' title='bbox 826 4737 859 4805; x_wconf 84' lang='grc' dir='ltr'>ἠ</span> <span class='ocrx_word' id='word_1_754' title='bbox 879 4734 1104 4804; x_wconf 60' lang='grc' dir='ltr'>ἀλήθεια</span> <span class='ocrx_word' id='word_1_755' title='bbox 1123 4735 1210 4787; x_wconf 79' lang='grc' dir='ltr'><strong>διὰ</strong></span> <span class='ocrx_word' id='word_1_756' title='bbox 1236 4734 1407 4806; x_wconf 78' lang='grc' dir='ltr'>Ἰησοῦ</span> <span class='ocrx_word' id='word_1_757' title='bbox 1432 4735 1666 4806; x_wconf 85' lang='grc' dir='ltr'>Χριστοῦ</span> 
     </span>
    </p>
   </div>
   <div class='ocr_carea' id='block_1_95' title="bbox 102 4824 1668 4900">
    <p class='ocr_par' dir='ltr' id='par_1_95' title="bbox 102 4824 1668 4900">
     <span class='ocr_line' id='line_1_95' title="bbox 102 4824 1668 4900; baseline 0.004 -25"><span class='ocrx_word' id='word_1_758' title='bbox 102 4824 311 4890; x_wconf 66' lang='grc' dir='ltr'>ἐγένετο,</span> <span class='ocrx_word' id='word_1_759' title='bbox 358 4850 377 4880; x_wconf 75' lang='grc' dir='ltr'><strong>ι</strong></span> <span class='ocrx_word' id='word_1_760' title='bbox 417 4829 481 4882; x_wconf 78' lang='grc' dir='ltr'>οὐ</span> <span class='ocrx_word' id='word_1_761' title='bbox 511 4827 989 4900; x_wconf 82' lang='grc' dir='ltr'>ταραχθησόμεθα,</span> <span class='ocrx_word' id='word_1_762' title='bbox 1022 4828 1095 4890; x_wconf 80' lang='grc' dir='ltr'>ὡς</span> <span class='ocrx_word' id='word_1_763' title='bbox 1129 4828 1233 4880; x_wconf 81' lang='grc' dir='ltr'><strong>ὑπὸ</strong></span> <span class='ocrx_word' id='word_1_764' title='bbox 1266 4828 1668 4899; x_wconf 82' lang='grc' dir='ltr'>ἐναντιώματος</span> 
     </span>
    </p>
   </div>
   <div class='ocr_carea' id='block_1_96' title="bbox 103 4918 1669 4990">
    <p class='ocr_par' dir='ltr' id='par_1_96' title="bbox 103 4918 1669 4990">
     <span class='ocr_line' id='line_1_96' title="bbox 103 4918 1669 4990; baseline 0.003 -23"><span class='ocrx_word' id='word_1_765' title='bbox 103 4918 249 4988; x_wconf 64' lang='grc' dir='ltr'>ταύτῃ</span> <span class='ocrx_word' id='word_1_766' title='bbox 289 4923 354 4990; x_wconf 81' lang='grc' dir='ltr'>τῇ</span> <span class='ocrx_word' id='word_1_767' title='bbox 391 4923 552 4990; x_wconf 68' lang='grc' dir='ltr'>φωνῇ</span> <span class='ocrx_word' id='word_1_768' title='bbox 592 4919 743 4982; x_wconf 78' lang='grc' dir='ltr'>ὄντος</span> <span class='ocrx_word' id='word_1_769' title='bbox 791 4919 883 4971; x_wconf 86' lang='grc' dir='ltr'><strong>τοῦ</strong></span> <span class='ocrx_word' id='word_1_770' title='bbox 919 4938 935 4968; x_wconf 79' lang='grc' dir='ltr'><strong>ι</strong></span> <span class='ocrx_word' id='word_1_771' title='bbox 985 4918 1123 4986; x_wconf 83' lang='grc' dir='ltr'><strong>Ἐγώ</strong></span> <span class='ocrx_word' id='word_1_772' title='bbox 1153 4920 1267 4989; x_wconf 74' lang='grc' dir='ltr'>εἰμι</span> <span class='ocrx_word' id='word_1_773' title='bbox 1291 4921 1322 4989; x_wconf 85' lang='grc' dir='ltr'>ἡ</span> <span class='ocrx_word' id='word_1_774' title='bbox 1347 4918 1484 4982; x_wconf 77' lang='grc' dir='ltr'>ὁδὸς,</span> <span class='ocrx_word' id='word_1_775' title='bbox 1516 4919 1669 4989; x_wconf 77' lang='grc' dir='ltr'>καὶὴ</span> 
     </span>
    </p>
   </div>
   <div class='ocr_carea' id='block_1_97' title="bbox 105 5010 1668 5083">
    <p class='ocr_par' dir='ltr' id='par_1_97' title="bbox 105 5010 1668 5083">
     <span class='ocr_line' id='line_1_97' title="bbox 105 5010 1668 5083; baseline 0.004 -26"><span class='ocrx_word' id='word_1_776' title='bbox 105 5010 320 5079; x_wconf 73' lang='grc' dir='ltr'>ἀλήθεια,</span> <span class='ocrx_word' id='word_1_777' title='bbox 355 5013 454 5066; x_wconf 71' lang='grc' dir='ltr'>καὶ</span> <span class='ocrx_word' id='word_1_778' title='bbox 484 5015 518 5083; x_wconf 72' lang='grc' dir='ltr'>ἡ</span> <span class='ocrx_word' id='word_1_779' title='bbox 552 5013 687 5083; x_wconf 76' lang='grc' dir='ltr'>ζωή.</span> <span class='ocrx_word' id='word_1_780' title='bbox 715 5032 730 5062; x_wconf 65' lang='grc' dir='ltr'><strong>ι</strong></span> <span class='ocrx_word' id='word_1_781' title='bbox 751 5014 813 5066; x_wconf 81' lang='grc' dir='ltr'><strong>Εἰ</strong></span> <span class='ocrx_word' id='word_1_782' title='bbox 840 5012 949 5082; x_wconf 86' lang='grc' dir='ltr'><strong>γὰρ</strong></span> <span class='ocrx_word' id='word_1_783' title='bbox 977 5011 1184 5081; x_wconf 84' lang='grc' dir='ltr'>Ἰησοῦς</span> <span class='ocrx_word' id='word_1_784' title='bbox 1205 5013 1350 5064; x_wconf 82' lang='grc' dir='ltr'>ἐστιν</span> <span class='ocrx_word' id='word_1_785' title='bbox 1373 5014 1402 5065; x_wconf 89' lang='grc' dir='ltr'><strong>ό</strong></span> <span class='ocrx_word' id='word_1_786' title='bbox 1423 5012 1668 5081; x_wconf 81' lang='grc' dir='ltr'>φάσκων,</span> 
     </span>
    </p>
   </div>
   <div class='ocr_carea' id='block_1_98' title="bbox 109 5100 1669 5172">
    <p class='ocr_par' dir='ltr' id='par_1_98' title="bbox 109 5100 1669 5172">
     <span class='ocr_line' id='line_1_98' title="bbox 109 5100 1669 5172; baseline 0.001 -20"><span class='ocrx_word' id='word_1_787' title='bbox 109 5116 123 5146; x_wconf 76' lang='lat' dir='ltr'><strong>t</strong></span> <span class='ocrx_word' id='word_1_788' title='bbox 167 5100 296 5168; x_wconf 82' lang='grc' dir='ltr'>Ἐγώ</span> <span class='ocrx_word' id='word_1_789' title='bbox 326 5107 450 5172; x_wconf 82' lang='grc' dir='ltr'>εἰμι</span> <span class='ocrx_word' id='word_1_790' title='bbox 491 5105 525 5170; x_wconf 81' lang='grc' dir='ltr'><strong>ἡ</strong></span> <span class='ocrx_word' id='word_1_791' title='bbox 557 5101 808 5172; x_wconf 83' lang='grc' dir='ltr'>ἀλήθεια,</span> <span class='ocrx_word' id='word_1_792' title='bbox 849 5123 868 5153; x_wconf 77' lang='grc' dir='ltr'><strong>ι</strong></span> <span class='ocrx_word' id='word_1_793' title='bbox 908 5101 1023 5165; x_wconf 82' lang='grc' dir='ltr'><strong>πῶς</strong></span> <span class='ocrx_word' id='word_1_794' title='bbox 1052 5103 1084 5171; x_wconf 85' lang='grc' dir='ltr'>ἡ</span> <span class='ocrx_word' id='word_1_795' title='bbox 1114 5101 1339 5172; x_wconf 83' lang='grc' dir='ltr'>ἀλήθεια</span> <span class='ocrx_word' id='word_1_796' title='bbox 1364 5102 1451 5156; x_wconf 81' lang='grc' dir='ltr'><strong>διὰ</strong></span> <span class='ocrx_word' id='word_1_797' title='bbox 1496 5102 1669 5172; x_wconf 86' lang='grc' dir='ltr'>Ἰησοῦ</span> 
     </span>
    </p>
   </div>
   <div class='ocr_carea' id='block_1_99' title="bbox 107 5176 1666 5264">
    <p class='ocr_par' dir='ltr' id='par_1_99' title="bbox 107 5176 1666 5264">
     <span class='ocr_line' id='line_1_99' title="bbox 107 5176 1666 5264; baseline 0.006 -25"><span class='ocrx_word' id='word_1_798' title='bbox 107 5191 315 5259; x_wconf 75' lang='grc' dir='ltr'>Χριστοῦ</span> <span class='ocrx_word' id='word_1_799' title='bbox 345 5195 597 5262; x_wconf 83' lang='grc' dir='ltr'>γίνεται;</span> <span class='ocrx_word' id='word_1_800' title='bbox 624 5194 784 5256; x_wconf 74' lang='grc' dir='ltr'>αὐτὸς</span> <span class='ocrx_word' id='word_1_801' title='bbox 805 5194 911 5264; x_wconf 85' lang='grc' dir='ltr'><strong>γάρ</strong></span> <span class='ocrx_word' id='word_1_802' title='bbox 943 5211 1025 5256; x_wconf 90' lang='grc' dir='ltr'><strong>τις</strong></span> <span class='ocrx_word' id='word_1_803' title='bbox 1045 5194 1110 5246; x_wconf 77' lang='grc' dir='ltr'><strong>δι’</strong></span> <span class='ocrx_word' id='word_1_804' title='bbox 1140 5192 1332 5247; x_wconf 79' lang='grc' dir='ltr'>ἑαυτοῦ</span> <span class='ocrx_word' id='word_1_805' title='bbox 1359 5195 1419 5246; x_wconf 82' lang='grc' dir='ltr'><strong>οὐ</strong></span> <span class='ocrx_word' id='word_1_806' title='bbox 1439 5176 1666 5262; x_wconf 65' lang='grc' dir='ltr'>γίνεται.</span> 
     </span>
    </p>
   </div>
   <div class='ocr_carea' id='block_1_100' title="bbox 117 5281 1668 5358">
    <p class='ocr_par' dir='ltr' id='par_1_100' title="bbox 117 5281 1668 5358">
     <span class='ocr_line' id='line_1_100' title="bbox 117 5281 1668 5358; baseline 0.005 -25"><span class='ocrx_word' id='word_1_807' title='bbox 117 5281 252 5337; x_wconf 71' lang='grc' dir='ltr'>Ἀλλὰ</span> <span class='ocrx_word' id='word_1_808' title='bbox 279 5287 530 5358; x_wconf 78' lang='grc' dir='ltr'>νοητέον,</span> <span class='ocrx_word' id='word_1_809' title='bbox 567 5287 650 5338; x_wconf 79' lang='grc' dir='ltr'>ὅτι</span> <span class='ocrx_word' id='word_1_810' title='bbox 689 5288 721 5356; x_wconf 82' lang='grc' dir='ltr'>ἡ</span> <span class='ocrx_word' id='word_1_811' title='bbox 769 5285 1128 5356; x_wconf 78' lang='grc' dir='ltr'>αὑτοαλήθεια</span> <span class='ocrx_word' id='word_1_812' title='bbox 1163 5288 1196 5356; x_wconf 86' lang='grc' dir='ltr'>ἡ</span> <span class='ocrx_word' id='word_1_813' title='bbox 1227 5286 1511 5357; x_wconf 84' lang='grc' dir='ltr'>οὺσιώδης,</span> <span class='ocrx_word' id='word_1_814' title='bbox 1554 5289 1668 5349; x_wconf 75' lang='grc' dir='ltr'>καὶ,</span> 
     </span>
    </p>
   </div>
   <div class='ocr_carea' id='block_1_101' title="bbox 108 5375 1676 5448">
    <p class='ocr_par' dir='ltr' id='par_1_101' title="bbox 108 5375 1676 5448">
     <span class='ocr_line' id='line_1_101' title="bbox 108 5375 1676 5448; baseline 0.006 -25"><span class='ocrx_word' id='word_1_815' title='bbox 108 5375 160 5423; x_wconf 80' lang='grc' dir='ltr'><strong>ἶν’</strong></span> <span class='ocrx_word' id='word_1_816' title='bbox 187 5376 354 5440; x_wconf 73' lang='grc' dir='ltr'>οὕτως</span> <span class='ocrx_word' id='word_1_817' title='bbox 405 5379 575 5442; x_wconf 79' lang='grc' dir='ltr'>εἴπω,</span> <span class='ocrx_word' id='word_1_818' title='bbox 619 5378 974 5448; x_wconf 83' lang='grc' dir='ltr'>πρωτότυπος</span> <span class='ocrx_word' id='word_1_819' title='bbox 1015 5377 1116 5447; x_wconf 77' lang='grc' dir='ltr'>τῆς</span> <span class='ocrx_word' id='word_1_820' title='bbox 1168 5380 1226 5430; x_wconf 85' lang='grc' dir='ltr'>ὲν</span> <span class='ocrx_word' id='word_1_821' title='bbox 1259 5381 1379 5441; x_wconf 86' lang='grc' dir='ltr'>ταῖς</span> <span class='ocrx_word' id='word_1_822' title='bbox 1431 5379 1676 5448; x_wconf 87' lang='grc' dir='ltr'>λογικαίς</span> 
     </span>
    </p>
   </div>
   <div class='ocr_carea' id='block_1_102' title="bbox 107 5467 1680 5544">
    <p class='ocr_par' dir='ltr' id='par_1_102' title="bbox 107 5467 1680 5544">
     <span class='ocr_line' id='line_1_102' title="bbox 107 5467 1680 5544; baseline 0.003 -24"><span class='ocrx_word' id='word_1_823' title='bbox 107 5467 277 5539; x_wconf 55' lang='grc' dir='ltr'>ψιλαῖς</span> <span class='ocrx_word' id='word_1_824' title='bbox 311 5472 602 5544; x_wconf 74' lang='grc' dir='ltr'>ἀληθείας,</span> <span class='ocrx_word' id='word_1_825' title='bbox 639 5472 730 5541; x_wconf 76' lang='grc' dir='ltr'><strong>ἀφ’</strong></span> <span class='ocrx_word' id='word_1_826' title='bbox 753 5467 821 5544; x_wconf 75' lang='grc' dir='ltr'>ἧς</span> <span class='ocrx_word' id='word_1_827' title='bbox 846 5470 1100 5542; x_wconf 80' lang='grc' dir='ltr'>ἀληθείας</span> <span class='ocrx_word' id='word_1_828' title='bbox 1124 5471 1287 5525; x_wconf 74' lang='grc' dir='ltr'>οἱονεὶ</span> <span class='ocrx_word' id='word_1_829' title='bbox 1312 5473 1515 5536; x_wconf 79' lang='grc' dir='ltr'>εἰκόνες</span> <span class='ocrx_word' id='word_1_830' title='bbox 1541 5476 1627 5526; x_wconf 81' lang='grc' dir='ltr'>ὲκε</span> <span class='ocrx_word' id='word_1_831' title='bbox 1638 5473 1680 5524; x_wconf 90' lang='grc' dir='ltr'>ί-</span> 
     </span>
    </p>
   </div>
   <div class='ocr_carea' id='block_1_103' title="bbox 166 5577 1664 5676">
    <p class='ocr_par' dir='ltr' id='par_1_103' title="bbox 166 5577 1662 5672">
     <span class='ocr_line' id='line_1_103' title="bbox 166 5577 1662 5672; baseline 0 -9"><span class='ocrx_word' id='word_1_832' title='bbox 166 5608 545 5672; x_wconf 72' lang='grc' dir='ltr'>ιιιοοιι.ι,ε.</span> <span class='ocrx_word' id='word_1_833' title='bbox 624 5608 668 5640; x_wconf 71' lang='grc' dir='ltr'><strong>ιι</strong></span> <span class='ocrx_word' id='word_1_834' title='bbox 698 5608 827 5662; x_wconf 83' lang='lat' dir='ltr'><strong>ibid.</strong></span> <span class='ocrx_word' id='word_1_835' title='bbox 857 5608 944 5661; x_wconf 70' lang='grc' dir='ltr'>ιδ.</span> <span class='ocrx_word' id='word_1_836' title='bbox 1029 5609 1072 5639; x_wconf 74' lang='grc' dir='ltr'><strong>ει</strong></span> <span class='ocrx_word' id='word_1_837' title='bbox 1104 5607 1235 5663; x_wconf 87' lang='lat' dir='ltr'><strong>ibid.</strong></span> <span class='ocrx_word' id='word_1_838' title='bbox 1275 5607 1358 5663; x_wconf 82' lang='lat'><strong>16.</strong></span> <span class='ocrx_word' id='word_1_839' title='bbox 1437 5577 1662 5665; x_wconf 69' lang='grc' dir='ltr'>ιῖιυιιη.</span> 
     </span>
    </p>
   </div>
   <div class='ocr_carea' id='block_1_104' title="bbox 1770 5577 2406 5676">
    <p class='ocr_par' dir='ltr' id='par_1_104' title="bbox 1770 5606 2406 5671">
     <span class='ocr_line' id='line_1_104' title="bbox 1770 5606 2406 5671; baseline 0 -9"><span class='ocrx_word' id='word_1_840' title='bbox 1770 5610 1850 5663; x_wconf 80' lang='grc'><strong>15.</strong></span> <span class='ocrx_word' id='word_1_841' title='bbox 1943 5609 1985 5640; x_wconf 88' lang='grc'><strong>³⁷</strong></span> <span class='ocrx_word' id='word_1_842' title='bbox 2025 5608 2203 5663; x_wconf 74' lang='lat' dir='ltr'><strong>(Ioles.</strong></span> <span class='ocrx_word' id='word_1_843' title='bbox 2243 5623 2279 5671; x_wconf 87' lang='grc' dir='ltr'><strong>ι,</strong></span> <span class='ocrx_word' id='word_1_844' title='bbox 2319 5606 2406 5662; x_wconf 75' lang='grc'>15.</span> 
     </span>
    </p>
   </div>
   <div class='ocr_carea' id='block_1_105' title="bbox 111 5677 1248 5741">
    <p class='ocr_par' dir='ltr' id='par_1_105' title="bbox 111 5677 1248 5741">
     <span class='ocr_line' id='line_1_105' title="bbox 111 5677 1248 5741; baseline 0.002 -11"><span class='ocrx_word' id='word_1_845' title='bbox 111 5680 144 5707; x_wconf 66' lang='grc'><strong>⁸⁵</strong></span> <span class='ocrx_word' id='word_1_846' title='bbox 174 5683 289 5735; x_wconf 87' lang='lat' dir='ltr'><strong>ihid.</strong></span> <span class='ocrx_word' id='word_1_847' title='bbox 321 5685 408 5736; x_wconf 83' lang='grc' dir='ltr'>Π.</span> <span class='ocrx_word' id='word_1_848' title='bbox 499 5680 542 5711; x_wconf 70' lang='grc'><strong>⁵⁸</strong></span> <span class='ocrx_word' id='word_1_849' title='bbox 576 5679 709 5734; x_wconf 84' lang='lat' dir='ltr'><strong>ibid.</strong></span> <span class='ocrx_word' id='word_1_850' title='bbox 789 5679 835 5710; x_wconf 74' lang='lat'>“</span> <span class='ocrx_word' id='word_1_851' title='bbox 863 5677 1018 5732; x_wconf 88' lang='lat' dir='ltr'><strong>Joan.</strong></span> <span class='ocrx_word' id='word_1_852' title='bbox 1055 5693 1160 5741; x_wconf 77' lang='lat' dir='ltr'><strong>tttv,</strong></span> <span class='ocrx_word' id='word_1_853' title='bbox 1195 5679 1248 5732; x_wconf 86' lang='lat'><strong>6.</strong></span> 
     </span>
    </p>
   </div>
   <div class='ocr_carea' id='block_1_106' title="bbox 1777 4635 3355 4715">
    <p class='ocr_par' dir='ltr' id='par_1_106' title="bbox 1777 4635 3355 4715">
     <span class='ocr_line' id='line_1_106' title="bbox 1777 4635 3355 4715; baseline -0.01 -17"><span class='ocrx_word' id='word_1_854' title='bbox 1777 4644 2008 4715; x_wconf 85' lang='lat' dir='ltr'><strong>gratiam</strong></span> <span class='ocrx_word' id='word_1_855' title='bbox 2044 4658 2140 4711; x_wconf 88' lang='lat' dir='ltr'><strong>per</strong></span> <span class='ocrx_word' id='word_1_856' title='bbox 2160 4641 2344 4696; x_wconf 79' lang='lat' dir='ltr'><strong>Jesum</strong></span> <span class='ocrx_word' id='word_1_857' title='bbox 2366 4640 2643 4695; x_wconf 88' lang='lat' dir='ltr'><strong>Christum</strong></span> <span class='ocrx_word' id='word_1_858' title='bbox 2668 4638 2899 4693; x_wconf 80' lang='lat' dir='ltr'><strong>faciente</strong></span> <span class='ocrx_word' id='word_1_859' title='bbox 2941 4654 2953 4689; x_wconf 94' lang='lat'>:</span> <span class='ocrx_word' id='word_1_860' title='bbox 2991 4635 3221 4703; x_wconf 79' lang='lat' dir='ltr'><strong>gratiam</strong></span> <span class='ocrx_word' id='word_1_861' title='bbox 3257 4645 3355 4683; x_wconf 86' lang='lat' dir='ltr'><strong>au-</strong></span> 
     </span>
    </p>
   </div>
   <div class='ocr_carea' id='block_1_107' title="bbox 1779 4724 3354 4801">
    <p class='ocr_par' dir='ltr' id='par_1_107' title="bbox 1779 4724 3354 4801">
     <span class='ocr_line' id='line_1_107' title="bbox 1779 4724 3354 4801; baseline -0.011 -9"><span class='ocrx_word' id='word_1_862' title='bbox 1779 4750 1884 4792; x_wconf 90' lang='lat' dir='ltr'><strong>tem</strong></span> <span class='ocrx_word' id='word_1_863' title='bbox 1943 4747 1996 4792; x_wconf 91' lang='lat' dir='ltr'><strong>et</strong></span> <span class='ocrx_word' id='word_1_864' title='bbox 2043 4737 2326 4790; x_wconf 78' lang='lat' dir='ltr'><strong>veritatem</strong></span> <span class='ocrx_word' id='word_1_865' title='bbox 2371 4749 2466 4801; x_wconf 85' lang='lat' dir='ltr'><strong>per</strong></span> <span class='ocrx_word' id='word_1_866' title='bbox 2519 4732 2704 4787; x_wconf 83' lang='lat' dir='ltr'><strong>Jesum</strong></span> <span class='ocrx_word' id='word_1_867' title='bbox 2763 4729 3040 4786; x_wconf 86' lang='lat' dir='ltr'><strong>Christum</strong></span> <span class='ocrx_word' id='word_1_868' title='bbox 3095 4724 3354 4786; x_wconf 89' lang='lat' dir='ltr'><strong>faciente,</strong></span> 
     </span>
    </p>
   </div>
   <div class='ocr_carea' id='block_1_108' title="bbox 1778 4812 3350 4898">
    <p class='ocr_par' dir='ltr' id='par_1_108' title="bbox 1778 4812 3350 4898">
     <span class='ocr_line' id='line_1_108' title="bbox 1778 4812 3350 4898; baseline -0.009 -18"><span class='ocrx_word' id='word_1_869' title='bbox 1778 4845 1897 4898; x_wconf 69' lang='lat' dir='ltr'><strong>quae</strong></span> <span class='ocrx_word' id='word_1_870' title='bbox 1927 4830 2171 4883; x_wconf 89' lang='lat' dir='ltr'><strong>homines</strong></span> <span class='ocrx_word' id='word_1_871' title='bbox 2204 4825 2488 4897; x_wconf 60' lang='lat' dir='ltr'><strong>prteveuit.</strong></span> <span class='ocrx_word' id='word_1_872' title='bbox 2538 4823 2831 4880; x_wconf 83' lang='lat' dir='ltr'><strong>Candidius</strong></span> <span class='ocrx_word' id='word_1_873' title='bbox 2868 4820 3011 4875; x_wconf 86' lang='lat' dir='ltr'><strong>enim</strong></span> <span class='ocrx_word' id='word_1_874' title='bbox 3057 4824 3111 4870; x_wconf 91' lang='lat' dir='ltr'><strong>et</strong></span> <span class='ocrx_word' id='word_1_875' title='bbox 3138 4812 3350 4882; x_wconf 88' lang='lat' dir='ltr'><strong>simpli-</strong></span> 
     </span>
    </p>
   </div>
   <div class='ocr_carea' id='block_1_109' title="bbox 1778 4904 3357 4988">
    <p class='ocr_par' dir='ltr' id='par_1_109' title="bbox 1778 4904 3357 4988">
     <span class='ocr_line' id='line_1_109' title="bbox 1778 4904 3357 4988; baseline -0.01 -13"><span class='ocrx_word' id='word_1_876' title='bbox 1778 4922 1894 4975; x_wconf 90' lang='lat' dir='ltr'><strong>cius</strong></span> <span class='ocrx_word' id='word_1_877' title='bbox 1940 4921 2361 4988; x_wconf 87' lang='lat' dir='ltr'><strong>interpretantes</strong></span> <span class='ocrx_word' id='word_1_878' title='bbox 2400 4934 2460 4971; x_wconf 80' lang='lat' dir='ltr'><strong>ea</strong></span> <span class='ocrx_word' id='word_1_879' title='bbox 2513 4916 2694 4980; x_wconf 78' lang='lat' dir='ltr'><strong>verba,</strong></span> <span class='ocrx_word' id='word_1_880' title='bbox 2757 4931 2774 4962; x_wconf 77' lang='grc' dir='ltr'><strong>ι</strong></span> <span class='ocrx_word' id='word_1_881' title='bbox 2819 4909 3004 4964; x_wconf 82' lang='lat' dir='ltr'><strong>Gratia</strong></span> <span class='ocrx_word' id='word_1_882' title='bbox 3055 4915 3109 4960; x_wconf 89' lang='lat' dir='ltr'><strong>et</strong></span> <span class='ocrx_word' id='word_1_883' title='bbox 3153 4904 3357 4959; x_wconf 75' lang='lat' dir='ltr'><strong>veritas</strong></span> 
     </span>
    </p>
   </div>
   <div class='ocr_carea' id='block_1_110' title="bbox 1779 4997 3355 5081">
    <p class='ocr_par' dir='ltr' id='par_1_110' title="bbox 1779 4997 3355 5081">
     <span class='ocr_line' id='line_1_110' title="bbox 1779 4997 3355 5081; baseline -0.013 -12"><span class='ocrx_word' id='word_1_884' title='bbox 1779 5029 1873 5081; x_wconf 85' lang='lat' dir='ltr'><strong>per</strong></span> <span class='ocrx_word' id='word_1_885' title='bbox 1900 5011 2084 5068; x_wconf 79' lang='lat' dir='ltr'><strong>Jesum</strong></span> <span class='ocrx_word' id='word_1_886' title='bbox 2111 5011 2384 5067; x_wconf 89' lang='lat' dir='ltr'><strong>Christum</strong></span> <span class='ocrx_word' id='word_1_887' title='bbox 2433 5008 2573 5062; x_wconf 89' lang='lat' dir='ltr'><strong>facta</strong></span> <span class='ocrx_word' id='word_1_888' title='bbox 2609 5015 2691 5060; x_wconf 87' lang='lat' dir='ltr'><strong>est</strong></span> <span class='ocrx_word' id='word_1_889' title='bbox 2721 5005 2784 5064; x_wconf 74' lang='lat'><strong>“,</strong></span> <span class='ocrx_word' id='word_1_890' title='bbox 2829 5020 2846 5052; x_wconf 75' lang='grc' dir='ltr'><strong>ι</strong></span> <span class='ocrx_word' id='word_1_891' title='bbox 2896 5015 3004 5054; x_wconf 91' lang='lat' dir='ltr'><strong>non</strong></span> <span class='ocrx_word' id='word_1_892' title='bbox 3052 4997 3355 5052; x_wconf 76' lang='lat' dir='ltr'><strong>discrucia-</strong></span> 
     </span>
    </p>
   </div>
   <div class='ocr_carea' id='block_1_111' title="bbox 1780 5087 3356 5171">
    <p class='ocr_par' dir='ltr' id='par_1_111' title="bbox 1780 5087 3356 5171">
     <span class='ocr_line' id='line_1_111' title="bbox 1780 5087 3356 5171; baseline -0.012 -15"><span class='ocrx_word' id='word_1_893' title='bbox 1780 5103 1980 5166; x_wconf 86' lang='lat' dir='ltr'><strong>bimur,</strong></span> <span class='ocrx_word' id='word_1_894' title='bbox 2005 5101 2225 5171; x_wconf 85' lang='lat' dir='ltr'><strong>perinde</strong></span> <span class='ocrx_word' id='word_1_895' title='bbox 2249 5101 2404 5170; x_wconf 87' lang='lat' dir='ltr'><strong>quasi</strong></span> <span class='ocrx_word' id='word_1_896' title='bbox 2430 5096 2763 5152; x_wconf 71' lang='lat' dir='ltr'><strong>contrarium</strong></span> <span class='ocrx_word' id='word_1_897' title='bbox 2791 5091 2874 5144; x_wconf 89' lang='lat' dir='ltr'><strong>his</strong></span> <span class='ocrx_word' id='word_1_898' title='bbox 2905 5091 2978 5145; x_wconf 83' lang='lat' dir='ltr'><strong>sit</strong></span> <span class='ocrx_word' id='word_1_899' title='bbox 3009 5089 3136 5142; x_wconf 89' lang='lat' dir='ltr'><strong>illud</strong></span> <span class='ocrx_word' id='word_1_900' title='bbox 3162 5105 3175 5141; x_wconf 89' lang='lat'><strong>:</strong></span> <span class='ocrx_word' id='word_1_901' title='bbox 3203 5107 3220 5139; x_wconf 81' lang='grc' dir='ltr'><strong>ι</strong></span> <span class='ocrx_word' id='word_1_902' title='bbox 3244 5087 3356 5156; x_wconf 83' lang='lat' dir='ltr'><strong>Ego</strong></span> 
     </span>
    </p>
   </div>
   <div class='ocr_carea' id='block_1_112' title="bbox 1779 5180 3352 5258">
    <p class='ocr_par' dir='ltr' id='par_1_112' title="bbox 1779 5180 3352 5258">
     <span class='ocr_line' id='line_1_112' title="bbox 1779 5180 3352 5258; baseline -0.01 -9"><span class='ocrx_word' id='word_1_903' title='bbox 1779 5211 1894 5249; x_wconf 90' lang='lat' dir='ltr'><strong>sum</strong></span> <span class='ocrx_word' id='word_1_904' title='bbox 1932 5196 2034 5258; x_wconf 72' lang='lat' dir='ltr'><strong>ria,</strong></span> <span class='ocrx_word' id='word_1_905' title='bbox 2073 5195 2297 5258; x_wconf 80' lang='lat' dir='ltr'><strong>veritas,</strong></span> <span class='ocrx_word' id='word_1_906' title='bbox 2321 5201 2374 5245; x_wconf 88' lang='lat' dir='ltr'><strong>et</strong></span> <span class='ocrx_word' id='word_1_907' title='bbox 2405 5192 2510 5245; x_wconf 79' lang='lat' dir='ltr'><strong>vita</strong></span> <span class='ocrx_word' id='word_1_908' title='bbox 2553 5189 2628 5254; x_wconf 78' lang='lat'><strong>&quot;;</strong></span> <span class='ocrx_word' id='word_1_909' title='bbox 2671 5206 2689 5240; x_wconf 73' lang='grc' dir='ltr'><strong>ι</strong></span> <span class='ocrx_word' id='word_1_910' title='bbox 2723 5201 2846 5241; x_wconf 88' lang='lat' dir='ltr'><strong>nam</strong></span> <span class='ocrx_word' id='word_1_911' title='bbox 2876 5185 2920 5240; x_wconf 89' lang='lat' dir='ltr'><strong>si</strong></span> <span class='ocrx_word' id='word_1_912' title='bbox 2947 5182 3106 5239; x_wconf 81' lang='lat' dir='ltr'><strong>Jesus</strong></span> <span class='ocrx_word' id='word_1_913' title='bbox 3139 5191 3224 5236; x_wconf 90' lang='lat' dir='ltr'><strong>est</strong></span> <span class='ocrx_word' id='word_1_914' title='bbox 3259 5180 3352 5250; x_wconf 87' lang='lat' dir='ltr'><strong>qui</strong></span> 
     </span>
    </p>
   </div>
   <div class='ocr_carea' id='block_1_113' title="bbox 1779 5273 3357 5356">
    <p class='ocr_par' dir='ltr' id='par_1_113' title="bbox 1779 5273 3357 5356">
     <span class='ocr_line' id='line_1_113' title="bbox 1779 5273 3357 5356; baseline -0.01 -15"><span class='ocrx_word' id='word_1_915' title='bbox 1779 5289 1929 5351; x_wconf 88' lang='lat' dir='ltr'><strong>dicit,</strong></span> <span class='ocrx_word' id='word_1_916' title='bbox 1965 5305 1984 5338; x_wconf 74' lang='grc' dir='ltr'><strong>ι</strong></span> <span class='ocrx_word' id='word_1_917' title='bbox 2020 5287 2129 5356; x_wconf 74' lang='lat' dir='ltr'><strong>Ego</strong></span> <span class='ocrx_word' id='word_1_918' title='bbox 2158 5302 2276 5341; x_wconf 89' lang='lat' dir='ltr'><strong>sum</strong></span> <span class='ocrx_word' id='word_1_919' title='bbox 2307 5283 2507 5340; x_wconf 85' lang='lat' dir='ltr'><strong>veritas</strong></span> <span class='ocrx_word' id='word_1_920' title='bbox 2549 5299 2568 5332; x_wconf 74' lang='grc' dir='ltr'><strong>ι</strong></span> <span class='ocrx_word' id='word_1_921' title='bbox 2600 5282 2690 5350; x_wconf 90' lang='lat' dir='ltr'><strong>qui</strong></span> <span class='ocrx_word' id='word_1_922' title='bbox 2718 5278 2832 5334; x_wconf 82' lang='lat' dir='ltr'><strong>fieri</strong></span> <span class='ocrx_word' id='word_1_923' title='bbox 2863 5284 3042 5348; x_wconf 83' lang='lat' dir='ltr'><strong>potest</strong></span> <span class='ocrx_word' id='word_1_924' title='bbox 3072 5282 3132 5329; x_wconf 90' lang='lat' dir='ltr'><strong>ut</strong></span> <span class='ocrx_word' id='word_1_925' title='bbox 3156 5273 3357 5327; x_wconf 83' lang='lat' dir='ltr'><strong>veritas</strong></span> 
     </span>
    </p>
   </div>
   <div class='ocr_carea' id='block_1_114' title="bbox 1787 5363 3360 5447">
    <p class='ocr_par' dir='ltr' id='par_1_114' title="bbox 1787 5363 3360 5447">
     <span class='ocr_line' id='line_1_114' title="bbox 1787 5363 3360 5447; baseline -0.009 -16"><span class='ocrx_word' id='word_1_926' title='bbox 1787 5395 1880 5447; x_wconf 88' lang='lat' dir='ltr'><strong>per</strong></span> <span class='ocrx_word' id='word_1_927' title='bbox 1901 5379 2083 5434; x_wconf 90' lang='lat' dir='ltr'><strong>Jesum</strong></span> <span class='ocrx_word' id='word_1_928' title='bbox 2133 5378 2247 5441; x_wconf 82' lang='lat' dir='ltr'><strong>fiat,</strong></span> <span class='ocrx_word' id='word_1_929' title='bbox 2285 5393 2406 5431; x_wconf 91' lang='lat' dir='ltr'><strong>cum</strong></span> <span class='ocrx_word' id='word_1_930' title='bbox 2446 5374 2643 5442; x_wconf 87' lang='lat' dir='ltr'><strong>aliquis</strong></span> <span class='ocrx_word' id='word_1_931' title='bbox 2683 5386 2778 5440; x_wconf 88' lang='lat' dir='ltr'><strong>per</strong></span> <span class='ocrx_word' id='word_1_932' title='bbox 2822 5370 3062 5438; x_wconf 88' lang='lat' dir='ltr'><strong>seipsum</strong></span> <span class='ocrx_word' id='word_1_933' title='bbox 3098 5382 3202 5421; x_wconf 87' lang='lat' dir='ltr'><strong>non</strong></span> <span class='ocrx_word' id='word_1_934' title='bbox 3229 5363 3360 5418; x_wconf 78' lang='lat' dir='ltr'><strong>fiat?</strong></span> 
     </span>
    </p>
   </div>
   <div class='ocr_carea' id='block_1_115' title="bbox 1790 5463 3362 5538">
    <p class='ocr_par' dir='ltr' id='par_1_115' title="bbox 1790 5463 3362 5538">
     <span class='ocr_line' id='line_1_115' title="bbox 1790 5463 3362 5538; baseline -0.008 -14"><span class='ocrx_word' id='word_1_935' title='bbox 1790 5470 1895 5526; x_wconf 88' lang='lat' dir='ltr'><strong>Sed</strong></span> <span class='ocrx_word' id='word_1_936' title='bbox 1927 5469 2329 5538; x_wconf 86' lang='lat' dir='ltr'><strong>intelligendum</strong></span> <span class='ocrx_word' id='word_1_937' title='bbox 2369 5477 2452 5522; x_wconf 87' lang='lat' dir='ltr'><strong>est</strong></span> <span class='ocrx_word' id='word_1_938' title='bbox 2478 5465 2622 5534; x_wconf 88' lang='lat' dir='ltr'><strong>quod</strong></span> <span class='ocrx_word' id='word_1_939' title='bbox 2651 5463 3010 5534; x_wconf 80' lang='grc' dir='ltr'>αὑτοαλήθεια</span> <span class='ocrx_word' id='word_1_940' title='bbox 3041 5474 3104 5514; x_wconf 90' lang='lat' dir='ltr'><strong>ea</strong></span> <span class='ocrx_word' id='word_1_941' title='bbox 3135 5472 3253 5528; x_wconf 72' lang='lat' dir='ltr'><strong>qua:</strong></span> <span class='ocrx_word' id='word_1_942' title='bbox 3275 5465 3362 5511; x_wconf 80' lang='lat' dir='ltr'><strong>est</strong></span> 
     </span>
    </p>
   </div>
   <div class='ocr_carea' id='block_1_116' title="bbox 2521 5591 3356 5666">
    <p class='ocr_par' dir='ltr' id='par_1_116' title="bbox 2521 5591 3356 5666">
     <span class='ocr_line' id='line_1_116' title="bbox 2521 5591 3356 5666; baseline -0.013 -6"><span class='ocrx_word' id='word_1_943' title='bbox 2521 5605 2564 5636; x_wconf 80' lang='grc'><strong>³⁸</strong></span> <span class='ocrx_word' id='word_1_944' title='bbox 2589 5603 2745 5659; x_wconf 83' lang='lat' dir='ltr'><strong>Joan.</strong></span> <span class='ocrx_word' id='word_1_945' title='bbox 2784 5617 2822 5666; x_wconf 87' lang='grc' dir='ltr'><strong>ι,</strong></span> <span class='ocrx_word' id='word_1_946' title='bbox 2850 5599 2937 5654; x_wconf 80' lang='grc'>16.</span> <span class='ocrx_word' id='word_1_947' title='bbox 3041 5595 3084 5629; x_wconf 84' lang='grc'><strong>³⁸</strong></span> <span class='ocrx_word' id='word_1_948' title='bbox 3113 5593 3241 5649; x_wconf 86' lang='lat' dir='ltr'><strong>ibid.</strong></span> <span class='ocrx_word' id='word_1_949' title='bbox 3272 5591 3356 5649; x_wconf 84' lang='grc'><strong>15.</strong></span> 
     </span>
    </p>
   </div>
   <div class='ocr_carea' id='block_1_117' title="bbox 167 5775 1664 5864">
    <p class='ocr_par' dir='ltr' id='par_1_117' title="bbox 167 5787 1664 5864">
     <span class='ocr_line' id='line_1_117' title="bbox 167 5787 1664 5864; baseline -0.001 -20"><span class='ocrx_word' id='word_1_950' title='bbox 167 5796 269 5864; x_wconf 58' lang='grc' dir='ltr'>ίδιι</span> <span class='ocrx_word' id='word_1_951' title='bbox 301 5792 580 5857; x_wconf 67' lang='grc' dir='ltr'>Ἐπειδὴ.</span> <span class='ocrx_word' id='word_1_952' title='bbox 620 5791 761 5862; x_wconf 81' lang='lat' dir='ltr'><strong>Lego</strong></span> <span class='ocrx_word' id='word_1_953' title='bbox 789 5791 908 5844; x_wconf 74' lang='grc' dir='ltr'>ἐπεὶ</span> <span class='ocrx_word' id='word_1_954' title='bbox 941 5791 1017 5844; x_wconf 85' lang='grc' dir='ltr'>δέ.</span> <span class='ocrx_word' id='word_1_955' title='bbox 1057 5791 1176 5847; x_wconf 72' lang='lat' dir='ltr'><strong>Mox</strong></span> <span class='ocrx_word' id='word_1_956' title='bbox 1205 5789 1375 5847; x_wconf 78' lang='lat' dir='ltr'><strong>codex</strong></span> <span class='ocrx_word' id='word_1_957' title='bbox 1413 5787 1664 5846; x_wconf 86' lang='lat' dir='ltr'><strong>Bodleian</strong></span> 
     </span>
    </p>
   </div>
   <div class='ocr_carea' id='block_1_118' title="bbox 1770 5775 3354 5864">
    <p class='ocr_par' dir='ltr' id='par_1_118' title="bbox 1770 5775 3354 5859">
     <span class='ocr_line' id='line_1_118' title="bbox 1770 5775 3354 5859; baseline -0.007 -17"><span class='ocrx_word' id='word_1_958' title='bbox 1770 5798 1912 5844; x_wconf 87' lang='lat' dir='ltr'><strong>recte</strong></span> <span class='ocrx_word' id='word_1_959' title='bbox 1943 5789 2105 5844; x_wconf 84' lang='lat' dir='ltr'><strong>habet</strong></span> <span class='ocrx_word' id='word_1_960' title='bbox 2134 5786 2495 5859; x_wconf 69' lang='grc' dir='ltr'>φράσσεσθαι,</span> <span class='ocrx_word' id='word_1_961' title='bbox 2525 5785 2724 5859; x_wconf 73' lang='lat' dir='ltr'><strong>Regius</strong></span> <span class='ocrx_word' id='word_1_962' title='bbox 2757 5793 2810 5841; x_wconf 87' lang='lat' dir='ltr'><strong>et</strong></span> <span class='ocrx_word' id='word_1_963' title='bbox 2836 5782 3184 5844; x_wconf 84' lang='lat' dir='ltr'><strong>Barbcrinus,</strong></span> <span class='ocrx_word' id='word_1_964' title='bbox 3225 5775 3354 5850; x_wconf 68' lang='grc' dir='ltr'>φράρ</span> 
     </span>
    </p>
   </div>
   <div class='ocr_carea' id='block_1_119' title="bbox 115 5865 490 5935">
    <p class='ocr_par' dir='ltr' id='par_1_119' title="bbox 115 5865 490 5935">
     <span class='ocr_line' id='line_1_119' title="bbox 115 5865 490 5935; baseline 0.013 -21"><span class='ocrx_word' id='word_1_965' title='bbox 115 5865 289 5935; x_wconf 71' lang='grc' dir='ltr'>τίτθαι,</span> <span class='ocrx_word' id='word_1_966' title='bbox 317 5869 490 5922; x_wconf 75' lang='lat' dir='ltr'><strong>tualc.</strong></span> 
     </span>
    </p>
   </div>
  </div>
