3816 6516
469 335 567 392 211

1916 339 2240 399 ORIGENIS
3626 347 3719 402 2ἷὲ

466 473 567 528 per
593 471 654 513 se
682 455 909 517 veritas.
938 455 1052 526 ipsa
1088 455 1178 512 illa
1204 472 1326 528 quae
1361 467 1445 515 est
1470 459 1868 529 substantialis,
1893 470 1971 527 et,
1995 471 2054 518 ut

2164 478 2256 533 νης
2282 438 2687 516 ἐντετύπωνται
2734 463 2849 527 τοῖς
2895 463 3156 535 φρονοῦσι
3184 463 3282 536 τὴν
3309 461 3584 536 ἀλήθειαν,
3615 465 3721 537 οὐχὶ

468 548 545 606 ita
573 551 779 616 dicam,
813 552 1045 623 prinmm
1070 552 1351 624 exemplar
1396 554 1541 611 illius
1567 555 1819 612 veritatis
1849 570 1970 626 qua:
1994 556 2050 611 in

469 645 758 702 animabus
804 648 947 701 inest
981 645 1211 702 rationis
1241 646 1558 717 capacibus,
1619 663 1650 702 a
1681 664 1786 717 qua
1823 649 2053 705 veritate

469 737 637 794 veluti
668 738 934 807 imagines
980 738 1125 794 illius
1158 740 1440 809 impressa:
1494 739 1651 797 fuere
1676 741 2054 811 spectantibus

471 832 782 899 veritatem,
817 848 922 887 non
964 847 1063 903 per
1106 831 1291 889 Jesutn
1320 834 1596 890 Christum
1633 837 1775 892 facta
1822 847 1928 906 est,
1958 855 2055 895 ne-

468 941 579 998 que
604 926 826 981 omnino
859 941 958 997 per
1003 926 1261 997 aliquem,
1294 928 1390 983 sed
1439 943 1468 983 a
1507 929 1638 985 Deo.
1687 930 2056 998 Quemadmo-

472 1021 601 1075 dum
643 1021 787 1077 enim
840 1035 1019 1091 neque
1053 1020 1248 1077 Sermo
1295 1020 1385 1076 ille
1411 1023 1507 1093 qui
1542 1023 1597 1079 in
1643 1025 1911 1096 principio
1938 1037 2053 1083 erat

475 1113 616 1185 apud
648 1115 814 1170 Deum
842 1114 909 1180 ",
942 1130 1049 1170 non
1080 1124 1167 1171 est
1198 1130 1297 1185 per
1320 1115 1599 1187 aliquem;
1631 1133 1807 1189 neque
1839 1120 2057 1189 sapien-

474 1206 550 1260 tia
582 1205 693 1270 illa,
726 1221 888 1276 quam
920 1207 1127 1261 creavit
1153 1206 1310 1264 initio
1331 1209 1541 1263 viarum
1577 1224 1799 1264 suarum
1823 1210 1964 1267 Deus
1984 1212 2053 1278 “,

472 1314 581 1353 non
610 1308 693 1354 est
721 1313 818 1370 per
844 1298 1085 1369 aliquem
1117 1316 1132 1355 :
1162 1299 1244 1356 sie
1277 1315 1455 1371 neque
1487 1301 1693 1359 veritas
1722 1302 1815 1377 illa
1844 1314 1927 1359 est
1959 1321 2057 1376 per

472 1391 732 1462 aliquem.
766 1390 965 1446 Verum
1005 1407 1127 1461 qua:
1148 1393 1289 1464 apud
1317 1393 1567 1450 homines
1594 1403 1678 1449 est
1707 1395 1933 1461 veritas,
1959 1413 2057 1467 per

468 1483 656 1542 Jesum
690 1484 966 1540 Christum
1024 1485 1167 1541 facta
1200 1493 1318 1547 est;
1370 1485 1519 1541 verbi
1585 1488 1784 1557 gratia,
1853 1490 2057 1545 veritas

473 1592 597 1646 qua:
624 1576 678 1632 in
704 1576 874 1631 Paulo
904 1576 1047 1630 inest
1073 1578 1398 1645 exterisque
1426 1575 1705 1645 apostolis,
1741 1591 1839 1646 per
1865 1575 2054 1633 Jesum

472 1665 752 1723 Christum
782 1667 928 1722 facta
961 1674 1066 1722 est.
1092 1664 1205 1722 Nec
1237 1667 1432 1721 mirum
1466 1677 1573 1731 est.
1627 1668 1674 1725 si
1701 1670 1904 1726 veritas
1933 1686 2056 1726 cum

472 1760 546 1814 sit
577 1774 707 1823 una,
736 1757 936 1815 multas
963 1758 1118 1829 quasi
1147 1759 1410 1815 veritates
1448 1761 1516 1815 ab
1544 1758 1633 1816 illa
1662 1762 1910 1818 dicamus
1954 1763 2056 1817 dil—

2152 555 2240 610 διὰ
2282 556 2460 627 Ἰησοῦ
2482 554 2719 628 Χριστοῦ
2750 556 2991 627 ἐγένετο,
3020 558 3131 611 οὐδ’
3155 558 3294 623 ὅλως
3319 557 3407 613 διά
3436 575 3595 623 τινος,
3620 559 3719 613 ἀλλ’

2122 696 2127 699 ς
2155 648 2261 702 ὑπὸ
2287 647 2425 702 Θεοῦ
2465 649 2702 718 ἐγένετο·
2727 649 2804 714 ὡς
2831 650 2927 704 καὶ
2952 652 2981 703 ὁ
3009 650 3183 719 Λόγος
3213 651 3275 705 ού
3301 650 3392 705 διά
3427 668 3591 716 τινος,
3612 653 3639 705 ὁ
3674 655 3721 706 ὲν

2155 742 2297 815 ἀρχῇ
2331 741 2467 815 πρὸς
2506 743 2598 797 τὸν
2627 742 2779 808 Θεὸν,
2819 745 2915 796 καὶ.
2959 745 2993 816 η
3036 744 3197 814 σοφία
3225 745 3294 816 ὴν
3326 743 3539 799 ἔκτισεν
3570 746 3722 817 ἀρχὴν

2155 834 2290 889 ὁδῶν
2324 834 2491 888 αὐτοῦ
2535 836 2564 889 ὁ
2593 834 2747 901 Θεὸς,
2784 836 2844 890 ού
2873 835 2963 891 διά
3004 852 3169 900 τινοςο
3205 835 3379 901 οῦτως
3409 836 3528 891 οὐδὲ
3556 836 3722 909 ὴὰλή-

2156 925 2278 981 θεια
2324 927 2415 981 διά
2443 944 2606 992 τινος.
2649 928 2714 981 Ἦ
2765 927 2822 981 δὲ
2874 927 3002 1000 παρ’
3051 927 3363 1001 ἀνθρώποις
3398 927 3622 1000 ἀλήθεια
3648 929 3721 984 διὰ

2167 1020 2344 1095 Ἰησοῦ
2377 1020 2614 1094 Χριστοῦ
2659 1002 2896 1091 ἐγένετο·
2953 1015 3065 1075 οἷον
3097 1022 3131 1093 ἡ
3166 1024 3224 1075 ὲν
3270 1020 3468 1091 Παύλῳ
3513 1019 3723 1092 ἀλήθεια

2156 1112 2251 1166 καὶ
2274 1113 2386 1177 τοῖς
2414 1111 2735 1175 ἀποστόλοις
2763 1110 2854 1166 διὰ
2897 1111 3075 1184 Ἰησοῦ
3094 1110 3337 1184 Χριστοῦ
3367 1110 3603 1180 ἐγένετο.
3628 1111 3726 1164 Καὶ

2156 1207 2216 1259 ού
2255 1205 2588 1277 θαυμαστὸν,
2623 1207 2754 1277 μιᾶς
2802 1203 2971 1277 οὔσης
3014 1203 3293 1277 ἀληθείας,
3336 1205 3501 1260 οἱονεὶ
3542 1202 3726 1268 πολλὰς

2157 1299 2254 1353 ἀπ’
2288 1299 2504 1371 ἐκείνης
2534 1298 2717 1369 λέγειν
2747 1297 3100 1371 ὲρρυηκέναι.
3132 1293 3254 1353 Οἵδε
3282 1297 3413 1368 γοῦν
3457 1298 3489 1350 δ
3529 1298 3726 1369 προφή-

2156 1410 2257 1464 της
2286 1392 2449 1447 Δαυῒδ
2481 1391 2679 1457 πολλὰς
2713 1392 2974 1465 ἀληθείας
3004 1392 3198 1462 λέγων’
3250 1410 3268 1443 ι
3319 1389 3605 1464 Ἀληθείας
3645 1393 3726 1445 ὲκ-

2158 1487 2313 1558 ςητεῖ
2341 1487 2566 1556 Κύριος.
2611 1505 2630 1535 ι
2664 1484 2739 1538 Οὐ
2768 1484 2877 1556 γὰρ
2904 1484 3004 1557 τὴν
3033 1483 3165 1555 μίαν
3191 1481 3413 1554 ὲκζητεῖ
3434 1481 3685 1554 ἀλήθειαν
3705 1483 3730 1534 ὁ

2158 1578 2341 1652 πατὴρ
2370 1577 2561 1648 αὐτῆς,
2611 1576 2747 1631 ἀλλὰ
2777 1576 2879 1642 τὰς
2925 1576 3147 1641 πολλὰς,
3193 1576 3261 1630 δι’
3290 1575 3357 1639 ἃς
3393 1574 3648 1639 σώζονται
3688 1576 3728 1627 οἱ

2157 1671 2372 1743 ἔχοντες
2402 1669 2590 1734 αὐτάς.
2620 1669 2693 1723 Τὸ
2710 1670 2753 1723 δ’
2775 1670 2959 1742 ὅμοιον
2981 1667 3059 1740 τῷ
3092 1667 3340 1741 περὶτῆς
3371 1665 3629 1739 ἀληθείας
3650 1667 3731 1719 καὶ

2157 1763 2267 1817 τῶν
2306 1762 2573 1834 ἁληθειὼν
2609 1761 2774 1833 λόγῳ,
2831 1760 3158 1833 εὑρίσκομεν
3196 1759 3489 1831 εἰρημένον
3515 1759 3643 1829 περὶ
3666 1756 3732 1810 δι-

472 1851 663 1909 ﬂuerc.
696 1851 844 1907 Vidit
872 1828 1014 1907 enim
1047 1850 1215 1906 David
1247 1851 1335 1906 ille
1363 1853 1627 1924 propheta
1661 1854 1862 1909 multas
1907 1856 2054 1910 veri-

2165 1828 2456 1929 καιοσύνης
2468 1855 2563 1910 καὶ
2572 1828 2949 1910 δικαιοσυνῶν.
2963 1854 3038 1907 Τὸ
3052 1828 3159 1926 γὰρ
3170 1828 3619 1922 αὐτοδικαιοσύνη
3633 1850 3731 1921 (8%)

472 1953 638 2012 tates,
670 1944 858 2002 dicens
886 1944 932 1977 ”
969 1963 985 2000 :
1018 1963 1037 1997 ι
1076 1943 1350 2002 Veritates
1394 1947 1655 2016 exquiret
1708 1949 1988 2004 Dominus.
2029 1968 2050 2003 ι

470 2034 593 2092 Non
620 2037 766 2094 enim
798 2053 960 2095 unam
1006 2039 1245 2109 exquirit
1288 2037 1580 2095 veritatem
1615 2039 1856 2096 veritatis
1886 2041 2057 2112 ipsius

471 2126 663 2194 Pater,
687 2129 784 2184 sed
817 2128 1036 2196 multas,
1070 2146 1166 2201 per
1198 2145 1337 2200 quas
1384 2142 1673 2188 servantur
1706 2133 1800 2202 qui
1833 2147 1927 2188 eas
1951 2132 2053 2189 ha-

474 2221 628 2278 bent.
657 2222 848 2281 Simile
874 2240 1009 2282 vero
1042 2227 1300 2298 quiddam
1334 2228 1463 2284 huic
1523 2227 1757 2282 orationi
1818 2225 1887 2280 de
1913 2224 2057 2281 veri-

473 2323 591 2370 tate
617 2325 674 2371 et
700 2317 1026 2374 veritatibus
1070 2319 1274 2375 dictum
1325 2320 1631 2378 invenimus
1658 2320 1726 2375 de
1763 2317 1977 2389 justitia
2002 2328 2057 2375 et

469 2406 723 2477 justitiis.
773 2399 894 2480 Ipsa
937 2411 1082 2466 enim
1114 2410 1328 2482 iustitia
1366 2413 1529 2486 108
1552 2427 1673 2483 quae
1713 2428 1778 2470 ex
1808 2428 1869 2469 se
1894 2422 1978 2469 est
2002 2421 2059 2470 et

473 2498 878 2568 substantialis,
934 2502 1187 2560 Christus
1219 2511 1325 2572 est,
1371 2523 1391 2557 ι
1433 2506 1523 2574 qui
1573 2503 1751 2560 factus
1785 2511 1870 2559 est
1898 2503 2057 2560 nobis

476 2594 750 2663 sapientia
805 2610 835 2650 a
888 2594 1027 2663 Deo,
1078 2597 1425 2668 iustitiaque,
1479 2607 1534 2652 et
1564 2597 1947 2665 sanctiﬁcatio,
2001 2607 2052 2652 et

473 2686 782 2760 redemptio
809 2689 857 2724 “
883 2689 1196 2764 [perfecta].
1225 2711 1246 2746 ι
1282 2691 1364 2748 Ab
1418 2690 1513 2746 illa
1539 2699 1720 2747 autem
1748 2690 1963 2760 iustitia
1991 2705 2055 2746 ea

467 2776 683 2847 iustitia
715 2780 979 2838 formatur
1010 2797 1130 2854 quae
1161 2784 1214 2838 in
1244 2797 1575 2854 unoquoque
1598 2784 1761 2851 inest,
1800 2784 1875 2839 ita
1911 2795 1971 2839 ut
2000 2786 2054 2839 in

476 2868 564 2924 his
591 2870 682 2940 qui
717 2882 1031 2939 servantur,
1079 2872 1262 2929 multae
1310 2873 1444 2928 liant
1487 2873 1750 2942 justitize;
1809 2875 1951 2930 hanc
1986 2874 2057 2930 ob

473 2974 698 3017 causam
724 2964 888 3020 etiam
934 2966 1201 3037 scriptum
1229 2976 1315 3023 est
1340 2966 1385 3000 "
1418 2982 1434 3022 :
1470 2984 1492 3020 ι
1526 2966 1719 3024 Justus
1768 2966 2055 3032 Dominus,

473 3064 534 3109 et
559 3054 806 3124 justitias
835 3059 1030 3116 dilexit
1061 3077 1077 3116 :
1118 3079 1140 3114 ι
1173 3064 1253 3117 sic
1280 3060 1426 3118 enim
1478 3061 1533 3115 in
1559 3061 1705 3117 veris
1731 3061 2058 3131 exemplari-

472 3148 579 3203 bus
625 3158 682 3204 et
713 3151 927 3208 caeteris
974 3153 1357 3210 traditionibus
1405 3154 1560 3225 juxta
1610 3153 1966 3224 Septuaginta
2001 3162 2058 3210 et

478 3237 599 3309 ipso
645 3239 919 3299 Hebraico
969 3245 1296 3302 invenimus.
1361 3246 1574 3316 Inspice
1602 3260 1731 3301 vero
1779 3262 1911 3301 num
1956 3248 2061 3303 isto

474 3333 641 3388 modo
670 3334 776 3391 alia
800 3351 1040 3406 quoque,
1076 3353 1199 3407 quae
1221 3338 1472 3395 Christus
1501 3354 1622 3397 esse
1651 3340 1852 3397 dicitur
1878 3342 2062 3413 singu-

475 3422 690 3490 lariter,
728 3441 831 3497 pro
868 3430 1222 3498 proportione
1257 3430 1636 3503 multiplicata,
1692 3433 1930 3503 plurium
1957 3448 2059 3487 nu-

474 3532 633 3573 mero
681 3518 862 3574 efferri
903 3521 1151 3590 possint;
1204 3524 1356 3579 verbi
1408 3526 1610 3595 gratia,
1664 3525 1917 3583 Christus
1975 3534 2062 3581 est

474 3609 588 3664 vita
626 3620 834 3679 nostra,
868 3613 1324 3683 quemadmodum
1349 3615 1615 3674 Servator
1636 3621 1753 3686 ipse
1776 3617 1953 3687 inquit
1974 3616 2058 3674 δει

484 3724 506 3759 r
534 3709 647 3780 Ego
676 3725 794 3765 sum
830 3711 937 3773 via,
974 3712 1178 3768 veritas
1206 3722 1264 3766 et
1289 3712 1437 3780 vita;
1484 3734 1503 3767 ι
1559 3724 1617 3770 et
1652 3714 1949 3786 Apostolus
1968 3715 2015 3749 δ’
2041 3732 2055 3769 :

419 3798 452 3818 "‘
482 3818 503 3851 ι
539 3798 986 3873 Quandoeunque
1013 3803 1276 3862 Christus
1306 3792 1694 3865 manifestatus
1730 3807 1899 3863 fuerit
1943 3809 2059 3865 vita

475 3899 686 3959 nostra,
739 3902 870 3951 tunc
922 3904 978 3950 et
1010 3911 1107 3953 vos
1137 3912 1262 3953 cum
1321 3898 1413 3955 illo
1454 3899 1943 3957 manifestahiuiini
2002 3902 2055 3956 in

475 3982 666 4054 gloria.
702 4003 722 4038 ι
756 3986 967 4044 Rursus
1010 3987 1063 4043 in
1103 3988 1334 4047 Psalmis
1381 3992 1648 4064 scriptum
1676 3994 1725 4026 ⁵⁰
1756 4012 1769 4048 :
1805 4013 1824 4047 ι
1866 3993 2058 4049 Melior

477 4077 852 4134 misericordia
880 4088 969 4135 tua
1011 4096 1178 4151 super
1208 4084 1372 4139 vitas.
1417 4102 1438 4137 ι
1476 4085 1612 4139 Nam
1638 4087 1765 4155 quia
1804 4086 2058 4141 Christus

474 4166 533 4220 in
570 4182 897 4239 unoquoque
928 4171 1071 4228 inest
1106 4174 1240 4239 vita,
1280 4175 1404 4231 ideo
1437 4176 1871 4246 multiplicantur
1897 4178 2055 4247 vitm;

473 4254 728 4314 fortassis
762 4260 871 4316 isto
899 4263 1062 4318 modo
1111 4273 1167 4319 et
1199 4264 1330 4320 illud
1367 4266 1752 4336 inquirendum
1785 4284 1800 4323 :
1849 4285 1869 4320 ι
1914 4266 2056 4323 Num

473 4351 912 4420 experimentum
967 4357 1213 4424 quaeritis
1251 4358 1400 4430 ejus,
1456 4360 1550 4431 qui
1590 4361 1765 4417 inme
1814 4360 2057 4433 loquitur

473 4442 731 4500 Christus
757 4445 845 4500 ⁸ίῖ
888 4465 909 4499 ι
944 4447 1140 4504 Fertne
1191 4453 1336 4507 enim
1392 4454 1445 4508 in
1498 4468 1831 4525 unoquoque
1866 4460 2057 4511 sancto

2165 1951 2198 2022 ἡ
2232 1947 2493 2020 ούσιώδης
2525 1948 2758 2019 Χριστός
2793 1949 2963 2011 ἐστιν,
3003 1966 3019 1997 ι
3064 1945 3122 2010 ὃς
3160 1944 3392 2017 ἐγενήθη
3428 1944 3590 2014 σοφία
3616 1945 3733 2016 ἡμῖν

2165 2041 2275 2096 ἀπὸ
2295 2040 2453 2105 Θεοῦ,
2490 2040 2803 2113 δικαιοσύνη
2842 2058 2902 2094 τε
2956 2040 3049 2095 καὶ
3081 2039 3373 2110 ἁγιασμὸς,
3418 2040 3513 2092 καὶ
3551 2036 3735 2092 ἀπολύ-
3800 2026 3801 2059 ἶ

2162 2150 2384 2206 τρωσις.
2428 2152 2448 2186 ι
2476 2133 2596 2187 Ἀπ’
2629 2132 2842 2205 ἐκείνης
2872 2132 2930 2187 δὲ
2958 2133 3055 2205 τῆς
3085 2130 3431 2203 δικαιοσύνης
3461 2134 3496 2203 ἠ
3528 2133 3589 2185 ἐν
3619 2129 3734 2183 ἐκά-

2165 2244 2275 2298 στῳ
2300 2226 2618 2300 δικαιοσύνη
2642 2225 2931 2292 τυποῦται,
2961 2224 3037 2288 ὡς
3069 2224 3316 2294 γίνεσθαι
3334 2225 3414 2277 ..ἐν
3442 2224 3559 2286 τοῖς
3594 2221 3736 2285 σωζο-

2167 2319 2349 2392 μένοις
2379 2319 2579 2385 πολλὰς
2609 2317 2975 2383 δικαιοσύνας·
2994 2317 3075 2372 διὸ
3101 2316 3195 2371 καὶ
3216 2316 3551 2388 γέγραπται·
3586 2334 3604 2367 ι
3629 2316 3735 2369 Ὅτι

2162 2412 2372 2477 δίκαιος
2410 2412 2641 2484 Κύριος,
2671 2412 2767 2466 καὶ
2805 2409 3152 2474 δικαιοσύνας
3191 2410 3517 2482 ἠγάπησεν·
3562 2429 3581 2462 ι
3609 2408 3737 2463 οὕτω
3800 2460 3801 2469 χ

2163 2503 2273 2577 γὰρ
2302 2504 2361 2558 ὲν
2389 2506 2501 2569 τοῖς
2532 2502 2816 2576 ἀκριϐέσιν
2842 2502 3196 2575 ἀντιγράφοις
3226 2501 3480 2573 εὕρομεν,
3506 2502 3604 2555 καὶ
3632 2504 3738 2565 tat;
3800 2490 3801 2497 “

2162 2596 2378 2661 λοιπαῖς
2425 2596 2577 2669 παρὰ
2616 2598 2743 2660 τοὺς
2784 2595 3183 2667 Ἑϐδομήκοντα
3232 2594 3500 2658 ὲκδόσεσι,
3544 2595 3639 2647 καὶ
3671 2594 3737 2663 τῷ
3800 2646 3801 2651 η

2177 2689 2473 2763 Ἐὄραῖκῷ.
2528 2689 2850 2760 Ἐπίστησον
2893 2688 2950 2742 δὲ
2978 2689 3027 2741 εί
3052 2685 3277 2742 δύναται
3301 2686 3507 2758 ὁμοίως
3540 2686 3635 2740 καὶ
3678 2684 3738 2738 τὰ
3800 2694 3801 2703 ‘

2163 2784 2319 2852 ἄλλα,
2352 2785 2452 2838 ὅσα
2475 2784 2709 2856 Χριστὸς
2731 2779 2869 2837 εἶναι
2897 2782 3114 2851 λέγεται
3147 2780 3363 2847 ἑνικῶς,
3401 2780 3739 2852 πληθυὸμενα

2164 2878 2424 2948 ἀνάλογον
2470 2876 2835 2949 ὀνομάζεσθαι
2894 2874 3296 2948 πληθυντικῶς,
3355 2869 3470 2928 οἷον
3518 2874 3740 2946 Χριοτὰ

2164 2971 2313 3026 ἔστιν
2344 2972 2378 3042 ή
2409 2969 2521 3042 ζωὴ
2554 2969 2734 3042 ἡμῶν,
2768 2969 2844 3032 ὼς
2878 2968 3039 3031 αὐτὸς
3065 2968 3094 3020 ὁ
3122 2967 3315 3039 Σωτήρ
3346 2982 3536 3037 φησιν·
3561 2985 3579 3016 ι
3613 2963 3739 3033 Ἐγώ

2164 3066 2281 3136 είμι
2310 3063 2500 3135 ήόδὸς,
2530 3062 2625 3117 καὶ
2650 3064 2684 3134 ἡ
2718 3060 2967 3133 ἀλήθεια,
3004 3060 3097 3115 καὶ
3121 3061 3154 3130 ἡ
3178 3059 3312 3130 ζωή·
3341 3077 3359 3109 ι
3395 3058 3489 3112 καὶ
3522 3060 3553 3111 ὁ
3594 3055 3740 3110 Ἀπό-
3800 3084 3801 3125 ι

2091 3195 2134 3253 c
2167 3156 2368 3222 στολος·
2400 3176 2419 3208 ι
2446 3156 2613 3210 Ὅταν
2646 3153 2878 3227 Χριστὸς
2910 3152 3195 3226 φανερωθῇ
3218 3153 3252 3222 ἡ
3273 3149 3388 3223 ζωὴ
3416 3149 3604 3253 mide-‘1,
3632 3150 3740 3253 τοῖς

2166 3252 2282 3307 καῖ’
2301 3251 2460 3322 ὑμεῖς
2506 3249 2603 3304 σὺν
2654 3247 2805 3320 αύτῷ
2857 3245 3308 3319 φανερωθήσεσθε
3363 3247 3422 3298 ὲν
3466 3241 3742 3317 δόξῃ.ιἘν

2163 3345 2417 3416 Ψαλμοῖς
2471 3343 2529 3397 δὲ
2586 3343 2748 3397 πάλιν
2800 3341 3246 3413 ἀναγέγραπται·
3308 3357 3328 3389 ι
3377 3339 3647 3409 Κρεῖττον
3689 3336 3743 3390 τὸ

2165 3437 2313 3502 ἔλεός
2341 3452 2436 3489 σου
2467 3435 2607 3508 ὑπὲρ
2650 3433 2816 3499 (me:
2855 3454 2874 3486 ι
2906 3432 2996 3487 διὰ
3025 3432 3133 3504 γὰρ
3155 3432 3245 3485 τὸν
3277 3433 3335 3485 ὲν
3363 3431 3587 3502 ἑκάστῳ
3618 3431 3742 3501 Χρι-

2165 3528 2290 3582 στὸν
2335 3526 2465 3580 ὅντα
2496 3524 2640 3596 ζωὴν
2669 3522 3001 3594 πληθύονται
3049 3522 3105 3574 αἱ
3134 3518 3291 3584 ζωαί.
3324 3518 3479 3590 Τάχα
3523 3518 3586 3571 δὲ
3615 3516 3745 3570 οὕτω

2164 3619 2426 3693 ζητητέον
2458 3617 2550 3672 καὶ
2579 3616 2659 3670 τό·
2709 3633 2730 3667 r
2768 3616 2832 3669 Εί
2857 3612 3086 3685 δοκιμὴν
3136 3612 3348 3682 ζητεῖτε
3390 3610 3485 3664 τοῦ
3535 3611 3596 3663 ὲν
3635 3608 3745 3679 ἐμοὶ
3800 3614 3801 3625 ‘

2164 3711 2452 3776 λαλοῦντος
2476 3707 2750 3783 Χριστοῦς
2780 3726 2801 3760 ›
2832 3706 3011 3761 Οἱονεὶ
3041 3706 3150 3778 γὰρ
3182 3703 3305 3759 καθ’
3331 3703 3570 3758 ἕκαστον
3604 3702 3746 3770 ᾶγιον

2162 3803 2399 3876 Χριστὸς
2430 3801 2765 3873 εὑρίσκεται,
2812 3800 2907 3855 καὶ
2944 3798 3183 3869 γίνονται
3217 3797 3306 3851 διὰ
3350 3797 3442 3851 τὸν
3470 3795 3576 3850 ἕνα
3619 3796 3746 3866 Χρι-
3800 3830 3801 3839 η

2164 3895 2288 3950 στὸν
2317 3894 2503 3950 πολλοὶ
2538 3892 2787 3966 Χριστοὶ,
2832 3892 2883 3945 οἱ
2931 3889 3142 3944 ἐκείνου
3196 3888 3452 3961 μιμηταὶ,
3489 3887 3591 3942 καὶ
3637 3886 3746 3940 κατ’

2162 3988 2323 4042 αὑτὸν
2361 3987 2545 4041 εἰκόνα
2577 3984 2708 4040 ὄντα
2742 3982 2877 4037 Θεοῦ
2920 3981 3360 4054 μεμορφωμένοι·
3393 3977 3520 4033 ὅθεν
3547 3980 3579 4032 ὁ
3627 3977 3747 4039 Θεὸς

2113 4127 2117 4130 .
2160 4078 2249 4134 διὰ
2276 4076 2371 4132 τοῦ
2407 4078 2692 4151 προφήτου
2726 4074 2881 4147 φησί·
2917 4094 2935 4126 ι
2974 4073 3066 4144 Μὴ
3103 4070 3314 4143 ἆψησθε
3349 4070 3460 4124 τῶν
3497 4067 3747 4144 Χριστῶν

2165 4189 2290 4244 μου.
2328 4191 2348 4224 ι
2393 4173 2459 4225 Ὀ
2483 4169 2664 4233 τοίνυν
2691 4167 2954 4238 ἐδόξαμεν
2988 4162 3421 4237 παρεληλυθέναι
3454 4161 3747 4235 διηγούμε-

2162 4281 2241 4318 νοι
2261 4263 2344 4329 τό,
2386 4282 2405 4315 ι
2451 4262 2517 4316 Ἦ
2545 4261 2705 4335 χάρις
2732 4259 2829 4313 καὶ
2864 4259 2898 4330 ἡ
2929 4256 3155 4328 ἀλήθεια
3181 4254 3269 4308 διὰ
3310 4253 3489 4325 Ἰησοῦ
3537 4249 3747 4326 χριστοῦ

2162 4355 2400 4425 ἐγένετο,
2442 4373 2460 4406 ι
2493 4352 2652 4407 τοῦτο
2679 4351 2774 4405 νῦν
2800 4350 2942 4405 κατὰ
2968 4349 3028 4403 τὸ
3062 4348 3303 4419 ἐμπεσὸν
3336 4346 3745 4416 ἀνεπτύξαμεν·

2162 4448 2282 4522 ἅμα
2318 4450 2377 4504 δὲ
2418 4448 2866 4521 παρεστήσαμεν,
2896 4445 2978 4498 ὅτι
3019 4442 3115 4497 τοῦ
3148 4440 3456 4495 Βαπτιστοῦ
3504 4441 3747 4495 Ἰωάννου

471 4533 726 4590 Christus
765 4535 1065 4608 invenitur,
1118 4551 1175 4598 et
1219 4543 1355 4599 liuut
1413 4559 1512 4615 per
1550 4561 1719 4602 unum
1772 4546 2051 4602 Christum

2164 4544 2363 4616 ἐστὶνὴ
2398 4543 2568 4614 φωνή·
2596 4540 2678 4595 ἔτι
2698 4539 2757 4594 δὲ
2780 4538 2875 4593 καὶ
2898 4535 2987 4592 διὰ
3012 4534 3218 4590 τούτων
3249 4532 3663 4607 μαρτυροῦντος
3681 4532 3749 4603 τῷ

468 4626 630 4683 multi
660 4627 891 4701 Christi,
929 4631 1076 4689 illius
1104 4635 1432 4702 imitatores,
1472 4649 1529 4695 et
1569 4638 1948 4697 transformati
1989 4641 2058 4696 ad

2165 4637 2282 4709 Υἰῷ
2313 4637 2406 4690 τοῦ
2437 4633 2597 4689 Θεοῦ.

470 4720 620 4779 illius
650 4724 1086 4799 similitudinem,
1129 4734 1222 4801 qui
1265 4743 1350 4790 est
1390 4735 1568 4805 imago
1612 4735 1742 4805 Dei;
1784 4737 1929 4792 unde
1967 4750 2066 4806 per
2103 4702 2427 4806 pr0phetam
2480 4730 2657 4800 inquit
2710 4714 2906 4784 Deus':
2952 4745 2971 4779 ι
3014 4726 3092 4783 Ne
3147 4702 3439 4797 tetigeritis
3521 4722 3749 4777 christos

468 4834 623 4877 meos
666 4823 734 4879 “.
789 4842 810 4877 ι
862 4825 1018 4893 Quod
1067 4829 1231 4900 igitur
1285 4830 1339 4886 in
1391 4834 1704 4891 enarranda
1748 4836 1851 4891 visi
1896 4849 2088 4892 sumus
2133 4831 2502 4904 praeteriisse;
2564 4841 2792 4896 nempe,
2851 4843 2870 4876 ι
2919 4824 3106 4879 Gratia
3156 4833 3213 4880 et
3260 4822 3468 4878 veritas
3520 4838 3625 4893 per
3665 4817 3750 4873 Je.

471 4926 594 4969 sum
633 4916 912 4975 Christum
938 4919 1080 4977 facta
1112 4933 1197 4978 est
1217 4923 1283 4993 ⁵⁸,
1317 4943 1336 4977 ι
1373 4925 1554 4982 obiter
1589 4942 1733 4984 nunc
1777 4928 2161 4999 explicuimus,
2207 4925 2430 4993 insuper
2452 4920 2807 4974 ostendentes
2854 4915 3081 4973 Joannis
3130 4915 3390 4986 Baptistae
3438 4915 3589 4972 hanc
3637 4931 3750 4971 esse

469 5020 685 5072 vorem,
723 5013 901 5069 adhuc
944 5015 1107 5071 etiam
1145 5031 1242 5087 per
1289 5018 1407 5074 haec
1445 5020 1607 5075 verba
1650 5022 2017 5078 testimonium
2058 5018 2338 5076 reddentis
2372 5015 2509 5070 Filio
2546 5013 2664 5067 Dei.

453 5137 459 5149 .
539 5102 597 5158 4.
638 5102 755 5158 Jam
791 5120 920 5179 ergo
975 5112 1259 5169 videamus
1308 5116 1606 5171 secundum
1657 5115 1884 5174 Joannis
1906 5116 2055 5174 testi-

471 5192 714 5249 monium
739 5195 806 5249 “.
834 5197 910 5252 Ex
944 5199 1337 5275 Hierosolymis
1377 5204 1573 5273 Judtei,
1600 5222 1699 5264 ceu
1729 5208 1918 5265 amnes
1950 5207 2053 5263 Ba-

2230 5113 2282 5167 4.
2308 5110 2451 5182 ΓΉδη
2477 5104 2569 5164 οῦν
2599 5107 2798 5178 ἴδωμεν
2829 5105 2929 5179 τὴν
2948 5104 3209 5176 δευτέραν
3252 5103 3500 5159 Ἰωάννου
3543 5122 3749 5177 μαρτυ-

2163 5206 2301 5279 ρίαν.
2339 5202 2472 5256 Ἀπὸ
2512 5200 2899 5273 Ἰεροσολύμων
2945 5199 3208 5263 Ἰουδαῖοι,
3241 5198 3318 5262 ὡς
3350 5202 3642 5267 συγγενεῖς
3668 5199 3749 5251 δν-

469 5286 673 5355 ptistze,
708 5289 801 5358 qui
845 5305 912 5344 ex
952 5308 1150 5362 genere
1185 5300 1509 5355 sacerdotali
1542 5311 1682 5368 erat,
1736 5303 2053 5358 sacerdotes

2164 5315 2248 5361 τες
2291 5294 2386 5350 τοῦ
2414 5291 2743 5357 Βαπτιστοῦ,
2781 5292 2889 5346 ἀπὸ
2919 5291 3109 5361 γένους
3141 5287 3416 5361 ἱερατικοῦ
3452 5291 3749 5362 τυγχάνον-

468 5379 715 5445 mittunt,
750 5391 806 5435 et
835 5378 1053 5437 chitas
1080 5385 1537 5459 interrogaturos,
1563 5392 1687 5462 quis
1720 5392 1938 5462 tandem
1963 5405 2052 5446 es-

469 5483 558 5528 set
589 5470 849 5531 Joannes.
892 5474 965 5529 At
1015 5476 1107 5532 ille
1156 5480 1365 5550 dicens,
1405 5504 1424 5537 ι
1463 5483 1577 5540 Non
1605 5500 1724 5541 sum
1764 5499 1864 5556 ego
1893 5483 2051 5540 Citri-

547 5564 592 5637 ‘_’
616 5561 773 5637 Joan.
806 5580 847 5634 ι,
881 5565 937 5622 2.
1014 5566 1061 5599 ⁵⁵
1090 5569 1247 5629 Prov.
1279 5590 1395 5637 vm,
1433 5576 1525 5632 22.

470 5635 515 5747 ς’
542 5635 756 5761 (£1053;
780 5652 887 5763 ἰςὶιᾶ
910 5637 1012 5766 4ἱ9
1070 5642 1118 5673 ⁸ο
1163 5643 1309 5701 Psal.
1354 5635 1488 5714 rx...
1522 5648 1577 5704 4.

2154 5407 2269 5453 τος,
2301 5390 2464 5460 ἱερεῖς
2494 5386 2773 5457 πέμπουσι
2800 5386 2896 5438 καὶ
2920 5385 3152 5449 Λευῖτας
3183 5383 3583 5456 πευσομένους.
3608 5385 3749 5447 ὅστις

2156 5483 2289 5537 ποτὲ
2311 5483 2399 5554 εἴη
2421 5483 2450 5535 ὁ
2490 5480 2765 5550 Ἰωάννης.
2810 5478 2869 5532 Ὀ
2898 5478 2956 5532 δὲ
2981 5479 3155 5548 λέγων
3169 5479 3250 5545 τὸ,
3285 5497 3303 5531 ι
3349 5477 3490 5549 Ἐγὼ
3512 5482 3619 5535 οὒκ
3641 5483 3749 5551 εἰμὶ

1625 5579 1671 5611 ⁸⁸
1703 5577 1843 5633 Psal.
1876 5594 2006 5640 xxx,
2039 5577 2054 5632 ε

2210 5579 2256 5611 ἰθ
2301 5576 2476 5632 lCor.
2525 5591 2566 5641 ι,
2601 5571 2692 5629 50.
2785 5572 2831 5604 ⁴⁷
2871 5572 3014 5630 Psal.
3055 5592 3108 5640 x,
3134 5575 3187 5629 8.
3266 5573 3312 5605 “
3338 5572 3496 5629 Joan.
3536 5589 3655 5640 xiv,
3695 5573 3745 5628 6.

1676 5649 1720 5682 ⁸¹
1761 5648 1803 5703 ιι
1838 5649 1965 5705 Cor.
1997 5665 2050 5704 xu

2164 5650 2214 5705 5.
2309 5651 2357 5684 ⁵⁸
2388 5648 2610 5704 lParal.
2660 5658 2775 5709 χιιι,
2809 5644 2913 5711 22;
2957 5644 3096 5700 Psal.
3151 5659 3261 5710 etv,
3314 5645 3403 5702 15.

3518 5646 3569 5678 ⁸³
3593 5644 3748 5702 Joau.

543 5804 650 5875 (82)
685 5796 754 5860 Td
781 5807 891 5877 γὰρ
916 5807 1444 5878 αὑτοὸικαιοσύνη.
1480 5809 1790 5883 Legendum
1809 5811 2042 5879 videtur,

2164 5811 2259 5883 γὰρ
2284 5810 2751 5881 αὐτοδικαιοσύνη.
