3866 6554
142 342 236 400 213

1263 355 1618 415 COMMENT.
1654 357 1722 414 IN
1754 358 1947 417 JOAN.
1975 360 2214 419 TOMUS
2245 361 2334 418 Vl.

3304 368 3416 425 2H

139 465 165 518 6
185 461 433 535 Χριστὸς,
471 482 493 517 ι
530 466 608 521 δι’
643 468 827 525 αὑτοῦ
856 472 1039 527 τούτου
1058 469 1348 543 ὁμολογίαν
1360 473 1619 545 ἀληθείας
1649 492 1730 529 πει

1837 475 2056 542 ἐιυε⁸⁵,
2101 495 2123 530 ι
2161 476 2411 534 veritatis
2449 476 2847 553 cpnt'essionem
2892 480 3097 545 edidit.
3144 472 3294 549 nec,
3353 488 3415 543 ut

141 556 364 629 ποίηται,
389 558 493 612 καὶ
522 560 661 632 οὐχ,
697 563 784 629 ὡς
813 563 883 618 ἀν
913 581 998 628 τις
1027 564 1307 629 ὑπολάϐοι,
1342 564 1429 620 διά
1457 565 1538 631 τὸ,
1575 585 1595 619 ι
1628 568 1743 621 Οὐκ

142 647 240 720 είμί
267 647 599 721 ὸΧριστὸς,
654 672 677 705 ι
718 655 1020 727 ήρνήσατο·
1072 655 1133 708 οὑ
1178 654 1286 727 γάαρ
1326 657 1473 733 ἐστιν
1514 655 1743 726 ἀρνησις

140 742 189 796 τὸ
219 743 294 804 είς
331 741 500 806 δόξαν
546 744 812 817 Χριστοῦ
868 745 1044 816 λέγειν
1101 746 1175 819 μὴ
1214 746 1375 802 αὑτὸν
1414 743 1553 803 εἶναι
1604 749 1741 820 Χρι-

140 836 264 889 στόν.
301 834 495 903 ’Δπαξ
527 837 593 891 δὲ
622 839 678 892 oi
714 839 1066 912 πεμφθέντες
1097 840 1206 895 ἀπὸ
1252 839 1637 912 Ἰεροσολύμων
1669 841 1742 894 ἱε-

141 928 238 997 pa‘t;
273 926 370 980 ml.
403 925 676 997 Λευῖται,
716 930 1055 996 ἀκούσαντες
1092 931 1153 985 τὺ
1185 932 1259 1004 μὴ
1289 927 1428 987 εἶναι
1457 933 1620 987 αὑτὸν
1651 933 1741 988 τὸν

143 1015 592 1090 προσδοκώμενον
627 1022 899 1094 Χριστὸν,
931 1022 1293 1079 πυνθάνονται
1333 1025 1462 1099 περὶ
1499 1024 1595 1079 τοῦ
1628 1025 1742 1080 δευ-

139 1110 281 1180 τέρου
330 1110 722 1183 ἐλπιζομένου
790 1116 924 1189 παρ’
987 1116 1174 1181 αὐτοῖς
1237 1117 1420 1189 τιμίου
1480 1119 1740 1190 ὀνόματος

152 1200 336 1269 Ἠλίου,
400 1205 452 1258 εί
499 1206 682 1271 αὑτὸς
728 1207 818 1280 εἴη
879 1211 1104 1274 ἐκεῖνος.
1152 1209 1314 1279 Λέγει
1367 1211 1425 1265 δὲ
1481 1210 1558 1284 μὴ
1608 1227 1735 1281 τυγ-

142 1294 307 1362 χάνειν
348 1294 571 1360 Ἠλίας,
592 1296 772 1351 πάλιν
794 1298 1076 1370 ὁμολογῶν
1100 1298 1189 1353 διὰ
1212 1299 1327 1366 τοῦ,
1355 1319 1374 1352 t
1412 1302 1527 1356 Οὐκ
1554 1303 1691 1373 εἰμί,
1714 1323 1733 1356 ι

143 1386 198 1439 τὸ
250 1386 471 1459 ἀληθές.
528 1389 699 1444 Ἐπεὶ
750 1390 832 1456 δὲ,
897 1392 1109 1446 πολλῶν
1166 1394 1461 1466 προφητῶν
1520 1396 1739 1468 γινομέ-

143 1496 237 1531 νων
287 1480 343 1532 ὲν
419 1478 693 1551 Ἰσραὴλ,
763 1475 846 1545 εἷς
909 1498 993 1545 τις
1047 1484 1076 1536 6
1128 1482 1233 1536 ὑπὸ
1283 1483 1528 1549 Μωσέως
1600 1503 1738 1557 προ-

144 1570 413 1641 φητευθεὶς
469 1569 788 1644 ἐξαιρέτως
841 1574 1206 1646 προσεδοκᾶτο
1248 1574 1392 1629 κατά
1434 1576 1496 1630 τὸ
1528 1578 1736 1646 φάσκον

142 1663 323 1735 ῥητόν·
397 1682 418 1715 ι
486 1665 823 1737 Προφήτην·
885 1666 1012 1739 ὑμῖν
1088 1669 1383 1743 ἀναστήσει
1447 1670 1651 1742 Κύριος
1708 1676 1737 1727 6

140 1755 260 1819 Θεὸς
306 1755 464 1826 ήμῶν
514 1758 585 1810 ὲκ
640 1757 758 1812 τῶν
809 1759 1052 1829 ἀδελφῶν
1105 1760 1279 1833 ὑμῶν,
1327 1761 1403 1825 ὡς
1456 1762 1590 1834 ἐμέ·
1640 1764 1738 1817 αὑ-

1846 564 2042 636 aliquis
2083 566 2349 636 suspicari
2399 577 2607 637 posset,
2652 583 2748 639 per
2799 568 2918 626 haec
2973 571 3171 636 verba,
3219 591 3237 624 ι
3289 573 3409 633 Non

1844 675 1964 715 sum
1994 676 2094 731 ego
2127 660 2398 729 Christus,
2439 679 2459 715 ι
2494 663 2753 732 negavit;
2797 676 2972 732 neque
3018 665 3161 718 enim
3194 666 3411 737 negatio

1841 761 1945 817 est,
1974 752 2037 805 ad
2059 750 2262 808 Christi
2292 752 2515 821 gloriam
2542 753 2727 809 dicere
2750 770 2943 809 senon
2966 768 3088 810 esse
3107 753 3411 811 Christum.

1840 841 2105 897 Caeterum
2136 858 2259 899 cum
2289 845 2563 901 audissent
2589 845 2679 915 qui
2712 844 2863 901 missi
2890 845 3106 900 fuerant
3130 862 3198 903 e-x
3222 845 3415 903 Hiero-

1841 935 2168 1007 solymorum
2215 938 2350 993 urbe
2381 940 2693 997 sacerdotes
2741 948 2796 995 et
2826 940 3052 1007 Levita),
3089 940 3264 1009 ipsum
3299 956 3409 999 non

1840 1038 1959 1080 esse
1986 1026 2263 1082 Christum
2301 1038 2699 1099 exspectatum,
2730 1033 2798 1087 de
2822 1033 3063 1088 secundo
3108 1032 3198 1100 qui
3225 1047 3411 1103 spera-

1839 1117 2000 1173 batur
2023 1117 2242 1191 [nempe
2272 1119 2437 1195 Elia],
2470 1122 2626 1194 cujus
2664 1137 2863 1179 nomen
2897 1123 3073 1195 magni
3096 1123 3236 1195 apud
3267 1123 3413 1195 ipsos

1843 1209 2025 1276 ﬂebat,
2056 1222 2482 1282 percunctantur
2514 1232 2640 1270 eum
2696 1216 2814 1285 ipse
2838 1215 2926 1273 ille
2959 1224 3125 1271 esset.
3178 1215 3297 1282 Quo
3323 1215 3410 1270 di-

1839 1310 1997 1356 cente
2048 1318 2106 1358 se
2151 1319 2254 1358 non
2284 1320 2407 1361 esse
2453 1307 2647 1374 Eliam,
2708 1324 2895 1364 rursus
2922 1307 3188 1373 dicendo,
3224 1326 3243 1359 ι
3289 1305 3408 1361 Non

1838 1408 1960 1449 sum
1989 1395 2057 1463 ⁸⁸,
2098 1414 2117 1447 ι
2145 1395 2347 1452 fatetur
2386 1413 2594 1454 verum.
2647 1399 2912 1466 Quoniam
2969 1415 3098 1456 vero
3131 1400 3410 1468 propheta:

1839 1483 1990 1538 multi
2016 1501 2134 1539 cum
2164 1497 2348 1542 essent
2378 1487 2429 1542 in
2458 1486 2648 1555 Israel,
2679 1504 2819 1544 unus
2845 1489 3115 1560 quispiam
3139 1487 3410 1557 praecipue

1836 1580 2253 1646 exspectabatur
2292 1581 2652 1652 pr0phetatus
2710 1599 2739 1637 a
2778 1582 2942 1658 l’lose,
2994 1584 3148 1654 juxta
3178 1580 3413 1636 verbum

1839 1668 1969 1723 illud
2003 1670 2192 1726 dicens
2218 1671 2264 1704 ⁵⁷
2305 1688 2319 1726 :
2361 1690 2380 1723 ι
2413 1673 2742 1743 Prophetam
2787 1675 2940 1730 vobis
2979 1672 3268 1731 suscitabit
3314 1672 3418 1726 1)οι

1839 1760 2013 1815 minus
2036 1761 2180 1819 Deus
2224 1773 2409 1819 noster
2433 1779 2500 1820 ex
2527 1765 2793 1821 fratribus
2825 1767 3044 1830 vestris,
3096 1765 3239 1821 sicut
3273 1776 3360 1817 me
3389 1777 3411 1816 ι

136 1847 226 1899 τοῦ
270 1847 599 1902 ἀκούσεσθε·
661 1850 763 1903 καὶ
809 1850 961 1905 ἔσται
1015 1854 1166 1907 πᾶσα
1214 1855 1247 1925 ή
1285 1853 1454 1926 ψυχὴ,
1492 1855 1615 1927 ήτις
1668 1855 1730 1911 ἂν

1842 1850 2001 1921 109
2029 1853 2202 1919 ipsum
2244 1855 2456 1921 audite;
2486 1864 2542 1911 et
2568 1858 2747 1912 omnis
2770 1858 2975 1924 anima,
3002 1870 3124 1926 quae
3153 1869 3258 1909 non
3310 1867 3414 1907 au-

140 1939 214 2010 μὴ
251 1939 456 2013 ἀκούσῃ
515 1940 618 1994 τοῦ
680 1944 968 2015 προφήτου
1023 1944 1253 2011 ἐκείνου,
1289 1947 1736 2021 έξολοθρευθήσε-

138 2048 219 2084 ται
259 2032 323 2084 ἐκ
361 2032 458 2086 τοῦ
495 2032 638 2088 λαοῦ
690 2036 887 2101 αὑτοῦ,
930 2055 947 2089 ι
982 2037 1165 2108 τρίτον
1203 2038 1479 2113 ἐρωτῶσιν
1512 2040 1633 2111 οὐχ).
1686 2043 1734 2094 εί

138 2129 404 2197 προφήτης
421 2127 538 2199 εἴη,
564 2127 693 2181 ἀλλ’
717 2130 769 2182 εί
785 2132 815 2183 6
833 2130 1134 2203 προφήτης.
1167 2132 1278 2186 Καὶ
1299 2131 1458 2187 τοῦτο
1480 2132 1541 2187 τὸ
1564 2132 1734 2207 ὄνομα

137 2216 343 2271 ἐκείνων
381 2218 487 2271 οὐκ
523 2220 624 2272 ἐπὶ
667 2220 916 2291 Χριστοῦ
953 2223 1275 2289 ταττόντων,
1313 2224 1428 2278 ἀλλ’
1474 2227 1734 2298 οἰομένων

137 2307 303 2381 ἕτερον
332 2309 489 2382 παρά
532 2311 635 2364 τὸν
681 2313 927 2384 Χριστὸν
968 2315 1129 2370 αὑτὸν
1173 2312 1333 2382 εἶναι,
1377 2318 1539 2383 αὑτὸς
1569 2319 1732 2390 γινώ-

138 2416 266 2455 σκων
291 2403 382 2456 τὸν
400 2397 466 2458 οῦ
504 2403 835 2476 πρόδρομός
863 2408 1011 2460 ἐστιν
1045 2408 1148 2479 (ὅτι
1172 2410 1265 2463 καὶ
1284 2411 1313 2464 6
1336 2411 1568 2483 Χριστὸς
1588 2413 1681 2466 καὶ
1700 2415 1730 2468 6

138 2495 405 2567 προφήτης
446 2496 609 2550 ἐστὶν
658 2497 690 2549 6
745 2499 1187 2573 προφητευθείς),
1235 2502 1419 2573 φησίν·
1455 2502 1553 2556 Οὔ·
1588 2503 1728 2575 τάχα

134 2584 205 2645 τὸ,
256 2603 277 2634 ι
314 2585 448 2651 Ναί,
489 2606 511 2639 ι
566 2589 1043 2659 ἀποκρινάμενος,
1092 2593 1140 2645 εί
1174 2593 1345 2665 χωρὶς
1388 2593 1482 2647 τοῦ
1524 2594 1728 2668 ἄρθρου

136 2679 527 2750 ἠριιντήκεισαν·
561 2681 630 2734 οὑ
683 2681 801 2753 γὰρ
829 2683 1017 2754 ήγνόει
1066 2687 1351 2758 προφήτης
1382 2685 1477 2742 ῶν.
1508 2688 1618 2742 Καὶ
1670 2693 1729 2744 ὲν

133 2770 338 2838 ταύταις
357 2774 521 2839 ὅλαις
552 2776 686 2840 ταῖς
719 2774 1079 2848 ἀποκρίσεσιν
1102 2780 1135 2848 ἡ
1165 2776 1394 2850 δευτέρα
1419 2779 1632 2834 οὐδέπω
1649 2798 1732 2834 τε·

134 2865 357 2920 τέλεσται
398 2868 703 2938 μαρτυρία
745 2869 1017 2935 Ἰωάννου,
1049 2869 1153 2935 ἕως
1182 2872 1294 2935 τοῖς
1324 2872 1565 2927 αἰτοῦσιν
1596 2875 1730 2929 ἀπό-

136 2976 296 3031 κρισιν
328 2961 922 3035 ἀπαγγελθησομένην
942 2965 1055 3028 τοῖς
1079 2964 1379 3036 πέμψασιν,
1404 2966 1595 3022 ἑαυτὸν
1620 2968 1731 3023 ἀπὸ

140 3052 466 3123 προφητικῆς
502 3052 855 3125 κατήγγειλε
884 3054 1089 3127 φωνῆς,
1114 3054 1215 3126 τῆς
1241 3056 1333 3110 τοῦ
1372 3059 1613 3126 Ἡσαΐου,
1640 3060 1730 3116 οῦ-

1837 1939 1997 1993 dierit
2026 1944 2340 2011 prophetam
2403 1943 2573 2010 illum,
2623 1960 2689 1999 ex
2730 1945 2928 2016 populo
2952 1959 3052 2002 suo
3074 1941 3412 2000 extermina-

1836 2027 2015 2095 bitur;
2057 2050 2076 2083 ι
2108 2033 2265 2088 tertio
2321 2033 2664 2105 interrogant
2699 2051 2806 2092 non
2851 2039 2894 2093 si
2947 2035 3210 2108 propheta
3239 2042 3406 2098 esset.

1834 2122 1930 2177 sed
1976 2138 2045 2177 an
2098 2126 2355 2196 propheta
2418 2127 2527 2185 ille.
2565 2129 2632 2184 Et
2658 2132 2758 2186 hoc
2786 2147 2891 2185 non
2943 2129 3270 2201 ponentibus
3300 2128 3408 2184 illis

1834 2231 2031 2270 nomen
2062 2217 2128 2273 de
2152 2219 2391 2288 Christo,
2444 2223 2539 2278 sed
2570 2223 2800 2280 alterum
2837 2239 2960 2280 esse
3006 2224 3181 2295 ipsum
3211 2231 3410 2293 praeter

1833 2308 2109 2365 Christum
2164 2311 2638 2382 existimantibus,
2693 2315 2811 2387 ipse
2863 2329 3198 2387 cognoscens
3231 2314 3405 2377 illum,

1833 2400 1989 2470 cujus
2045 2417 2352 2471 prtecursor
2411 2414 2496 2461 est
2553 2406 2770 2480 (nempe
2799 2408 2943 2478 quod
2992 2407 3242 2464 Christus
3297 2416 3404 2469 est.

1833 2494 1976 2564 quod
2026 2494 2286 2565 propheta
2340 2505 2424 2551 est
2481 2497 2573 2553 ille
2624 2498 3031 2569 prophetalus),
3088 2500 3405 2567 respondet,

1839 2601 1858 2634 ε
1897 2581 2011 2638 Non
2039 2584 2107 2652 ⁸⁸,
2158 2603 2178 2638 ι
2212 2599 2573 2656 reSponsurus
2596 2585 2850 2651 fortasse,
2884 2606 2903 2639 ι
2945 2586 3040 2642 Nai
3069 2603 3090 2638 ι
3127 2583 3271 2658 [quae
3301 2598 3403 2639 vox

1831 2684 1917 2731 est
1945 2677 2341 2752 assentientis],
2376 2679 2424 2735 si
2457 2679 2662 2749 absque
2692 2681 2925 2735 articulo
2955 2680 3405 2750 interrogassent,

1832 2783 1954 2823 cum
1984 2785 2088 2826 non
2114 2770 2391 2840 ignoraret
2415 2787 2473 2828 se
2493 2776 2813 2843 prophetam
2845 2772 3131 2849 exsistere.
3151 2771 3207 2825 In
3231 2770 3405 2826 omni-

1831 2860 1932 2918 bus
1982 2862 2067 2919 his
2116 2863 2280 2917 etiam
2332 2864 2775 2934 responsionibus
2826 2865 3122 2920 secundum
3176 2862 3406 2919 Joannis

1830 2953 2198 3010 testimonium
2226 2971 2330 3012 non
2360 2955 2665 3012 absolutum
2723 2954 2848 3023 fuit,
2883 2956 3061 3012 donec
3084 2955 3401 3026 petentibus

1828 3045 2237 3115 responsionem
2269 3049 2688 3105 renuntiandam
2730 3050 2816 3106 his
2846 3050 2938 3121 qui
2965 3063 3064 3105 eos
3114 3046 3400 3109 miserant,

135 3159 227 3206 τως
251 3144 503 3215 ἐχούσης·
546 3164 566 3197 ι
594 3147 763 3219 Φωνὴ
797 3145 1027 3217 βοῶντος
1050 3149 1107 3202 ὲν
1124 3151 1190 3221 τῇ
1217 3150 1426 3223 ἐρήμῳ·
1452 3153 1727 3209 Εὐθύνατε

1834 3138 2066 3209 seipsum
2090 3155 2122 3196 e
2153 3154 2286 3195 voce
2314 3141 2631 3210 prophetica
2676 3142 2828 3198 Isaia:
2856 3140 3249 3205 manifestavit,
3280 3152 3403 3209 quae

135 3234 218 3304 τὴν
246 3235 357 3290 ὁδὸν
392 3236 649 3309 Κυρίου.
695 3256 716 3289 ι

194 3435 243 3491 5.
276 3437 456 3504 Ἄξιον
482 3438 546 3492 δὲ
569 3436 820 3509 ζητῆσαι
850 3440 1077 3511 πότερον
1106 3442 1413 3497 τετέλεσται
1439 3445 1473 3515 ή
1504 3444 1729 3517 δευτέρα

138 3532 414 3602 μαρτυρία,
434 3532 540 3586 καὶ
575 3532 748 3603 τρίτη
783 3532 996 3600 γίνεται
1025 3534 1160 3604 πρὸς
1188 3535 1630 3610 ἀπεσταλμένους
1663 3540 1729 3592 ἐκ

136 3624 230 3676 τῶν
252 3625 590 3697 Φαρισαίων,
626 3625 731 3680 καὶ
753 3624 1113 3697 βουλομένους
1130 3644 1183 3681 τι
1211 3629 1420 3699 μαθεῖν,
1444 3631 1497 3683 τί
1526 3631 1727 3703 δήποτε

137 3712 388 3782 βαπτίζει,
417 3719 563 3790 μήτε
594 3717 866 3789 Χριστὸς,
893 3718 1027 3789 μήτε
1065 3718 1267 3784 Ἠλίας,
1303 3722 1437 3792 μήτε
1462 3725 1491 3776 6
1518 3726 1730 3796 προφή-

136 3809 540 3880 τηςτυγχάνων,
580 3811 647 3864 ὲν
675 3809 780 3880 τῷ·
822 3827 842 3860 ι
895 3808 1035 3878 Ἐγὼ
1071 3809 1315 3881 βαπτίζω
1340 3813 1397 3867 ὲν
1432 3812 1601 3867 ὕδατι·
1633 3815 1727 3885 μέ-

137 3914 217 3963 σος
240 3900 297 3954 66
328 3902 487 3973 ὑμῶν
530 3901 811 3970 ἕστηκεν,
845 3900 906 3954 6v
935 3901 1092 3972 ὑμεῖς
1124 3902 1224 3956 οὑκ
1258 3901 1459 3970 οἴδατε,
1493 3905 1522 3956 ὁ
1552 3904 1728 3960 ὀπίσω

138 4008 227 4060 μου
252 3995 574 4066 ἐρχόμενος,
608 3986 678 4048 οῦ
714 3997 821 4048 οὐκ
851 3993 967 4065 είμὶ
1007 3992 1118 4064 ἐγὼ
1145 3994 1293 4063 ἄξιος
1328 3996 1413 4050 ἵνα
1445 3995 1590 4050 λύσω
1624 3999 1725 4053 αὑ-

133 4083 215 4137 τοῦ
241 4087 332 4139 τὸν
368 4087 578 4157 ἱμάντα
607 4083 712 4139 τοῦ
744 4083 1110 4156 ὑποδήματος·
1148 4105 1167 4138 ι
1202 4086 1235 4157 ἢ
1269 4085 1435 4158 μέρος
1479 4088 1581 4160 τῆς
1605 4088 1728 4143 δευ-

133 4175 278 4247 τέρας
314 4179 432 4231 snt
481 4178 583 4232 καὶ
615 4178 686 4231 τὸ
723 4176 1201 4249 ἀπαγγελλόμενον
1229 4181 1366 4253 πρὸς
1400 4183 1527 4247 τοὺς
1555 4185 1725 4255 Φαρι-

136 4267 321 4333 σαίους.
367 4269 513 4339 Ἐγὼ
562 4268 639 4333 δ’,
689 4268 822 4322 ὅσον
870 4268 937 4321 ὲκ
964 4268 1064 4338 τῆς
1096 4268 1293 4335 λέξεως
1337 4273 1723 4343 στοχάσασθαι,

132 4358 317 4431 εἴποιμ’
368 4360 437 4415 ἂν
482 4362 694 4435 τρίτην
745 4354 889 4413 εἶναι
941 4361 1245 4432 μαρτυρίαν
1286 4363 1377 4417 τὸν
1424 4365 1562 4437 πρὸς
1599 4366 1727 4431 τοὺς

133 4450 525 4517 ἀποσταλέντας
560 4451 681 4506 ἀπὸ
716 4449 829 4504 τῶν
854 4450 1161 4524 Φαρισαίων
1190 4452 1368 4523 λόγον.
1390 4456 1728 4530 Παρατηρη-

1831 3230 1909 3285 sic
1937 3246 2058 3288 sese
2110 3231 2316 3289 habet:
2362 3252 2381 3287 ι
2420 3234 2536 3291 Vox
2566 3235 2853 3292 clamantis
2889 3233 2942 3289 in
2997 3233 3217 3290 deserto
3251 3229 3403 3288 ινι-

1830 3332 1945 3380 rate
1969 3326 2111 3380 viam
2146 3326 2357 3383 Domini
2384 3327 2454 3383 ".
2498 3344 2520 3380 ι

1901 3438 1956 3495 5.
1995 3438 2239 3507 Quaesitu
2271 3451 2455 3497 autem
2484 3441 2707 3512 dignum
2746 3451 2831 3498 est
2875 3450 3054 3496 utrum
3091 3438 3411 3496 absolutum.

1831 3531 1903 3586 sit
1939 3533 2237 3588 secundum
2266 3533 2666 3601 testimonium,
2695 3542 2753 3588 et
2795 3534 3020 3589 tertium
3073 3532 3300 3601 incipiat
3335 3533 3408 3586 ad

1828 3638 1924 3682 eos
1950 3625 2043 3695 qui
2072 3626 2336 3683 miserant
2361 3641 2429 3682 ex
2453 3625 2783 3694 Pharisaeis,
2837 3636 2894 3681 et
2927 3626 3168 3682 volentes
3203 3623 3408 3679 intelli-

1827 3732 1958 3789 gere
1989 3734 2088 3773 cur
2109 3717 2327 3775 tandem
2352 3719 2656 3789 baptizaret
2683 3718 2750 3785 ‘°,
2775 3732 2899 3774 cum
2927 3732 3105 3787 neque
3127 3716 3402 3783 Christus,

1828 3824 2006 3879 neque
2061 3809 2229 3876 Elias,
2278 3825 2456 3880 neque
2500 3810 2765 3879 propheta
2821 3809 3152 3874 exsisteret.
3194 3810 3247 3865 in
3294 3809 3403 3865 illis

1827 3901 2010 3957 verbis
2035 3900 2078 3932 ⁸³
2115 3917 2129 3954 :
2169 3919 2190 3954 ι
2228 3901 2342 3973 Ego
2386 3901 2604 3971 baptizo
2656 3901 2726 3965 in.
2757 3916 2897 3971 aqua
2931 3917 2947 3955 :
2992 3901 3088 3956 sed
3129 3902 3183 3956 in
3223 3901 3402 3957 medio

1825 4004 2063 4048 vestrum
2106 4001 2216 4049 stat
2251 4007 2413 4063 quem
2455 4007 2553 4048 vos
2586 3992 2828 4047 nescitis.
2856 3990 2976 4060 Ipse
3008 3999 3111 4056 est,
3140 3991 3234 4062 qui
3272 4000 3403 4061 post

1826 4097 1915 4138 me
1944 4081 2193 4147 veniens,
2226 4090 2353 4139 ante
2378 4098 2465 4139 me
2492 4081 2670 4138 factus
2691 4090 2806 4150 est;
2841 4080 2995 4151 cujus
3023 4097 3129 4138 non
3158 4098 3279 4139 sum
3302 4097 3401 4153 ego

1826 4175 2045 4245 dignus,
2066 4184 2127 4230 ut
2156 4174 2364 4231 solvam
2392 4175 2685 4246 corrigiam
2712 4174 2832 4244 ejus
2853 4174 3247 4241 calceamenti;
3279 4193 3299 4227 ι
3331 4191 3401 4230 an

1825 4280 1955 4336 pars
1982 4266 2204 4323 secundi
2238 4266 2951 4336 testimoniisitiresponsio
2982 4267 3049 4323 ad
3077 4265 3401 4322 Pharisazos.

1826 4357 2026 4414 Verum
2063 4372 2182 4429 ego,
2209 4367 2474 4429 quantum
2508 4356 2820 4426 conjectare
2852 4372 2918 4414 ex
2946 4357 3183 4413 lectione
3225 4356 3402 4422 valeo,

1827 4450 2077 4507 dicturus
2113 4466 2234 4507 sum
2277 4453 2494 4507 tertium
2524 4451 2897 4507 testimonium
2927 4464 3052 4506 esse
3099 4450 3409 4520 responsim

134 4545 237 4598 ςέον
270 4546 550 4618 μέντοιγε,
593 4546 749 4617 ὁτιή
788 4543 980 4616 πρώτη
1022 4548 1297 4619 μαρτυρία
1325 4549 1387 4602 τὸ
1405 4549 1585 4605 ἔνθεον
1629 4552 1722 4606 τοῦ

1834 4558 1954 4599 nem
1992 4543 2058 4599 ad
2081 4558 2174 4598 eos
2212 4544 2302 4614 qui
2337 4545 2489 4599 missi
2520 4543 2739 4599 fuerant
2759 4559 2827 4601 ex
2850 4541 3162 4598 Pharisaeis.
3194 4541 3402 4600 Obser-

134 4634 366 4707 Σιιιτῆρος
390 4638 768 4709 παρίστησιν·
806 4636 839 4706 ή
864 4634 921 4688 δὲ
949 4635 1178 4708 δευτέρα
1209 4638 1307 4709 τήν
1330 4640 1586 4695 ὑπόνοιαν
1612 4641 1722 4694 τῶν

135 4726 496 4794 ειπαζόντων,
524 4729 758 4800 μήποτε
785 4726 1035 4798 Ἰωάννης
1054 4729 1138 4801 εἴη
1168 4730 1423 4801 Χριστὸς,
1446 4731 1718 4805 καθαιρεῖ·

136 4817 161 4885 ὴ
184 4816 234 4870 δὲ
259 4820 421 4890 τρίτη
459 4820 560 4874 τὸν
589 4817 856 4890 ἀοράτως
885 4820 996 4883 τοῖς
1016 4816 1320 4889 ἀνθρώποις
1349 4819 1591 4892 παρόντα
1623 4840 1722 4895 κη-

138 4910 294 4965 ρύττει
323 4915 452 4967 ὅσον
480 4913 719 4967 οὐδέπω
761 4908 1133 4981 ἐλευσόμενον.
1171 4912 1308 4984 Πρὶν
1355 4913 1413 4966 δὲ
1442 4913 1551 4968 τῶν
1592 4915 1721 4985 ἑξῆς

134 5006 453 5078 μαρτυριῶν,
488 5006 622 5060 καθ’
669 5003 743 5066 ἃς
786 5002 1132 5075 δεικνύμενος
1166 5009 1545 5077 μαρτυρεῖται,
1591 5007 1721 5061 ἑκά·

136 5112 244 5169 πην
271 5098 420 5165 λέξιν
459 5099 679 5169 ἴδωμεν
711 5096 814 5165 τῆς
846 5095 1117 5168 δευτέρας,
1151 5099 1244 5151 καὶ
1285 5098 1473 5169 τρίτης
1510 5117 1718 5171 μαρτυ-

138 5189 254 5255 tiu,
276 5190 441 5244 τοῦτο
472 5188 711 5261 πρῶτον
734 5188 1186 5258 ἐπιτηρήσαντες,
1209 5190 1291 5243 ὃτι
1309 5189 1403 5244 δύο
1423 5190 1718 5247 ἀποστολαὶ

132 5279 343 5345 γίνονται
373 5284 521 5355 πρὸς
569 5281 672 5334 τὸν
700 5278 1031 5351 Βαπτιστήν,
1067 5281 1165 5352 μία
1199 5282 1297 5353 μὲν
1350 5303 1368 5334 ι
1406 5283 1514 5338 ἀπὸ
1558 5285 1724 5358 Ἱερο-

136 5371 357 5441 σολύμων
394 5394 414 5426 ›
468 5373 588 5427 ὑπὸ
658 5368 937 5423 Ἰουδαίων
981 5372 1304 5443 πεμπόντων
1337 5394 1356 5424 ε
1414 5376 1577 5445 ἱερεῖς
1623 5377 1718 5431 καὶ

132 5463 355 5531 Λεύῖτας,
383 5469 475 5522 ἵνα
496 5465 880 5539 ἐρωτήσωσιν
910 5463 1085 5519 αὑτόν·
1109 5467 1181 5520 Σὺ
1203 5464 1289 5529 τίς
1309 5463 1389 5532 εἷ;
1429 5486 1446 5518 ι
1475 5466 1638 5540 ἑτέρα
1660 5468 1718 5525 δὲ

130 5554 415 5627 Φαρισαίων
434 5555 926 5620 ἀποστελλόντων,
950 5558 1196 5630 καὶπρὸς
1221 5560 1320 5631 τὴν
1347 5559 1718 5632 γεγενημένην

1831 4635 2063 4690 vandum
2094 4636 2315 4703 insuper
2352 4638 2499 4706 quod
2540 4636 2775 4707 primum
2808 4635 3175 4691 testimonium
3206 4634 3403 4695 divini-

1832 4737 1994 4782 tatem
2026 4728 2334 4785 Servatoris
2366 4730 2738 4794 demonstrat;
2780 4727 3008 4784 alterum
3037 4728 3398 4797 suspicionem

1828 4819 2240 4891 arnbigentium,
2297 4836 2425 4876 num
2483 4820 2625 4877 forte
2655 4819 2894 4879 Joannes
2950 4828 3095 4875 esset
3126 4817 3398 4881 Christus,

1829 4922 2054 4982 purgat;
2084 4913 2300 4968 tertium
2339 4910 2687 4970 invisibiliter
2731 4913 3047 4970 hominibus
3076 4920 3397 4979 praesentem

1828 5006 2093 5074 praedicat
2132 5005 2281 5063 illico
2319 5016 2629 5062 venturum.
2673 5006 2871 5060 Verum
2923 5013 3048 5058 ante
3087 5003 3401 5059 testimonia

1828 5098 2130 5168 sequentia,
2186 5114 2254 5157 ex
2311 5101 2507 5168 quibus
2535 5099 2628 5170 qui
2675 5099 3101 5161 demonstratur,
3149 5098 3400 5160 testimo-

1826 5191 1977 5245 nium
2012 5191 2233 5260 accipit,
2265 5191 2544 5246 videamus
2582 5190 2826 5260 singulas
2867 5190 3139 5246 dictiones
3176 5191 3398 5273 secundi

1827 5292 1882 5337 et
1919 5282 2065 5336 tcrtii
2095 5283 2392 5337 testimonii
2426 5301 2441 5336 :
2470 5283 2573 5338 hoc
2599 5284 2833 5351 primum
2862 5283 3242 5350 observantes,
3264 5285 3401 5338 duas

1826 5375 2126 5445 legationes
2151 5375 2267 5431 ﬁeri
2294 5378 2360 5429 ad
2388 5375 2707 5444 Baptistam,
2737 5377 2968 5432 alteram
3002 5394 3022 5429 ι
3053 5391 3119 5432 ex
3149 5375 3401 5432 Hieroso—

1827 5468 1997 5539 lymis’
2017 5488 2036 5522 ι
2068 5484 2097 5523 a
2125 5466 2327 5523 ludatis
2358 5469 2697 5525 mittentibus
2740 5488 2762 5524 ι
2792 5471 3107 5527 sacerdotes
3133 5478 3187 5523 et
3244 5466 3399 5523 Levi-

1830 5570 1933 5627 tas,
1972 5568 2030 5614 ut
2064 5560 2468 5625 interrogarent
2523 5574 2649 5616 eum
2687 5579 2702 5615 :
2748 5560 2827 5618 Tu
2854 5563 2976 5633 quis
3000 5578 3060 5619 es
3086 5562 3169 5615 ουτ
3203 5578 3222 5611 ι
3264 5557 3401 5614 aite-

166 5742 422 5821 ᾞοοιω,
444 5743 541 5821 1’10:
611 5710 967 5821 '{ibblﬁlh
1006 5746 1048 5778 ⁵⁷
1080 5748 1233 5802 Deut.
1256 5761 1410 5811 ινιιι,
1441 5747 1524 5812 ιε,
1547 5746 1631 5802 l9.
1709 5747 1730 5780 ⁸

1834 5765 1930 5804 an.
1952 5765 1989 5817 ι,
2009 5749 2095 5802 21.
2185 5748 2230 5780 ⁵²
2255 5744 2359 5804 lsa.
2384 5762 2473 5814 ιι,
2501 5748 2564 5817 3;
2587 5748 2745 5806 Joan.
2768 5747 2919 5815 1,25.
2995 5749 3042 5781 ⁶⁶
3067 5747 3218 5803 Joan.
3247 5743 3390 5811 n25.

135 5815 168 5848 "
190 5816 309 5877 ibid.
337 5819 437 5882 26,
460 5818 565 5874 27.
654 5813 706 5846 ⁸⁸
742 5812 875 5870 ibid.
910 5814 990 5872 l9.
