3816 6544
469 336 574 392 213

1941 325 2268 384 ()RIGENIS

3621 321 3710 377 9.!6

468 469 582 507 ram
625 467 653 506 a
689 449 980 507 Pharisznis
1009 448 1372 514 mittentibus,
1416 459 1578 518 atque
1617 457 1813 518 praeter
1845 446 2013 500 ructat]

2147 439 2437 511 ἀπόκρισιν
2466 441 2576 502 τοῖς
2610 437 2814 509 ἱερεῦσι
2867 437 2960 489 καὶ
2995 435 3247 499 Λευῖταις
3295 434 3708 506 ὲπαπορούντων.

467 546 875 616 responsionem
924 542 1302 600 sacerdotibus
1339 551 1394 595 et
1439 540 1678 603 Levitis.
1723 539 1886 593 dubia
1922 553 2039 593 mo-

463 635 735 693 ventibus.
771 633 1011 691 Observa
1041 648 1174 704 ergo
1205 633 1476 702 quomodo
1499 643 1722 702 propter
1752 645 2039 700 personam

463 737 736 784 sacratam
783 737 838 782 et
876 725 1200 791 Leviticam,
1238 742 1362 781 cum
1405 725 1825 780 mansuetudine
1877 733 2041 791 atque

465 821 707 876 discendi
759 820 1019 875 aviditate
1062 820 1322 874 dicuntur
1351 833 1415 873 ea
1464 818 1626 872 verba
1670 832 1685 869 :
1727 834 1746 868 ι
1791 814 1869 869 Τιι
1915 816 2040 884 quis

463 911 564 967 es?
607 931 626 964 ι
652 922 708 970 et
736 912 866 967 illud
901 931 916 967 :
951 931 971 964 ι
1000 913 1140 980 Quid
1164 911 1335 983 ergo?
1359 911 1503 966 Elias
1526 926 1585 964 es
1609 909 1702 964 tu?
1736 927 1754 962 ι
1789 920 1843 963 et
1871 908 2037 962 illud:

466 1022 484 1053 ι
532 1001 670 1058 Num
714 1005 978 1074 propheta
1026 1004 1119 1058 ille
1161 1018 1223 1058 es
1253 1003 1349 1057 tu?
1390 1021 1409 1055 ι
1440 1011 1496 1056 et
1541 1001 1606 1056 ad
1648 1003 1760 1056 haec
1793 1019 1806 1054 :
1843 1018 1862 1050 ι
1908 998 2040 1065 Quis

459 1111 537 1153 es.
589 1103 648 1150 ut
706 1109 1026 1164 responsum
1078 1096 1270 1150 demus
1321 1093 1436 1159 his,
1475 1093 1564 1164 qui
1603 1093 1873 1146 miserunt
1905 1088 2039 1143 nos?

459 1186 584 1256 Quid
619 1186 757 1242 dicis
798 1187 866 1243 de
897 1195 950 1242 te
981 1187 1102 1257 ipso
1129 1185 1174 1218 ⁸⁸
1203 1187 1226 1241 ?
1273 1206 1292 1240 ι
1325 1185 1518 1258 Neque
1555 1187 1700 1241 enim
1743 1183 2036 1253 quidquam

458 1280 804 1348 praefractam
833 1282 1255 1336 temerariumve
1297 1281 1438 1336 inest
1487 1280 1540 1334 in
1577 1279 1770 1334 horum
1802 1277 2038 1333 interro-

455 1371 692 1440 gatione,
750 1373 844 1426 sed
893 1373 1076 1427 omnia
1137 1373 1296 1442 uo
1326 1371 1706 1428 convenientia
1754 1369 1896 1424 veris
1939 1367 2034 1424 Dei

453 1462 776 1518 cultoribus.
808 1464 941 1519 Cum
979 1476 1172 1521 contra
1205 1466 1295 1534 qtti
1330 1463 1486 1518 missi
1519 1465 1734 1518 fuerant
1771 1477 1799 1516 a
1838 1461 2033 1516 Phari-

452 1555 598 1619 s:eis,
628 1554 831 1612 Levitis
862 1557 1061 1628 alioqui
1095 1567 1152 1613 et
1186 1556 1584 1626 sacerdotibus,
1621 1554 1844 1609 minime
1873 1555 2034 1608 anxie

2144 532 2460 603 Παρατήρει
2480 530 2682 593 τοίνυν,
2703 529 2821 592 πῶς
2853 527 2993 582 κατά
3026 527 3084 581 τὸ
3116 527 3388 599 ἱερατικὸν
3415 529 3711 584 καὶΛευῖτι-

2146 626 2240 678 κὸν
2291 621 2586 696 πρόσωπόν
2633 625 2751 675 ἐστι
2800 620 2918 692 μεθ’
2949 619 3287 691 ἡμερότητος
3328 619 3592 690 λεγόμενα
3633 625 3710 676 καὶ

2143 715 2520 786 φιλομαθείας,
2548 718 2630 783 τὸ,
2667 734 2685 766 ‹
2721 715 2792 768 Σὺ
2825 713 2908 777 τίς
2936 709 3018 779 si;
3068 733 3086 765 ›
3126 715 3322 779 καὶτὸ,
3363 734 3381 766 t
3419 715 3483 768 Τί
3506 711 3621 780 οῦν;
3658 720 3708 770 σὺ

2155 809 2340 872 Ἠλίας
2373 804 2457 872 ei;
2502 827 2520 859 ι
2570 808 2661 861 καὶ¹
2696 812 2774 870 τὸ,
2811 826 2830 858 ‹
2900 807 2960 859 'U
2993 807 3282 879 προφήτης
3332 804 3442 880 ἆρα
3481 803 3533 862 εἳ
3569 808 3655 874 mi;
3690 830 3704 860 ι

2142 900 2236 953 καὶ
2269 899 2362 952 ἐπὶ
2396 898 2624 961 τούτοις·
2673 917 2691 948 t
2728 896 2826 960 Τίς
2858 894 2926 962 εἶ,
2969 897 3057 952 ἵνα
3085 899 3381 971 ἀπόκρισιν
3411 898 3588 969 δῶμεν
3618 903 3709 962 toi;

2141 992 2419 1063 πέμψασιν
2447 993 2626 1062 ήμᾶς;
2656 990 2708 1043 τί
2728 989 2905 1058 λέγεις
2936 993 3064 1063 περὶ
3094 991 3352 1057 σεαυτοῦ;
3389 1011 3406 1042 s
3429 992 3591 1044 Οὐδὲν
3619 992 3708 1062 γὰρ

2140 1085 2371 1148 αὔθαδες
2394 1083 2512 1138 οὐδὲ
2542 1083 2714 1156 θρασὺ
2742 1085 2798 1137 ὲν
2828 1085 2894 1153 τῇ
2930 1083 3134 1136 τούτων
3167 1085 3281 1136 ἐστὶ
3324 1083 3537 1147 πεύσει,
3593 1084 3710 1137 ἀλλὰ

2141 1179 2317 1232 πάντα
2349 1177 2689 1248 ἁρμόττοντα
2721 1176 2974 1248 ἀκριϐέσι
3008 1176 3373 1248 θεραπευταῖς
3400 1176 3557 1229 Θεοῦ.
3581 1179 3637 1230 Οἱ
3660 1179 3707 1230 δὲ

2138 1272 2246 1326 ἀπὸ
2282 1273 2388 1324 τῶν
2414 1270 2720 1342 Φαρισαίων
2748 1270 3220 1340 ἀποπειλάμενοι,
3252 1270 3400 1324 οὐδὲν
3432 1288 3706 1343 περιεργα-

2140 1364 2389 1436 σαμένων
2426 1363 2561 1434 πρὸς
2602 1364 2668 1417 τὰ
2693 1363 2960 1434 εἰρημένα
2987 1363 3096 1416 τῶν
3118 1364 3356 1416 Λευῖτῶν
3389 1364 3485 1418 καὶ
3517 1365 3705 1434 ἱερέων,

2135 1459 2295 1512 οἱονεὶ
2350 1457 2673 1529 ὑϐριστικὰς
2717 1457 2809 1510 καὶ
2851 1456 3352 1528 ἀπανθρωποτέρας
3391 1457 3706 1528 προσάγουσι

2137 1549 2217 1620 τῷ
2236 1549 2514 1618 Βαπτιστῇ
2539 1549 2722 1616 φωνὰς
2763 1548 2851 1602 διὰ
2880 1547 2993 1602 τοῦ·
3038 1567 3055 1599 t
3101 1549 3165 1601 Τί
3191 1545 3284 1602 οὖν
3319 1549 3615 1619 βαπτίζεις,
3667 1552 3706 1602 εἰ

2137 1641 2200 1694 σὺ
2217 1641 2316 1693 οὐκ
2349 1635 2398 1692 εἴ
2419 1641 2446 1692 6
2478 1640 2730 1710 Χριστὸς,
2755 1641 2874 1693 οὐδὲ
2921 1640 3130 1706 Ἠλίας,
3161 1641 3280 1694 οὐδὲ
3308 1644 3335 1694 6
3370 1642 3702 1713 προφήτηςξι

451 1647 884 1714 disquirentibus
918 1664 981 1704 ea
1017 1666 1138 1720 qute
1166 1650 1308 1704 dicta
1339 1649 1575 1711 fuerant,
1605 1647 1833 1702 voeibus
1869 1645 2030 1699 veluti

2134 1733 2244 1787 Καὶ
2278 1733 2463 1803 σχεδὸν
2491 1733 2552 1785 ού
2591 1732 2783 1803 μαθεῖν
2815 1733 3153 1804 βουλόμενοι,
3195 1735 3271 1798 ὡς
3307 1738 3353 1786 οἱ
3384 1736 3705 1807 προειρημέ-

450 1740 865 1795 contumeliosis
917 1750 974 1794 et
1045 1740 1520 1795 inhumanioribus
1591 1753 1714 1793 cum
1789 1737 2030 1804 Baptista

451 1841 642 1898 agunt,
672 1846 770 1900 per
793 1832 924 1886 illud
963 1833 1006 1866 “
1035 1848 1050 1886 :
1083 1851 1102 1883 ι
1142 1831 1281 1899 Quid
1315 1848 1444 1902 ergo
1474 1832 1742 1900 baptizas.
1768 1830 1812 1884 si
1839 1840 1894 1882 tu
1923 1844 2008 1882 nm

2131 1843 2210 1879 νοι
2243 1827 2407 1896 ίερεῖς
2454 1826 2549 1878 καὶ
2579 1823 2801 1879 Λευῖται
2833 1827 3276 1891 ἀποστέλλουσιν,
3303 1827 3440 1881 ἀλλά
3481 1826 3705 1880 κωλῦσαι

446 1936 508 1976 es
545 1921 822 1990 Christus,
865 1939 1042 1994 neque
1083 1925 1261 1991 Elias,
1306 1939 1484 1993 neque
1524 1923 1614 1978 ille
1669 1921 2013 1993 praphetah

2134 1919 2244 1973 ἀπὸ
2273 1917 2368 1971 τοῦ
2405 1918 2704 1988 βαπτίζειν·
2745 1918 2876 1982 ἴσως
2905 1919 3140 1991 οἰόμενοι
3170 1920 3384 1984 οὐδενὸς
3415 1922 3606 1993 ἐτέρου
3629 1921 3704 1993 ἑρ-

446 2013 511 2068 Ει
542 2014 660 2072 l‘ere
683 2031 793 2072 non
829 2018 1136 2088 intelligere
1159 2019 1424 2080 volentes,
1460 2016 1626 2071 veluti
1657 2016 1898 2085 praedicti
1926 2014 1998 2067 Le

2134 2029 2228 2080 γον
2258 2012 2546 2081 τυγχάνειν
2597 2011 2658 2063 τδ
2689 2010 2973 2081 βαπτίζειν
3005 2013 3038 2084 ἢ
3077 2013 3334 2082 Χριστοῦ,
3381 2016 3476 2068 καὶ
3519 2015 3702 2076 Ἠλίου.

445 2107 571 2164 vita:
629 2117 684 2163 et
747 2111 1084 2174 sacerdotes,
1121 2112 1174 2164 lti
1211 2111 1455 2176 tnittttnt,
1483 2113 1576 2162 sed
1607 2107 1898 2177 prohibere
1928 2122 2013 2162 vo-

2133 2106 2226 2158 καὶ
2258 2104 2351 2157 τοῦ
2371 2105 2670 2175 προφήτου.
2695 2104 2803 2158 Καὶ
2827 2105 3102 2176 πανταχοῦ
3135 2106 3453 2176 ἐπιμέλειαν
3471 2107 3706 2178 τὸνάκρι-

443 2203 617 2258 lentes
637 2217 668 2257 a
695 2203 1060 2272 baptizando;
1102 2219 1223 2259 cum
1263 2204 1512 2257 fortassis
1544 2202 1926 2256 existimarent
1954 2203 2013 2254 ad

2132 2196 2244 2260 ϐὡς
2277 2195 2656 2267 ἐντευξόμενον
2697 2199 2762 2267 τῇ
2801 2197 2989 2269 Γραφῇ
3038 2196 3310 2269 ποιητέον,
3344 2201 3534 2269 τηρεῖν
3563 2200 3705 2266 ἀναγ-

442 2293 650 2350 nullum
684 2295 850 2350 alium
901 2297 1176 2364 pertinere
1216 2294 1498 2365 baptizare
1547 2310 1712 2364 quam
1759 2295 1832 2348 ad'
1863 2292 2013 2348 Chri-

2127 2290 2281 2342 καίου
2313 2289 2463 2352 ὄντος
2495 2287 2564 2341 τὰ
2590 2289 2860 2360 λεγόμενα
2907 2288 3013 2342 ὑπὸ
3049 2289 3232 2353 τίνων,
3275 2291 3372 2343 καὶ
3399 2290 3533 2343 πότε
3560 2290 3697 2359 λέγε-

439 2394 608 2450 stutn,
657 2387 742 2442 vel
778 2387 846 2441 ad
893 2387 1086 2453 Eliam,
1119 2387 1204 2442 vel
1239 2387 1306 2441 ad
1369 2387 1710 2457 prophetam.
1765 2383 1884 2440 Jam
1927 2385 2013 2453 qui

2124 2401 2236 2446 ται,
2267 2384 2353 2437 ἵνα
2393 2383 2737 2456 εὑρίσκωμεν
2765 2383 2826 2436 τὸ
2853 2387 2964 2447 τοῖς
2998 2384 3314 2456 προσώποις
3366 2385 3702 2456 ἁρμοζόντως

439 2487 698 2535 accurate
727 2479 1068 2550 Scripturam
1102 2481 1281 2551 legere
1305 2479 1563 2543 voluerit,
1599 2478 1936 2548 diligentiam
1971 2477 2013 2532 is

2126 2476 2528 2547 περιτεθεῖσθαι
2557 2477 2749 2546 λόγους
2775 2477 2842 2530 δι’
2872 2477 3008 2531 ὅλων
3034 2479 3143 2532 τῶν
3169 2478 3338 2548 ἁγίων
3365 2477 3608 2550 βιϐλίων.

437 2574 694 2630 adhibeat
721 2586 959 2646 oportet,
993 2576 1290 2633 observare
1320 2575 1688 2632 necessarium
1725 2589 1848 2630 cum
1878 2573 1948 2628 sit
1973 2587 2093 2642 quae
2122 2572 2402 2639 dicuntur,
2436 2588 2466 2627 a
2499 2575 2696 2644 quibus
2721 2583 2775 2629 et
2801 2573 3020 2643 quando
3044 2573 3329 2639 dicuntur,
3363 2584 3422 2630 ut
3449 2588 3549 2644 per
3574 2580 3702 2628 totos

437 2678 655 2727 snnctos
681 2670 850 2727 libros
880 2672 1224 2728 inveniamus
1248 2672 1499 2743 personis
1541 2682 1667 2742 apte
1695 2671 1957 2725 tributum
1985 2682 2314 2725 sermonem.

507 2790 562 2847 6.
598 2790 746 2847 Tunc
767 2794 1019 2848 miserunt
1043 2793 1224 2848 λιιιίωὶ
1251 2793 1316 2846 ab
1348 2791 1735 2862 Hierosolymis
1767 2791 2018 2846 sacerdo-

435 2893 512 2938 tes
537 2893 587 2938 et
611 2881 841 2950 Leritas,
872 2895 927 2938 ut
957 2884 1337 2954 interrogarent
1380 2899 1497 2938 eum
1525 2899 1544 2938 :
1576 2881 1654 2937 Tu
1681 2880 1798 2952 quis
1820 2882 1913 2934 es?
1946 2878 2016 2934 Ει

433 2973 704 3042 confessus
735 2985 831 3037 est.
857 2985 904 3028 et
943 2990 1045 3028 non
1076 2975 1275 3045 negavit
1305 2990 1324 3028 :
1356 2983 1404 3028 et
1427 2972 1698 3043 confessus
1725 2983 1799 3027 est
1824 2989 1844 3027 :
1889 2969 2013 3025 Non

2198 2793 2250 2847 6.
2277 2795 2412 2847 Τότε
2428 2795 2792 2848 ἀπέστειλαν
2811 2796 2864 2848 ol
2889 2783 3152 2849 Ἰουδαῖοι
3173 2795 3242 2861 ἐξ
3278 2795 3693 2866 Ἰεροσολύμων

2124 2883 2300 2954 ιερεῖς
2325 2887 2421 2939 καὶ
2450 2889 2720 2953 Λευΐτας,
2748 2888 2847 2940 ἵνα
2865 2887 3248 2956 ἐρωτήσωσιν
3268 2889 3477 2943 αὐτόν·
3503 2889 3589 2944 Σὺ
3611 2890 3692 2955 τίς

2123 2971 2208 3040 el;
2238 2977 2348 3030 Kal
2371 2978 2741 3048 ὡμολόγησε,
2782 2980 2879 3034 καὶ
2914 2982 3024 3034 οὐκ
3051 2979 3388 3048 ἠρνήσατο·
3426 2981 3533 3035 καὶ
3553 2982 3689 3050 ὡμο-

433 3080 550 3118 sttm
581 3080 675 3134 ego
729 3064 820 3118 ille
873 3065 1114 3120 Christus
1144 3065 1210 3118 “.
1243 3065 1389 3132 Quos
1437 3066 1655 3120 mittere
1694 3065 1904 3134 legatos
1942 3063 2010 3118 ad

2122 3065 2409 3137 λότησεν,
2449 3069 2538 3122 ὅτι
2564 3069 2712 3138 Ἐγὼ
2743 3073 2853 3124 οὐκ
2883 3071 2999 3140 ειμι
3039 3074 3073 3126 d
3103 3072 3378 3139 Χριστός.
3403 3072 3518 3125 Καὶ
3549 3071 3690 3133 τίνας

429 3155 696 3211 Joannem
725 3155 896 3212 Judtei
925 3159 1217 3226 debebant,
1246 3167 1302 3214 et
1325 3158 1490 3222 unde,
1511 3157 1614 3211 nisi
1641 3171 1736 3211 eos
1757 3156 1847 3226 qui
1877 3171 2016 3225 prte-

431 3247 633 3304 cellere
681 3249 1157 3316 existimabantur,
1189 3261 1244 3306 et
1272 3251 1341 3306 ab
1367 3249 1867 3320 Hierosolymorum
1896 3247 2016 3302 loco

431 3356 598 3410 super
645 3356 864 3398 omnem
899 3351 1101 3397 terram
1135 3344 1332 3398 bonam
1385 3341 1682 3407 celebrato,
1736 3341 1826 3396 ubi
1874 3350 2015 3396 tem-

430 3430 579 3501 plum
611 3443 734 3488 erat
762 3433 899 3490 Dei?
946 3433 1214 3490 Joannem
1253 3436 1440 3504 itaque
1472 3443 1628 3490 tanto
1653 3449 1776 3490 cum
1806 3435 2014 3488 honore

429 3523 791 3593 interrogant.
822 3524 899 3580 De
943 3525 1165 3581 Christo
1197 3541 1328 3582 vero
1358 3526 1494 3581 nihil
1547 3527 1653 3582 tale
1683 3525 1899 3582 Judaaos
1928 3524 2011 3580 fe-

428 3616 572 3670 cisse
616 3616 881 3686 scriptutu
914 3625 1018 3672 est.
1052 3618 1162 3673 Sed
1197 3619 1340 3687 quod
1386 3616 1556 3673 Judaei
1583 3632 1709 3688 erga
1744 3616 2009 3673 Joannem

429 3704 658 3770 faciunt,
694 3713 796 3762 hoc
819 3705 1062 3763 J0annes
1103 3722 1232 3776 erga
1258 3708 1532 3763 Christum
1581 3709 1732 3773 fecit,
1762 3723 1859 3777 per
1881 3722 2010 3763 suos

429 3797 726 3866 discipulos
752 3800 1093 3871 interrogans
1119 3801 1204 3855 “:
1241 3819 1261 3852 σ
1299 3799 1380 3854 Tu
1409 3815 1469 3856 es
1507 3801 1598 3871 qui
1633 3810 1898 3855 venturus
1923 3814 2004 3864 es.

427 3901 496 3941 an
524 3886 689 3942 alium
715 3890 1138 3958 exspectamus?
1173 3911 1191 3942 ι
1224 3891 1286 3944 Ει
1315 3889 1554 3946 Joannes
1574 3890 1790 3959 quidem
1816 3890 1882 3943 ad
1911 3904 2006 3944 eos

424 3979 521 4048 qui
557 3992 850 4044 venerant,
881 3982 1172 4036 confessus
1213 3998 1335 4035 cum
1374 3981 1567 4035 fuisset
1601 3992 1654 4035 et
1678 3996 1783 4034 non
1815 3995 2008 4049 negas-

422 4079 534 4134 set,
568 4072 799 4127 subinde
849 4072 979 4127 illud
1028 4073 1096 4139 ⁸⁷,
1133 4091 1152 4122 ι
1198 4073 1309 4142 Ego
1337 4089 1440 4126 vos
1495 4073 1785 4126 clamantis
1817 4072 1868 4124 in
1907 4073 2004 4125 dc-

425 4173 594 4227 εει-ιο,
627 4182 644 4213 ι
675 4163 924 4218 enuntiat
953 4180 968 4228 ;
1002 4164 1260 4218 Christus
1288 4178 1440 4230 vero,
1473 4173 1728 4232 tauquam
1767 4163 1857 4232 qui
1890 4180 2003 4216 nta-

420 4251 510 4320 jus
549 4253 918 4307 testimonium
955 4269 1114 4322 quam
1179 4252 1416 4308 Joannes
1476 4255 1724 4320 haberet,
1779 4269 2003 4322 respon-

423 4342 632 4398 sionem
688 4342 819 4398 facit
873 4347 1221 4400 sermonibus
1267 4355 1323 4400 et
1385 4345 1663 4416 operibus,
1696 4346 1882 4399 dicens
1905 4345 1995 4398 “z

2125 3159 2293 3230 ἐχρῆν
2323 3159 2634 3230 πρεσϐύτας
2663 3163 2980 3234 πεπέμφθαι
3023 3165 3156 3235 πρὸς
3188 3165 3281 3217 τὸν
3307 3164 3569 3235 Ἰωάννην
3597 3162 3691 3217 ἀπὸ

2121 3244 2414 3316 Ἰουδαίων,
2442 3251 2537 3302 καὶ
2560 3251 2740 3313 πόθεν.
2770 3253 2802 3324 ἥ
2834 3253 2958 3315 τοὺς
2977 3253 3254 3324 διαφέρειν
3279 3253 3690 3324 νενομισμένους

2112 3342 2232 3394 κατ’
2265 3341 2496 3412 ἐκλογὴν
2523 3341 2659 3395 Θεοῦ
2689 3343 2796 3395 ἀπὸ
2822 3342 2917 3396 τοῦ
2945 3343 3316 3415 ὲξειλεγμένου
3351 3347 3509 3418 παρὰ
3524 3349 3692 3401 πᾶσαν

2110 3432 2209 3502 τὴν
2239 3431 2542 3503 λεγομένην
2567 3434 2670 3504 γῆν
2691 3434 2901 3506 ἀγαθὴν
2928 3435 3095 3488 τόπου
3129 3437 3542 3510 Ἰεροσολύμων,
3575 3439 3691 3492 ἔνθα

2109 3525 2139 3577 ό
2163 3524 2289 3588 ναὸς
2315 3521 2384 3596 ἦν
2411 3525 2506 3578 τοῦ
2532 3525 2703 3590 Θεοῦ;
2747 3527 2993 3580 Ἰωάννου
3014 3529 3114 3598 μὲν
3141 3525 3235 3582 οὖν
3271 3530 3410 3600 μετά
3429 3530 3692 3601 τοσαύτης

2110 3619 2468 3673 πυνθάνονται
2502 3619 2688 3689 τιμῆς·
2740 3620 2868 3689 περὶ
2901 3619 3142 3690 Χριστοῦ
3181 3621 3239 3674 δὲ
3279 3622 3429 3675 οὐδὲν
3459 3623 3691 3676 τοιοῦτον

2108 3711 2525 3783 ἀναγέγραπται
2557 3711 2840 3780 γεγονέναι
2872 3713 2977 3765 ὑπὸ
3020 3712 3308 3766 Ἰουδαίων·
3346 3713 3462 3766 ἀλλ’
3511 3716 3691 3783 ὥσπερ

2119 3801 2358 3856 Ἰουδαῖοι
2413 3801 2548 3872 πρὸς
2617 3801 2871 3870 Ἰωάννην
2923 3801 3170 3866 ποιοῦσι,
3224 3801 3384 3856 τοῦτο
3443 3803 3691 3872 Ἰωάννης

2106 3893 2244 3964 πρὸς
2270 3893 2504 3964 Χριστὸν
2530 3893 2618 3945 διὰ
2643 3893 2751 3946 τῶν
2785 3892 2930 3946 ἰδίων
2965 3895 3224 3965 μαθητῶν
3268 3895 3686 3967 πυνθανόμενος

2110 4006 2128 4038 t
2167 3987 2239 4040 Σὺ
2272 3982 2374 4039 εῐό
2407 3987 2720 4056 ἐρχόμενος,
2759 3987 2791 4056 ἢ
2832 3989 3019 4058 ἕτερον
3049 3987 3474 4059 προσδοκῶμεν;
3512 4009 3531 4040 ι
3587 3988 3689 4042 Καὶ

2117 4081 2368 4150 Ἰωάννης
2399 4082 2497 4152 μὲν
2528 4082 2664 4153 πρὸς
2697 4083 2825 4143 τοὺς
2867 4081 3195 4152 ἐληλυθότας
3230 4081 3576 4152 ὁμολογήσας
3602 4083 3688 4134 καὶ

2105 4171 2181 4242 μὴ
2213 4173 2587 4242 ἀρνησάμενος
2607 4172 2833 4242 ὕστερον
2857 4173 2936 4240 τὸ,
2963 4191 2981 4224 t
3024 4173 3165 4241 Ἐγὼ
3195 4174 3345 4244 φωνὴ
3380 4173 3613 4243 βοῶντος
3635 4178 3685 4227 ἐν

2099 4265 2168 4334 τῇ
2199 4265 2408 4334 ἐρήμῳ,
2449 4284 2466 4314 ι
2507 4265 2888 4334 ἀποφαίνεται·
2926 4265 3162 4336 Χριστὸς
3191 4266 3368 4336 δὲτὴν
3402 4268 3685 4340 ἀπόκρισιν

2103 4359 2355 4418 ποιεῖται,
2384 4357 2461 4419 ὡς
2507 4357 2730 4427 μείζονα
2775 4357 2874 4428 τὴν
2909 4358 3214 4428 μαρτυρίαν
3258 4359 3510 4411 Ἰωάννου
3555 4360 3685 4428 έχων

428 4455 447 4488 ι
489 4437 590 4501 Ite,
624 4445 679 4492 et
711 4438 1019 4490 renuntiate
1045 4435 1238 4492 Joanni
1275 4453 1393 4508 qua:
1416 4437 1618 4493 auditis
1671 4445 1726 4492 et
1758 4436 1952 4492 videtis
1981 4455 1995 4492 :

2121 4447 2280 4517 ιόγοις
2313 4450 2407 4502 καὶ
2439 4449 2619 4521 ἔργοις
2647 4449 2891 4516 φάσκων·
2948 4467 2967 4499 t
3010 4449 3371 4520 Πορευθέντες
3413 4451 3681 4519 ἀπαγγεί-

420 4527 552 4583 caeci
608 4527 783 4582 visum
839 4528 1140 4596 recipiunt,
1187 4529 1366 4583 claudi
1426 4528 1741 4594 ambulant,
1800 4527 1999 4597 leprosi

420 4619 774 4685 mundantur,
826 4619 974 4674 surdi
1011 4621 1262 4683 audiunt,
1292 4635 1562 4690 pauperes
1624 4620 1808 4674 laetum
1849 4621 2001 4673 acci-

419 4713 572 4780 piunt
600 4710 876 4780 Evangelii
912 4709 1199 4776 nuntium;
1237 4730 1256 4763 ι
1300 4716 1369 4766 de
1394 4711 1596 4780 quibus
1637 4710 1997 4774 commodius,

417 4805 530 4858 lteo
563 4804 748 4868 dante,
800 4803 854 4856 in
888 4802 1003 4856 suis
1057 4801 1461 4871 disputabimus
1520 4802 1676 4856 locis.
1737 4797 1998 4854 Fortasse

416 4899 596 4944 autem
649 4906 754 4944 non
784 4890 901 4945 sine
956 4905 1120 4944 causa
1159 4893 1283 4959 quis
1323 4890 1572 4955 instaret,
1627 4903 1729 4945 cur
1778 4890 1994 4944 tandem

416 4981 791 5036 sacerdotibus
841 4991 896 5036 et
945 4980 1158 5036 Levitis
1208 4982 1667 5053 interrogantibus
1703 4987 1990 5051 Joannem,

417 5083 522 5122 non
550 5069 597 5124 si
631 5071 745 5140 ipse
777 5085 920 5126 esset
943 5072 1220 5139 Christus,
1248 5074 1368 5138 sed,
1404 5093 1422 5126 ι
1453 5075 1534 5130 Tu
1563 5078 1685 5147 quis
1708 5081 1807 5135 es?
1856 5100 1875 5133 ι
1907 5095 1992 5135 re-

414 5160 644 5227 spondet
693 5161 926 5230 Baptista
971 5181 1076 5220 non
1125 5166 1176 5220 id
1220 5167 1364 5236 quod
1420 5182 1520 5237 par
1564 5180 1686 5225 erat
1730 5173 1796 5226 ad
1834 5172 1986 5239 illud,

420 5273 439 5304 ι
470 5254 548 5308 Tu
573 5255 694 5324 quis
715 5269 776 5311 es
792 5259 945 5310 ?i--t
961 5259 1067 5328 Ego
1083 5274 1184 5315 vox
1205 5260 1488 5315 clamantis
1509 5260 1560 5315 in
1588 5261 1823 5329 deserto,
1852 5283 1872 5315 ι
1894 5267 1988 5320 sed

414 5349 556 5411 quod
583 5356 708 5413 apte
731 5347 935 5402 dictum
973 5351 1182 5415 fuisset,
1235 5353 1280 5405 si
1319 5353 1764 5423 interrogassent,
1819 5356 1899 5410 Tu
1927 5372 1987 5412 es

413 5442 699 5497 Christus?
747 5443 1116 5499 Conveniebat
1171 5448 1316 5502 enim
1365 5451 1432 5504 ad
1491 5450 1623 5507 illud
1654 5470 1667 5505 :
1700 5452 1771 5508 Es
1802 5464 1856 5508 tu
1893 5455 1985 5510 ille

411 5532 696 5586 Christus?
747 5534 920 5590 illud:
952 5554 972 5588 t
1012 5536 1127 5606 Ego
1181 5554 1285 5592 non
1339 5555 1460 5595 sum
1518 5542 1810 5609 Christus;
1857 5564 1876 5595 ι
1914 5547 1992 5606 ad

2101 4539 2230 4594 λατε
2266 4541 2486 4612 Ἰωάννῃ
2514 4540 2549 4594 ἃ
2579 4541 2803 4611 βλέπετε
2848 4540 2942 4594 καὶ
2969 4540 3216 4594 ἀκούετε·
3249 4542 3439 4609 τυφλοὶ
3471 4541 3684 4595 ἀναϐλέ-

2100 4647 2285 4694 πουσι,
2314 4631 2478 4701 χωλοὶ
2512 4631 2894 4704 περιπατοῦσι,
2926 4633 3118 4704 λεπροὶ
3143 4632 3554 4705 καθαρίζονται,
3579 4652 3680 4686 κως

2099 4723 2189 4794 φοὶ
2215 4724 2492 4786 ἀκούουσι,
2537 4727 2742 4795 πτωχοὶ
2773 4725 3241 4794 εὐαγγελίζονται·
3273 4746 3299 4786 ,ι
3335 4729 3464 4798 περὶ
3492 4722 3570 4782 ὧν
3597 4730 3681 4781 εύο

2096 4817 2433 4888 καιρότερον,
2469 4816 2604 4870 Θεοῦ
2637 4817 2892 4881 διδόντος,
2933 4819 2991 4870 ὲν
3030 4820 3143 4882 τοῖς
3177 4819 3396 4882 οἰκείοις
3427 4820 3680 4890 διαληψό-

2101 4907 2242 4978 μεθα
2281 4908 2486 4971 τόποις.
2521 4909 2681 4972 Ἴσως
2713 4909 2756 4962 δ’
2782 4908 2848 4964 ἂν
2880 4909 2979 4962 οὐκ
3006 4909 3217 4978 ἀλόγως
3259 4929 3342 4976 τις
3375 4915 3675 4985 ἐπιστήσει,

2094 5001 2148 5053 τί
2201 5001 2398 5069 δήποτε
2440 4999 2549 5053 τῶν
2603 5002 2793 5071 ἱερέων
2839 5003 2932 5055 καὶ
2973 5004 3214 5056 Λευῖτῶν
3265 5005 3678 5078 πυνθανομένων

2108 5094 2354 5147 Ἰωάννου
2388 5095 2530 5164 ούχὶ,
2568 5097 2616 5146 εἰ
2658 5095 2820 5157 αὐτὸς
2865 5096 2949 5164 εῖη
2989 5097 3019 5146 ό
3051 5096 3304 5165 Χριστὸς,
3350 5097 3526 5151 ἀλλά·
3549 5119 3568 5150 t
3607 5101 3674 5152 Σὺ

2093 5184 2177 5248 τίς
2215 5181 2297 5249 εἷς
2338 5205 2355 5236 ι
2387 5187 2737 5257 ἀποκρίνεται
2777 5189 2805 5238 6
2850 5187 3158 5258 Βατπιστὴς
3200 5188 3297 5258 οὐχ
3336 5189 3474 5260 ὅπερ
3514 5191 3676 5262 ἐχρῆν

2095 5277 2231 5348 πρὸς
2245 5279 2326 5338 τὸ,
2345 5297 2362 5328 t
2387 5278 2457 5331 Σὺ
2473 5279 2557 5341 τίς
2578 5275 2626 5330 εἱ
2647 5295 2765 5342 ;ι-
2779 5299 2797 5330 t
2821 5279 2962 5346 Ἐγὼ
2978 5281 3128 5350 φωνὴ
3147 5280 3377 5350 βοῶντος
3392 5283 3449 5333 ὲν
3469 5285 3536 5352 τῇ
3562 5284 3677 5353 ἐρή-

2096 5386 2202 5438 μῳ,
2237 5387 2256 5418 s
2294 5369 2410 5422 ἀλλ’
2446 5373 2578 5440 ὅπερ
2634 5370 2848 5435 οἰκείως
2894 5371 2961 5425 ἂν
3007 5372 3224 5441 ἐλέγετο
3244 5375 3291 5425 εἰ
3320 5368 3460 5443 ἦσαν
3508 5374 3671 5427 πυθό-

2095 5477 2263 5530 μενοι·
2297 5461 2368 5513 Σὺ
2400 5456 2450 5513 εἴ
2472 5464 2500 5514 ὀ
2532 5462 2796 5532 Χριστός;
2836 5464 3082 5533 Ἦρμοσε
3111 5464 3219 5533 γὰρ
3254 5465 3391 5535 πρὸς
3417 5464 3498 5528 τὸ,
3531 5466 3604 5518 Σὺ
3625 5459 3673 5517 εἷ

2090 5552 2118 5602 6
2151 5552 2415 5622 Χριστός;
2461 5555 2541 5613 τὸ,
2583 5571 2600 5602 t
2651 5551 2794 5619 Ἐγὼ
2839 5555 2938 5605 οὐκ
2968 5554 3080 5623 εἰμὶ
3109 5555 3138 5606 6
3170 5554 3424 5624 Χριστός·
3461 5573 3478 5604 ι
3536 5556 3668 5628 πρὸς

413 5624 454 5690 1
471 5625 566 5692 11
587 5625 712 5679 illud
741 5641 904 5682 vero:
929 5648 948 5680 ι
969 5628 1048 5682 Tu
1067 5630 1188 5699 quis
1202 5630 1427 5685 θεῖν-ι
1439 5632 1550 5704 Ego
1568 5649 1670 5690 vos
1688 5637 1975 5693 clamantis

2121 5646 2134 5692 ὲ
2167 5645 2246 5706 τὸ,
2295 5660 2314 5692 t
2351 5643 2422 5694 Σὺ
2445 5643 2528 5704 τίς
2560 5638 2642 5708 si;
2678 5664 2695 5695 ι
2720 5648 2799 5706 τὸ,
2840 5662 2858 5694 t
2884 5643 3026 5710 Ἐγὼ
3056 5645 3208 5714 φωνὴ
3246 5644 3477 5713 βοῶντος
3522 5624 3664 5716 ἐντῇ

482 5784 525 5811 ⁸³
557 5783 720 5838 Joau.
753 5801 793 5850 I,
826 5785 915 5852 9-1,
945 5786 1033 5840 ‘22.

1113 5787 1157 5817 “
1187 5787 1319 5842 ibid.
1351 5789 1443 5844 9.5.
1521 5792 1565 5822 "
1591 5794 1718 5848 ibid.
1753 5795 1839 5862 19,
1871 5796 1960 5848 20.
2041 5797 2084 5827 ⁸⁸
2112 5796 2300 5852 Matth.
2338 5815 2417 5867 ιι,
2447 5800 2502 5854 5.
2579 5800 2620 5829 ⁸⁷
2649 5799 2804 5856 Joun.
2834 5816 2909 5868 χι,
2938 5799 3027 5856 23.
3105 5803 3149 5833 “
3187 5804 3375 5860 Matth.
3409 5820 3484 5869 st,
3517 5805 3574 5870 4,
3610 5803 3661 5858 5.
