3816 6520
727 273 758 288 f

43 379 131 432 2i?
1119 377 1476 435 COMMENT.
1511 376 1577 432 IN
1611 376 1804 433 JOAN.
1838 376 2078 433 TOMUS
2120 378 2206 433 νι.

3167 375 3276 433 218

42 499 226 567 ἐρήμῳ.
257 513 276 546 ι
300 494 537 548 Λεκτέον
563 495 620 548 δὲ
647 495 784 565 πρὸς
812 494 988 560 τοῦτο,
1014 495 1117 560 ὅτι,
1142 498 1218 561 ὡς
1249 497 1414 562 εἰκὸς,
1449 495 1594 568 ἑώρα

1707 498 1751 551 in
1777 497 1991 551 deserto
2013 497 2080 551 ⁸⁸.
2103 515 2121 548 ι
2157 495 2448 552 Dicendum
2475 511 2604 551 vero
2629 497 2694 552 ad
2721 496 2822 550 hoc
2845 495 2987 566 quod
3011 511 3077 550 ex
3105 494 3277 552 inter-

41 590 128 643 ἀπὸ
153 587 249 658 τῆς
277 587 527 651 πεύσεως
544 588 607 641 τὸ
633 587 858 654 εὐλαϐὲς
879 589 988 643 τῶν
1010 589 1200 661 ἱερέων
1221 591 1314 643 καὶ
1334 589 1595 652 Λευῖτῶν,

40 680 392 750 ἐμφαινόντων
444 681 543 752 μὲν
597 681 850 735 ὑπόνοιαν
899 682 1242 754 ὑπολήψεως,
1272 685 1468 754 μήποτ’
1511 682 1597 754 εἴη

41 773 293 842 βαπτίζων
342 773 599 845 Χριστὸς,
646 775 984 848 γυμνότερον
1031 775 1088 828 δὲ
1128 775 1392 847 ὀνομάσαι
1441 777 1601 830 τοῦτο

41 868 157 938 ὑπὲρ
177 867 270 920 τοῦ
319 867 397 938 μὴ
433 867 610 921 δοκεῖν
647 864 786 923 εἶναι
819 871 1115 940 προπετεῖς
1159 869 1600 941 φυλαττομένων.

43 959 180 1012 Ὀθεν
205 958 446 1028 εὐλόγως
476 961 618 1033 ὑπὲρ
637 962 732 1014 τοῦ
759 963 939 1016 πᾶσαν
969 963 1227 1017 ὑπόνοιαν
1250 962 1430 1018 αὐτῶν
1453 964 1603 1034 πρῶ-

37 1072 111 1105 τον
145 1056 562 1127 πριαιρεθῆναι
593 1056 766 1127 ψευδῆ
802 1058 902 1129 τὴν
936 1059 1063 1130 περὶ
1096 1057 1314 1124 ἑαυτοῦ,
1361 1052 1461 1112 εἴθ’
1504 1057 1600 1112 οῦ⁴

38 1164 125 1212 τως
178 1150 533 1221 παραστῆσαι
571 1149 632 1204 τὸ
670 1150 887 1222 ἀληθὲς,
937 1151 999 1204 τὸ
1039 1152 1140 1205 οὐκ
1186 1147 1325 1206 εῖναι
1363 1153 1600 1224 Χριστὸς

39 1244 126 1313 np}.
163 1243 384 1298 πάντων
418 1245 799 1313 ἀποφαίνεται.
848 1245 1009 1315 Δηλοῖ
1063 1245 1119 1299 δὲ
1158 1245 1219 1298 τὸ
1263 1246 1504 1300 τοιοῦτόν
1542 1260 1602 1300 ’τι

38 1337 210 1399 αὑτοὺς
230 1336 652 1408 ὑπόνενοηκέναι
691 1338 723 1408 ἡ
755 1337 983 1408 δευτέρα
1012 1336 1299 1409 ἐρώτησις,
1333 1339 1428 1392 καὶ
1457 1339 1536 1392 ἔτι
1565 1341 1600 1410 ὴ

37 1429 191 1498 τρίτη.
243 1429 401 1481 Ἐπεὶ
431 1427 541 1500 γάρ
573 1429 670 1483 καὶ
695 1427 948 1502 δεύτερον
982 1432 1048 1501 τῇ
1084 1433 1214 1501 τιμῇ
1249 1429 1601 1499 ἐλπιζόμενον

41 1523 120 1588 μὲν
165 1521 259 1573 καὶ
309 1522 450 1591 μετά
494 1522 730 1593 Χριστὸν
784 1523 968 1586 αὐτοῖς
1011 1522 1372 1594 τετιμημένον
1416 1523 1602 1578 Ἠλίαν

38 1608 154 1665 εἶναι
184 1613 595 1682 ὑπελάμϐανον,
626 1615 1062 1686 ἀποφαινομένου
1101 1615 1192 1667 τοῦ
1240 1615 1485 1670 Ἰωάννου
1526 1614 1603 1680 ὡς

36 1705 118 1757 οὐκ
149 1705 230 1776 εἴη
261 1709 292 1760 ό
324 1707 580 1778 Χριστὸς,
614 1707 904 1780 ἠρώτησαν
924 1725 936 1738 ·
985 1727 1005 1761 ι
1050 1709 1115 1761 Τί
1142 1705 1268 1772 οῦνς
1307 1712 1372 1764 σὺ
1418 1710 1603 1776 Ἠλίας

37 1794 107 1862 εἷς
139 1799 245 1851 Καὶ
277 1793 430 1850 εἶπεν
451 1815 464 1829 ·
502 1797 620 1853 υύκ
648 1800 784 1870 εἰμὶ.
823 1820 842 1851 ι
875 1801 948 1853 Τὸ
981 1801 1160 1872 τρίτον
1193 1802 1240 1854 εί
1271 1803 1433 1866 αὐτὸς
1458 1803 1542 1876 εῐη
1574 1805 1602 1858 ό

1703 587 1984 656 rogatione
2013 587 2234 642 videbat
2265 584 2504 642 Joannes
2529 587 2610 656 (ut
2641 586 2926 656 probabile
2957 585 3099 658 erat)
3131 587 3278 641 timi-

1701 681 1928 736 ditatem
1968 679 2279 736 Levitarum
2306 690 2360 736 et
2383 681 2731 736 sacerdotum
2768 697 2878 750 pra:
2905 695 2964 736 se
2987 679 3276 737 ferentium

1701 773 1917 842 quidem
1961 773 2325 841 suspicionem
2373 773 2669 843 opinionis,
2708 789 2836 828 num
2888 773 3026 830 forte
3079 775 3129 830 is
3183 777 3278 846 qui

1703 867 1947 936 baptizat
1981 874 2131 921 esset
2165 865 2438 931 Christus,
2471 867 2564 922 sed
2599 866 2840 937 apertius
2865 867 2994 923 illud
3027 869 3276 923 nomina-

1705 975 1785 1025 re,
1812 977 1879 1016 ne
1905 960 2222 1015 viderentur
2246 960 2574 1030 petulantes,
2607 959 2938 1014 caventium.
2963 959 3117 1015 Unde
3133 959 3279 1028 jure,

1704 1062 1764 1108 ut
1794 1054 1846 1107 in
1889 1053 2080 1123 primis
2120 1067 2334 1106 omnem
2370 1053 2608 1121 ipsorum
2657 1052 3024 1122 suspicionem
3060 1051 3283 1105 tolleret

1705 1162 1868 1217 quam
1901 1147 1967 1201 de
1995 1146 2176 1216 seipso
2204 1146 2396 1200 falsam
2431 1144 2726 1206 habebant,
2759 1145 2957 1199 deinde
2985 1145 3064 1200 sic
3090 1153 3281 1200 osten~

1701 1239 1859 1296 deret
1885 1240 2194 1305 veritatem,
2228 1247 2355 1294 ante
2378 1241 2562 1293 omnia
2595 1240 2850 1294 enuntiat
2885 1238 3018 1294 illud
3053 1255 3067 1292 :
3107 1257 3128 1292 ι
3164 1236 3280 1294 Non

1703 1347 1822 1388 sum
1840 1347 1941 1402 ego
1970 1331 2220 1387 Christus
2241 1332 2311 1387 '°.
2345 1349 2365 1383 ι
2399 1330 2652 1387 Declarat
2676 1342 2857 1388 autem
2885 1333 2991 1389 tale
3020 1334 3278 1404 quiddam

1703 1425 2006 1496 auspicatos
2044 1440 2137 1481 eos
2187 1424 2356 1480 fuisse
2416 1426 2652 1480 secunda
2703 1437 2866 1497 atque
2907 1428 3070 1482 etiam
3123 1427 3280 1480 tertia

1707 1517 2081 1588 interrogatio.
2115 1517 2287 1572 Eliam
2319 1518 2464 1572 enim
2493 1535 2614 1572 cum
2650 1529 2936 1574 venturum
2963 1528 3278 1588 sperarent,

1704 1619 1866 1680 atque
1906 1610 2122 1680 plurimi
2166 1609 2429 1677 facerent,
2469 1627 2592 1665 eum
2642 1626 2766 1666 esse
2811 1612 3154 1682 suspicantes
3185 1612 3285 1666 ho-

1704 1715 1838 1756 nore
1896 1700 1996 1770 ipsi
2062 1700 2282 1755 Christo
2343 1701 2654 1769 proximum
2725 1709 2890 1771 atque
2946 1702 3280 1767 secundum,

1705 1795 2022 1849 enuntiante
2053 1792 2266 1848 Joanne
2303 1808 2362 1848 se
2409 1807 2516 1848 non
2555 1809 2678 1850 esse
2725 1793 3027 1862 Christum,
3055 1797 3287 1852 interro-

35 1892 300 1960 :pozpﬁ-mg
346 1890 624 1960 βούλονται
679 1892 899 1963 μαθεῖν·
945 1889 1007 1949 οῦ
1040 1895 1478 1980 ἀποκριναμένου
1517 1898 1598 1960 τὸ,

1707 1896 1875 1958 gant:
1917 1904 1938 1938 ι
1971 1884 2112 1952 Quid
2164 1886 2336 1954 ergo?
2383 1885 2529 1941 Elias
2571 1901 2631 1942 es
2689 1888 2782 1942 tu?
2822 1888 2891 1943 Et
2938 1889 3122 1944 dixit:
3167 1888 3285 1944 Non

40 2003 55 2032 I
70 1983 154 2044 Οὔ,
180 2003 196 2034 ι
214 1983 403 2036 οὐκέτι
429 1983 642 2055 ἔχοντες
661 1984 839 2048 ίδικῶς
854 1985 1026 2056 ὄνομα
1045 1985 1397 2058 ἐλπιζομένου
1417 1988 1602 2059 ἐπιδη-

38 2077 207 2144 μήσειν
237 2075 426 2139 αὐτοῖς
452 2077 648 2141 εἰπεῖν,
683 2077 848 2146 φασί·
883 2097 901 2129 ι
941 2078 1037 2141 Τίς
1077 2074 1146 2141 εί,
1187 2079 1275 2132 ἵνα
1308 2078 1600 2148 ἀπόκρισιν

33 2165 190 2236 δῶμεν
227 2169 345 2230 τοῖς
392 2166 676 2237 πέμψασιν
717 2168 896 2238 ἡμᾶς
942 2167 995 2220 τί
1036 2167 1215 2236 λέγεις
1263 2169 1392 2240 περὶ
1441 2185 1603 2221 σεαυ-

33 2257 144 2323 τοῦ;
191 2277 210 2309 ι
255 2255 422 2311 τοῦτο
465 2257 791 2328 δηλοῦντες
823 2246 1030 2313 ¹¹Ταῦτα
1071 2259 1170 2330 μὲν
1214 2259 1315 2313 οὐκ
1352 2256 1420 2325 εἴ,
1457 2260 1602 2331 ἀπερ

34 2347 347 2419 ἐλπιζόμενα
392 2347 473 2419 τῷ
531 2349 745 2421 Ἰσραὴλ
803 2348 1138 2421 παρέσεσθαι
1199 2349 1596 2423 προσδοκᾶται·

33 2441 160 2501 ὅστις
190 2440 249 2493 δὲ
273 2438 350 2493 ὣν
378 2440 685 2510 βαπτίζεις,
714 2443 814 2496 οὐκ
842 2441 1019 2514 ῐσμεν.
1050 2442 1248 2516 Διόπερ
1271 2441 1430 2496 τοῦτο
1452 2445 1602 2514 ἡμᾶς

34 2531 239 2596 δίδαξον,
280 2533 345 2585 ἵν’
371 2533 587 2605 ἔχωμεν
626 2535 960 2604 ἀπαγγεῖλαι
995 2537 1108 2600 τοῖς
1146 2537 1296 2608 ἡμᾶς
1327 2536 1414 2590 διά
1444 2537 1602 2591 τοῦτο

34 2625 258 2693 πέμψασι
303 2625 443 2698 πρὸς
495 2627 575 2683 σέ.
628 2628 751 2681 Ἔτι
796 2627 853 2680 δὲ
895 2627 1176 2682 καὶτοῦτο
1209 2629 1467 2700 ἐχόμενον
1492 2629 1602 2685 τῶν

37 2717 390 2788 προκειμένων
434 2718 848 2790 προσθήσομεν,
898 2720 982 2774 ὅτι
1020 2723 1050 2774 6
1085 2722 1278 2794 καιρὸς
1321 2722 1421 2793 τῆς
1467 2724 1604 2794 Χρι-

36 2807 143 2860 στοῦ
166 2808 466 2881 ἐπιδημίας
493 2810 675 2864 έσαινε
707 2812 799 2866 τὸν
833 2809 981 2875 λαὸν,
1011 2811 1112 2883 ἠδη
1144 2830 1261 2878 πως
1291 2813 1603 2886 ἐνεστηκὼς

37 2901 228 2968 περὶτὰ
263 2901 362 2974 ἐτη
405 2901 476 2956 τὰ
519 2902 629 2957 ἀπὸ
658 2902 760 2975 τῆς
803 2904 1070 2974 γενέσεως
1109 2904 1204 2959 τοῦ
1251 2905 1448 2978 Ἰησοῦ,
1509 2908 1602 2962 καὶ

35 2993 177 3064 ὀλίγῳ
197 2994 468 3067 ἀνωτέρω
504 2995 666 3068 μέχρι
693 2996 792 3067 τῆς
824 2997 1150 3062 ἀναδείξεως
1184 2997 1279 3052 τοῦ
1305 2999 1602 3072 κηρύγμα-

35 3101 126 3148 τος.
153 3087 377 3158 Διόπερ,
405 3087 483 3152 ὡς
510 3088 678 3153 εἰκὸς,
698 3088 807 3144 τῶν
828 3089 1206 3161 Γραμματέων
1236 3092 1331 3145 καὶ
1362 3092 1602 3163 νομικῶν

35 3179 108 3229 τὸν
154 3178 532 3251 ἐλπιζόμενον,
576 3181 687 3235 ἀπὸ
726 3180 836 3236 τῶν
882 3181 1043 3236 θείων
1085 3181 1321 3255 Γραφῶν
1365 3200 1604 3254 καταγα-

1707 1979 2134 2044 ευιιι⁷¹;ιιει-ιίο
2175 1995 2303 2034 num
2345 1980 2461 2050 ipse
2506 1990 2651 2036 esset
2692 1981 2780 2036 ille
2825 1983 3089 2053 prOpheta
3142 1983 3288 2038 scire

1706 2072 1935 2137 volunt;
1970 2087 2076 2141 quo
2123 2073 2520 2141 respondente,
2560 2093 2577 2124 ι
2602 2072 2739 2142 Non,
2768 2093 2788 2126 ι
2833 2090 2956 2129 cum
3003 2091 3111 2129 non
3166 2090 3284 2129 am-

1707 2165 1853 2236 plius
1898 2175 2122 2237 possent
2163 2167 2346 2222 dicere
2380 2166 2639 2236 privatim
2683 2182 2878 2222 nomen
2930 2167 3160 2237 alicujus
3191 2167 3286 2236 qui

1707 2257 1778 2312 ad
1821 2272 1882 2313 se
1929 2271 2254 2314 accessurus
2304 2267 2640 2328 speraretur,
2674 2256 2945 2326 inquiunt,
2985 2275 3003 2308 ι
3034 2255 3168 2324 Quis
3197 2272 3284 2322 es,

1708 2359 1768 2405 ut
1809 2365 2130 2419 responsum
2180 2351 2368 2407 demus
2417 2351 2503 2406 his
2541 2350 2634 2420 qui
2663 2350 2929 2404 miserunt
2963 2350 3107 2406 nos?
3155 2350 3288 2420 quid

1707 2443 1844 2500 dicis
1879 2444 1946 2498 de
1985 2443 2266 2514 teipso"?
2315 2464 2334 2496 ι
2380 2445 2484 2501 hoc
2530 2445 2823 2502 innuentes
2855 2463 2868 2500 :
2900 2443 3025 2500 Haec
3064 2443 3286 2514 quidem

1710 2549 1816 2592 non
1839 2549 1899 2591 es
1925 2551 2047 2607 qua:
2085 2536 2273 2592 israeli
2304 2536 2482 2592 futura
2511 2547 2934 2606 exspectantur:
2968 2538 3144 2607 qualis
3179 2551 3284 2590 an-

1711 2637 1818 2685 tem
1849 2629 1948 2696 sis,
1978 2629 2073 2700 qui
2110 2630 2382 2702 haptizas,
2410 2631 2719 2694 nescimus;
2748 2646 2918 2702 quare
2962 2631 3142 2686 isthuc
3179 2645 3280 2686 nos

1708 2724 1924 2788 docete,
1968 2733 2028 2778 ut
2077 2725 2350 2796 possimus
2403 2725 2723 2780 renuntiare
2768 2728 2854 2782 his
2907 2728 3000 2798 qui
3050 2729 3190 2782 hanc
3216 2730 3286 2782 ob

1709 2829 1936 2872 causam
1987 2831 2088 2872 nos
2138 2817 2204 2872 ad
2244 2826 2300 2872 te
2340 2817 2629 2875 miserunt.
2670 2817 2882 2874 Rursus
2935 2833 3067 2874 vero
3119 2819 3289 2873 etiam

1708 2910 1814 2964 hoc
1852 2908 1937 2964 his
1982 2923 2104 2978 quae
2152 2908 2430 2979 pr0posita
2462 2919 2614 2973 sunt,
2653 2910 2966 2980 proximum
3001 2911 3287 2974 addemus,

1709 2999 1965 3056 videlicet
1993 3001 2140 3070 quod
2177 3011 2392 3072 tempus
2429 3001 2694 3057 adventus
2725 3001 2934 3058 Christi
2971 3015 3289 3058 commove-

1711 3099 1796 3146 rat
1825 3091 2110 3162 populum,
2144 3093 2289 3163 quod
2315 3092 2536 3162 quidem
2577 3102 2791 3163 tempus
2818 3092 2927 3163 iam
2960 3094 3143 3165 aliquo
3171 3109 3284 3149 mo-

1709 3185 1779 3240 do
1808 3185 2051 3240 instabat
2085 3185 2232 3240 circa
2257 3199 2436 3242 annos
2470 3188 2564 3257 qui
2598 3197 2758 3243 erant
2789 3188 2857 3243 ab
2883 3196 3006 3243 ortu
3039 3186 3196 3253 Jesu,
3235 3193 3293 3242 et

35 3273 216 3339 τόπων
257 3245 431 3327 αὑτοῦ
466 3274 560 3328 τὸν
607 3273 819 3347 χρόνον,
859 3274 964 3345 ήδη
1003 3245 1450 3349 προσδοπώντων,
1503 3245 1601 3331 έπ-

1713 3274 1874 3346 paulo
1909 3274 2161 3346 superius
2207 3291 2380 3348 usque
2407 3245 2507 3332 ad.
2528 3278 3058 3335 demonstrationem
3090 3245 3290 3348 pridi-

34 3365 253 3437 tstiqmv
287 3367 407 3439 (83)
447 3367 672 3432 Θευδᾶς,
708 3368 808 3422 οὐκ
839 3367 1019 3436 ὀλίγον
1046 3367 1270 3440 πλῆθος,
1299 3370 1377 3432 ὡς
1405 3371 1435 3424 ό
1466 3369 1601 3439 Χρι-

1711 3366 1970 3423 cationis.
2025 3366 2317 3435 Quocirca,
2365 3369 2575 3425 Scribis
2601 3379 2658 3425 et
2685 3370 3036 3442 legisperitis,
3072 3379 3131 3426 ut
3163 3387 3291 3441 pro-

37 3459 158 3524 στὶς,
189 3455 367 3530 οἶμαι,
413 3458 759 3530 συναγαγὼν,
791 3461 886 3515 καὶ
923 3478 942 3513 ι
987 3462 1104 3532 μετ’
1139 3461 1346 3515 ἐκεῖνον
1402 3461 1601 3526 Ἰούδας

1711 3457 1889 3513 habile
1915 3467 2058 3525 erat,
2086 3456 2201 3527 jam
2242 3461 2696 3530 exspectantibus
2725 3477 2872 3528 eum,
2906 3464 2998 3532 qui
3028 3464 3292 3533 speraba-

33 3551 344 3617 ὀΓαλιλαῖος
375 3553 436 3607 ὲν
462 3554 584 3616 ταῖς
611 3552 708 3623 τῆς
734 3552 1064 3623 ἀπογραφῆς
1091 3552 1347 3626 ἡμέραις.
1383 3572 1403 3606 ι
1438 3553 1601 3618 Είκὸς

1711 3559 1818 3614 tur,
1845 3550 1974 3620 quia
2003 3560 2217 3622 tempus
2250 3553 2399 3611 illius
2431 3569 2462 3610 e
2489 3555 2689 3612 divinis
2717 3555 3022 3626 Scripturis
3050 3559 3287 3629 college-

36 3648 130 3715 οὖν,
170 3653 508 3724 θερμότερον
545 3652 646 3722 τῆς
688 3651 928 3723 Χριστοῦ
969 3651 1264 3724 ἐπιδημίας
1301 3651 1601 3724 προσδοκω-

1716 3654 1859 3712 rant,
1897 3645 2254 3702 tumultuatus
2287 3657 2372 3704 est
2397 3649 2652 3704 Theudas
2692 3665 2799 3704 non
2836 3666 3002 3719 parva
3037 3653 3291 3706 multitu-

39 3743 185 3814 uim;
223 3745 320 3797 καὶ
361 3743 723 3815 λαλουμένης,
783 3743 1023 3798 Ἰουδαῖοι
1061 3742 1172 3796 ἀπὸ
1219 3741 1601 3814 Ἰεροσολύμων

1715 3737 1842 3793 dine
1886 3748 2237 3810 congregata,
2278 3749 2559 3810 tanquam,
2591 3742 2808 3812 opinor.
2837 3741 3094 3800 Christus
3118 3754 3289 3810 esset,

36 3836 139 3898 τοὺς
169 3838 333 3908 ἱερεῖς
355 3836 454 3889 καὶ
474 3836 706 3900 Λευῖτας
728 3836 1006 3907 πέμπουσι
1035 3837 1173 3909 πρὸς
1201 3835 1293 3891 τὸν
1332 3837 1601 3908 Ἰωάννην,

1721 3849 1742 3884 ι
1769 3841 1823 3887 et
1853 3840 1976 3901 post
2001 3831 2149 3888 illum
2173 3833 2353 3890 .Judas
2378 3834 2634 3890 Galilaaus
2670 3836 2723 3890 in
2761 3836 2956 3891 diebus
2987 3838 3290 3906 professio-

36 3926 106 3980 διὰ
137 3928 260 3981 τοῦ·
307 3949 326 3980 ι
361 3928 437 3980 Σὺ
469 3928 552 3992 τῖς
581 3925 663 3992 si;
709 3948 727 3980 ι
765 3927 958 3999 μαθεῖν
1000 3929 1315 4001 βουλόμενοι
1361 3931 1410 3983 εί
1447 3929 1601 3994 αὐτὸς

1713 3923 1888 3979 nis".
1923 3943 1943 3977 ι
1987 3923 2429 3980 Consentaneum
2475 3941 2607 3997 ergo
2647 3934 2751 3991 est,
2791 3942 2914 3982 cum
2959 3927 3162 3983 Chriin
3196 3929 3291 3982 ad-

38 4019 247 4087 Χριστὸς
267 4017 411 4074 εἶναι
438 4020 783 4092 ὁμολογήσει.

1718 4025 1912 4072 ventus
1978 4016 2282 4073 ferventius
2319 4026 2736 4086 exspectaretur
2781 4018 3286 4089 divulgareturque.

35 4107 226 4166 huth
271 4113 344 4166 ab
391 4111 785 4183 Hierosolymis
814 4115 1131 4170 sacerdotes
1161 4124 1217 4170 et
1242 4114 1460 4170 Levitas
1489 4112 1708 4169 misisse
1735 4112 1802 4166 ad
1831 4109 2119 4176 Joannem,
2166 4124 2264 4181 per
2301 4109 2454 4176 illud,
2495 4128 2514 4162 ι
2549 4109 2628 4166 Tu
2665 4111 2789 4180 quis
2822 4127 2882 4168 es
2910 4112 2998 4167 ⁷⁸2
3028 4132 3047 4166 ι
3079 4114 3293 4169 discere

39 4203 255 4258 volentes
282 4221 416 4259 num
448 4203 711 4259 fateretur
739 4208 977 4273 seipsum
1008 4221 1130 4262 esse
1152 4206 1451 4262 Christum.

96 4294 140 4346 7.
167 4297 278 4349 Καὶ
321 4296 648 4364 ἠρώτησαν
691 4298 911 4351 αὐτόν·
964 4299 1025 4352 Τί
1071 4293 1223 4361 οὖν;
1263 4299 1347 4352 σὺ
1406 4298 1601 4363 Ἠλίας

1786 4295 1838 4349 7.
1878 4292 1948 4346 Et
1993 4295 2442 4364 interrogaverunt
2484 4311 2602 4348 eum
2634 4309 2651 4348 :
2683 4295 2825 4361 Quid
2848 4301 3012 4367 ergo?
3052 4295 3205 4354 Elius
3235 4317 3290 4353 es

35 4380 107 4446 ei;
137 4388 240 4440 Καὶ
278 4387 477 4456 λέγει·
519 4390 640 4442 Οὐκ
669 4389 808 4457 ειμι.
855 4389 952 4453 Τίς
982 4389 1082 4442 οὐκ
1121 4388 1188 4442 ἂν
1228 4389 1461 4460 ζητήσαι
1497 4389 1601 4443 τῶν

1710 4388 1810 4442 tu?
1869 4384 1938 4439 Et
1978 4385 2300 4441 dicit:Non
2342 4389 2547 4442 sum".
2591 4388 2788 4443 Verum
2839 4391 3122 4445 enimvero
3167 4392 3290 4461 quis

35 4477 318 4532 ἀκουόντων
385 4477 562 4548 Ἰησοῦ
619 4478 868 4548 λέγοντος
938 4481 1070 4552 περὶ
1121 4479 1400 4545 Ἰωάννου,
1458 4499 1477 4532 ι
1539 4481 1601 4536 El

1710 4479 1938 4535 audiens
1963 4476 2148 4534 Jesum
2175 4479 2444 4534 dicentem
2473 4479 2540 4534 de
2569 4480 2797 4545 Joanne.
2836 4500 2855 4533 ι
2888 4481 2947 4537 Si
2992 4483 3158 4539 vultis
3201 4499 3288 4539 ac-

36 4569 220 4623 ὲίιέλετε
265 4569 550 4637 δέξασθαι,
588 4570 750 4633 αὑτός
785 4574 933 4625 ἐστιν
979 4570 1165 4635 Ἠλίας
1197 4571 1227 4624 ό
1263 4571 1471 4643 μέλλων
1511 4571 1604 4644 ἔρ-

36 4661 220 4728 χεσθαι,
262 4681 281 4713 ι
320 4661 442 4725 πῶς
469 4662 608 4733 πρὸς
627 4664 752 4726 τοὺς
779 4662 1098 4733 ἐρωτῶντας
1123 4664 1182 4716 τὸ
1201 4703 1217 4728 ,
1252 4683 1272 4716 ι
1310 4665 1382 4718 Σὺ
1417 4663 1606 4728 Ἠλίας

38 4748 108 4812 si;
146 4775 163 4805 ι
189 4756 342 4824 λέγει
381 4755 412 4806 ὁ
459 4755 753 4826 Ἰωάννηςο
797 4773 815 4807 ι
853 4758 968 4810 Οὐκ
1009 4757 1158 4827 είμί;
1199 4775 1217 4807 ι
1259 4756 1376 4821 πῶς
1419 4757 1476 4810 δὲ
1511 4758 1606 4811 καὶ

39 4845 201 4914 νοῆσαι
221 4847 308 4901 δεῖ
345 4845 439 4900 τὸν
482 4847 736 4916 Ἰωάννην
770 4845 934 4900 αὑτὸν
965 4841 1105 4899 εἶναι
1150 4846 1336 4900 Ἠλίαν
1361 4848 1452 4900 τὸν
1484 4848 1607 4918 μέλ-

39 4935 171 4991 λοντα
194 4939 453 5011 ἔρχεσθαι
477 4940 622 4993 κατὰ
649 4940 710 4992 τὸ
739 4939 1027 5010 εἰρημένον
1061 4939 1167 4991 ὑπὸ
1199 4939 1294 4993 τοῦ
1318 4941 1602 5010 Μαλαχίου

41 5028 184 5093 οὕτως
211 5031 356 5102 ἕχον·
391 5052 410 5082 ι
446 5033 558 5086 Καὶ
597 5031 706 5084 ἰδοὺ
746 5032 858 5100 ἐγὼ
902 5032 1217 5085 ἀποστέλλω
1255 5033 1384 5103 ὑμῖν
1418 5031 1603 5086 Ἠλίαν

41 5123 113 5173 τὴν
133 5125 420 5196 Θεσῧίτην,
450 5125 584 5195 πρὶν
608 5124 780 5177 ἐλθεῖν
807 5125 1021 5198 ἡμέραν
1060 5126 1268 5197 Κυρίου
1301 5125 1400 5196 τὴν
1432 5127 1603 5196 μεγά-

43 5211 119 5281 ὶην
143 5216 230 5267 καὶ
253 5216 523 5286 ἐπιφανῆ,
555 5215 614 5278 ὃς
655 5216 1099 5287 ἀποκαταστήσει
1133 5217 1362 5287 καρδίαν
1399 5215 1607 5287 πατρὸς

45 5307 154 5374 πρὶς
182 5309 318 5373 υἱὸν,
348 5307 444 5360 καὶ
479 5307 708 5378 καρδίαν
755 5305 1046 5378 ἀνθρώπου
1091 5308 1227 5377 πρὸς
1254 5309 1345 5362 τὸν
1375 5308 1600 5379 πλησίον

45 5395 200 5459 αὑτοῦ,
227 5397 302 5469 μὴ
327 5395 468 5449 ἔλθω
492 5397 589 5448 καὶ
620 5395 846 5461 πατάξω
871 5395 968 5467 τὴν
999 5397 1106 5466 γῆν
1130 5397 1328 5467 ἄρδην;
1369 5416 1386 5448 ι
1427 5397 1537 5450 Καὶ
1573 5399 1601 5450 6
1655 5409 1660 5416 ‘

46 5483 116 5535 τοῦ
150 5485 404 5554 ᾆξ’-(θέντος
432 5484 491 5537 δὲ
526 5484 604 5555 τῷ
636 5485 883 5556 Ζαχαρία
925 5484 1156 5554 ἀγγέλου
1191 5487 1398 5557 Κυρίου
1443 5486 1604 5539 ἑστῶ-

102 5625 313 5682 "Joan.
362 5627 528 5696 ι,19.
569 5626 659 5681 ετ.
766 5625 1130 5694 7°ibjd.,20.
1229 5625 1588 5690 “ibid.,‘:‘.l.

47 5694 80 5723 ’³
110 5699 224 5752 ibid.
255 5700 351 5758 2|,
389 5694 394 5696 ⁷
429 5699 477 5729 ⁷⁸
508 5697 703 5752 Matth.
731 5712 822 5762 ιιι
848 5696 937 5752 14.
1013 5697 1058 5729 ⁷⁷
1097 5696 1330 5752 Malach.
1364 5712 1435 5763 tv,
1463 5697 1514 5763 5,
1540 5699 1593 5753 6.

1710 4571 1915 4641 cipere,
1970 4573 2084 4641 ipse
2128 4580 2216 4627 est
2276 4571 2421 4628 Elias
2468 4574 2561 4643 qui
2623 4587 2884 4630 venturus
2919 4576 3087 4642 est",
3123 4597 3142 4630 ι
3181 4593 3287 4631 non

1710 4663 2041 4731 quaesiturus
2099 4664 2200 4729 sit,
2255 4678 2492 4734 quonam
2536 4676 2694 4735 pacto
2744 4669 2810 4720 ad
2862 4670 3284 4738 interrogantes,

1715 4772 1734 4806 ι
1760 4753 1908 4811 Elias
1940 4770 2000 4811 es
2031 4757 2124 4811 tu?
2145 4775 2165 4809 ι
2201 4756 2346 4811 dicat
2375 4757 2655 4815 Joannes:
2687 4776 2706 4811 t
2731 4759 2848 4814 Non
2889 4762 3045 4816 sum?
3069 4779 3090 4812 ι
3125 4771 3287 4830 atque

1711 4847 1881 4900 etiam
1912 4848 2185 4916 quomodo
2221 4863 2359 4918 opus
2408 4849 2480 4904 sit
2530 4852 2834 4922 intelligere
2866 4851 3134 4905 Joannem
3163 4866 3284 4904 esse

1711 4935 1884 4992 Eliam
1926 4948 2232 5006 venturum,
2271 4940 2428 5008 juxta
2485 4942 2536 4996 id
2588 4945 2730 5013 quod
2767 4957 2794 4996 a
2824 4941 3085 4994 Malachia
3126 4941 3284 5011 112

1713 5038 1799 5083 est
1828 5029 2052 5095 dictum,
2101 5033 2181 5087 sic
2212 5032 2422 5088 habens
2453 5051 2466 5087 :
2501 5052 2519 5085 ι
2550 5034 2616 5088 Ει
2648 5049 2775 5088 ecce
2810 5047 2910 5103 ego
2948 5035 3103 5088 mitto
3131 5037 3286 5090 vobis

1712 5120 1884 5176 Eliam
1911 5123 2233 5191 Thcsbiten,
2267 5135 2556 5196 antequam
2581 5127 2764 5180 veniat
2791 5127 2906 5181 dies
2931 5125 3145 5182 Domini
3180 5144 3284 5182 uta-

1714 5229 1819 5282 gna
1873 5224 1928 5269 et
1978 5216 2293 5284 manifesta,
2327 5219 2417 5287 qui
2472 5217 2723 5273 restituet
2776 5234 2873 5274 cor
2929 5220 3102 5288 patris
3157 5236 3283 5291 erga

1712 5305 1907 5372 tilium,
1955 5319 2010 5362 et
2056 5323 2150 5364 cor
2190 5309 2426 5364 hominis
2463 5323 2593 5380 erga
2643 5312 2953 5379 proximum
2999 5328 3180 5377 suum,
3219 5329 3285 5368 ue

1711 5399 1950 5465 veniam,
2003 5411 2058 5454 et
2105 5402 2404 5470 percutiam
2457 5409 2659 5456 terram
2712 5403 3108 5460 funditus"h
3140 5405 3281 5473 Quin

1713 5491 1890 5562 angeli
1915 5494 2094 5549 oratio
2126 5495 2193 5550 ad
2224 5493 2546 5549 Zachariam
2579 5497 2774 5552 stantis
2803 5512 2833 5551 a
2864 5498 3071 5553 dextris
3093 5497 3284 5552 altaris

1701 5630 1745 5662 τ·
1779 5631 1934 5701 una,
1983 5633 2075 5688 τε.
2186 5634 2233 5666 τι
2259 5636 2379 5691 Act.
2411 5651 2464 5705 v,
2494 5637 2583 5707 '56,
2617 5637 2709 5695 57.
2816 5639 2862 5672 τι
2905 5638 3063 5697 Joan.
3107 5655 3146 5706 ι,
3195 5637 3279 5696 ts.

107 5852 202 5924 (83)
242 5854 659 5924 Ἐκεεεύησαν.
697 5851 1006 5924 Legendum
1038 5854 1270 5923 videtur,
1318 5852 1681 5925 ὲπεφρύαξεν.
1757 5834 1762 5839 ’
