3816 6544
45 391 132 442 221
1133 395 1491 453 ΟΟΜΜΕΝΤ.
1535 395 1602 451 ΙΝ

1731 397 1836 452 AN.
1880 399 2118 458 TOMUS
2157 401 2244 458 Vl.

3199 401 3307 457 22%

47 514 218 577 τέκνα,
263 512 354 566 διὰ
407 512 566 567 τοῦτο
608 512 669 566 τὸ
715 513 934 586 πνεῦμα
985 533 1005 566 ι
1069 515 1256 570 Ἠλίαν
1303 538 1322 570 ο
1374 516 1626 586 λέγεσθαι

1732 527 1818 573 tur
1861 528 2082 589 propter
2139 520 2284 573 hunc
2331 517 2583 586 spiritum
2660 516 2853 571 «Elias
2902 516 2993 587 qui
3045 529 3304 575 venturus

53 629 66 656 ‹
95 606 180 658 τὸν
205 605 469 676 μέλλοντα
505 605 784 678 ἔρχεσθαι.
833 627 851 660 ι
893 609 988 672 Εἰς
1023 609 1379 682 παραμυθίαν
1413 609 1469 663 δὲ
1509 610 1625 662 τού-

49 717 144 752 των
189 700 282 751 καὶ
330 698 508 769 τούτῳ
555 702 819 772 χρήσεται
869 700 948 772 τῷ
987 700 1161 773 λόγῳ·
1197 703 1258 755 Εἰ
1285 701 1314 753 6
1346 701 1453 756 τῶν
1487 703 1623 756 ὅλων

48 793 169 855 9:6;
212 792 522 856 οῖκειωθεὶς
562 796 673 856 τοῖς
723 793 900 862 ἁγίοις
950 795 1131 848 αὐτῶν
1177 794 1408 863 γίνεται,
1451 797 1626 860 οὕτως

49 883 436 954 ὀνομαζόμενος
475 884 608 948 Θεὸς
653 883 922 957 Ἀϐραὰμ,
977 885 1070 940 καὶ
1111 885 1244 950 Θεὸς
1289 885 1492 952 Ἰσαὰκ,
1531 887 1625 940 καὶ

48 975 168 1037 Θεὸς
213 973 429 1038 Ἰακὼϐ,
454 975 608 1046 πόσῳ
646 974 807 1028 πλέον
847 977 908 1030 τὸ
957 977 1111 1045 ἆγιον
1149 977 1374 1048 Πνεῦμα
1406 980 1623 1032 οἰκειω-

48 1071 127 1122 θεν
147 1070 259 1131 τοῖς
307 1070 614 1140 προφήταις
653 1069 872 1139 πνεῦμα
903 1069 1082 1122 αὐτῶν
1114 1071 1474 1142 χρηματίζειν
1515 1065 1625 1124 οἷόν

47 1175 96 1209 τε
120 1159 293 1224 ἔσται,
347 1160 414 1211 ἵν’
531 1159 705 1222 οὕτως
747 1158 964 1231 πνεῦμα
1019 1161 1221 1225 Ἠλίου,
1267 1163 1359 1216 καὶ
1411 1162 1628 1235 πνεῦμα

59 1248 292 1315 Ἡσαΐου,
335 1250 630 1321 λεγόμενον
673 1250 733 1303 τὸ
770 1251 1021 1323 πνεῦμα;
1085 1252 1143 1305 '0
1179 1252 1342 1318 αύτός
1378 1271 1436 1307 τε
1473 1250 1627 1319 οὗτος

48 1343 491 1413 ἑκκλησιαστικδς
525 1345 640 1414 ἐρεῖ
675 1342 932 1398 δύνασθαι
968 1346 1066 1416 μὲν
1097 1347 1223 1412 τοὺς
1261 1346 1628 1418 ὑπειληφότας

49 1436 144 1487 τῶν
203 1437 502 1507 προφητῶν
561 1432 700 1489 εἶναι
772 1437 861 1490 τον
929 1437 1137 1508 Ἰησοῦν
1198 1441 1505 1495 ἀναστάντα
1563 1443 1628 1494 ἐκ

50 1529 247 1601 νεκρῶν
282 1530 622 1601 ἠπατῆσθαι,
657 1535 800 1588 κατά
823 1552 882 1588 τε
905 1535 967 1588 τὸ
1003 1536 1398 1609 προειρημένον
1428 1538 1624 1609 δόγμα,

49 1625 133 1675 καὶ
158 1621 303 1675 κατά
327 1622 388 1676 τὸ
417 1623 824 1694 ὑπολαμϐάνειν
859 1626 1019 1682 αὐτὸν
1046 1629 1143 1682 ἕνα
1182 1629 1288 1682 τῶν
1333 1630 1628 1702 προφητῶν

48 1716 352 1784 τυγχάνειν,
389 1715 651 1770 δύνασθαι
692 1717 771 1782 δὲ,
823 1717 963 1792 πρὸς
997 1721 1060 1774 τὺ
1107 1721 1248 1776 κατὰ
1285 1723 1347 1775 τὸ
1385 1722 1628 1793 νομίζειν

53 1808 201 1861 αὐτὸν
228 1808 340 1860 τῶν
387 1807 684 1879 προφητῶν
716 1805 855 1864 εἶναι
901 1809 1016 1875 ἕνα,
1049 1814 1281 1874 πταίειν,
1325 1812 1420 1866 καὶ
1447 1813 1629 1882 ψευδο-

52 1903 230 1966 δοξεῖν,
264 1901 362 1953 καὶ
390 1900 532 1954 κατά
565 1901 627 1954 τὸ
659 1902 870 1971 ἀγνοεῖν
894 1903 1056 1957 αὑτοῦ
1079 1904 1170 1958 τὸν
1201 1905 1490 1977 λεγόμενον
1533 1924 1631 1961 πα-

51 1994 195 2063 τέρα,
235 1995 335 2046 καὶ
363 1992 463 2062 τὴν
511 1989 678 2046 οὖσαν
719 1994 954 2068 μητέρα,
995 1993 1202 2049 οἴεσθαί
1235 2014 1292 2050 τε
1326 1997 1487 2051 αὑτὸν
1523 1997 1644 2052 ἀπὸ·

55 2084 148 2135 τῶν
181 2087 464 2156 μνημείων
483 2086 803 2158 ἐγηγέρθαι.
835 2089 945 2142 Καὶ
978 2088 1116 2160 πρὸς
1141 2089 1202 2142 τὸ
1231 2090 1289 2143 ἐν
1328 2091 1546 2144 Γενέσει
1569 2109 1629 2145 τε

56 2179 169 2248 περὶ
197 2179 299 2248 τῆς
326 2175 739 2243 ἐξαναστάσεως
765 2181 1141 2253 ἀπαντήσεται
1179 2182 1208 2234 6
1242 2182 1629 2254 ἐκκλησιαστι-

57 2270 139 2331 κὶς
184 2269 468 2341 χρώμενος
509 2271 620 2343 τῷ,
671 2290 690 2324 ι
752 2271 1106 2345 Ἐξανέστησε
1144 2275 1253 2347 γάρ
1303 2292 1392 2346 μοι
1424 2277 1454 2328 6
1497 2276 1631 2340 Θεὸς

58 2365 266 2435 σπέρμα
314 2364 504 2435 ἕτερον
552 2365 676 2419 ἀντὶ
733 2364 918 2430 Ἅϐελ,
965 2365 1024 2420 ὃν
1067 2367 1354 2420 ἀπέκτεινε
1398 2369 1562 2431 Κάῖν,
1605 2387 1624 2421 ι

55 2456 142 2524 τῆς
161 2455 576 2520 ἐξαναστάσεως
599 2457 694 2510 καὶ
727 2457 818 2509 ἐπὶ
851 2457 1118 2524 γενέσεως
1146 2458 1426 2530 κειμένης.
1461 2453 1630 2523 Οὗτος

57 2549 103 2601 δὲ
125 2550 254 2618 πρὸς
296 2550 355 2603 τὸ
387 2550 605 2621 πρῶτον
645 2550 921 2621 ἀπορηθὲν
960 2550 1163 2622 ἑτέρως
1203 2550 1356 2622 παρά
1380 2551 1471 2605 τὸν
1508 2551 1632 2605 ὑπο-

57 2640 390 2710 λαμεάνοντα
424 2644 912 2714 μετενσωμάτωσιν
945 2642 1380 2714 ἀπολογούμενος
1407 2645 1521 2715 ἐρεῖ
1544 2643 1629 2699 διά

62 2731 145 2799 μὲν
173 2731 239 2783 τά
273 2733 480 2803 ἀρτίως
507 2734 1022 2788 κατασκευασθέντα
1057 2734 1201 2805 λόγῳ
1241 2735 1346 2788 τινὶ
1371 2731 1510 2789 εἶναι
1538 2736 1629 2790 τὸν

72 2825 311 2896 Ἰωάννην
382 2826 567 2880 Ἠλίαν
624 2827 714 2881 τὸν
761 2827 1024 2898 μέλλοντα.
1072 2826 1361 2898 ἔρχεσθαι,
1425 2829 1628 2883 ἀποκε-

60 2918 258 2983 κρῖσθαι
297 2918 352 2972 δὲ
381 2920 518 2991 πρὸς
563 2921 688 2984 τοὺς
722 2924 888 2994 ἱερεῖς
919 2921 1012 2976 καὶ
1043 2921 1275 2986 Λευῖτας
1315 2923 1396 2982 τὺ,
1447 2940 1466 2974 ‹
1514 2923 1631 2977 Ούκ

62 3013 176 3079 εἰμὶ,
215 3033 234 3064 ι
272 3015 681 3086 στοχασάμενον
708 3015 800 3068 τοῦ
830 3015 1168 3088 βουλήματος
1191 3015 1291 3086 τῆς
1310 3016 1629 3088 ἐρωτήσεως

63 3103 240 3158 aitEn.
302 3107 376 3158 Ού
423 3106 531 3178 γάρ
580 3106 739 3161 τοῦτο
787 3107 977 3178 ἤθελεν
1027 3111 1058 3179 ἠ
1118 3108 1488 3180 προλεγομένη
1537 3107 1627 3174 ἐξ-

1726 611 1899 674 est”;
1932 629 1950 662 ι
1981 613 2046 663 ad
2087 624 2321 680 quorum
2379 609 2856 664 conﬁrmationem
2890 609 3054 663 etiam
3084 610 3186 664 hac
3217 627 3304 665 ra-

1729 703 1872 758 tione
1911 713 2094 758 utetur
2129 719 2143 755 :
2179 702 2236 756 Si
2273 702 2654 757 universorum
2709 702 2850 757 Deus
2891 701 3175 758 familiaris
3222 705 3304 757 fa-

1726 804 1850 850 ctus
1885 796 2110 862 sanctis,
2139 795 2279 849 Deus
2309 797 2551 865 ipsorum
2593 797 2672 863 fit,
2712 796 2793 851 sic
2825 797 3134 853 nominatus
3161 796 3306 855 Deus

1725 893 2024 958 Abraham,
2051 901 2105 946 et
2141 891 2282 944 Deus
2327 891 2496 957 Isaac,
2524 901 2576 946 et
2627 893 2768 948 Deus
2813 891 2981 948 Jacob
3003 893 3068 957 ⁸⁸,
3104 906 3306 962 quanto

1729 983 1903 1052 magis
1943 983 2180 1052 Spiritus
2210 994 2442 1038 sanctus
2475 983 2765 1038 familiaris
2796 985 2969 1039 factus
3001 986 3303 1056 prophetis,

1727 1077 1952 1144 spiritus
1982 1076 2224 1145 ipsorum
2258 1076 2444 1129 haberi
2484 1077 2706 1146 poterit,
2736 1089 2794 1131 ut
2835 1079 2979 1133 hunc
3004 1080 3056 1132 in
3087 1081 3303 1132 modum

1727 1169 1958 1239 spiritus
2010 1169 2248 1233 dicatur,
2287 1170 2513 1238 spiritus
2559 1170 2714 1234 Elite,
2742 1180 2798 1226 et
2836 1172 3060 1241 spiritus
3112 1171 3306 1225 lsaize?

1730 1262 1994 1330 Dicetque
2046 1261 2135 1316 hic
2188 1261 2303 1329 ipse
2345 1261 2776 1327 ecclesiasticus,
2808 1265 3046 1332 potuisse
3087 1262 3306 1332 quidem

1727 1369 1822 1408 eos
1850 1353 1942 1423 qui
1971 1354 2230 1424 suspicati
2264 1354 2495 1410 fuissent
2520 1354 2710 1427 [unum
2743 1356 3054 1427 solumque]
3082 1358 3310 1425 prophe-

1731 1452 1909 1498 tarum
1945 1458 2068 1498 esse
2103 1442 2288 1499 Jesum
2336 1461 2367 1499 e
2418 1447 2652 1500 mortuis
2705 1449 3084 1502 resuscitatum
3110 1449 3179 1512 ³³,
3213 1448 3307 1501 de-

1729 1536 1857 1605 cipi,
1888 1545 1999 1589 tum
2031 1551 2098 1590 ex
2133 1535 2395 1606 prazdicto
2430 1537 2700 1606 dogmate,
2729 1548 2840 1592 tum
2889 1554 2955 1592 ex
2995 1539 3306 1608 suspicione

1730 1628 1874 1699 quod
1924 1630 2038 1698 ipse
2086 1644 2225 1682 unus
2271 1643 2337 1682 ex
2390 1629 2670 1698 prophetis
2722 1641 2903 1695 esset;
2940 1634 3035 1685 sed
3082 1640 3309 1700 praeter-

1732 1737 1900 1791 quam
1946 1722 2086 1790 quod
2118 1720 2498 1774 existimarent
2534 1736 2657 1775 eum
2693 1739 2859 1775 ttnum
2905 1738 2969 1777 ex
3025 1723 3307 1792 prophetis

1734 1827 1879 1874 esse,
1931 1821 2097 1881 atque
2145 1826 2211 1865 ex
2253 1812 2630 1865 monumentis
2679 1813 3064 1866 resuscitatum
3115 1811 3304 1877 fuisse,

1733 1903 1838 1957 labi
1865 1919 1960 1958 eos
1982 1903 2170 1965 etiam,
2211 1912 2263 1955 et
2299 1900 2431 1955 falsa
2462 1901 2675 1969 opinari
2714 1903 2977 1970 potuisse,
3009 1903 3309 1972 ignorando

1730 1996 1980 2066 quisnam
2039 2003 2196 2064 pater
2248 1993 2420 2062 ipsius
2475 1993 2753 2048 diceretur
2798 2003 2853 2049 et
2899 2010 3145 2064 quaenam
3191 1997 3309 2067 ejus

1728 2098 1875 2146 esset
1905 2099 2096 2145 mater.
2130 2086 2211 2141 Ad
2243 2085 2372 2140 illud
2419 2086 2580 2142 etiam
2614 2086 2755 2154 quod
2790 2097 2872 2140 est
2907 2087 2958 2140 in
3001 2085 3198 2142 Genesi
3234 2091 3302 2144 de

1729 2195 1862 2236 voce
1886 2180 2322 2244 resurrectionis,
2349 2188 2605 2234 occurret
2629 2179 3032 2234 ecclesiasticus
3055 2190 3210 2234 utens
3239 2196 3305 2235 eo

1732 2275 2040 2331 testimonio
2061 2274 2140 2326 ’°:
2172 2291 2190 2325 ι
2229 2271 2593 2328 Resuscitavit
2625 2273 2754 2327 mihi
2782 2289 2964 2328 semen
2994 2274 3138 2327 aliud
3168 2275 3308 2329 Deus

1729 2379 1828 2436 pro
1849 2362 2004 2428 Abel,
2032 2376 2192 2431 quem
2225 2363 2500 2418 interfecit
2535 2358 2691 2429 Cain,
2721 2383 2739 2416 ι
2773 2379 2905 2419 voce
2950 2367 3308 2420 resurrectio-

1732 2457 1818 2512 nis
1845 2457 2047 2526 posita,
2079 2457 2246 2510 etiam
2281 2455 2350 2510 de
2379 2455 2683 2511 nativitate.
2711 2456 2947 2511 Proinde
2983 2458 3069 2511 hic
3097 2459 3161 2524 ad
3193 2458 3304 2527 pri—

1732 2564 1873 2604 mam
1912 2548 2304 2604 dubitationem
2335 2549 2439 2602 alio
2476 2551 2656 2613 modo,
2690 2566 2853 2619 quant
2894 2550 2937 2604 is
2977 2553 3066 2619 qui
3121 2553 3305 2620 suspi-

1731 2653 1888 2698 catur
1936 2641 2552 2712 transcorporationetn,
2611 2643 2940 2711 respondens
2987 2644 3154 2707 dicet,
3213 2659 3309 2712 per

1731 2749 1793 2789 ea
1823 2735 2060 2804 quidem,
2093 2750 2216 2805 qua:
2258 2749 2429 2804 nuper
2473 2735 2694 2803 probata
2741 2745 2887 2801 sunt,
2914 2733 3176 2790 Joannem
3219 2750 3311 2792 ra-

1734 2829 1881 2884 tione
1919 2828 2154 2898 quadam
2204 2827 2377 2881 Eliam
2425 2842 2546 2883 esse
2592 2838 2912 2890 venturum,
2961 2830 3308 2898 respondisse

1731 2933 1862 2974 vero
1893 2917 2276 2973 sacerdotibus
2305 2932 2368 2972 ac
2416 2916 2638 2981 Levitis,
2679 2935 2696 2968 ι
2737 2915 2854 2970 Νοιι
2888 2931 3004 2970 sum
3027 2918 3096 2980 θ’,
3125 2936 3144 2970 ›
3180 2933 3310 2970 con-

1727 3012 2024 3083 jectantem
2058 3009 2503 3080 interrogationis
2535 3009 2779 3076 ipsorum
2810 3009 3165 3062 voluntatem.
3197 3007 3310 3063 Nec

1731 3105 1875 3161 enim
1904 3103 2221 3160 intendebat
2268 3104 2384 3157 haec
2427 3101 2704 3172 inquisitio
2736 3103 2908 3172 prima
2935 3100 3127 3156 Juauni
3167 3102 3306 3156 facta

63 3193 227 3259 ίτασις
253 3195 336 3268 τῷ
377 3197 600 3270 Ἰωάννῃ
629 3199 738 3252 ἀπὸ
769 3198 878 3253 τῶν
923 3198 1112 3269 ἱερέων
1142 3199 1237 3254 καὶ
1261 3198 1520 3265 Λευῖτῶν,
1568 3199 1628 3253 τὺ

1736 3212 1764 3252 a
1793 3197 2171 3253 sacerdotibus
2195 3205 2249 3252 et
2283 3194 2506 3261 Levitis,
2541 3204 2594 3250 ιιι
2617 3195 2890 3250 discerent
2917 3210 2981 3248 an
3018 3195 3160 3248 idem
3193 3195 3305 3262 spi-

66 3286 234 3352 μαθεῖν
261 3291 310 3341 εξ
336 3289 402 3342 τὸ
435 3289 566 3342 αύτὺ
594 3288 811 3361 πνεῦμα
847 3292 903 3344 ἐν
937 3291 1267 3363 ἀμφοτέροις
1309 3291 1626 3363 ἐτύγχανεν,

65 3376 160 3429 ἀλλ’
188 3381 236 3432 εί
261 3383 289 3433 6
329 3381 589 3452 Ἰωάννης
633 3383 795 3447 αὐτὸς
838 3382 1026 3447 Ἠλίας
1068 3385 1098 3435 6
1141 3383 1489 3456 ἀναληφθεὶς,
1532 3383 1629 3440 νῦν

64 3470 464 3541 ἐπιςαινόμενος
521 3474 665 3527 κατά
721 3473 780 3526 τὸ
846 3475 1122 3540 Ἰουδαίοις
1181 3474 1628 3548 προσδοκώμενον

65 3563 212 3632 χωρὶς
241 3563 538 3632 γενέσεως,
568 3565 635 3636 ἢν
663 3567 806 3636 τάχα
837 3567 932 3620 καὶ
964 3568 1195 3636 ἠγνόουν
1228 3571 1277 3622 oi
1308 3569 1416 3624 ἀπὸ
1465 3571 1627 3640 Ἰερο-

66 3653 292 3724 σολύμων
354 3656 789 3724 ἀποσταλέντεςο
845 3659 983 3732 πρὸς
1039 3661 1106 3731 ἢν
1155 3659 1348 3716 πεῦσιν
1399 3662 1627 3727 εἰκότως

66 3745 402 3818 ἀποκρίνεται
452 3753 539 3810 τὸ,
603 3767 624 3801 t
675 3751 788 3806 Οὐκ
838 3753 990 3823 εἰμὶ,
1047 3772 1066 3804 ι
1119 3752 1178 3805 ού
1218 3751 1328 3823 γὰρ
1383 3752 1569 3816 Ἠλίας
1601 3753 1629 3806 6

66 3836 375 3907 ἀναληφθεὶς
405 3840 644 3911 ἀμείψας
674 3842 833 3914 σῶμα
871 3843 1118 3914 ἐληλύθει
1148 3846 1177 3896 6
1225 3843 1479 3915 Ἰωάννης
1512 3845 1630 3900 ὀνο-

69 3929 372 4002 μαζόμενος.
436 3934 493 3987 Ὀ
529 3934 587 3987 δέ
635 3934 866 4007 πρῶτος,
912 3930 972 3991 οὗ
1013 3936 1107 3989 τὸν
1152 3935 1276 3990 νοῦν
1315 3937 1630 4008 παρεθήκα-

69 4038 168 4086 μεν,
198 4023 452 4094 οἰομένου
486 4027 974 4097 μετενσωμάτωσιν
1009 4025 1254 4080 ἐντεῦθεν
1287 4028 1628 4082 κατασκευά-

69 4111 253 4177 ζεσθαι,
287 4116 726 4188 προσδιατρίϐοιν
754 4121 820 4188 τῇ
855 4119 1074 4190 βασάνῳ
1109 4120 1209 4189 τῆς
1248 4120 1466 4184 λέξεως,
1515 4120 1632 4192 ἐρεῖ

70 4207 184 4277 πρὸς
212 4210 304 4262 τὸν
345 4209 623 4282 δεύτερον,
661 4211 742 4264 ὅτι
784 4212 883 4264 οὐκ
925 4213 1214 4267 ἀκόλουθον
1247 4215 1341 4267 τὸν
1383 4213 1631 4284 τηλικού-

67 4312 145 4349 του
190 4300 380 4372 ἱερέως
437 4302 708 4373 Ζαχαρίου
757 4303 871 4356 υἱὸν
914 4305 1009 4357 ἐπ)⁸
1065 4307 1212 4378 γήρᾳ⁸
1251 4293 1631 4377 ’γεγενημένον

68 4389 376 4462 ἀμφοτέροις
399 4393 617 4459 γονεῦσι
640 4393 791 4465 παρά
821 4395 1001 4448 πᾶσαν
1033 4394 1379 4467 ἀνθρωπίνην
1406 4396 1631 4467 προσδο-

69 4480 174 4532 κίαν
201 4483 514 4552 ἀγνοεῖσθαι
563 4485 668 4538 ὑπὸ
695 4485 803 4539 τῶν
841 4485 1112 4540 τοσούτων
1144 4488 1201 4539 ἐν
1239 4487 1631 4558 Ἰεροσολύμοις

1735 3291 1874 3346 ritus
1921 3289 1976 3344 in
2023 3297 2257 3358 utroque
2288 3297 2469 3354 esset;
2505 3287 2599 3343 sed
2647 3303 2714 3341 an
2761 3286 3002 3342 Joannes
3045 3297 3189 3342 esset
3220 3287 3310 3342 ille

1734 3381 1847 3450 ipse
1888 3380 2034 3436 Elias
2081 3381 2172 3451 qui
2222 3390 2533 3450 assumptus
2576 3377 2780 3446 fuerat,
2828 3397 2973 3434 nunc
3015 3395 3307 3450 apparens,

1723 3469 1877 3540 juxta
1907 3469 2216 3528 Jttdaaorum
2240 3471 2950 3542 exspectationem,absmte
2975 3483 3119 3540 ortu,
3148 3487 3309 3542 quem

1730 3564 1962 3619 fortasse
2008 3564 2174 3620 etiam
2235 3564 2585 3632 ignorabant,
2629 3564 2722 3633 qui
2774 3563 2926 3618 missi
2973 3564 3196 3619 fuerunt
3241 3565 3312 3617 ab

1731 3656 2160 3730 Hierosolymis;
2218 3657 2284 3710 ad
2353 3671 2517 3726 quam
2589 3656 3066 3726 interrogationem
3117 3658 3312 3712 merito

1732 3751 2060 3820 respondet:
2095 3769 2113 3803 ι
2161 3748 2275 3804 Non
2337 3765 2498 3814 sum;
2537 3767 2556 3800 ι
2599 3762 2776 3817 neque
2828 3751 2974 3803 enim
3023 3749 3171 3804 Elias
3220 3751 3312 3805 ille

1731 3859 1948 3900 sursum
1979 3852 2230 3913 receptus
2279 3843 2648 3896 alternaverat
2687 3855 2906 3909 corpus,
2936 3841 3115 3912 dictus
3139 3841 3309 3897 Joan-

1729 3951 1848 3993 nes.
1881 3937 1954 3990 At
2005 3946 2196 3990 contra
2255 3933 2466 4004 primus
2515 3932 2624 3998 ille,
2674 3933 2844 4002 cujus-
2883 3947 3104 3987 sensum
3149 3932 3312 4006 114

1730 4028 2116 4100 proposuimus
2153 4025 2521 4081 existimantis
2558 4023 3149 4094 transcorporationem
3182 4024 3310 4077 hinc

1732 4121 1925 4185 astrui,
1969 4120 2269 4175 immorans
2307 4117 2362 4172 in
2405 4119 2813 4172 examinatione
2857 4117 3135 4184 dictionis,
3164 4117 3310 4172 dicet

1732 4217 1798 4270 ad
1835 4215 2062 4270 alterum
2095 4213 2318 4266 minime
2363 4227 2700 4282 consequens
2723 4227 2843 4266 esse
2867 4210 3149 4264 Zachariae
3173 4210 3308 4265 tanti

1733 4306 2035 4363 sacerdotis
2070 4304 2236 4358 filium
2263 4305 2315 4358 in
2346 4314 2628 4358 senectute
2661 4304 2910 4371 utrisqtte
2935 4302 3179 4371 genitum
3207 4317 3310 4370 pa-

1734 4400 2004 4464 rentibus,
2028 4407 2227 4469 praeter
2249 4412 2465 4451 omnem
2501 4397 2794 4449 humanam
2822 4393 3310 4462 exspectationem,

1736 4490 1977 4562 ignorari
2011 4504 2040 4543 a
2073 4499 2149 4544 tot
2170 4487 2376 4546 Jttdaeis
2399 4487 2493 4556 qui
2526 4498 2685 4541 erant
2714 4485 3128 4556 l-lierosolytnaa,
3154 4497 3210 4540 et
3242 4486 3312 4542 ab

79 4570 345 4635 Ἰουδαίων,
383 4576 478 4629 καὶ
509 4576 619 4628 τῶν
652 4576 1008 4648 πεμφθέντων
1057 4579 1148 4631 ὑπ’
1183 4578 1359 4632 αὐτῶν
1392 4579 1628 4633 Λευῖτῶν

1741 4586 1807 4638 iis
1835 4583 1929 4652 qui
1968 4580 2118 4636 missi
2159 4579 2380 4633 fuerunt
2417 4579 2480 4632 ab
2515 4578 2648 4649 ipsis
2690 4577 2898 4634 Levitis
2928 4591 2982 4631 et
3012 4577 3312 4632 sacerdoti-

71 4661 147 4712 καὶ
193 4664 405 4734 ἱερέων,
447 4666 507 4718 ού
553 4667 932 4734 γινωσκόντων
974 4669 1036 4722 τὸ
1083 4671 1408 4741 γεγενῆσθαι
1449 4672 1630 4736 αὑτὸν,

71 4753 146 4802 xz".
173 4754 408 4821 μάλιστα
435 4757 621 4808 Δουκᾶ
652 4757 1072 4830 μαρτυροῦντος,
1106 4760 1188 4812 ὅτι
1229 4777 1247 4810 ι
1293 4759 1508 4828 ἐγένετο
1542 4762 1634 4815 ἐπὶ⁵

72 4844 250 4907 πάντας
279 4846 447 4913 τρόόος
479 4849 607 4911 τοὺς
635 4849 1044 4919 περιοικοῦντας
1075 4849 1272 4914 αύτούς
1304 4870 1322 4902 ι
1350 4851 1523 4921 (δῆλον
1555 4851 1631 4914 δὲ,

73 4934 136 4986 ὅτι
157 4937 240 4990 τὸν
262 4937 544 5009 Ζαχαρίαν
569 4939 666 4992 καὶ
704 4939 800 5011 τὴν
837 4940 1161 5011 Ἐλισάῦετ),
1196 4961 1214 4992 ι
1239 4943 1332 4996 καὶ
1363 4943 1420 4994 ἐν
1445 4943 1538 5013 ὅλῃ
1565 4946 1631 5014 τῇ

72 5027 225 5101 ὀρεινῇ
272 5032 373 5102 τῆς
441 5032 700 5096 Ἰουδαίας
752 5033 1044 5088 διελαλεῖτο
1081 5035 1259 5087 πάντα
1297 5035 1367 5088 τὰ
1410 5037 1630 5107 ῥήματα

73 5123 235 5177 ταῦτα.
279 5145 298 5176 ι
335 5125 400 5178 Εἰ
438 5125 494 5179 δὲ
523 5128 624 5180 ούκ
660 5129 906 5197 ἠγνοεῖτο
943 5129 975 5198 ἡ
1011 5129 1075 5181 ἐκ
1113 5129 1383 5199 Ζαχαρίου
1417 5129 1630 5196 γένεσις

84 5213 323 5281 Ἰωάννου,
362 5217 612 5289 ἔπεμπον
646 5220 703 5272 δὲ
733 5221 783 5271 οἱ
811 5220 919 5273 ἀπὸ
957 5220 1342 5290 Ἰεροσολύμων
1389 5222 1629 5275 Ἰουδαῖοι

73 5305 146 5358 διὰ
179 5307 278 5364 τῶν
308 5311 551 5364 Λευῖτῶν
606 5313 703 5365 καὶ
757 5312 944 5384 ἱερέων
992 5313 1315 5382 πευσόμενοι
1357 5315 1446 5378 τὸ,
1493 5333 1508 5365 t
1557 5314 1628 5367 Σὺ

86 5396 242 5464 Ἠλίας
267 5399 351 5469 ei;
395 5423 413 5454 ι
446 5403 626 5474 δῆλον,
657 5405 739 5457 ὅτι
768 5404 926 5458 τοῦτο
958 5405 1141 5474 ἔλεγον
1176 5405 1237 5457 τὸ
1277 5405 1404 5476 περὶ
1441 5423 1630 5476 μετεν-

79 5494 428 5562 σωματώσεως
459 5496 638 5567 δόγμα
676 5497 913 5568 οἰόμενοι
956 5493 1092 5552 εἶναι
1144 5497 1362 5566 ἀληθὲς,
1410 5498 1486 5562 ὡς
1519 5499 1625 5552 πά-

78 5597 199 5651 τρων
219 5589 502 5658 τυγχάνον,
549 5591 645 5644 καὶ
689 5591 789 5644 οὐκ
819 5587 1111 5660 ’ἀλλότριον
1145 5591 1242 5661 τῆς
1286 5591 1344 5643 ἐν
1391 5592 1630 5663 ἀπορρή-

79 5689 168 5738 τοις
197 5677 540 5744 διδασκαλίας
585 5681 786 5736 αὐτῶν.
821 5682 919 5736 Διά
954 5683 1112 5736 τοῦτο
1141 5678 1232 5736 οῦν
1263 5683 1430 5752 λέγει,
1467 5704 1484 5735 t
1517 5687 1628 5740 Οὔκ

133 5797 170 5827 ³³
202 5799 384 5856 Matth.
418 5819 498 5868 ιι,
529 5803 616 5857 η.
724 5804 780 5875 ⁸⁸,
801 5805 968 5861 Exod.
1009 5821 1091 5869 ιιι,
1119 5806 1173 5866 6.
1207 5806 1429 5868 15,16;
1470 5823 1542 5875 tv,
1567 5809 1620 5864 5.

82 5865 307 5940 "039.1,
339 5865 492 5929 vers;
509 5875 599 5930 65.
675 5875 720 5907 ⁸³
748 5873 878 5932 ibid.
957 5876 1003 5909 "*
1027 5865 1182 5934 Joau.
1210 5894 1252 5944 ι,
1282 5865 1362 5946 i9,
1394 5865 1484 5933 “ll.

1732 4675 1833 4728 bus
1873 4671 2244 4726 nescientibus
2285 4669 2461 4736 ipsum
2505 4677 2690 4720 nattttn
2751 4667 2942 4728 fuisse,
2970 4676 3022 4716 et
3071 4662 3306 4716 maxime

1731 4765 2057 4819 testilicante
2086 4759 2232 4813 Luca
2275 4760 2320 4790 ⁸³
2353 4761 2600 4814 timorem
2637 4758 2906 4826 ingruisse
2941 4778 2956 4806 ι
2997 4767 3158 4819 super
3187 4767 3306 4802 out--

1731 4870 1830 4910 nes
1868 4853 2074 4907 vicinos
2124 4864 2332 4914 eorum,
2361 4847 2614 4916 r(ncmpe
2655 4844 2934 4900 Zacharia:
2965 4853 3019 4896 et
3057 4840 3298 4894 Elisabe-

1735 4945 1883 5018 thw),
1933 4964 1951 4997 ι
1996 4944 2235 5012 etquod
2272 4943 2326 4995 in
2367 4949 2476 4993 tota
2520 4952 2776 4994 montana
2822 4935 3021 4988 Judteae
3071 4931 3310 4997 divulga-

1735 5039 1936 5094 bantur
1961 5038 2142 5090 omnia
2182 5035 2345 5088 verba
2383 5031 2576 5086 lucc”.
2599 5049 2616 5081 ν
2653 5028 2804 5094 Quod
2832 5027 2874 5079 si
2904 5034 3058 5078 ortus
3078 5020 3306 5078 Joannis

1733 5144 1796 5184 ex
1850 5127 2112 5181 Zacharia
2160 5142 2266 5178 non
2305 5124 2679 5194 ignorabatur,
2722 5118 3093 5185 miserantque
3136 5113 3308 5168 Judaei

1735 5226 1803 5280 ab
1840 5219 2232 5290 Hierosolymis
2257 5233 2351 5287 per
2385 5216 2607 5270 Levitas
2656 5223 2712 5267 et
2738 5210 3052 5266 sacerdotes
3086 5210 3313 5263 interro-

1736 5313 1934 5386 gaturi,
1967 5331 1985 5365 ι
2029 5313 2177 5365 Elias
2220 5325 2279 5364 es
2327 5317 2382 5362 tu
2400 5307 2477 5360 9‘?
2507 5325 2526 5359 ι
2559 5306 2903 5375 perspicuum
2945 5311 3030 5356 est
3073 5301 3177 5354 hoc
3217 5313 3313 5353 eos

1735 5409 1957 5472 dixisse,
1983 5419 2171 5461 verum
2207 5409 2461 5472 putantes
2508 5415 2629 5453 esse
2655 5400 2847 5466 dogma
2869 5397 2935 5450 de
2961 5406 3312 5460 transcorpo-

1736 5500 1967 5565 ratione,
1997 5493 2188 5571 [quod]
2213 5509 2312 5548 ceu
2351 5492 2587 5561 patrium
2626 5500 2769 5545 esset
2819 5489 3084 5558 ipsorum,
3116 5494 3170 5539 et
3203 5497 3310 5537 non

1737 5593 1977 5647 alienum
2015 5589 2083 5642 ab
2115 5600 2314 5643 arcana
2363 5583 2608 5638 doctrina
2638 5597 2757 5652 qua:
2791 5582 2932 5651 apud
2964 5580 3106 5648 ipsos
3138 5574 3314 5628 tradi-

1740 5696 1858 5750 tur;
1891 5682 2157 5751 addetqne
2188 5680 2353 5733 etiam
2394 5680 2539 5733 hanc
2583 5678 2651 5732 ob
2693 5691 2913 5730 causam
2945 5671 3206 5726 Joannem
3238 5667 3316 5722 di-

1735 5810 1780 5842 ”
1815 5807 1945 5862 Luc.
1985 5820 2055 5866 ιχ,
2101 5801 2189 5856 19.
2303 5800 2348 5832 ⁹⁰
2374 5799 2508 5856 Gen.
2560 5814 2633 5865 tv,
2657 5797 2749 5852 25.
2853 5795 2896 5828 "
2937 5791 3094 5848 Joan.
3139 5806 3178 5858 ι,
3219 5788 3312 5846 21.
