3866 6542
500 405 608 460 2‘25

1961 381 2288 442 ORIGENIS

3669 360 3764 417 2ἓὸ

503 535 654 581 cere,
686 517 800 573 Non
833 530 952 571 sum
987 514 1155 576 Elias,
1183 511 1325 582 quod
1359 512 1637 581 ignoraret
1668 507 1938 579 quodnam
1967 505 2089 559 vita:
2119 549 2126 562 ι

2228 499 2304 568 ῐμὶ
2335 495 2543 558 Ἠλίας,
2585 513 2601 544 ι
2633 494 2661 546 ὁ
2688 491 2964 558 Ἰωάννης,
2995 485 3122 542 ἐπεὶ
3161 484 3348 554 ἀγνοεῖ
3375 481 3466 535 τὸν
3497 478 3626 532 ἴδιον
3650 484 3770 550 πρό-

508 627 682 685 genus
708 619 835 665 ante
863 607 1243 677 transegissct.
1275 603 1372 658 llis
1397 603 1564 673 igitur
1599 617 1704 655 non
1734 608 2090 655 contemnen-

509 708 639 762 dam
679 700 1123 775 probabilitatem
1174 695 1521 758 habentibus,
1558 707 1773 747 rursum
1826 688 2093 746 ecclesia-

510 797 685 855 Sticus
713 793 987 851 dubitabit
1013 800 1202 847 contra
1229 790 1379 843 illum
1405 787 1667 856 priorem,
1701 799 1768 836 an
1801 781 1947 836 illius
1967 796 2095 850 pro-

513 893 692 960 phetae
722 889 794 944 sit
821 887 915 958 qui
955 901 984 940 a
1027 885 1238 954 Spiritu
1277 882 1641 944 illuminatur,
1672 878 1764 947 qui
1797 876 1865 930 ab
1895 875 2096 930 Isaia"

513 984 894 1055 prophetatur,
926 980 1017 1050 qui
1047 995 1076 1032 a
1112 977 1204 1032 tali
1239 985 1499 1044 tantoque
1528 973 1745 1042 angelo,
1779 971 2096 1042 priusquam

515 1085 855 1136 nasceretur,
895 1069 1216 1141 praedicitur
1264 1066 1650 1136 pariendus“,
1678 1065 1768 1134 qui
1806 1079 1872 1118 ex
1917 1062 2098 1133 pleni-

518 1168 709 1224 tudine
756 1165 958 1221 Cbristi
1014 1160 1244 1230 accepit,
1281 1159 1370 1228 qui
1414 1159 1643 1227 gratiam
1680 1155 1841 1211 talem
1890 1170 1952 1209 ac
1983 1164 2104 1208 tan-

517 1271 628 1314 tam
659 1256 1023 1327 participavit,
1055 1253 1146 1323 qui
1170 1250 1438 1307 intellexit
1465 1251 1748 1305 veritatem
1783 1263 1882 1317 per
1914 1247 2100 1304 Jesum

518 1353 799 1409 Christum
833 1349 1035 1403 factam
1084 1347 1272 1408 fuisse,
1311 1344 1402 1413 qui
1433 1343 1561 1397 talia
1603 1357 1664 1396 ac
1697 1351 1844 1396 tanta
1874 1341 1941 1396 de
1969 1340 2102 1403 Deo,

518 1460 583 1500 a'c
612 1447 678 1499 de
709 1443 824 1513 ejus
852 1440 1142 1511 Unigenito
1172 1438 1285 1502 illo,
1333 1437 1423 1505 qui
1460 1435 1525 1490 ad
1564 1435 1740 1489 sinum
1791 1433 1968 1487 Patris
1997 1443 2103 1497 est,

519 1534 890 1598 enarravit",
938 1531 1183 1596 mentiri,
1237 1536 1404 1598 atque
1463 1527 1627 1583 etiam
1689 1525 1962 1591 haesitare,
1996 1540 2104 1579 non

522 1634 912 1700 agnoscentem
956 1623 1103 1694 quod
1152 1629 1293 1677 erat.
1338 1619 1642 1689 Oportebat
1670 1616 1816 1671 enim
1845 1617 1912 1671 de
1944 1615 2107 1672 rebus

522 1719 933 1776 obscurioribus
970 1714 1342 1770 assensionem
1379 1710 1652 1774 inhibere,
1696 1723 1873 1778 neque
1900 1721 2102 1763 conce-

525 1815 728 1877 dendo,
789 1825 966 1879 neque
1024 1806 1260 1862 tollendo
1317 1803 1765 1876 propositionem.
1824 1801 2107 1868 Quomodo

525 1916 711 1959 autem
745 1902 939 1957 rationi
971 1909 1400 1956 consentaneum
1427 1912 1530 1951 non
1557 1904 1700 1960 erat,
1729 1895 1772 1949 si
1816 1893 2109 1947 multorum

2228 1879 2458 1948 ιπισχεῖν
2492 1873 2582 1927 τὸν

499 2008 645 2053 'tum
682 1996 944 2067 temporis
976 1994 1170 2063 dogma
1190 1991 1294 2046 hoc
1319 1991 1534 2055 fuisset,
1567 1997 1625 2043 ut
1657 1988 1930 2044 dubitaret
1956 1984 2116 2040 Joan-

528 2105 627 2145 nes
658 2089 723 2145 de
757 2088 958 2158 seipso,
991 2100 1118 2139 num
1149 2085 1369 2153 qttando
1396 2081 1579 2136 anima
1605 2096 1702 2137 sua
1746 2081 1801 2135 in
1847 2080 1959 2135 Elia
2002 2078 2112 2134 fue-

528 2181 640 2238 rit?
691 2182 832 2249 Quin
877 2180 943 2235 ad
995 2178 1282 2234 historiam
1340 2175 1660 2246 provocabit
1705 2172 2116 2229 ecclesiasticus

529 2275 681 2331 illum
717 2275 965 2344 priorem
995 2272 1306 2325 auditurum
1340 2270 1407 2324 ab
1455 2267 1561 2332 bis,
1594 2267 1686 2338 qui
1719 2281 1777 2322 se
1815 2267 1959 2322 scire
1989 2281 2116 2337 pro-

534 2366 758 2420 ﬁtentur
801 2378 923 2432 qua).
966 2362 1108 2430 apud
1146 2360 1406 2416 Hebraeos
1436 2373 1638 2413 arcana
1689 2366 1836 2424 sunt,
1858 2357 1938 2430 [et
1961 2357 2115 2414 evul-

535 2472 667 2528 gare
704 2457 778 2514 sit
809 2451 1008 2524 nefas.]
1045 2469 1170 2506 num
1207 2453 1398 2523 dogma
1444 2449 1660 2520 aliquod
1709 2449 2016 2519 huiusmodi
2046 2450 2119 2506 sit

533 2548 676 2619 apud
704 2548 881 2617 ipsos;
916 2560 1038 2600 nam
1065 2544 1109 2600 si
1131 2543 1279 2598 nullo
1300 2543 1418 2597 loco
1449 2551 1727 2612 appareat,
1756 2543 1861 2598 hoc
1892 2542 2036 2598 hunc
2065 2547 2116 2597 in

535 2641 755 2696 modum
797 2654 855 2694 se
899 2639 1120 2704 habere,
1177 2637 1527 2706 perspicuum
1573 2644 1661 2691 est
1718 2634 1864 2689 illius
1913 2635 2119 2705 prioris

534 2734 805 2789 rationem
867 2733 1185 2802 dissipatam
1231 2743 1371 2790 esse.
1425 2731 1790 2799 Quamobrem
1844 2727 2122 2786 nihilomi-

536 2841 642 2882 nus
703 2824 1111 2881 ecclesiasticus
1191 2823 1466 2880 solutione
1523 2831 1709 2878 utetur
1774 2836 1941 2892 quam
1996 2829 2125 2878 ante

535 2919 953 2992 explicavimus,
1004 2919 1181 2974 adhuc
1253 2919 1421 2974 etiam
1477 2917 1594 2989 ipse
1653 2915 1990 2973 voluntatem
2040 2915 2124 2970 in-

539 3013 936 3081 terrogantium
995 3013 1225 3084 produci
1259 3013 1311 3066 in
1365 3010 1602 3066 medium
1651 3010 1956 3080 postulans.
1986 3007 2122 3064 Nam

535 3103 584 3156 si
625 3101 699 3156 illi
757 3101 848 3172 qui
914 3101 1181 3157 miserunt
1222 3101 1424 3162 sciunt,
1478 3107 1537 3152 ut
1572 3099 1822 3168 probavi,
1880 3097 2123 3168 genitum

536 3209 608 3250 ex
666 3193 934 3249 Zacharia
983 3202 1040 3249 et
1083 3192 1360 3248 Elisabcth
1414 3189 1681 3247 Joannem
1728 3188 1918 3256 fuisse,
1964 3197 2126 3260 atque

2228 3177 2536 3252 παράδοξος
2567 3172 2842 3236 εὐπαιδία,

539 3286 706 3342 etiam
767 3285 939 3341 multo
986 3283 1162 3354 magis
1211 3284 1249 3338 ii
1291 3284 1382 3352 qui
1447 3281 1600 3338 missi
1660 3281 1904 3346 fuerant,
1925 3295 1994 3336 ex
2032 3295 2126 3351 ge-

2238 3293 2260 3328 I
2289 3272 2365 3327 Σὺ
2405 3267 2590 3332 Ἠλίας
2622 3262 2704 3331 ei;
2754 3283 2773 3317 ι
2826 3260 3015 3328 ἄνδρες

542 3393 679 3434 nere
729 3393 854 3432 cum
911 3386 1095 3433 essent
1158 3373 1534 3442 sacerdotali,
1595 3373 1797 3444 quibus
1854 3371 1995 3429 clam
2048 3372 2136 3428 fu-

545 3478 667 3525 tura
713 3469 870 3540 115
905 3483 1012 3524 non
1041 3480 1161 3524 erat
1189 3469 1337 3524 clara
1361 3476 1526 3538 atque
1555 3465 1872 3522 admiranda
1916 3463 2135 3522 soboles

545 3557 825 3614 Zachariae
855 3560 1070 3628 cognati
1117 3568 1225 3612 tam
1259 3556 1508 3620 illustris,
1540 3556 1670 3626 quid
1700 3553 2016 3627 cogitarunt
2052 3554 2138 3608 in-

551 3658 924 3721 terrogantes,
959 3668 977 3702 ι
1018 3649 1089 3704 Es
1129 3657 1183 3702 tu
1230 3647 1377 3702 Elias
1404 3647 1450 3724 9⁸
1479 3647 1502 3701 ‘l
1535 3666 1554 3699 ι
1595 3647 1698 3701 viri
1751 3647 1843 3717 qui
1891 3645 2138 3717 legerant

550 3742 722 3798 Eliam
767 3743 821 3796 in
856 3740 1026 3796 cados
1065 3751 1343 3811 receptum
1379 3737 1568 3804 fuisse,
1615 3745 1672 3794 et
1709 3739 1801 3809 qui
1852 3746 2140 3807 exspecta-

550 3834 683 3889 bant
711 3835 1000 3900 adventum
1026 3832 1144 3902 ejus
1171 3833 1194 3886 ?
1230 3832 1505 3888 Fortassis
1533 3831 1697 3902 igitur
1724 3830 1983 3900 quoniam
2007 3845 2141 3886 con-

553 3926 935 3981 summationis
966 3937 1208 3995 tempore
1255 3924 1426 3979 Eliam
1473 3935 1601 3979 ante
1630 3924 1908 3980 Christum
1944 3935 2141 3992 exspe-

551 4031 725 4086 ctant,
761 4031 815 4075 et
866 4032 987 4090 post
1032 4019 1204 4074 Eliam
1255 4017 1556 4082 Christum,
1608 4016 1772 4071 veluti
1807 4016 2015 4087 tropice
2054 4014 2140 4069 in-

557 4124 841 4183 terrogare
872 4114 1122 4166 videntur
1168 4129 1181 4165 :
1221 4111 1357 4165 Num
1406 4119 1463 4163 tu
1511 4125 1571 4164 es
1626 4110 1714 4163 ille
1770 4110 2144 4180 prmnuntians

556 4214 843 4258 venturam
873 4211 997 4256 ante
1022 4201 1324 4266 Christum,
1349 4203 1839 4257 consummationis
1876 4211 2142 4270 tempore,

559 4296 996 4368 praedicationem
1041 4295 1164 4348 Ηιι
1213 4295 1458 4350 scienter
1512 4295 1578 4347 ad
1637 4295 1740 4348 hoc
1787 4293 2080 4364 respondet
2127 4308 2141 4344 :

565 4406 586 4443 ι
616 4389 730 4444 Non
764 4404 881 4442 sum
899 4387 1291 4453 99.».Pr1eterea
1325 4401 1454 4442 vero
1480 4385 1902 4450 ecclesiasticus,
1935 4386 2148 4440 instans

562 4485 631 4538 ad
666 4499 727 4537 ea
764 4497 884 4552 qua:
933 4481 1161 4551 inquirit
1190 4480 1349 4546 alter,
1379 4481 1473 4549 qui
1517 4480 1808 4535 ostendere
1839 4487 2012 4534 tenlat
2039 4495 2144 4534 non

2195 607 2351 659 τερον
2382 588 2514 658 βίον.
2550 584 2766 638 Τούτων
2807 582 2871 653 δὴ
2913 580 3014 634 οὐκ
3052 573 3533 648 εὐκαταφρόνητον
3568 571 3772 627 πιθανό-

2195 699 2334 754 τητα
2389 679 2622 752 ἑχόντων
2643 717 2658 742 ,
2715 675 2875 731 πάλιν
2912 676 2941 728 ὁ
3003 666 3456 742 ὲκκλησιαστικὸς
3517 665 3772 738 ἀπορήσει

2197 775 2335 847 πρὸς
2362 773 2458 825 τὸν
2487 770 2772 841 πρότερον,
2805 768 2853 820 εἱ
2886 765 3030 819 κατὰ
3047 763 3141 817 τὸν
3168 761 3455 833 προφήτην
3492 757 3642 812 ἐστὶν
3681 756 3774 811 ὑπὸ

2195 868 2292 926 τοῦ
2333 865 2649 937 Πνεύματος
2681 859 3066 930 φωτιζόμενον,
3107 856 3201 910 καὶ
3236 853 3341 908 ὑπὸ
3389 851 3616 905 Ἡσαΐου
3654 867 3772 920 προ-

2200 959 2589 1032 φητευόμενον,
2630 953 2736 1008 ὑπό
2768 969 2828 1004 τε
2867 948 3186 1021 τηλικούτου
3221 944 3314 999 τοῦ
3361 944 3619 1014 ἀγγέλου,
3659 941 3773 1012 πρὶν

2203 1051 2548 1123 γεννηθῆναι,
2575 1042 2936 1118 τεχθήσεσθαι
2974 1038 3394 1113 προειρημένον,
3432 1038 3499 1090 ὲκ
3527 1034 3624 1088 τοῦ
3654 1033 3776 1106 πλη-

2205 1146 2460 1221 ρώματος
2485 1136 2720 1213 Χριστοῦ
2745 1133 3023 1206 εἰληφότα,
3045 1130 3269 1202 χάριτος
3297 1127 3632 1201 τηλικαύτης
3663 1142 3776 1196 μετ-

2204 1216 2477 1307 εσχηκότα
2503 1271 2518 1296 ,
2567 1229 2667 1300 τὴν
2707 1226 2965 1299 ἀλήθειαν
2999 1221 3090 1277 διὰ
3140 1220 3315 1307 Ἰησοῦ
3358 1216 3779 1307 Χριστοῦκγεγεῖ

2204 1299 2400 1397 νῆσθαι
2429 1299 2742 1390 νενοηκότα,
2775 1314 2903 1385 περὶ
2925 1310 3060 1366 Θεοῦ
3090 1309 3186 1364 καὶ
3218 1306 3312 1361 τοῦ
3332 1299 3672 1373 Μονογενοῦς
3696 1300 3776 1353 τοῦ

2206 1390 2287 1483 εἱς
2315 1419 2403 1472 τὸν
2423 1415 2624 1469 κόλπον
2640 1409 2734 1463 τοῦ
2765 1405 2979 1476 Πατρὸς
3007 1400 3407 1474 διηγησάμενον
3434 1394 3508 1448 τὰ
3533 1390 3779 1455 τοσαῦτα,

2206 1513 2268 1566 τὸ
2281 1507 2604 1581 ψεύσασθαι,
2626 1503 2720 1556 καὶ
2735 1501 2871 1570 ὅπερ
2896 1493 2963 1568 ἦν
2979 1497 3078 1550 οὐκ
3103 1491 3380 1563 ἐγνωκότα
3399 1488 3503 1543 κᾶν
3527 1486 3779 1556 ἐπισχεῖν.

2221 1576 2420 1674 Ἐχρῆν
2439 1598 2547 1668 γὰρ
2581 1593 2711 1666 περὶ
2733 1589 2841 1644 τῶν
2889 1586 3228 1658 ἀδηλοτέρων
3250 1582 3474 1651 ἐπέχειν
3496 1576 3784 1648 ὁμολογεῖν,

2211 1669 2487 1767 καλ-*μήτε
2533 1687 2758 1750 τιθέναι,
2810 1683 2944 1756 μήτε
2987 1679 3163 1749 αἴρειν
3205 1675 3303 1747 τὴν
3343 1673 3631 1746 πρότασιν.
3672 1669 3782 1732 Πῶς

2209 1789 2268 1842 δὲ
2293 1761 2395 1840 οὐκ
2413 1761 2480 1855 ἦν
2502 1780 2746 1848 εὔλογον,
2771 1777 2820 1828 εί
2851 1769 3060 1827 πολλῶν
3089 1766 3249 1821 τοῦτο
3279 1765 3458 1836 δόγμα
3485 1761 3785 1830 ἐτύγχανεν,

2633 1868 2888 1937 Ἰωάννην
2936 1863 3064 1934 περὶ
3104 1858 3294 1924 αὐτοῦ,
3346 1858 3556 1928 μήποτε
3593 1857 3627 1924 ὴ
3659 1852 3789 1922 ψυχὴ

2217 1939 2382 2025 αὑτοῦ
2415 1979 2545 2018 ποτε
2569 1964 2626 2014 ὲν
2665 1955 2821 2027 Ἠλίᾳ
2847 1949 2952 2024 ἦν;
2999 1949 3112 2006 Καὶ
3148 1949 3243 2000 ἐπὶ
3274 1945 3370 2016 τὴν
3405 1941 3648 2013 ἱστορίαν
3683 1940 3737 1990 δὲ
3765 1939 3788 1988 ό

2218 2052 2672 2130 ὲκκλησιαστικὸς
2727 2046 3129 2120 προκαλέσεται
3172 2040 3263 2094 τὸν
3296 2036 3566 2108 πρότερον
3613 2031 3792 2085 πευσό-

2221 2124 2388 2226 μενον
2443 2147 2597 2221 παρὰ
2657 2144 2766 2200 τῶν
2833 2140 2902 2195 τὰ
2962 2136 3252 2208 ἀπόρρητα
3315 2127 3618 2199 ἐγνωκέναι
3676 2124 3790 2194 παρ’

2232 2217 2542 2318 ιΕδραίοις’
2571 2232 3096 2307 ἐπαγγελλομένων,
3147 2230 3197 2282 εί
3247 2223 3491 2279 τοιοῦτόν
3539 2237 3591 2273 τι
3636 2217 3798 2318 δόγὲ

2222 2306 2346 2398 ἐστί
2372 2338 2501 2410 παρ’
2540 2306 2758 2397 αὐτοῖς’
2792 2327 2887 2383 ἐὰν
2913 2325 3022 2398 γὰρ
3065 2317 3331 2396 μηδαμῶς
3371 2315 3632 2410 φαίνηται
3665 2306 3797 2410 τοῦθ’

2219 2436 2393 2500 οὕτως
2421 2401 2563 2503 ἔχον,
2589 2427 2768 2501 δῆλον,
2803 2424 2884 2477 ὅτι
2912 2417 3232 2472 ὲσκέδασται
3257 2415 3286 2467 ὁ
3312 2409 3406 2464 τοῦ
3431 2405 3703 2481 προτέρου
3725 2401 3800 2454 λό-

2220 2544 2318 2599 γος
2331 2499 2650 2598 (88)ξ”ούδὲν
2659 2517 2837 2572 τοίνυν
2852 2507 3013 2584 ἦττον
3035 2511 3063 2563 ὁ
3084 2500 3537 2576 ὲκκλησιαστικὸς
3555 2499 3800 2599 χρήσεται

2221 2589 2798 2696 τῇνπροαποδεδομένῃ
2833 2607 3005 2670 λύσει,
3049 2601 3130 2656 ἔτι
3153 2599 3248 2654 καὶ
3285 2595 3447 2656 αὐτὸς
3481 2592 3542 2647 τὺ
3571 2589 3801 2696 βούλημα

2223 2682 2332 2772 tibi)
2371 2682 2698 2782 πυθομένων
2750 2682 3105 2772 παραστῆσαι
3161 2687 3583 2759 ἀπαιτούμενος.
3617 2682 3803 2782 Είῌγὰρ

2223 2809 2300 2875 ὡς
2322 2777 2729 2863 κατεσκεύασαν
2744 2797 2853 2868 (89)
2868 2795 2916 2849 οἱ
2943 2789 3257 2864 πέμψαντες
3275 2785 3424 2840 ἴσασι
3441 2777 3802 2875 γεγενημένον

2322 2898 2592 2972 Ζαχαρίου
2614 2893 2712 2950 καὶ
2747 2864 3028 2947 Ἕλνισάὸετ
3067 2885 3160 2940 τὸν
3200 2879 3476 2950 Ἰωάννην,
3509 2875 3606 2972 καὶ
3637 2864 3802 2972 πολλῷ

2225 2994 2389 3051 πλέον
2401 2962 2461 3047 oi
2477 2962 2839 3061 ’πεμφθέντες
2864 2982 3054 3053 γένους
3081 2977 3234 3040 ὄντες
3267 2966 3579 3045 ἱερατικοῦ,
3605 2963 3697 3028 οὓς
3715 2962 3804 3061 οῦκ

2224 3085 2293 3144 ἃν
2320 3082 2509 3139 ἔλαθεν
2605 3055 2700 3134 τοῦ
2721 3075 2893 3140 οὕτως
2918 3067 3217 3141 ἐπιφανοῦς
3240 3061 3537 3134 συγγενοῦς
3554 3055 3802 3154 Ζαχαρίου

2889 3167 2941 3222 τί
2986 3165 3280 3236 νοήσαντες
3322 3154 3685 3210 πυνθάνονται
3726 3149 3800 3210 τὸ,

3064 3248 3437 3323 ἀνεγνωκότες
3504 3238 3810 3312 ἀνειλῆφθαι

2234 3364 2398 3421 αὐτὸν
2429 3362 2506 3426 ὡς
2540 3330 2620 3424 είς
2661 3330 2755 3412 τδν
2787 3351 3036 3425 οὐρανὸν,
3071 3348 3166 3404 καὶ
3199 3337 3615 3417 προσδοκῶντες
3641 3330 3808 3426 ἐπιδη-

2238 3459 2371 3531 μίαν
2427 3421 2634 3516 αύτοῦῖς
2697 3421 2868 3518 Τάχα⁷
2899 3437 2993 3497 οὖν
3047 3439 3172 3494 ἐπεὶ
3233 3433 3370 3508 πρὸς
3525 3421 3814 3531 ’συντελείᾳ

2237 3513 2629 3620 προσδοκῶσιν-
2667 3513 2853 3593 Ἠλίαν
2904 3533 3012 3606 πρὸ
3053 3527 3325 3603 Χριστοῦ,
3372 3522 3469 3576 καὶ
3521 3518 3616 3573 ἐπὶ
3646 3513 3814 3620 τούτῳ

2238 3637 2494 3713 Χριστὸν,
2525 3631 2690 3689 οἱονεὶ
2720 3625 3126 3702 τροπικὼτερον
3172 3617 3451 3690 φαίνονται
3491 3608 3810 3682 ἐρωτῶντες

2331 3730 2394 3784 σὺ
2417 3699 2523 3782 alio
2544 3699 3036 3798 προκαταγγέλλων
3065 3713 3156 3768 τὸν
3186 3708 3292 3782 πρὸ
3307 3701 3551 3797 Χριστοῦ
3581 3699 3672 3754 ἐπὶ
3703 3714 3814 3798 συν-

2239 3822 2423 3895 τελείᾳ
2476 3788 2830 3889 ἐλευσόμενον
2869 3811 3063 3880 λόγον;
3109 3804 3205 3859 καὶ
3256 3792 3646 3895 ἐπιστημόνως
3691 3788 3815 3895 πρὸς

2243 3884 2409 3970 τοῦτο’
2425 3884 2780 3982 ἀποκρίνεται
2802 3907 2884 3971 τὺ,
2915 3924 2934 3957 ι
2957 3903 3074 3958 Οὔκ
3101 3896 3232 3969 είμί.
3261 3913 3280 3946 ι
3317 3894 3442 3947 Ἔτι
3478 3891 3538 3982 δὲ
3571 3884 3821 3982 ό-ὲιξκλης

2247 4005 2545 4068 ϐιαστικός,
2577 3970 2880 4072 ,ἱστάμενος
2927 3994 3062 4064 πρὸς
3098 3990 3167 4044 τὰ
3212 3981 3563 4058 ἐξητασμένα
3602 3970 3819 4072 ύπδᾼτοῦ

2245 4099 2433 4169 ἑτέρου
2483 4067 2865 4148 ἀποδεικνύναι
2912 4082 3279 4157 πειρωμένου,
3317 4076 3393 4149 μὴ
3432 4075 3500 4169 ἂν
3545 4067 3812 4169 λεληθέναι

2245 4162 2370 4255 τοὺς
2404 4191 2566 4260 ἱερεῖς
2599 4185 2769 4248 οὕτως
2799 4179 3034 4250 ἐπιφανῆ
3055 4171 3430 4246 γεγενημένην
3449 4164 3551 4237 τὴν
3585 4162 3821 4217 Ἰωάννου

2246 4255 2469 4353 γένεσιν⁷
2495 4280 2583 4334 διὰ
2627 4279 2690 4332 τὸ
2739 4279 2795 4328 ὲν
2829 4277 2894 4345 τῇ
2941 4272 3125 4344 ὀρεινῇ
3159 4267 3258 4337 τῆς
3298 4262 3563 4324 ἰουδαίας
3592 4255 3826 4353 διαλελα-

2248 4375 2446 4448 λῆσθαι
2471 4373 2647 4427 πάντα
2671 4370 2742 4423 τὰ
2773 4369 2989 4440 ῥήματα
3013 4361 3208 4424 ταῦτα,
3239 4359 3404 4429 φήσει
3423 4355 3524 4425 τὴν
3553 4346 3830 4421 παραπλη-

2255 4470 2372 4524 σίαν
2406 4467 2621 4533 ἀπάτην
2658 4463 2870 4523 πολλοῖς
2903 4454 3186 4528 γεγονέναι
3225 4451 3319 4505 κα)⁴
3354 4447 3489 4519 περὶ
3520 4444 3612 4498 τοῦ
3648 4438 3824 4504 Σωτῆ-

564 4579 786 4634 Ialuisse
814 4580 1122 4633 sacerdotes
1146 4586 1322 4630 ortum
1365 4573 1589 4631 Joannis
1618 4577 1753 4631 adeo
1795 4573 2126 4630 manifestun

2256 4581 2345 4638 ρος
2364 4580 2377 4592 θ
2408 4562 2528 4615 ἐπεὶ
2568 4580 2584 4611 ι
2614 4560 2663 4613 οἱ
2700 4558 2797 4629 μὲν
2831 4555 3015 4620 ἔλεγον
3045 4549 3206 4601 αὑτὸν
3235 4544 3488 4611 Ἰωάννην
3510 4533 3830 4600 Βαπτιστὴνν

566 4672 784 4730 factum.
815 4686 878 4727 eo
908 4673 1052 4743 quod
1086 4672 1357 4741 divulgata
1388 4670 1591 4725 fuerint
1622 4668 1805 4723 omnia
1838 4669 2002 4722 verba
2031 4667 2144 4722 haec

567 4782 662 4838 per
703 4775 956 4819 rnonlana
997 4765 1193 4820 Judma:
1224 4767 1263 4827 ι,
1301 4763 1447 4818 dicet
1489 4762 1688 4816 multos
1742 4759 1906 4815 simili
1955 4771 2144 4812 errore

567 4863 820 4928 deceptos
850 4858 1013 4912 fuisse
1037 4859 1086 4911 in
1117 4858 1429 4922 Servatore,
1463 4854 1720 4924 quoniam
1755 4868 1773 4902 ι
1805 4851 1893 4904 alii
1925 4850 2143 4919 quidem

569 4949 826 5005 Joannem
891 4950 1186 5019 llaptistam
1221 4949 1419 5017 ipsum,
1457 4944 1546 4997 alii
1599 4951 1783 4995 autem
1829 4941 2021 5005 Eliam,
2053 4939 2144 4995 alii

573 5060 698 5097 vero
761 5043 1085 5109 Jeremiam,
1141 5055 1234 5098 aut
1287 5056 1453 5095 unum
1511 5037 1899 5108 prophetarum
1946 5054 1962 5085 ι
2000 5035 2150 5089 dice-

574 5150 693 5191 rent
716 5141 736 5170 ‘
771 5157 783 5191 :
811 5140 1264 5208 quemadmodum
1299 5145 1351 5190 ct
1378 5129 1626 5199 discipuli
1658 5129 2006 5198 interroganti
2042 5129 2149 5182 Do-

575 5231 722 5284 mino
749 5231 790 5296 ³,
840 5245 959 5284 cum
995 5233 1232 5284 venisset
1275 5229 1328 5282 in
1359 5231 1544 5294 partes
1577 5221 1842 5276 Caesarea:
1896 5219 2148 5288 Philippi,

575 5320 843 5374 dixerunt.
875 5321 1012 5388 Quin
1059 5319 1300 5375 Herodes
1325 5317 1547 5371 dicens:
1581 5329 1599 5360 ι
1645 5307 1816 5375 Quem
1846 5323 1947 5380 ego
1973 5308 2156 5362 decol-

579 5413 678 5467 lavi
717 5411 979 5469 Joannem
1006 5455 1021 5481 ,
1067 5414 1184 5482 ipse
1226 5408 1465 5464 surrexit
1495 5425 1523 5462 a
1561 5404 1792 5461 mortuis
1813 5403 1858 5472 ‘,
1889 5421 1909 5455 ι
1942 5401 2154 5456 videtur

647 5550 692 5580 ⁹³
723 5549 844 5603 lsai.
874 5565 963 5611 xc,
983 5547 1038 5601 '5.
1116 5544 1161 5575 ⁹⁶
1188 5544 1318 5597 Luc.
1354 5559 1392 5602 ι,
1433 5541 1518 5607 l3,
1552 5541 1621 5595 15
1659 5609 1671 5611 ᾼ
1724 5539 1767 5570 θτ
1797 5537 1954 5593 Joan.
1990 5550 2028 5600 ι,
2066 5535 2126 5588 16

2234 5574 2246 5588 .
2324 5535 2370 5568 ⁹⁸
2393 5532 2550 5588 Joan.
2588 5546 2625 5592 I,
2659 5527 2750 5581 2|.

894 5619 914 5648 ⁸
943 5609 1075 5673 ibid.
1101 5614 1189 5669 15.
1266 5613 1287 5642 ⁸
1312 5613 1477 5668 Marc.
1505 5630 1577 5678 γι,
1615 5609 1698 5666 ιϐ.

654 5738 1195 5815 (88)]Εοξκρδαστατε
1247 5739 1285 5815 ὀ.
1319 5732 1424 5787 τοῦ
1464 5733 1767 5815 ’προτέρου
1803 5729 2005 5815 ,1ργοὲ
2069 5721 2160 5776 Sic

587 5797 762 5868 miles,
778 5811 1102 5865 Bodleianns
1123 5824 1138 5870 ;
1157 5805 1358 5874 Regius
1382 5814 1435 5857 et
1464 5797 1814 5861 Barberinns,
1838 5797 2160 5874 ὲσκέδασται

584 5887 612 5937 ὁ
633 5885 725 5939 τοῦ
758 5880 1022 5953 προτέρου
1048 5867 1536 5944 λόῂουδίὐςὶυιιιιιε
1564 5874 1793 5944 legebat,
1823 5867 2161 5939 ἐσχεδίασται

582 5635 691 5686 3m,
729 5621 816 5674 iri.

2254 4629 2403 4712 ἄλλοι
2436 4654 2493 4708 δὲ
2538 4650 2742 4712 Ἠλίαν,
2777 4647 2924 4701 ἄλλοι
2953 4643 3009 4696 δὲ
3055 4638 3346 4711 Ἱερεμίαν,
3375 4633 3408 4704 ἢ
3437 4632 3534 4686 ἕνα
3567 4629 3674 4683 τῶν
3712 4641 3834 4696 προ⁴

2256 4746 2459 4820 φητῶνο
2492 4765 2508 4796 ι
2548 4745 2623 4807 ὡς
2657 4742 2750 4796 καὶ
2780 4741 2829 4794 οἱ
2868 4735 3107 4808 μαθηταὶ
3140 4726 3532 4798 πυνθανομένῳ
3557 4723 3634 4793 τῷ
3655 4717 3834 4789 Κυρίῳ

2256 4840 2532 4911 γενομένῳ
2579 4838 2635 4889 ὲν
2678 4837 2788 4896 τοῖς
2828 4831 3016 4902 μέρεσι
3053 4821 3391 4894 Καισαρείας
3433 4818 3538 4888 τῆς
3579 4813 3833 4867 Φιλίππου

2255 4904 2528 5005 εἰρήκασι..
2567 4930 2674 4981 Καὶ⁸
2705 4929 2733 4980 ὁ
2778 4922 3022 4995 Ἡρώδης
3055 4919 3114 4971 δὲ
3143 4916 3316 4984 λέγων
3337 4930 3350 4942 °
3391 4931 3409 4963 ι
3449 4912 3550 4962 Ὃν
3590 4905 3700 4976 ἐγὼ
3723 4904 3834 5005 ’ἀπα

2256 4997 2556 5096 εκεῷἀλισα
2581 5021 2852 5090 Ἰωάννην,
2883 5016 3042 5078 αὐτὸς
3073 5011 3285 5083 ἠγέρθη
3313 5006 3420 5060 ἀπὸ
3448 5005 3560 5058 τῶν
3583 4997 3833 5093 νεκρῶν,.ι

2261 5119 2386 5191 περὶ
2413 5117 2506 5170 τοῦ
2548 5111 2783 5186 Χριστοῦ
2819 5111 2960 5163 ἔοικε
2998 5106 3072 5178 μὴ
3116 5103 3313 5158 εἰδέναι
3339 5100 3408 5153 τὰ
3436 5097 3707 5166 λεγόμενα
3737 5086 3834 5142 ὑπο

2259 5211 2368 5266 τῶν
2411 5207 2760 5278 φασκόντωνο
2806 5222 2822 5252 ι
2846 5201 2958 5270 Οὐχ
3005 5191 3162 5259 οὗτός
3215 5197 3363 5247 ἐστιν
3393 5192 3423 5244 ὁ
3465 5186 3561 5242 τοῦ
3600 5185 3834 5240 τέκτονος

2262 5265 2564 5372 υἱόςίΟὺχ
2597 5303 2630 5369 ἡ
2675 5297 2856 5368 μήτηρ
2902 5265 3066 5344 αύτοῦ
3109 5287 3327 5356 λέγεται
3377 5277 3634 5350 Μαριὰμ,
3670 5272 3758 5326 καὶ
3794 5265 3834 5319 oi

2260 5396 2481 5466 ἀδελφοι
2524 5368 2690 5446 αὑτοῦ
2746 5383 3020 5447 Ἰάκωϐος,
3070 5382 3166 5436 καὶ
3222 5376 3457 5446 Ἰωσὴφ,
3500 5372 3596 5429 και
3645 5368 3834 5437 Σίμων,

2840 5525 2883 5555 θ’
2914 5520 3045 5576 ibid.
3138 5521 3153 5550 ¹
3195 5516 3327 5571 Luc.
3363 5531 3406 5579 ι,
3441 5512 3533 5568 65.
3607 5512 3627 5542 ¹
3658 5505 3834 5562 Μαιιιι.

2267 5721 2328 5776 τὸ
2367 5719 2456 5775 τοῦ
2485 5714 2750 5787 προτέρου
2767 5709 2959 5787 λόγου.

2476 5765 2964 5844 Ῐέὶιεειέκεύαὸαν.
3000 5773 3312 5846 Legendum
3341 5765 3744 5825 maenada“.
