3816 6524
27 446 112 501 225
1091 433 1453 497 COMMENT.
1485 433 1551 490 IN
1586 431 1780 491 JOAN.
1814 430 2058 488 TOMUS
2084 428 2171 484 Vl.

3145 428 3257 486 2‘26

26 562 101 614 ni
134 559 359 624 Ἰούδας;
391 558 487 613 καὶ
513 559 570 612 al
606 556 840 628 ἀδελφαὶ
875 554 1041 608 αὐτοῦ
1073 555 1195 626 οὐχὶ
1234 555 1408 609 πᾶσαι
1440 552 1578 625 πρὸς

1687 550 1921 607 nescisse
1945 551 2013 605 de
2052 546 2294 612 Christo,
2327 558 2448 614 qua:
2493 542 2909 614 divulgabantur
2938 543 3007 598 ab
3040 543 3126 598 his
3162 548 3254 614 qui

26 652 141 722 ήμᾶς
168 650 337 717 slew;
369 668 388 701 ι
420 648 589 702 Οὐδὲν
624 643 717 703 οὖν
750 646 1083 718 θαυμαστὸν,
1117 646 1307 715 ὥσπερ
1340 646 1433 699 ἐπὶ
1476 642 1571 699 τοῦ

24 743 257 813 ὼτῆρος,
290 740 504 795 πολλῶν
536 739 859 809 ἐγνωκότων
881 738 985 809 τήν
1016 737 1082 790 ὲκ
1109 737 1331 809 Μαρίας
1360 735 1573 805 γένεσιν

20 830 176 895 αὐτοῦ,
204 830 405 894 ἄλλους
450 825 787 899 ήπατῆσθαι,
827 825 971 881 οὕτω
1001 825 1096 879 καὶ
1128 825 1221 879 ἐπὶ
1248 823 1340 878 τοῦ
1394 825 1575 879 Ἰωάν-

24 943 112 989 νου,
135 922 222 987 οὓς
268 923 368 994 μὲν
403 923 479 993 μὴ
511 919 795 992 λεληθέναι
836 918 933 990 τὴν
964 922 1028 973 ἐκ
1063 918 1334 989 Ζαχαρίου
1362 917 1576 987 γένεσιν

22 1016 177 1081 αὑτοῦ,
207 1015 430 1088 ἐτέρους
454 1014 513 1067 δὲ
530 1012 825 1079 διστάζειν,
843 1012 1054 1085 μήποτε
1077 1013 1106 1065 ὁ
1131 1010 1575 1083 προσδοκώμενος

31 1111 187 1174 Ἠλίας
234 1109 484 1180 trram
522 1107 667 1162 κατὰ
704 1107 794 1161 τὸν
837 1106 1108 1176 Ἰωάννην.
1139 1104 1250 1157 Καὶ
1280 1104 1342 1157 οὐ
1388 1102 1575 1176 χώραν

22 1218 72 1270 γε
110 1198 304 1271 μᾶλλον
347 1196 464 1268 εχει
511 1199 546 1268 ή
595 1198 727 1268 περὶ
770 1195 866 1249 τοῦ
911 1196 1156 1249 Ἰωάννου
1206 1195 1571 1267 ἐπαπόρησις,

24 1290 203 1360 μήποτε
235 1288 323 1359 εἴη
384 1286 590 1351 Ἠλίας,
633 1286 774 1359 ἤπερ
812 1287 846 1356 ή
896 1286 1025 1357 περὶ
1065 1283 1160 1338 τοῦ
1194 1284 1468 1356 Σωτῆρος,
1500 1283 1574 1356 μὴ

23 1384 111 1453 ἀρα
149 1380 309 1444 αὐτὸς
352 1378 600 1453 τυγχάνῃ
653 1378 925 1446 Ἰωάννης.
964 1371 1064 1430 Ὧν
1110 1374 1205 1429 τοῦ
1250 1374 1432 1428 Ἡλίου
1476 1375 1575 1446 μὲν

21 1475 95 1526 τὸν
121 1471 436 1543 χαρακτῆρα
464 1470 574 1524 ἀπὸ
605 1470 775 1543 μόνης
804 1469 907 1541 τῆς
937 1468 1156 1536 λέξεως,
1188 1467 1283 1521 καὶ
1306 1467 1428 1538 οὐχὶ
1466 1466 1576 1520 ἀπὸ

22 1565 103 1635 τῆς
138 1562 447 1635 αἰσθήσεως
491 1561 914 1627 ἀποϐάλλεσθαι,
946 1561 1036 1615 διὰ
1076 1559 1135 1614 τό
1356 1578 1376 1611 ι
1413 1558 1576 1631 ’Δνὴρ

20 1662 178 1722 δασὺς,
228 1658 329 1713 καὶ
376 1656 556 1728 ζώνην
588 1655 917 1729 δερματίνην
962 1650 1406 1727 περιεζωσμένος
1447 1653 1576 1725 περὶ

20 1752 99 1823 τὴν
135 1749 300 1820 ὀσφὺν
338 1749 542 1804 αὐτοῦ’
587 1767 608 1802 ι
642 1749 738 1803 τοῦ
779 1747 837 1802 δέ
887 1747 1133 1801 Ἰωάννου
1169 1745 1233 1800 τὸ
1272 1740 1410 1810 εἶδος
1445 1763 1579 1818 προ-

20 1845 334 1916 εγνωσμένον
377 1843 542 1914 τάχα,
593 1841 717 1896 οὐδὲ
764 1840 1144 1913 παραπλήσιον
1179 1839 1449 1910 τυγχάνον
1497 1839 1576 1911 τῷ

1674 645 1930 700 dicebant
1961 660 1975 697 :
2012 659 2032 694 ι
2069 640 2262 696 Nonne
2294 639 2386 694 hic
2430 647 2514 694 est
2553 637 2644 693 ille
2675 637 2812 693 fabri
2844 634 3038 691 filius?
3070 636 3259 692 Nonne

1675 745 1854 792 mater
1880 734 1999 804 eius
2035 741 2265 789 vocatur
2299 731 2488 797 Maria,
2523 739 2577 786 et
2622 729 2817 785 fratres
2850 714 2975 800 ejus
3000 726 3254 794 Jacobus,

1674 838 1730 883 et
1761 827 1961 897 Joseph
1982 866 1998 892 ,
2028 835 2085 883 et
2135 825 2361 890 Simon,
2390 831 2447 878 et
2488 822 2657 879 Judas
2693 822 2718 877 ’Ξ
2746 831 2802 877 et
2849 837 3070 878 sorores
3116 821 3259 877 illius

1674 934 1857 975 nonne
1886 932 2079 974 omnes
2102 918 2246 987 apud
2290 930 2388 972 nos
2423 923 2549 969 sunt
2575 914 2641 967 '?
2672 912 2865 969 i.Nihil
2892 929 3023 984 ergo
3061 914 3258 968 mirum

1674 1013 1821 1068 dicet
1862 1009 2271 1066 ecclesiasticus
2300 1024 2425 1064 esse
2463 1009 2543 1063 sic
2569 1007 2706 1062 alios
2739 1008 2791 1060 in
2834 1006 3126 1063 Servatore
3164 1007 3264 1060 de-

1676 1112 1864 1175 ceptos
1902 1102 2093 1166 fuisse,
2116 1116 2239 1156 cum
2280 1101 2433 1154 multi
2468 1100 2672 1169 alioqui
2700 1100 3056 1168 cognoverint
3093 1099 3262 1168 ipsius

1673 1208 1852 1254 ortum
1895 1211 1961 1252 ex
2015 1195 2214 1262 Maria,
2243 1196 2701 1266 quemadmodum
2743 1198 2906 1249 etiam
2946 1195 3016 1248 de
3048 1194 3263 1249 Joanne

1675 1290 1875 1345 mirum
1907 1304 2014 1344 non
2065 1298 2170 1357 est,
2204 1289 2342 1344 alios
2391 1289 2609 1359 quidem
2647 1287 2818 1357 ipsius
2855 1296 3034 1351 ortum
3066 1301 3132 1340 ex
3161 1284 3265 1339 Za-

1674 1384 1861 1439 charia
1890 1381 2142 1449 scivisse,
2165 1381 2300 1437 alios
2328 1397 2456 1436 vero
2477 1382 2755 1449 ambigere
2782 1390 2959 1434 utrum
2988 1378 3136 1432 Elias
3165 1391 3264 1444 ap-

1674 1472 1920 1545 paruerit
1951 1473 2002 1526 in
2031 1470 2260 1527 Joanne.
2292 1471 2401 1527 Nec
2447 1470 2693 1541 profecto
2732 1471 2912 1527 locum
2960 1470 3135 1539 magis
3164 1468 3263 1522 ha-

1676 1565 1771 1621 bet
1827 1565 2172 1620 addubitatio
2225 1565 2291 1619 de
2343 1563 2579 1627 Joanne,
2625 1572 2810 1617 utrum
2847 1564 2963 1632 ipse
2999 1562 3071 1616 sit
3113 1561 3263 1615 Elius

1660 1671 1841 1727 .quam
1879 1657 1946 1710 de
1974 1656 2290 1721 Servatore,
2321 1672 2390 1710 ne
2422 1654 2564 1710 forte
2590 1655 2704 1723 ipse
2730 1655 2802 1709 sit
2822 1653 3081 1710 Joannes.
3114 1656 3264 1721 Quo-

1680 1762 1797 1801 rum
1831 1746 1960 1800 Elia
1990 1746 2208 1815 quidem
2242 1746 2472 1801 formam
2515 1760 2582 1801 ex
2625 1744 2738 1801 sola
2771 1746 3028 1813 dictione,
3064 1755 3118 1800 et
3155 1763 3263 1801 nutt

1681 1853 1710 1892 a
1742 1853 1909 1894 sensu
1943 1838 2192 1899 refellere
2232 1837 2419 1911 [facile
2451 1838 2597 1911 erat]
2645 1850 2871 1910 propter
2899 1839 3028 1895 illud
3057 1856 3070 1893 :
3104 1857 3125 1891 ι
3172 1838 3259 1893 Vir

21 1938 298 2009 χαρακτῆρι
342 1934 439 1989 τοῦ
509 1932 707 2007 Ἰησοῦ,
760 1932 912 1987 οὐδὲν
953 1927 1117 2005 ἦττον
1169 1931 1427 1987 ὑπόνοιάν
1465 1949 1576 1985 τισι

1687 1929 1904 2001 pilosus,
1936 1938 1991 1986 et
2018 1945 2155 1986 zona
2189 1930 2414 2001 pellicea
2449 1933 2594 1988 circa
2623 1933 2836 1987 lumbos
2868 1945 2996 1986 suos
3026 1929 3266 1986 circuat-

22 2026 423 2100 παρεσχηκέναι,
457 2024 670 2096 μήποτε
698 2024 728 2076 ὁ
755 2024 1008 2095 Ἰωάννης
1041 2023 1241 2095 ἀνέστη
1277 2025 1342 2076 ἐκ
1369 2020 1581 2095 νεκρῶν

30 2121 211 2190 Ἰησοῦς
272 2116 805 2192 μετονομαζόμενος.
862 2115 975 2170 Καὶ
1032 2115 1166 2188 περὶ
1231 2112 1581 2186 μετωνυμίας

20 2213 128 2284 γὰρ,
161 2211 234 2277 ὡς
265 2214 324 2266 ἐν
366 2210 726 2284 ἀπορρήτοις,
762 2208 864 2263 οὐκ
902 2203 1022 2263 οἶδα
1064 2205 1229 2262 πόθεν
1271 2205 1582 2279 κινούμενοι

22 2306 62 2356 οἱ
94 2302 320 2375 Ἑϐραῖοι
348 2301 710 2374 παραδιδόασι
733 2300 938 2365 Φινεὲς,
954 2299 1046 2354 τὸν
1079 2298 1408 2370 Ἐλεαζάρου
1442 2297 1580 2362 υίδν,

18 2394 440 2467 ὁμολογουμένως
477 2394 884 2466 παρατείναντα
917 2392 1018 2466 τήν
1051 2391 1198 2463 ζωὴν
1223 2392 1328 2456 ἕως
1370 2389 1583 2445 πολλῶν

22 2488 213 2560 κριτῶν,
263 2488 341 2553 ὡς
390 2491 449 2543 ἐν
496 2492 611 2553 τοῖς
669 2488 900 2561 Κριταίς
925 2486 1262 2557 ἀνέγνωμεν,
1302 2485 1467 2541 αὐτὸν
1500 2481 1582 2539 sl-

20 2594 92 2631 ναι
149 2578 335 2633 Ἠλίαν
360 2618 376 2643 ,
434 2579 529 2634 καὶ
592 2578 656 2632 τδ
706 2577 974 2633 άθάνατον
1032 2578 1091 2630 ἐν
1141 2578 1255 2640 τοῖς
1305 2576 1584 2648 Ἀριθμοῖς

22 2668 145 2740 σὺτῷ
181 2670 270 2725 διά
315 2671 421 2741 τῆς
476 2669 888 2742 ὀνομαζομένης
936 2668 1163 2741 είρήνης
1213 2666 1580 2739 ἐπηγγέλθαι·

22 2761 117 2816 ἀνθ’
146 2753 215 2816 ὧν
242 2761 501 2834 ζηλώσας
540 2762 674 2835 θείῳ
702 2761 849 2834 ζήλῳ
873 2761 1233 2833 κεκινημένος
1263 2760 1584 2833 ἐξεκέντησε

20 2852 102 2923 τήν
129 2852 451 2908 Μαδιανῐτιν
487 2853 585 2907 καὶ
608 2851 699 2906 τὸν
738 2850 1101 2924 Ἱσραηλίτην,
1135 2850 1232 2905 καὶ
1269 2848 1584 2904 κατέπαυσε

20 2939 96 2996 ὢν
127 2942 418 3016 λεγόμενον
451 2943 623 3016 θυμὸν
662 2940 757 2996 τοῦ
786 2940 945 3006 Θεοῦ,
977 2938 1123 2994 κατὰ
1153 2940 1217 2994 τὸ
1258 2938 1586 3012 γεγραμμέ-

22 3049 110 3086 νον·
142 3034 369 3098 «Φινεὲς
406 3035 526 3101 υἱὸς
566 3034 830 3106 Ἐλεάζαρ
869 3031 987 3087 υἱοῦ
1032 3030 1243 3103 Ἀαρὼν
1274 3030 1585 3085 κατέπαυσε

22 3125 95 3177 τὸν
118 3125 284 3197 θυμόν
312 3144 421 3198 μου
441 3125 561 3180 ἀνθ’
584 3119 661 3181 ὧν
683 3124 926 3199 ἐζήλωσε
949 3123 1043 3178 τὸν
1063 3122 1224 3195 ζῆλόν
1257 3139 1385 3194 μου.
1413 3139 1432 3172 ι
1449 3121 1588 3177 Θαυ-

24 3219 203 3286 μαστὸν
235 3215 334 3274 οὖν
373 3218 549 3285 οὐδὲν,
581 3220 630 3273 εί
665 3219 717 3272 οί
760 3218 853 3274 τὸν
907 3218 1070 3273 αὑτὸν
1108 3216 1586 3290 ὑπολαμϐάνοντες

1680 2022 1960 2080 ‹·ἰηοιιιε⁶ι
1986 2040 2003 2072 ι
2030 2020 2255 2079 Joannis
2275 2038 2403 2078 vero
2433 2023 2606 2079 forma
2644 2023 2979 2096 praecognita
3008 2020 3262 2086 fortasse,

1681 2130 1857 2186 neque
1908 2114 2108 2171 similis
2158 2116 2432 2171 exsisteus
2474 2114 2665 2172 formae
2722 2115 2873 2180 Jesu,
2909 2113 3266 2170 nihilominus

1680 2209 2045 2280 suspicionem
2075 2208 2289 2274 habuit,
2319 2225 2385 2264 ne
2415 2210 2556 2265 forte
2593 2208 2830 2265 Joannes
2857 2223 2887 2263 a
2917 2207 3146 2262 mortuis
3177 2221 3266 2262 re-

1681 2301 2005 2369 surrexerit,
2050 2309 2261 2356 mutato
2290 2300 2530 2364 nomine,
2561 2302 2738 2357 dictus
2771 2298 2953 2358 Jesus.
2975 2298 3095 2355 Jam
3119 2297 3263 2368 quod

1683 2393 1752 2449 ad
1782 2394 2021 2448 nominis
2052 2395 2407 2449 mutationem
2446 2394 2669 2460 attinet,
2697 2394 2885 2450 nescio
2912 2395 3076 2460 unde,
3101 2392 3264 2448 veluti

1683 2485 1738 2541 in
1763 2485 2124 2559 apocryphis,
2152 2486 2285 2543 moti
2326 2484 2539 2543 Hebraei
2580 2487 2797 2541 tradant
2831 2485 3268 2549 Pbineesillum,

1681 2581 1773 2652 qui
1802 2590 1890 2637 est
1912 2580 2166 2636 Eleazari
2218 2580 2364 2635 ﬁlius
2405 2579 2521 2652 (qui
2572 2579 2779 2650 absque
2813 2579 2977 2637 dubio
3017 2580 3271 2650 produxit

1683 2672 1853 2729 vitam
1895 2686 2069 2742 usque
2108 2670 2176 2726 ad
2217 2670 2419 2727 multos
2459 2670 2697 2741 iudices.
2724 2670 2885 2727 sicuti
2940 2669 3170 2742 legimus
3214 2671 3269 2726 in

1683 2766 1824 2823 libro
1844 2766 2093 2823 Iudicum
2116 2766 2161 2835 ⁷)
2194 2765 2358 2837 116
2383 2765 2558 2836 ipsum
2582 2779 2704 2820 esse
2730 2763 2923 2831 Eliam,
2952 2771 3008 2820 et
3044 2763 3273 2818 immor-

1687 2858 1954 2916 talitatem
1982 2858 2084 2929 ipsi
2114 2850 2441 2928 proluissam
2467 2857 2523 2913 in
2550 2855 2915 2912 Numerorum
2944 2855 3086 2911 libro
3109 2855 3154 2918 ⁸.
3173 2869 3273 2924 per

1686 2964 1876 3020 pacem
1904 2949 2244 3007 nominatam
2269 2945 2522 3021 [fmdus,]
2544 2962 2611 3002 eo
2636 2947 2781 3018 quod
2825 2945 3002 3002 zelum
3030 2946 3224 3005 habuit
3251 2960 3265 2996 :

1684 3042 1830 3098 unde
1868 3048 2175 3097 commotus
2215 3041 2334 3096 zelo
2368 3040 2553 3096 divino
2582 3038 2921 3110 percusserit
2958 3037 3269 3095 Madianiti-

1684 3132 1807 3188 dem
1846 3141 1902 3189 et
1934 3132 2234 3189 lsraelitam
2263 3132 2308 3200 ⁸,
2337 3140 2394 3187 et
2422 3146 2642 3188 cessare
2678 3130 2868 3187 fecerit
2892 3130 3157 3196 furorem,
3190 3128 3272 3185 uti

1687 3231 1905 3290 vocant,
1929 3223 2046 3290 Dei,
2068 3221 2222 3293 iuxta
2244 3222 2297 3277 id
2319 3221 2461 3292 quod
2493 3221 2755 3290 scriptum
2784 3231 2868 3277 est
2887 3221 2966 3275 ηε
2996 3239 3015 3275 ι
3038 3220 3273 3290 Phineas

22 3311 179 3375 1ιινεὲς
206 3313 305 3367 καὶ
350 3310 563 3376 Ἠλίαν,
607 3312 728 3383 ήτοι
771 3311 942 3381 ὑγιῶς
981 3310 1256 3380 λέγοντες,
1301 3309 1335 3381 ἢ
1383 3310 1455 3382 μὴ
1500 3310 1581 3381 (οὐ

1687 3316 1827 3373 illius
1881 3315 2115 3372 Eleazar
2165 3314 2262 3371 lilii
2318 3314 2540 3379 Aaron,
2591 3327 2812 3370 cessare
2864 3312 2993 3371 fecit
3032 3314 3271 3371 furorem

20 3400 109 3473 γάρ
135 3404 261 3476 περὶ
280 3399 479 3455 τούτου
502 3401 598 3456 νῦν
624 3401 909 3473 πρόκειται
934 3400 1256 3474 ἐξετάζειν),
1285 3401 1377 3455 τὸν
1415 3400 1582 3455 αὐτὸν

21 3492 240 3562 ἐνόμιζον
272 3488 420 3547 εἶναι
463 3492 718 3565 Ἰωάννην
753 3493 848 3548 καὶ
909 3491 1138 3565 Ἰησοῦν.
1185 3493 1258 3547 Ἦ
1304 3488 1583 3556 ἐδίσταζόν

21 3598 71 3649 γε
94 3584 212 3655 rep!
237 3585 458 3650 τούτου,
489 3583 682 3657 μαθεῖν
708 3585 754 3639 τ’
793 3584 1095 3650 ἐϐούλοντο,
1124 3584 1174 3639 εί
1201 3586 1231 3640 ὁ
1250 3583 1412 3649 αὐτός
1440 3586 1586 3639 ἐστιν

23 3676 45 3724 ὁ
80 3676 323 3748 Ἰωάννης
356 3677 455 3732 καὶ
505 3677 713 3742 Ἠλίας.
758 3676 1195 3750 Προηγουμένως
1231 3677 1288 3732 δὲ
1317 3678 1377 3732 ὲν
1405 3676 1587 3742 ἄλλοις

22 3766 423 3841 ἐπιμελέστερον
455 3769 790 3837 ἐξεταστέον,
830 3769 926 3823 καὶ
958 3771 1053 3825 ἐπὶ
1092 3769 1277 3825 πλεῖον
1306 3768 1398 3824 τὸν
1429 3768 1586 3838 λόγον

22 3858 316 3930 ὲρεπτέον
351 3862 445 3917 τὸν
487 3862 617 3935 περὶ
644 3862 747 3933 τῆς
774 3861 964 3927 οὓσίας
991 3861 1093 3933 τῆς
1124 3861 1327 3933 ψυχῆς,
1367 3861 1463 3915 καὶ
1488 3862 1586 3934 τῆς

22 3950 173 4023 iga-7;;
191 3955 294 4026 τῆς
339 3954 659 4021 συστάσεως
689 3956 878 4028 αὐτῆς,
923 3956 1015 4011 καὶ
1054 3955 1156 4027 τῆς
1183 3956 1280 4020 ἐίς
1308 3955 1368 4010 τὸ
1401 3957 1587 4029 γήϊνον

24 4042 159 4113 αἱμα
188 4048 519 4118 είσκρίσεως
561 4048 763 4119 αὐτῆς,
805 4047 914 4102 τῶν
959 4065 1018 4102 τε
1065 4047 1447 4119 ἐπιμερισμῶν
1490 4046 1586 4102 τοῦ

24 4131 232 4208 Elim;
273 4137 419 4208 βίου.
454 4137 550 4192 καὶ
588 4137 692 4208 τῆς
722 4137 970 4191 ἐντεῦθεν
1020 4137 1361 4207 ἀπαλλαγῆς·
1402 4138 1497 4191 καὶ
1538 4139 1587 4191 εἰ

26 4226 270 4296 ἐνδέχεται
317 4229 495 4301 αὐτὴν
532 4229 875 4301 εἰσκριθῖψαι
912 4229 1163 4302 δεύτερον
1193 4232 1251 4284 ἐν
1282 4228 1517 4301 σώματι,
1552 4230 1584 4302 ἢ

26 4321 106 4389 μή·
127 4322 215 4376 αἱ
239 4326 309 4396 τῇ
340 4325 483 4396 αὐτῇ
528 4325 784 4396 περιόδῳ,
810 4323 905 4379 καὶ
946 4327 1012 4397 τῇ
1042 4324 1180 4396 αὐτῇ
1207 4324 1585 4395 διακοσμήσει,

24 4410 158 4477 ἧοῷ
207 4418 305 4469 καὶ
346 4415 428 4487 τῷ
461 4416 612 4488 αὐτῷ
660 4416 895 4487 σώματι,
939 4416 973 4488 ἢ
1020 4417 1220 4488 ἑτέρῳ·
1272 4415 1368 4470 καὶ
1419 4418 1468 4470 εί
1511 4415 1589 4487 τῷ

26 4503 167 4573 σῦτῷ,
210 4507 445 4580 πότερον
492 4509 617 4564 καθ’
647 4509 1004 4581 ὑποκείμενον
1051 4508 1266 4580 μένοντι
1309 4507 1388 4579 τῷ
1417 4507 1587 4580 αὐτῷ,

1684 3423 1888 3476 meum,
1909 3408 2166 3478 quoniam
2201 3408 2384 3463 zelum
2420 3408 2612 3463 habuit
2658 3420 2757 3476 pro
2796 3421 2902 3463 me.
2940 3424 2961 3459 ι
2996 3406 3273 3474 Quamob-

1687 3512 1803 3553 rem
1843 3498 1979 3554 nihil
2014 3506 2100 3554 est
2142 3497 2340 3553 mirum
2366 3496 2529 3568 siqui
2563 3495 2989 3565 suspicabantur
3019 3497 3269 3553 eumdem

1685 3601 1805 3645 esse
1834 3586 2089 3654 Phineus,
2118 3595 2174 3643 et
2197 3587 2407 3653 Eliam;
2444 3586 2529 3642 vel
2572 3595 2720 3642 recte
2750 3586 3013 3653 dicentes,
3054 3585 3138 3642 vel
3154 3600 3275 3647 non

1686 3680 1810 3751 (nec
1842 3680 1987 3736 enim
2017 3680 2118 3735 hac
2140 3680 2206 3734 dc
2235 3694 2294 3734 re
2322 3678 2596 3749 proposita
2629 3677 2785 3733 nobis
2810 3687 2892 3734 cst
2921 3694 3065 3732 nunc
3090 3677 3272 3750 inqui-

1686 3773 1873 3845 sitio),
1899 3773 2151 3829 eumdem
2192 3787 2313 3829 esse
2365 3772 2627 3843 putabant
2657 3771 2945 3835 Joannem,
2977 3779 3032 3825 et
3065 3767 3269 3827 Jesum.

1692 3866 1784 3922 Vel
1807 3866 2057 3937 profecto
2079 3865 2181 3920 bac
2204 3869 2271 3920 de
2296 3880 2356 3920 re
2375 3863 2725 3934 ambigebant
2747 3863 2997 3932 scireque
3023 3863 3273 3919 volebant

1688 3974 1817 4015 num
1858 3959 1972 4029 ipse
1998 3967 2140 4013 esset
2162 3956 2403 4014 Joannes
2425 3965 2482 4011 et
2512 3955 2676 4011 Elias.
2708 3955 2988 4024 Praecipue
3027 3970 3157 4011 vero
3186 3965 3272 4010 at-

1688 4066 1794 4123 que
1818 4051 1926 4106 alio
1958 4060 2197 4121 tempore
2221 4051 2546 4121 inquirenda
2569 4057 2654 4104 est
2688 4048 3003 4119 diligentius
3034 4048 3271 4103 diutius-

1689 4159 1795 4214 que
1844 4142 2148 4215 indaganda
2195 4143 2336 4199 ratio
2381 4143 2449 4198 de
2483 4141 2798 4212 substantia
2847 4140 3064 4207 animae,
3094 4140 3272 4212 deque

1690 4235 1957 4307 principio
2007 4234 2353 4293 formationis
2403 4233 2520 4303 ejus
2569 4244 2735 4304 atque
2793 4232 3042 4304 ingressu
3100 4233 3273 4304 ipsius

1691 4327 1746 4382 in
1796 4340 1998 4397 corpus
2032 4335 2136 4383 hoc
2190 4337 2452 4383 terreum.
2504 4326 2876 4398 Indagandum
2922 4327 3088 4382 etiam
3143 4326 3273 4397 quid

1692 4419 1993 4489 injunctum
2021 4420 2093 4475 sit
2144 4420 2267 4475 vita:
2314 4419 2748 4489 uniuscujusque
2794 4420 2990 4473 animm
3012 4429 3174 4490 atque
3207 4419 3276 4475 de

1689 4509 1806 4579 ejus
1853 4525 2066 4567 recessu
2105 4525 2173 4566 ex
2219 4511 2322 4567 hac
2352 4511 2485 4577 vita,
2509 4520 2565 4565 et
2593 4526 2663 4564 an
2692 4511 2977 4582 conlingat
3002 4511 3147 4566 illam
3177 4513 3275 4568 de-

26 4597 146 4649 κατὰ
168 4598 225 4651 δὲ
268 4600 537 4672 ποιότητα
572 4600 1118 4672 μεταϐαλλομένῳ-ἢ
1156 4601 1250 4655 καὶ
1297 4601 1421 4655 καθ’
1459 4602 1581 4656 ὐπο-

1694 4619 1804 4658 nuo
1857 4603 2066 4676 ingredi
2104 4603 2158 4657 in
2192 4618 2422 4674 corpus,
2451 4618 2519 4658 an
2551 4619 2682 4668 non,
2715 4612 2769 4657 et
2799 4604 2989 4657 cadem
3030 4604 3274 4673 periodo,

28 4686 271 4757 κείμενον,
297 4692 399 4745 καὶ
431 4694 691 4764 ποιότητα
723 4694 967 4765 ἐσομένῳ
987 4692 1063 4764 τῷ
1094 4692 1264 4764 αὐτῷ,
1302 4693 1391 4748 καὶ
1429 4696 1478 4748 εί
1503 4694 1581 4750 del

1696 4705 1752 4751 et
1772 4697 1963 4752 eadem
1987 4694 2360 4767 dispositione,
2380 4710 2588 4761 necne;
2622 4703 2677 4750 et
2711 4711 2837 4750 num
2867 4696 2919 4749 in
2942 4695 3130 4750 eodem
3154 4705 3273 4746 cor-

28 4779 92 4847 τῷ
110 4781 249 4852 αὐτῷ
274 4781 496 4852 σώματι
520 4782 806 4853 χρήσεται,
828 4782 862 4854 ἢ
887 4781 1106 4853 ἀμείψει
1135 4782 1286 4836 αὐτά
1310 4788 1367 4836 ἐν
1389 4779 1470 4847 οἷς
1500 4785 1581 4837 καί

1696 4802 1848 4856 pore,
1882 4802 1953 4842 an
1984 4786 2050 4841 in-
2072 4787 2216 4854 alio;
2242 4786 2385 4856 quod
2413 4789 2458 4843 si
2489 4786 2541 4842 in
2572 4787 2984 4851 eodem,utrum
3022 4790 3273 4839 manente

32 4873 192 4927 τξὲστι
211 4876 425 4947 κυρίως
450 4875 942 4946 μετενσωμάτωσις
961 4874 1212 4942 ἐξετάσαι
1231 4875 1433 4948 δεήσει·
1459 4877 1514 4929 τί
1535 4893 1581 4930 τε

1694 4880 1886 4934 eodem
1930 4878 2226 4934 secundum
2259 4875 2582 4946 subjectum,
2606 4877 2700 4931 sed
2736 4883 2941 4930 mutato
2975 4872 3271 4927 secundum

34 4964 147 5036 αὕτη
170 4966 427 5038 διαφέρει
456 4966 931 5038 ἐνσωματὼσεως,
963 4969 1057 5022 καὶ
1090 4970 1137 5021 εί
1170 4968 1452 5047 ἀκολουθεῖ
1483 4968 1592 5039 (91)

1694 4968 2048 5038 qualitatem;
2088 4983 2158 5023 an
2186 4968 2351 5028 etiam
2401 4968 2545 5024 idem
2587 4966 2768 5020 futuro
2803 4964 3096 5020 secundum
3144 4961 3272 5018 sub-

84 5099 103 5130 ⁸
124 5097 309 5156 ﬂatth.
337 5115 461 5166 xm,
480 5098 569 5163 55,
596 5097 686 5154 56.
763 5097 873 5153 'lV
895 5097 1031 5172 Reg.
1061 5117 1099 5164 I,
1123 5098 1177 5154 8.
1254 5099 1275 5130 ⁷
1314 5113 1438 5169 cap.
1459 5115 1552 5167 xx,
1575 5115 1716 5159 vers.
1742 5104 1835 5159 28.
1908 5104 1930 5137 ⁸
1957 5102 2117 5159 Nutu.
2144 5120 2272 5166 xxv,
2299 5102 2384 5160 l2.
2458 5104 2480 5136 ’
2509 5101 2639 5157 ibid.
2671 5100 2759 5168 ιι,
2787 5099 2874 5154 15.
2953 5100 2999 5132 ¹⁰
3022 5099 3154 5155 ibid.
3182 5100 3270 5157 ll.

90 5212 720 5280 (θθιἎποόάιλεσθαι,
775 5213 875 5268 διὰ
904 5215 1006 5280 τό,
1040 5224 1146 5271 etc.
1206 5212 1432 5268 Videtur
1494 5213 1585 5269 hic

31 5282 203 5368 aliquid
234 5285 569 5368 desiderari,
612 5285 755 5354 quod
809 5285 1136 5356 respondeat
1204 5285 1292 5339 his
1345 5284 1583 5340 Ferrarii

36 5356 209 5420 verbis,
236 5355 403 5424 facile
434 5366 572 5410 aut.
909 5355 915 5356 ⁷

36 5424 188 5508 ,,,(9¹)
345 5428 403 5479 εὶ
428 5423 759 5507 ᾀκολουᾷεῒ
773 5424 856 5493 τῷ
879 5425 1138 5508 {fy-orti,
1166 5431 1297 5508 e_tc._
1322 5422 1586 5508 Onrtgenes

36 5490 111 5547 lib.
135 5490 252 5550 tria
287 5494 505 5551 Cautio.
540 5497 761 5563 cunila,
882 5490 995 5553 58':
1040 5515 1059 5548 ι
1093 5493 1199 5550 Sed
1249 5505 1306 5549 et
1332 5490 1469 5566 illu—d
1502 5510 1584 5550 re-

35 5566 272 5633 quiritur,
327 5575 516 5620 utrum
558 5567 730 5622 semel
785 5565 993 5622 tantum
1040 5580 1270 5635 corpore
1327 5565 1584 5619 induatur

37 5636 254 5708 (ultima),
277 5646 336 5692 et
362 5637 417 5690 id
440 5639 788 5708 postmodum
813 5638 1116 5708 depositum
1138 5636 1410 5708 ultranon
1441 5652 1586 5705 qua:-

38 5716 135 5767 m;
161 5706 227 5762 an
258 5721 391 5762 cum
440 5706 620 5762 “semel
655 5706 963 5777 susceptum
1014 5707 1582 5777 deposuerit,iiterutn

0 5834 3 5847 _
40 5788 275 5848 assumat;
318 5787 378 5832 et
417 5777 463 5832 si
503 5778 745 5848 secundo
794 5776 1066 5848 surruptum
1102 5792 1317 5846 semper
1364 5776 1581 5841 habeat,

40 5858 92 5895 an
110 5846 400 5916 aliquando
430 5850 630 5903 iterum
661 5846 927 5916 abjiciat.‘
952 5848 1016 5903 Et
1052 5847 1099 5902 si
1128 5848 1346 5916 quidem
1389 5860 1581 5916 secun-

0 5934 3 5965 γ
41 5918 141 5969 dum
162 5915 542 5974 auctoritatem
580 5918 994 5981 Scripturarum
1041 5915 1434 5973 consummatio
1472 5915 1577 5971 im-

1692 5219 1898 5273 mineat
1922 5219 2128 5280 mundi,
2160 5228 2215 5273 et
2253 5215 2625 5288 corruptibilis
2654 5225 2829 5271 statu;
2858 5216 2947 5271 hic
2991 5215 3044 5271 in
3097 5216 3273 5273 incor-

1694 5289 2006 5359 ruptibilem
2055 5290 2371 5350 mutabitur,
2403 5287 2714 5357 ambiguum
2746 5303 2852 5341 non
2911 5287 3081 5342 videri
3128 5292 3271 5358 quod

1690 5357 1744 5413 in
1766 5357 2062 5428 praesentis
2094 5360 2218 5414 vitae
2245 5368 2444 5413 statum
2471 5358 2712 5413 secundo
2738 5368 2832 5411 aut
2870 5360 3035 5413 tertio
3070 5360 3120 5412 in
3149 5357 3271 5412 our-

1690 5427 1793 5497 pus
1820 5432 2006 5486 venire
2045 5445 2152 5484 non
2184 5430 2372 5499 possit.
2397 5427 2543 5499 Nam
2582 5427 2629 5499 si
2674 5427 2934 5497 recipitur
2993 5430 3115 5491 hoc,
3170 5445 3267 5485 ne-

1690 5502 1934 5555 cessario
1954 5497 2202 5570 sequitur
2228 5509 2286 5553 ut
2319 5497 2624 5566 hujusmodi
2661 5499 3099 5570 succcssjonilms
3134 5515 3269 5554 con-

1691 5568 2046 5638 sequentibus
2097 5572 2256 5624 tinent
2294 5570 2501 5623 nesciat
2530 5569 2780 5624 mundus.
2812 5587 2831 5620 ι
2862 5568 3079 5623 Consnli
3134 5585 3268 5639 qun-

1692 5654 1800 5708 que
1835 5640 1995 5696 velim
2027 5656 2148 5708 quaa
2173 5639 2241 5692 ab
2264 5640 2458 5694 eodem
2498 5647 2627 5694 l0lll.
2655 5654 2756 5693 xm
2809 5639 2863 5692 in
2902 5639 3094 5693 Matth.
3133 5656 3266 5707 xvu,

1694 5710 1782 5775 10,
1806 5711 2007 5779 scripta
2051 5718 2200 5775 sunt,
2241 5709 2479 5765 maxime
2526 5723 2655 5764 vero
2709 5718 2893 5763 nostra
2924 5708 3266 5778 Origeninna,

1691 5782 1747 5904 ῧι
1772 5782 1967 5849 quibus
1996 5780 2047 5836 id
2087 5792 2467 5851 argumentum
2515 5780 2816 5836 luculenter
2863 5780 3266 5850 persequimur.

1739 5864 1952 5904 timus.

1739 5864 1952 5908 l‘l'l‘lUS.
