3816 6546
527 403 636 457 221

1986 407 2310 468 ORIGENIS

3682 414 3762 467 Ξῖδ
3802 420 3803 441 ‘

523 522 749 593 jectum,
786 530 842 579 et
869 522 1217 595 qualitatem,
1253 531 1310 580 et
1352 539 1481 579 num
1524 539 1739 597 semper
1780 529 1966 583 eodem
1999 545 2091 585 cor

2221 529 2297 601 τῷ
2341 528 2551 600 λέγοντι
2602 530 3093 603 μετενσωμάτωσιν
3144 530 3421 604 ἄφθαρτον
3473 533 3658 603 τηρεῖν
3696 532 3763 585 τὸν
3802 586 3803 591 η

530 632 664 687 pore
688 631 850 672 usura
876 615 947 671 sit
976 632 1042 669 an
1069 615 1419 670 immntatura
1448 616 1599 672 illud.
1630 617 1687 671 In
1712 619 1910 689 quibus
1938 621 2103 674 etiam

528 710 681 773 illud,
712 709 840 780 quid
865 709 1088 779 proprie
1117 708 1190 763 sit
1221 710 1703 778 transcorporatio,
1737 711 1973 782 quidque
1997 712 2112 768 haec

527 803 743 859 diil'erat
767 801 836 857 ab
860 799 1326 870 incorporatione,
1363 801 1625 873 indagare
1657 818 1878 859 necesse
1904 804 2030 866 erit,
2055 813 2112 859 et

526 911 655 950 num
674 906 952 966 sequatur,
970 903 1025 949 ut
1048 893 1140 963 qui
1171 895 1367 948 astruit
1395 895 1651 950 mutanda
1672 911 2089 965 corpora;serve

2213 901 2308 957 καὶ
2338 900 2673 967 ἁπαξαπλῶς
2697 901 2726 953 ὁ
2752 902 2878 971 περὶ
2898 901 3076 974 ψυχῆς
3102 901 3259 972 λόγος
3290 902 3453 965 πολὺς
3479 901 3575 955 ml.
3608 902 3767 972 δυσερο
3802 940 3803 983 γ

527 989 784 1043 mundum
822 985 1316 1057 incorruptibilem.
1347 985 1404 1040 lu
1447 987 1641 1056 quibus
1675 988 1984 1043 necessario
2012 1002 2106 1055 po-

526 1083 719 1138 nenda:
773 1091 935 1138 erunt
981 1082 1222 1135 rationes
1247 1094 1433 1133 eorum
1470 1081 1558 1149 qui
1608 1080 1815 1143 volunt,
1855 1095 1919 1135 ex
1958 1078 2107 1135 Scri-

525 1185 809 1245 pturarum
843 1177 1196 1242 auctoritate,
1232 1186 1290 1229 nt
1324 1177 1504 1228 anima
1535 1172 1697 1228 simul
1724 1188 1847 1227 cum
1879 1187 2109 1241 corpore

524 1270 842 1333 seminetnr,
865 1279 920 1324 et
942 1284 1062 1339 quze
1104 1276 1409 1340 sequuntur
1432 1267 1576 1336 ipsas
1605 1283 1618 1317 :
1653 1274 1726 1331 et,
1758 1274 1813 1319 ut
1840 1265 2004 1321 semel
2028 1266 2110 1318 di-

523 1375 673 1425 cam,
703 1363 878 1417 oratio
907 1363 974 1417 de
1005 1363 1183 1417 anima
1206 1402 1222 1429 ,
1252 1361 1471 1431 copiosa
1513 1358 1735 1428 alioqui,
1763 1368 1818 1413 et
1844 1358 1910 1412 ad
1942 1358 2111 1413 inter.

518 1456 840 1526 pretantlum
888 1454 1146 1524 diiiicilis,
1185 1457 1228 1513 si
1264 1456 1629 1527 undequaqne
1654 1456 1833 1523 colligi
1864 1456 2059 1510 debeat
2099 1470 2164 1510 ex
2205 1456 2289 1511 his
2316 1472 2438 1526 qua!
2466 1457 2694 1527 Sparsim
2722 1457 2895 1524 posita
2920 1466 3047 1511 sunt
3074 1456 3127 1510 in
3155 1454 3476 1525 Scripturis,
3516 1455 3767 1526 proprium
3802 1454 3803 1507 1

2218 623 2443 695 κόσμον.
2474 624 2561 677 Ἐν
2590 618 2671 687 οἷς
2701 624 2996 693 ἀναγκαῖον
3033 624 3185 679 ἔσται
3211 624 3537 697 παραθεῖναι
3564 626 3652 678 καὶ
3669 626 3764 689 τοὺς
3802 656 3803 695 γ

2217 714 2412 780 λόγους
2438 716 2544 769 τῶν
2573 716 2834 770 θελόντων
2862 717 3003 771 κατὰ
3034 717 3133 782 τὰς
3158 717 3382 790 Γραφὰς
3413 716 3766 788 συσπείρεσθαι
3802 758 3803 785 η

2214 808 2313 880 τὴν
2340 808 2517 880 ψυχὴν
2544 808 2622 880 τῷ
2653 807 2886 879 σώματι,
2917 810 3012 864 καὶ
3053 810 3123 864 τὰ
3166 809 3560 864 ἀκολουθοῦντα
3594 811 3765 875 aurei;
3802 838 3803 887 ᾖ

2219 996 2483 1066 μήνευτος
2536 993 2644 1058 ὣν,
2698 993 3199 1066 άναλεχθησόμενος
3251 995 3358 1049 άπὸ
3408 995 3518 1050 τῶν
3567 997 3627 1049 ὲν
3675 1001 3767 1058 ταῖς

2216 1087 2457 1158 Γραφιῖς
2499 1085 2774 1158 σποράδην
2814 1085 3101 1157 κειμένων,
3143 1086 3279 1152 ἰδίας
3324 1087 3495 1142 δεῖται
3540 1102 3803 1161 πραγμαοξ

2214 1178 2381 1242 τείας.
2428 1177 2627 1250 Διόπερ
2665 1177 2781 1243 νῦν,
2824 1177 2965 1232 κατὰ
3006 1179 3070 1233 τὸ
3125 1180 3374 1251 παρῆκον
3424 1181 3489 1233 ὲκ
3516 1179 3626 1232 τῶν
3665 1179 3769 1250 περὶ
3802 1177 3803 1239 3

2227 1270 2404 1323 Ἠλίου
2449 1270 2544 1325 καὶ
2587 1270 2834 1328 Ἰωάννου
2874 1271 3224 1343 ὲζητημένων
3261 1273 3355 1326 ὲπὶ
3386 1271 3573 1344 βραχὺ
3614 1271 3769 1338 sistri.
3802 1254 3803 1313 ί

2216 1378 2405 1425 σαντες
2431 1360 2491 1414 τὸ
2514 1361 2826 1433 πρόϐλημα,
2855 1342 3130 1434 μετίωμεν
3151 1364 3242 1416 ἐπὶ
3272 1362 3341 1416 τὰ
3370 1342 3523 1432 ἑξῆς.

523 1550 753 1619 requirit
778 1566 935 1622 opus.
962 1551 1327 1618 Quamobrem
1358 1566 1502 1605 nunc
1532 1552 1790 1604 decenter
1828 1566 1896 1604 ex
1925 1549 2008 1603 his
2040 1564 2158 1619 qua:
2192 1549 2257 1604 de
2287 1548 2496 1606 Joanne
2530 1550 2706 1621 deque
2735 1549 2848 1605 Elia
2875 1547 3179 1620 conquisita
3215 1555 3361 1616 sunt,
3389 1562 3515 1603 cum
3558 1547 3770 1603 breviter
3802 1578 3803 1613 y

518 1648 842 1716 perscrutati
872 1647 1045 1702 simus
1071 1647 1452 1717 qumstionem,
1480 1646 1547 1700 ad
1573 1654 1767 1700 caetera
1795 1655 2153 1701 transeamus.

593 1741 648 1797 8.
683 1740 755 1795 Ea
803 1750 858 1793 tu
888 1690 1136 1810 propheia
1166 1738 1303 1792 ille?
1338 1737 1404 1792 Et
1437 1690 1707 1807 respondit
1737 1753 1756 1791 :
1799 1735 1931 1818 Non.
1958 1739 2023 1792 “.
2050 1738 2088 1792 S

2281 1737 2334 1793 8.
2367 1738 2428 1792 '0
2457 1737 2769 1808 προφήτης
2792 1734 2853 1793 εἷ
2867 1738 2982 1804 σύ;
3005 1736 3115 1793 Καὶ
3140 1737 3451 1807 ἀπεκρίθη
3486 1737 3593 1793 Οὔ.
3628 1737 3684 1790 Εἰ
3709 1737 3770 1789 «ό

527 1854 546 1888 ι
584 1835 667 1889 lex
705 1841 759 1888 et
780 1832 1058 1903 propheta:
1075 1847 1245 1902 usque
1277 1831 1345 1886 ad
1370 1829 1633 1885 Joannem
1665 1831 1730 1896 “,
1767 1849 1787 1883 ι
1814 1829 1941 1900 quid
1965 1831 2109 1886 aliud

518 1925 829 1980 diceremus
870 1921 1135 1978 Joannem
1171 1937 1313 1988 esse,
1344 1938 1504 1990 quam
1553 1921 1919 1992 prophetam?
1949 1920 2105 1991 117

517 2014 973 2086 quemadmodum
1004 2021 1164 2082 pater
1191 2011 1309 2083 eius
1334 2011 1654 2078 Zacharias,
1679 2011 1870 2082 plenus
1899 2009 2105 2082 Spiritu

516 2118 724 2173 sancto,
757 2106 1087 2177 prophetatus
1119 2106 1291 2177 inquit
1312 2106 1390 2160 ":
1421 2123 1440 2158 ι
1472 2105 1543 2160 Et
1567 2114 1818 2174 tu,puer,
1844 2104 2105 2174 propheta

518 2199 792 2256 Altissimi
852 2197 1137 2253 vocaberis
1179 2197 1447 2269 :praaibis
1491 2206 1618 2253 ante
1639 2197 1829 2252 faciem
1873 2196 2103 2262 Domini,

523 2294 588 2348 ad
613 2293 1030 2363 praeparandum
1061 2292 1177 2345 vias
1212 2289 1366 2359 ejus;
1399 2309 1418 2342 ι
1452 2289 1558 2344 nisi
1594 2288 1733 2344 forte
1777 2288 1901 2360 quis
1927 2297 2109 2343 sumat

518 2402 706 2443 vocem
739 2403 758 2436 ‹
807 2385 1088 2440 vocaberis
1130 2402 1149 2436 ι
1200 2398 1304 2438 non
1338 2396 1462 2438 esse
1497 2383 1700 2437 dictam
1725 2396 1823 2451 pro
1862 2395 1928 2435 eo
1959 2381 2102 2450 quod

514 2493 637 2550 est,
670 2482 795 2549 eris,
840 2481 1003 2551 idque
1040 2479 1410 2550 potissimum,
1438 2480 1584 2549 quod
1621 2477 1880 2533 Servator
1910 2477 2107 2532 dixerit

516 2578 597 2630 eis
641 2575 733 2645 qui
788 2572 1175 2629 existimabant
1206 2586 1329 2626 eum
1370 2586 1491 2627 esse
1522 2571 1846 2640 prophetam
1884 2589 1896 2623 :
1937 2586 1957 2620 ι
1997 2567 2103 2622 Sed

512 2667 640 2736 quid
672 2665 884 2721 exiistis
918 2665 984 2719 ad
1018 2663 1350 2721 videndum?
1383 2662 1749 2733 Pr0phetam?
1776 2661 1948 2716 Etiam
1982 2659 2103 2715 dico

520 2759 700 2827 vobis,
726 2769 782 2815 et
830 2758 1115 2830 plusquam
1166 2757 1486 2828 prophetam
1520 2756 1583 2810 ⁸⁸.
1626 2775 1646 2809 ι
1688 2753 2099 2811 Observandum

510 2861 690 2908 autem
715 2853 856 2923 quod
894 2866 958 2907 ea
983 2852 1167 2915 verba,
1196 2866 1217 2901 ι
1254 2849 1430 2904 Etiam
1467 2848 1592 2904 dico
1622 2849 1798 2913 vobis,
1838 2868 1857 2899 ι
1897 2854 2102 2918 ponant

508 2942 773 3002 Joannem
822 2960 945 3002 esse
991 2945 1338 3016 prophetam,
1383 2958 1488 2998 nec
1531 2941 1781 2997 auferant
1810 2957 1933 2996 eum
1966 2956 2100 3012 pro-

511 3040 733 3109 phetam
780 3053 920 3093 esse.
957 3037 1111 3103 Quod
1148 3038 1216 3103 si,
1265 3045 1626 3106 praeterquam
1664 3034 1808 3104 quod
1832 3042 1918 3089 est
1972 3048 2100 3103 pro-

510 3131 691 3201 pheta,
720 3129 881 3183 etiam
926 3128 1096 3195 major
1130 3144 1292 3198 quam
1333 3127 1558 3194 proheta
1581 3142 1611 3179 a
1643 3124 1933 3181 Servatore
1961 3125 2099 3180 dici-

515 3235 641 3290 tur,
682 3221 953 3293 quomodo
1006 3236 1156 3292 ergo,
1187 3222 1231 3276 si
1271 3220 1533 3292 propheta
1562 3228 1679 3284 est,
1720 3219 2097 3275 sacerdotibus

510 3332 575 3371 ac
605 3315 811 3372 Levitis
839 3313 1324 3382 interrogantibus,
1373 3329 1393 3362 ι
1440 3309 1706 3380 Propheta
1748 3324 1808 3365 es
1850 3318 1905 3364 tu
1947 3308 1991 3342 ⁸⁵
2019 3309 2042 3363 ?
2070 3328 2090 3361 ι

513 3406 810 3476 respondit,
859 3422 880 3456 ε
918 3401 1086 3457 Non?
1126 3421 1144 3455 ι
1179 3402 1476 3459 Dicendum
1517 3408 1696 3455 autem
1741 3399 1808 3455 ad
1846 3400 1950 3455 hoc
1985 3415 2089 3453 non

513 3500 657 3555 idem
692 3512 834 3561 esse,
884 3513 903 3548 ι
937 3494 1207 3564 Propheta
1239 3510 1299 3550 es
1326 3505 1381 3550 tu
1409 3495 1540 3550 ille?
1576 3513 1593 3548 ι
1627 3493 1773 3566 [cum
1811 3490 2091 3565 articulo],

510 3601 592 3658 et,
639 3608 659 3642 ‹
698 3589 770 3645 Es
805 3600 858 3644 tu
892 3588 1150 3659 propheta
1181 3586 1205 3642 ?
1239 3606 1258 3640 ι
1282 3586 1422 3659 [sine
1456 3586 1730 3660 articulo]
1759 3585 1970 3643 Similia
2000 3585 2098 3641 ob-

510 3685 848 3739 servavimus
884 3694 1031 3749 aute,
1065 3683 1192 3753 quid
1234 3681 1472 3746 dttl‘erat,
1500 3680 1592 3734 ille
1634 3679 1794 3746 Deus,
1830 3677 1976 3751 [cum
2006 3693 2095 3732 ar-

514 3776 723 3850 ticulo,]
763 3786 815 3833 et
861 3777 1005 3832 Deus
1057 3775 1200 3851 [sine
1245 3771 1523 3845 articulo,]
1560 3782 1614 3829 et
1654 3772 1745 3827 ille
1795 3771 2003 3835 Sermo,
2038 3779 2095 3825 et

516 3869 728 3927 Sermo.
766 3871 1032 3936 Quoniam
1087 3884 1218 3940 ergo
1249 3870 1302 3924 in
1353 3868 1775 3924 Deuteronomio
1826 3866 2089 3935 scriptum

510 3970 597 4018 est
624 3962 669 3994 ¹⁶
703 3979 718 4016 :
752 3979 771 4014 ι
805 3961 1130 4032 Prophetam
1170 3960 1326 4015 vobis
1355 3960 1641 4015 suscitabit
1666 3958 1925 4014 Dominus
1950 3957 2092 4012 Deus

508 4063 689 4110 vester
714 4054 779 4109 de
804 4052 1060 4108 fratribus
1081 4052 1276 4107 vestris
1302 4052 1406 4107 mei
1430 4053 1688 4116 similem,
1706 4052 1879 4119 ipsum
1904 4051 2089 4104 audie-

505 4143 600 4200 tis.
636 4144 904 4199 Futurum
935 4154 1022 4200 est
1046 4152 1251 4208 autem,
1293 4154 1352 4199 ut
1377 4145 1558 4198 omnis
1590 4144 1794 4206 anima,
1831 4158 1951 4212 qua:
1984 4158 2088 4196 non

509 4236 745 4291 audierit
803 4238 1124 4306 prophetam
1167 4235 1352 4301 illum,
1387 4236 1788 4290 exterminetur
1829 4250 1860 4290 e
1894 4236 2089 4305 populo

509 4342 683 4394 θυαμ
717 4330 1133 4399 exspectabatur
1162 4330 1427 4399 quispiam
1457 4328 1657 4384 eximie
1682 4329 1943 4398 propheta
1973 4327 2085 4398 qui,

510 4420 687 4478 simile
716 4422 847 4492 quid
890 4422 1023 4477 Mosi
1068 4423 1300 4488 habens,
1329 4424 1682 4477 mediatorem
1730 4430 1914 4491 ageret
1950 4421 2088 4475 inter
2118 4452 2162 4508 Β

512 4512 680 4569 Deum
711 4522 767 4569 et
810 4514 1081 4581 homines,
1132 4525 1190 4570 et
1221 4525 1503 4585 acceptum
1556 4529 1586 4568 a
1623 4514 1730 4568 Deo
1766 4512 2086 4568 Testamen-

514 4611 627 4658 tum
682 4616 881 4657 novum
929 4603 1208 4674 discipulis
1240 4606 1518 4671 traderet;
1559 4615 1722 4674 atque
1763 4604 1815 4659 in
1859 4603 2090 4674 singulis

510 4694 796 4765 prophetis
826 4706 1119 4766 agnoverat
1143 4699 1373 4767 populus
1395 4697 1559 4753 lsrael
1589 4698 1859 4753 neminem
1899 4712 2087 4753 eorum

511 4788 657 4842 hunc
700 4788 980 4842 exstitisse
1009 4789 1101 4859 qui
1135 4804 1166 4843 a
1210 4788 1360 4843 Mose
1402 4790 1755 4860 prophetatus
1791 4788 1988 4844 fuerat.
2021 4787 2091 4844 Ut

510 4894 642 4951 ergo
685 4880 751 4936 de
793 4878 1003 4937 Joanne
1038 4881 1390 4950 ambigebant
1445 4897 1571 4937 num
1607 4882 1746 4937 forte
1790 4883 1906 4950 ipse
1939 4892 2087 4938 esset

511 4971 780 5039 Christus,
821 4975 901 5029 sic
950 4975 1114 5029 etiam
1159 4990 1288 5028 num
1337 4985 1485 5030 esset
1514 4975 1601 5030 ille
1645 4977 1927 5047 propheta.
1975 4973 2086 5029 Nec

516 5062 711 5117 mirum
739 5062 783 5117 si
816 5064 1155 5135 ambigentes
1196 5063 1265 5119 de
1291 5063 1517 5132 Joanne,
1543 5082 1609 5118 an
1639 5066 1776 5121 forte
1806 5065 1919 5136 ipse
1943 5075 2085 5119 esset

513 5151 784 5221 Christus,
813 5154 1098 5225 diligenter
1139 5170 1249 5210 non
1290 5157 1681 5227 investigat-unt
1708 5173 1775 5211 an
1805 5157 1918 5227 ipse
1941 5166 2087 5213 esset

516 5244 765 5301 Christus
793 5256 846 5299 et
869 5246 957 5301 ille
992 5248 1277 5317 propheta.
1309 5248 1568 5318 Sequitur
1589 5250 1733 5304 enim
1768 5260 1827 5303 ut
1860 5249 1953 5320 qui
1986 5249 2087 5303 hac

518 5339 588 5394 de
619 5353 676 5394 re
705 5338 785 5393 sic
819 5339 1175 5410 interrogant,
1200 5343 1453 5414 ignorent
1484 5344 1646 5399 etiam
1683 5346 1826 5413 quod
1855 5343 1971 5415 ipse
1994 5342 2087 5413 qui

517 5430 877 5495 sitChristus,
912 5431 982 5486 sit
1019 5433 1180 5489 etiam
1234 5435 1324 5491 ille
1363 5437 1648 5509 propheta.
1690 5435 1872 5491 Latuit
1905 5447 2085 5491 autem

518 5528 714 5584 multos
758 5542 821 5582 ea
858 5525 1160 5583 differentia
1205 5546 1325 5601 quae
1373 5542 1456 5589 est
1501 5534 1640 5588 inter
1669 5533 1920 5601 ριόμΙιεια
1972 5531 2083 5600 ille,

2212 1830 2397 1901 Νόμος
2427 1831 2520 1884 καὶ
2547 1833 2595 1884 οἱ
2626 1831 2900 1903 προφῆται
2936 1831 3041 1895 ἓως
3083 1831 3356 1895 Ἰωάννου,
3396 1849 3416 1881 ι
3454 1829 3553 1884 καὶ
3578 1830 3630 1883 τί
3664 1828 3772 1882 ἄλλο

2211 1921 2277 1976 ἂν
2321 1922 2572 1995 λέγοιμεν
2616 1918 2755 1976 εἶναι
2790 1921 3041 1994 Ἰωάννην
3080 1922 3113 1993 ἦ
3150 1925 3466 1995 προφήτην;
3509 1921 3589 1986 ὡς
3624 1922 3709 1974 καὶ
3747 1922 3771 1973 ὁ
3802 1950 3803 1953 η

2210 2013 2392 2085 πατὴρ
2426 2010 2589 2068 αὐτοῦ
2632 2013 2927 2084 Ζαχαρίας,
2960 2011 3219 2084 πλησθεὶς
3256 2011 3579 2083 Πνεύματος
3615 2010 3770 2079 ἁγίου.

2208 2109 2567 2177 προφητεύων
2614 2107 2778 2179 φησί’
2844 2125 2863 2157 ι
2890 2106 3000 2160 Καὶ
3052 2107 3140 2173 σὺ,
3205 2106 3448 2170 παιδίον,
3502 2108 3803 2178 προφήτης

2219 2196 2474 2268 Ὑψίστου
2504 2198 2773 2273 κληθήσῃ,
2805 2199 3155 2274 προπορεύσῃ
3190 2200 3299 2272 γὰρ
3321 2201 3556 2256 ἐνώπιον
3585 2200 3774 2273 Κυρίου

2205 2289 2492 2360 ἑτοιμάσαι
2519 2290 2672 2355 ὁδοὺς
2710 2291 2905 2346 αὐτοῦ’
2930 2311 2949 2344 ι
3000 2294 3050 2344 si
3091 2293 3167 2364 μὴ
3207 2293 3315 2364 ἄρα
3350 2310 3435 2357 τις
3464 2293 3774 2364 ἐπιλήψεται

2203 2382 2298 2437 τοῦ
2336 2401 2353 2434 ι
2378 2383 2643 2459 κληθήσῃ,
2669 2405 2688 2436 ι
2718 2385 2793 2456 μὴ
2819 2388 2938 2458 είρη
2948 2386 3106 2457 μένου
3129 2384 3223 2438 106
3253 2387 3389 2453 ἔσῃ,
3432 2387 3534 2440 καλ⁵
3557 2386 3777 2457 μάλιστα
3802 2424 3803 2441 ς

2204 2475 2292 2529 διὰ
2329 2475 2389 2530 τὸ
2428 2477 2567 2549 πρὸς
2609 2478 2733 2541 τοὺς
2785 2478 3062 2548 οἰομένους
3105 2478 3267 2532 αὐτὸν
3313 2479 3607 2550 προφήτην
3654 2473 3803 2530 siml

2203 2567 2484 2638 εἰρηκέναι
2529 2566 2621 2620 τὸν
2664 2566 2920 2638 Σωτῆρα’
2969 2585 2988 2617 ι
3026 2564 3186 2619 Ἀλλά
3225 2564 3295 2618 τί-
3322 2564 3583 2636 ἐξήλθετε
3630 2563 3775 2625 ίδεῖνς

2203 2659 2530 2730 ΙΙροφήτην;
2571 2658 2680 2713 Ναὶ
2724 2657 2867 2727 λέγω
2904 2659 3054 2729 ὑμῖν,
3097 2657 3191 2711 καὶ
3227 2655 3622 2727 περισσότερον
3659 2671 3782 2726 προ-

2204 2753 2397 2824 φήτου.
2424 2771 2444 2804 ι
2466 2751 2893 2824 Παρατηρητέον
2922 2751 2999 2816 δὲ,
3031 2752 3113 2805 ὅτι
3131 2753 3213 2816 τὸ,
3245 2770 3263 2801 ι
3287 2750 3395 2803 Ναὶ
3415 2748 3565 2818 λέγω
3589 2749 3735 2819 ὑμῖν,
3756 2765 3772 2798 ι

2201 2843 2382 2916 τίθησι
2408 2843 2470 2897 τὸ
2500 2844 2782 2917 προφήτην
2808 2839 2947 2897 εἶναι
2971 2843 3062 2897 τὸν
3100 2842 3373 2915 Ἰωάννην,
3396 2843 3492 2896 καὶ
3513 2843 3619 2895 οὐκ
3640 2844 3781 2895 ἀναιο

2204 2936 2378 3007 ρεῖται
2423 2933 2486 2987 τὸ
2523 2935 2808 3006 προφήτην
2853 2935 3016 2989 αὐτὸν
3061 2929 3219 2989 εἶναι.
3268 2933 3393 2987 Ἐὰν
3432 2933 3493 2987 δὲ
3537 2934 3678 3005 πρὸς
3714 2926 3803 3002 τῷ

2204 3027 2492 3100 προφήτης
2558 3026 2846 3096 τυγχάνειν
2904 3026 3000 3080 καὶ
3059 3025 3443 3100 περισσότερον
3506 3026 3803 3096 προφήτου,

2125 3101 2171 3165 C
2201 3120 2307 3174 ὑπὸ
2346 3119 2440 3174 τοῦ
2485 3118 2739 3192 Σωτῆρος
2785 3118 3032 3191 λέγηται,
3082 3119 3197 3182 πῶς
3229 3113 3341 3183 οὖν,
3400 3120 3450 3172 εἰ
3501 3120 3803 3190 προφήτης]

2199 3215 2338 3280 ἐστὶ,
2374 3213 2510 3287 πρὸς
2537 3214 2663 3277 τοὺς
2693 3215 2859 3285 ἱερεῖς
2903 3213 2999 3266 καὶ
3030 3213 3259 3277 Λευῖτας
3292 3210 3646 3285 ἐρωτῶντας,
3683 3232 3702 3264 ι
3732 3213 3803 3287 Ὀ]

2199 3310 2487 3383 προφήτης
2505 3304 2555 3362 εἷ
2581 3307 2645 3362 σύ
2667 3325 2682 3373 ;
2706 3326 2723 3359 ι
2752 3306 3048 3380 ἀπεκρίθη,
3078 3326 3095 3358 ι
3121 3306 3196 3360 06
3218 3323 3232 3373 ;
3259 3326 3277 3359 ι
3304 3307 3544 3361 Λεκτέον
3563 3307 3624 3361 δὲ
3660 3307 3787 3379 πρὸ;

2196 3402 2376 3468 τοῦτο,
2415 3404 2498 3457 ὅτι
2531 3404 2592 3457 οὺ
2627 3401 2825 3456 ταυτόν
2867 3403 3036 3467 ἐστιν,
3089 3419 3107 3452 ι
3143 3401 3201 3454 ὐ
3227 3402 3519 3474 προφήτης
3546 3398 3599 3454 εἷ
3638 3401 3735 3466 mi;
3766 3414 3803 3465 »ξ

2197 3500 2308 3564 καὶ,
2345 3516 2366 3550 r
2397 3498 2689 3569 Προφήτης
2708 3493 2762 3550 εἴ
2782 3495 2877 3556 σῦς
2912 3514 2931 3548 ι
2965 3492 3075 3566 (92)
3099 3492 3180 3547 Τὰ
3207 3492 3264 3546 δὲ
3286 3494 3449 3562 ὃμοια
3471 3490 3803 3565 τετήρηκα-ι

2202 3607 2298 3662 μεν
2324 3588 2698 3654 ἐξετάζοντες,
2728 3587 2780 3643 τί
2820 3586 3067 3657 διαφέρει
3107 3583 3168 3638 τὸ
3208 3584 3271 3637 '0
3299 3584 3445 3648 Θεὸς
3478 3582 3579 3635 106
3618 3583 3803 3655 636e,}

2198 3682 2290 3734 καὶ
2319 3681 2371 3734 '0
2390 3682 2577 3752 Λόγος
2605 3680 2697 3735 τοῦ
2724 3680 2932 3750 Λόγος.
2957 3678 3115 3732 Ἐπεὶ
3134 3676 3312 3730 τοίνυν
3336 3676 3394 3728 ὲν
3417 3674 3498 3745 τῷ
3526 3679 3789 3746 Δευτερο-

2196 3773 2369 3844 νομίῳ
2390 3773 2720 3844 γέγραπται·
2751 3791 2768 3823 ι
2799 3771 3089 3842 Προφήτην
3107 3770 3235 3840 ὑμῖν
3261 3769 3561 3839 ἀναστήσει
3580 3769 3803 3840 Κύρικῇ

2191 3868 2220 3921 ὁ
2245 3866 2379 3928 Θεὸς
2414 3865 2567 3937 ὑμῶν
2613 3866 2677 3918 ὲκ
2709 3862 2817 3917 τῶν
2866 3863 3110 3933 ἀδελφῶν
3157 3861 3310 3935 ὑμῶν
3343 3863 3420 3926 ὼς
3458 3863 3586 3935 ἐμὲ,
3618 3862 3803 3931 αὐτοὶ

2192 3958 2489 4012 ἀκούσεσθε
2508 3974 2520 3987 ·
2547 3957 2639 4011 καὶ
2666 3956 2818 4010 ἔσται
2846 3956 2995 4009 πᾶσα
3019 3954 3187 4027 ψυχὴ,
3215 3956 3338 4027 ἥτις
3368 3955 3435 4010 ἂν
3459 3957 3540 4028 μὴ
3572 3957 3796 4031 ἀκούσῃ

2192 4050 2284 4104 τοῦ
2315 4051 2591 4124 προφήτου
2625 4049 2855 4114 ἐκείνου,
2888 4047 3401 4121 ὲξολοθρευθήσεται
3434 4049 3501 4102 ὲκ
3535 4048 3636 4102 τοῦ
3659 4049 3803 4104 141.06l

2192 4143 2357 4198 αὐτοῦ
2374 4161 2387 4174 ·
2418 4164 2436 4196 ι
2470 4143 2835 4216 προσεδοκᾶτο
2857 4143 3152 4216 ἐξαιρέτως
3171 4159 3253 4207 τις
3282 4143 3573 4214 προφήτης
3595 4144 3803 4214 ὃμοιονξ

2190 4239 2381 4292 Μωσεί
2399 4255 2451 4291 τι
2478 4235 2638 4308 ἔχων,
2675 4236 2735 4290 τὸ
2782 4235 3098 4307 μεσιτεῦσαι
3147 4231 3283 4288 Θεοῦ
3323 4236 3418 4289 καὶ
3445 4228 3803 4307 άνθρώπωνή

2190 4329 2284 4383 καὶ
2311 4330 2372 4383 τὸ
2403 4327 2581 4384 λαϐὼν
2613 4328 2889 4399 Διαθήκην
2918 4327 3026 4380 ἀπὸ
3051 4326 3185 4380 Θεοῦ
3223 4326 3407 4382 δοῦναι
3442 4331 3557 4391 τοῖς
3604 4329 3803 4401 μαθηος

2189 4422 2499 4493 τευομένοις
2545 4422 2646 4493 τὴν
2688 4422 2909 4492 καινήν·
2947 4421 3039 4474 καὶ
3074 4420 3195 4473 καθ’
3228 4420 3454 4473 ἕκαστον
3490 4420 3605 4472 τῶν
3654 4410 3803 4491 προ-ξ

2191 4514 2375 4585 φητῶν
2414 4514 2709 4582 ἐγίνωσκον
2757 4514 2785 4566 ὁ
2829 4511 2958 4575 λαὸς
3020 4511 3237 4584 Ἰσραήλ
3290 4512 3497 4583 μηδένα
3551 4514 3803 4579 ὲκείνωνξ

3802 3508 3803 3539 ι

3802 3612 3803 3655 1

3802 3688 3803 3719 ι

3802 3786 3803 3815 ι

3801 3970 3803 4023 1

3802 4256 3803 4289 ι

3802 4434 3803 4463 ι

2140 4620 2147 4627 ’
2189 4606 2327 4662 εἶναι
2362 4608 2456 4662 τὸν
2490 4607 2597 4660 ὑπὸ
2624 4607 2718 4659 106
2760 4606 3007 4668 Μωσέως
3050 4606 3515 4677 προφητευθέντα.
3564 4608 3803 4685 Ὠσπερξ

2187 4698 2280 4757 06v
2311 4699 2587 4764 ὲδίσταζον
2635 4700 2763 4771 περὶ
2818 4698 3088 4761 Ἰωάννου,
3139 4699 3346 4769 μήποτε
3394 4698 3504 4771 ἄρα
3541 4702 3583 4753 Χ
3597 4704 3803 4774 915—3;

2187 4793 2348 4856 αὐτὸς
2373 4788 2462 4864 ἦν,
2507 4791 2678 4854 οὕτως
2723 4790 2815 4844 καὶ
2855 4792 3065 4861 μήποτε
3112 4792 3141 4843 ὀ
3186 4792 3490 4863 προφήτης.
3527 4794 3610 4845 Οὐ
3657 4795 3803 4848 ea”-

2192 4885 2394 4958 μαστὸν
2438 4883 2496 4936 δὲ
2532 4883 2580 4936 εί
2614 4881 2689 4954 μὴ
2733 4880 3015 4954 ἠκρίϐουν,
3056 4882 3139 4936 ὅτι
3170 4884 3331 4948 αὑτός
3375 4887 3491 4938 ἐστι
3536 4888 3803 4959 Χριστὸς

2189 4979 2283 5033 καὶ
2304 4977 2609 5051 προφήτης,
2644 4977 2691 5028 οί
2721 4972 3059 5038 διστάζοντες
3104 4977 3231 5048 περὶ
3273 4977 3523 5041 Ἰωάννου
3557 4986 3803 5053 μήποτε

2190 5073 2351 5136 αὐτὸς
2391 5070 2624 5142 Χριστὸς
2665 5063 2764 5140 ἦν’
2800 5069 3089 5123 ἀκόλουθον
3132 5069 3241 5143 γὰρ
3283 5070 3361 5142 τῷ
3410 5062 3535 5143 περὶ
3579 5076 3804 5131 πεφύτ-ω

2191 5162 2474 5234 δισταγμῷ
2508 5162 2570 5215 τὸ
2616 5162 2831 5230 ἀγνοεῖν
2870 5160 2960 5213 τὸν
2997 5161 3158 5215 αὐτὸν
3203 5156 3343 5217 εἶναι
3395 5164 3648 5235 Χριστὸν
3704 5172 3804 5229 κ.αὲ

2192 5256 2282 5311 τὸν
2327 5255 2633 5329 προφήτην.
2685 5251 2884 5306 Ἐλαθε
2937 5252 2993 5306 δὲ
3035 5254 3160 5317 τοὺς
3200 5253 3426 5321 πολλοὺς
3457 5259 3491 5328 ή
3537 5256 3804 5333 διαφορῂ

2194 5348 2287 5403 τοῦ
2346 5354 2378 5403 ὀ
2415 5352 2721 5420 προφήτης
2766 5347 2861 5399 καὶ
2887 5347 3218 5416 προφήτης,
3248 5347 3324 5412 ὡς
3353 5350 3446 5403 καὶ
3471 5350 3563 5403 τὸν
3608 5352 3687 5405 ἰι
3701 5372 3804 5426 pg.

2195 5442 2421 5507 κλέωνα,
2450 5442 2598 5506 ὅστις
2625 5441 2814 5506 αὐταῖς
2844 5440 3021 5506 λέξεσι
3059 5456 3242 5512 φησιν·
3276 5459 3294 5492 t
3328 5442 3415 5507 Ὠς
3443 5442 3549 5514 ἄρα
3583 5444 3804 5500 “leuis.

2192 5551 2289 5606 νης
2311 5533 2419 5606 (93)
2455 5530 2769 5604 ὡμολόγησε
2810 5530 2885 5602 μὴ
2926 5526 3063 5584 εἶναι
3100 5531 3128 5583 ὁ
3173 5531 3428 5603 Χριστὸς,
3462 5530 3602 5585 ἀλλὰ
3656 5539 3804 5611 μηξῆ

586 5644 861 5729 ¹ν¹10³¹¹ἰᾷν
882 5645 974 5729 21:
1049 5644 1241 5704 "LM.
1264 5666 1374 5718 xvi,
1410 5653 1495 5707 lli.
1576 5652 1618 5683 ¹³
1638 5650 1772 5707 Luc.
1793 5668 1832 5717 t,
1857 5652 1946 5708 76.
2029 5653 2072 5686 ιδ

2210 5656 2377 5719 th.xr,
2408 5654 2463 5709 9.
2545 5654 2587 5685 ¹⁸
2608 5651 2763 5709 Joan.
2785 5650 2933 5717 1,2l.
3015 5650 3058 5683 ¹⁶
3081 5650 3238 5707 Deut.
3263 5652 3529 5719 xvnt,15,
3556 5654 3663 5719 l8,
3696 5657 3804 5729 19;

511 5717 638 5773 Act.
672 5733 751 5785 nt,
782 5717 873 5783 22,
900 5719 988 5773 23.

591 5814 702 5887 (92)
735 5814 865 5887 Vide
892 5830 1056 5887 supra
1096 5824 1225 5887 tom.
1260 5832 1315 5879 ll,
1348 5814 1583 5887 num.5,
1621 5830 1709 5885 pp.
1739 5813 1969 5887 50,_Eil._
1992 5812 2080 5869 52.

587 5882 698 5954 (95)
739 5886 834 5954 Ὡς
862 5882 974 5956 ἄρα
1012 5885 1300 5953 Ἰωάννης,
1332 5896 1439 5941 etc.
1499 5884 1573 5939 Ita
1623 5882 1796 5941 codex
1844 5882 2091 5941 Bodleian:

2219 5894 2396 5953 recte;
2431 5883 2553 5942 libri
2591 5885 2741 5952 editi,
2781 5884 2868 5950 Ὠς
2895 5885 2980 5958 ἄρ’
3014 5886 3063 5939 ei
3105 5883 3382 5957 Ἰωάννης.
