3816 6526
39 432 126 488 129
1110 436 1465 495 COMMENT.
1503 436 1569 493 IN
1605 436 1800 496 JOAN.
1835 438 2075 497 TOMUS
2110 440 2197 497 Vl.
3169 447 3277 503 270

40 556 316 627 προφήτης.
338 560 474 632 μηδὲ
500 560 703 626 Ἠλίας.
728 582 747 616 ι
777 558 887 614 Καὶ
931 560 1050 615 δέον
1096 561 1260 616 αὐτὸν
1293 560 1469 626 οὕτως
1511 564 1594 617 ὲκ-

1701 562 1846 636 [cum
1878 563 2154 637 articulo,]
2190 572 2246 620 et
2296 564 2549 635 propheta
2584 562 2810 639 [absque
2855 564 3127 638 articulo].
3166 568 3246 621 vel

36 644 233 701 λαόόντα
275 649 543 714 ἐξετάσαι
587 651 658 705 τὰ
708 651 852 706 κατὰ
903 654 1031 716 τοὺς
1087 653 1308 717 τόπους,
1366 653 1594 726 πότερον

1704 656 1780 709 ιιιί
1824 656 1986 712 etiam
2044 655 2469 722 lieracleunem,
2517 657 2610 728 qui
2637 657 2785 712 hisce
2830 657 3154 713 dictionibus
3198 660 3251 713 in

36 738 254 808 ἀληθεύει
273 741 467 812 λέγων
488 745 597 818 (94)
624 746 697 817 μή
722 742 860 799 εἶναι
886 746 1196 817 προφήτης,
1226 746 1359 817 μηδὲ
1397 746 1594 811 Ἠλίαςς

1706 749 1867 816 quit:
1907 749 2038 803 «Sic
2060 747 2222 819 igitur
2260 746 2499 804 Joannes
2545 748 2722 805 fassus
2763 760 2848 805 est
2897 764 2957 804 se
2997 748 3276 805 Christum

35 828 153 900 ήοῦ.
196 832 251 886 Ὁ
288 833 360 888 δὲ
395 837 471 908 μὴ
515 837 816 909 ἐπιστήσας
843 839 955 900 τοῖς
1000 838 1208 902 τόποις,
1240 840 1297 891 ἐν
1328 831 1411 899 οἷς
1435 854 1594 892 κατα·

1707 851 1811 892 non
1850 852 2011 903 esse,
2051 852 2228 906 neque
2272 839 2593 908 prephetam
2633 855 2808 910 neque
2839 840 3030 896 Eliam.
3077 860 3098 895 ι
3133 841 3281 913 Opus

34 923 244 978 λέλοιπεν
278 926 707 999 ὑπομνήμασιν,
744 928 1115 996 ἀνεξετάστως
1158 927 1499 1000 παρελήλυθε
1530 927 1594 982 τὰ

1702 944 1826 984 eum
1863 930 2061 1001 alioqui
2103 930 2295 987 fuisset
2340 934 2486 986 hunc
2520 933 2693 988 locum
2722 936 2803 990 sic
2835 935 3277 1006 interpretantem

33 1017 328 1087 τηλικαῦτα,
376 1020 583 1093 σφόδρα
626 1021 802 1094 ὀλίγα,
832 1022 925 1075 καὶ
961 1020 1035 1093 μὴ
1072 1020 1513 1094 βεϐασανισμένα
1538 1022 1594 1075 ἐν

1701 1020 2055 1091 perscrutari,
2088 1036 2217 1076 vera
2268 1035 2441 1077 necne
2472 1021 2712 1080 Joannes
2766 1035 2951 1081 narret
2996 1026 3184 1084 dicens
3221 1045 3282 1085 se

30 1110 256 1181 τοίςὲξῆς
282 1111 490 1176 εἰπὼν,
518 1113 647 1185 περὶ
671 1093 746 1167 ὧν
776 1113 978 1178 εὐθέως
1019 1112 1274 1185 ἐροῦμεν.
1380 1093 1383 1094 ν

1701 1127 1876 1182 neque
1919 1114 2258 1183 prophetam,
2294 1129 2473 1183 neque
2515 1116 2682 1171 Etiam
2728 1131 2870 1173 esse.
2903 1119 3104 1174 Verum
3155 1138 3277 1176 cum

28 1200 125 1257 loca
153 1203 261 1260 bzec
300 1220 423 1261 non
453 1206 854 1263 considerasset
889 1208 980 1263 ille
1008 1209 1061 1263 in
1094 1207 1499 1263 commentariis
1527 1222 1646 1278 qua:
1676 1206 1910 1276 reliquit,
1953 1207 2079 1260 talia
2108 1208 2227 1263 sine
2256 1206 2359 1283 ulla
2391 1209 2795 1266 examinatione
2828 1213 3105 1280 prmteriit,
3132 1229 3281 1281 quin-

30 1298 130 1352 dam
159 1300 462 1358 admodum
494 1303 750 1374 paucula,
776 1318 951 1374 eaque
983 1303 1336 1375 indiligenter
1361 1302 1669 1359 examinata
1697 1302 1750 1355 in
1776 1300 2127 1371 sequentibus
2150 1302 2356 1367 dicens,
2384 1303 2451 1357 de
2475 1305 2670 1373 quibus
2701 1320 2824 1360 nlox
2849 1306 3047 1363 dicturi
3070 1324 3278 1363 sumus.

88 1392 132 1447 9.
146 1394 340 1449 suo,»
360 1391 476 1452 οὖν
489 1399 670 1465 αὐτῷ·
691 1399 788 1466 Τις
803 1394 877 1462 εἴ,
908 1399 1008 1453 ἵνα
1037 1399 1365 1468 ἀπόκρισιν
1393 1397 1589 1469 δῶμεν

1762 1397 1925 1468 118
1961 1397 2015 1453 9.
2046 1396 2307 1452 Dixerunt
2332 1414 2456 1469 ergo
2477 1401 2565 1457 ei:
2607 1400 2739 1467 Qui:
2771 1419 2847 1467 es,
2871 1412 2928 1457 ut
2973 1420 3277 1475 responsum

29 1486 129 1553 τοῖς
163 1488 491 1559 πέμψασιν
532 1491 720 1563 ήμᾶςς
770 1493 830 1547 τί
877 1491 1075 1564 λέγεις
1115 1494 1249 1564 περὶ
1296 1494 1591 1557 σεαυτοῦ;

1701 1492 1869 1547 [enim
1898 1492 1978 1546 his
2010 1492 2103 1562 qui
2145 1491 2399 1545 miserunt
2445 1496 2575 1549 nos?
2598 1496 2724 1564 quid
2749 1497 2882 1551 dicis
2904 1497 2968 1552 de
2990 1507 3040 1551 te
3060 1499 3172 1565 ipso
3194 1499 3279 1555 "?

28 1578 233 1650 Δυνάμει
283 1581 461 1636 τοῦτο
509 1584 760 1653 λέγουσιν
816 1585 866 1638 oi
928 1584 1357 1648 ἀποσταλέντεςο
1415 1586 1594 1654 Ὅπερ

1701 1583 1824 1638 Illud
1856 1585 1997 1653 quod
2030 1585 2217 1639 dicunt
2250 1583 2303 1638 bi
2344 1585 2435 1653 qui
2488 1587 2635 1641 missi
2672 1591 2920 1655 fuerant,
2953 1592 3056 1645 hoc
3087 1592 3271 1646 valet:

24 1670 359 1736 ὑπονοοῦντες-
385 1670 526 1730 εἴναί
558 1693 616 1729 σε
647 1675 986 1749 ἐληλύθαμεν
1013 1672 1405 1750 μαθησόμενοι,
1436 1676 1594 1743 ἐγνω-

1701 1676 2099 1730 Adveneramus
2137 1676 2382 1731 discendi
2408 1678 2580 1746 gratia
2613 1682 2755 1749 quod
2779 1684 3033 1737 rebamur
3059 1694 3111 1739 te
3132 1700 3277 1752 esse,

28 1779 110 1833 μεν
142 1764 236 1818 οὐκ
263 1766 407 1821 ὂντα
427 1785 441 1798 ·
470 1767 713 1823 λείπεται
734 1769 791 1823 δὲ
826 1769 965 1842 μετὰ
985 1769 1153 1824 ταῦτα
1180 1769 1288 1824 ἀπὸ
1314 1769 1409 1824 σοῦ
1432 1768 1597 1824 ἀκοῦο

24 1870 97 1907 σαι
116 1857 191 1923 τὸ,
219 1859 384 1924 ὅστις
410 1856 484 1926 εἷ,
510 1862 598 1917 ίνα
626 1865 741 1927 τοῖς
773 1862 1025 1935 πέμψασι
1051 1863 1152 1936 τὴν
1182 1863 1279 1936 σὴν
1303 1865 1594 1939 ἀπόκρισιν

24 1949 130 2019 περὶ
156 1950 245 2003 σοῦ
278 1952 511 2023 ἁπαγγε
520 1954 740 2026 ίλωμεν.

80 2043 158 2096 10.
185 2044 333 2114 Ἐγὼ
359 2045 533 2115 φωνὴ
552 2046 824 2114 βοῶντος
847 2048 919 2103 ἐν
945 2047 1019 2118 τῇ
1038 2048 1263 2119 ἐρήμῳ·
1289 2048 1595 2103 Εὐθύνατε

22 2132 118 2202 tip-
154 2135 297 2190 ὁδὸν
351 2140 601 2208 Κυρίου,
648 2143 841 2208 καθὼς
876 2136 1047 2196 εἶπεν
1084 2142 1336 2207 Ἠσαᾶις
1385 2144 1417 2195 d
1450 2153 1595 2209 προ-

19 2228 204 2296 φήτης.
240 2230 464 2303 Ὠσπερ
494 2234 521 2286 ό
558 2233 765 2303 κυρίως
800 2233 926 2298 Υἱὸς
956 2233 1049 2288 τοῦ
1092 2233 1250 2299 Θεοῦ,
1278 2234 1377 2304 οὐχ
1409 2233 1596 2305 ἕτερος

22 2319 165 2385 Mm
178 2318 288 2389 (93)
304 2321 626 2391 τυγχάνων,
645 2324 842 2395 χρῆται
856 2323 1018 2396 λόγῳ·
1036 2324 1195 2389 αὐτὸς
1211 2323 1320 2396 γὰρ
1336 2325 1364 2376 ό
1379 2325 1438 2377 ἐν
1453 2324 1593 2395 ἀρχῇ

17 2410 163 2479 Λόγος
183 2408 252 2484 ἦν
285 2415 318 2466 ό
354 2415 496 2486 πρὸς
514 2415 606 2468 τὸν
616 2416 749 2471 Θεὸν
765 2418 794 2470 ὁ
819 2417 991 2485 Λόγος
1004 2416 1154 2480 Θεός·
1175 2414 1348 2478 οὕτως
1362 2418 1390 2469 ὁ
1415 2416 1597 2483 Ἰωάν-

18 2519 116 2573 νης,
132 2504 159 2554 ὁ
177 2504 474 2576 ὑπηρέτης
495 2508 706 2561 ἐκείνου
733 2506 828 2562 τοῦ
851 2508 1026 2578 Λόγου
1054 2508 1122 2579 (εί
1150 2507 1353 2577 κυρίως
1372 2507 1594 2561 ἀκούοι-

20 2611 102 2664 μεν
118 2596 212 2666 τῆς
233 2597 515 2670 Γμφῆς),
545 2600 644 2671 οὐχ
666 2600 852 2672 ἕτερος
875 2597 949 2653 ὢν
971 2599 1177 2671 φωνῆς,
1207 2600 1407 2672 χρῆται
1440 2603 1592 2673 φωνῇ

16 2686 312 2764 δεικνυούσῃ
330 2691 428 2744 τὸν
443 2693 633 2761 Λόγον.
655 2688 822 2757 Οὗτος
833 2691 919 2765 δὴ,
938 2694 1137 2758 συνιεὶς
1150 2693 1248 2763 τὴν
1262 2710 1328 2746 πε
1334 2692 1389 2766 pl.
1401 2692 1594 2746 ἑαυτοῦ

16 2782 334 2853 τεῳ-θητείαν
377 2785 531 2857 παρά
552 2766 631 2856 τῷ
663 2785 863 2857 Ἠσαίᾳ
900 2785 1215 2857 εἰρημένην,
1264 2786 1428 2857 φησὶν
1456 2781 1594 2839 εἶναι

18 2876 166 2945 φωνὴ,
193 2877 319 2948 οὐχὶ
376 2876 558 2947 βοῶσα
605 2880 664 2934 ἐν
695 2880 761 2949 τῇ
806 2878 1019 2950 ἐρήμῳ,
1055 2877 1191 2931 ἀλλὰ
1229 2896 1247 2929 ι
1279 2876 1511 2948 βοῶντος
1535 2877 1596 2931 ἐν

14 2968 69 3038 τῇ
106 2970 328 3042 ἐρήμῳ’
373 2970 469 3024 τοῦ
501 2970 816 3035 ἐνεστῶτος,
852 2971 946 3026 καὶ
980 2972 1347 3047 κεκραγότος’
1385 2973 1486 3026 "Av
1511 2990 1596 3037 τις

16 3058 142 3130 by};
168 3062 426 3134 ἐρχέσθω
461 3064 598 3135 πρὸς
635 3065 725 3135 μὲ,
754 3064 850 3119 καὶ
894 3063 1128 3119 πινέτω’
1156 3084 1174 3118 ι
1211 3063 1459 3134 λέγοντος
1500 3065 1596 3119 καὶ

1696 1777 1744 1821 et
1795 1768 2117 1839 agnovimus
2155 1778 2207 1822 te
2237 1784 2344 1824 non
2386 1786 2510 1827 esse
2557 1772 2760 1837 talem;
2794 1784 2966 1829 restat
2998 1785 3120 1845 post
3166 1781 3281 1834 hare

1698 1866 1756 1912 ut
1781 1859 1878 1915 abs
1902 1869 1956 1914 te
1986 1859 2276 1915 audiamus
2299 1860 2423 1931 quis
2445 1862 2544 1929 sis,
2578 1874 2637 1918 ut
2667 1867 3041 1923 renuntiemus
3072 1868 3158 1924 bis
3183 1870 3277 1940 qui

1697 1952 1961 2008 miserunt
1986 1968 2084 2009 nos
2119 1967 2438 2023 responsum
2472 1966 2623 2011 tuum
2649 1959 2716 2015 de
2749 1968 2821 2018 te.

1767 2047 1858 2100 10.
1899 2045 2013 2116 Ego
2039 2062 2139 2102 vos
2178 2048 2460 2104 clamantis
2488 2051 2544 2106 in
2590 2051 2797 2107 deserto
2828 2070 2849 2109 :
2881 2055 3105 2127 Dirigite
3139 2060 3280 2114 viam

1699 2136 1933 2203 Domini,
1965 2139 2101 2192 sicut
2153 2138 2291 2194 dixit
2320 2140 2497 2198 Isaias
2530 2145 2782 2213 propheta
2821 2147 2887 2200 ³⁸.
2927 2146 2998 2203 Ut
3052 2149 3141 2204 ille
3187 2150 3280 2219 qui

1695 2232 1919 2302 pr0prie
1947 2232 2121 2287 Filius
2156 2242 2241 2290 est
2286 2233 2405 2301 Dei,
2458 2251 2565 2292 non
2601 2238 2742 2295 alius
2769 2253 2799 2293 a
2847 2239 3111 2297 Sermone
3151 2259 3276 2299 cum

1697 2323 1792 2389 sit,
1820 2340 2070 2382 sermone
2097 2327 2304 2393 utitur;
2330 2328 2469 2397 (ipse
2498 2329 2642 2384 enim
2686 2329 2739 2384 in
2772 2331 3042 2400 principio
3083 2333 3278 2389 Sermo

1696 2416 1787 2472 ille
1808 2427 1948 2482 erat,
1977 2427 2030 2474 et
2068 2418 2161 2473 ille
2192 2419 2365 2488 Λόγος
2399 2420 2540 2477 Deus
2584 2422 2724 2492 apud
2760 2422 2929 2478 Deum
2962 2443 2976 2480 :
3004 2426 3085 2481 sic
3113 2425 3275 2481 Joan-

1696 2521 1813 2573 nes,
1847 2507 2099 2563 minister
2148 2508 2294 2565 illius
2324 2509 2612 2567 Sermonis
2662 2512 2730 2579 (si
2768 2515 2988 2583 proprie
3027 2515 3282 2586 Scriptu-

1697 2611 1814 2651 ram
1852 2597 2262 2671 intelligamus),
2302 2615 2409 2656 non
2437 2600 2575 2657 alius
2616 2617 2740 2656 cum
2787 2603 2860 2658 sit
2893 2619 2923 2658 a
2961 2619 3115 2671 voce,
3149 2621 3282 2662 voce

1696 2688 1871 2745 utitur
1892 2690 2215 2746 ostendente
2250 2691 2591 2748 Sermonem.
2625 2692 2728 2761 Qui
2754 2695 2921 2750 etiam
2962 2711 3086 2753 cum
3118 2699 3282 2754 intel-

1696 2779 1918 2837 lexisset
1935 2783 2278 2853 prophetiam
2308 2784 2376 2839 de
2402 2799 2463 2840 se
2480 2784 2622 2854 apud
2652 2784 2846 2840 Isaiam
2870 2788 3068 2843 dictam
3093 2789 3278 2858 fuisse,

1697 2886 1884 2927 vocem
1915 2888 1975 2929 se
2000 2888 2122 2929 esse
2145 2874 2323 2945 inquit
2352 2893 2365 2928 :
2396 2890 2498 2931 nec
2528 2890 2715 2933 vocem
2738 2876 3073 2933 clamantem
3099 2882 3153 2934 in
3184 2883 3279 2938 de-

1696 2975 1869 3034 serto,
1900 2967 1995 3022 sed
2022 2981 2213 3023 vocem
2248 2984 2267 3019 ι
2311 2966 2600 3024 clamantis
2642 2970 2696 3025 in
2742 2971 2992 3039 deserto;
3036 2993 3056 3026 ι
3084 2989 3282 3045 nempe

1695 3054 1842 3112 illius
1896 3058 1988 3128 qui
2028 3074 2048 3109 ι
2083 3057 2282 3125 stabat,
2315 3068 2370 3114 et
2410 3058 2726 3117 clamabat:
2768 3062 2826 3117 Si
2859 3064 2982 3132 quis
3028 3065 3163 3131 sitit,
3189 3082 3284 3123 ve-

16 3146 92 3197 τόο
119 3166 136 3199 ι
160 3148 449 3204 Εὐθύνατε
480 3153 580 3223 τὴν
610 3152 727 3205 ὁδὸν
763 3152 990 3225 Κυρίου,
1013 3152 1227 3218 εὐθείας
1263 3156 1466 3208 ποιεῖτε
1496 3153 1594 3220 τὰς

1701 3150 1817 3205 niat
1840 3150 1907 3205 ad
1931 3165 2039 3218 me,
2066 3160 2119 3206 et
2144 3150 2297 3206 bibat
2322 3151 2402 3215 ";
2442 3171 2461 3205 ι
2506 3152 2733 3209 dicendo
2771 3164 2825 3209 et
2868 3156 3042 3212 illud:
3080 3176 3100 3211 ι
3138 3158 3284 3214 Diri-

14 3241 206 3309 τρίὸους
254 3245 668 3300 αὐτοῦ.ι11ἄσα
726 3246 941 3317 φάραγξ
990 3247 1444 3320 πληρωθήσεται,
1498 3248 1594 3303 καὶ

14 3336 106 3386 πᾶν
148 3336 275 3410 ὅρος
337 3339 439 3393 καὶ
492 3338 682 3410 βουνὸς
738 3339 1237 3411 ταπεινωθήσεται,
1291 3342 1387 3395 καὶ
1437 3341 1593 3396 ἔσται

14 3426 169 3480 πάντα
210 3430 285 3484 τά
335 3429 533 3484 σκολιὰ
570 3449 589 3482 ι
644 3432 724 3495 είς
763 3430 997 3486 εὺθείαν.
1054 3451 1072 3483 ι
1114 3433 1324 3505 ’Ὠσπερ
1379 3432 1488 3504 γὰρ
1533 3434 1593 3487 ἐν

12 3523 69 3591 τῇ
107 3521 305 3593 Ἐξόδῳ
358 3524 677 3595 γέγραπται
738 3524 876 3596 πρὸς
928 3524 1133 3578 Μωσέα
1184 3524 1439 3595 λέγεσθαι
1488 3526 1594 3580 ὑπὸ

11 3610 149 3677 Θεοῦ,
196 3634 216 3666 ι
258 3615 400 3669 Ἰδοὺ
433 3616 646 3670 δέδωκά
685 3632 745 3670 σε
773 3615 906 3670 Θεὸν
934 3614 1154 3687 Φαραὼ,
1188 3617 1284 3671 καὶ
1322 3616 1532 3690 ’Λαρὼν
1564 3616 1593 3670 ό

12 3703 219 3776 ἀδελφός
260 3725 364 3760 σου
410 3707 567 3761 ἔσται
618 3725 712 3761 σου
764 3711 1071 3782 προφήτης,
1122 3729 1140 3760 ι
1189 3708 1333 3765 οὕτω
1373 3711 1594 3782 νοητέον

12 3798 255 3867 ἀνάλογόν
318 3818 375 3854 τι
408 3801 645 3866 τούτοις,
679 3803 727 3854 εί
759 3803 854 3855 καὶ
883 3803 956 3873 μὴ
992 3801 1167 3873 πάντη
1196 3803 1407 3874 ὅμοιον,
1455 3800 1593 3858 εἶναι

12 3892 87 3943 τόν
119 3894 180 3945 ἐν
224 3894 383 3966 ἀρχῇ
414 3894 592 3963 Λόγον
630 3892 765 3947 Θεὸν
806 3894 902 3947 καὶ
949 3895 1232 3966 Ἰωάννην·
1286 3896 1440 3967 φωνὴ
1484 3896 1593 3965 γὰρ

8 3984 236 4059 δεικτικὴ
270 3985 390 4056 (96)
437 3986 536 4040 καὶ
582 3985 964 4058 παραστατικὴ
1008 3987 1214 4041 ἐκείνου
1253 3984 1349 4038 τοῦ
1382 3984 1539 4054 λόγου
1566 3987 1595 4039 ό

20 4076 257 4149 Ἰωάννης
307 4074 402 4148 ἦν.
453 4078 657 4150 Διόπερ
707 4079 849 4133 πάνυ
902 4078 1252 4150 ἁρμοζόντως
1308 4078 1408 4131 οὐκ
1456 4078 1594 4152 ἄλλῃ

10 4170 207 4224 κολάσει
260 4170 656 4243 περιῦάλλεται
719 4172 998 4244 Ζαχαρίας
1057 4170 1248 4244 (εἰπὼν
1308 4170 1446 4242 πρὸς
1502 4171 1627 4224 τὸν

12 4261 223 4329 ἄγγελον
242 4283 255 4293 ·
309 4282 330 4314 ι
359 4263 515 4318 Κατὰ
554 4264 607 4317 τί
654 4263 935 4335 γνώσομαι
966 4262 1158 4327 τοῦ-τος
1203 4261 1314 4331 ἐγὼ
1343 4262 1453 4333 γάρ
1478 4264 1593 4332 είμι

12 4355 337 4428 πρεσϐύτης,
387 4357 484 4409 καὶ
528 4358 563 4427 ή
610 4357 747 4427 γυνή
796 4373 898 4426 μου
953 4354 1327 4427 προϐεϐηκυῖα
1379 4354 1437 4407 ἐν
1474 4356 1596 4417 ταῖς

10 4447 229 4519 ἡμέραις
252 4448 465 4519 αὐτῆς·
496 4448 541 4520 ι)
576 4449 611 4519 ἢ
651 4451 717 4520 τῇ
750 4449 1004 4520 στερήσει
1032 4448 1130 4519 τῆς
1160 4445 1345 4517 φωνῆς
1372 4445 1460 4499 διὰ
1496 4446 1594 4518 τὴν

8 4534 252 4591 ἀπιστίαν
293 4537 405 4607 τῆς
449 4539 718 4607 γενέσεως
766 4538 865 4608 τῆς
916 4537 1120 4608 φωνῆς,
1170 4534 1315 4589 κατά
1352 4535 1413 4588 τδ
1442 4536 1594 4607 είρτΓ

1695 3242 1809 3312 gite
1838 3243 1985 3298 viam
2012 3242 2248 3310 Domini,
2273 3253 2452 3300 rectas
2483 3245 2645 3301 facile
2666 3249 2890 3304 semitas
2924 3249 3057 3318 ejus.
3091 3250 3280 3310 Omnis

1693 3334 1850 3390 vallis
1901 3333 2229 3405 implebitur,
2255 3345 2309 3391 et
2350 3336 2531 3392 omnis
2565 3351 2722 3394 mons
2762 3348 2817 3394 et
2842 3342 2995 3397 collis
3020 3344 3281 3402 reddetur

1696 3426 1940 3494 humilis,
1966 3436 2019 3481 et
2044 3436 2207 3482 erunt
2236 3427 2419 3483 omnia
2442 3429 2663 3500 obliqua
2698 3432 2750 3485 in
2776 3431 2919 3487 viam
2953 3442 3157 3489 rectam
3172 3436 3274 3489 ὀ.»

1698 3518 1768 3574 Ut
1790 3520 1936 3574 enim
1969 3520 2230 3589 scriptum
2260 3528 2345 3576 est
2383 3521 2436 3576 in
2475 3521 2665 3577 Exodo
2695 3522 2830 3579 Mosi
2859 3540 2887 3579 a
2927 3524 3034 3579 Deo
3057 3525 3161 3582 dici
3206 3528 3280 3594 ⁸³,

1702 3629 1721 3662 ι
1753 3610 1893 3665 Ecce
1935 3610 2059 3666 dedi
2116 3620 2169 3666 te
2217 3610 2387 3664 Deum
2443 3609 2756 3677 Pharaoni,
2790 3621 2844 3668 et
2875 3616 3060 3670 Aaron
3109 3617 3282 3671 frater

1698 3711 1823 3758 tuus
1853 3705 1959 3760 erit
2003 3714 2126 3758 tuus
2155 3704 2445 3774 propheta,
2479 3723 2499 3757 ι
2545 3704 2626 3759 sic
2669 3704 3080 3775 intelligendum
3116 3718 3201 3763 est
3223 3708 3280 3763 in

1696 3796 1784 3854 his
1812 3797 2078 3853 rationem
2120 3796 2409 3867 quamdam
2454 3805 2510 3851 et
2554 3799 2857 3870 analogiam
2893 3816 3013 3857 esse
3053 3800 3279 3858 Joannis

1696 3890 1763 3944 ad
1802 3888 2121 3945 Sermonem
2162 3889 2354 3954 Deum,
2398 3890 2491 3959 qui
2525 3899 2610 3945 cst
2643 3891 2696 3946 in
2742 3891 3029 3961 principio,
3064 3895 3279 3949 etiamsi

1696 3982 2052 4051 undequaqne
2090 3982 2390 4037 similitudo
2430 3996 2536 4038 non
2571 3984 2821 4054 quadret.
2856 3982 2973 4040 Vox
3003 3987 3147 4040 enim
3179 3988 3278 4042 de-

1696 4085 2008 4130 monstrans
2056 4083 2112 4130 et
2145 4076 2216 4130 ob
2254 4075 2443 4131 oculos
2483 4090 2699 4146 ponens
2738 4076 3059 4133 Sermonem
3101 4078 3275 4147 illum,

1696 4162 1938 4222 Joannes
1985 4175 2128 4222 erat.
2170 4166 2535 4235 Quamobrem
2569 4169 2722 4225 valde
2745 4179 2866 4240 apte
2899 4186 3004 4226 non
3034 4172 3137 4226 alia
3176 4188 3280 4241 pu-

1699 4258 1906 4314 nitione
1928 4259 2187 4329 plectitur
2215 4259 2512 4317 Zacharias
2545 4262 2692 4333 (cum
2717 4264 2944 4319 dixisset
2973 4266 3166 4334 angelo
3190 4269 3236 4301 “
3260 4286 3279 4324 :

1702 4369 1722 4403 ‹
1769 4351 1871 4419 Qui
1903 4368 2228 4423 cognoscam
2268 4354 2452 4412 istbuc
2478 4356 2503 4411 ί
2537 4371 2639 4428 ego
2685 4359 2831 4413 enim
2859 4372 2980 4413 sum
3005 4372 3192 4420 senex.
3221 4370 3278 4416 et

1698 4458 1838 4498 uxor
1868 4459 1984 4499 mea
2018 4455 2290 4514 provectae
2313 4446 2427 4518 jam
2459 4449 2635 4503 aetatis
2670 4452 2738 4517 ι),
2776 4465 2938 4519 quam
2971 4451 3279 4519 privatione

1700 4537 1885 4603 vocis,
1919 4552 1987 4592 eo
2014 4541 2156 4608 quod
2189 4554 2294 4594 non
2328 4539 2653 4595 credidisset
2680 4542 2822 4596 ortni
2849 4544 2996 4598 vocis
3017 4544 3172 4614 juxta
3197 4545 3303 4597 di—.

14 4628 156 4695 μένον
180 4629 295 4684 ὑπὸ
334 4628 432 4683 τοῦ
472 4629 711 4701 Γαϐριὴλ
733 4628 869 4701 πρός
896 4627 1087 4681 αὐτόν’
1131 4647 1150 4679 ι
1174 4628 1304 4683 Ἰδοὺ
1338 4627 1435 4699 ἔσῃ
1468 4645 1594 4682 σιω-

1701 4636 1845 4681 ctum
1867 4625 2136 4683 Gabrielis
2168 4629 2234 4684 ad
2264 4628 2441 4698 ipsum
2461 4626 2538 4682 ":
2567 4645 2587 4680 ι
2629 4628 2769 4684 Ecce
2798 4629 2913 4685 eris
2944 4631 3158 4694 tacitus,
3179 4643 3280 4685 ιιι-ο

16 4719 137 4786 τῶν,
179 4724 281 4777 καὶ
333 4721 414 4793 μή
456 4722 752 4792 δυνάμενος
795 4720 1044 4791 λαλῆσαι,
1088 4720 1216 4793 ἄχρι
1264 4718 1333 4794 ἧς
1379 4723 1594 4794 ἡμέρας

1701 4719 1907 4790 poteris
1939 4718 2086 4788 loqui
2118 4719 2185 4773 ad
2219 4734 2345 4775 eum
2385 4736 2558 4789 usque
2587 4722 2732 4777 diem
2760 4737 2865 4792 qua
2891 4722 3007 4777 haec
3041 4723 3277 4786 tiant,eo

13 4812 218 4885 γίνηται
256 4813 464 4876 ταῦτα,
512 4813 626 4868 ἀνθ’
669 4806 744 4867 ὧν
774 4813 875 4867 οὐκ
897 4812 1224 4877 ἐπίστευσας
1269 4816 1381 4878 τοῖς
1414 4814 1594 4884 λόγοις

1702 4813 1845 4883 quod
1880 4826 1989 4867 non
2024 4812 2307 4869 credidisti
2347 4814 2532 4870 verbis
2568 4815 2729 4878 meis,
2758 4828 2877 4883 quae
2916 4814 3280 4884 implebunnr

17 4921 123 4972 pm,
162 4907 380 4969 οἵτινες
410 4906 815 4979 πλησθήσονται
842 4907 924 4970 εἰς
960 4905 1051 4959 τὸν
1092 4906 1282 4979 καιρὸν
1324 4906 1524 4962 αὐτῶν.
1567 4926 1587 4961 ι

1703 4914 1944 4975 tempore
1976 4920 2096 4960 suo.
2136 4924 2156 4959 ι
2187 4904 2287 4962 llic
2318 4907 2505 4977 itaque
2531 4906 2824 4962 Zacharias
2858 4921 2980 4960 cum
3012 4905 3279 4975 postula'a

16 4989 168 5061 Οὗτος
187 4997 257 5069 δὴ
281 4997 316 5049 ὁ
349 4997 646 5067 Ζαχαρίας,
675 4997 764 5050 ὅτε
794 4996 1027 5068 αίτήσας
1058 4997 1359 5052 πινακίδιον
1386 4997 1593 5071 ἔγραψε

1703 4994 1958 5051 tabellula
1998 4995 2307 5066 scripsisset
2344 4996 2554 5061 dicens,
2615 5011 2635 5046 ι
2682 4992 2919 5048 Joannes
2963 5001 3277 5048 estnomen

16 5083 191 5154 λέγων,
233 5107 255 5140 ι
304 5089 564 5161 Ἰωάννης
600 5089 747 5144 ἐστὶν
781 5088 952 5160 ὄνομα
992 5088 1180 5155 αὐτοῦ,
1227 5090 1324 5143 καὶ
1353 5090 1594 5162 ἐθαύμα-

1704 5087 1843 5156 eius,
1873 5096 1928 5145 et
1974 5086 2153 5141 mirati
2188 5086 2419 5142 fuissent
2456 5101 2647 5141 onmes
2668 5086 2734 5149 “,
2772 5103 2791 5137 ι
2822 5084 3026 5153 recepit
3046 5100 3231 5140 vocem
3261 5102 3277 5140 :

18 5191 104 5232 σαν
146 5182 426 5246 πάντες,›
476 5182 744 5253 ἀπείληφε
801 5181 900 5253 τὴν
956 5183 1166 5255 φωνήν
1225 5201 1245 5233 ι
1277 5181 1540 5255 Ἀνεῴχθη
1571 5202 1591 5236 ι

1711 5199 1730 5232 ι
1760 5180 2031 5251 Apertum
2063 5188 2148 5235 est
2182 5180 2325 5235 enim
2358 5179 2505 5234 illico
2528 5193 2591 5233 os
2615 5179 2752 5247 ejus,
2776 5178 3031 5248 etlingua
3059 5179 3193 5249 ejus,
3226 5189 3282 5235 et

17 5273 111 5344 γάρ
151 5293 173 5327 ‹
198 5273 264 5328 τὸ
316 5273 496 5346 στόμα
539 5273 708 5329 αὑτοῦ
756 5274 1133 5346 παραχρῆμα,
1180 5273 1330 5346 καὶὴ
1374 5274 1594 5345 γλῶσσα

1701 5271 2025 5343 loquebatur
2052 5270 2379 5327 benedicens
2404 5272 2570 5325 Deum
2604 5271 2672 5323 ”.
2716 5289 2735 5323 ι
2779 5269 2847 5326 Ut
2880 5281 3062 5326 autem
3096 5273 3282 5341 dispu-

19 5366 188 5431 m3,
221 5367 327 5421 καὶ
356 5365 535 5421 ἐλάλει
557 5366 798 5435 εὐλογῶν
823 5366 915 5421 τὸν
941 5366 1095 5421 Θεόν.
1123 5383 1143 5418 ι
1164 5366 1377 5439 ’Ὠσπερ
1411 5365 1467 5419 δὲ
1504 5365 1594 5418 καὶ

1703 5373 1888 5421 tantes
1930 5378 2165 5434 quonam
2200 5371 2359 5433 pacto
2405 5361 2814 5433 intelligendum
2859 5373 3023 5427 esset,
3055 5362 3278 5419 Sermo-

84 5516 120 5545 "
148 5513 319 5570 Joan.
358 5528 405 5577 ι,
429 5512 515 5568 22.
624 5514 668 5546 η
691 5511 822 5569 ibid.
852 5511 947 5566 23.
1046 5511 1089 5544 ι’
1120 5508 1279 5566 Joan.
1306 5525 1401 5577 vn,
1444 5508 1536 5566 35.

1721 5505 1855 5564 Luc.
1897 5519 1980 5571 ιιι,
2018 5503 2086 5571 4,!
2112 5502 2166 5558 5.
2270 5502 2313 5533 “
2342 5500 2511 5557 Exod.
2543 5516 2639 5566 vn,
2669 5502 2720 5557 ι.
2830 5501 2873 5532 ²¹
2917 5499 3051 5556 Luc.
3104 5515 3143 5565 ι,
3189 5499 3277 5554 18.

21 5579 63 5612 ⁸³
86 5587 211 5642 ibid.
235 5585 339 5639 20.
437 5585 483 5617 “
514 5583 646 5640 ibid.
692 5583 783 5638 65.
877 5581 1059 5637 "ibid.
1089 5580 1178 5636 64.

80 5727 185 5797 (9i)
222 5727 535 5793 Ἀληθεύει
585 5726 799 5797 λέγων.
824 5796 830 5797 ί
859 5722 951 5797 Sic
1001 5724 1174 5797 codex
1216 5720 1591 5797 Bodleianus;

1716 5750 1735 5797 _-
1776 5715 1890 5789 (95)
1915 5713 2446 5797 Aoroq.LFerrarius
2477 5711 2688 5796 legebat
2711 5712 2907 5797 Λόγουζ
2926 5708 3280 5797 quemadmo-

24 5780 305 5852 male'libri
345 5780 501 5867 editi,
530 5780 839 5867 ἀληθεύειῆ
874 5792 1416 5867 λέγῳνᾏῐδοιιίολροξι
1449 5780 1595 5867 recte
1701 5780 2021 5867 dumﬁrecte'
2042 5780 2324 5867 legiturjn
2361 5780 2833 5867 margine'eodicis
2866 5780 3245 5867 Bodlc'iimilh

23 5849 381 5963 erismae—del:
418 5849 733 5963 DodleiaLnus
772 5849 1010 5963 hibet:
1049 5862 1137 5963 οξ)ιζ
1178 5849 1594 5963 Ὀυξὲηέπιστή-

1757 5849 2200 5963 ,(οξζξξίῗιξὲἷιή.
2253 5854 2343 5912 Sic
2397 5849 2562 5911 codex
2616 5854 2976 5917 Bodleianus;
3025 5849 3279 5904 Barberi-

26 5954 129 6006 εκ,
163 5940 257 5995 ubi
298 5936 438 5993 libri
464 5938 585 5994 editi
614 5937 792 5993 ferunt
816 5936 852 6002 ἢ
889 5927 1028 5990 οὐδὲ.
1083 5933 1433 6003 Ἐπιστήσας.
1552 5927 1562 5931 “

1701 5944 1804 5985 nus
1824 5927 2126 5995 διδακτική.
