3816 6558
530 413 630 468 251

520 627 631 671 tem
709 629 1020 687 venerunt,
1072 621 1153 676 sic
1209 619 1367 690 juxta
1428 620 1845 676 convenientem
1914 637 2098 678 conse-

520 721 803 782 quentiam
836 714 1094 783 quoniam
1129 730 1151 765 ι
1201 712 1440 769 Joannes
1490 713 1641 768 venit
1683 713 1752 768 ad
1807 714 2098 770 testiﬁcan-

519 806 647 859 dum
706 805 871 865 homo
920 807 1121 863 missus
1171 820 1202 860 a
1256 807 1403 874 Deo,
1465 815 1526 861 ut
1589 805 1972 862 testiﬁcaretur
2029 808 2097 863 de

514 897 823 970 lucells,
857 910 914 953 ut
940 914 1130 957 omnes
1156 900 1442 956 crederent
1463 914 1558 970 per
1583 898 1759 970 ipsum
1774 901 1845 967 “,
1877 919 1898 955 ι
1928 900 2091 957 intel-

518 991 686 1060 ligere
729 992 987 1047 debemus
1024 990 1290 1050 Joannem
1350 1007 1537 1050 vocem
1588 1010 1746 1059 esse,
1807 1009 1931 1064 qua:
1979 995 2092 1051 sola

516 1098 710 1152 capere
740 1083 919 1138 valeat
944 1084 1263 1142 Sermonem
1286 1087 1663 1143 aununtiatnm
1691 1087 2095 1158 :potissimmn-

512 1191 620 1246 que
653 1177 754 1233 hoc
783 1176 1168 1249 intelligemus,
1224 1180 1272 1235 si
1315 1182 1577 1236 memoria
1618 1190 1928 1250 repetemus
1973 1198 2094 1251 quae

512 1277 643 1323 ante
681 1272 1066 1339 proposuimus
1105 1282 1428 1328 enarrantes
1459 1287 1522 1327 ea
1553 1274 1740 1336 verba,
1795 1291 1817 1317 ι
1874 1272 1945 1329 Ut
1977 1290 2094 1326 mn-

511 1376 613 1416 nes
640 1362 928 1418 crederent
964 1379 1062 1433 per
1090 1364 1269 1435 ipsum
1299 1365 1370 1429 '7,
1402 1382 1422 1417 ι
1451 1364 1505 1420 in
1531 1380 1598 1421 eo
1628 1366 1749 1421 loco
1782 1382 1796 1419 :
1827 1384 1846 1417 ι
1878 1366 1978 1421 Hie
2009 1374 2092 1421 est

509 1454 578 1508 de
625 1469 736 1525 quo
794 1455 1058 1526 scriptum
1112 1465 1199 1513 est
1231 1473 1245 1511 :
1275 1455 1418 1512 Ecce
1466 1470 1568 1528 ego
1618 1458 1777 1514 mitto
1835 1458 2088 1530 angelum

506 1560 685 1602 meum
721 1556 848 1603 ante
871 1547 1068 1603 faciem
1106 1558 1278 1614 tuam,
1303 1548 1396 1616 qui
1425 1549 1749 1620 prmparahit
1774 1550 1914 1604 viam
1941 1560 2088 1605 tuam

507 1648 635 1694 ante
656 1649 708 1694 te
736 1640 804 1696 ’³.
834 1659 853 1693 ι
890 1639 1023 1694 Illud
1055 1641 1219 1695 etiam
1252 1642 1472 1712 egregie
1493 1681 1508 1706 ,
1553 1645 1698 1710 quod
1737 1648 1843 1698 non
1892 1644 1994 1708 ait,
2027 1658 2089 1698 se

468 1722 471 1723 ⁷
507 1745 691 1785 vocem
725 1732 957 1787 dicentis
989 1726 1049 1785 in
1077 1734 1295 1788 deserto
1318 1773 1335 1798 ,
1381 1734 1475 1787 sed
1515 1750 1534 1783 ι
1563 1734 1854 1792 clamantis
1897 1737 1948 1791 in
1993 1737 2088 1792 de-
2123 1745 2132 1754 '

505 1835 725 1889 serto;r
757 1824 960 1879 etenim
1012 1824 1104 1893 qni
1156 1824 1386 1890 clamat,
1429 1845 1449 1878 ι
1495 1828 1721 1898 Dirigite
1774 1827 1917 1882 viam
1968 1828 2080 1883 Do-

505 1914 658 1979 mini,
688 1934 708 1967 r
754 1916 921 1972 etiam
949 1915 1079 1971 dicit
1105 1933 1120 1984 ;
1156 1916 1251 1973 sed
1280 1919 1548 1987 contingit
1593 1927 1653 1972 ut
1683 1917 1950 1988 quispiam
1977 1934 2081 1973 non

503 2007 769 2074 :rlamans,
819 2008 925 2063 hoc.
977 2009 1154 2079 ipsum
1203 2009 1367 2067 etiam
1416 2011 1583 2066 dicat.
1624 2010 1833 2065 Clamat
1866 2026 1998 2066 vero
2028 2020 2085 2066 et

504 2099 857 2166 vociferatur,
890 2110 949 2156 ut
982 2112 1036 2157 et
1063 2102 1155 2172 qui
1194 2111 1324 2157 sunt
1341 2103 1529 2173 procul
1550 2119 1581 2157 a
1603 2104 1816 2158 dicente
1837 2102 2079 2171 audiant,

501 2199 557 2246 et
587 2192 680 2262 qui
714 2194 783 2248 ad
811 2192 1140 2248 audiendum
1171 2202 1299 2249 sunt
1333 2194 1497 2262 tardi,
1530 2210 1712 2250 rerum
1743 2210 1863 2265 quae
1892 2194 2083 2250 dicun—

502 2292 591 2337 tur
649 2285 1081 2353 magnitudinem
1144 2285 1449 2355 intelligant
1484 2304 1500 2342 :
1534 2300 1666 2342 voce
1734 2287 2080 2357 pronuntiata

500 2392 623 2432 cum
663 2378 1034 2445 magnitudine
1067 2391 1226 2448 opem
1275 2375 1459 2433 ferens
1515 2387 1628 2434 tum
1659 2377 1747 2434 his
1775 2378 1926 2449 quia
1971 2378 2083 2435 Deo

501 2469 857 2536 recesserint,
896 2479 1011 2526 tum
1044 2469 1135 2527 his
1167 2470 1263 2540 qui
1311 2470 1533 2526 auditus
1566 2471 1862 2526 acuitatem
1900 2471 2084 2542 perdi-

499 2562 703 2619 derint.
752 2561 908 2620 Hane
965 2564 1038 2619 ob
1094 2577 1314 2619 causam
1361 2563 1506 2619 enim
1570 2562 1847 2618 «stabat:
1912 2563 2080 2619 etiam

502 2675 523 2711 ι
553 2654 732 2723 Jesus,
778 2665 835 2713 et
873 2655 1148 2712 clamabat
1176 2655 1366 2714 dicens
1395 2674 1410 2711 :
1440 2657 1498 2713 Si
1529 2657 1653 2729 quis
1706 2657 1845 2723 sitit,
1894 2657 2082 2713 veniat

497 2750 566 2806 ad
600 2764 708 2811 me.
743 2758 804 2806 et
836 2749 993 2807 bibat
1027 2750 1096 2806 ".
1119 2767 1142 2804 ι
1173 2748 1326 2807 Hanc
1348 2750 1420 2807 oh
1446 2765 1671 2807 causam
1724 2768 1747 2805 ι
1775 2749 2018 2808 Joannes
2052 2769 2074 2806 ι

495 2841 663 2898 etiam
724 2859 745 2896 ι
777 2840 1107 2899 testiﬁcatur
1151 2843 1219 2898 de
1249 2857 1338 2909 eo,
1382 2850 1441 2902 et
1490 2844 1693 2900 clamat
1730 2844 1920 2901 dicens
1949 2842 2017 2899 ".
2050 2861 2072 2897 ι

495 2933 649 2991 Hanc
681 2933 754 2992 ob
784 2950 1006 2991 causam
1027 2933 1183 3004 jubet
1207 2933 1405 2992 Isaiam
1433 2935 1574 2993 Deus
1596 2935 1837 2993 clamare
1863 2936 1918 2994 in
1948 2951 2080 2995 voce

499 3044 520 3077 ι
541 3026 774 3081 dicentis
802 3044 817 3080 :
843 3025 1066 3091 Clama;
1102 3044 1122 3079 ι
1174 3026 1263 3081 cui
1320 3026 1613 3097 respondet
1648 3025 1852 3083 lsaias:
1887 3044 1907 3081 ι
1937 3027 2081 3095 Quid

494 3116 746 3171 clamabo
773 3115 858 3169 "‘l
882 3134 905 3170 ι
941 3116 1013 3171 At
1052 3133 1151 3173 vox
1178 3118 1523 3189 precantium
1543 3157 1560 3183 ,
1599 3133 1721 3189 quae
1766 3118 2077 3193 intelligen-

1994 411 2318 470 ORIGENIS

520 541 641 582 nem
680 539 804 581 esse
836 523 932 581 Dei
979 523 1200 589 Filium,
1228 522 1630 582 declaravimus
1677 540 1799 598 quae
1851 522 1904 583 in
1952 545 2073 584 men

2203 528 2663 600 διαλαμϐάνοντες
2698 528 2828 602 περὶ
2866 526 2963 582 τοῦ
2991 529 3112 582 τίνα
3139 529 3340 603 τρόπον
3366 529 3589 600 νικητέον
3615 530 3753 597 Λόγον

2116 1883 2158 1942 Β
2185 1938 2277 1984 τος
2306 1883 2465 1992 ἐνιτῇ
2489 1883 2736 1993 ἐρήμην.
2760 1941 2778 1972 ι
2811 1924 2839 1976 6
2867 1883 2970 1992 μὲν
3387 1963 3405 1988 ,
3442 1942 3460 1972 ι
3500 1883 3761 1976 Εὐθύνατε

3669 418 3753 475 ἳῗιὲ

2200 617 2340 677 εἶναι
2372 623 2462 676 τὸν
2500 622 2628 675 Υἱὸν
2655 621 2749 674 τοῦ
2794 621 2952 689 Θεοῦ,
2975 622 3047 676 τά
3081 621 3466 694 παριστάμενα
3512 621 3750 693 ὲδηλὼσα·

2202 732 2324 786 μεν,
2357 714 2530 780 οὕτως
2566 714 2709 769 κατά
2753 714 2852 787 τὴν
2891 714 3235 787 ἁρμόζουσαν
3277 714 3623 779 ἀκολουθίαν,
3660 716 3756 767 ἑτοὶ

2188 803 2222 859 ἰ
2260 810 2289 861 6
2340 809 2590 879 Ἰωάννης
2637 803 2800 880 ἦλθεν
2848 809 2929 872 εἰς
2986 807 3292 879 μαρτυρίαν
3344 805 3635 879 ἄνθρωπος
3676 808 3757 859 ἁτ-

2196 902 2526 973 εσταλμένος
2577 900 2728 974 παρά
2774 901 2909 955 Θεοῦ
2968 901 3061 955 ἶνα
3120 902 3445 973 μαρτυρήσῃ
3502 899 3637 970 περὶ
3682 899 3755 953 τοῦ

2197 994 2395 1065 φωτὸς,
2429 994 2517 1048 ἵνα
2551 994 2752 1057 πάντες
2794 992 3126 1047 πιστεύσωσι
3156 993 3224 1047 δι’
3254 991 3444 1056 αὐτοῦ,
3487 1012 3507 1045 ι
3561 993 3753 1063 νοητῶν

2196 1085 2380 1157 φωνὴν
2427 1080 2568 1139 εἶναι
2614 1084 2786 1156 μόνην
2822 1085 3069 1157 χωρῆσαι
3101 1086 3220 1139 κατ’
3257 1084 3416 1150 ἀξίαν
3460 1085 3556 1139 τὸν
3604 1085 3757 1154 ἀπαγ-

2194 1178 2518 1250 γελλόμενον
2547 1176 2718 1247 Λόγον
2746 1178 3052 1250 δυναμένην
3080 1178 3171 1232 τὸν
3221 1178 3477 1250 Ἰωάννην
3496 1195 3510 1209 ⁸
3551 1179 3648 1233 καὶ
3673 1180 3756 1250 μά-

2193 1273 2350 1327 λιστα
2381 1272 2539 1326 τοῦτο
2567 1273 2895 1344 συνήσομεν,
2936 1272 3030 1326 ὲάν
3060 1272 3502 1344 ὑπομνησθῶμεν
3536 1266 3616 1328 ὧν
3644 1289 3757 1344 προ-

2195 1366 2568 1440 παρεθέμεθα,
2596 1364 2948 1439 ’διηγούμενοι
2972 1367 3054 1430 τὸ,
3111 1384 3131 1417 ι
3168 1366 3287 1420 Ἵνα
3320 1366 3527 1431 πάντες
3558 1368 3757 1420 πιστεύ-

2194 1475 2330 1513 σωσι
2369 1458 2435 1512 δι’
2472 1458 2663 1525 αὑτοῦ,
2717 1477 2735 1510 ι
2781 1459 2911 1530 περὶ
2944 1456 3060 1512 τοῦ’
3115 1477 3134 1510 ι
3185 1449 3354 1521 Οὗτός
3392 1460 3513 1511 ἰστι
3562 1459 3685 1531 περὶ
3711 1454 3759 1511 οὗ

2191 1553 2532 1624 γέγραπται·
2594 1551 2725 1605 Ἰδοὺ
2759 1548 2870 1620 ἐγὼ
2914 1550 3230 1604 ἀποστέλλω
3266 1550 3356 1605 τὸν
3397 1550 3634 1620 ἄγγελόν
3677 1569 3758 1621 μου

2192 1646 2298 1718 πρὸ
2342 1646 2635 1719 προσώπου
2684 1662 2802 1711 σου,
2834 1645 2893 1709 ὃς
2927 1644 3329 1699 κατασκευάσει
3371 1644 3471 1703 τὴν
3520 1644 3640 1698 ὁδόν
3685 1662 3759 1697 seu
3808 1630 3809 1693 ἶ

2190 1718 2496 1807 ἔμπροσθέν
2524 1752 2637 1788 σου.
2672 1753 2691 1787 ι
2728 1734 2922 1799 Καλῶς
2957 1735 3068 1807 (97)
3100 1736 3157 1790 δὲ
3189 1736 3282 1789 καὶ
3314 1735 3373 1788 τὸ
3410 1736 3488 1807 μὴ
3521 1731 3659 1789 εἶναι
3684 1737 3761 1790 αύ-

2188 1827 2280 1882 τὺν
2312 1828 2412 1899 τὴν
2440 1826 2623 1900 φωνὴν
2650 1826 2899 1897 λέγοντος
2931 1830 2990 1883 ὲν
3018 1831 3083 1900 τῇ
3112 1829 3326 1901 ἐρήμῳ,
3366 1828 3509 1883 ἀλλά
3559 1848 3578 1879 t
3620 1828 3763 1900 βοῶν-
3808 1830 3809 1899 ξ

2183 2012 2283 2086 τὴν
2324 2012 2442 2067 ὁδὸν
2477 2013 2706 2085 Κυρίου,
2759 2034 2777 2066 ι
2823 2015 2918 2068 καὶ
2948 2012 3125 2082 λέγει·
3162 2012 3435 2085 ἐνδέχεται
3463 2013 3525 2067 δὲ
3559 2013 3623 2066 τὸ
3649 2010 3764 2066 αὐτὸ
3808 2010 3809 2075 ᾗ

2183 2103 2342 2163 τοῦτο
2371 2105 2432 2159 τὸ
2460 2104 2640 2175 λέγειν
2679 2106 2793 2176 (98)
2827 2105 2902 2178 μὴ
2951 2104 3176 2175 βοῶντα.
3211 2105 3318 2177 Βοᾷ
3346 2105 3404 2159 δὲ.
3432 2105 3534 2159 καὶ
3564 2104 3754 2176 ιιέκρςι⁶

2182 2215 2302 2268 γεν,
2334 2199 2422 2254 ἵνα
2456 2200 2551 2254 καὶ
2598 2202 2647 2255 οἱ
2691 2199 2906 2272 μακρὰν
2940 2198 3034 2252 τοῦ
3064 2198 3314 2269 λέγοντος
3344 2198 3653 2263 ἀκούσωσι,
3686 2197 3767 2250 καὶ
3808 2188 3809 2225 ῖ

2182 2293 2231 2345 οἱ
2274 2291 2570 2365 βαρυήκοοι
2613 2290 2814 2346 συνῶσι
2852 2291 2946 2345 τοῦ
2982 2290 3246 2363 μεγέθους
3277 2290 3388 2344 τῶν
3425 2290 3766 2361 λεγομένων.
3808 2300 3809 2359 ξ

2186 2384 2324 2456 μετά
2360 2383 2627 2457 μεγέθους
2653 2384 3138 2457 ἀπαγγελλομένου
3173 2384 3378 2456 φωνῆς,
3416 2383 3640 2456 βοηθῶν
3670 2387 3767 2447 τοῖς

2180 2492 2240 2530 τε
2274 2474 2553 2546 ἀφεστῶσι
2583 2473 2740 2538 Θεοῦ,
2786 2476 2881 2530 καὶ
2907 2473 3067 2528 τοῦτο
3098 2472 3192 2540 ὀξὺ
3224 2474 3325 2546 τῆς
3358 2474 3537 2543 ἀκοῆς
3569 2474 3769 2528 ἀπολω-
3808 2502 3809 2533 ;

2181 2565 2385 2620 λεκόσι.
2420 2566 2520 2620 Διά
2543 2563 2701 2619 τοῦτο
2729 2564 2838 2637 γὰρ
2878 2564 2974 2618 καὶ
3007 2582 3027 2615 ι
3065 2565 3303 2635 εἱστήκει
3331 2563 3361 2616 ό
3404 2562 3646 2635 Ἰησοῦς,
3685 2562 3767 2614 καὶ
3808 2570 3809 2631 i

2180 2657 2447 2732 ἑκέκραξε
2479 2658 2679 2727 λέγων·
2731 2657 2857 2710 Ἐάν
2896 2674 2979 2720 τις
3019 2654 3166 2728 διψᾷ,
3218 2654 3463 2727 ἐρχέσθω
3498 2653 3646 2727 πρδς
3689 2653 3766 2724 μὲν

2180 2748 2275 2804 καὶ
2305 2748 2530 2804 πινέτω.
2578 2768 2598 2802 ι
2623 2747 2723 2803 Διά
2766 2748 2927 2803 τοῦτο
2961 2747 3058 2802 καὶ
3091 2766 3110 2800 ι
3143 2749 3173 2801 6
3217 2745 3471 2817 Ἰωάννης
3506 2748 3770 2817 μαρτυρ;ῑ
3808 2742 3809 2785 ἒ

2181 2841 2313 2914 περὶ
2337 2840 2524 2906 αὐτοῦ,
2557 2842 2651 2896 καὶ
2680 2840 2921 2913 κέκραγε
2945 2839 3137 2911 λέγων.
3175 2857 3194 2891 ι
3229 2836 3328 2893 Διά
3363 2837 3533 2891 τοῦτο
3556 2837 3658 2892 καὶ
3688 2854 3769 2890 κε-
3808 2832 3809 2883 ἶ

2179 2932 2327 2988 λεύει
2352 2934 2381 2988 6
2414 2933 2549 2999 Θεὸς
2576 2933 2654 3006 τῷ
2687 2934 2886 3007 Ἡσαΐᾳ
2918 2932 3047 3006 βοᾷν
3070 2935 3128 2986 ὲν
3156 2934 3222 3004 τῇ
3255 2934 3404 3004 φωνῇ
3438 2949 3457 2982 ι
3499 2931 3769 3000 λέγοντα·
3808 2970 3809 2977 η

2178 3029 2417 3103 Βόησον³
2459 3050 2480 3083 ι
2529 3028 2686 3100 κάγὼ
2717 3025 2904 3083 εἷπονο
2942 3046 2962 3080 ι
3015 3028 3080 3081 Τί
3122 3027 3336 3100 βοήσω;
3371 3045 3391 3078 ι
3435 3025 3577 3079 Ἐὰν
3610 3025 3669 3079 δὲ
3706 3024 3772 3095 μὴ
3808 3080 3809 3087 η

2180 3122 2460 3187 παντελῶς
2560 3125 2593 3196 ἡ
2632 3121 2796 3194 νοητὴ
2843 3121 2952 3176 τῶν
2999 3119 3308 3192 εὐχομένων
3340 3117 3497 3190 φωνὴ
3536 3117 3771 3190 μεγάλη,
3808 3140 3809 3197 ἐ

496 3210 569 3265 tia
602 3210 922 3282 percipitur,
953 3210 1205 3280 quamvis
1246 3224 1466 3282 magna,
1504 3225 1683 3281 neque
1714 3211 1930 3282 prolixa
1959 3228 2078 3269 om-

2203 3218 2275 3275 ιαὶ
2299 3218 2360 3272 οὐ
2391 3217 2639 3291 βραχεῖα,
2674 3217 2794 3271 οὐδὲ
2821 3216 2887 3271 ἂν
2918 3213 3197 3288 αὑξήσωσι
3233 3212 3342 3286 (99)
3376 3212 3479 3285 τὴν
3520 3212 3661 3284 βοὴν
3689 3212 3777 3265 καὶ
3808 3258 3809 3263 η

493 3304 628 3361 nino
670 3303 858 3369 fuerit,
908 3315 1089 3374 neque
1139 3302 1465 3359 adauxerint
1523 3302 1602 3358 illi
1661 3302 1957 3360 clamorem
2013 3320 2080 3362 ac

493 3410 970 3476 vociferationem,
1018 3408 1170 3463 audit
1197 3416 1378 3464 tamen
1411 3410 1555 3465 hunc
1589 3412 1642 3465 in
1687 3412 1904 3467 modum
1954 3427 2079 3483 pre-

491 3514 687 3561 cantes
708 3502 877 3569 Deus,
895 3502 1026 3558 λιοεί
1055 3503 1244 3559 dicens
1265 3502 1346 3557 “:
1376 3520 1396 3554 ι
1421 3502 1558 3571 Quid
1583 3503 1650 3559 ad
1680 3519 1769 3560 me
1790 3504 2033 3560 claritas?
2051 3525 2072 3559 ι

493 3598 588 3670 qui
649 3594 982 3652 seusibiliter
1033 3611 1139 3651 non
1203 3596 1580 3665 clamaverat;
1676 3614 1853 3668 neque
1926 3601 2073 3656 enim

497 3691 760 3762 scriptum
782 3699 866 3746 est
895 3690 949 3745 in
970 3690 1176 3753 Exodo,
1201 3688 1403 3746 Mosem
1433 3691 1767 3748 sensibiliter
1788 3692 2075 3764 clamasse,

489 3799 613 3841 eum
662 3801 762 3857 per
802 3788 1172 3857 precationem
1235 3801 1303 3842 ea
1366 3800 1502 3841 voce
1559 3787 1714 3843 valde
1762 3787 2074 3854 clamasset,

488 3891 649 3947 quam
709 3876 856 3932 solus
910 3878 1053 3934 Deus
1097 3877 1271 3933 audit.
1324 3877 1475 3933 Hanc
1529 3881 1600 3933 ob
1643 3894 1863 3935 causam
1906 3880 2073 3936 David

486 3971 652 4025 etiam
688 3969 865 4041 inquit
900 3970 946 4002 ³³
981 3988 994 4024 :
1037 3990 1055 4023 ι
1090 3970 1237 4026 Voce
1261 3987 1379 4027 mea
1409 3972 1475 4025 ad
1508 3972 1793 4026 Dominum
1816 3973 2072 4041 clamavi,

486 4071 544 4118 et
568 4065 847 4118 exaudivit
875 4078 1015 4119 mea
1056 4064 1207 4133 Opus
1227 4074 1311 4118 est
1335 4072 1517 4118 autem
1540 4078 1674 4118 voce
1701 4065 1992 4122 clamantis
2017 4067 2071 4122 in

485 4154 724 4220 deserto,
760 4155 851 4209 ubi
883 4156 1065 4209 anima
1083 4155 1263 4210 'etiam
1292 4156 1401 4210 Deo
1424 4164 1590 4224 atque
1635 4157 1871 4212 veritate
1900 4157 2073 4212 desti-

488 4255 605 4301 tuta
640 4249 951 4317 (quodnam
984 4248 1131 4302 enim
1160 4247 1306 4303 aliud
1325 4248 1599 4303 desertum
1629 4249 1876 4318 asperius
1905 4264 2072 4320 quam

489 4338 672 4393 anima
709 4353 831 4408 qua:
862 4337 974 4393 Deo
1008 4347 1173 4408 atque
1195 4339 1345 4394 omni
1372 4341 1578 4394 virtute
1606 4340 1679 4394 sit
1709 4342 2072 4410 destituta?),

486 4443 557 4486 eo
605 4430 755 4500 quod
797 4430 974 4485 adhuc
1026 4430 1247 4501 oblique
1299 4430 1543 4486 ambulet
1596 4447 1762 4501 egens
1801 4435 2069 4502 doctrina,

487 4525 748 4581 invitetur
797 4525 863 4580 ad
907 4524 1245 4594 dirigendam
1279 4524 1496 4581 Domini
1539 4526 1679 4581 viam
1707 4544 1720 4593 ;
1754 4542 1916 4597 quam
1948 4530 2073 4599 qni-

2179 3311 2280 3383 τὴν
2314 3309 2583 3383 κραυγὴν,
2623 3309 2809 3364 ἀκούει
2839 3307 2948 3363 τῶν
2990 3307 3175 3372 οὕτως
3202 3305 3519 3378 εὐχομένων
3554 3307 3588 3358 6
3628 3303 3776 3366 Θεὸς,
3808 3324 3809 3389 ξ

2178 3408 2208 3462 6
2240 3405 2413 3475 λέγων
2461 3404 2596 3476 πρὸς
2632 3403 2864 3469 Μωσέα,
2905 3421 2923 3453 ι
2974 3400 3039 3455 Τί
3083 3398 3211 3473 βοᾷς
3262 3400 3397 3471 πρὸς
3457 3397 3576 3468 μέ;
3628 3416 3650 3449 ι
3686 3398 3809 3449 οὐκ

2178 3499 2453 3571 αἰσθητῶς
2498 3496 2830 3569 βεϐοηκότω
2891 3494 2952 3548 οὑ
2992 3493 3099 3567 γὰρ
3141 3492 3570 3563 ἀναγέγραπται
3626 3489 3781 3543 τοῦτο

2178 3595 2237 3650 ὲν
2286 3596 2352 3665 τῇ
2396 3591 2623 3662 Ἐξόδῳ,
2686 3589 2939 3663 μεγάλως
2978 3589 3035 3643 δὲ
3081 3588 3179 3659 τὴν
3225 3585 3583 3657 ἀκουομένην
3640 3576 3809 3656 μάντει

2177 3684 2299 3757 Θεῷ
2331 3684 2512 3757 φωνὴν
2542 3682 2840 3755 βεδοηκότα
2873 3681 2961 3736 διά
2990 3681 3089 3751 τῆς
3123 3680 3310 3751 εὐχῆς.
3345 3677 3442 3731 Διά
3478 3677 3659 3731 τοῦτο
3692 3678 3784 3730 καὶ

2175 3778 2339 3832 Δαυῖδ
2367 3794 2527 3849 φησι·
2564 3796 2583 3829 t
2624 3778 2778 3848 Φωνῇ
2814 3793 2914 3847 μου
2952 3775 3089 3847 πρὸς
3115 3774 3316 3846 Κύριον
3345 3773 3670 3844 ἐκέκραξα,
3699 3773 3787 3829 καὶ

2176 3873 2450 3943 ἐπήκουσέ
2486 3889 2609 3943 μου.
2655 3890 2673 3922 ι
2720 3870 2894 3941 Χρεία
2930 3869 2986 3922 δὲ
3027 3869 3127 3939 τῆς
3160 3868 3343 3940 φωνῆς
3379 3866 3478 3921 τοῦ
3541 3868 3809 3940 βοῶντσκ

2176 3968 2233 4021 ὲν
2258 3971 2323 4039 τῇ
2362 3969 2574 4038 ἐρήμῳ,
2604 3966 2691 4020 ἵνα
2725 3965 2820 4019 καὶ
2852 3966 2886 4036 ὴ
2922 3963 3260 4035 ἐστερημένη
3297 3961 3432 4016 Θεοῦ
3470 3962 3665 4036 ψυχὴ,
3698 3966 3789 4017 καὶ

2175 4061 2381 4133 ἔρημος
2415 4059 2674 4132 ἀληθείας
2717 4058 2834 4127 (τίς
2865 4056 2976 4127 γὰρ
3003 4055 3137 4125 ἄλλη
3170 4054 3541 4126 χαλεπωτέρα
3574 4057 3788 4128 ἐρημία

2174 4155 2351 4227 ψυχῆς
2389 4153 2524 4208 Θεοῦ
2586 4154 2681 4207 καὶ
2721 4153 2902 4223 πάσης
2940 4151 3142 4224 ἀρετῆς
3191 4151 3587 4222 ἠρημωμένης
3630 4152 3809 4223 (¹);)μ

2173 4249 2262 4302 διὰ
2298 4248 2359 4301 τὸ
2391 4248 2470 4301 ἔτι
2502 4246 2731 4310 σκολιῶς
2765 4244 3094 4318 πορεύεσθαι
3127 4244 3352 4316 δεομένη
3386 4242 3809 4308 διδασκαλίας,

2175 4343 2268 4395 ἐπὶ
2292 4341 2352 4395 τὸ
2379 4340 2623 4394 εὐθύνειν
2661 4339 2759 4411 τὴν
2800 4339 2917 4393 ὁδὸν
2962 4339 3169 4410 Κυρίου
3204 4336 3657 4408 παρακαλῆταιη
3696 4341 3789 4410 ἦν-

2173 4450 2296 4488 τινα
2323 4432 2440 4486 όδὸν
2466 4431 2679 4486 εὐθύνει
2710 4433 2807 4502 μὲν
2831 4434 2860 4486 ὁ
2886 4430 3150 4503 μηδαμῶς
3171 4431 3268 4502 τὴν
3298 4429 3652 4504 σκολιότητα
3692 4437 3809 4503 τῆς

2175 4524 2268 4579 τοῦ
2303 4525 2477 4594 ὄφεως
2515 4523 2740 4597 πορείας
2777 4523 3131 4594 μιμούμενος,
3160 4524 3188 4575 6
3215 4522 3271 4575 δὲ
3305 4520 3483 4591 τούτῳ
3527 4525 3809 4587 ἐναντίῳ,

488 4619 609 4672 dem
641 4616 784 4670 viam
811 4615 904 4669 ille
927 4616 1112 4686 dirigit
1137 4616 1356 4687 quidem
1382 4658 1397 4683 ,
1443 4618 1537 4688 qui
1571 4632 1913 4688 nequaquam
1948 4636 2066 4675 ser—

2207 4617 2524 4684 ιαστρέφει’
2572 4615 2759 4686 διόπερ
2803 4614 2896 4667 καὶ
2944 4613 3335 4684 ὲπιπλήσσεται
3366 4612 3443 4683 (2)
3490 4614 3634 4685 ἅμα
3679 4619 3793 4677 τοῖς

486 4709 664 4781 pentis
695 4709 798 4763 iter
834 4718 1144 4762 tortuosum
1178 4710 1445 4776 imitatur,
1499 4712 1763 4779 pervertit
1813 4726 1944 4768 vero
1973 4712 2064 4781 qui

487 4804 614 4858 huic
673 4812 760 4857 est
812 4800 1145 4856 contrarius.
1206 4800 1573 4866 Quamobrem
1621 4818 1743 4856 cmn
1796 4803 2067 4860 similibus

488 4894 802 4966 huiusmodi
835 4895 922 4949 vir
966 4892 1289 4963 obiurgetur
1323 4908 1419 4962 per
1457 4893 1721 4949 illud“:t
1748 4894 2065 4967 Quareper-

487 4989 697 5043 vertitis
728 4992 847 5044 vias
882 4987 1096 5043 Domini
1134 4987 1357 5042 rectas?
1383 5006 1401 5039 ι

558 5082 647 5135 ll.
678 5082 947 5137 Caeterum
978 5080 1234 5136 bifariam
1268 5079 1353 5133 via
1391 5078 1605 5133 Domini
1639 5079 1908 5149 dirigitur,
1953 5079 2065 5150 pri-

489 5190 633 5230 nmm
663 5183 883 5244 propter
926 5173 1478 5243 contemplationem,
1517 5187 1638 5240 quae
1686 5172 2065 5229 manifestatur

485 5269 540 5324 in
597 5268 853 5328 veritate,
910 5267 1117 5336 absque
1175 5265 1282 5320 ulla
1342 5264 1698 5335 permistione
1754 5265 2061 5333 mendacii;

485 5361 683 5420 deinde
713 5369 937 5432 prepter
964 5361 1233 5413 actionem
1261 5398 1276 5424 ,
1312 5359 1358 5413 si
1391 5359 1512 5428 quis
1537 5396 1552 5424 ,
1589 5372 1710 5411 cmn
1744 5358 1911 5428 probe
1941 5373 2063 5428 per--

555 5458 602 5490 “
625 5456 778 5511 Joan.
806 5471 844 5521 ι,
875 5454 930 5517 6,
962 5453 1016 5510 7.
1091 5454 1134 5484 "
1168 5452 1325 5510 .loan.
1357 5468 1395 5516 I,
1425 5455 1480 5508 7.
1581 5452 1627 5485 ³⁸
1651 5452 1840 5507 Matth.
1880 5468 1953 5516 vi,
1983 5450 2072 5507 10.

484 5530 529 5563 ³⁸
562 5529 728 5583 Exod.
764 5523 985 5589 xlv,15.
1062 5522 1106 5554 ³³
1132 5523 1273 5578 Psal.
1302 5540 1484 5587 LXXXI,
1518 5525 1568 5578 ί.
1641 5522 1687 5555 ³⁸
1710 5527 1832 5579 'Act.
1860 5539 1975 5589 Mli,
2012 5523 2099 5578 10.

558 5617 927 5685 (97)Ka.1£5c.
971 5616 1064 5673 Sic
1098 5627 1243 5672 recte
1289 5620 1488 5674 habent
1516 5618 1673 5673 codd.
1733 5616 2062 5673 Bodleianus

485 5692 932 5779 cl‘thI‘berinus;
986 5691 1125 5745 tnale
1165 5704 1291 5744 vero
1331 5693 1501 5744 editio
1551 5688 1728 5745 lluetii
1778 5693 1833 5743 in
1887 5698 2058 5757 textu,

486 5765 772 5903 καῖθέὅνΐὸ
802 5829 1023 5903 λέγειν.
1066 5830 1140 5903 Τδ
1172 5829 1384 5884 videtur
1414 5830 1723 5903 παρέλκειν.

558 5901 669 5977 (99)
701 5902 1047 5970 Αὑξήσωσι.
1104 5901 1194 5956 Sic
1251 5906 1417 5956 codex
1472 5901 1833 5971 Bodleianus;
1891 5901 2058 5959 editio

2174 4708 2380 4780 ὁμοίοις
2405 4709 2435 4761 6
2456 4707 2692 4771 τοιοῦτος
2715 4706 2803 4759 διὰ
2832 4705 2955 4759 ⁸ποῦ’
2988 4726 3007 4755 ι
3048 4706 3162 4760 Ἵνα
3194 4704 3247 4757 τί
3275 4702 3664 4775 διαστρέφετε
3696 4708 3809 4770 τὰς

2173 4801 2325 4867 ὁδοὺς
2357 4801 2563 4873 Κυρίου
2596 4800 2695 4864 τάς
2727 4800 2973 4865 εύθείας;
3015 4819 3033 4852 ι

2244 5078 2330 5133 Η.
2372 5078 2544 5149 Διχῶς
2567 5076 2623 5130 δὲ
2650 5079 2683 5149 ή
2715 5077 2831 5142 ὁδὸς
2860 5079 3066 5151 Κυρίου
3099 5076 3404 5141 εὐθύνεται,
3429 5080 3603 5134 κατὰ
3638 5098 3711 5137 τε
3739 5086 3809 5139 ab:

2171 5171 2524 5243 θεωρητικὸν,
2567 5171 2933 5245 τρανούμενον
2979 5174 3036 5225 ὲν
3075 5171 3311 5243 ἀληθείᾳ
3352 5171 3809 5246 ἀπαραμεκτωςς

2169 5264 2263 5318 τοῦ
2288 5264 2537 5333 ψεύδους,
2564 5266 2662 5318 καὶ
2690 5265 2833 5320 κατά
2856 5264 2917 5319 τὸ
2959 5254 3281 5337 πρακτικὸν,
3311 5263 3447 5334 μετά
3479 5266 3611 5338 τὴν
3663 5267 3809 5337 ὑγιῆ

2171 5356 2407 5429 θεωρίαν
2435 5358 2530 5412 τοῦ
2571 5358 2868 5429 πρακτέου,
2908 5357 3168 5429 ἀρμοδίου
3210 5356 3463 5429 πράξεως
3511 5360 3802 5415 ἀποδιδοι

2181 5455 2227 5487 ²⁹
2255 5452 2417 5509 .loau.
2458 5468 2554 5518 νιι,
2594 5454 2676 5508 l7.
2779 5454 2826 5485 ⁸ο
2853 5452 3009 5510 Joan.
3039 5468 3077 5519 ι,
3108 5452 3196 5508 l5.
3306 5452 3348 5485 ³¹
3394 5451 3540 5510 lsai.
3584 5472 3697 5526 ιι,
3747 5458 3799 5512 6.

2171 5613 2348 5671 Huetii
2385 5612 2638 5684 αύξήσαι.

2243 5687 2320 5756 (ί)
2367 5678 2795 5752 Ἠρηλιωμένης.
2831 5683 2907 5756 Ifa
2937 5682 3108 5739 codex
3157 5678 3529 5748 Barberimts,
3595 5698 3810 5756 reue;

2171 5754 2311 5812 male
2348 5756 2566 5822 Regius.
2596 5754 2956 5826 ἐρημωμένη.

2240 5827 2318 5898 (2)
2357 5821 2847 5891 Ἐἐτιπλήόάὲτιίμ
2881 5821 2971 5881 Sic
3031 5824 3197 5881 codex
3230 5821 3640 5898 Barberinus;
3678 5832 3810 5887 ea].

2169 5897 2256 5955 tio
2280 5898 2480 5965 lluetii,
2506 5897 2897 5968 ὲπεπλήσσετο.
