3816 6524
489 358 598 417 955

1979 345 2304 405 ORIGENIS
3660 352 3741 407 9.36

490 491 587 549 per
612 472 877 530 Joannem
905 469 1170 542 intelligi;
1219 481 1412 524 sonum
1439 482 1569 521 vero
1606 481 1725 523 esse
1758 466 2073 522 universum

2180 465 2371 538 Σωτήρ
2402 467 2571 535 ἐστιν,
2603 438 2753 539 φωνὴ
2778 468 2834 523 δέ
2860 472 2892 541 ή
2930 471 2986 524 ἐν
3012 473 3077 544 τῇ
3102 471 3296 543 ἐρήμῳ
3326 473 3359 543 ή
3386 470 3474 525 διὰ
3518 471 3743 525 Ἰωάννου

491 568 881 642 prophetarum
945 563 1217 619 ordinem.
1280 561 1484 616 Contra
1534 574 1697 629 quem
1763 559 2074 625 dicendum,

487 656 950 732 quemadmodum
1001 656 1046 710 si
1092 655 1357 710 incertam
1420 668 1606 708 vocem
1664 652 1790 707 tuba
1842 651 2075 718 dederit,

490 754 676 810 nullus
702 754 1008 807 adornatur
1041 751 1103 803 ad
1130 750 1333 805 bellum
1368 748 1437 812 ⁸³,
1470 758 1526 804 et
1553 749 1645 820 qui
1675 748 1794 803 sine
1812 747 2080 805 charitate

492 846 881 919 mysteriorum
927 844 1298 915 cognitionem
1348 858 1444 898 seu
1505 841 1852 912 prophetiam
1892 840 2077 909 habet,

493 941 672 995 factus
712 947 791 993 est
828 951 903 993 aes
928 950 1217 1002 resonans,
1251 944 1348 990 aut
1382 934 1693 1006 cymbalum
1726 933 1963 990 tinniens
1991 932 2076 1001 ‘9;

493 1033 568 1088 ita
602 1034 647 1087 si
686 1030 817 1086 nihil
852 1029 1000 1101 aliud
1058 1043 1162 1084 vox
1203 1028 1519 1100 prophetica
1557 1027 1625 1082 sit
1675 1042 1842 1098 quam
1888 1041 2076 1092 sonus,

495 1124 767 1194 quomodo
803 1123 1089 1179 remittens
1116 1121 1183 1177 ad
1231 1134 1350 1178 eam
1402 1135 1505 1176 nos
1537 1117 1799 1175 Servator
1822 1118 1955 1174 dicit
1985 1118 2031 1150 "°
2061 1136 2075 1172 :

504 1239 523 1270 ι
557 1217 891 1274 Scrutamini
925 1215 1259 1286 Scripturas,
1293 1212 1547 1283 quia.vos
1576 1209 1836 1265 videmini
1871 1210 1924 1264 iu
1949 1209 2080 1280 ipsis

497 1312 666 1367 vitam
712 1323 972 1367 aeternam
1025 1309 1225 1364 habere
1265 1321 1278 1360 :
1313 1315 1368 1362 et
1417 1305 1522 1361 illae
1563 1314 1694 1361 sunt
1735 1318 1857 1375 qua:
1890 1302 2082 1358 testiﬁ-

497 1415 698 1463 cantur
749 1406 815 1461 de
861 1418 990 1471 me;
1020 1422 1039 1456 ι
1101 1411 1156 1457 et
1190 1400 1235 1433 “
1265 1418 1279 1455 :
1317 1417 1337 1453 ι
1374 1397 1432 1455 Si
1466 1396 1844 1454 credidissetis
1879 1394 2077 1467 Moysi,

498 1500 879 1558 credidissctis
949 1497 1138 1566 utique
1190 1504 1246 1551 et
1309 1491 1446 1549 mihi
1489 1492 1609 1547 :de
1660 1505 1747 1546 me
1795 1489 1940 1545 enim
1992 1488 2082 1544 ille

498 1594 757 1664 scripsit;
791 1611 811 1646 ι
869 1600 925 1648 et
982 1590 1075 1645 ":
1138 1588 1334 1643 «Bene
1406 1584 1756 1658 prophetavit
1803 1584 1871 1640 de
1926 1582 2081 1638 vobis

498 1688 686 1752 Isaias,
733 1687 957 1741 dicens:
993 1680 1229 1754 Populus
1276 1680 1365 1736 hic
1419 1678 1579 1735 labiis
1626 1691 1714 1734 me
1769 1677 2023 1733 honorat.
2054 1693 2077 1730 ι

497 1780 655 1837 llaud
692 1778 838 1834 enim
881 1777 997 1833 scio
1048 1791 1117 1830 an
1157 1771 1561 1830 rationabiliter
1587 1769 1845 1827 admittet
1882 1767 2081 1838 aliquis

496 1874 771 1930 incertum
805 1863 1000 1926 sonum
1032 1883 1063 1923 a
1090 1867 1385 1922 Servatore
1421 1862 1632 1919 laudari
1659 1880 1674 1931 ;
1707 1861 1791 1919 vel
1821 1876 1888 1917 an
1920 1862 2081 1916 liceat

497 1982 565 2023 ex
596 1965 897 2035 Scripturis
924 1960 1016 2033 [ad
1037 1975 1176 2031 quas
1201 1954 1556 2028 remittimur]
1586 1969 1686 2012 ceu
1712 1970 1742 2011 a
1771 1967 1908 2010 voce
1936 1953 2081 2009 tubae

502 2057 758 2115 adornari
795 2057 862 2111 ad
891 2054 1090 2111 bellum
1121 2059 1313 2109 contra
1370 2048 1649 2121 oppositas
1691 2046 1940 2105 actiones
1966 2088 1983 2115 ,
2032 2044 2079 2103 si

497 2165 667 2208 sonus
699 2149 909 2205 dederit
936 2148 1205 2203 incertam
1226 2158 1437 2201 vocem.
1458 2142 1705 2210 Quonam
1729 2140 1871 2197 enim
1894 2148 2078 2211 pacto,

496 2242 546 2298 si
582 2240 906 2296 charitatem
935 2253 1041 2294 non
1074 2237 1386 2292 habuerunt
1423 2233 1727 2303 prophetae,
1751 2234 1824 2307 .ob
1850 2246 2079 2301 eamque

498 2348 718 2388 causam
749 2330 917 2387 veluti
949 2344 1024 2385 aes
1048 2324 1400 2392 resonabant,
1440 2334 1533 2380 aut
1571 2334 1830 2396 tanquam
1859 2324 2081 2396 cymba-

495 2423 612 2483 lum
642 2422 969 2483 tinniebant.
996 2422 1064 2477 ad
1091 2434 1285 2477 sonum
1317 2420 1584 2490 ipsorum,
1611 2426 1670 2472 ut
1702 2415 1779 2471 illi
1815 2414 2081 2485 interpre-

501 2519 604 2577 tati
652 2526 808 2582 sunt,
864 2514 1089 2571 remittit
1143 2527 1241 2568 nos
1278 2510 1540 2567 Dominus
1597 2508 1724 2565 inde
1788 2505 2080 2562 utilitatem

496 2608 895 2681 percepturos!
925 2606 1139 2663 Rursus
1169 2604 1338 2662 etiam
1369 2605 1558 2660 nescio
1580 2599 1853 2673 quomodo
1875 2598 2082 2669 absque

496 2703 607 2758 ulla
658 2700 977 2774 probatione
1048 2698 1298 2756 enuntiet
1368 2709 1561 2753 vocem
1620 2691 1862 2751 sermoni
1922 2692 2082 2748 valde

499 2793 989 2855 accommodatam,
1017 2804 1324 2847 sermonem
1356 2787 1473 2844 lieri
1505 2803 1518 2841 :
1553 2787 1707 2858 quasi
1735 2799 1867 2843 vero
1891 2785 2081 2841 mulie-

501 2902 615 2942 rem
649 2885 702 2941 in
730 2885 905 2941 virum
939 2889 1291 2939 transmutet.
1340 2878 1615 2935 Pra:terea
1642 2877 1798 2949 quasi
1837 2885 2082 2950 potesta—

501 2989 609 3034 tem
638 2978 846 3034 habens
871 2974 1140 3032 condendi
1167 2974 1448 3046 dogmata,
1479 2980 1535 3028 et
1561 2971 1726 3028 [idem
1756 2971 1864 3030 sibi
1895 2970 2083 3042 acqui-

500 3067 678 3133 rendi,
719 3076 774 3122 et
806 3063 1149 3135 proﬁciendi,
1209 3062 1453 3120 futurum
1509 3061 1707 3133 inquit,
1764 3070 1828 3119 ut
1869 3063 2083 3120 sonitus

2178 558 2552 631 διανοουμένη,
2578 554 2710 632 ἦχος
2734 561 2790 614 δὲ
2818 564 2966 615 πᾶσα
2985 563 3300 636 προφητικὴ
3319 562 3475 628 τάξις
3497 605 3510 617 .
3534 564 3744 617 Λεκτέον

2177 650 2234 705 δέ
2265 651 2400 724 πρὸς
2430 652 2613 721 αὑτὸν,
2642 653 2745 718 ὅτι,
2771 652 2962 727 ὥσπερ
3016 656 3111 709 ἐὰν
3150 655 3346 727 ἄδηλον
3382 654 3621 725 σάλπιγξ
3651 673 3744 724 φω-

2179 743 2277 815 νὴν
2311 742 2409 815 δῷ,
2435 743 2611 809 οὐδεὶς
2657 746 3141 817 παρασκευάζεται
3185 747 3267 811 είς
3295 747 3557 819 πόλεμον,
3602 746 3691 799 καὶ
3727 749 3750 800 ὁ

2179 840 2349 913 χωρὶς
2393 839 2616 913 ἀγάπης
2667 840 2808 913 ἔχων
2863 841 3065 912 γνῶσιν
3115 842 3432 915 μυστηρίων
3473 841 3511 914 ἢ
3557 859 3751 914 προφη-

2178 932 2330 988 τείαν
2359 933 2550 1005 γέγονε
2576 933 2774 1004 χαλκὸς
2791 933 2961 1005 ὴχῶν,
2988 935 3022 1006 ἢ
3050 933 3118 989 κύ
3126 933 3329 1006 μϐαλον
3352 932 3628 999 ἀλαλάζον
3644 950 3657 962 ·
3679 931 3753 986 οὗ·

2180 1042 2307 1091 τως,
2332 1024 2383 1078 εί
2411 1025 2578 1098 μηδέν
2602 1026 2750 1080 ἐστιν
2771 1024 2959 1099 ἕτερον
2989 1021 3178 1098 ἢῆχος
3200 1029 3233 1099 ή
3257 1025 3576 1099 προφητικὴ
3600 1024 3750 1099 φωνὴ,

2181 1117 2298 1182 πῶς
2325 1118 2667 1190 ἀναπέμπων
2693 1120 2844 1191 ἡμᾶς
2872 1120 2960 1172 ἐπ’
2991 1119 3162 1192 αὐτὴν
3189 1120 3219 1172 ὁ
3259 1118 3473 1192 Σωτὴρ,
3520 1137 3541 1170 ι
3591 1119 3751 1190 Ἐρενι

2180 1210 2329 1274 νᾶτε,
2372 1228 2391 1261 ι
2439 1210 2592 1282 φησὶ,
2634 1229 2653 1263 ι
2704 1209 2805 1275 τὰς
2849 1209 3094 1283 Γραφάς,
3140 1211 3224 1265 ὅτι
3272 1210 3432 1282 ὑμεῖς
3460 1210 3669 1264 δοκεῖτε
3705 1211 3752 1262 ἐν

2179 1303 2372 1368 αὐταῖς
2394 1300 2541 1375 ζωὴν
2564 1302 2950 1377 αίώνιονέχειν
2970 1322 2983 1336 ·
3011 1306 3109 1360 καὶ
3130 1304 3338 1359 ἐκεῖναί
3361 1304 3503 1357 εἰσιν
3540 1305 3600 1358 αί
3631 1320 3751 1374 μαρ-

2179 1394 2439 1466 τυροῦσαι
2463 1412 2477 1426 ·
2506 1416 2524 1448 i
2554 1397 2678 1450 καί·
2708 1415 2727 1449 ι
2757 1398 2821 1451 Et
2847 1396 3162 1452 ἐπιστεύετε
3180 1394 3752 1463 Μωῦσεῖ,ἐπιστεύετε

2178 1486 2246 1541 ἂν
2266 1488 2409 1561 ἐμοί·
2436 1490 2565 1563 περὶ
2592 1490 2702 1563 γὰρ
2727 1489 2863 1562 ἐμοῦ
2893 1492 3100 1555 ἐκεῖνος
3124 1488 3354 1562 ἔγραψε·
3389 1508 3410 1542 ›
3443 1488 3577 1543 καί·
3614 1508 3633 1539 ι
3654 1489 3752 1541 Κα-

2180 1579 2288 1646 λῶς
2314 1582 2693 1654 προεφήτευσε
2721 1583 2851 1655 περὶ
2880 1581 3035 1654 ὑμῶν
3062 1581 3313 1647 Ἡσαΐας,
3338 1580 3540 1652 λέγων·
3570 1580 3629 1636 '0
3650 1579 3755 1642 λαὸς

2180 1667 2333 1737 οὗτος
2360 1675 2475 1738 τοῖς
2505 1672 2709 1745 χείλεσι
2749 1691 2820 1746 με
2858 1675 3012 1747 τιμᾷ·
3067 1693 3086 1727 ι
3127 1674 3241 1728 Οὐκ
3274 1669 3395 1728 οἶδα
3440 1672 3558 1746 γὰρ
3603 1673 3651 1727 εί
3681 1672 3757 1727 τὸν

2180 1765 2396 1839 ἄσημον
2425 1760 2560 1838 ἦχον
2589 1765 2952 1838 παραδέξεταί
2976 1785 3060 1832 τις
3076 1767 3315 1837 εὐλόγως
3339 1767 3445 1822 ὑπὸ
3464 1767 3568 1821 τοῦ
3592 1766 3757 1837 Συπῆ-

2109 1834 2152 1891 B
2186 1834 2728 1932 ρος-ἐπαινεῖσθαιξῆ
2762 1860 2937 1916 ἔνεστι
2971 1834 3498 1933 παρασκευάσασθαι
3528 1863 3641 1917 ἀπὸ
3668 1834 3759 1915 τιῖιν

2183 1952 2440 2027 Γραφῶν,
2473 1954 2549 2018 ὼς
2586 1954 2696 2008 ἀπὸ
2729 1955 2913 2027 φωνῆς
2944 1953 3245 2024 σάλπιγγος
3286 1954 3372 2024 ἐφ’
3411 1954 3480 2018 ἃς
3530 1954 3761 2024 ἀναπεμ-

2184 2045 2399 2118 πόμεθα
2422 2048 2503 2112 είς
2532 2046 2624 2101 τὸν
2653 2047 2791 2121 πρὸς
2822 2047 2920 2111 τὰς
2951 2046 3336 2118 ἀντικειμένας
3360 2046 3651 2118 ἐνεργείας
3682 2046 3763 2099 πό-

2182 2140 2364 2213 λεμον,
2393 2141 2591 2213 ἀδήλου
2620 2141 2803 2212 φωνῆς
2827 2141 2960 2213 ἤχου
2985 2140 3383 2214 τυγχανούσης,
3412 2141 3555 2196 Τίνα
3579 2140 3639 2195 δέ
3659 2141 3763 2215 τρό-
3812 2140 3813 2207 1

2184 2251 2283 2288 πον
2312 2234 2360 2288 εί
2407 2234 2481 2306 μὴ
2516 2233 2738 2306 ἀγάπην
2767 2231 2912 2306 εἶχον
2949 2236 2999 2288 οἱ
3035 2234 3332 2308 προφῆται,
3373 2234 3470 2291 καὶ
3508 2233 3602 2288 διὰ
3626 2232 3765 2287 τοῦτο

2180 2327 2379 2399 χαλκὸς
2401 2323 2542 2401 ἦσαν
2568 2326 2850 2400 ήχοῦντες,
2881 2328 2914 2400 ἢ
2937 2327 3217 2401 κύμϐαλον
3246 2327 3541 2393 ἀλαλάζον,
3569 2328 3664 2381 ἐπὶ
3688 2326 3765 2379 τὸν

2180 2415 2314 2491 ἦχον
2342 2421 2544 2486 αὐτῶν,
2579 2421 2656 2486 ὡς
2684 2422 2884 2477 ἐκεῖνοι
2916 2421 3227 2494 εἰλήφασιν,
3260 2421 3641 2492 ἀναπέμπειό
3669 2420 3767 2474 Κύ-

2185 2531 2302 2586 ριος
2325 2513 2853 2587 ὠφεληθησομένους
2876 2508 2895 2580 ξ
2922 2514 3036 2570 Οὐκ
3071 2510 3189 2568 οἴδα
3221 2513 3264 2567 δ’
3293 2514 3444 2577 ὅπως
3476 2514 3657 2586 χωρὶς
3678 2513 3768 2567 πά·

2186 2626 2286 2681 σης
2310 2608 2662 2680 κατασκευῆς
2691 2606 3052 2676 ἀποφαίνεται
3075 2606 3192 2679 τὴν,
3209 2605 3414 2679 φωνὴν,
3436 2606 3770 2678 οἰκειοτέραν

2182 2694 2347 2754 οὖσαν
2395 2698 2474 2771 τῷ
2515 2697 2680 2770 λόγῳ,
2728 2698 2885 2767 λόγον
2940 2696 3227 2767 γίνεσθαι,
3270 2696 3346 2762 ὡς
3397 2696 3499 2751 καὶ
3546 2697 3651 2768 τὴν
3688 2712 3771 2764 γυ-

2183 2793 2347 2846 ναῖκα
2401 2791 2482 2856 είς
2538 2790 2709 2865 ἄνδρα
2765 2789 3168 2863 μετατίθεσθαι.
3220 2790 3328 2843 Καὶ
3386 2788 3462 2852 ὡς
3534 2787 3813 2865 ἐξουσίανξ

2184 2883 2323 2954 ἔχων
2354 2882 2846 2956 τοῦδογματίζειν,
2875 2883 2971 2938 καὶ
3008 2881 3386 2948 πιστεύεσθαι,
3431 2880 3536 2935 καὶ
3584 2881 3771 2952 προκό-

2185 2995 2360 3043 πτειν,
2394 2976 2473 3050 τῷ
2504 2978 2622 3051 ἤχῳ
2656 2978 2822 3050 φησὶν
2841 2977 3060 3033 ἔσεσθαι
3091 2976 3191 3050 τήν
3226 2978 3307 3041 είς
3332 2975 3519 3048 φωνὴν
3556 2977 3773 3048 μεταϐο-

2184 3071 2305 3144 λὴνν
2358 3070 2599 3142 μαθητοῦ
2655 3072 2752 3142 μὲν
2796 3070 2979 3143 χώραν
3025 3070 3201 3134 διδοὺς
3245 3072 3310 3141 τῇ
3363 3069 3773 3140 μεταϐαλλούσῃ
3812 3069 3813 3131 1

502 3168 744 3212 mutetur
789 3158 843 3211 in
878 3170 1089 3221 vocem,
1139 3156 1258 3212 loco
1295 3154 1545 3225 discipuli
1585 3162 1831 3212 statuens
1886 3169 2074 3211 vocem

2185 3164 2264 3227 εἰς
2292 3162 2448 3231 λόγον
2487 3166 2661 3234 φωνῇ,
2697 3162 2729 3230 ἢ
2760 3161 2949 3217 δούλου
2976 3163 3034 3216 δὲ
3066 3165 3132 3234 τῇ
3163 3161 3273 3216 ἀπὸ
3297 3162 3431 3232 ῆχσυ
3459 3161 3552 3224 εἰς
3577 3163 3773 3231 φωνήν·

494 3259 879 3307 transeuntem
903 3249 956 3304 iu
989 3263 1323 3313 sermonem,
1354 3247 1475 3302 loco
1499 3261 1632 3304 vero
1665 3247 1812 3303 servi
1841 3248 2079 3304 sonitum

501 3353 878 3398 transeuntem
915 3343 968 3398 iu
1024 3354 1235 3396 vocem.
1292 3339 1446 3407 Quod
1495 3340 1541 3396 si
1590 3340 2082 3411 quomodocunque

498 3436 773 3491 attulisset
801 3434 1009 3504 aliquas
1042 3430 1353 3503 probabiles
1370 3432 1609 3488 rationes
1634 3432 1689 3486 in
1719 3432 1805 3488 his
1827 3442 2081 3488 astruen-

504 3528 608 3593 dis,
630 3527 1039 3584 laborassemus
1066 3527 1232 3581 etiam
1265 3539 1370 3581 nos
1396 3524 1449 3578 iu
1483 3525 1569 3580 his
1596 3523 1935 3581 refellendis.
1972 3524 2081 3582 Sed

500 3621 698 3680 sullicit
733 3623 800 3678 ad
822 3621 940 3678 haec
965 3619 1269 3678 refellenda
1295 3620 1438 3677 nuda
1466 3618 1805 3691 simplexque
1835 3619 2076 3690 negatio.

501 3716 609 3771 Sed
662 3729 764 3785 age
795 3755 811 3781 ,
872 3713 1018 3784 quod
1082 3710 1476 3769 distuleramus
1533 3710 1587 3767 in
1643 3711 2080 3781 praecedentibus

499 3808 778 3878 inquirere
801 3847 817 3873 ,
846 3805 1117 3877 quomodo
1143 3815 1323 3861 motus
1352 3803 1459 3860 fuit
1484 3843 1500 3870 ,
1533 3819 1677 3859 nunc
1720 3803 2074 3859 disseramus.

498 3899 774 3963 Servator,
805 3899 960 3969 juxta
994 3896 1409 3964 lleracleonem,
1439 3894 1707 3952 Joannem
1737 3898 1915 3966 ipsum
1944 3896 2078 3951 dicit

496 4003 551 4050 et
574 3992 894 4064 prophetam
927 4003 983 4049 et
1007 3992 1181 4048 Eliam
1216 4006 1232 4046 :
1262 4006 1496 4063 quorum
1539 3999 1834 4060 utrumque
1855 4004 1914 4046 se
1953 4003 2078 4046 esse

500 4095 659 4156 negat
713 4083 994 4158 [Joannes
1053 4082 1247 4155 ipse;]
1308 4091 1574 4152 praeterea
1645 4082 1964 4152 prophetam
2020 4089 2078 4138 et

499 4175 674 4231 Eliam
692 4191 814 4230 cum
839 4174 1100 4231 Servatur
1132 4175 1308 4244 ipsum
1330 4174 1461 4229 dicit
1478 4176 1496 4244 (
1515 4174 1690 4244 inquit
1718 4172 2071 4243 lieraclcon),

500 4280 609 4322 non
637 4267 810 4336 ipsum
845 4263 1114 4322 Joannem
1146 4265 1434 4332 declarat,
1487 4266 1582 4322 sed
1611 4280 1734 4336 quae
1776 4274 1902 4320 sunt
1926 4266 2074 4321 circa

495 4358 694 4429 ipsum;
726 4373 849 4414 cum
879 4372 1008 4414 vero
1056 4355 1322 4428 majorem
1358 4358 1521 4414 etiam
1563 4357 1844 4429 prophetis
1884 4366 1939 4413 et
1988 4357 2075 4413 his

494 4453 586 4524 qui
614 4462 739 4507 sunt
785 4450 927 4507 inter
963 4461 1122 4509 natos
1153 4451 1465 4518 mulierum,
1523 4462 1653 4508 tunc
1693 4450 1868 4523 ipsum
1902 4450 2074 4507 Joan-

2188 3255 2299 3311 Καὶ
2329 3257 2380 3310 εἰ
2428 3256 2525 3328 μὲν
2565 3257 2714 3319 ὅπως
2745 3255 2878 3310 ποτέ
2926 3255 3260 3327 πιθανότητα
3308 3253 3509 3324 ἔφερεν
3569 3252 3668 3307 ἐπὶ
3705 3250 3774 3322 τῷ

2187 3348 2325 3403 αὑτά
2352 3348 2787 3411 κατασκευάσαι,
2817 3348 2919 3402 κᾶν
2948 3344 3339 3418 ἠγωνισάμεθα
3369 3345 3505 3415 περὶ
3528 3344 3638 3417 τῆς
3662 3343 3776 3398 τού·
3812 3354 3813 3383 ῖ

2185 3458 2295 3497 των
2340 3439 2655 3513 ἀνατροπῆς
2676 3456 2691 3470 ·
2734 3440 2897 3512 ἀρκεῖ
2934 3438 2994 3494 δέ
3026 3439 3106 3504 είς
3140 3437 3450 3510 ἀνατροπὴν
3485 3439 3524 3508 ἡ
3564 3437 3777 3508 ἀπαρα-
3812 3432 3813 3435 “

2191 3532 2428 3606 μύθητος
2454 3532 2750 3602 ἀπόφασις.
2783 3533 2960 3604 Ὅπερ
2985 3531 3043 3586 δὲ
3068 3529 3415 3605 ύπερθέμεθα
3440 3530 3503 3583 ἐν
3534 3532 3655 3594 τοῖς
3683 3528 3780 3601 πρὸ
3812 3516 3813 3579 ἐ

2184 3625 2391 3680 τούτων
2427 3625 2677 3692 ἐξετάσαι
2718 3625 2836 3689 πῶς
2867 3625 3173 3696 κεκίνηται,
3207 3623 3304 3677 νῦν
3337 3622 3469 3694 φέρε
3505 3622 3755 3677 δια-λάϐω
3812 3618 3813 3623 “

2190 3735 2316 3790 μεν·
2343 3719 2372 3771 ὀ
2404 3719 2503 3788 μὲν
2525 3717 2635 3790 γάρ
2661 3717 2874 3790 Σωτὴρ,
2903 3717 3046 3772 κατά
3068 3717 3161 3771 τὸν
3201 3716 3589 3789 Ἡρακλέωνα,
3620 3715 3783 3788 φησὶν
3812 3712 3813 3723 ¹

2186 3812 2347 3867 αὐτὸν
2386 3813 2479 3866 καὶ
2518 3813 2804 3885 προφήτην
2839 3813 2935 3867 καὶ
2981 3812 3196 3867 Ἠλίαν·
3235 3813 3396 3876 αὑτὸς
3423 3812 3482 3866 δὲ
3516 3814 3782 3885 ἑκάτερον
3812 3872 3813 3877 η

2183 3905 2388 3961 τούτων
2436 3907 2708 3978 ἀρνεῖται·
2760 3908 2856 3962 καὶ
2906 3908 3193 3980 προφήτην
3237 3907 3337 3979 μὲν
3379 3906 3473 3961 καὶ
3524 3906 3723 3962 Ἠλίαν
3756 3907 3785 3960 ὁ

2184 3992 2376 4066 Σωτήρ
2415 3993 2554 4048 ἐπάν
2587 3994 2750 4050 αὐτὸν
2781 3995 2945 4070 λέγῃ,
2977 3996 3078 4050 ούκ
3121 3997 3315 4061 αὐτὸν,
3360 3996 3503 4052 ἀλλὰ
3537 3997 3619 4051 τά
3660 3998 3783 4069 περὶ

2183 4083 2372 4150 αὑτοῦ,
2425 4086 2579 4157 φησὶ,
2625 4086 2897 4142 διδάσκει·
2930 4090 3059 4142 ὅταν
3099 4088 3155 4141 δὲ
3203 4088 3426 4160 μείζονα
3467 4091 3783 4163 προφητῶν

2182 4177 2279 4232 καὶ
2309 4178 2368 4231 ἐν
2392 4180 2671 4250 γεννητοῖς
2696 4178 2990 4248 γυναικῶν,
3028 4181 3148 4235 τότε
3180 4181 3344 4235 αὐτὸν
3375 4180 3465 4234 τὸν
3518 4183 3783 4254 Ἰωάννην

2182 4270 2595 4341 χαρακτηρίζει.
2626 4262 2799 4336 Αὐτὸς
2836 4271 2914 4335 δὲ,
2953 4274 3107 4345 φησὶ,
3150 4275 3279 4347 περὶ
3316 4272 3516 4327 ἐαυτοῦ
3556 4275 3813 4350 ἐραν-τώς

2184 4381 2342 4435 μενος
2389 4364 2742 4437 ἀποκρίνεται
2783 4366 2812 4418 ὁ
2855 4364 3130 4437 Ἰωάννης,
3181 4367 3242 4419 ού
3287 4366 3356 4420 τά
3400 4368 3535 4438 περὶ
3591 4370 3813 4422 αὐτόν,

2184 4458 2352 4529 Ὅσην
2376 4457 2434 4511 δὲ
2460 4457 2688 4529 βάσανον
2709 4461 2873 4530 ἡμεῖς
2893 4460 3021 4531 περὶ
3048 4459 3253 4514 τούτων
3283 4457 3425 4514 κατά
3451 4460 3518 4513 τὸ
3547 4461 3783 4517 δυνατὸν

494 4560 616 4601 nem
651 4545 915 4615 designat.
957 4543 1213 4614 Proinde,
1260 4545 1435 4616 inquit
1462 4543 1790 4612 Heraclcon,
1834 4542 2068 4598 Joannes

2179 4551 2547 4623 πεποιήμεθα,
2581 4550 2732 4606 οὐδὲν
2766 4549 3199 4624 ἀπαραμύθητον
3235 4549 3433 4617 ἐῶντες
3461 4550 3589 4606 τῶν
3625 4553 3784 4621 λεγο⁶

490 4636 607 4708 ipse
634 4639 1021 4706 interrogatus,
1054 4636 1121 4692 de
1149 4636 1331 4707 seipso
1361 4636 1690 4708 respondet,
1718 4651 1843 4692 non
1882 4636 1949 4691 de
1985 4636 2069 4692 his
2118 4668 2121 4671 ν

487 4748 609 4805 qua:
648 4732 790 4788 circa
823 4732 1061 4803 seipsum
1102 4741 1250 4788 sunt.
1299 4733 1458 4803 122
1497 4731 1765 4788 Cmterum
1814 4746 2067 4804 magnam

489 4827 823 4898 diligentiam
849 4826 916 4882 de
964 4825 1113 4882 hisce
1155 4826 1320 4883 rebus
1356 4841 1455 4898 pro
1495 4827 1639 4883 virili
1694 4828 2064 4895 adhibuimus,

492 4929 548 4973 ut
583 4920 714 4975 nihil
742 4936 846 4975 non
871 4919 1256 4976 conﬁrmatum
1283 4920 1684 4988 omitteremus,
1710 4935 1819 4992 quo
1844 4936 2070 4993 compa-

490 5022 740 5067 rarentur
767 5012 1008 5078 termini,
1035 5025 1175 5081 quos
1204 5020 1423 5079 vocant,
1463 5027 1587 5068 cum
1615 5012 1702 5068 his
1732 5027 1854 5083 qum
1885 5029 2063 5068 ennu-

486 5104 620 5158 tiata
653 5103 875 5173 fuerunt
901 5106 969 5162 ab
997 5105 1590 5177 Heracleone:quippe
1607 5106 1697 5176 qui
1731 5121 1837 5161 non
1870 5106 2067 5162 habeat

485 5202 809 5267 potestatem
867 5197 1084 5252 dicendi
1144 5197 1408 5268 quidquid
1486 5197 1643 5253 velit.
1726 5196 1840 5265 Qua
1919 5198 2062 5254 cnim

489 5290 724 5352 ratione,
760 5306 827 5345 ue
871 5291 1061 5347 leviter
1104 5292 1346 5361 quidem,
1399 5290 1633 5360 probare
1685 5301 1913 5345 conatur
1961 5290 2065 5344 hoc

486 5382 671 5452 (quod
705 5381 911 5436 scilicet
943 5379 1179 5438 Joannes
1205 5425 1219 5448 ,
1253 5394 1526 5454 quatenus
1555 5393 1636 5439 est
1666 5383 1927 5454 propheta
1952 5424 1967 5449 ,
2009 5389 2066 5435 et

485 5473 653 5539 Elias,
689 5483 742 5529 et
770 5487 879 5529 vox
904 5473 1187 5531 clamantis
1222 5477 1274 5530 in
1299 5475 1559 5547 deserto)
1584 5490 1708 5533 esse
1730 5491 1799 5531 ex
1832 5486 2061 5528 numero
2108 5472 2113 5473 ⁷

481 5579 669 5621 eorum
699 5581 819 5636 quae
840 5574 965 5621 sunt
996 5566 1143 5621 circa
1187 5567 1399 5636 ipsum,
1450 5571 1548 5626 sed
1581 5571 1752 5624 utitur
1784 5566 2058 5637 exemplo,

481 5656 626 5728 quod
656 5673 776 5726 quae
806 5669 934 5730 sunt
966 5659 1109 5716 eirea
1156 5660 1328 5730 ipsum
1364 5662 1478 5717 sint
1523 5661 1690 5718 veluti
1734 5660 2057 5716 vestimenta

2180 4641 2357 4714 μένων
2406 4644 2548 4716 ὅρων
2595 4644 2884 4716 συγκρῖναι
2930 4645 3043 4708 τοῖς
3083 4642 3189 4696 ὑπὸ
3235 4641 3653 4716 Ἡρακλέωνος,
3690 4644 3783 4698 ita

2174 4732 2275 4787 οὐκ
2301 4731 2551 4797 ἐξουσίαν
2583 4731 2798 4805 ἔχοντος
2823 4731 2918 4787 τοῦ
2949 4732 3131 4802 λέγειν
3154 4732 3184 4785 ὃ
3213 4732 3483 4803 βούλεται,
3522 4734 3785 4804 ἀποφαν-

2175 4821 2331 4876 θεῖσι.
2366 4824 2490 4889 Πῶς
2522 4824 2650 4894 γὰρ,
2679 4825 2760 4879 ὅτι
2785 4824 2913 4896 περί
2947 4824 3107 4879 αὐτόν
3135 4826 3251 4879 ἐστι
3281 4825 3344 4879 τὸ
3382 4825 3585 4882 Ἠλίαν
3618 4826 3784 4882 αὑτὸν

2174 4918 2268 4970 καὶ
2294 4917 2581 4989 προφήτην
2614 4897 2775 4981 εἶναί,
2812 4918 2908 4971 καὶ
2942 4917 3070 4988 περὶ
3098 4917 3264 4972 αὑτοῦ
3291 4918 3354 4972 τὸ
3384 4919 3585 4993 φωνὴν
3616 4922 3786 4976 αὐτὸν

2174 5003 2313 5063 εῖναι
2353 5008 2583 5079 βοῶντος
2613 5012 2672 5063 ἐν
2702 5013 2767 5082 τῇ
2798 5011 3010 5083 ἐρήμῳ,
3041 5012 3162 5066 οὐδὲ
3194 5011 3336 5067 κατά
3361 5012 3425 5065 τὸ
3451 5014 3634 5085 τυχὸν
3662 5033 3788 5068 πει-

2177 5100 2335 5173 ρᾶται
2372 5101 2775 5166 ἀποδεικνύναι,
2812 5104 2951 5157 ἀλλά
2984 5104 3181 5176 χρῆται
3211 5103 3667 5177 παραδείγματι,
3705 5109 3789 5161 ὅτι

2170 5192 2238 5245 τὰ
2269 5192 2398 5264 περὶ
2430 5192 2592 5247 αὑτὸν
2628 5194 2793 5249 οἱονεὶ
2825 5195 3101 5267 ἐνδύματα
3127 5191 3196 5268 ἦν
3232 5196 3395 5268 ἕτερα
3428 5196 3616 5251 αὑτοῦ
3636 5217 3651 5230 ·
3691 5199 3788 5252 καὶ

2170 5285 2270 5338 οὐκ
2296 5284 2362 5339 ἂν
2396 5285 2690 5359 ἐρωτηθεὶς
2717 5287 2847 5359 περὶ
2878 5287 2988 5342 τῶν
3018 5288 3354 5357 ἐνδυμάτων,
3379 5290 3429 5340 εἰ
3467 5289 3659 5354 αὐτὸς
3701 5294 3786 5362 εἴη

2170 5378 2241 5432 τὰ
2277 5378 2572 5449 ἐνδύματα,
2615 5380 2886 5452 ἀπεκρίθη
2915 5379 2982 5434 ἂν
3008 5380 3089 5444 τὸ,
3123 5380 3260 5435 Ναί·
3302 5380 3426 5444 Πῶς
3469 5381 3596 5455 γὰρ
3629 5383 3789 5437 ἐνδύ-

2175 5488 2322 5541 ματα
2364 5472 2424 5525 τὸ
2476 5469 2617 5528 εἶναι
2667 5475 2773 5527 τὸν.
2819 5473 3004 5528 Ἠλίαν
3053 5475 3144 5529 τὸν
3191 5474 3452 5546 μέλλοντα
3499 5474 3790 5548 ἔρχεσθαι

2185 5564 2454 5631 Ἰωάννου,
2489 5567 2550 5620 ού
2591 5567 2730 5622 πάνυ
2766 5585 2819 5621 τι
2850 5568 2973 5622 κατ’
3007 5566 3169 5622 αὑτὸν
3200 5566 3424 5640 θεωρῶ·
3458 5567 3626 5641 τάχα
3657 5570 3790 5628 καθ’

2174 5659 2322 5728 ἡμᾶς
2354 5658 2431 5723 ὡς
2460 5659 2795 5732 δεδυνήμεθα
2836 5660 3278 5732 διηγησαμένους
3311 5660 3393 5725 τὸ,
3436 5681 3455 5715 ι
3498 5662 3571 5718 ἐν
3608 5667 3789 5723 πνεύ-

552 5835 599 5871 “
622 5839 643 5893 l
665 5804 771 5896 Gor
831 5856 943 5904 xw,
978 5842 1032 5900 8.
1108 5842 1152 5874 "
1181 5839 1348 5901 lCor.
1378 5859 1498 5911 xm,
1529 5844 1587 5912 l,
1620 5844 1677 5902 2.
1753 5844 1798 5877 '°
1832 5841 1988 5901 Joan.
2025 5857 2078 5914 ν,
2114 5842 2205 5902 39.
2281 5842 2324 5874 ⁵¹
2360 5841 2490 5898 ibid.
2516 5840 2604 5895 46.
2684 5841 2728 5874 ⁵³
2753 5840 2945 5923 hlalth.
2978 5858 3068 5912 xv,
3091 5842 3144 5911 7,
3173 5842 3226 5900 8.

3812 164 3813 247 ξ

3812 2754 3813 2827 ι

3811 2862 3813 2969 l
