3816 6616
458 478 563 534 259

1918 474 2244 533 ORIGENIS
3607 482 3696 539 259

450 601 618 656 etiam
656 598 895 655 nonnulli
949 599 1299 669 Sampsonem
1353 614 1380 652 a
1431 597 1600 654 Jacob
1649 596 2027 667 prapbetatum
2064 592 2253 658 fuisse,
2288 592 2502 648 dicente
2548 592 2637 648 ’δε
2685 612 2703 645 ι
2743 591 2854 650 Dan
2892 592 3160 663 iudicabit
3201 611 3359 651 suum
3403 596 3574 668 ipsius
3622 614 3697 668 po-

448 693 656 768 pulum,
687 693 1138 764 quemadmodum
1165 693 1326 747 etiam
1368 706 1471 746 una
1521 690 1696 745 tribus
1738 689 1790 743 in
1832 686 2018 752 Israel,
2072 704 2093 739 ι
2141 683 2396 755 quoniam
2447 698 2479 739 e
2536 685 2682 740 tribu
2734 685 2848 740 Dan
2890 686 3102 756 genitus
3147 686 3416 757 Sampson
3451 689 3699 760 judicavit

451 787 725 845 lsraelem.
755 787 858 843 Sed
889 786 1279 842 Itazcbactenus
1303 787 1368 841 ad
1397 784 1743 841 refellendam
1768 781 2127 839 temeritatem
2170 778 2309 849 ejus,
2346 779 2437 848 qui
2461 780 2761 835 enuntiavit
2815 783 3011 849 praeter
3046 779 3310 836 Joannem
3332 783 3699 852 prophetatum

450 883 618 940 fuisse
663 882 967 945 neminem;
1004 890 1058 936 ct
1103 882 1218 937 haec
1249 880 1387 936 dixit
1434 879 1620 937 volens
1657 878 1859 949 aliquid
1900 876 2169 930 disserere
2207 874 2259 928 in
2304 874 2430 928 illud
2467 892 2479 926 :
2514 892 2533 925 ι
2581 872 2693 943 Ego
2739 887 2841 927 vox
2883 873 3173 928 clamantis
3226 874 3278 928 in
3331 875 3552 931 deserto
3584 873 3696 931 ".t
3770 872 3771 917 ί

443 1041 452 1053 ’
522 1032 611 1086 i5.
643 1027 707 1082 Et
744 1028 834 1098 qui
864 1025 1009 1080 missi
1057 1023 1289 1094 fuerant,
1318 1028 1469 1075 erant
1507 1035 1573 1075 ea:
1606 1018 1915 1074 Pltarisa'is.
1957 1014 2008 1069 Et

2200 997 2286 1054 i5.
2330 998 2442 1053 Kal
2490 1000 2545 1053 οἱ
2590 999 3035 1070 ἀπεσταλμένοι
3073 998 3237 1074 ἦσαν
3266 1004 3335 1058 ἐκ
3381 1004 3501 1058 τῶν
3536 1008 3695 1076 me

448 1127 897 1191 interrogarerunt
929 1134 1045 1172 eum
1074 1133 1136 1169 ac
1163 1116 1408 1169 dixerunt
1432 1115 1478 1167 ei
1503 1129 1520 1167 :
1553 1111 1695 1179 Quid
1717 1126 1838 1182 ergo
1863 1110 2025 1177 bapti-

450 1234 562 1283 zns,
593 1216 640 1269 si
668 1227 725 1269 tu
761 1229 864 1266 non
890 1228 944 1265 es
988 1209 1230 1264 Christus
1272 1206 1381 1271 ille,
1424 1222 1586 1275 neque
1649 1205 1819 1268 Elias.
1863 1220 2025 1275 m‘que

445 1312 700 1382 propheta
726 1306 815 1362 ille
842 1305 888 1355 ’θ’
904 1306 931 1361 .’
955 1304 1054 1373 Qui
1081 1311 1297 1377 qmdem
1333 1302 1401 1357 ab
1425 1299 1818 1371 Hierosolymis
1841 1314 2026 1353 sacer-

447 1407 601 1461 dotes
630 1411 683 1459 et
705 1402 922 1457 Levitas
945 1399 1370 1468 interrogaturos
1388 1393 1653 1450 Joannem
1676 1393 1936 1448 miserant
1954 1393 2019 1455 εί,

446 1511 568 1551 enm
605 1492 918 1548 didicissent
945 1490 1069 1560 quis
1113 1497 1257 1544 esset
1289 1486 1373 1543 vel
1404 1500 1509 1541 non
1541 1494 1686 1541 esset
1711 1484 1827 1554 ipse
1859 1482 2024 1538 Joan-

445 1599 565 1648 nes,
614 1580 996 1637 decentissime
1021 1578 1310 1649 quiescunt
1339 1594 1353 1631 :
1381 1576 1547 1632 veluti
1582 1576 1802 1632 silentio
1837 1575 2021 1629 faven-

446 1686 550 1740 tes,
591 1684 644 1730 et
670 1675 1108 1729 demonstrantes
1134 1686 1194 1726 se
1231 1670 1521 1726 admittere
1549 1684 1670 1740 qua:
1716 1669 2020 1735 audissent,

444 1767 591 1837 quod
621 1765 895 1834 baptizare
932 1762 1227 1818 conveniat
1253 1762 1371 1817 voci
1408 1760 1699 1816 clamantis
1724 1760 1776 1815 in
1801 1760 2023 1816 deserto

445 1862 511 1915 ad
541 1859 878 1931 dirigendam
904 1858 1045 1913 viam
1071 1856 1307 1913 Domini.
1338 1856 1539 1912 Contra
1570 1869 1701 1911 vero
1737 1854 2018 1921 Pharisati,

445 1953 617 2023 utqui
643 1954 796 2021 juxta
826 1966 1023 2006 nomen
1054 1964 1214 2007 suum
1253 1949 1411 2003 divisi
1442 1948 1665 2019 quidam
1692 1957 1749 2003 et
1778 1947 2018 2003 seditiosi

443 2053 646 2111 essent,
678 2062 737 2103 se
762 2045 952 2101 eadem
982 2058 1085 2100 non
1122 2044 1325 2100 sentire
1366 2042 1745 2098 demonstrant
1772 2058 1893 2098 cum
1927 2041 2022 2097 Ju-

443 2138 574 2200 tlteis
616 2136 1006 2193 exsistentibus
1053 2134 1107 2190 in
1158 2135 1292 2190 urbe
1321 2133 1627 2204 metropoli,
1681 2142 1887 2190 etcum
1922 2133 2022 2188 mi-

447 2230 635 2286 nistris
672 2229 852 2286 cultus
891 2227 1084 2292 divini,
1139 2242 1204 2281 ac
1245 2226 1621 2281 sacerdotibus
1660 2236 1715 2282 et
1768 2225 2016 2281 Levitis:

446 2324 715 2381 mittendo
741 2323 835 2394 qui
888 2322 1054 2379 veluti
1109 2323 1483 2389 increpantes,
1539 2334 1603 2374 ac
1645 2318 2016 2389 prohibentes.

438 2425 705 2489 quantum
752 2417 805 2471 in
834 2415 965 2488 ipsis
1004 2424 1170 2484 esset,
1200 2414 1513 2485 baptizare.
1565 2414 2010 2483 interrogarent:

442 2527 465 2561 ι
501 2508 638 2578 Quid
688 2523 817 2581 ergo
859 2508 1123 2579 baptizas,
1176 2507 1220 2562 si
1256 2515 1310 2563 tu
1357 2521 1463 2563 non
1506 2521 1567 2561 es
1611 2505 1700 2561 ille
1741 2504 2013 2569 Christus,

440 2616 619 2673 neque
667 2600 833 2669 Elias,
866 2615 1043 2671 neque
1067 2599 1328 2670 propinata
1374 2598 1502 2654 ille?
1536 2617 1555 2651 ι
1591 2597 1658 2653 Et
1703 2597 1935 2654 fortasse
1967 2597 2010 2652 si

434 2710 603 2750 utinm
652 2695 706 2750 in
756 2708 956 2763 corpus
1008 2702 1399 2748 connectamus
1450 2706 1571 2761 qua:
1607 2691 1658 2745 in
1704 2691 2013 2761 Evangeliis

434 2797 563 2841 sunt
606 2788 835 2857 scripta,
872 2786 1065 2840 dicturi
1108 2798 1301 2841 sumus
1328 2798 1474 2839 lltlllc
1513 2784 1732 2854 quidem
1763 2797 1860 2839 eos
1898 2784 2011 2836 lta'c

432 2871 654 2941 dixisse,
685 2873 884 2929 deinde
916 2888 1044 2928 vero
1074 2874 1259 2929 nescio
1287 2887 1397 2944 quo
1434 2873 1591 2928 modo
1622 2888 1738 2940 eos,
1788 2888 1910 2928 cum
1952 2889 2012 2927 se

432 2966 703 3035 baptismo
731 2967 1028 3033 dedissent,
1074 2983 1104 3022 a
1146 2966 1353 3023 Joanne
1383 2967 1601 3022 audisse
1641 2968 1769 3022 illud
1804 2985 1818 3022 :
1853 2967 2013 3039 124

422 3076 455 3106 -σ
498 3055 788 3126 Progenies
827 3057 1161 3127 viperarum,
1214 3058 1336 3128 quis
1387 3073 1481 3113 vos
1520 3057 1704 3114 docuit
1741 3058 1930 3128 fugere
1978 3075 2008 3113 a

434 3158 660 3203 ventura
684 3149 800 3204 ira?
828 3149 1019 3205 Facite
1044 3150 1208 3221 igitur
1233 3149 1471 3206 fructum
1494 3150 1713 3222 dignum
1736 3152 2006 3221 pteniten-

422 3241 505 3295 'tia
537 3242 600 3294 θ’.
639 3260 658 3292 ι
690 3240 814 3297 llaec
879 3242 1025 3296 enim
1071 3242 1211 3313 apud
1263 3240 1573 3299 Mattbazum
1638 3244 1782 3299 dicta
1823 3253 1949 3299 sunt
1978 3261 2007 3298 a

434 3333 696 3405 Baptista,
722 3350 844 3389 cum
878 3334 1105 3391 vidisset
1139 3335 1337 3391 multos
1360 3336 1758 3393 Pltaristeorum
1787 3348 1841 3393 et
1873 3339 2010 3395 Sad-

421 3427 737 3481 duezcorum
788 3426 1072 3483 venientes
1129 3430 1196 3499 ad
1241 3428 1506 3499 baptisma
1539 3448 1552 3484 :
1584 3446 1708 3485 cum
1759 3431 2010 3488 videlicet

428 3519 765 3588 paenitentiae
788 3518 996 3577 fructus
1030 3536 1134 3599 non
1177 3522 1469 3589 haberent,
1508 3534 1671 3594 atque
1692 3523 2008 3582 Pharisaice

432 3611 571 3680 apud
594 3611 803 3682 seipsos
825 3611 1192 3683 gloriarentur
1215 3616 1283 3671 de
1306 3616 1587 3672 Abraham
1620 3628 1878 3688 tanquam
1908 3634 2000 3688 pa-

2125 1092 2336 1147 σιτίων.
2363 1092 2475 1147 Καὶ
2496 1092 2818 1162 ἠρώτησαν
2840 1093 3047 1161 αὐτὸν,
3075 1096 3174 1150 καί
3203 1092 3383 1151 εἶπαν
3412 1098 3576 1165 αὑτῷ
3593 1116 3607 1128 ο
3649 1102 3698 1154 Τί

2127 1183 2240 1243 οὖν
2253 1186 2579 1256 βαπτίζεις,
2598 1190 2650 1243 εί
2670 1188 2751 1243 σὺ
2768 1190 2879 1244 οὐκ
2900 1184 2958 1244 εἷ
2974 1193 3006 1244 ὀ
3024 1191 3299 1260 Χριστὸς,
3317 1192 3463 1246 οὐδὲ
3484 1192 3694 1258 Ἠλίας.

2126 1281 2269 1337 οὐδὲ
2304 1284 2337 1336 ὁ
2372 1280 2718 1352 προφήτηω
2746 1284 2811 1336 Οἱ
2853 1281 2951 1354 μὲν
2990 1282 3097 1336 ἀπὸ
3138 1283 3529 1355 Ἰεροσολύμων
3571 1285 3695 1356 πέμ·
3774 1284 3775 1341 l

2123 1375 2321 1445 ψαντες
2341 1376 2465 1440 τοὺς
2487 1376 2664 1448 ὲρωτή
2673 1393 2869 1441 σαντας
2883 1376 2973 1429 τὸν
2987 1376 3239 1447 Ἰωάννην
3265 1378 3430 1448 ἱερεῖς
3448 1378 3544 1431 καὶ
3561 1378 3683 1431 Aeni

2126 1484 2243 1531 τας,
2280 1465 2541 1538 μαθόντες
2572 1468 2720 1532 ὅστις
2755 1486 2813 1522 τε
2845 1468 2944 1523 οὐκ
2968 1463 3035 1540 ἧν
3065 1470 3094 1521 6
3126 1468 3399 1540 Ἰωάννης,
3423 1470 3599 1533 καὶὸς
3620 1466 3695 1541 ἦν,
3776 1470 3777 1479 ‘

2128 1559 2647 1633 σεμνοπρεπέστατα
2661 1560 3044 1633 ἡσυχάζουσιν·
3063 1561 3225 1615 οἱονεὶ
3247 1561 3701 1634 συγκατατιθέμε-

2126 1669 2205 1704 νοι
2222 1649 2310 1703 διὰ
2335 1651 2432 1722 τῆς
2455 1649 2667 1719 σιωπῆς
2682 1649 2818 1719 (l5),
2837 1648 2933 1702 καὶ
2953 1649 3310 1719 ἐμφαίνοντες
3339 1649 3403 1701 τὸ
3420 1648 3711 1721 παραδέχε-
3778 1646 3779 1673 ῖ

2126 1744 2251 1797 σθαι
2264 1744 2329 1797 τὰ
2345 1743 2628 1816 εἰρημένα,
2642 1742 2723 1795 ὃτι
2739 1742 2966 1814 ἁρμόζει
2981 1744 3046 1814 τῇ
3063 1740 3155 1795 τοῦ
3179 1740 3413 1812 βοῶντος
3434 1742 3496 1795 ὲν
3510 1746 3578 1814 τῇ
3602 1744 3709 1813 ὲρὴυ

2127 1856 2211 1910 μῳ
2230 1832 2378 1909 ξρωνῇ
2398 1839 2477 1901 είς
2493 1836 2553 1890 τὸ
2572 1835 2814 1890 εὐθύνειν
2829 1833 2921 1908 τὴν
2940 1834 3062 1888 ὁδὸν
3077 1835 3305 1907 Κυρίου,
3325 1834 3388 1888 τὺ
3406 1833 3707 1905 βαπτίζειν
3780 1882 3781 1887 η

3767 719 3771 899 ι

2122 1932 2171 1985 οἱ
2201 1930 2257 1983 δὲ
2280 1932 2585 2001 Φαρισαῖοι,
2604 1930 2698 1983 ἆτε
2718 1928 2829 1999 (Μ)
2863 1928 3005 1983 κατὰ
3033 1928 3094 1981 τὸ
3131 1928 3305 2000 ὄνομα
3330 1928 3486 1994 ὄντες
3517 1928 3713 1999 61an-

2117 2025 2287 2095 μένοι
2313 2026 2455 2089 τινὲς
2478 2025 2571 2078 καὶ
2601 2023 2939 2087 στασιώδεις,
2957 2023 3016 2077 τὸ
3046 2022 3121 2095 μὴ
3149 2024 3393 2094 ὁμονοεῖν
3416 2025 3716 2096 παριστᾶσι

2123 2119 2235 2179 τοῖς
2268 2118 2324 2170 ὲν
2356 2117 2420 2187 τῇ
2451 2114 2779 2187 μητροπόλει
2814 2113 3087 2177 Ἰουδαίοις
3118 2114 3212 2166 καὶ
3240 2115 3353 2177 τοῖς
3379 2114 3715 2185 λειτουργοῖς

2122 2207 2220 2279 τῆς
2242 2208 2337 2262 τοῦ
2368 2206 2504 2261 Θεοῦ
2531 2206 2828 2278 θεραπείας
2913 2204 3113 2277 ἱερεῦσι
3178 2204 3273 2258 καὶ
3309 2206 3568 2270 Λευΐταις
3589 2248 3605 2272 ,
3636 2208 3717 2261 διέι

2121 2303 2215 2357 τοῦ
2246 2303 2562 2357 ἀποστεῖλαι
2596 2303 2758 2356 οἱονεὶ
2787 2298 3219 2373 ὲπιπληκτικῶς,
3246 2300 3426 2353 καὶτὸ
3466 2301 3598 2355 ὅσον
3637 2305 3716 2354 ἐπ’

2126 2398 2307 2461 αὐτοῖς
2337 2396 2652 2460 κωλυτικῶς
2683 2395 2777 2449 τοῦ
2807 2394 3107 2466 βαπτίζειν,
3136 2395 3262 2456 τοὺς
3294 2395 3714 2466 ἐρωτήσοντας·

2130 2510 2148 2543 ι
2182 2491 2247 2544 Τί
2279 2486 2372 2544 οὖν
2418 2489 2698 2560 βαπτίζεις
2722 2529 2736 2551 ,
2784 2491 2831 2542 εί
2887 2490 2951 2543 σὺ
2997 2489 3097 2542 οὐκ
3139 2482 3190 2540 εἶ
3229 2487 3259 2540 ό
3289 2487 3525 2559 Χριστὸς
3552 2528 3569 2549 ,
3605 2488 3719 2541 οὐδὲ

2133 2580 2338 2645 Ἠλίας,
2374 2579 2493 2633 οὐδὲ
2526 2582 2553 2633 6
2581 2581 2897 2652 προφήτηςς
2936 2599 2954 2629 ι
2985 2579 3094 2633 Kal
3120 2579 3260 2650 τάχα
3294 2579 3341 2631 εἰ
3371 2578 3721 2647 ωγκλώσαι-

2124 2691 2222 2747 μεν
2264 2675 2345 2738 εἰς
2386 2672 2443 2727 ἓν
2480 2673 2981 2745 σωματοποιοῦντες
3010 2673 3080 2727 τὰ
3112 2675 3168 2726 ὲν
3211 2675 3321 2737 τοῖς
3362 2673 3725 2742 [εὐαγγελίοις

2120 2767 2502 2839 γεγραμμένα,
2523 2768 2769 2838 εἴποιμεν
2794 2766 2860 2821 ἂν
2892 2766 2984 2821 νῦν
3018 2768 3115 2839 μὲν
3140 2768 3337 2831 αὐτοὺς
3367 2766 3544 2821 ταῦτα
3579 2770 3727 2840 sipa-

2121 2858 2294 2922 κέναι,
2327 2858 2554 2930 ὕστερον
2586 2857 2642 2912 δὲ
2666 2858 2767 2911 οὐκ
2792 2853 2887 2911 οἷδ’
2912 2858 3061 2921 ὅπως
3092 2858 3289 2923 αὐτοὺς
3318 2857 3727 2920 ὲπιδεδωκότας

2119 2949 2197 3022 τῷ
2256 2949 2626 3020 βαπτίσασθαι
2673 2950 2970 3021 ἀκηκοέναι
3026 2950 3131 3004 ὑπὸ
3175 2949 3266 3004 τοῦ
3321 2949 3580 3004 Ἰωάννου
3632 2953 3722 3004 τό’

2126 3059 2146 3092 ι
2177 3041 2495 3113 Γεννήματα
2523 3040 2766 3111 ἐχιδνῶν,
2799 3041 2883 3105 τίς
2917 3040 3192 3107 ὑπέδειξεν
3224 3041 3353 3114 ὑμῖν
3383 3044 3585 3113 φυγεῖν
3619 3044 3731 3097 ἀπὸ

2117 3133 2216 3204 τῆς
2246 3133 2547 3205 μελλούσης
2580 3132 2751 3206 ὀργῆς
2781 3150 2795 3198 ;
2828 3134 3097 3205 Ποιήσατε
3127 3132 3220 3188 οὖν
3252 3135 3441 3202 ἀξίους
3468 3138 3729 3209 καρποὺς

2117 3223 2217 3294 τῆς
2241 3226 2548 3295 μετανοίας.
2585 3244 2602 3277 ι
2644 3224 2829 3278 Ταῦτα
2850 3224 2958 3297 γὰρ
2982 3224 3088 3279 ὑπὸ
3106 3225 3202 3279 τοῦ
3234 3226 3546 3281 Βαπτιστοῦ
3571 3230 3735 3300 εἴρη-

2118 3334 2207 3371 ται
2239 3316 2388 3388 παρὰ
2423 3317 2501 3389 τῷ
2548 3316 2814 3390 Ματθαίῳ
2838 3359 2852 3381 ,
2888 3318 3087 3384 ἰδόντος
3131 3319 3359 3385 πολλοὺς
3405 3320 3519 3375 τῶν
3552 3324 3729 3395 Φαρι-

2119 3411 2287 3465 σαίων
2318 3412 2412 3464 καὶ
2444 3410 2815 3476 Σαδδουκαίων
2845 3413 3174 3483 ἐρχομένους
3207 3413 3301 3466 ἐπὶ
3318 3413 3383 3466 τὸ
3405 3412 3731 3487 βάπτισμα·

2115 3502 2357 3573 δηλονότι
2389 3503 2488 3556 οὐκ
2519 3501 2739 3573 ἔχοντας
2769 3503 3018 3575 καρποὺς
3052 3502 3339 3574 μετανοίας
3362 3545 3376 3569 ,
3409 3505 3506 3558 καὶ
3550 3507 3735 3579 Φαρι-

2117 3594 2317 3659 σαῖκῶς
2358 3594 2848 3666 ἀλαζονευομένους
2878 3596 2935 3648 ἐν
2966 3596 3179 3660 ἑαυτοῖς
3213 3596 3306 3649 ἐπὶ
3339 3595 3416 3667 τῷ
3462 3597 3739 3669 Ἀϐραὰμ

429 3713 515 3759 tre
550 3704 844 3775 :qnocirea
883 3705 1081 3762 saevius
1114 3707 1474 3780 objurgantur
1512 3724 1543 3764 a
1573 3709 1784 3766 Joanne
1822 3711 2000 3767 zelum

2125 3688 2189 3751 ὥς
2217 3686 2418 3758 πατρί·
2463 3686 2653 3755 διόπερ
2692 3688 3125 3759 ὲπιπλήσσονται
3164 3687 3268 3741 ὑπὸ
3298 3687 3392 3741 τοῦ
3434 3687 3529 3742 τὸν
3556 3689 3739 3761 ζῆλον

430 3797 561 3853 Elia:
584 3792 817 3856 habente
844 3798 1002 3870 juxta
1034 3803 1586 3861 communicationem
1619 3804 1860 3875 Spiritus
1879 3821 2005 3861 san-

427 3890 525 3946 cti.
571 3888 921 3962 ObjurgatiVa
967 3892 1113 3947 enim
1142 3894 1321 3949 oratio
1349 3904 1434 3951 est
1467 3896 1581 3963 illa.
1629 3913 1751 3968 qua:
1776 3896 1956 3969 inquit
1987 3916 2002 3952 :

431 4000 453 4036 ι
498 3982 573 4039 Ne
617 3986 869 4053 cogitetis
899 3986 1080 4044 dicere
1107 3989 1248 4056 apud
1282 4003 1380 4045 vos
1423 3990 1568 4061 ipsos
1604 4008 1618 4046 :
1660 3991 1877 4048 Patrem
1909 3994 2004 4048 ba-

429 4076 624 4132 bemus
669 4077 943 4131 Abraham
966 4077 1066 4130 “:i
1091 4078 1419 4136 didascalici.
1460 4090 1643 4139 autem
1683 4083 1811 4150 illa,
1857 4085 2004 4156 quod

430 4168 675 4225 infideles
713 4172 806 4238 (ob
842 4186 941 4225 cor
980 4170 1253 4240 lapideum
1301 4174 1506 4245 lapides
1535 4177 1690 4247 dicti)
1724 4179 2000 4235 immutari

427 4262 660 4331 possint.
689 4261 889 4317 virtute
917 4262 1033 4326 Dei,
1057 4278 1121 4316 ex
1147 4262 1420 4335 lapidibus
1446 4267 1499 4322 in
1524 4267 1725 4325 liberos
1746 4272 2002 4337 Abrahae,

428 4349 689 4420 quoniam
723 4354 968 4411 erantin
1011 4355 1184 4413 oculis
1226 4360 1523 4432 prophetae,
1572 4380 1680 4420 non
1734 4364 2003 4436 fugientes

429 4444 574 4501 Silius
601 4446 838 4502 divinum
876 4449 1150 4507 obtutum.
1193 4454 1371 4521 Quam
1412 4454 1482 4509 ob
1506 4469 1726 4512 causam
1776 4456 1904 4511 illud
1934 4458 2003 4514 ab

431 4535 553 4607 ipso
574 4537 775 4593 dicitur
806 4558 820 4593 :
854 4558 873 4592 ι
910 4540 1041 4599 Dico
1089 4545 1244 4600 vobis
1289 4560 1447 4617 posse
1471 4546 1637 4606 Deum
1660 4563 1693 4605 e
1733 4549 2003 4621 lapidibus

424 4636 545 4693 istis
571 4641 839 4695 suscitare
867 4641 1065 4699 liberos
1093 4644 1326 4702 Abrahae
1354 4650 1430 4704 “.
1455 4665 1476 4700 ι
1504 4647 1572 4705 Et
1592 4653 1850 4723 quoniam
1876 4670 2000 4709 cum

424 4745 530 4785 non
572 4729 832 4787 fecissent
862 4732 1096 4790 fructum
1140 4744 1461 4807 pamitentia
1489 4743 1711 4813 dignum
1732 4786 1748 4812 ,
1776 4748 2002 4804 veniunt

423 4832 491 4887 ad
518 4832 808 4904 baptisma,
848 4839 1363 4895 convenientissima
1411 4843 1540 4913 ipsis
1592 4845 1722 4902 illud
1755 4848 1998 4906 dicitur:

428 4952 448 4986 ι
482 4933 602 4992 Jam
640 4952 768 4993 vero
817 4947 873 4994 et
906 4944 1119 4998 securis
1153 4944 1218 4998 ad
1262 4941 1498 5002 radicem
1537 4951 1792 5007 arborum
1825 4956 1998 5024 posita

401 5043 524 5109 ,est.
556 5023 745 5094 omnis
770 5040 934 5111 igitur
957 5042 1121 5100 arbor
1146 5062 1249 5102 non
1281 5048 1489 5106 faciens
1517 5052 1749 5108 fructum
1774 5056 1997 5126 bonum,

421 5136 709 5203 exciditur,
753 5149 810 5196 et
846 5143 899 5197 in
935 5143 1112 5215 ignem
1163 5149 1453 5220 conjicitur
1480 5150 1545 5219 ⁸⁸,
1590 5172 1608 5205 ι
1650 5155 1813 5210 veluti
1867 5157 2000 5228 ipsis

2126 3781 2304 3833 Ἠλίου
2356 3779 2495 3833 κατὰ
2546 3779 2642 3851 τὴν
2687 3780 2973 3834 κοινωνίαν
3023 3779 3115 3833 τοῦ
3178 3780 3335 3849 ἁγίου
3394 3781 3743 3854 Πνεῦματος

2113 3872 2325 3944 ἔχοντος
2365 3874 2631 3927 Ἰωάννου.
2673 3873 3099 3945 Ἐπιπληκτικδς
3132 3874 3241 3946 γὰρ
3278 3874 3522 3943 λόγοςό’
3563 3894 3583 3926 ι
3628 3878 3739 3947 Μὴ

2111 3965 2299 4037 δόξητε
2358 3966 2537 4036 λέγειν
2620 3967 2677 4020 ἐν
2739 3967 2980 4031 ἑαυτοῖς·
3057 3968 3276 4040 Πατέρα
3350 3968 3555 4040 ἔχομεν
3626 3970 3742 4023 τὸν

2124 4059 2377 4133 Ἀϐραάμ
2402 4077 2414 4090 ·
2457 4078 2475 4112 ι
2512 4059 2605 4115 καὶ
2651 4059 3032 4124 διδασκαλικὸς
3076 4063 3105 4114 ὁ
3139 4060 3267 4132 περὶ
3312 4061 3407 4114 τοῦ
3458 4062 3557 4115 καὶ
3592 4065 3743 4126 τοὺς

2109 4149 2195 4203 διὰ
2220 4151 2317 4222 τὴν
2349 4150 2557 4223 λιθίνην
2590 4150 2813 4224 καρδίαν
2857 4152 3121 4215 ἀπίστους
3151 4151 3332 4215 λίθους
3365 4152 3743 4224 ὀνομαζομέ-

2111 4260 2233 4308 νους
2266 4242 2490 4313 δυνάμει
2515 4242 2648 4295 Θεοῦ
2702 4242 3025 4314 μεταϐαλεῖν
3052 4244 3195 4307 οἴους
3220 4261 3281 4296 τε
3313 4238 3455 4297 εἶναι
3489 4245 3607 4298 ἀπὸ
3643 4246 3743 4300 λί⁸

2113 4333 2219 4387 θων
2242 4334 2324 4397 είς
2354 4331 2519 4386 τέκνα
2556 4331 2827 4403 Ἀϐραὰμ,
2862 4332 2984 4385 ἐπεὶ
3018 4333 3304 4403 γεγόνασιν
3328 4335 3385 4387 ὲν
3408 4333 3744 4407 ὀφθαλμοῖ;
3770 4380 3779 4384 -

2109 4425 2203 4480 τοῦ
2234 4426 2533 4499 προφήτου,
2569 4424 2642 4497 μὴ
2676 4425 2971 4495 φεύγοντες
3003 4427 3102 4498 τὴν
3149 4426 3300 4481 θείαν
3328 4428 3496 4482 αὐτοῦ
3541 4431 3689 4501 ὄψιν
3724 4449 3739 4461 ·

2107 4515 2294 4587 διόπερ
2326 4516 2387 4569 τό
2406 4533 2419 4546 ο
2458 4534 2476 4567 ι
2507 4515 2665 4584 Λέγω
2696 4516 2857 4585 ὑμῖν,
2885 4516 2967 4570 ὅτι
3006 4516 3228 4572 δύναται
3270 4521 3299 4572 6
3332 4518 3466 4582 Θεὸς
3499 4521 3571 4573 ὲκ
3603 4522 3743 4575 τῶν

2107 4606 2271 4660 λίθων
2300 4606 2504 4661 τούτων
2536 4608 2747 4680 ἐγεῖραι
2775 4608 2940 4662 τέκνα
2978 4608 3057 4681 τῷ
3102 4610 3374 4683 Ἀϐραὰμ,
3426 4631 3448 4663 ι
3486 4614 3586 4666 ὑπ’
3614 4616 3741 4668 αὖ-

2107 4700 2203 4754 τοῦ
2245 4700 2481 4771 λέγεται.
2514 4702 2626 4756 Καὶ⁹
2669 4702 2792 4755 ἐπεὶ
2824 4703 2898 4774 μὴ
2929 4705 3253 4774 ποιήσαντες
3292 4705 3504 4776 καρπὸν
3544 4706 3741 4777 ἅγιον

2107 4791 2209 4862 τῆς
2242 4792 2527 4861 μετανοίας
2552 4792 2801 4865 ἔρχονται
2849 4792 2941 4846 ἐπὶ
2982 4794 3042 4847 τὸ
3069 4789 3371 4865 βάπτισμα,
3390 4789 3743 4869 ἁρμονικώα

2107 4901 2244 4937 ’τα-τα
2272 4883 2410 4955 πρὸς
2437 4884 2632 4947 αὐτοὺς
2655 4883 2873 4953 λέγεται
2898 4885 2958 4938 τό
2976 4902 2990 4915 ·
3020 4904 3040 4936 ι
3074 4887 3212 4957 Ἤδη
3237 4891 3293 4941 δὲ
3318 4889 3352 4958 ἡ
3381 4886 3538 4960 ἀξίνη
3568 4892 3745 4962 πρὸς

2106 4972 2205 5046 τὴν
2236 4974 2391 5045 ῥίζαν
2423 4972 2532 5026 τῶν
2562 4973 2792 5043 δένδρων
2828 4977 3042 5027 κεῖται·
3072 4976 3185 5029 Πᾶν
3226 4974 3442 5049 δένδρον
3475 4980 3553 5049 μὴ
3584 4996 3743 5034 ποι-

2106 5067 2200 5121 οῦν
2231 5068 2441 5141 καρπὸν
2474 5067 2635 5121 καλὸν
2663 5068 3010 5131 ἐκκόπτεται,
3042 5070 3136 5123 καὶ
3157 5072 3238 5134 είς
3268 5071 3329 5124 τὸ
3361 5070 3475 5144 πῦρ
3516 5072 3747 5143 βάλλε⁹

2106 5177 2197 5215 ται
2221 5178 2233 5191 ·
2269 5181 2287 5213 ι
2314 5162 2477 5215 οἱονεὶ
2508 5161 2618 5231 γὰρ
2643 5161 2902 5233 ἄντικρύς
2936 5181 3068 5234 φησι
3103 5164 3238 5237 πρὸς
3268 5164 3466 5229 αὐτούς
3486 5180 3505 5198 ο
3544 5166 3749 5224 Ἐπεὶ

402 5268 995 5387 ίηξξρερλιιιωο.
1068 5307 1486 5376 ⁸⁹1οηη.ι,23.
1566 5314 1611 5347 σο
1640 5314 1768 5370 ibid.
1796 5314 1886 5380 et,
1919 5317 2009 5373 es.
2088 5319 2407 5377 "ianua.
2482 5319 2526 5350 δ’
2558 5318 2750 5374 Matth.
2778 5335 2863 5387 ιιι,
2889 5321 2940 5387 7.
2982 5322 3035 5377 8ο
3115 5323 3162 5354 ⁶³
3189 5322 3319 5379 ibid-
3350 5324 3403 5382 9-
3484 5325 3749 5385 “ibid.

419 5365 469 5401 ⁸⁵
500 5370 630 5424 ibid.
654 5369 741 5426 10.

495 5500 748 5644 (lauit-ﬁo
784 5503 872 5557 διὰ
902 5504 1001 5575 τῆς
1030 5506 1240 5577 σιωπῆς
1265 5506 1439 5563 codex
1468 5507 1789 5567 Bodleianus
1841 5514 2004 5570 habet

557 5589 755 5627 σιωπη.

392 5644 401 5653 ’
462 5642 609 5724 κη)
642 5642 1157 5724 δᾲφαρισαζοι,
1188 5648 1322 5724 fire,
1355 5662 1485 5724 etc:
1509 5649 1773 5724 Origenes
1837 5663 1993 5711 tract.

422 5727 546 5793 xstv
570 5712 624 5793 in
657 5712 878 5793 Matth,
904 5712 993 5785 pp.
1024 5715 1289 5793 3.55.836
1312 5712 1340 5775 7:
1368 5792 1371 5793 ν
1397 5740 1415 5773 ι
1454 5722 1554 5785 Qui
1600 5712 1781 5778 autem
1815 5727 1993 5793 majus

419 5783 981 5863 aliquidprolitentes
1020 5783 1507 5863 dividuutseipsos
1551 5795 1707 5863 quasi
1740 5783 1995 5851 meliores

418 5869 449 5936 ξι
500 5854 703 5921 multis,
739 5857 1053 5936 secundum
1085 5859 1189 5915 boe
1245 5854 1507 5936 Pharisaei
1561 5854 1837 5936 dicuntur,
1902 5870 1995 5936 qui

414 5925 851 6003 interpretantur
896 5930 1053 5985 divisi
1108 5942 1162 6003 ct
1209 5934 1500 6003 segregati.
1558 5952 1577 5986 ι
1653 5935 1718 5988 Ει
1774 5925 1992 5995 tractat.

417 6011 566 6063 uva,
600 6014 719 6070 pag.
751 6001 853 6055 8H
884 6019 897 6054 :
931 6020 948 6053 ι
992 6002 1191 6069 Quales
1215 6001 1436 6058 fuerunt
1460 6014 1517 6060 et
1561 6003 1841 6074 Pharisui,
1894 6012 1987 6079 qui

2112 5530 2262 5604 recte
2288 5518 2550 5604 Pii-arisa-i
2577 5534 2732 5604 _sunt
2776 5525 3055 5595 appellati.
3089 5527 3274 5604 idnest
3312 5533 3544 5604 praecisi,
3602 5544 3747 5604 qui

2110 5592 2826 5671 spiritualiaprophetarum
2849 5592 2879 5671 ἐξ
2905 5596 3199 5671 corporali
3225 5592 3448 5654 historia
3502 5592 3756 5671 pruritu;

2109 5662 2358 5741 derunt.)
2405 5662 3425 5741 l_liet'onymus__adeers.'Luci/crinitos,
3455 5662 3580 5741 cap.
3616 5662 3675 5733 8
3724 5697 3747 5735 :

2112 5751 2131 5784 ι
2173 5732 2429 5808 Pbariszci
2462 5751 2489 5788 a
2521 5732 2721 5791 Judaeis
2745 5737 2902 5792 divisi
2932 5732 3180 5805 propter'
3205 5732 3467 5808 quasdam
3497 5732 3753 5800 obs-cr;

2109 5803 2361 5858 vationes
2386 5808 2707 5873 superﬂuas,
2743 5803 2945 5862 nomen
2966 5803 3184 5878 quoque
3211 5803 3239 5863 εἰ
3270 5811 3469 5867 Ιιιιίεείε
3497 5829 3757 5873 susce—

2105 5885 2325 5953 perunt.
2362 5894 2381 5927 ι
2407 5878 2447 5930 Λ
2479 5879 2959 5953 mam-separavi}.
2991 5879 3345 5953 Deseditioso
3395 5891 3449 5936 et
3503 5892 3753 5953 pet-vi-

2105 5945 2431 6029 cacienrum
2477 5949 2696 6020 ingenio
2727 5945 2848 6006 vide
2896 5947 3124 6021 Joscplt.
3179 5950 3356 6023 Autiq.
3405 5945 3749 6023 lim-xv",

2103 6030 2224 6085 cap.
2254 6035 2304 6069 ο.
