3816 6536
100 479 183 532 ill
1139 474 1498 532 COMMENT.
1545 474 1609 531 IN
1645 475 1838 533 JOAN.
1881 475 2120 533 TOMUS
2152 476 2241 531 Vl.

3230 477 3348 535 ειε

96 590 370 665 ἐληλύθατε
400 590 494 645 ἐπὶ
518 591 579 644 τὸ
614 590 899 663 βάπτισμα
931 591 1006 662 μὴ
1038 593 1362 663 ποιήσαντες
1393 593 1507 664 (15)
1534 610 1669 665 καρ-

1789 605 1958 664 tperte
1991 596 2221 652 dicens:
2273 594 2542 661 Quoniam
2594 592 2823 649 venistis
2872 593 2939 650 ad
2990 594 3343 666 baptismum,

88 683 184 762 μὸν
216 681 530 753 μετανοίας,
564 681 779 753 δένδρον
803 682 927 734 ἐστὲ
966 681 1080 751 (16)
1125 681 1203 753 μὴ
1236 681 1424 736 ποιοῦν
1451 682 1667 755 καρπὸν

92 764 260 841 Ἲιαλδν,
292 775 736 847 ὲκκοπησόμενον
763 774 872 830 ἀπὸ
897 776 1000 847 τῆς
1023 774 1293 847 ὀξυτάτης
1318 777 1412 830 καὶ
1437 777 1667 853 εὐτονω-

94 870 247 941 τάτης
271 866 460 937 ἀξίνης
500 867 595 921 τοῦ
638 864 840 931 ζῶντος
869 868 1047 937 Λόγου
1069 908 1084 934 ,
1127 869 1222 922 καὶ
1252 868 1511 940 ἐνεργοῦς
1530 910 1545 935 ,
1575 870 1671 924 καὶ

94 960 386 1032 τομωτέρου
439 960 581 1031 ὑπὲρ
631 961 813 1013 πᾶσαν
860 961 1135 1032 μάχαιραν
1175 960 1449 1033 δίστομον.
1499 962 1673 1035 Παρέ-

67 1044 245 1123 έσεησε
276 1052 336 1106 δὲ
360 1052 457 1105 τὸν
480 1051 591 1105 τῶν
619 1052 928 1124 Φαρισαίων
948 1058 954 1065 ’
976 1053 1105 1124 περὶ
1143 1053 1325 1107 αὐτῶν
1358 1054 1516 1124 λόγον
1556 1054 1670 1126 (l7)

98 1147 177 1199 καὶ
196 1148 225 1200 6
243 1146 461 1210 Λουκᾶς
487 1145 578 1200 διά
609 1145 703 1199 τοῦ
727 1164 741 1177 ·
777 1165 796 1199 ι
830 1144 1146 1219 ’Λνθρωποι
1177 1147 1271 1201 δύο
1294 1147 1565 1219 ἀνέϐησαν
1593 1152 1672 1215 είς

96 1239 148 1293 τὸ
174 1238 314 1311 ἱερὸν
339 1239 780 1311 προσεύξασθαι·
817 1243 846 1295 6
866 1235 949 1306 εἷς
969 1242 1286 1313 Φαρισαῖος,
1314 1242 1409 1297 καὶ
1435 1244 1463 1297 6
1488 1243 1673 1316 ἕτερος

97 1330 332 1403 τελώνης.
369 1332 486 1387 Καὶ
511 1335 540 1386 6
558 1334 849 1405 Φαρισαῖος
879 1335 1095 1399 σταθεὶς
1127 1334 1299 1391 ταῦτα
1320 1337 1457 1404 πρὸς
1482 1338 1673 1393 ἑαυτὸν

98 1421 420 1495 προσηύχετο
438 1439 453 1454 ·
495 1424 553 1477 '0
575 1423 729 1489 Θεὸς,
755 1425 1064 1498 εὐχαριστῶ
1094 1444 1199 1492 σοι,
1222 1427 1305 1481 ὃτι
1331 1428 1435 1484 οὐκ
1461 1427 1579 1500 εἰμὶ
1598 1428 1674 1493 ώς

98 1518 139 1569 el
165 1516 331 1570 λοιποὶ
359 1516 474 1571 τῶν
507 1517 832 1590 ἀνθρώπων,
866 1519 1136 1591 ἅρπαγες,
1170 1520 1368 1587 ἄδικοι,
1416 1522 1673 1595 μοιχοὶ,ῆ

99 1610 181 1663 καὶ
221 1612 297 1675 ὡς
343 1600 505 1673 οὗτος
534 1612 564 1664 6
592 1609 832 1683 τελώνης
855 1630 869 1643 θ
917 1632 935 1664 ι
964 1613 1053 1668 ὅτε
1079 1613 1168 1670 διὰ
1190 1614 1414 1681 τούτους
1435 1619 1562 1682 τοὺς
1590 1617 1677 1671 λό-

98 1718 212 1770 γους
239 1705 269 1757 6
310 1702 557 1775 τελώνης
593 1723 614 1756 ι
655 1704 855 1772 μᾶλλον
886 1706 1050 1761 αὑτοῦ
1087 1710 1169 1773 είς
1195 1709 1287 1764 τὸν
1319 1705 1467 1765 οἶκον
1508 1728 1677 1766 κατα·

97 1794 254 1849 ϐαίνει
292 1794 718 1868 δεδικαιωμένος
742 1836 757 1861 ,
798 1817 817 1849 ι
870 1798 963 1852 καὶ
999 1799 1316 1870 ὲπιλέγεται
1369 1802 1549 1858 πάντα
1586 1804 1677 1859 τὸν

101 1886 321 1956 ὑψοῦντα
352 1889 552 1943 ἑαυτὸν
586 1890 998 1946 ταπεινοῦσθαι.
1046 1893 1134 1957 Ὠς
1160 1895 1454 1967 ὑποκριταὶ
1476 1896 1674 1965 τοίνυν,

1771 701 1892 742 cum
1925 703 2033 743 non
2068 686 2306 743 feceritis
2343 686 2581 743 fructum
2617 686 2978 757 pmuitentiae,
3019 688 3186 744 arbor
3212 688 3347 744 estis

1770 790 1875 830 non
1909 776 2116 834 faciens
2145 776 2383 833 fructum
2425 777 2650 845 bonum,
2676 778 2977 835 excidenda
3007 780 3076 834 ab
3100 778 3350 834 acutissi«

1771 884 1856 923 ma
1893 877 1947 925 et
1978 870 2313 926 validissima
2337 870 2539 938 securi,
2571 885 2764 941 nempe
2785 886 2815 925 a
2845 871 3112 927 Sermone
3132 873 3351 929 vivente

1769 969 1823 1016 et
1854 959 2088 1025 efﬁcaci,
2120 962 2211 1032 qui
2241 964 2616 1032 penetrantior
2645 971 2729 1020 est
2756 965 2948 1034 quovis
2975 964 3156 1037 gladio
3177 964 3353 1021 utrin-

1771 1067 1878 1122 que
1926 1054 2201 1112 incidente
2229 1055 2297 1111 ”.
2363 1056 2631 1115 Caeterum
2730 1051 3129 1114 Pharisaeorum
3176 1058 3244 1114 de
3292 1072 3353 1114 se

1771 1146 2213 1216 praedicationem
2263 1147 2517 1218 produxit
2560 1147 2737 1204 Lucas
2770 1149 2824 1204 in
2869 1150 3132 1213 medium.
3157 1164 3257 1221 per
3288 1150 3353 1207 il-

1772 1238 1861 1295 lud
1887 1237 1978 1295 ":
2015 1257 2034 1293 ι
2083 1239 2200 1296 Duo
2245 1241 2494 1297 homines
2547 1244 2923 1297 ascenderunt
2962 1244 3016 1297 in
3063 1242 3359 1314 templum,

1772 1341 1830 1388 ut
1861 1343 2217 1405 precarentur
2248 1350 2263 1389 :
2295 1350 2437 1390 unus
2482 1334 2816 1402 Pharisaaus,
2855 1337 2911 1391 et
2936 1337 3078 1394 alter
3101 1337 3354 1408 publica-

1774 1442 1897 1483 nus.
1931 1425 2242 1486 Pharisreus
2279 1437 2431 1485 stans
2480 1428 2598 1485 haec
2642 1428 2786 1500 apud
2817 1444 2879 1487 se
2921 1429 3155 1487 orabat:
3184 1430 3359 1497 Deus,

1774 1519 1977 1592 gratias
1999 1535 2097 1594 ago
2129 1522 2249 1592 tibi,
2281 1522 2426 1594 quod
2479 1537 2586 1578 non
2638 1538 2759 1578 sum
2789 1524 2976 1595 quales
3013 1525 3198 1581 caeteri
3250 1525 3354 1580 hoc

1777 1613 1971 1681 mines,
2001 1626 2270 1687 raptores,
2317 1614 2529 1686 injusti,
2562 1615 2815 1683 adulteri,
2842 1616 3039 1688 qualis
3074 1618 3241 1674 etiam
3270 1616 3359 1673 hic

1774 1706 2117 1779 publicanus.
2157 1726 2177 1761 ι
2201 1708 2432 1777 Quando
2462 1718 2687 1779 propter
2734 1709 2850 1766 haec
2893 1709 3057 1765 verba
3111 1710 3359 1782 publica-

1777 1815 1927 1855 uust
1978 1800 2201 1857 domum
2251 1815 2408 1856 suam
2464 1800 2749 1857 descendit
2794 1799 3129 1869 iustiﬁcatus
3158 1801 3361 1872 magis,

1778 1907 1940 1963 quam
1969 1892 2059 1949 ille
2093 1892 2170 1959 ⁶⁸;
2216 1909 2238 1947 ι
2281 1891 2503 1948 additur
2522 1892 2727 1959 etiam,
2754 1907 2978 1949 omnem
3026 1893 3358 1949 exaltantem

99 1982 221 2036 κατά
250 1983 379 2047 τοὺς
405 1983 502 2037 τοῦ
535 1984 789 2057 Σωτῆρος
817 1984 955 2058 πρὸς
983 1987 1182 2052 αὐτοὺς
1214 1987 1564 2058 ὲλεγκτικοῦς
1588 1991 1676 2046 λό-

1789 2001 1856 2053 se,
1889 1984 2190 2043 humiliari.
2226 1984 2296 2043 Ut
2320 1984 2619 2058 hypocrita:
2646 1984 2816 2056 igitur
2838 1985 3015 2057 (juxta
3051 1984 3363 2041 Servatoris

99 2089 231 2140 γοπ,
262 2074 518 2147 ἔρχονται
548 2075 644 2128 ἐπὶ
670 2076 733 2129 τὸ
764 2075 1074 2148 βάπτισμα,
1104 2078 1164 2132 οὐ
1200 2079 1555 2145 λανθάνοντες
1582 2082 1675 2137 τὸν

102 2163 453 2234 βαπτίζοντα,
504 2166 585 2221 ἔτι
634 2166 848 2238 ἔχοντες
884 2168 994 2222 τῶν
1040 2169 1265 2241 ἐχιδνῶν
1311 2172 1390 2225 ίὸν
1433 2173 1539 2226 ὑπὸ
1577 2174 1676 2238 τὰς

99 2257 332 2324 γλώσσας
398 2258 579 2313 αὐτῶν
636 2262 732 2314 καὶ
787 2260 876 2315 τὸν
936 2261 1046 2315 τῶν
1098 2263 1337 2319 ἀσπίδων
1358 2279 1404 2314 -ι
1428 2265 1677 2339 ’Ῑδςιγάρ

104 2370 119 2399 ι
153 2351 387 2404 ἀσπίδων
417 2353 525 2405 ὑπὸ
557 2352 626 2406 τά
658 2353 812 2425 χείλη
839 2353 1040 2408 αὐτῶν.
1081 2374 1103 2408 ι
1154 2354 1392 2428 Ἀληθῶς
1422 2375 1483 2412 τε
1508 2358 1679 2431 θυμὸς

99 2444 253 2514 αὐτῆς
278 2444 396 2515 (I8)
445 2446 587 2499 κατά
610 2446 711 2518 τὴν
737 2447 998 2518 ὁμοίωσιν
1036 2448 1133 2504 τοῦ
1160 2449 1337 2521 δφεως
1379 2446 1447 2524 ἦν
1478 2454 1679 2525 ἐμφαι-

99 2535 324 2606 νόμενος,
356 2538 451 2591 καὶ
474 2536 565 2591 διὰ
592 2538 693 2609 τῆς
721 2540 925 2610 πικρᾶς
955 2540 1161 2613 ταύτης
1198 2544 1521 2616 ἐρωτήσεως
1547 2547 1673 2619 τῆς·

103 2648 122 2682 ι
151 2630 207 2682 Τί
234 2625 331 2684 οὖν
379 2629 701 2703 βαπτίζεις,
746 2634 795 2686 εί
840 2634 907 2688 σὺ
953 2634 1053 2688 οὐκ
1102 2630 1155 2688 εἴ
1198 2637 1227 2689 6
1272 2637 1529 2707 Χριστὸς,
1557 2641 1680 2696 οὐδὲ

109 2722 295 2787 Ἠλίας,
320 2722 447 2777 οὐδὲ
489 2724 518 2776 6
550 2725 837 2797 προφήτης
862 2743 876 2758 ο
915 2745 934 2778 ι
964 2727 1108 2799 Πρὸς
1133 2726 1226 2791 οὒς
1255 2729 1461 2801 εἴποιμ’
1488 2730 1578 2793 ἂν,
1604 2733 1680 2798 ὡς

100 2816 347 2887 Χριστοῦ,
367 2816 464 2870 καὶ
498 2816 701 2881 Ἠλίου,
733 2817 942 2873 καὶτοῦ
972 2821 1253 2892 προφήτου
1286 2820 1678 2892 βαπτιξόντων,

100 2910 186 2977 τῆς
218 2908 276 2963 δὲ
310 2910 375 2962 ὲν
409 2910 478 2980 τῇ
506 2908 701 2982 ἐρήμῳ
727 2911 910 2983 φωνῆς
934 2910 1029 2966 τοῦ
1078 2910 1312 2983 βοῶντος
1351 2913 1557 2984 ταύτην
1582 2916 1680 2990 τὴν

101 3001 334 3066 ἐξουσίαν
384 3001 460 3073 μὴ
506 3001 825 3074 είληφυίαςσ
875 2999 945 3057 Ὦ
989 2998 1172 3071 οῦτοι,
1220 3006 1446 3078 ἀπηνῶς
1477 3008 1682 3065 πυνθά-

101 3094 240 3148 νεσθε
260 3094 360 3148 τοῦ
388 3094 805 3165 ἀπεσταλμένου
833 3097 1064 3166 ἀγγέλου
1091 3099 1197 3172 πρὸ
1224 3098 1517 3171 προσώπου
1549 3102 1684 3175 Χρι-

104 3187 233 3251 στοῦ,
258 3192 675 3243 κατασκευάσαι
703 3189 802 3262 τὴν
823 3191 940 3245 ὁδὸν
969 3192 1133 3247 αὐτοῦ
1151 3192 1462 3267 ἔμπροσθεν
1487 3196 1677 3264 αὑτοῦ,

103 3282 191 3336 δλα
212 3283 277 3337 τά
298 3282 447 3337 κατά
476 3283 571 3337 τὸν
608 3283 774 3339 τόπον
810 3284 975 3339 αὐτοῦ
1012 3286 1334 3356 ἀγνοοῦντες
1362 3291 1640 3362 μυστήρια
1664 3309 1678 3324 ο

101 3378 127 3428 6
146 3376 245 3447 γὰρ
268 3377 509 3448 Χριστὸς
535 3376 746 3449 Ἰησοῦς
766 3376 842 3432 ὢν
863 3420 878 3445 ,
917 3378 1020 3433 κᾶν
1055 3380 1129 3451 μὴ
1178 3379 1440 3454 βούλησθε
1462 3423 1476 3446 ,
1521 3385 1685 3453 αὐτὸς

104 3468 192 3521 οὒκ
230 3467 524 3534 ἐϐάπτιζεν
544 3510 558 3534 ,
591 3469 706 3524 ἀλλ’
751 3471 800 3523 οἱ
843 3470 1082 3542 μαθηταὶ
1111 3470 1277 3526 αὐτοῦ
1299 3512 1313 3532 .
1342 3473 1506 3539 αὐτὸς
1541 3474 1618 3530 ὢν
1655 3479 1686 3533 6

107 3563 402 3633 προφήτης.
432 3562 603 3617 Πόθεν
636 3562 693 3617 δὲ
725 3563 854 3634 ὑμῖν
885 3562 1246 3618 πεπίστευται
1283 3564 1468 3621 Ἠλίαν
1492 3567 1687 3639 βαπτί-

108 3670 208 3707 σειν
233 3656 324 3709 τὸν
357 3656 729 3728 ὲλευσύμενον,
754 3656 873 3710 οὐδὲ
906 3656 975 3710 τὰ
1018 3658 1112 3712 ἐπὶ
1146 3656 1213 3711 τά
1262 3657 1357 3712 τοῦ
1395 3659 1688 3736 θυσιαστη-

107 3749 211 3819 ρίου
242 3748 398 3819 ξύλα,
425 3751 568 3807 κατὰ
598 3752 727 3816 τοὺς
771 3750 867 3804 τοῦ
914 3750 1123 3822 ’Δχαάὁ
1167 3752 1395 3825 χρόνους
1415 3792 1431 3818 ,
1459 3754 1691 3828 δεόμενα

106 3842 316 3918 λουτροῦ
335 3885 351 3910 ,
384 3846 473 3899 ἵνα
502 3845 744 3917 ὲκκαυθῇ
767 3885 782 3909 ,
815 3846 1166 3915 ἐπιφανέντος
1196 3848 1255 3900 ἐν
1282 3849 1418 3919 πυρὶ
1441 3848 1537 3903 τοῦ
1577 3851 1691 3904 Ko-

109 3936 249 4006 ρίω,
280 3937 645 4008 βαπτίσαντος
685 3955 700 4004 ;
740 3938 1148 3994 Ἐπικελεύεται
1194 3938 1303 4012 γάρ
1333 3943 1446 4006 τοῖς
1486 3942 1691 4017 ἱερεῦσι

108 4030 254 4083 τοῦτο
280 4034 542 4104 ποιῆσαι,
591 4033 652 4087 ού
695 4032 856 4104 μόνον
886 4032 1056 4099 ἅπαξ,
1091 4033 1242 4103 λέγει
1268 4034 1379 4107 γάρ
1402 4053 1416 4066 ’
1451 4055 1470 4089 ι
1504 4039 1695 4092 Δευτε-

112 4122 310 4192 (κῖλσατε
338 4167 354 4191 ,
387 4128 480 4180 ὅτε
513 4125 609 4180 καὶ
637 4125 1005 4199 ὲδευτὲρωσαν
1030 4144 1043 4157 ·
1076 4127 1171 4182 καὶ
1200 4128 1540 4200 τρισσώσατε
1561 4171 1576 4196 ,
1602 4132 1692 4186 ὅτε

111 4219 195 4271 καὶ
220 4220 579 4294 ἐτρίσσωααν.
609 4240 628 4273 ι
670 4221 726 4274 '0
747 4219 925 4274 τοίνυν
959 4219 1033 4292 μὴ
1068 4221 1231 4286 αὐτὸς
1261 4222 1528 4293 βαπτίσας
1550 4223 1690 4291 τότε,

110 4312 215 4365 ἀλλ’
241 4314 447 4386 ἑτέροις
479 4311 576 4367 τοῦ
618 4312 779 4385 ἔργου
810 4314 1225 4385 παραχωρήσας
1247 4355 1262 4379 ,
1302 4314 1417 4379 πῶς
1460 4316 1603 4370 κατά
1624 4315 1695 4370 τὰ

113 4405 208 4457 ὑπὸ
244 4404 338 4459 τοῦ
372 4404 658 4477 Μαλαχίου
699 4404 970 4477 λεγόμενα
1009 4406 1355 4480 ἐπιδημήσας
1409 4408 1694 4480 βαπτίζειν

112 4496 293 4567 ἔμελλε
320 4516 336 4564 ;
365 4499 603 4574 Χριστὸς
627 4494 721 4553 οῦν
752 4499 852 4552 οὐκ
895 4501 953 4553 ὲν
997 4498 1150 4553 ὕδατι
1187 4499 1459 4571 βαπτίζει,
1490 4500 1606 4555 ἀλλ’
1643 4502 1694 4555 οἱ

115 4589 344 4659 μαθηταὶ
382 4590 549 4645 αὑτοῦ
575 4607 588 4620 ·
622 4588 802 4660 ἑαυτῷ
850 4588 909 4643 δὲ
948 4593 1109 4662 τηρεῖ
1138 4590 1200 4644 τὸ
1246 4591 1392 4663 ἁγίῳ
1414 4590 1693 4662 Πνεύματι

1778 2080 1844 2134 ad
1869 2080 2016 2149 ipsos
2057 2076 2428 2148 obiurgatoria
2457 2077 2645 2147 verba)
2698 2077 2925 2133 veniunt
2973 2078 3040 2133 ad
3070 2077 3359 2149 baptisma,

1778 2186 1887 2227 non
1918 2173 2154 2229 latentes
2188 2171 2555 2242 baptizantem
2585 2171 2728 2240 quod
2778 2170 2957 2225 adhuc
2989 2170 3258 2226 haberent
3283 2170 3360 2223 vi-

1782 2280 2040 2337 perarum
2086 2274 2143 2324 et
2192 2267 2444 2338 aspidum
2496 2279 2766 2321 venenum
2826 2264 2927 2321 sub
2979 2264 3137 2321 labiis
3189 2264 3303 2321 suis
3343 2278 3369 2319 :.

1787 2375 1807 2409 ι
1843 2358 2123 2415 Venenum
2157 2378 2178 2413 ι
2221 2360 2394 2429 enim,
2450 2362 2652 2433 inquit,
2687 2380 2707 2415 ι
2751 2359 3000 2432 aspidum
3049 2358 3152 2415 sub
3204 2356 3367 2413 labiis

1780 2466 1969 2509 eorum
1997 2453 2063 2507 ".
2102 2470 2123 2507 ι
2161 2454 2405 2527 Cumque
2432 2470 2559 2512 vere
2582 2471 2848 2513 venenum
2874 2456 3164 2517 baberent,
3187 2461 3246 2508 ut
3274 2467 3371 2506 ve-

1783 2560 1983 2601 uenum
2013 2548 2313 2617 serpentis,
2343 2549 2395 2604 id
2436 2550 2601 2606 etiam
2648 2556 3043 2620 expresserunt
3086 2560 3185 2617 per
3228 2546 3367 2600 hanc

1781 2650 2028 2691 atuaram
2059 2636 2544 2708 interrogationem
2572 2639 2620 2671 ⁷⁸
2653 2683 2666 2695 .
2704 2657 2725 2692 ι
2761 2638 2900 2705 Quid
2932 2653 3065 2710 ergo
3094 2637 3365 2707 baptizas,

1782 2729 1826 2784 si
1857 2738 1912 2783 tu
1940 2746 2047 2785 non
2073 2745 2133 2786 es
2159 2731 2318 2802 125
2341 2732 2613 2797 Christus,
2643 2748 2820 2802 neque
2841 2732 3010 2798 Elias,
3035 2746 3213 2800 neque
3242 2743 3373 2800 pro-

1783 2823 1945 2892 pheta
1983 2822 2107 2878 ille?
2144 2842 2164 2876 ι
2223 2824 2433 2892 Quibus
2491 2840 2592 2896 ego
2622 2825 2805 2881 dicere
2830 2838 3069 2895 possem,
3109 2833 3367 2894 tanquam

1783 2913 2004 2979 Christo
2025 2923 2190 2986 atque
2220 2916 2337 2971 Elia
2369 2916 2631 2987 propheta
2665 2915 3086 2987 baptizantibus,
3111 2929 3236 2970 cum
3262 2928 3371 2969 vox

1784 3003 2074 3062 clamantis
2098 3006 2151 3064 in
2178 3021 2366 3063 eremo
2391 3008 2531 3064 hanc
2554 3007 2866 3064 facultatem
2894 3022 2999 3063 non
3045 3005 3365 3077 acceperit:

1784 3096 2182 3167 luhumaniter,
2218 3117 2251 3157 ο
2281 3102 2429 3169 boni,
2459 3102 2809 3173 interrogatis
2839 3102 3063 3157 missum
3112 3098 3373 3156 nuntium

1785 3200 1911 3245 ante
1938 3190 2131 3248 faciem
2159 3191 2363 3249 Christi
2398 3194 2467 3226 ’ν
2498 3194 2567 3250 ad
2609 3194 3024 3265 praeparandum
3077 3194 3221 3248 viam
3249 3191 3373 3264 ejus

1788 3298 1979 3339 coram
2015 3285 2155 3356 ipso,
2209 3286 2464 3343 universa
2502 3285 2697 3355 ipsius,
2751 3287 2844 3356 qui
2886 3290 2954 3344 ad
2997 3286 3144 3342 hunc
3188 3285 3379 3342 locum

1792 3378 2010 3445 attinet,
2039 3380 2356 3451 ignorantes
2390 3382 2652 3453 mysteria
2683 3395 2698 3435 :
2728 3395 2857 3438 nam
2886 3380 2936 3436 is
2965 3395 3090 3436 cum
3114 3378 3185 3436 sit
3210 3378 3372 3434 Chri-

1789 3482 1930 3540 stus,
1962 3471 2069 3539 vcl,
2102 3473 2149 3529 si
2194 3474 2407 3542 nolitis,
2454 3485 2511 3532 et
2534 3476 2625 3532 ille
2664 3476 2950 3546 propheta,
2988 3473 3105 3544 ipse
3129 3485 3239 3528 non
3271 3470 3373 3528 ba—

1790 3563 2037 3634 ptizavit,
2064 3564 2158 3619 sed
2189 3564 2440 3634 discipuli
2475 3565 2619 3636 ejus.
2643 3565 2879 3622 Proinde
2911 3564 3182 3621 undenam
3216 3561 3384 3620 vobis.

1790 3670 2108 3727 persuasum
2158 3667 2245 3713 est
2298 3657 2467 3715 Etiam
2520 3667 2807 3715 venturum
2840 3657 2906 3714 ad
2958 3655 3373 3727 baptizandum,

1790 3750 1883 3821 qui
1911 3764 2086 3823 neque
2116 3750 2262 3820 ligna
2301 3751 2463 3807 altari
2494 3749 2836 3822 superposita
2887 3756 3131 3820 tempore
3165 3746 3372 3810 Achab.

1790 3857 1965 3914 eaque
2015 3843 2232 3916 egentia
2267 3845 2463 3901 balneo
2507 3853 2567 3898 ut
2606 3844 3082 3909 comburerentur,
3129 3855 3252 3897 cum
3281 3854 3376 3908 ap-

1792 3935 2065 4006 paruisset
2092 3949 2194 4007 per
2232 3937 2421 4013 ignem
2470 3935 2758 4002 Dominus,
2794 3932 3186 4005 baptizaveritl
3211 3930 3379 3988 lubet

1790 4032 1939 4089 enim
1971 4030 2373 4100 sacerdotibus,
2408 4040 2468 4087 ut
2517 4030 2701 4088 istbuc
2747 4029 3013 4091 facerent,
3038 4041 3139 4083 nec
3173 4025 3228 4082 id
3256 4034 3381 4081 tan-

1795 4138 1907 4183 tum
1934 4125 2126 4190 semel,
2172 4140 2299 4182 nam
2328 4125 2505 4183 dicit:
2538 4144 2557 4178 ι
2598 4123 2786 4180 Denuo
2814 4123 2869 4179 id
2907 4120 3072 4178 facite
3099 4138 3113 4175 :
3143 4131 3383 4189 cumque

1792 4221 1971 4277 denuo
1996 4220 2048 4275 id
2072 4220 2333 4277 fecissent
2363 4236 2379 4274 :
2416 4219 2626 4285 Tertio,
2652 4217 2851 4288 inquit,
2889 4215 2943 4272 id
2972 4213 3154 4280 facile,
3180 4219 3237 4268 et
3267 4220 3377 4267 ter-

1796 4314 1868 4368 tio
1894 4313 1947 4369 id
1973 4312 2224 4369 fecerunt
2242 4313 2310 4368 τί.
2341 4331 2361 4366 ι
2387 4311 2522 4368 Cum
2548 4324 2680 4382 ergo
2708 4312 2825 4381 ipse
2848 4317 2964 4363 tum
2996 4320 3101 4360 non
3128 4302 3377 4374 baptiza-

1794 4408 1885 4476 rit,
1926 4410 2022 4465 sed
2053 4407 2177 4465 aliis
2216 4408 2450 4464 cesserit
2498 4409 2641 4463 hanc
2668 4404 3032 4476 provinciam,
3077 4397 3386 4469 quomodo,

1792 4517 1917 4556 cum
1937 4499 2255 4567 accesserit,
2277 4499 2432 4570 juxta
2458 4497 2739 4554 Malacbiae
2760 4495 3079 4550 vaticinium
3103 4495 3173 4563 τί,
3195 4492 3377 4564 ιιοριίο

1795 4602 2019 4648 saturus
2061 4592 2186 4649 est?
2216 4591 2391 4663 Igitur
2452 4589 2706 4647 Christus
2751 4590 2807 4645 in
2841 4604 2982 4660 aqua
3034 4604 3141 4645 non
3197 4583 3379 4656 bapti-

114 4679 382 4749 μπτίζειν
429 4684 527 4737 καὶ
560 4681 713 4754 πυρί.
742 4681 1194 4754 Παραδεξάμενος
1223 4682 1279 4736 δὲ
1314 4685 1343 4737 6
1380 4683 1681 4754 Ἠρακλέωι

1799 4695 1907 4754 zat,
1955 4685 2051 4742 sed
2099 4685 2348 4755 discipuli
2380 4684 2522 4757 ejus,
2573 4688 2677 4744 sibi
2728 4684 2831 4757 ipsi
2864 4695 3154 4740 reservans
3199 4676 3378 4748 bapti-
3464 4720 3469 4723 .

111 4773 196 4827 τὸν
224 4775 336 4829 τῶν
363 4777 678 4849 Φαρισαίων
702 4775 880 4845 λόγον,
916 4775 993 4840 ὡς
1038 4774 1210 4845 ὑγιῶς
1243 4776 1529 4849 εἰρημένον
1561 4778 1691 4850 περὶ

113 4867 201 4922 τοῦ
222 4871 531 4939 ὀφείλεσθαι
564 4871 625 4931 τὸ
667 4871 949 4942 βαπτίζειν
974 4869 1214 4945 Χριστῷ,
1256 4870 1351 4924 καὶ
1387 4870 1565 4943 Ἠλίᾳ,
1597 4870 1691 4924 καὶ

117 4961 269 5013 παντὶ
320 4963 575 5037 προφήτῃ
599 5003 614 5028 ,
661 4964 854 5027 αὑταῖς
902 4961 1080 5030 λέξεσι
1133 4979 1332 5034 φησιν,
1382 4957 1462 5027 οἷς
1511 4961 1691 5034 μόνοις

116 5053 374 5121 ὀφείλεται
413 5057 475 5110 τὸ
510 5055 828 5128 βαπτίζεινθ
875 5055 972 5109 καὶ
1001 5057 1065 5110 ὲκ
1102 5056 1211 5111 τῶν
1244 5056 1547 5128 εἰρημένων
1588 5054 1688 5127 μὲν

117 5149 239 5216 ἡμῖν
272 5150 495 5223 ἔναγχος
520 5151 900 5225 ἐλεγχόμενος,
931 5150 1163 5224 μάλιστα
1190 5149 1248 5204 δὲ
1277 5150 1359 5203 ὅτι
1384 5148 1689 5223 κοινότερον

118 5242 199 5296 τὴν
226 5248 501 5319 προφήτην
530 5246 785 5321 νενόηκεν
816 5249 897 5319 (οὐ
927 5247 1036 5319 γὰρ
1064 5246 1177 5319 ἔχει
1214 5245 1385 5312 δεῖξαί
1418 5263 1539 5300 τινα
1581 5244 1691 5301 τῶν

119 5340 398 5409 προφητῶν
432 5338 828 5413 βαπτίσανταὴ
851 5342 951 5396 οὐκ
981 5340 1264 5405 ἀπιθάνως
1303 5338 1359 5393 δέ
1396 5356 1529 5411 φησι
1558 5357 1690 5392 πυν-

1799 4793 1978 4833 smum
2030 4777 2083 4832 in
2119 4776 2329 4849 Spiritu
2374 4787 2571 4836 sancto
2627 4786 2682 4836 et
2748 4777 2858 4848 igni
2881 4775 2948 4828 ⁷³.
2983 4773 3155 4828 Porro
3204 4767 3379 4824 Bera-
3462 4800 3467 4805 ι

1799 4874 1976 4935 cleon,
2041 4871 2337 4930 admittens
2410 4870 2816 4928 Pharisaeorum
2864 4876 3171 4923 sermonem
3226 4867 3385 4915 recte

1798 4967 2093 5038 prolatum,
2121 4966 2347 5035 perinde
2378 4967 2536 5036 quasi
2572 4977 2681 5019 tum
2726 4962 2999 5025 Christus,
3039 4966 3153 5013 tum
3207 4952 3383 5015 Elias.

1800 5069 1914 5113 tum
1941 5055 2177 5127 denique
2203 5058 2483 5128 prophetae
2528 5069 2719 5111 omnes
2755 5050 3032 5107 debitores
3076 5054 3263 5101 essent
3294 5043 3387 5099 bl-

1796 5150 2059 5224 ptizandi,
2091 5150 2286 5207 iisdem
2313 5151 2521 5217 verbis,
2541 5147 2737 5218 inquit,
2754 5144 2954 5214 quibus
2975 5141 3108 5198 solis
3133 5153 3271 5209 opus
3305 5146 3385 5191 est

1800 5242 2112 5314 baptizare,
2139 5256 2373 5310 cumque
2400 5255 2430 5294 a
2459 5240 2615 5296 nobis
2640 5252 2812 5307 nuper
2846 5235 2917 5291 sit
2944 5234 3273 5303 redargutus
3313 5243 3376 5281 cx

1801 5335 1888 5391 bis
1918 5349 2040 5406 qua:
2066 5333 2325 5401 diximus,
2349 5332 2514 5403 idque
2537 5332 2863 5403 praesertim,
2892 5329 2985 5398 qui
3021 5341 3117 5397 per
3144 5321 3386 5395 prophe-

183 5520 230 5552 ⁸⁸
262 5518 421 5577 llebr.
455 5537 530 5581 tv.
560 5520 643 5575 l2.
730 5521 774 5553 "’
807 5520 937 5575 Luc.
969 5526 1123 5581 xvm.
1155 5520 1241 5584 ll),
1278 5521 1362 5574 ll.
1439 5519 1484 5551 ⁸³
1508 5518 1640 5573 ibid.
1672 5522 1681 5572 4

1848 5517 1894 5551 ⁸⁸
1927 5517 2072 5575 Psal.
2127 5531 2247 5583 xm,
2275 5517 2330 5573 '5.
2402 5518 2452 5552 "°
2494 5518 2652 5573 Joan.
2699 5533 2737 5582 ι,
2778 5516 2872 5573 εδ.
2948 5518 3016 5548 ’θ’
3048 5511 3215 5567 Marc.
3249 5525 3289 5565 I.
3318 5507 3377 5562 2.
3429 5518 3433 5521 '

119 5588 162 5623 "
185 5590 249 5647 Ill
304 5592 427 5664 lleg.
456 5608 619 5657 xvm,
648 5590 740 5655 54,
772 5593 862 5647 38.
937 5592 985 5624 "
1011 5591 1240 5646 Malarh.
1285 5607 1358 5656 iv,
1390 5589 1447 5646 5.
1521 5588 1568 5621 ⁷³
1595 5589 1679 5643 Ma

1813 5605 1901 5658 ιιι,
1930 5591 2032 5657 lt;
2063 5587 2199 5646 Luc.
2229 5604 2312 5654 ιιι,
2347 5587 2435 5646 16.

186 5756 300 5826 (ιε)
328 5756 416 5825 Μὴ
439 5755 828 5822 ποιήσαντες.
876 5753 969 5809 Sic
1014 5753 1180 5810 codex
1216 5754 1573 5826 Bodleianus;
1629 5756 1683 5808 iu

124 5824 285 5881 codd.
311 5829 469 5897 Regio
500 5839 557 5883 et
587 5827 888 5881 Barberiuo
920 5840 1203 5894 perperam
1234 5828 1389 5881 deest
1417 5824 1531 5950 μῦὶὶ

191 5897 567 5950 ueneram-
594 5897 757 5950 ἐστέ.
779 5897 853 5950 lta
878 5898 1049 5950 codex
1081 5895 1441 5950 Bodleianus:

191 5895 567 5968 ιιϐμέὶοδρον
594 5897 757 5952 ἐστέ.
779 5897 853 5968 Ita
878 5898 1049 5952 codex
1081 5895 1441 5968 Bodleiauus;
1485 5895 1686 5968 Regius

124 5979 178 6022 et
203 5966 543 6037 Barberinus,
563 5968 778 6042 δένδρον
804 5966 979 6034 ἔσται,
1016 5967 1177 6023 male.

1867 5753 1978 5827 (i7)
1999 5753 2169 5827 Codd.
2197 5752 2401 5827 Regius
2426 5761 2480 5810 ct
2503 5753 2835 5810 Barberinns
2865 5763 3148 5820 perperam
3177 5746 3387 5802 habent

1794 5824 2305 5905 περὶρὺῖιλάιωνζ
2480 5897 2491 5905 .
2699 5895 2709 5905 .
2788 5894 2800 5905 .
2877 5896 2897 5905 -
3058 5891 3068 5905 .
3147 5889 3158 5905 .
3214 5886 3238 5896 μ.

1866 5891 1983 5967 με)
2015 5891 2233 5965 Αὺτῆςο
2275 5896 2587 5971 Legendum
2631 5895 2713 5951 vel
2744 5894 2945 5961 αὐτοῖς,
2988 5891 3068 5946 vel
3100 5891 3300 5944 αὐτῶν.
