3816 6516
462 445 571 505 243

1901 449 2224 508 ORIGENIS

3623 451 3724 509 2H

460 576 568 622 tam
598 566 746 622 illum
773 567 1096 625 intellexerit
1145 571 1463 643 prolihetam
1512 573 1820 643 quempiam
1855 576 2015 645 vulgat

2159 573 2392 629 ia'tveuGat
2431 574 2558 639 τούς
2595 574 2920 647 Φαρισαίους
2952 576 3092 631 κατὰ
3137 576 3239 652 τὴν
3276 575 3454 632 αὐτῶν
3489 593 3723 650 πανουρ-

462 672 577 713 rem
628 665 830 731 (neque
880 663 1025 717 enim
1072 665 1364 719 ostendere
1412 675 1589 736 potest
1645 668 2028 737 prophetarum

2140 666 2284 735 γίαν,
2319 665 2441 737 οὐχὶ¹
2470 665 2546 730 ὡς
2573 665 2762 738 μαθεῖν
2786 666 3057 733 θέλοντας.

454 754 690 824 aliquem
734 754 1087 828 baptizasse),
1117 772 1225 812 non
1265 759 1460 815 inscite
1490 759 1566 814 ait
1600 758 1925 827 Pharis-mus,
1970 774 2075 814 non
2126 758 2254 828 quia
2295 757 2496 813 vellem
2548 760 2780 825 discere,
2836 762 2931 816 sed
2984 777 3051 819 ex
3091 762 3311 833 propria
3353 763 3598 819 versutia
3646 761 3701 816 iu

457 858 669 919 terroga
679 863 758 903 τυ.

527 943 616 999 14.
640 943 905 1011 Quoniam
935 959 1065 1003 vero
1092 948 1465 1003 necessarium
1494 949 1652 1006 nobis
1671 963 1794 1006 esse
1818 949 2034 1004 videtur

453 1033 509 1091 iu
537 1037 771 1093 medium
807 1037 1003 1095 afferre
1035 1039 1450 1112 Evangeliorum
1481 1042 1647 1098 verba
1674 1042 1872 1099 similia
1906 1040 2033 1097 huic

453 1128 734 1183 contextui
771 1143 931 1199 quem
969 1129 1023 1184 in
1050 1129 1297 1185 manibus
1325 1128 1590 1188 habemus
1616 1131 1692 1204 (et
1721 1133 1824 1189 hoc
1845 1131 2031 1200 singu-

451 1218 606 1276 latim
637 1222 705 1277 ad
754 1222 914 1278 liuent
948 1238 1117 1293 usque
1144 1234 1227 1278 est
1270 1223 1602 1290 faciemlum,
1639 1224 1746 1297 quo
1772 1241 1891 1297 quae
1917 1226 2033 1280 dis-

453 1312 795 1383 crepantiam
829 1299 1032 1371 haltere
1058 1315 1328 1381 videntur,
1379 1330 1619 1372 consona
1645 1318 2030 1382 ostendantur,

452 1416 619 1476 atque
659 1406 787 1463 item
855 1419 912 1463 ut
957 1411 1322 1481 explanantur
1366 1427 1486 1482 qum
1535 1411 1696 1466 veluti
1760 1411 2030 1483 singulare

448 1497 726 1569 quidpiam
769 1502 1023 1572 privatim
1057 1505 1305 1577 habent),
1340 1522 1461 1575 age,
1495 1506 1546 1562 id
1573 1507 1739 1562 etiam
1775 1505 1880 1562 hoc
1908 1505 2027 1562 loco

449 1587 736 1648 faciamus.
774 1592 905 1650 lllud
929 1597 1075 1651 enim
1113 1615 1127 1651 :
1161 1618 1179 1649 ι
1224 1597 1334 1653 Vox
1368 1599 1654 1653 clamantis
1685 1599 1737 1654 in
1767 1599 1983 1655 deserto
2011 1613 2025 1650 :

452 1681 681 1757 D.rigite
708 1686 852 1741 viam
900 1689 1204 1755 Domini“,
1249 1710 1266 1743 ι
1309 1694 1449 1760 apud
1485 1691 1808 1762 discipulum
1863 1690 2029 1747 Joan-

451 1787 571 1828 nem
629 1792 698 1831 ex
750 1794 981 1848 persona
1024 1781 1276 1851 Baptistae
1329 1782 1558 1847 dicitur;
1601 1782 1746 1852 apud
1786 1781 2025 1837 Marcum

2210 943 2298 997 M.
2337 943 2490 997 Ἐπεὶ
2524 941 2581 997 δὲ
2618 942 2915 1012 ἀναγκαῖον
2948 940 3059 1013 (19)
3094 944 3230 1015 ἡμῖν
3263 942 3511 1013 φαίνεται
3545 959 3701 1016 παρα

2138 1035 2347 1091 τιθέναι
2393 1034 2492 1098 τὰς
2523 1034 2716 1107 ὁμοίας
2753 1033 2862 1087 τῶν
2901 1033 3248 1104 Εὐαγγελίων
3291 1033 3469 1099 λέξεις
3508 1035 3627 1097 τοῖς
3669 1035 3721 1087 ἐι

2138 1130 2291 1202 χερσὶ
2327 1130 2509 1201 ῥητοῖς
2535 1167 2550 1192 ,
2583 1126 2698 1197 (καὶ
2730 1125 2889 1181 τοῦτο
2924 1126 3044 1180 καθ’
3086 1126 3316 1180 ἕκαστον
3350 1127 3515 1199 μέχρι
3537 1127 3722 1194 τέλους

2137 1223 2310 1276 ποιεῖν
2355 1221 2506 1294 ύπέρν
2537 1219 2631 1273 τοῦ
2672 1220 2742 1273 τά
2786 1220 2885 1291 μὲν
2937 1220 3265 1292 σύγκρουσιν
3311 1219 3577 1274 δοκοῦντα
3614 1220 3723 1291 (20)

2133 1312 2547 1367 ἀποδείκνυσθαι
2576 1311 2863 1383 σύμφωνα,
2892 1311 2962 1365 τά
2984 1311 3031 1365 δ’
3075 1312 3226 1383 ὅμως
3266 1310 3343 1375 ὡς
3377 1310 3575 1383 ἔχοντα
3597 1311 3724 1377 ἐκα-

2134 1422 2260 1459 στον
2307 1405 2426 1460 κατ’
2464 1403 2599 1458 ἰδίαν
2652 1402 3109 1477 σαφηνίζεσθαι·)
3156 1402 3286 1475 φέρε
3316 1402 3476 1457 τοῦτο
3507 1404 3607 1458 καὶ
3649 1406 3724 1458 ἐν·

2132 1496 2306 1552 ταῦθα
2341 1497 2677 1568 ποιήσωμεν.
2724 1495 2797 1549 T6
2833 1496 2943 1567 γάρ
2964 1513 2977 1525 ·
3035 1515 3053 1548 ι
3087 1497 3242 1566 ⁴ι’ωνὴ
3287 1495 3524 1567 βοῶντος
3561 1497 3626 1551 ἐν
3658 1500 3722 1567 τῇ

2134 1593 2323 1665 ἐρήμῳ
2347 1606 2361 1620 ο
2407 1588 2681 1643 Εὐθύνατε
2713 1588 2812 1659 τὴν
2850 1588 2969 1643 666v
3009 1588 3237 1659 Κυρίου,
3268 1607 3287 1638 ι
3319 1587 3474 1660 παρά
3507 1589 3610 1660 μὲν
3651 1590 3725 1660 τῷ

2139 1681 2353 1753 μαθητῇ
2385 1680 2462 1754 τῷ
2499 1680 2720 1753 Ἰωάννῃ
2753 1680 2818 1733 ἐκ
2850 1679 3143 1753 προσώπου
3171 1680 3266 1734 τοῦ
3307 1680 3627 1735 Βαπτιστοῦ
3649 1682 3728 1736 λέρ

2134 1789 2319 1842 γεται·
2354 1771 2503 1844 παρά
2528 1771 2583 1825 δὲ
2616 1771 2694 1842 τῷ
2725 1771 2936 1843 Μάρκῳ
2969 1772 3043 1836 ὡς
3072 1773 3215 1845 ἀρχὴ
3251 1773 3344 1827 τοῦ
3381 1774 3727 1843 Εὐαγγελίου

451 1883 581 1922 vero
611 1878 863 1940 tanquam
891 1873 1214 1942 principium
1254 1873 1528 1944 Evangelii
1569 1872 1694 1930 Jesu
1731 1874 1931 1931 Christi
1959 1889 2015 1928 ex

2163 1864 2320 1937 ιησοῦ
2364 1864 2600 1937 Χριστοῦ
2648 1864 2787 1919 κατά
2826 1866 2926 1937 τὴν
2984 1866 3204 1918 Ἡσαΐου
3257 1867 3481 1938 Γραφὴν
3530 1867 3726 1937 ἀναγέ-

448 1959 599 2015 Isaia:
631 1977 759 2017 voce
798 1962 940 2019 hunc
972 1965 1024 2017 in
1058 1965 1275 2020 modum
1304 1975 1387 2019 est
1410 1965 1677 2037 scriptum
1715 1982 1730 2019 :
1762 1984 1781 2018 ι
1812 1965 2026 2021 Initium

446 2054 724 2125 Evangelii
753 2056 882 2112 Jesu
910 2058 1136 2127 Christi,
1184 2073 1344 2129 prout
1374 2060 1635 2128 scriptum
1686 2071 1770 2116 est
1804 2061 1855 2115 iu
1889 2060 2026 2116 lsaia

446 2148 742 2218 propheta:
782 2148 921 2205 Ecce
952 2168 1050 2221 ego
1077 2153 1232 2206 mitto
1273 2152 1537 2222 Angelum
1566 2168 1747 2207 meum
1798 2163 1923 2208 ante
1948 2153 2027 2207 fa-

446 2242 584 2295 ciem
612 2253 779 2306 tuam,
798 2244 889 2313 qui
918 2258 1318 2314 praeparaturus
1342 2256 1424 2303 est
1449 2250 1591 2301 viam
1626 2255 1771 2299 tuam
1796 2256 1920 2300 ante
1948 2253 2023 2301 te.

449 2334 565 2391 Vox
596 2338 882 2393 clamantis
938 2339 989 2392 itt
1045 2340 1528 2396 desertozf’arate
1582 2338 1723 2394 viam
1786 2340 2021 2405 Domini,

445 2437 623 2483 rectas
645 2428 810 2484 facite
843 2433 1070 2486 semitas
1096 2431 1214 2502 ejus
1251 2434 1318 2489 ⁷³.
1364 2452 1381 2485 ι
1420 2433 1582 2505 126
1609 2432 1876 2488 Caeterum
1916 2449 2021 2489 non

441 2520 663 2591 ponitur
694 2523 769 2577 in'
799 2523 1059 2593 propheta
1100 2540 1115 2575 :
1159 2542 1178 2575 ι
1237 2525 1463 2594 Dirigite
1521 2527 1662 2580 viam
1724 2524 1959 2593 Domini,
1997 2545 2017 2578 ι

382 2616 385 2621 ’
441 2614 585 2677 quod
614 2615 805 2669 citavit
828 2614 1084 2671 Jumnes.
1118 2616 1349 2672 Proinde
1374 2617 1496 2673 vide
1523 2634 1591 2673 ne
1617 2616 1761 2674 forte
1785 2616 2023 2675 Joannes

441 2712 732 2766 decurtaus
761 2711 889 2766 illud
932 2733 944 2767 :
984 2731 1002 2763 ι
1039 2712 1232 2769 Parate
1264 2713 1404 2767 viam
1446 2713 1678 2780 Domini,
1716 2724 1898 2770 rectas
1942 2713 2023 2768 fa-

438 2803 546 2858 cite
569 2804 793 2858 semitas
819 2803 911 2859 Dei
942 2805 1138 2871 nostri,
1168 2823 1185 2855 i
1220 2804 1537 2877 scripserit:
1572 2823 1591 2855 ι
1626 2805 1850 2877 Dit'igite
1877 2805 2019 2860 viam

443 2893 652 2948 Domini
676 2911 691 2961 ;
722 2912 744 2944 ›
779 2909 899 2963 quas
928 2896 1093 2950 verba
1119 2894 1357 2961 Marcus,
1388 2895 1523 2948 duas
1552 2896 1865 2965 pruplietias
1888 2898 2022 2951 duo-

436 2985 540 3042 bus
569 2987 622 3042 in
653 2986 788 3043 locis
814 2988 987 3043 dictas
1014 3004 1043 3041 ιι
1067 2990 1278 3043 dnohtts
1308 2989 1589 3060 prophetis
1616 2990 1669 3041 in
1703 3005 1867 3042 unttm
1903 2988 2018 3043 col-

439 3081 631 3149 ligens,
666 3079 850 3149 posuit
884 3097 896 3132 :
940 3097 957 3130 ι
996 3079 1162 3141 Prout
1197 3081 1456 3144 scriptum
1518 3090 1599 3135 est
1628 3081 1678 3134 in
1714 3080 1848 3135 Isaia
1890 3097 2015 3150 pro-

437 3174 602 3240 pheta
637 3188 652 3226 :
687 3170 829 3225 Ecce
857 3188 956 3241 ego
980 3173 1136 3226 mitto
1173 3174 1420 3226 ttttutiutu
1453 3188 1631 3226 meum
1664 3182 1789 3227 ante
1819 3173 2014 3226 faciem

2132 1976 2370 2033 γραπται
2402 1959 2604 2023 οὕτως’
2643 1978 2661 2009 ι
2697 1959 2864 2031 Ἀρχὴ
2898 1959 2993 2012 τοῦ
3019 1959 3353 2028 Εὐαγγελίου
3382 1959 3560 2031 Ἰησοῦ
3588 1961 3726 2031 Χρι-

2132 2052 2279 2118 στοῦ,
2310 2051 2493 2117 καθὼς
2525 2053 2833 2125 γέγραπται
2875 2054 2933 2106 ἐν
2965 2052 3043 2124 τῷ
3080 2052 3277 2125 Ἡσαΐᾳ
3317 2053 3395 2125 τῷ
3430 2055 3722 2127 προφήτῃο

2143 2147 2272 2201 Ἰδοὺ
2298 2146 2407 2216 ἐγὼ
2438 2147 2751 2201 ἀποστέλλω
2776 2147 2866 2202 τὸν
2898 2147 3126 2217 ἄγγελόν
3156 2165 3259 2219 μου
3290 2148 3396 2220 πρὸ
3423 2147 3725 2220 προσώπου

2131 2255 2252 2302 σου,
2297 2237 2356 2302 ὃς
2388 2237 2791 2292 κατασκευάσει
2820 2237 2919 2309 τὴν
2952 2237 3068 2291 ὁδόν
3117 2253 3211 2290 σου
3253 2237 3565 2311 ἔμπροσθέν
3610 2255 3722 2292 σου.

2126 2330 2281 2402 Φωνὴ
2312 2329 2542 2401 βοῶντος
2586 2331 2645 2384 ἐν
2686 2332 2752 2402 τῇ
2801 2330 2995 2402 ἐρήμῳ
3017 2346 3031 2359 ⁸
3069 2330 3431 2399 Ἑτοιμάσατε
3469 2328 3571 2396 τὴν
3606 2330 3727 2383 666v

2127 2424 2357 2497 Κυρίου,
2390 2424 2607 2488 εὐθείας
2649 2427 2852 2477 ποιεῖτε
2880 2424 2975 2487 τὰ,
3012 2423 3228 2495 τρίϐους
3271 2424 3459 2479 αὐτοῦ.
3482 2430 3587 2483 »Οὐ
3608 2426 3727 2476 xei-

2126 2536 2213 2572 ται
2259 2518 2508 2589 μέντοιγε
2557 2517 2614 2568 ἐν
2659 2516 2737 2588 τῷ
2780 2517 3067 2588 προφήτῃ·
3104 2536 3121 2567 ι
3160 2514 3432 2569 Εὐθύνατε
3466 2514 3567 2586 τὴν
3607 2514 3727 2569 656v

2125 2613 2357 2685 Κυρίου,
2398 2632 2416 2664 i
2445 2613 2583 2681 ὅπερ
2608 2608 2879 2682 παρέθετο
2903 2612 2933 2663 6
2959 2609 3187 2679 Μάρκος
3214 2607 3347 2679 (21).
3381 2608 3603 2681 Μήποτ’
3631 2604 3727 2663 οὖν

2122 2709 2152 2761 6
2213 2705 2495 2775 Ἰωάννης,
2540 2701 2968 2773 ἐπιτεμνόμενος
3011 2702 3101 2755 τό·
3160 2721 3178 2754 ι
3233 2701 3596 2772 Ἑτοιμάσατε
3624 2701 3727 2775 τὴν

2121 2798 2239 2853 ὁδὸν
2280 2798 2515 2869 Κυρίου,
2558 2796 2774 2860 εὐθείας
2810 2797 3011 2848 ποιεῖτε
3058 2793 3157 2858 τὰς
3188 2794 3408 2867 τρίϐους
3439 2792 3538 2848 τοῦ
3581 2794 3725 2848 Θεοῦ

2123 2891 2300 2963 ἡμῶν,
2345 2911 2363 2943 ι
2402 2889 2738 2961 ἀνέγραψεν·
2780 2908 2797 2941 ι
2830 2887 3102 2943 Εὐθύνατε
3132 2887 3230 2959 τὴν
3262 2888 3380 2942 ὁδὸν
3413 2887 3629 2960 Κυρίου
3651 2905 3667 2918 ·
3700 2908 3719 2940 ι

2121 2984 2204 3039 ὅτι
2227 2987 2255 3038 6
2283 2984 2510 3055 Μάρκος
2532 2982 2626 3036 δύο
2660 2981 2992 3054 προφητείας
3022 2983 3079 3035 ἐν
3110 2979 3385 3052 διαφόροις
3411 2979 3726 3051 εἰρημένας

2120 3077 2309 3141 τόποις
2340 3076 2444 3130 ὐπὸ
2480 3075 2574 3129 δύο
2604 3075 2897 3148 προφητῶν
2921 3077 3001 3140 είς
3029 3075 3087 3130 ἒν
3127 3074 3375 3143 συνάγων
3400 3075 3685 3146 πεποίηκε
3707 3093 3721 3106 ο

2127 3185 2145 3218 ι
2169 3164 2365 3229 Καθὼς
2395 3164 2705 3237 γέγραπται
2736 3167 2793 3220 ἐν
2818 3164 2896 3235 τῷ
2939 3166 3137 3238 Ἡσαΐᾳ
3164 3164 3242 3236 τῷ
3272 3166 3530 3239 προφήτῃ
3548 3182 3564 3196 ο
3586 3166 3724 3220 Ἰδοὺ

435 3275 607 3332 tuam,
634 3264 728 3334 qui
762 3265 1088 3335 przeparaliit
1123 3264 1263 3319 viam
1311 3277 1455 3320 tuam
1481 3278 1626 3322 ante
1655 3278 1725 3320 te.
1765 3263 1875 3320 Vox
1911 3266 2015 3321 cla-

2159 3255 2234 3328 γὼ
2272 3255 2588 3311 ἀποστέλλω
2610 3257 2701 3312 τὸν
2728 3258 2960 3327 ἄγγελόν
2993 3276 3094 3329 μου
3128 3258 3236 3332 πρὸ
3266 3256 3563 3330 προσώπου
3599 3274 3732 3335 σουι

437 3358 640 3414 mantis
674 3358 727 3413 in
754 3360 971 3414 deserto
1006 3373 1020 3409 :
1055 3358 1250 3413 Parate
1279 3360 1419 3412 viam
1463 3359 1700 3422 Domini,
1733 3370 1910 3415 rectas
1937 3358 2015 3413 fa-

435 3448 545 3503 cite
577 3448 803 3505 semitas
825 3447 964 3517 ejus.
999 3467 1018 3500 ι
1057 3447 1185 3504 lllttd
1213 3450 1356 3504 enim
1385 3467 1399 3504 :
1432 3470 1449 3501 ι
1493 3450 1605 3506 Vox
1634 3451 1923 3507 clamantis
1959 3454 2012 3508 in

435 3533 657 3591 deserto
699 3554 718 3588 ι
754 3550 877 3590 mox
906 3535 1166 3607 scriptum
1201 3550 1284 3593 est
1312 3550 1432 3608 post
1466 3540 1748 3595 historiam
1787 3558 2015 3597 narran-

437 3636 546 3681 tem
573 3626 863 3683 Ezechiam
892 3644 956 3683 ex
997 3626 1187 3686 morbo
1211 3632 1593 3694 convaluisse;
1630 3633 1761 3688 illud
1794 3644 2010 3689 autem:

439 3736 462 3772 ι
495 3720 632 3776 Ecce
653 3735 753 3791 ego
777 3721 931 3777 mitto
955 3723 1201 3777 nuntium
1224 3739 1402 3780 meum
1428 3736 1555 3779 ante
1578 3725 1771 3782 faciem
1793 3738 1961 3791 tuam,
1988 3746 2010 3781 ι

438 3833 466 3866 a
497 3814 761 3871 Malachia
792 3816 856 3870 ⁷⁸.
886 3815 1038 3883 Quod
1070 3828 1250 3873 autem
1275 3820 1493 3889 scripsit
1529 3818 1788 3886 Joannes,
1816 3821 2013 3876 abbre-

433 3905 594 3963 vians
625 3916 829 3962 textum
859 3926 888 3962 a
918 3922 979 3963 se
1006 3908 1256 3975 citatum,
1295 3910 1347 3965 id
1386 3909 1599 3965 Marcus
1621 3911 1789 3967 etiam
1817 3912 1929 3982 ipse
1958 3911 2013 3967 in

432 3997 537 4052 alia
564 3998 803 4054 dictione
826 4001 1274 4069 repraesentavit;
1300 4001 1762 4073 quandoquidem,
1797 4003 2014 4061 dicente

434 4093 693 4161 propheta
728 4107 742 4143 :
780 4110 799 4142 ι
838 4090 1035 4146 Parate
1059 4095 1199 4146 viam
1252 4093 1490 4160 Domini,
1517 4105 1694 4151 rectas
1734 4096 1899 4153 facite
1925 4113 2011 4153 se-

440 4182 598 4238 mitas
650 4184 742 4237 Dei
795 4184 983 4249 nostri,
1017 4204 1038 4238 ι
1065 4186 1345 4255 scripserit
1375 4187 1533 4256 ipse:
1574 4206 1594 4239 ι
1632 4188 1826 4244 Parate
1870 4190 2012 4244 viam

440 4272 681 4337 Domini,
734 4283 909 4328 rectas
956 4273 1127 4331 facite
1171 4278 1397 4333 semitas
1441 4279 1582 4349 ejus.
1620 4297 1642 4332 ι
1678 4278 1819 4341 Ideni
1889 4278 2015 4335 fecit

434 4366 600 4419 etiam
643 4365 695 4419 in
730 4365 837 4421 illis
868 4367 1047 4421 verbis
1084 4384 1097 4420 :
1142 4387 1160 4417 ι
1209 4367 1349 4423 Ecce
1402 4383 1502 4440 ego
1556 4370 1713 4425 mitto
1761 4371 2010 4441 angelum

435 4472 614 4513 meum
638 4467 765 4512 ante
799 4457 994 4514 faciem
1028 4468 1197 4524 tuam,
1226 4462 1316 4531 qui
1346 4463 1673 4532 prteparabit
1699 4464 1837 4518 viam
1867 4474 2012 4519 luant

434 4561 561 4607 ante
600 4563 670 4618 te,
708 4570 729 4604 ι
762 4552 984 4616 addens,
1015 4572 1034 4604 ι
1094 4564 1222 4608 ante
1265 4563 1337 4619 te,
1374 4573 1392 4605 ι
1424 4556 1567 4625 quod
1619 4558 1856 4626 positum
1902 4574 2008 4614 non

436 4642 613 4700 fuerat
652 4659 681 4698 a
714 4646 1000 4716 propheta.
1027 4645 1255 4716 insuper
1287 4646 1626 4719 diligentiam
1688 4651 2012 4707 adhibentes

433 4736 487 4790 in
512 4734 645 4791 illud
674 4753 689 4790 :
720 4756 739 4790 ι
770 4738 839 4792 Ει
862 4740 954 4808 qui
979 4737 1128 4793 missi
1148 4737 1389 4806 fuerant,
1423 4750 1581 4797 erant
1610 4757 1676 4797 ex
1699 4741 2012 4809 Pharisaeis,

429 4837 488 4882 et
550 4829 1030 4903 interrogaverunt
1095 4848 1219 4887 eun:
1268 4831 1337 4898 "",
1390 4852 1409 4885 ι
1466 4848 1567 4888 nos
1616 4837 2012 4906 prteposuimus

431 4906 833 4979 Pharisaeorum
862 4924 1350 4995 interrogationem
1386 4924 1551 4996 (quod
1581 4926 1868 4983 Mattheus
1890 4944 2011 4982 eam

433 5016 684 5089 tacuerit)
738 5018 825 5074 his
867 5034 987 5088 quae
1037 5020 1237 5090 scripta
1302 5030 1431 5075 sunt
1480 5022 1624 5076 facta
1656 5020 1824 5077 fuisse
1866 5022 2004 5091 apud

436 5107 744 5165 Matthaum
772 5110 1081 5178 dicentem;
1114 5114 1258 5184 quod
1290 5114 1517 5170 intuitus
1541 5113 1782 5171 Joannes
1806 5115 2005 5170 multos

2118 3353 2178 3417 ὃς
2205 3353 2604 3408 κατασκευάσει
2643 3353 2745 3425 τὴν
2787 3352 2905 3407 ὁδόν
2939 3370 3032 3407 σου
3058 3370 3071 3382 ⁸
3106 3352 3262 3425 Φωνὴ
3293 3351 3527 3423 βοῶντος
3553 3353 3620 3405 ἐν
3654 3355 3722 3423 τῇ

2116 3445 2328 3517 ἐρήμῳ·
2356 3443 2710 3516 Ἑτοιμάσατε
2739 3444 2838 3516 τὴν
2862 3444 2979 3498 666v
3001 3444 3231 3516 Κυρίου,
3259 3443 3476 3507 εὐθείας
3502 3446 3723 3497 ποιεῖτε

2117 3539 2215 3602 τὰς
2257 3537 2475 3608 τρίϐους
2519 3535 2707 3591 αὐτοῦ.
2746 3556 2765 3587 ι
2805 3536 2879 3589 T6
2918 3536 3016 3608 μὲν
3048 3539 3175 3610 γάρ’
3218 3557 3236 3589 ο
3272 3536 3427 3608 Φωνὴ
3468 3535 3722 3607 βοῶντος

2117 3631 2175 3683 ἐν
2204 3632 2270 3702 τῇ
2298 3630 2510 3701 ἐρήμῳ,
2547 3648 2566 3681 ι
2606 3629 2743 3700 μετά
2774 3629 2872 3700 τὴν
2900 3628 3027 3700 περὶ¹
3058 3629 3151 3683 τοῦ
3181 3629 3428 3694 Ἐζεκίου
3462 3629 3723 3700 ἱστορίαν

2116 3723 2448 3786 ἀναστάντος
2491 3723 2557 3775 ἐκ
2595 3721 2695 3793 τῆς
2726 3722 2881 3775 νόσου
2915 3721 3118 3786 εὐθέως
3143 3722 3451 3794 γέγραπται
3472 3738 3487 3751 ο
3524 3720 3589 3774 τὺ
3616 3721 3680 3775 δέ
3706 3737 3722 3751 ο

2123 3833 2140 3867 ι
2184 3814 2313 3869 Ἰδού
2346 3813 2458 3883 ἐγὼ
2491 3815 2803 3870 ἀποστέλλω
2831 3817 2924 3871 τὸν
2955 3815 3186 3885 ἄγγελόν
3220 3831 3320 3886 μου
3353 3813 3461 3886 1:96
3491 3814 3699 3887 προσώ

2118 3926 2219 3963 που
2254 3925 2369 3974 σου,
2404 3928 2422 3960 ι
2461 3909 2566 3963 ὐπὸ
2592 3909 2893 3979 Μαλαχίου.
2930 3910 3108 3979 Ὅπερ
3150 3908 3207 3961 δέ
3243 3908 3500 3978 ἐποίησεν
3524 3908 3553 3960 6
3597 3908 3713 3961 Ἰω-

2115 4003 2281 4074 άννης
2318 4002 2744 4074 ἐπιτεμνόμενος
2792 4002 2819 4055 ὃ
2862 4001 3133 4075 παρέθετο
3180 4000 3373 4073 ῥητὸν,
3415 3999 3575 4053 τοῦτο
3625 4003 3724 4055 ἐπ’

2114 4095 2281 4166 άλλης
2318 4094 2516 4162 λέξεως
2551 4097 2581 4149 ό
2618 4096 2843 4167 Μάρκος
2889 4096 2983 4149 καὶ
3010 4094 3178 4157 αὐτὸς
3212 4093 3466 4164 ἐνέφηνεν
3488 4109 3502 4122 ·
3538 4092 3568 4145 6
3614 4093 3723 4162 μὲν

2115 4188 2227 4260 γὰρ
2261 4188 2543 4260 προφήτης
2568 4188 2731 4259 φησίν
2750 4205 2762 4217 ’
2791 4207 2807 4237 ι
2831 4186 3188 4257 Ἑτοιμάσατε
3213 4186 3311 4257 τὴν
3334 4185 3448 4240 ὁδὸν
3471 4185 3722 4255 Κυρίου,

2115 4284 2331 4348 εὐθείας
2374 4286 2580 4337 ποιεῖτε
2621 4283 2720 4346 τὰς
2759 4282 2978 4354 τρίϐους
3016 4283 3107 4337 τοῦ
3139 4280 3276 4335 Θεοῦ
3302 4280 3493 4352 ἡμῶν·
3537 4300 3555 4330 ι
3597 4283 3629 4335 6
3660 4281 3721 4334 δὲ

2116 4374 2376 4446 Μάρκος·
2429 4393 2447 4427 ι
2483 4374 2839 4446 Ἑτοιμάσατε
2881 4374 2979 4446 τὴν
3025 4374 3143 4429 ὁδὸν
3199 4375 3444 4446 Κυρίου,
3490 4372 3722 4439 εὐθείας

2121 4468 2323 4521 ποιεῖτε
2354 4465 2453 4529 τάς
2478 4466 2697 4541 τρίϐους
2725 4465 2912 4521 αὐτοῦ.
2947 4486 2965 4518 ι
3003 4466 3116 4537 Τὴν
3138 4465 3182 4519 δ’
3217 4464 3409 4536 ὁμοίαν
3436 4465 3724 4535 ἐπιτομὴν

2119 4558 2409 4629 πεποίηται
2456 4559 2551 4612 καὶ
2598 4559 2692 4612 ἐπὶ
2720 4557 2838 4622 τοῦ,
2880 4576 2899 4609 ι
2940 4557 3070 4610 Ἰδοὺ
3111 4555 3222 4627 ἐγὼ
3267 4555 3587 4610 ἀποστέλλω
3621 4556 3725 4609 τὸν

2122 4650 2350 4720 ἄγγελόν
2380 4669 2480 4723 μου
2511 4651 2617 4723 πρὸ
2645 4650 2939 4724 προσώπου
2963 4668 3078 4717 σου,
3095 4650 3154 4715 ὃς
3181 4650 3585 4705 κατασκευάσει
3613 4651 3724 4722 τὴν

2120 4742 2235 4797 ὁδόν
2267 4759 2360 4796 σου
2390 4742 2697 4815 ἔμπροσθέν
2724 4760 2818 4797 σου
2839 4760 2854 4774 ·
2885 4763 2902 4795 ι
2930 4742 3194 4814 παρέθετο
3215 4740 3451 4814 γάρ(22)
3485 4741 3546 4795 τὸ
3575 4759 3723 4812 προ-

2120 4836 2369 4907 κείμενον
2404 4837 2500 4890 τό·
2548 4856 2566 4888 ι
2603 4836 2912 4911 ἔμπροσθέν
2950 4854 3063 4891 σου.
3106 4855 3125 4888 ι
3162 4837 3282 4890 Ὅτι
3319 4836 3412 4888 ἐπὶ
3444 4836 3505 4889 τό
3548 4834 3677 4905 (25)
3701 4852 3718 4866 δ

2126 4947 2142 4979 ι
2168 4929 2590 5001 Ἀπεσταλμένοι
2618 4924 2760 5002 ἦσαν
2786 4932 2850 4983 ἐκ
2872 4929 2980 4983 τῶν
3004 4930 3333 5002 Φαρισαίων,
3368 4930 3463 4984 καὶ
3494 4928 3726 5001 ἠρώτη-

2115 5039 2213 5096 σαν
2264 5022 2462 5096 αὐτὸν,
2500 5042 2519 5075 ι
2567 5022 2912 5090 ἐξετάζοντες
2953 5026 3117 5096 ἡμεῖς
3171 5022 3552 5095 προετάξαμεν
3605 5024 3721 5094 τὴν

2112 5093 2381 5185 ἐρῶτησιν
2406 5114 2516 5170 τῶν
2546 5116 2877 5188 Φαρισαίων,
2909 5093 3426 5188 ὡςγσεσιωπημένην
3451 5093 3610 5186 παρά
3630 5093 3723 5188 τῷ

497 5234 546 5270 ⁷⁸
571 5236 727 5292 Joau.
751 5256 789 5301 I,
828 5241 919 5297 ‘23.
996 5244 1041 5276 ’⁸
1082 5243 1246 5300 Marc.
1276 5263 1313 5311 t,
1347 5248 1480 5314 1-5;
1518 5246 1747 5305 Malaclt.
1772 5265 1853 5318 Ill,
1883 5252 1901 5304 Ι
1932 5270 1948 5319 ;
1988 5252 2015 5306 l:

2159 5269 2237 5314 ιι..
2263 5252 2316 5307 3.
2393 5255 2440 5285 ’⁷⁸
2467 5252 2694 5307 Malach.
2729 5269 2812 5318 ιιι,
2847 5255 2896 5310 l.
2973 5255 3017 5285 ⁷⁷
3039 5251 3195 5308 Joan.
3227 5270 3265 5317 ι,
3288 5252 3380 5317 24,
3410 5252 3502 5307 25.

435 5447 445 5457 .
501 5375 615 5446 d9)
660 5374 815 5428 Ἐπεὶ
851 5374 919 5429 δὲ
947 5379 1292 5448 ἀναγκαῖον.
1338 5396 1446 5438 etc.
1504 5384 1635 5440 Vide
1688 5386 2002 5461 Hicronym.

430 5462 482 5500 tu
518 5445 755 5499 Maluch.
788 5447 1003 5502 llLMttx
1041 5453 1127 5507 ubi
1157 5456 1321 5509 codex
1356 5457 1684 5513 Bodleianus
1716 5460 1877 5513 hahet
1908 5478 2009 5512 πα-

429 5515 736 5589 ρατιθέναι,
794 5518 847 5570 iu
923 5518 1166 5576 editione
1234 5524 1407 5581 lluctii
1465 5527 1659 5598 legitur
1723 5529 2009 5600 προστιθέη

429 5604 542 5642 ναι.

389 5646 402 5663 ’
497 5658 612 5741 (20)
639 5659 1017 5741 ξύγκρουσιν
1043 5661 1359 5741 ᾷωιοῦντα.
1387 5668 1693 5741 Legendqu
1738 5670 1818 5741 vel
1876 5688 2009 5741 συγ-

426 5728 647 5811 κρούειν
655 5729 946 5811 ῥρκοῦντα,
980 5733 1061 5811 vel
1086 5732 1414 5811 σύγκρουσιν
1442 5728 1701 5811 δοκούντα
1737 5740 1902 5811 ἔχειν.

496 5800 635 5875 (21)-
655 5800 833 5875 Ὅπερ
866 5803 1153 5873 παρέθετο
1191 5800 1518 5875 δ’Μάρκος.
1576 5810 1650 5863 Ita
1696 5800 1851 5864 codd.
1909 5811 2013 5866 lle-

424 5871 565 5948 gius,
604 5871 1009 5948 Bodlei_antts'et
1032 5871 1387 5941 Barberinus,
1416 5871 1556 5948 quos
1585 5889 1889 5937 assectatur
1920 5882 2015 5938 Pc-

425 5943 671 6013 riouius;
702 5954 756 6001 at
782 5943 1089 6015 Ferrarius,
1137 5950 1274 6016 quod
1320 5943 1497 6006 citauit
1536 5950 1803 6017 Ioannes,
1840 5962 2008 6017 recte,

2117 5406 2241 5444 nam
2282 5390 2516 5446 Joannes
2544 5390 2705 5446 habet
2729 5406 2771 5451 ι.
2798 5391 2891 5457 25,
2929 5390 3222 5456 Εὐθύνατε,
3250 5389 3467 5446 Marcus
3514 5404 3717 5448 autem

2120 5477 2157 5525 t,
2188 5459 2243 5528 5,
2272 5461 2652 5532 Ἑτοιμάσατε,
2676 5471 2736 5532 ut
2767 5477 2828 5516 ea
2862 5476 2983 5530 qua:
3012 5472 3316 5532 sequuntur
3344 5464 3485 5532 apud
3508 5462 3721 5532 Origo—

2119 5546 2265 5596 nt-m,
2291 5533 2341 5585 id
2372 5530 2649 5587 evincunt.
2685 5530 2910 5586 Videtur
2954 5530 3132 5585 tamen
3177 5530 3459 5585 Ferrarius
3507 5530 3715 5589 cmen-

2116 5600 2273 5656 dassc
2300 5600 2614 5670 Origenem,
2642 5617 2803 5671 quem
2837 5604 3073 5655 Marcum
3103 5620 3201 5669 prii
3228 5602 3438 5657 Joanne
3470 5603 3715 5658 lautlas~

2115 5686 2173 5746 se
2207 5674 2595 5746 crediderim;
2633 5672 3102 5746 quemadmodum
3164 5674 3304 5728 intra
3351 5672 3559 5729 Lucam
3597 5692 3720 5746 pro

2115 5740 2302 5795 Marco
2346 5743 2606 5798 laudavit.
2632 5743 2894 5798 "UE’I‘IUS.
3468 5753 3474 5760 '

2156 5812 2300 5936 dt(‘22)
2317 5812 2501 5936 tCodd.
2523 5812 2853 5870 Bodleianus
2883 5821 2938 5868 et
2966 5812 3314 5879 Barbcriuus,
3337 5812 3398 5867 οὐ
3423 5813 3719 5886 παρέθετο

2194 5900 2244 5936 ο.
2282 5898 2311 5936 e
2340 5899 2390 5936 c.
2881 5909 2886 5915 η

2118 5894 2244 5950 γαρ,
2282 5894 2390 5939 etc.
2881 5909 2886 5915 η

2187 5900 2456 6020 ΐέὸῗιῗότι
2481 5956 2579 6010 ἐπὶ
2607 5955 2695 6021 τό,
2725 5964 2831 6013 etc.
2858 5955 3169 6025 Legendum
3204 5955 3283 6009 ἐτι
3309 5956 3397 6008 ἐπὶ
3417 5953 3503 6023 τό,
3538 5966 3664 6015 etc.
