3816 6548
107 465 164 515 Si

111 463 198 515 Elii
1160 458 1514 517 COMMENT.
1556 460 1620 515 IN
1655 459 1847 518 JOAN.
1902 462 2129 518 I‘OMUS
2162 462 2251 517 Vl.

3249 459 3359 513 320

107 573 384 646 Ματθαίῳ,
415 575 509 628 τοῦ
552 575 1040 647 ἀναγεγραμμένου
1083 577 1360 646 γεγονέναι
1411 579 1558 647 παρά
1595 577 1673 650 τῷ

1791 577 2176 637 Pharisaeorum
2217 592 2269 637 et
2323 580 2745 638 Sadducazortnn
2805 580 3080 636 venientes
3140 580 3205 632 ad
3259 581 3356 632 tr.-

106 665 351 736 Ματθαίῳ
375 681 389 695 ·
434 666 518 719 ὅτι
562 665 684 719 ίδὼν
717 669 746 720 ὁ
789 666 1042 736 Ἰωάννης
1077 666 1306 731 πολλοὺς
1349 670 1456 721 τῶν
1509 671 1672 739 Φαρι-

107 757 256 811 σαίων
283 758 377 811 καὶ⁸
401 758 776 813 Σαδδουκαίων
803 759 1130 831 ἐρχομένους
1157 759 1249 812 ἐπὶ
1280 760 1338 812 τὸ
1369 759 1669 830 βάπτισμα,

109 845 243 902 εἶπεν
267 850 476 915 αὐτοῖς’
513 873 528 902 ι
569 852 890 923 Γεννήματα
924 850 1172 922 ἐχιδνῶν,
1211 870 1228 902 ι
1269 851 1360 905 καὶ
1398 851 1468 905 τὰ
1510 851 1670 923 age;-

109 942 379 997 ἀκόλουθον
403 944 512 1016 γάρ
546 947 664 999 ἐστι
697 945 914 1017 πρῶτον
948 945 1246 1009 πυθέσθαι,
1280 941 1377 999 εἴτ’
1421 945 1673 1018 ἐληλυθέ-

110 1049 203 1084 ναι.
243 1032 351 1085 Καὶ
387 1033 548 1087 τοῦτο
589 1035 1039 1107 παρατηρητέον,
1075 1035 1156 1089 ὅτι
1191 1038 1219 1089 ὁ
1262 1036 1360 1107 μέν
1401 1036 1676 1099 Ματθαῖος

109 1123 559 1194 ἐκπορευομένους
587 1125 724 1198 πρὸς
758 1126 850 1179 τὸν
892 1125 1164 1198 Ἰωάννην,
1201 1125 1270 1180 τά
1306 1127 1672 1198 Ἰεροσόλυμα,

111 1215 193 1268 καὶ
215 1216 391 1269 πᾶσαν
434 1217 535 1289 τὴν
579 1218 868 1283 Ἰουδαίαν,
896 1219 992 1272 καὶ
1028 1220 1209 1272 πᾶσαν
1250 1219 1676 1290 τὴν-περίχωρον

111 1308 194 1363 τοῦ
229 1307 523 1380 Ἰορδάνου,
574 1312 668 1366 ἐπὶ
703 1311 780 1383 τῷ
830 1312 1200 1383 βαπτίσασθαι
1233 1316 1290 1366 ἐν
1324 1313 1400 1384 τῷ
1439 1313 1676 1386 Ἰορδάνῃ

113 1402 342 1473 ποταμῷ,
359 1403 687 1475 ἐξομολογου
696 1405 887 1476 μένους
912 1405 1119 1459 ἐαυτῶν
1143 1405 1240 1469 τὰς
1267 1405 1562 1478 ἁμαρτίας,
1590 1407 1679 1458 οὐ-

114 1494 223 1547 δένα
235 1494 386 1564 λόγον
404 1496 800 1567 ἐπιπληκτικδν
817 1498 909 1550 καὶ
929 1496 1241 1568 ἐλεγκτικόν
1262 1515 1424 1569 φησιν
1446 1497 1680 1568 ἀκηκοέ-

115 1601 188 1638 ναι
217 1586 323 1639 ἀπὸ
355 1587 454 1640 τοῦ
495 1587 802 1642 Βαπτιστοῢ
824 1627 838 1650 ,
878 1587 1072 1658 μόνους
1097 1588 1153 1642 δέ
1185 1588 1310 1652 τοὺς
1335 1587 1679 1661 ἑωραμένους

115 1677 319 1742 πολλοὺς
347 1679 462 1733 τῶν
488 1679 796 1752 Φαρισαίων
832 1680 928 1734 καὶ
959 1680 1330 1734 Σαδδουκαίων
1358 1680 1682 1752 ἐληλυθότας

116 1772 387 1841 ἀκηκοέναι
421 1774 482 1827 τό
501 1773 871 1845 ἰΓεννήματα
901 1773 1146 1844 ἐχιδνῶν,
1166 1771 1536 1844 ικαὶτάἐξῆςο
1570 1777 1598 1828 ὁ
1626 1775 1680 1830 δὲ

118 1865 319 1934 Μάρκος
357 1863 511 1917 οὐδέν
549 1881 713 1936 φησιν
747 1865 1142 1936 ἐπιπληκτικὸν
1167 1865 1420 1938 εἰρῆσθαι
1453 1865 1558 1919 ὐπὸ
1589 1864 1681 1919 τοῦ

129 1955 353 2010 Ἰωάννου
375 1960 490 2020 τοῖς
511 1957 846 2030 ἐληλυθόσιν,
861 1955 979 2012 οὖσι
1003 1959 1151 2030 πάσῃ
1165 1961 1228 2029 τῇ
1247 1957 1474 2030 Ἰουδαία
1490 1960 1582 2014 καὶ
1599 1960 1686 2012 ’ῐε-
1716 1941 1757 1996 Β

122 2050 480 2121 ροσολυμίταις
501 2054 654 2117 πᾶσι,
682 2053 775 2107 καὶ
793 2049 1210 2124 βαπτιζομένοις
1227 2053 1318 2105 ὐπ’
1342 2052 1505 2105 αὐτοῦ
1528 2054 1585 2105 ἐν
1608 2052 1684 2124 τῷ

132 2142 367 2215 Ἰορδάνῃ,
422 2147 520 2198 καὶ
572 2145 1086 2216 ἐξομολογουμένοις
1121 2145 1220 2209 τὰς
1269 2146 1540 2217 ἁμαρτίας
1583 2147 1683 2200 αὐ-

121 2233 230 2300 τῶν,
254 2236 564 2300 ἀκολούθως
591 2236 668 2306 τῷ
687 2237 820 2308 μηδέ
845 2237 1190 2308 ὠνομακέναι
1217 2239 1342 2302 τοὺς
1361 2239 1684 2303 Φαρισαίους

122 2328 200 2378 καὶ
221 2328 631 2393 Σαδδουκαίους.
669 2330 788 2382 Ἔτι
823 2330 878 2383 δέ
908 2330 1004 2384 καὶ
1028 2329 1186 2385 τοῦτο
1214 2333 1516 2400 ἀναγκαῖον
1539 2334 1685 2404 ἡμᾶς

123 2419 463 2489 παραθέσθαι,
495 2422 577 2475 ὅτι
614 2421 912 2493 ἀμφότεροι
955 2423 1079 2492 μὲν,
1115 2423 1143 2476 ὅ
1184 2440 1242 2475 τε
1277 2423 1554 2489 Ματθαῖος
1593 2423 1686 2477 καί

125 2509 419 2581 ὁιίάρκος,
451 2512 979 2583 ἐξομολογουμένους
1028 2515 1130 2578 τὰς
1182 2515 1460 2586 ἁμαρτίας
1510 2517 1687 2571 αὐτῶν

124 2617 232 2666 φασι
281 2601 662 2670 βατπίζεσθαι,
713 2604 893 2656 πᾶσαν
955 2602 1320 2674 Ἰεροσόλυμα,
1372 2605 1465 2656 καὶ
1511 2605 1688 2657 πᾶσαν

124 2693 204 2762 τὴν
243 2693 508 2748 Ἰουδαίαν
537 2694 632 2747 xui.
669 2696 848 2748 πᾶσαν
881 2693 978 2765 τὴν
1013 2694 1318 2768 περίχωρον
1345 2694 1443 2749 τοῦ
1493 2695 1688 2767 Ἰορδά-

127 2784 262 2854 inedi
296 2788 478 2840 πᾶσαν
501 2786 602 2857 τὴν
636 2786 896 2841 Ἰουδαίαν
931 2785 1136 2859 χώραν.
1173 2787 1266 2840 καὶ
1294 2789 1423 2852 τοὺς
1459 2788 1688 2860 Ἰεροσο-

126 2873 327 2943 λυμίτας
370 2877 614 2940 πάνταςο
649 2879 676 2930 ὁ
705 2877 763 2930 δέ
806 2877 1084 2940 Ματθαῖος
1130 2877 1343 2946 εἰσάγει
1388 2877 1487 2950 μὲν
1530 2879 1687 2950 ἐρχο-

129 2966 296 3036 μένους
339 2968 436 3020 ἐπὶ
474 2967 536 3020 τὸ
581 2967 863 3039 βάπτισμα
899 2967 1026 3032 τοὺς
1071 2967 1398 3040 Φαρισαίους
1433 2968 1528 3020 καὶ
1561 2968 1691 3021 Σαδο

127 3058 400 3124 δουκαίους,
448 3061 508 3113 οὐ
553 3061 660 3131 μὴν
700 3060 1228 3132 ἐξομολογουμένους
1262 3060 1360 3124 τάς
1413 3059 1690 3131 ἁμαρτίας

127 3153 315 3206 αὐτῶν·
349 3154 543 3226 διόπερ
576 3154 726 3217 είκδς
754 3156 846 3208 καὶ
887 3154 1047 3208 τοῦτο
1082 3153 1304 3224 εὐλογον
1338 3150 1477 3207 εἶναι
1520 3153 1692 3207 αἴτιον

128 3245 205 3298 τοῦ
242 3247 538 3317 ἀκηκοέναι
580 3248 799 3311 αὐτοὺς,
836 3265 855 3298 ι
904 3247 1226 3318 Γεννήματα
1262 3245 1506 3318 ἐχιδνῶν.
1542 3265 1560 3298 ι
1598 3244 1690 3317 Μὴ

130 3337 381 3413 ὐπολάὸῃς
417 3340 464 3392 δ’
489 3341 640 3411 ἡμᾶς
675 3341 766 3394 καὶ
793 3339 1042 3412 ἀκαίρως
1083 3340 1151 3394 τά
1191 3341 1300 3395 ἀπὸ
1339 3339 1448 3394 τῶν
1487 3340 1690 3413 ἐτέρων

130 3431 452 3500 Εὐαγγελίων
486 3431 913 3504 παρατεθεῖσθαι
943 3432 1010 3486 τά
1036 3433 1101 3486 ἐκ
1133 3431 1242 3487 τῶν
1267 3432 1694 3503 ἀπεσταλμένων

131 3517 183 3569 ἐκ
219 3521 318 3572 τῶν
359 3521 672 3592 Φαρισαίων
715 3522 809 3575 καί
853 3521 1248 3594 ἐρωτησάντων
1291 3523 1378 3575 τὸν
1441 3523 1694 3593 Ἰωάννην

131 3610 477 3678 ἐξετάζοντας.
525 3616 588 3667 Ei
630 3615 740 3686 γὰρ
783 3615 963 3679 καλῶς
1001 3615 1395 3687 ἐφηρμόσαμεν
1446 3614 1544 3686 τήν
1590 3613 1696 3668 τῶν

131 3703 411 3776 Φαρισαίων
435 3707 647 3772 πεῦσιν,
669 3707 1168 3780 ἀναγεγραμμένην
1192 3707 1344 3779 παρά
1374 3706 1453 3779 τῷ
1480 3707 1694 3780 μαθητῇ

143 3790 359 3870 Ἰωάννη,
411 3796 491 3868 τῷ
541 3796 836 3868 βαπτισμῷ
886 3797 1066 3851 αὐτῶν
1110 3798 1260 3868 παρά
1309 3798 1389 3868 τῷ
1434 3798 1698 3871 Ματθαίῳ

136 3888 365 3958 κειμένῳ,
416 3889 712 3944 ἀκόλουθον
750 3886 818 3962 ἦν
863 3889 1118 3954 ἐξετάσαι
1159 3891 1226 3945 τὰ
1268 3891 1411 3944 κατά
1451 3892 1576 3954 τοὺς
1614 3892 1699 3945 τό·

137 3997 270 4044 πυς,
303 3983 395 4036 καὶ
429 3983 774 4055 παραθέσθαι
804 3981 872 4036 τά
901 3984 1194 4052 εὑρεθέντα
1219 3984 1693 4054 παρατηρήματα.

145 4071 352 4142 Ὁμοίως
398 4075 458 4127 δέ
503 4073 583 4145 τῷ
626 4075 840 4146 Μάρκῳ
887 4075 981 4127 καὶ
1029 4076 1058 4126 ὁ
1097 4074 1309 4136 Λουκᾶς
1342 4073 1432 4125 τοῦ
1477 4094 1493 4124 ι
1544 4074 1700 4144 Φωνὴ

138 4163 340 4234 βοῶντος
354 4169 413 4221 ἐν
437 4171 504 4239 τῇ
525 4169 738 4239 ἐρήμῳ,
767 4187 784 4218 ι
815 4167 1088 4238 μέμνηται
1119 4167 1226 4221 ἀπὸ
1253 4168 1381 4221 ίδίου
1405 4164 1698 4239 προσώπου

139 4256 304 4322 οὕτως’
335 4279 353 4311 ι
415 4259 651 4327 Εγένετο
683 4258 835 4331 ρἧα
862 4258 997 4311 Θεοῦ
1042 4259 1135 4312 ἐπὶ
1184 4258 1440 4329 Ἰωάννην
1480 4257 1570 4310 τὸν
1601 4259 1702 4310 Ζα-

142 4351 306 4420 χαρίου
336 4351 450 4406 υἱὸν
478 4354 550 4432 ἐν.
568 4354 634 4423 τῇ
667 4352 876 4423 ἐρήμῳ.
920 4352 1030 4405 Καὶ
1059 4347 1224 4423 ἦλθεν
1263 4353 1344 4414 εἰς
1374 4353 1552 4404 πᾶσαν
1600 4367 1698 4402 πε-

143 4442 348 4515 ρίχωρον
383 4445 478 4498 τοῦ
532 4444 824 4517 Ἰορδάνου,
864 4445 1157 4518 κηρύσσων
1202 4444 1487 4516 βάπτισμα
1535 4460 1704 4514 μετα-

141 4537 266 4602 voia;
298 4541 376 4601 εἰς
401 4541 598 4608 ἄφεσιν
645 4539 954 4613 ἁμαρτιῶν,
981 4538 1056 4602 ὡς
1085 4539 1394 4609 γέγραπται
1441 4539 1498 4588 ἐν
1536 4535 1701 4605 βίϐλῳ

143 4629 290 4697 λόγων
316 4627 535 4686 Ἡσαΐου
585 4632 682 4686 τοῦ
740 4634 1038 4706 προφήτου·
1091 4631 1246 4702 Φωνὴ
1282 4629 1510 4701 βοῶντος
1548 4631 1604 4681 ἐν
1632 4630 1698 4700 τῇ
1737 4661 1775 4714 D

143 4719 346 4793 ἐρήμῳ·
408 4723 765 4792 Ἑτοιμάσατε
834 4723 932 4793 τὴν
988 4723 1106 4776 ὁδὸν
1177 4722 1422 4794 Κυρίου,
1486 4720 1701 4783 εὐθείας

147 4817 320 4867 ποιεῖτε
350 4815 448 4878 τὰς
471 4815 692 4886 τρίϐους
718 4815 902 4869 αὐτοῦ.
936 4833 953 4866 ι
983 4813 1266 4886 Προέθηκε
1286 4813 1396 4882 (24)
1428 4813 1484 4866 δέ
1509 4814 1537 4866 ὁ
1568 4814 1698 4866 Λου-

147 4904 230 4965 κᾶς
264 4907 353 4958 καὶ
384 4905 454 4958 τὰ
491 4904 621 4975 ἑξῆς
660 4906 759 4976 τῆς
808 4904 1176 4977 προφητείαςο
1228 4922 1244 4952 ι
1285 4904 1442 4956 Πᾶσα
1485 4901 1704 4975 φάραγξ

149 4996 560 5070 πληρωθήσεται,
599 4999 693 5051 καὶ
735 5000 842 5052 πᾶν
874 4999 1022 5069 ὄρος,
1069 4997 1164 5051 καὶ
1212 4996 1396 5065 βουνὸς
1435 5013 1704 5050 ταπεινω-

150 5087 363 5159 θήσεται·
408 5092 502 5144 καὶ
553 5090 705 5144 ἔσται
749 5091 820 5144 τὰ
865 5091 1055 5145 σκολιά
1101 5091 1179 5154 είς
1226 5089 1461 5156 εὐθείας,
1512 5091 1606 5143 xui.
1645 5091 1702 5142 αί

151 5187 371 5253 τραχεῖαι
416 5186 496 5246 είς
543 5183 699 5246 ὁδοὺς
729 5183 898 5247 λείας,
931 5183 1027 5237 καὶ
1056 5181 1247 5252 ὄψεται
1273 5183 1424 5236 πᾶσα
1476 5180 1615 5252 σὰρξ
1644 5181 1705 5234 τὸ

154 5274 391 5344 σωτήριον
414 5276 509 5330 τοῦ
538 5275 674 5328 Θεοῦ
693 5292 705 5302 ·
742 5294 759 5325 ι
791 5274 994 5345 ὁμοίως
1023 5271 1102 5342 τῷ
1136 5271 1349 5342 Μάρκῳ
1381 5272 1708 5343 ἀναγράψας

152 5362 216 5414 νὸο
247 5384 263 5415 ι
296 5367 516 5431 Εὐθείας
540 5369 744 5419 ποιεῖτε
774 5364 1121 5435 τὰςτρίϐους
1142 5363 1331 5426 αὐτοῦ,
1369 5385 1387 5415 ι
1421 5365 1709 5434 ἐπιτεμνό-

159 5471 309 5523 μενος,
336 5460 405 5523 ὡς
430 5460 864 5531 προειρήκαμεν,
898 5458 984 5511 τό·
1034 5477 1051 5508 ι
1089 5458 1322 5520 Εὐθείας
1356 5460 1560 5510 ποιεῖτε
1609 5459 1706 5523 τὰς

157 5547 345 5616 τρίϐους
364 5551 454 5604 τοῦ
485 5551 624 5604 Θεοῦ
665 5550 843 5621 ήμῶν.
885 5569 902 5602 ι
953 5549 1100 5601 Ἀντὶ
1127 5548 1182 5601 δέ
1209 5547 1325 5613 τοῦ,
1362 5569 1374 5576 ’
1411 5547 1518 5600 Καὶ
1549 5546 1700 5599 ἔσται

159 5641 308 5696 πάντα
348 5645 533 5698 σκολιά
585 5646 664 5708 είς
699 5643 934 5707 εὐθείας,
975 5661 992 5694 ι
1028 5643 1195 5714 χωρὶς
1240 5643 1334 5696 τοῦ
1377 5660 1394 5692 ι
1439 5641 1635 5705 πάντα,
1673 5659 1691 5690 ι

215 5763 255 5793 τ’
287 5764 465 5819 Matth.
497 5782 576 5828 ιιι,
604 5767 653 5819 7.
731 5767 774 5796 ⁷³
804 5765 929 5817 ihid.
1088 5764 1133 5794 ”
1162 5764 1326 5823 Marc.
1360 5781 1397 5830 ι,
1421 5766 1471 5819 ει.

161 5833 194 5858 ’³
221 5831 340 5889 an.
382 5853 463 5899 ιιι,
495 5838 612 5890 2-4.
687 5837 732 5866 ⁸⁵
766 5836 966 5901 ibid.5,
1003 5833 1057 5888 ὃ.

220 5950 316 6010 (24)
339 5954 645 6019 Προέθηκε.
687 5952 993 6020 chendum
1021 5950 1346 6020 προσέθηκε.

1553 5764 1591 5793 ⁸³
1626 5761 1812 5818 Matth.
1842 5774 1924 5824 ιιι,
1956 5757 2010 5822 ὅ,
2040 5754 2104 5818 ϐ;
2135 5749 2298 5804 Marc.
2337 5765 2371 5816 ι,
2408 5747 2461 5801 5.
2551 5748 2593 5775 δ’
2621 5746 2750 5812 tlap.
2788 5756 2867 5806 ιιι,
2902 5734 3103 5793 vers'l.

1776 670 1995 742 ptisma,
2033 671 2233 727 dixerit
2279 671 2384 729 illis
2415 686 2432 728 :
2470 691 2488 726 ι
2525 673 2820 745 Progenies
2867 674 3175 744 viperarum
3213 673 3282 738 ",
3330 692 3350 726 ι

1777 776 1830 820 et
1871 781 1987 835 qua:
2018 777 2344 837 sequuntur,
2376 782 2715 838 consequens
2741 782 2862 822 cum
2890 767 2960 822 sit
2997 766 3234 836 primum
3264 780 3358 834 eos

1777 859 2165 932 interrogasse,
2203 872 2314 917 tum
2343 877 2472 916 vero
2502 862 2805 916 advenisse.
2837 860 2949 916 Hoc
2979 863 3142 916 etiam
3181 861 3360 916 obiter

1776 953 2173 1009 observandum
2204 965 2309 1021 est,
2346 954 2486 1025 quod
2517 957 2842 1010 exeuntibus
2884 965 2997 1010 tum
3043 953 3361 1026 Hierosoly—

1780 1064 1886 1112 ma,
1920 1058 2030 1102 tum
2081 1059 2191 1103 tota
2229 1047 2433 1117 Judtea,
2467 1061 2580 1108 tum
2617 1066 2745 1108 vero
2791 1062 2898 1106 tota
2935 1051 3157 1118 regione
3190 1049 3356 1104 ﬂuvio

1777 1141 1996 1198 Jordani
2024 1141 2371 1212 circumjecta
2405 1146 2469 1210 ⁷³,
2503 1161 2599 1199 sua
2648 1146 2888 1215 ipsorum
2917 1155 3139 1214 peccata
3183 1141 3359 1199 conﬁ-

1782 1234 2039 1303 tentibus,
2096 1234 2351 1291 Matthaeo
2396 1238 2599 1293 nullum
2652 1237 2870 1294 dicente
2919 1253 3014 1294 eos
3064 1239 3293 1294 verbum
3326 1251 3352 1288 ει

1780 1325 2022 1396 Baptista
2094 1327 2313 1384 audisse
2357 1330 2794 1401 objurgatorium
2857 1339 2910 1386 et
2947 1343 3225 1400 asperum,
3262 1328 3354 1383 sed

1779 1420 1925 1476 solos
1949 1421 2273 1490 Pharisaeos,
2298 1432 2354 1478 et
2386 1423 2735 1493 Sadducaaos,
2760 1438 2962 1494 eosque
2993 1423 3353 1490 multos,cnm

1783 1509 2050 1574 venirent,
2105 1523 2432 1582 conspectos
2489 1515 2712 1570 audisse
2764 1513 2941 1570 illud:
2978 1532 2996 1567 ι
3052 1514 3356 1585 Progenies

1783 1602 2117 1671 viperarum,
2153 1626 2172 1656 ι
2204 1615 2259 1660 et
2315 1621 2435 1676 qua:
2479 1617 2804 1676 sequuntur,
2862 1607 3102 1664 Marcum
3161 1624 3358 1665 consc-

1784 1704 2013 1762 quenter
2042 1696 2109 1762 ⁸⁶,
2142 1697 2269 1766 quia
2324 1714 2431 1754 non
2485 1700 2778 1757 nominarit
2816 1700 3146 1768 Pharismos,
3179 1716 3358 1773 neque

1785 1785 2130 1856 Sadducaeos,
2192 1788 2399 1844 nullum
2454 1789 2889 1862 obiurgatorium
2945 1793 3171 1848 verbum
3226 1807 3357 1847 nar-

1788 1895 1912 1935 rare
1942 1880 2148 1937 dictum
2179 1881 2344 1938 fuisse
2397 1897 2427 1938 a
2476 1881 2685 1940 Joanne
2715 1883 2802 1940 his
2847 1884 2938 1954 qui
2966 1885 3033 1940 ad
3087 1901 3146 1941 se
3194 1899 3364 1940 vene-

1788 1989 1933 2044 runt,
1960 1995 2084 2034 cum
2114 1981 2478 2037 accessissent
2510 1981 2578 2036 ad
2633 1996 2755 2038 eum
2786 1990 2894 2036 tota
2926 1979 3109 2037 Judaaa
3137 1997 3200 2037 ac
3230 1980 3362 2038 [lie-

1787 2072 2118 2143 sosolymita:
2183 2088 2411 2142 omnes,
2479 2083 2537 2129 et
2600 2076 3014 2146 baptizarentur
3068 2076 3136 2130 ab
3193 2090 3258 2131 eo
3309 2075 3362 2128 in

1794 2165 1950 2237 127
1992 2164 2249 2232 Jordane,
2304 2165 2630 2222 conﬁtentes
2673 2176 2896 2237 peccata
2949 2182 3068 2222 sua.
3119 2166 3257 2234 Quin
3307 2179 3364 2221 et

1791 2263 1893 2313 hoc
1929 2255 2240 2313 necessario
2268 2256 2531 2312 addamus
2560 2267 2797 2326 oportet,
2840 2271 3034 2328 nempe
3078 2269 3363 2328 utrosque,

1790 2350 2105 2406 Matthazum
2159 2350 2414 2406 videlicet
2465 2357 2520 2406 et
2557 2349 2820 2416 Marcum,
2856 2351 3040 2406 dicere
3077 2350 3145 2417 ⁸³,
3194 2359 3366 2405 totam

1792 2444 2249 2515 Hierosolymam,
2284 2454 2564 2514 totamque
2589 2444 2851 2514 Judaram,
2893 2461 2957 2501 ac
3005 2458 3221 2500 omnem
3252 2444 3366 2499 cir—

1791 2544 2118 2615 cumjeclam
2171 2542 2426 2600 Jordanis
2476 2544 2772 2614 regionem,
2804 2539 2886 2596 vel
2921 2550 3088 2597 totam
3126 2537 3367 2595 Judaeam

1795 2637 2072 2708 regionem
2126 2646 2180 2692 et
2221 2636 2676 2707 liierosolymitas
2713 2650 2902 2691 omnes
2945 2633 3195 2689 conﬁteri
3242 2645 3370 2700 pec-

1793 2738 1913 2782 cata
1947 2744 2042 2783 sua
2069 2745 2086 2795 ;
2119 2729 2212 2784 sed
2241 2745 2362 2785 cum
2397 2727 2678 2784 Matthaaus
2709 2728 2753 2760 "
2782 2726 3054 2781 induxerit
3093 2725 3372 2779 venientes

1794 2824 1858 2876 ad
1896 2822 2166 2892 baptisma
2198 2819 2506 2877 Pharisaeos
2552 2830 2606 2877 et
2636 2819 2991 2882 Sadducaaos,
3031 2833 3134 2872 non
3187 2827 3368 2871 tamen

1795 2915 2117 2971 conﬁtentes
2159 2925 2378 2984 peccata
2437 2929 2556 2976 sua,
2611 2911 2888 2983 probabile
2934 2925 3057 2966 esse
3092 2919 3254 2978 atque
3283 2923 3373 2962 ra-

1797 3009 1928 3064 tioni
1969 3020 2397 3065 consentaneum
2432 3017 2489 3059 ut
2526 3006 2667 3060 hanc
2696 3005 2766 3060 ob
2795 3017 3016 3059 causam
3049 3000 3323 3057 audierint
3352 3017 3366 3053 :

1801 3119 1819 3152 ι
1859 3099 2155 3172 Progenies
2187 3100 2496 3168 viperarum
2523 3095 2594 3153 ⁸³.
2620 3115 2639 3149 ι
2661 3094 2935 3150 Caeterum
2962 3109 3028 3148 nc
3055 3108 3155 3147 nos
3182 3089 3374 3146 existi-

1797 3210 1913 3250 mes
1940 3195 2256 3264 importune
2284 3207 2406 3264 qua:
2442 3203 2679 3260 quatuor
2713 3186 3060 3258 evangelista:
3091 3187 3370 3249 dixerunt,

1718 3299 1760 3357 (ζ
1796 3288 2117 3353 contulisse,
2171 3287 2514 3358 inquirentes
2566 3299 2688 3354 quae
2732 3282 3006 3354 pertinent
3048 3280 3115 3334 ad
3147 3294 3242 3335 eos
3280 3277 3377 3348 qui

1798 3382 1949 3438 missi
2009 3381 2228 3437 fuerant
2285 3395 2353 3434 ex
2424 3376 2716 3433 Pharismis
2777 3385 2832 3430 et
2900 3374 3375 3443 interrogaverunt

1795 3475 2079 3530 Joannem.
2126 3475 2259 3529 Nam
2299 3473 2345 3528 si
2380 3473 2517 3528 bene
2558 3468 2932 3538 adaptavimus
2973 3465 3372 3523 Pharisaeorum

1799 3568 2280 3640 interrogationem
2304 3567 2563 3636 scriptam
2587 3566 2726 3636 apud
2745 3562 3069 3632 discipulum
3088 3559 3372 3625 Joannem,

1799 3662 2074 3734 baptismo
2112 3663 2354 3733 ipsorum
2390 3661 2567 3731 posito
2617 3660 2758 3729 apud
2795 3655 3132 3721 Matthaaum,
3181 3667 3377 3710 conse-

1799 3769 1974 3826 quens
1998 3766 2120 3812 erat
2145 3756 2423 3826 inquirere
2450 3769 2570 3825 qua:
2595 3752 2662 3806 ad
2697 3752 2811 3807 hare
2844 3751 2958 3806 loca
2990 3750 3154 3805 etiam
3185 3746 3382 3802 intelli-

1799 3849 1972 3920 genda
2000 3850 2371 3921 pertinebant.
2405 3857 2460 3904 et
2494 3862 2628 3917 quas
2669 3847 3070 3899 invenissemus
3111 3843 3380 3896 observa-

1801 3941 1976 3997 tiones
2002 3941 2223 3997 addere.
2256 3937 2502 3992 Meminit
2527 3947 2706 3990 autem
2736 3933 2930 3998 Lucas,
2959 3931 3184 4003 perinde
3211 3940 3380 3998 atque

1803 4032 2036 4098 Marcus,
2089 4049 2158 4089 ex
2202 4047 2436 4102 persona
2489 4028 2733 4100 propria,
2801 4041 2988 4081 eorum
3044 4021 3375 4078 verborum:

1809 4147 1826 4180 ι
1883 4129 1996 4185 Vox
2040 4128 2331 4184 clamantis
2374 4127 2429 4180 in
2483 4126 2730 4189 deserto,
2769 4141 2788 4175 ι
2825 4121 2968 4176 hunc
3010 4118 3064 4173 in
3111 4115 3376 4172 modum:

1809 4239 1828 4273 ι
1863 4222 2088 4278 Factum
2119 4235 2205 4279 est
2230 4222 2455 4278 verbum
2488 4219 2700 4274 Domini
2728 4219 2792 4272 ad
2815 4213 3080 4270 Joannem
3102 4208 3384 4266 Zachariae

1807 4316 1978 4372 lilium
2003 4317 2056 4371 in
2086 4316 2327 4372 deserto.
2356 4314 2422 4368 Et
2450 4313 2597 4367 venit
2631 4313 2683 4366 in
2707 4325 2921 4364 omnem
2951 4306 3226 4375 regionem
3261 4302 3394 4354 ﬁni-

1808 4415 1995 4468 timam
2044 4411 2293 4474 Jordani,
2342 4407 2647 4478 prmdieans
2681 4404 3008 4474 baptismum
3049 4397 3383 4469 poenitentiae

1808 4510 1859 4563 in
1891 4505 2272 4562 remissionem
2312 4511 2688 4572 peccatorum,
2728 4499 2870 4553 sicut
2903 4494 3166 4565 scriptum
3204 4500 3289 4546 est
3327 4490 3383 4544 in

1808 4601 1946 4656 libro
1979 4612 2290 4655 sermonum
2332 4594 2483 4649 Isaia:
2509 4592 2786 4660 propheta:
2817 4587 3091 4643 dicentis:
3137 4583 3252 4638 Vox
3279 4583 3389 4637 cla-

1809 4695 2010 4748 mantis
2051 4693 2103 4745 in
2138 4691 2357 4745 deserto
2386 4707 2398 4742 :
2432 4687 2628 4741 Parate
2655 4686 2800 4739 viam
2834 4679 3072 4744 Domini,
3106 4683 3281 4731 rectas
3307 4673 3385 4726 fa-

1806 4787 1912 4840 cite
1941 4784 2166 4840 semitas
2198 4781 2314 4850 ejus
2360 4779 2426 4834 ⁸⁵.
2467 4797 2485 4830 ι
2525 4775 2752 4831 Addidit
2803 4774 2966 4829 etiam
3018 4771 3192 4824 Lucas
3243 4765 3384 4835 quod

1812 4881 2078 4948 reliquum
2107 4885 2225 4934 erat
2252 4871 2552 4945 prophetia:
2587 4886 2601 4925 :
2646 4887 2664 4919 ι
2700 4866 2892 4924 Omnis
2935 4863 3089 4917 vallis
3130 4857 3385 4928 implebi-

1809 4985 1918 5039 tur,
1949 4983 2004 5027 et
2033 4971 2214 5026 omnis
2245 4982 2422 5032 mons,
2444 4977 2498 5020 ct
2529 4966 2684 5022 collis
2704 4960 2957 5016 reddetur
2988 4954 3230 5017 humilis,
3268 4967 3388 5006 vere

1808 5077 2100 5136 tentnrque
2130 5065 2360 5120 distorta
2391 5063 2442 5116 in
2475 5062 2590 5116 vias
2625 5067 2832 5118 rectas,
2861 5061 2916 5106 et
2950 5065 3157 5120 aspera:
3190 5047 3288 5102 via:
3331 5045 3388 5099 in

1808 5164 2016 5232 planas,
2057 5159 2369 5226 videbitque
2416 5152 2592 5209 omnis
2643 5162 2775 5204 caro
2829 5147 3078 5203 salutare
3115 5142 3209 5232 Dei
3243 5138 3287 5171 ⁸⁵
3316 5156 3330 5206 ;
3363 5155 3384 5191 ι

1808 5256 2030 5326 perinde
2079 5262 2240 5321 atque
2276 5251 2509 5308 Marcus,
2558 5261 2678 5298 cum
2722 5241 3080 5309 scripsisset:
3124 5253 3144 5286 ι
3189 5231 3390 5287 ﬂectas

1808 5349 1971 5404 facite
2020 5347 2247 5401 semitas
2291 5341 2429 5411 ejus,
2471 5358 2489 5389 ι
2541 5341 2854 5397 decurtans,
2910 5341 2963 5386 ul
3014 5326 3388 5397 pra-diximus,

1812 5443 1940 5497 illud
1970 5461 1984 5497 :
2021 5459 2038 5492 ι
2081 5441 2277 5494 [iectas
2309 5435 2471 5489 facite
2503 5432 2731 5486 semitas
2763 5429 2856 5485 Dei
2897 5427 3093 5482 nostri.
3137 5442 3155 5475 ι
3191 5423 3244 5474 In
3283 5419 3388 5474 illis

1814 5551 1940 5590 vero
1977 5535 2187 5590 verbis:
2216 5551 2231 5580 ι
2265 5532 2326 5582 Et
2353 5535 2515 5580 erunt
2548 5526 2732 5580 omnia
2755 5521 2974 5592 obliqua
3012 5519 3063 5573 in
3100 5523 3328 5578 rectum,
3364 5532 3383 5564 ι

1816 5643 2001 5688 vocem
2040 5647 2058 5681 ι
2096 5625 2278 5682 omnia
2318 5643 2337 5677 ι
2375 5619 2753 5694 praetermisit,
2809 5614 3042 5686 plurium
3087 5611 3247 5665 etiam
3292 5621 3390 5661 ntr-

3182 5727 3224 5757 ⁸³
3253 5729 3401 5788 ibid.
