3816 6558
403 448 506 502 247
1869 440 2007 499 OB“

2137 440 2192 499 IS
3568 436 3677 493 2&8

406 575 558 618 mero
595 577 613 611 ι
649 566 828 615 rectas
862 580 881 612 ι
929 559 1139 625 dicens,
1165 558 1311 629 quod
1344 577 1363 611 ι
1402 566 1606 614 rectam
1645 578 1671 612 ι
1717 557 1980 630 singulari

2137 574 2184 629 1v
2206 554 2349 620 λέξιν
2371 553 2556 626 ἔθηκε,
2592 553 2729 624 μετά
2750 552 2843 607 τοῦ
2869 553 2991 608 ἀντὶ
3016 551 3198 608 ὲνικοῦ
3229 572 3248 605 ι
3287 552 3369 617 εἰς
3397 551 3621 607 εὐθεῖαν
3653 572 3671 603 ι

407 671 641 713 numero
675 653 880 709 dictum
913 653 1114 710 fuerat.
1166 652 1246 708 Ad
1277 654 1389 708 haec
1421 653 1584 707 etiam
1620 667 1720 720 pro
1750 667 1814 706 eo
1843 651 1984 721 quod

2137 648 2446 720 εποιηκέναι
2487 646 2847 719 πληθυντικὸν
2886 666 2905 699 ι
2942 647 3192 710 εὐθείας·
3248 666 3267 698 ι
3305 647 3428 700 Ἔτι
3478 646 3541 699 δὲ
3583 645 3678 699 καὶ

408 759 493 803 εει
524 766 543 800 ι
584 762 776 817 aspera
805 748 859 801 in
896 746 1208 818 planitiem,
1237 764 1255 797 ι
1289 745 1439 806 fecit,
1485 763 1504 796 ι
1540 753 1594 798 et
1634 759 1841 813 aspera:
1889 744 1987 798 viae

2137 742 2215 796 ντῖ
2241 741 2358 806 τοῦ,
2411 762 2429 792 ι
2480 741 2545 794 Ἠ
2575 741 2802 812 τραχεῖα
2841 741 2923 803 εἰς
2968 738 3187 803 maia,»
3210 738 3455 812 ἐποίησε,
3504 757 3527 790 ι
3568 736 3680 791 Καὶ

410 839 464 891 ἰιι
497 837 731 909 planas;
775 856 793 889 ι
836 851 1075 906 cumque
1102 836 1546 906 praetermisisset
1591 835 1745 901 illud,
1784 854 1801 886 ι
1844 834 1992 890 vide-

2137 838 2147 889 ί
2183 838 2429 909 τραχεῖαι
2461 835 2540 899 εἰς
2579 835 2732 899 ὁδοὺς
2756 832 2932 899 λείας·
2979 852 2999 886 ι
3038 830 3366 904 παραλιπών
3395 848 3475 893 τε,
3520 851 3542 882 ι
3567 830 3682 883 Καὶ

413 927 561 983 bitur
594 928 765 999 gloria
801 927 1039 993 Domini,
1078 945 1098 980 ι
1135 927 1349 982 addidit
1387 927 1666 997 deinceps,
1704 944 1723 979 ι
1757 937 1814 983 et
1839 927 1991 983 vide-

2137 929 2387 1001 ρθήσεται
2433 928 2467 1000 ἡ
2502 927 2631 996 δόξα
2676 928 2908 1000 Κυρίου,
2955 946 2975 981 ι
3019 925 3291 1000 παρέθετο
3326 924 3386 978 τὸ
3428 923 3565 994 ἐξῆς
3597 922 3678 975 τ5·

414 1019 492 1075 bit
525 1021 703 1075 omnis
744 1034 875 1076 caro
926 1019 1167 1074 salutare
1221 1017 1334 1074 Dei'.
1386 1036 1405 1070 ι
1451 1017 1660 1074 Prmter
1708 1018 1810 1074 hoc
1860 1033 1992 1075 vero

2153 1023 2266 1078 Καὶ
2324 1022 2515 1094 ὄψεται
2552 1023 2704 1077 πᾶσα
2734 1020 2873 1093 σὰρξ
2894 1021 2957 1076 τὸ
2984 1022 3251 1093 σωτήριον
3292 1017 3387 1073 τοῦ
3437 1015 3608 1072 Θεοῦ.
3655 1033 3677 1069 ι

412 1113 704 1169 conferunt
751 1116 917 1170 etiam
964 1114 1275 1184 hujusmodi
1323 1114 1740 1171 observationes
1789 1114 1859 1169 ad
1899 1114 1994 1169 de-

2137 1117 2368 1188 χρήσιμοι
2411 1115 2468 1170 δὲ
2506 1117 2563 1170 αἱ
2597 1114 3011 1188 παρατηρήσεις
3055 1113 3193 1186 πρὸς
3229 1109 3510 1179 ἀπόδειξιν
3554 1108 3686 1181 περὶ

416 1209 832 1265 monstrandum
861 1208 1144 1264 decurtata
1172 1206 1340 1264 fuisse
1372 1210 1441 1263 ab
1469 1206 1830 1279 evangelistis
1862 1222 1992 1278 pro-

2137 1208 2188 1262 aﬁ
2214 1209 2604 1282 ἐπιτέμνεσθαι
2640 1209 2775 1273 τοὺς·
2809 1207 3204 1277 εὐαγγελιστάς
3234 1204 3305 1260 τὰ
3339 1202 3682 1276 προφητικά.

415 1301 650 1369 phctica.
684 1302 765 1356 Ad
799 1302 914 1358 hrec
936 1316 1065 1357 vero
1096 1300 1501 1358 observandum
1525 1308 1610 1357 est
1639 1300 1791 1368 illud,
1816 1320 1835 1354 ι
1860 1301 1996 1356 Pru-

2137 1299 2221 1351 Ετι
2244 1299 2300 1353 δὲ
2324 1299 2419 1353 καὶ
2444 1297 2601 1351 τοῦτο
2630 1297 3073 1370 παρατηρητέον,
3095 1298 3177 1351 ὅτι
3204 1295 3276 1349 τὰ
3304 1314 3324 1347 ι
3355 1295 3684 1367 Γεννήματα

414 1394 605 1461 genies
638 1393 973 1464 viperarum,
1004 1414 1023 1447 ι
1052 1401 1245 1466 etquae
1262 1404 1586 1465 sequuntur,
1609 1394 1916 1451 Matthzeum
1948 1395 1995 1427 ⁸⁸

2137 1391 2337 1462 (ιδνῶν,
2372 1410 2388 1442 ι
2424 1389 2521 1445 κοιλ⁵
2558 1389 2629 1445 τά
2669 1389 2815 1461 ἑξῆς,
2844 1392 2872 1444 ὁ
2905 1390 3002 1461 μὲν
3041 1387 3320 1453 Ματθαῖος
3356 1390 3472 1451 τοῖς
3518 1388 3686 1459 Φαρι-

418 1487 581 1558 128
628 1501 878 1552 narrare,
932 1486 1136 1542 dietum
1191 1486 1363 1542 fuisse
1410 1487 1701 1543 Pharisreis
1748 1495 1804 1543 et
1853 1488 1996 1544 Sad-

2137 1487 2269 1551 αίοις
2294 1486 2389 1540 καὶ
2416 1485 2795 1546 Σαδδουκαίοις
2835 1484 3153 1556 ἐρχομένοις
3185 1485 3281 1538 ἐπὶ
3306 1484 3367 1538 τὸ
3396 1482 3688 1554 βάπτισμα

413 1574 616 1633 ducacis
637 1577 1060 1633 adventantibus
1088 1576 1153 1630 ad
1175 1576 1534 1645 baptismum,
1587 1577 1822 1634 diversis
1850 1577 1997 1633 exsi-

2137 1578 2349 1651 ἰρῆσθαί
2390 1595 2577 1652 φησιν,
2630 1578 2840 1651 ἑτέροις
2878 1572 3031 1632 οὖσιν
3074 1576 3227 1649 παρὰ
3261 1578 3388 1641 τοὺς
3430 1575 3688 1647 ἐξομολο-

413 1672 687 1728 alentibus
723 1671 792 1726 ab
838 1673 922 1728 his
959 1672 1051 1741 qui
1080 1673 1486 1728 conlitebantur
1510 1680 1735 1741 peccata
1787 1685 1907 1736 sua,
1943 1680 1999 1727 et

2137 1672 2401 1744 ουμένους
2428 1671 2528 1736 τὰς
2556 1670 2833 1744 ἁμαρτίας
2874 1669 3075 1735 αὐτῶν,
3114 1670 3209 1725 καὶ
3244 1671 3409 1743 μηδὲν
3442 1669 3688 1724 τοιοῦτον

416 1765 549 1820 nihil
578 1764 683 1819 tale
706 1764 1039 1831 audiebant;
1069 1761 1272 1822 Lucam
1312 1780 1443 1820 vero
1494 1764 1566 1830 δ’,
1593 1765 1998 1835 egredientibus

2137 1764 2416 1829 κούοντας·
2460 1766 2489 1818 ό
2511 1763 2568 1818 δὲ
2604 1765 2819 1828 Λουκᾶς
2860 1766 2972 1827 τοῖς
3006 1762 3465 1835 ἐκπορευομένοις
3512 1762 3689 1832 ὄχλοις

419 1856 619 1919 turbis,
657 1866 713 1909 ut
750 1856 1157 1928 baptizarentur
1186 1858 1254 1911 ab
1283 1856 1424 1926 ipso,
1456 1856 1573 1911 haec
1603 1855 1749 1910 dicta
1806 1856 1994 1922 fuisse,

2138 1854 2467 1927 απτισθῆναι
2508 1856 2600 1907 ὑπ’
2647 1853 2814 1908 αὑτοῦ
2860 1853 3010 1909 ταῦτ’
3057 1852 3309 1926 εἰρῆσθαι
3351 1854 3689 1926 ἀναγράφει,

420 1962 527 2000 non
559 1924 848 2002 facientem
878 1947 1013 2003 duos
1043 1947 1263 2003 ordines
1294 1924 1485 2003 eorum
1522 1947 1616 2018 qui
1648 1948 2000 2017 baptizaban-

2137 1949 2160 2001 ὑ
2199 1924 2431 2021 ποιήσας
2458 1945 2553 2000 δύο
2583 1947 2841 2019 τάγματα
2888 1924 3321 2018 βαπτιζο-μένων,
3356 1924 3515 2018 ὅπερ
3543 1945 3693 2018 παρά

419 2051 532 2107 tur,
588 2041 731 2110 quod
789 2039 928 2109 apud
989 2041 1300 2095 Matthazum
1342 2041 1676 2096 iuveuinms.
1719 2040 1825 2097 Sed
1877 2042 1999 2112 jure

2137 2042 2177 2114 ᾦ
2209 2040 2471 2111 Ματθαίῳ
2501 2039 2757 2113 εὕρομεν.
2791 2042 3032 2105 Εἰκότως
3067 2040 3124 2093 δὲ
3154 2041 3247 2094 καὶ
3271 2031 3451 2103 οὗτος,
3482 2040 3614 2092 ἐπεὶ
3645 2039 3693 2091 οἱ

420 2131 705 2188 Μειιιιιαιιιε
758 2132 803 2165 ⁸⁸
846 2132 1140 2204 Baptistam
1195 2134 1407 2191 inducit
1456 2132 1728 2189 dicentem
1775 2135 1996 2190 turbis:

2137 2134 2245 2205 χλοι
2266 2134 2365 2187 οὐκ
2389 2134 2447 2186 ἐν
2473 2132 2678 2204 ἐπαίνῳ
2698 2134 3009 2197 τάσσονται,
3032 2130 3107 2196 ὡς
3125 2134 3236 2196 τοῖς
3257 2130 3488 2203 τηροῦσι
3524 2130 3695 2199 σαφὲς

422 2244 442 2277 ι
518 2224 816 2297 Progenies
878 2230 1212 2300 viperarum,
1270 2247 1289 2281 ι
1356 2237 1410 2284 et
1466 2243 1590 2298 quae
1655 2238 1996 2298 sequuntur,

2137 2243 2253 2279 σται
2278 2266 2291 2291 ,
2324 2227 2436 2283 τοῖς
2456 2224 2634 2295 ὄχλοις
2657 2224 2868 2294 εἰσάγει
2889 2224 3118 2293 λέγοντα
3147 2223 3239 2278 τὸν
3265 2221 3588 2293 Βαπτιστὴν
3613 2222 3690 2276 τό·

421 2319 647 2388 quando
675 2319 843 2375 turbae
878 2321 931 2375 iu
964 2324 1161 2377 bonam
1194 2328 1406 2397 partem
1457 2335 1563 2376 non
1602 2328 1913 2387 sumuntur,
1942 2330 2002 2375 ut

2163 2318 2483 2390 Γεννήματα
2531 2316 2774 2388 ἐχιδνῶν,
2817 2337 2835 2368 ι
2869 2317 2963 2370 καὶ
2998 2314 3067 2369 τά
3104 2315 3252 2387 ἑξῆς.
3295 2316 3418 2369 Ἐτι
3458 2314 3520 2368 δὲ
3558 2315 3692 2388 πρὸς

420 2410 844 2468 observantibus
873 2414 1219 2484 perspicuum
1246 2414 1370 2469 erit.
1406 2412 1703 2469 Pharisaeis
1736 2423 1999 2483 praeterea

2137 2412 2206 2465 ,ἐν
2231 2413 2357 2475 τοὺς
2381 2410 2729 2483 Φαρισαίους,
2766 2410 2863 2464 καῖ
2889 2408 3299 2474 Σαδδουκαίους,
3345 2414 3670 2482 ιποιήσταε,

418 2514 475 2558 et
507 2502 825 2562 Sadducaais
854 2520 1081 2562 numero
1103 2505 1370 2577 singulari
1401 2506 1605 2563 dictum
1623 2518 1707 2562 εει
1731 2507 1776 2540 ⁸⁸
1806 2524 1864 2563 ιι
1894 2507 2002 2564 Fa-

2137 2506 2314 2578 ῐρηται
2357 2502 2574 2569 ἑνικῶς,
2609 2524 2629 2556 ι
2658 2502 2872 2578 καρπὸν
2896 2502 3045 2569 ἄξιον
3083 2503 3186 2575 τῆς
3211 2502 3506 2576 μετανοίας
3528 2503 3694 2574 (ἰὸν)

420 2596 530 2652 cite
564 2596 804 2652 fructum
837 2598 1059 2668 dignum
1095 2597 1453 2668 paenitentia;
1488 2616 1507 2650 ι
1544 2598 1720 2654 turbis
1745 2612 1876 2653 vero
1904 2614 2004 2652 uu-

2137 2600 2241 2674 πρὸς
2268 2601 2326 2654 δὲ
2353 2601 2481 2665 τοὺς
2509 2600 2699 2672 ὖχλους
2730 2598 3135 2671 πληθυντικῶς,
3177 2618 3197 2651 ι
3229 2597 3416 2666 ἀξίους
3444 2595 3699 2667 καρποὺς

422 2701 575 2744 mero
602 2689 861 2760 plurium,
892 2709 910 2742 ι
939 2689 1147 2747 fructus
1167 2689 1360 2761 dignos
1386 2690 1792 2761 pmnitentia".
1823 2713 1842 2744 ι
1872 2691 2006 2746 For-

2137 2695 2201 2766 ἧς
2231 2692 2540 2765 μετανοίας.
2565 2713 2583 2744 ι
2609 2692 2762 2763 Τάχα
2785 2694 2895 2765 γάρ
2922 2692 2971 2746 οἰ
2993 2692 3090 2763 μὲν
3117 2691 3401 2763 Φαρισαῖοι
3432 2687 3532 2741 τὸν
3558 2684 3698 2750 ἐξαξ-

425 2782 590 2838 tassis
637 2784 787 2838 enim
826 2785 1038 2838 fructus
1072 2783 1408 2854 poenitentiae
1463 2784 1698 2839 eximius
1732 2799 1763 2839 a
1807 2783 2005 2840 Phari-

2137 2804 2261 2840 πετον
2295 2782 2652 2839 ἀπαιτοῦνται
2684 2784 2895 2858 καρπὸν
2926 2783 3216 2851 μετανοίας
3245 2783 3347 2835 οὐκ
3371 2780 3541 2834 ἄλλον
3572 2779 3699 2862 ὂντα

424 2875 549 2930 saais
578 2875 836 2947 exigitur,
869 2878 960 2947 qui
997 2893 1102 2932 non
1128 2876 1267 2932 alius
1301 2887 1385 2932 est
1420 2892 1581 2946 quam
1604 2876 1763 2933 lusus
1790 2887 1845 2933 et
1873 2877 2005 2934 ﬁdes

2137 2878 2199 2932 οῦ
2236 2878 2391 2943 Υἰοῦ,
2429 2879 2522 2932 καὶ
2569 2877 2669 2948 τῆς
2701 2878 2781 2941 εἰς
2824 2877 2988 2931 αὑτὸν
3031 2877 3299 2939 πίστεως·
3339 2875 3389 2927 οἰ
3423 2873 3484 2926 δὲ
3530 2871 3699 2942 ὀχλοι,

419 2981 552 3039 erga
592 2968 766 3039 ipsum
799 2986 812 3034 ;
843 2985 874 3024 a
906 2970 1081 3026 turbis
1105 2978 1309 3037 autem,
1342 2983 1516 3039 neque
1549 2969 1877 3039 principium
1911 2971 2006 3025 ho-

2137 2970 2227 3024 ὺδὲ
2269 2970 2446 3042 ἀρχὴν
2496 2968 2713 3040 ἔχοντες
2764 2967 3006 3037 ἀγαθῶν,
3059 2967 3270 3030 πάντας
3324 2962 3693 3019 ἀπαιτοῦνται

425 3076 618 3115 norum
668 3061 1014 3126 habentibus,
1064 3077 1258 3118 omnes
1322 3061 1617 3133 exiguntur
1668 3062 2006 3132 ptenitentiac

2137 3061 2232 3124 οὺς
2255 3062 2503 3133 καρποὺς
2534 3060 2635 3131 τῆς
2671 3059 2978 3123 μετανοίας·
3020 3057 3211 3129 διόπερ
3238 3057 3377 3129 πρὸς
3402 3056 3615 3119 αὐτοὺς
3637 3054 3695 3108 τὸ

426 3151 660 3206 fructus.
709 3151 1077 3217 Quamobrem
1124 3151 1359 3221 plurium
1410 3166 1685 3207 numero:
1740 3171 1760 3205 ι
1797 3153 2004 3207 fructus

2137 3153 2465 3226 πληθυντικὸν
2518 3151 2771 3225 εἰρῆσθαι
2824 3150 2957 3223 (26).
2994 3150 3227 3220 Λέγεται
3291 3149 3429 3220 πρὸς
3488 3147 3700 3208 τούτος

423 3243 612 3310 facile,
653 3261 673 3296 ι
707 3243 845 3299 dixit
897 3244 1030 3313 ipsis
1082 3244 1347 3312 Baptista.
1401 3245 1536 3301 Illud
1586 3246 1754 3302 etiam
1808 3258 2005 3317 prmter

2137 3252 2220 3314 οἱς
2274 3247 2609 3320 Φαρισαίοις·
2669 3265 2689 3298 ι
2733 3245 2824 3317 Μὴ
2872 3245 3065 3318 δόξητε
3116 3244 3295 3315 λέγειν
3337 3245 3397 3297 ἐν
3442 3243 3696 3304 ἑαυτοῖς·

425 3337 542 3391 lucc
574 3334 867 3391 Phariszcis
896 3337 1097 3391 dicitur
1122 3338 1167 3368 “
1197 3355 1211 3392 :
1251 3357 1270 3389 ι
1318 3337 1394 3393 Ne
1422 3338 1674 3409 cogitetis
1711 3340 1852 3409 apud
1886 3354 2007 3393 vos-

2137 3344 2332 3416 Ιατέρα
2354 3342 2550 3413 ἔχομεν
2578 3340 2670 3394 τὸν
2718 3338 2992 3413 Ἀϐραάμ.
3020 3357 3039 3391 ι
3070 3339 3132 3392 Ol
3157 3338 3257 3409 μὲν
3285 3335 3392 3409 γάρ
3417 3334 3582 3407 ὄχλοι
3609 3332 3701 3388 νῦν

428 3428 691 3498 metipsos
734 3428 918 3485 dicere
961 3447 976 3483 :
1033 3429 1246 3485 Patrem
1306 3430 1570 3488 habemus
1618 3431 1920 3487 Abraham.
1986 3453 2005 3485 ι

2137 3436 2286 3509 ιρχὴν
2335 3435 2538 3507 ἔχουσι,
2582 3432 2867 3497 δοκοῦντες
2913 3431 3231 3502 εἰσάγεσθαι
3279 3432 3357 3494 εἰς
3407 3430 3507 3481 τὸν
3562 3428 3703 3481 θεῶν

429 3518 586 3593 [(27)
616 3520 767 3576 Multi
787 3522 931 3577 enim
963 3539 1107 3578 nunc
1137 3525 1465 3595 principium
1496 3526 1726 3591 habent,
1755 3535 2011 3595 putantes

429 3630 487 3669 se
517 3613 583 3668 ad
611 3612 856 3668 divinum
886 3616 1110 3670 verbum
1138 3618 1431 3685 introduci,
1450 3627 1507 3672 ut
1535 3619 1800 3673 accedant
1823 3618 1890 3672 ad
1920 3634 2011 3674 ve-

431 3705 669 3760 ritatem.
722 3703 914 3776 Itaque
950 3707 1137 3763 dicere
1184 3721 1371 3764 secum
1412 3709 1465 3763 in
1504 3709 1689 3764 animo
1725 3709 2011 3781 incipiunt,

436 3812 457 3847 ι
486 3794 703 3853 Patrem
734 3797 1000 3855 habemus
1032 3798 1329 3854 Abraham.
1364 3818 1383 3852 ι
1410 3799 1431 3874 ]
1466 3799 1719 3856 Pharismi
1744 3816 1876 3857 vero
1905 3817 2011 3859 non

432 3889 716 3961 incipiunt,
773 3892 868 3947 sed
919 3891 1091 3946 multo
1143 3901 1271 3946 ante
1320 3891 1423 3948 hoc
1470 3895 1738 3963 cogitant.
1785 3891 2014 3965 Utrique

431 3993 615 4039 tamen
642 3983 932 4055 praedictos
957 3984 1165 4055 lapides
1194 3993 1447 4040 ostensos
1473 3986 1722 4052 audiunt,
1753 3987 1913 4057 quasi
1944 4002 2013 4044 ex

432 4074 518 4129 his
548 4077 802 4131 suscitari
829 4085 1057 4148 possent
1086 4076 1242 4131 liberi
1278 4075 1514 4131 Abrahae
1549 4077 1651 4148 ipsi
1678 4078 1748 4145 ”,
1776 4080 2012 4135 suscita—

431 4179 586 4223 turos
617 4170 684 4222 ab
718 4170 1135 4224 insensibilitate
1177 4180 1231 4225 et
1277 4170 1722 4225 mortiﬁcationc.
1770 4170 2011 4226 Observa

432 4265 615 4313 autem
665 4259 953 4316 Pharismis
979 4261 1151 4333 (juxta
1198 4262 1247 4315 id
1281 4262 1429 4330 quod
1479 4261 1686 4316 dictum
1725 4262 1824 4317 fuit
1872 4265 2012 4333 apud

434 4353 753 4420 prophetam
781 4352 828 4386 ”
864 4371 878 4406 :
921 4372 938 4404 ι
980 4355 1308 4410 Cometlistis
1341 4355 1575 4410 fructum
1610 4357 1925 4410 mendacem
1951 4375 1970 4409 ι
1991 4357 2012 4429 )

437 4445 760 4501 habentibus
785 4444 1018 4500 fructum
1049 4448 1364 4503 mendacem
1396 4447 1503 4503 dici
1531 4469 1541 4504 :
1571 4466 1590 4499 ι
1624 4447 1817 4504 Omnis
1850 4448 2016 4519 igitur

433 4539 600 4594 arbor
623 4554 730 4593 non
764 4537 970 4593 faciens
995 4538 1233 4594 fructum
1264 4543 1464 4595 bonum
1490 4541 1833 4597 exscintlitur
1858 4539 2012 4613 [(29)

2113 3529 2267 3599 λόγον
2307 3527 2400 3581 τοῦ
2445 3527 2731 3599 προσιέναι
2777 3529 2843 3599 τῇ
2886 3524 3137 3596 ἀληθείᾳ.
3191 3522 3390 3591 Διόπερ
3434 3519 3701 3592 ἄρχονται

2113 3623 2292 3693 λέγειν
2319 3624 2377 3676 ἐν
2411 3622 2644 3687 ἑαυτοῖς,
2668 3642 2685 3673 ι
2712 3620 2931 3692 Πατέρα
2950 3619 3146 3690 ἔχομεν
3179 3617 3269 3671 τὸν
3299 3615 3581 3687 Ἀϐραάμ·
3610 3632 3629 3664 ι
3654 3613 3702 3666 οἱ

2112 3713 2169 3767 δὲ
2204 3715 2484 3785 Φαρισαῖοι
2523 3714 2624 3766 οὐκ
2657 3712 2934 3783 ἄρχονται,
2976 3708 3111 3763 ἀλλά
3155 3707 3263 3779 πρὸ
3297 3702 3499 3758 πολλοῦ
3544 3701 3703 3756 τοῦτο

2113 3804 2414 3871 δοξάζουσι.
2442 3802 2590 3876 Πλὴν
2624 3804 2877 3875 ἑκάτεροι
2908 3801 3036 3865 τοὺς
3056 3798 3488 3871 προειρημένους
3520 3794 3703 3857 λίθους

2111 3898 2490 3969 δεικνυμένους
2515 3897 2827 3976 ἀκούουσιν,
2853 3897 2930 3960 ὼς
2961 3898 3026 3950 ἐκ
3057 3893 3260 3948 τούτων
3291 3890 3401 3964 (Ξ8)
3432 3890 3699 3946 δύνασθαι

2114 3991 2407 4063 ἐγερθῆναι
2448 3990 2616 4045 τέκνα
2647 3989 2727 4061 τῷ
2765 3988 3038 4061 Ἀϐραὰμ,
3071 3986 3179 4040 ἀπὸ
3200 3986 3302 4056 τῆς
3338 3984 3701 4053 ἀναισθησίας

2114 4083 2208 4137 καὶ
2238 4083 2564 4154 νεκρότητος
2605 4081 3102 4154 ἀναστησομένοιις.
3145 4078 3462 4151 Παρατήρει
3497 4078 3583 4139 δὲ,
3617 4078 3701 4132 δτι

2115 4177 2226 4239 τοίς
2264 4174 2360 4246 μὲν
2391 4173 2707 4245 Φαρισαίοις
2739 4171 2904 4243 (κατά
2934 4171 2996 4225 τὸ
3040 4170 3329 4243 εἰρημένον
3374 4170 3432 4222 ἐν
3463 4168 3552 4239 τῷ
3581 4184 3702 4238 προι

2116 4267 2293 4337 φήτῃ·
2336 4286 2354 4316 ι
2403 4266 2666 4335 Ἑφάγετε
2699 4264 2910 4335 καρπὸν
2939 4262 3198 4334 ψευδῆἰ)
3230 4261 3412 4331 ἔχουσι
3446 4260 3552 4330 μὲν
3578 4276 3703 4331 ἀρ’

2117 4360 2216 4412 πὸν
2242 4358 2413 4429 ψευδῆ
2441 4358 2680 4427 λέγεται·
2717 4377 2735 4408 ι
2764 4358 2879 4410 Πᾶν
2901 4352 2994 4410 οὖν
3024 4354 3238 4426 δένδρον
3265 4354 3338 4427 μὴ
3357 4352 3555 4407 ποιοῦν
3578 4368 3704 4424 καρ-

2115 4452 2215 4506 πὸν
2237 4451 2396 4505 καλὸν
2414 4451 2761 4511 ἐκκόπτεται,
2779 4450 2874 4503 καὶ
2894 4451 2974 4512 εἰς
2995 4447 3106 4519 πῦρ
3123 4446 3393 4517 βάλλεται·
3408 4447 3552 4508 »τοῖς
3568 4444 3701 4506 ὅλως

2114 4546 2172 4599 δὲ
2212 4545 2392 4617 ὄχλοις
2423 4544 2545 4599 οὐδὲ
2596 4540 3007 4615 καρποφοροῦσι
3047 4539 3130 4604 τὸ,
3169 4559 3187 4591 ι
3226 4540 3342 4592 Πᾶν
3365 4532 3457 4591 οὖν
3483 4536 3701 4607 δένδρον

432 4639 488 4686 et
538 4630 593 4685 in
644 4629 821 4701 ignem
868 4631 1144 4686 mittitur:
1184 4651 1205 4685 ι
1245 4633 1422 4689 turbis
1470 4643 1651 4689 autem
1693 4649 1815 4704 quae
1865 4634 2007 4689 nullo

2137 4638 2194 4711 ιὴ
2216 4638 2401 4692 ποιοῦν
2428 4636 2641 4710 καρπὸν
2670 4634 3019 4689 ἐκκόπτεται.
3051 4653 3068 4685 ι
3100 4633 3173 4686 Τὸ
3197 4632 3296 4704 μὲν
3321 4630 3431 4704 γὰρ
3465 4631 3544 4701 μὴ
3580 4629 3700 4700 ἕχον

435 4727 596 4782 modo
647 4723 886 4781 fructum
941 4724 1176 4782 ferunt:
1218 4744 1237 4776 ι
1282 4723 1472 4781 Omnis
1514 4742 1645 4798 ergo
1689 4728 1853 4783 arbor
1906 4743 2012 4782 non

436 4822 643 4879 faciens
688 4821 948 4886 fructum,
1003 4819 1287 4875 cxcidetur
1335 4820 1401 4873 ".
1451 4837 1470 4871 ι
1500 4818 1525 4892 1
1555 4818 1610 4873 ld
1650 4820 1817 4886 enim,
1866 4820 2013 4890 quod

436 4917 674 4972 fructum
707 4932 813 4970 non
847 4915 1031 4980 habet,
1064 4929 1133 4970 ne
1163 4914 1365 4968 bonum
1394 4912 1610 4983 quidem
1644 4912 1880 4968 fructum
1917 4912 2014 4966 ha-

437 5009 526 5062 bet
551 5024 566 5074 ;
596 5009 949 5078 quamobrem
976 5007 1198 5079 dignum
1229 5017 1315 5062 est
1344 5016 1403 5061 ut
1445 5004 1799 5060 exsciudatur
1827 5022 1842 5059 :
1868 5005 2013 5074 quod

435 5106 617 5152 autem
656 5098 887 5155 h-uctum
917 5100 1107 5166 habet,
1148 5099 1202 5155 id
1254 5114 1360 5155 non
1397 5097 1622 5152 omnino
1652 5096 1888 5151 fructum
1917 5098 2016 5152 bo-

439 5206 567 5245 num
600 5190 807 5257 habet;
842 5208 1015 5263 quare
1055 5174 1176 5264 iure
1215 5204 1271 5250 et
1304 5194 1484 5265 ipsum
1533 5206 1563 5246 a
1606 5190 1784 5246 securi
1819 5191 2012 5261 dejici-

439 5292 548 5337 tur.
604 5282 870 5337 Caeterum
930 5287 978 5340 si
1030 5286 1346 5342 accuratius
1393 5282 1836 5353 exquisierimus,
1891 5282 2011 5337 ﬁeri

2120 4730 2329 4803 καρπὸν
2371 4729 2493 4783 οὐδὲ
2531 4728 2697 4782 καλὸν
2734 4727 2848 4799 ἔχει
2914 4725 3125 4797 καρπόν
3149 4742 3164 4755 ·
3217 4724 3406 4796 διόπερ
3454 4722 3699 4791 ἐκκοπῆς

2116 4828 2263 4878 ἐστιν
2294 4823 2464 4892 ἄξιον·
2482 4824 2544 4877 τὸ
2573 4820 2636 4879 δὲ
2659 4823 2780 4894 ἕχον
2810 4823 3041 4893 καρπὸν,
3064 4822 3126 4875 οὐ
3156 4820 3372 4884 πάντως
3398 4819 3565 4873 καλὸν
3590 4818 3700 4890 ἔχει

2118 4916 2353 4987 καρπὸν,
2394 4915 2585 4987 διόπερ
2627 4915 2723 4968 καὶ
2760 4913 2925 4977 αὐτὸς
2968 4912 3205 4981 εὐλόγως
3239 4910 3344 4964 ὑπὸ
3372 4910 3470 4981 τῆς
3509 4909 3699 4981 άξίνης

2119 5007 2537 5062 καταϐάλλεται.
2605 5005 2731 5060 Ἐάν
2773 5006 2831 5060 δὲ
2872 5004 3263 5078 ἀκριϐέστερον
3312 5003 3700 5075 ἐρευνήσωμεν

2121 5100 2190 5154 τά
2231 5102 2359 5173 περὶ
2400 5101 2525 5164 τοὺς
2554 5101 2819 5172 καρποὺς,
2855 5099 3179 5171 εὑρήσομεν,
3215 5098 3298 5150 ὅτι
3326 5097 3614 5167 ἀμήχανον
3642 5094 3701 5149 τὸ

2122 5194 2241 5265 ἄρτι
2294 5194 2388 5248 τοῦ
2429 5191 2794 5266 γεωργεῖσθαι
2833 5192 3157 5263 ἀρχόμενον,
3211 5188 3313 5244 κᾶν
3352 5190 3699 5261 καρποφορῇ,

2121 5289 2246 5353 τοὺς
2279 5288 2529 5360 πρώτους
2570 5290 2815 5356 ἐνεγκεῖν
2841 5286 3089 5359 καρποὺς
3130 5284 3345 5348 καλούς.
3391 5284 3609 5354 Ἀγαπᾷ
3643 5282 3699 5336 δὲ

503 5378 550 5453 ’ξ
592 5379 901 5453 Malunt",
934 5382 994 5453 _7_.
1072 5382 1116 5417 ’τ
1142 5382 1275 5439 Luc.
1308 5398 1391 5449 ιιι,
1417 5382 1480 5453 7.
1532 5380 1598 5453 -θδ
1637 5378 1945 5453 Matth._m,
1972 5380 2002 5432 7

2137 5384 2145 5413 ’
2184 5386 2315 5441 ibid.
2346 5387 2400 5441 8.
2479 5385 2524 5418 ⁹⁰
2546 5383 2679 5441 Luc.
2709 5399 2789 5453 tu,
2814 5382 2868 5439 8.
2916 5382 2985 5416 ·⁹¹
3010 5381 3200 5436 Matth.
3222 5394 3307 5445 ltl,
3334 5380 3391 5435 9.
3484 5379 3531 5412 ⁸³
3564 5376 3693 5432 ibid.

437 5449 484 5483 ”
509 5448 633 5505 Ose.
678 5467 734 5513 x,
781 5451 890 5519 l5;
933 5450 1117 5507 Matth.
1170 5448 1381 5520 "1,10.
1443 5451 1492 5484 ³⁸
1529 5451 1661 5506 Luc.
1706 5466 1789 5517 ιιι,
1826 5449 1879 5505 9.

533 5543 623 5612 25)
651 5542 891 5615 Εἴρηται
910 5543 1145 5611 ἑνικῶς,
1177 5546 1411 5615 καρπὸν
1468 5544 1640 5611 ἄξιον
1671 5542 1782 5612 τῆς
1836 5560 2013 5613 μετα-

534 5565 623 5612 w)
651 5565 891 5611 ωρηται
910 5565 1145 5611 ενικως,
1177 5565 1411 5615 καρπον
1468 5565 1640 5611 actor
1671 5565 1782 5612 της
1836 5565 2013 5613 μετα-

435 5565 626 5686 roiag.
655 5615 711 5668 ld
743 5614 1110 5683 praeferebant
1138 5618 1354 5686 codices
1403 5633 1593 5672 omnes
1633 5618 1829 5686 quibus
1884 5629 2014 5669 usus

436 5699 521 5757 est
562 5684 699 5757 Roh.
752 5686 1091 5754 Stephanus,
1138 5698 1194 5741 ct
1235 5685 1488 5757 Vulgata,
1548 5695 1603 5739 et
1650 5684 1909 5749 Arabica,
1958 5693 2015 5739 et

439 5754 771 5823 Ethioriica,
799 5766 852 5810 et
880 5757 1113 5812 Persica.
1152 5758 1222 5811 At
1264 5754 1487 5827 Syriaca
1521 5772 1802 5827 numerum
1834 5761 2012 5825 plura-

440 5833 544 5882 lcm
581 5837 786 5881 servat.
822 5828 973 5893 Quod
1007 5828 1081 5881 ait
1103 5838 1283 5882 autem
1317 5827 1599 5881 Ferrarius
1626 5826 1845 5894 Origcui
1878 5844 2011 5881 con-

440 5899 646 5952 sentire
674 5898 1120 5969 Chrysostomum
1149 5909 1203 5953 et
1250 5899 1737 5969 Theophylactum,
1776 5899 1826 5953 id
1884 5914 2011 5952 nus-

442 5985 601 6038 quam
633 5968 863 6039 reperio.
903 5968 1164 6025 IIUEIIUS.

2191 5546 2304 5621 (26)
2332 5541 2977 5621 gipﬁO'Oat._Legendttm
3005 5539 3240 5619 εἴρηται.

2193 5603 2484 5690 (27311520;
2531 5633 2559 5671 a
2624 5603 2874 5690 Ferr'ario
2936 5603 3324 5682 przct'ermissa,
3375 5622 3406 5663 e
3457 5603 3695 5663 Pcrionii

2129 5685 2575 5761 interpretatione
2597 5685 2985 5761 supplevimus.
3068 5753 3080 5761 _
3257 5750 3291 5761 η
3410 5748 3445 5761 ἢ
3505 5748 3535 5761 __
3579 5749 3590 5759 ,

2196 5748 2309 5830 (28)
2348 5760 2440 5825 Ὠς
2485 5758 2555 5830 ἐκ
2587 5748 2831 5830 roditur.
2882 5753 3007 5830 llajc
3065 5753 3121 5830 i_n
3173 5750 3360 5830 codice
3410 5748 3697 5805 Bodleiano

2127 5823 2520 5903 legumini-{scd
2553 5830 2755 5903 desunt
2778 5827 2828 5879 ιιι
2858 5824 3045 5879 codice
3063 5823 3249 5903 Regio.
3310 5892 3321 5902 .

2198 5902 2309 5974 (‘29)
2342 5901 2599 5972 Supplcta
2630 5900 2744 5953 haec
2765 5910 2980 5968 quoque
3015 5909 3079 5949 ex
3108 5895 3379 5948 I’ct‘ioniu.
