3866 6530
546 427 645 484 25!

2031 425 2355 484 ORlGENlS
3704 431 3793 485 252

549 541 723 610 regio,
763 551 815 597 et
860 541 1297 615 llierosolymitae
1341 558 1553 610 omnes,
1601 553 1656 600 et
1707 543 2121 615 baptizabantur

2239 541 2341 603 πίας
2369 540 2567 594 αὐτῶν·
2598 560 2614 591 ι
2637 539 2774 595 Οὔτε
2799 541 2982 613 μέντοι
3005 542 3283 608 Ματθαῖος
3325 545 3450 606 τοὺς
3476 544 3796 614 Φαρισαίους

549 635 618 687 ab
653 633 768 704 ipso
795 634 848 688 in
875 633 1114 690 Jordane
1143 633 1331 701 ﬂuvio,
1362 637 1690 692 conﬁtentes
1708 645 1930 704 peccata
1953 649 2070 688 sua.
2095 651 2114 685 ι

548 727 817 780 Cancrum
839 741 1013 798 neque
1037 726 1326 784 Matthaans
1351 727 1658 784 Phariszeos
1689 739 1742 783 et
1773 727 2119 792 Sadducmos,

547 819 746 888 quibus
780 821 1021 876 dicitur:
1074 841 1095 876 ι
1129 822 1425 895 Progenies
1459 823 1766 892 viperarum
1805 823 1848 886 ³,
1886 840 1906 872 ι
1947 836 2124 889 neque

549 907 725 966 Lucas
757 913 943 967 turbas
965 914 1212 967 eamdem
1249 912 1676 984 increpationeut
1710 912 1928 967 audisse
1959 911 2121 967 indu-

545 1011 680 1057 cunt
709 1005 1029 1061 conﬁtentes
1053 1014 1279 1075 peccata
1309 1020 1430 1060 sua.
1465 1004 1600 1058 lllnd
1627 1019 1758 1060 vero
1785 1004 2125 1058 dubitatione

545 1094 770 1167 dignum
804 1107 911 1162 est,
941 1098 1236 1168 quomodo,
1279 1113 1402 1152 cum
1437 1106 1544 1153 tota
1584 1095 2123 1166 llicrosolymitarum

548 1191 704 1255 urbs,
737 1202 790 1244 et
826 1200 935 1244 tota
967 1191 1175 1254 Judaza,
1211 1197 1266 1244 et
1296 1199 1404 1244 tota
1436 1189 1583 1259 regio
1623 1188 1846 1244 Jordani
1898 1189 2124 1242 linitima

550 1282 968 1353 baptizareutur
999 1285 1052 1338 in
1079 1283 1322 1339 Iordane
1345 1299 1373 1336 a
1400 1283 1631 1347 Joanne,
1662 1281 1924 1336 Servator
1943 1281 2124 1334 dicat:

553 1393 572 1424 ε
620 1375 779 1431 Venit
809 1375 1049 1431 Joannes
1086 1375 1330 1445 Baptista
1363 1390 1536 1444 neque
1569 1374 1923 1436 manducaus,
1954 1388 2128 1442 neque

549 1465 758 1532 bibens,
807 1477 859 1520 et
889 1466 1105 1521 dicitis:
1143 1466 1478 1520 Dzemoniuut
1511 1467 1675 1522 habet
1706 1465 1769 1531 ‘;
1803 1484 1820 1516 ι
1857 1475 1910 1519 et
1962 1467 2129 1520 inter‘

547 1557 910 1630 rogantibus:
947 1577 967 1610 ι
1001 1559 1054 1612 lu
1086 1574 1191 1627 qua
1227 1569 1498 1628 potestate
1537 1559 1652 1613 [nec
1701 1559 1836 1615 lacis
1863 1559 1935 1613 ’Ἰ
1973 1577 1992 1611 ι
2046 1559 2130 1614 di-

547 1653 660 1707 cit:
711 1672 730 1705 ι
765 1651 1116 1724 [interrogabo
1145 1663 1199 1707 et
1231 1670 1331 1724 ego
1351 1669 1446 1709 vos
1483 1671 1649 1710 unum
1681 1655 1908 1709 verbum
1937 1671 1951 1718 ;
1982 1653 2128 1724 quod

549 1743 593 1794 si
641 1743 890 1798 dixeritis
938 1744 1093 1811 mihi,
1143 1743 1319 1798 dicam
1357 1746 1524 1799 etiam
1570 1759 1672 1816 ego
1716 1745 1890 1808 vobis,
1930 1744 1983 1798 in
2023 1758 2127 1814 qua

2224 637 2316 688 καὶ
2335 636 2738 703 Σαδδουκαίους,
2768 639 2903 710 πρὸς
2924 637 3017 702 οὒς
3041 637 3282 706 λέγεται,
3307 657 3324 688 ι
3349 639 3677 708 Γεννήματα
3695 637 3798 709 ἐχι-

2221 728 2378 792 δνῶν,
2414 749 2432 780 ι
2459 728 2580 782 οὔτε
2604 731 2816 794 Λουκᾶς
2843 731 2967 794 τοὺς
2983 730 3174 801 ὄχλους
3200 731 3299 802 τὴν
3321 731 3495 802 αὐτὴν
3522 729 3798 801 ἐπίπληξιν

2224 821 2522 884 ἀκούοντας
2545 820 2844 889 εἰσάγουσι,
2869 820 3390 892 ἐξομολογουμένους
3413 820 3516 885 τὰς
3539 821 3799 895 ἁμαρτίας

2225 913 2426 967 αὐτῶν.
2466 913 2651 981 ’Ἄξιον
2681 915 2738 968 δέ
2783 915 3134 986 ἐπαπορῆσαι
3179 913 3318 978 πῶς,
3350 915 3535 986 πάσης
3563 915 3666 985 τῆς
3714 915 3797 968 Ἰε-

2230 1006 2595 1079 ροσολυμιτῶν
2642 1008 2870 1072 πόλεως,
2900 1008 2995 1060 καὶ
3037 1008 3219 1078 πάσης
3254 1008 3354 1077 τῆς
3396 1007 3683 1070 Ἰουδαίας,
3715 1010 3796 1061 καὶ

2227 1098 2407 1169 πάσης
2443 1099 2544 1170 τῆς
2586 1099 2896 1173 περιχώρου
2935 1099 3028 1154 τοῦ
3077 1100 3340 1170 Ἰορδάνου
3391 1098 3794 1170 βαπτιζομένων

2228 1191 2286 1243 ἐν
2347 1189 2422 1261 τῷ
2490 1191 2730 1266 Ἰορδάνῃ
2781 1193 2886 1246 ὑπὸ
2952 1192 3221 1257 Ἰωάννου,
3283 1192 3312 1243 ὁ
3365 1192 3560 1262 Σωτήρ
3609 1206 3791 1261 φησιν·

2236 1303 2253 1336 ι
2302 1283 2589 1357 Ἐλήλυθεν
2637 1287 2666 1338 ὁ
2711 1286 2962 1356 Ἰωάννης
2990 1288 3018 1339 ὀ
3049 1283 3380 1355 Βαπτιστὴς,
3421 1286 3565 1356 μήτε
3593 1281 3793 1347 ἐσθίων,

2233 1378 2369 1448 μήτε
2402 1379 2591 1442 πίνων,
2622 1378 2716 1432 καὶ
2745 1378 2934 1446 λέγετε
2954 1397 2966 1409 ·
3000 1379 3286 1450 Δαιμόνιον
3316 1377 3429 1448 ἔχει
3449 1395 3461 1406 ο
3501 1395 3519 1427 ι
3551 1377 3648 1430 καὶ
3675 1374 3792 1446 πρὸς

2228 1470 2355 1534 τοὺς
2383 1469 2748 1542 πυθομένους·
2783 1490 2800 1522 ι
2842 1471 2928 1524 Ἐν
2960 1471 3088 1542 ποίᾳ
3113 1470 3327 1542 ἐξουσίᾳ
3346 1469 3520 1523 ταῦτα
3551 1470 3747 1532 ποιεῖς;
3775 1487 3789 1517 t

2229 1563 2397 1632 λέγει’
2429 1582 2447 1614 ι
2475 1561 2644 1632 Κάγὼ
2661 1563 2921 1635 ἐρωτήσω
2942 1565 3086 1635 ὑμᾶς
3110 1564 3206 1616 ἕνα
3226 1563 3404 1631 λόγον,
3426 1561 3488 1615 ὃν
3514 1561 3612 1614 ἐὰν
3627 1559 3796 1630 εἴπητὲ

2233 1673 2346 1723 μοι,
2392 1655 2546 1724 κάγὼ
2588 1656 2718 1726 ὑμῖν
2761 1656 2892 1726 ἐρῶ,
2928 1658 2986 1709 ἐν
3021 1655 3149 1726 ποίᾳ
3193 1654 3413 1725 ἐξουσίᾳ
3445 1653 3625 1707 ταῦτα
3654 1651 3792 1704 nou}:-

2231 1743 2304 1796 Τὸ
2359 1743 2639 1815 βάπτισμα
2684 1745 2745 1798 τὸ
2809 1745 3055 1799 Ἰωάννου
3103 1745 3265 1798 πόθεν
3298 1741 3400 1816 ἦν;
3447 1745 3507 1812 ἐξ
3557 1741 3795 1814 οὐρανοῦ,

549 1844 816 1904 potestate
850 1837 968 1890 haec
1005 1835 1167 1891 l'acio.
1209 1835 1514 1906 Baptismus
1537 1837 1762 1893 Joannis
1793 1837 1934 1892 unde
1963 1846 2076 1892 erat
2105 1836 2129 1890 ι

2239 1836 2264 1906 ἦ
2303 1837 2412 1908 (57)
2457 1836 2515 1903 ἐξ
2548 1837 2884 1909 ἀνθρώπων;
2913 1838 3003 1890 ὅτε
3037 1839 3132 1890 καὶ
3163 1834 3598 1906 διαλογιζόμενοί
3630 1849 3793 1902 φασιν

548 1946 582 1986 e
623 1930 761 1986 caelo
807 1947 876 1985 an
919 1949 984 1986 ex
1029 1932 1339 1988 hominibus
1387 1934 1453 1988 ‘1
1507 1954 1523 1985 υ
1586 1936 1807 2004 quando
1853 1945 1907 1990 et
1955 1936 2129 1991 disce-

550 2030 770 2088 ptantes
810 2022 1100 2092 inquiunt:
1140 2041 1156 2074 ι
1187 2023 1242 2078 Si
1281 2025 1603 2090 dixerimus,
1646 2041 1677 2080 e
1729 2026 1888 2093 cmlo,
1931 2027 2074 2082 dicet
2111 2045 2125 2081 :

548 2113 728 2180 Quare
766 2131 873 2170 non
901 2117 1211 2172 credidistis
1237 2119 1309 2172 illi
1336 2119 1403 2172 ’ξι
1436 2138 1454 2170 ι
1499 2118 1606 2172 Sed
1644 2119 1874 2174 solvitur
1903 2119 2044 2174 hunc
2075 2122 2128 2176 in

553 2208 770 2262 modum
814 2207 1084 2264 dubitatio
1125 2227 1139 2262 :
1175 2208 1459 2275 Pharisaei,
1508 2220 1566 2264 ut
1606 2222 1763 2266 antea
1814 2212 2128 2268 observavi—

552 2315 698 2364 mus,
736 2301 826 2369 qui
861 2302 1168 2367 audierant,
1200 2322 1217 2354 ι
1248 2302 1546 2374 Progenies
1579 2304 1913 2374 viperarum,
1959 2324 1980 2358 ι
2030 2322 2130 2363 nec

549 2391 625 2445 illi
661 2391 1030 2463 crediderant,
1063 2399 1330 2452 accedunt
1356 2398 1422 2452 ad
1456 2398 1806 2467 baptismum,
1847 2400 2128 2465 timentes,

550 2485 624 2537 uti
656 2487 938 2554 probabile
966 2503 1071 2555 est,
1101 2493 1335 2554 turbam,
1375 2502 1540 2562 atque
1562 2502 1780 2562 prouter
1811 2493 1930 2548 illos
1960 2495 2100 2548 simu

550 2574 664 2632 late
702 2578 946 2634 volentes
1000 2581 1195 2648 lavari,
1250 2599 1318 2637 ne
1374 2593 1452 2639 tot
1489 2586 1803 2640 hominibus
1854 2585 2130 2640 adversari

550 2669 890 2724 viderentur.
925 2671 1237 2728 Sentientes
1265 2674 1430 2742 igitur
1478 2676 1656 2746 ipsum
1689 2675 1758 2730 ab
1792 2675 2128 2741 horninibus,

553 2776 660 2816 non
697 2777 728 2816 e
759 2763 899 2817 cado
931 2766 1134 2820 habere
1164 2767 1516 2836 baptismum,
1551 2769 1742 2823 timent
1773 2766 1917 2838 quod
1950 2767 2132 2837 suspi—

550 2864 748 2910 cantur
776 2857 979 2922 dicere,
1034 2875 1100 2914 ue
1155 2859 1296 2916 forte
1344 2862 1652 2932 lapidentur
1677 2877 1706 2916 a
1740 2861 1918 2916 turba.
1952 2861 2132 2928 Quare

548 2965 668 3018 quae
699 2949 958 3006 Servator
983 2953 1274 3012 Pharisaeis
1306 2957 1525 3012 locutus
1551 2965 1654 3021 est,
1697 2956 1977 3010 contraria
2020 2970 2128 3009 non

553 3051 680 3094 sunt
711 3042 797 3097 his
831 3057 950 3112 qua?
974 3048 1176 3116 scripta
1208 3048 1429 3103 luerunt
1461 3050 1512 3102 in
1544 3047 1856 3118 Evangeliis
1890 3049 1958 3101 de
1990 3046 2130 3101 ntul-

552 3135 787 3188 titudine
812 3151 999 3191 eorum
1026 3141 1116 3207 qui
1143 3141 1285 3209 apml
1304 3140 1571 3195 Joannem
1599 3138 1861 3208 baptizati
1888 3137 2128 3203 fuerunt,

552 3239 677 3278 cum
726 3224 924 3295 alioqui
967 3230 1289 3282 temeritatis
1327 3229 1724 3283 Pharisaeorum
1758 3229 1922 3283 fuerit
1950 3227 2131 3283 dicere

554 3310 818 3368 Joannem
848 3315 1051 3370 habere
1083 3317 1425 3381 daunouium,
1458 3329 1512 3374 et
1539 3318 1724 3374 Jesum
1762 3320 1814 3374 in
1846 3319 2130 3375 Beelzebul

556 3405 949 3460 dznmoniorum
979 3409 1223 3477 principe
1253 3411 1491 3466 virtutes
1520 3411 1756 3467 edidisse
1780 3411 1824 3469 ⁸.

632 3507 716 3561 15.
745 3504 1024 3575 Respondit
1086 3503 1194 3556 illis
1255 3501 1520 3564 Joannes,
1575 3502 1777 3556 dicens:
1835 3502 1942 3573 Ego
2004 3505 2122 3574 qui-

557 3602 673 3654 dem
717 3601 923 3668 baptizo
975 3616 1061 3652 vos
1107 3599 1161 3650 in
1210 3612 1393 3667 aqua:
1428 3596 1481 3648 in
1520 3597 1689 3649 medio
1745 3605 1922 3650 autem
1970 3599 2124 3652 vestri

557 3702 682 3757 stat,
715 3710 864 3762 quem
916 3708 1001 3744 vos
1048 3691 1270 3743 nescitis.
1307 3689 1421 3758 Ipse
1461 3698 1555 3754 est,
1594 3691 1684 3760 qui
1722 3699 1836 3758 post
1871 3709 1952 3745 me
1998 3709 2124 3746 ven-

558 3797 706 3837 turus
763 3793 864 3848 est,
918 3783 1064 3850 cujus
1118 3797 1218 3834 non
1275 3798 1390 3834 sum
1430 3783 1615 3851 dignus
1668 3791 1725 3834 ut
1771 3781 1968 3836 solvam
2009 3783 2123 3852 ejus

555 3878 837 3946 corrigiam
886 3876 1222 3928 calceamenti
1251 3875 1293 3928 ’.
1330 3875 1591 3944 Equidem
1654 3874 1956 3930 Heracleon
2005 3877 2123 3930 exi-

554 3969 737 4023 stimat
781 3968 1043 4022 Joannem
1079 3964 1437 4037 respondere
1491 3968 1578 4022 his
1618 3967 1709 4037 qui
1753 3985 1783 4021 a
1829 3969 2122 4022 Pharisaeis

559 4050 710 4101 lltiSSl
755 4049 996 4114 fuerant,
1035 4052 1179 4118 quod
1227 4053 1342 4123 ipse
1387 4053 1620 4120 volebat,
1665 4069 1772 4110 non
1811 4054 1879 4110 ad
1907 4055 1959 4110 id
1991 4055 2135 4125 quod

557 4136 632 4190 illi
685 4137 1194 4207 interrogaverunt,
1255 4159 1361 4197 non
1415 4146 1705 4202 advertens
1763 4162 1823 4202 se
1883 4147 2139 4201 incusare

555 4229 874 4299 prophetam
920 4233 1170 4299 inscium,
1229 4236 1274 4289 si
1314 4235 1459 4290 aliud
1505 4237 1902 4308 interrogatus,
1956 4238 2022 4292 de
2076 4252 2136 4292 re

557 4321 664 4375 alia
704 4324 997 4391 respondet
1037 4345 1050 4380 :
1103 4328 1406 4382 cavendum
1453 4329 1598 4384 enim
1655 4331 1814 4384 nobis
1851 4332 1945 4385 est
2008 4329 2136 4395 hoc,

555 4413 683 4466 dum
739 4414 1123 4486 colloquimur,
1175 4428 1433 4490 tanquam
1493 4422 1707 4476 vitium.
1766 4422 1996 4488 Contra,
2039 4435 2138 4476 nos

561 4505 716 4577 131
755 4506 986 4564 dicimus
1033 4511 1269 4568 maxime
1316 4516 1620 4584 appositam
1669 4531 1788 4571 esse
1836 4514 2141 4584 responsio-

2236 1950 2254 1981 ι
2301 1930 2423 1984 Ἐὰν
2454 1928 2720 2001 εἴπωμεν,
2753 1930 2810 1997 ἐξ
2841 1929 3095 2001 οὐρανοῦ,
3131 1931 3280 2003 ἐρεῖ·
3319 1928 3418 1982 Διὰ
3463 1928 3519 1980 τί
3563 1926 3664 1980 οὐκ
3695 1926 3796 1977 ἐπι-

2234 2022 2491 2075 στεύσατε
2516 2020 2696 2092 αὐτῷς
2733 2040 2752 2073 ι
2786 2021 2986 2076 Λύεται
3015 2021 3072 2074 δὲ
3096 2021 3157 2074 τὸ
3183 2020 3459 2093 ἀπορηθὲν
3485 2018 3678 2082 οὕτως’
3707 2019 3799 2071 Φα-

2235 2116 2449 2184 ρισαῖοι,
2489 2115 2564 2178 ὡς
2599 2115 3113 2186 προτετηρήκαμεν,
3144 2115 3192 2167 οἱ
3230 2111 3586 2174 ἀκούσαντες,
3634 2129 3650 2160 ι
3691 2109 3799 2161 Γεν-

2230 2209 2446 2279 νήματα
2462 2207 2703 2278 ἐχιδνῶν,
2718 2210 2803 2262 »οὐ
2823 2207 3244 2270 πεπιστευκότες
3260 2204 3409 2276 αὐτῷ
3426 2203 3802 2275 παραγίνονται

2231 2302 2324 2355 ἐπὶ
2361 2303 2422 2355 τὸ
2453 2302 2757 2373 βάπτισμα,
2799 2303 2968 2366 είκὸς,
3016 2302 3098 2354 ὅτι
3136 2301 3227 2354 τὸν
3271 2299 3429 2370 ὄχλον
3469 2296 3800 2367 φοϐούμενοι,

2232 2395 2324 2447 καὶ
2375 2393 2516 2448 κατὰ
2569 2397 2668 2466 τὴν
2724 2395 2860 2467 πρὸς
2909 2394 3150 2457 ἐκείνους
3197 2393 3488 2464 ὑπόκρισιν
3544 2389 3801 2454 ἀξιοῦντες

2231 2487 2545 2550 λούσασθαι,
2579 2488 2668 2540 ἵνα
2709 2487 2783 2559 μὴ
2834 2487 3041 2541 δοκοῖεν
3074 2484 3450 2540 ἐναντιοῦσθαι.
3490 2486 3606 2546 τοῖς
3631 2480 3800 2535 τοσού-

2231 2596 2361 2642 τοις.
2402 2578 2728 2651 Φρονοῦντες
2764 2579 2895 2646 γοῦν
2941 2578 3104 2632 αὐτὸν
3154 2580 3250 2632 ἀπ’
3291 2575 3602 2648 ἀνθρώπων
3651 2574 3798 2644 ἔχειν,

2233 2674 2326 2728 καὶ
2362 2674 2462 2727 οὐκ
2500 2676 2595 2730 ἀπ’
2638 2671 2872 2746 οὐρανοῦ
2917 2673 2980 2726 τὸ
3021 2671 3324 2742 βαπτίζειν,
3361 2669 3451 2722 διὰ
3501 2669 3595 2721 τὸν
3636 2667 3798 2737 ὄχλον,

2237 2771 2447 2840 μήποτε
2473 2766 2821 2833 λιθασθῶσιν,
2850 2765 3142 2836 φοϐοῦνται
3175 2764 3312 2834 ὅπερ
3339 2761 3800 2832 ὑπολαμὸάνουσιν

2233 2866 2430 2917 εἰπεῖν·
2455 2861 2598 2915 ὥστε
2629 2861 2731 2915 οὐκ
2756 2857 3097 2914 ἐναντιοῦται
3127 2857 3232 2911 ὑπὸ
3257 2854 3350 2908 τοῦ
3383 2855 3642 2925 Σωτῆρος
3669 2854 3801 2924 είρη-

2239 2959 2375 3029 μένοι
2415 2955 2552 3027 πρὸς
2594 2955 2720 3017 τοὺς
2763 2951 3110 3025 Φαρισαίους,
3153 2952 3265 3014 τοῖς
3301 2946 3802 3018 ἀναγεγραμμένοις

2233 3052 2292 3102 ὲν
2318 3051 2431 3113 τοῖς
2469 3046 2825 3117 Εὑαγγελίοις
2849 3045 2979 3116 περὶ
3007 3043 3102 3098 τοῦ
3139 3041 3378 3114 πλήθους
3422 3039 3533 3094 τῶν
3567 3038 3712 3110 παρὰ
3736 3037 3803 3106 τῷ

2247 3144 2468 3213 Ἰωάννῃ
2515 3139 2970 3213 βαπτισαμένων·
3034 3134 3126 3188 τοῦ
3162 3134 3399 3207 θράσους
3421 3132 3482 3185 δὲ
3524 3131 3632 3183 τῶν
3654 3131 3804 3200 Φαρι-

2240 3235 2406 3288 σαίων
2450 3229 2517 3305 ἦν
2551 3231 2832 3303 δαιμόνιον
2864 3228 3009 3299 ἔχειν
3050 3225 3230 3296 λέγειν
3278 3225 3369 3277 τὸν
3419 3223 3688 3294 Ἰωάννην,
3722 3221 3804 3273 καὶ

2235 3331 2293 3382 ἐν
2328 3326 2655 3393 Βεελζεϐοὺλ
2686 3325 2766 3396 τῷ
2806 3324 3027 3396 ἄρχοντι
3056 3319 3165 3374 τῶν
3207 3318 3501 3389 δαιμονίων
3532 3317 3629 3381 τὰς
3659 3315 3804 3369 δυνά-

2237 3439 2358 3491 μεις
2386 3420 2615 3489 φάσκειν
2642 3418 2735 3471 τὸν
2777 3413 2985 3488 Ἰησοῦν
3015 3410 3397 3482 πεποιηκέναι.

2313 3516 2398 3570 15.
2432 3511 2806 3580 Ἀπεκρίνατο
2835 3503 3036 3572 αὐτοῖς
3061 3509 3094 3559 ὁ
3123 3502 3402 3568 Ἰωάννης
3429 3492 3790 3566 λέγων-Ἐγὼ

2238 3605 2501 3676 βαπτίζω
2515 3607 2583 3660 ἐν
2599 3605 2786 3658 ὕδατι·
2801 3601 2992 3672 μέσος
3013 3597 3080 3651 δὲ
3097 3595 3262 3666 ὑμῶν
3280 3594 3535 3660 ἔστηκεν
3549 3589 3619 3642 ὃν
3637 3583 3791 3655 ὑμεῖς

2241 3704 2352 3755 οὐκ
2375 3699 2594 3754 οἴδατε.
2627 3695 2818 3760 Αὐτός
2841 3693 3011 3747 ἐστιν
3039 3692 3072 3744 ό
3102 3688 3294 3742 ὀπίσω
3324 3702 3442 3754 μου
3464 3681 3792 3749 ἐρχόμενος,

2243 3789 2314 3849 οὗ
2341 3794 2451 3846 οὐκ
2473 3791 2588 3859 sip!
2613 3787 2728 3857 ἐγὼ
2747 3787 2916 3850 ἄξιος
2935 3784 3036 3837 ἵνα
3055 3782 3224 3836 λύσω
3252 3776 3436 3832 αὑτοῦ
3469 3775 3574 3829 τὸν
3593 3770 3794 3841 ἱμάντα

2246 3886 2350 3940 τοῦ
2384 3882 2780 3948 ὑποδήματος.
2811 3879 2868 3931 '0
2899 3877 2996 3949 μὲν
3027 3872 3336 3946 ’Πρακλέων
3361 3870 3551 3933 οἴεται,
3571 3867 3650 3918 ὅτι
3671 3864 3795 3916 ἀπο·

2247 3977 2490 4046 κρίνεται
2513 3974 2542 4026 ὁ
2569 3972 2820 4042 Ἰωάννης
2856 3971 2967 4031 τοῖς
3014 3966 3078 4020 ὲκ
3097 3963 3203 4018 τῶν
3227 3959 3533 4032 Φαρισαίων
3553 3952 3796 4046 πεμφθεῖ-

2251 4042 2354 4133 σιν,
2379 4070 2439 4122 οὐ
2480 4066 2614 4138 πρὸς
2639 4065 2666 4119 ὃ
2697 4067 2892 4119 ἐκεῖνοι
2923 4060 3241 4132 ἐπηρώτων,
3273 4053 3386 4110 ἀλλ’
3417 4053 3445 4104 δ
3474 4049 3630 4110 αὐτὸς
3652 4042 3796 4099 ἐδού-

2251 4163 2388 4218 λετο,
2417 4158 2606 4212 ἐαυτὸν
2635 4155 2908 4209 λανθάνων
2926 4194 2941 4216 ,
2974 4153 3055 4205 ὅτι
3089 4147 3380 4218 κατηγορεῖ
3403 4142 3497 4197 τοῦ
3532 4139 3796 4212 προφήτου

2240 4241 2496 4314 ἀμαθίας,
2543 4243 2657 4310 εἴγε
2707 4240 2835 4295 ἄλλο
2889 4237 3245 4312 ἐρωτώμενος
3291 4238 3420 4308 περὶ
3466 4233 3624 4288 ἄλλου
3683 4231 3807 4282 ἀπο-

2242 4333 2506 4406 κρίνεται·
2559 4331 2664 4403 χρὴ
2704 4331 2813 4403 γὰρ
2873 4330 2968 4384 καὶ
3018 4327 3178 4381 τοῦτο
3231 4323 3594 4396 φυλάττεσθαι
3645 4321 3712 4383 ὡς
3756 4319 3808 4369 ἐν

2244 4421 2552 4493 κοινολογίᾳ
2617 4422 2924 4492 ἁμάρτημα
2983 4417 3273 4487 τυγχάνον.
3354 4414 3544 4484 Ἡμεῖς
3604 4408 3655 4462 δέ
3707 4423 3806 4472 φα-

2248 4530 2367 4584 μεν,
2419 4515 2502 4566 ὅτι
2555 4511 2790 4583 μάλιστα
2854 4509 2992 4580 πρὸς
3051 4507 3181 4570 ἐπος
3231 4505 3378 4559 ἐστὶν
3433 4503 3466 4573 ἡ
3514 4499 3804 4584 ἀπόκρισις.

557 4615 703 4654 nem.
734 4598 980 4670 Namque
1015 4605 1079 4657 ad
1114 4605 1278 4660 illud:
1315 4625 1333 4656 ι
1359 4583 1498 4674 Quid
1524 4624 1655 4678 ergo
1692 4607 1962 4693 baptizas,
1994 4607 2040 4661 si
2077 4617 2129 4660 tu

2249 4583 2391 4678 Πρὸς
2421 4604 2530 4676 γὰρ
2563 4604 2659 4657 τόο
2699 4622 2716 4654 ι
2755 4603 2819 4655 Τί
2875 4597 2966 4655 οὖν
3018 4599 3322 4670 βαπτίζεις,
3373 4596 3420 4647 εἰ
3467 4594 3531 4647 σὺ
3569 4592 3664 4645 οὐκ
3706 4583 3752 4639 εἷ
3785 4588 3810 4636 ὁ

555 4708 662 4746 non
695 4707 755 4748 es
791 4693 878 4748 ille
925 4696 1176 4754 Christus
1201 4700 1282 4753 ‘°?
1312 4720 1330 4752 ›
1376 4701 1506 4770 quid
1561 4702 1708 4754 aliud
1747 4701 1852 4756 dici
1889 4704 2136 4771 oportuit

552 4800 714 4854 quam
761 4790 1046 4846 ostendere
1091 4793 1358 4861 baptisma
1407 4808 1564 4848 suum
1623 4810 1747 4850 esse
1804 4796 2136 4865 corporale?

559 4895 580 4929 ι
604 4879 715 4951 Ego
738 4900 756 4933 ι
809 4883 974 4950 enim,
1030 4886 1227 4956 inquit,
1263 4906 1281 4939 ι
1309 4887 1527 4957 baptizo
1558 4888 1611 4942 in
1657 4903 1798 4957 aqua
1819 4888 1902 4954 “;
1937 4907 1956 4941 ι
1982 4904 2137 4945 cum-

557 4988 663 5042 que
693 4975 795 5029 hoc
823 4979 1198 5047 respondisset
1223 4979 1290 5032 ad
1325 4979 1457 5033 illud
1493 4996 1507 5034 :
1541 4997 1560 5030 ι
1587 4978 1726 5045 Quid
1779 4995 1911 5049 ergo
1961 4982 2140 5052 bapti-

563 5066 700 5121 zas?
728 5086 748 5119 ι
781 5068 849 5122 ad
889 5069 1121 5125 alterum
1153 5087 1165 5120 :
1208 5089 1227 5122 ι
1251 5070 1307 5124 Si
1356 5078 1410 5124 tu
1450 5086 1557 5125 non
1599 5085 1657 5125 es
1697 5070 1785 5126 ille
1817 5072 2091 5138 Christus,
2115 5091 2134 5126 ι

559 5156 745 5214 laudes
775 5173 993 5218 enarrat
1025 5164 1091 5219 de
1122 5165 1398 5235 praecipua
1429 5180 1490 5220 ac
1519 5165 2142 5230 prmcedenti-substau-

563 5251 634 5305 tia
666 5251 887 5320 Christi,
932 5271 1126 5326 nempe
1170 5258 1312 5326 quod
1377 5258 1626 5313 Christus
1677 5267 1888 5312 tantum
1943 5260 2140 5313 viriqu
2181 5245 2184 5248 ’

560 5340 743 5410 habet,
793 5354 852 5399 ut
897 5346 1185 5403 invisibilis
1226 5348 1390 5402 etiam
1425 5349 1497 5402 sit
1531 5348 1815 5403 divinitate
1840 5364 1964 5414 sua,
1989 5351 2139 5405 omni

562 5435 768 5490 homini
804 5451 1064 5506 praesens,
1097 5449 1152 5493 et
1175 5453 1271 5509 per
1302 5439 1615 5494 universutlt
1643 5439 1831 5495 orbem
1858 5448 2140 5507 extensus;

559 5528 701 5597 quod
740 5529 1051 5586 declaratur
1094 5543 1194 5599 per
1241 5529 1414 5585 illud:
1450 5548 1468 5583 ι
1499 5530 1554 5586 ln
1593 5532 1774 5587 medio
1827 5531 1992 5587 vestri
2037 5539 2146 5586 stat

2242 4697 2506 4771 Χριστός;
2552 4716 2568 4748 ι
2599 4695 2650 4748 τί
2679 4693 2808 4749 ἄλλο
2833 4693 2999 4765 ἐχρῆν
3027 4693 3222 4755 εἰπεῖν,
3251 4691 3284 4760 ἡ
3318 4707 3378 4742 τε
3407 4688 3467 4743 τὺ
3497 4687 3624 4740 ἴδιον
3648 4700 3808 4754 παρα-

2239 4791 2430 4861 στῆναι
2470 4789 2752 4859 βάπτισμα
2787 4783 3244 4857 σωματικώτερον
3277 4804 3343 4841 τυ
3359 4783 3563 4856 (χάνονο
3587 4798 3605 4832 ι
3643 4776 3796 4845 Ἐγὼ»

2243 4884 2372 4956 γὰρ.
2395 4885 2616 4956 φησὶν,ι
2643 4881 2888 4950 βαπτίζω
2931 4880 2988 4931 ὲν
3019 4877 3173 4931 ὕδατι
3195 4894 3208 4907 ·
3262 4895 3280 4926 ι
3331 4874 3425 4927 καὶ
3463 4870 3618 4925 τοῦτο
3657 4863 3809 4920 εἰπὼν

2248 4977 2386 5047 πρὸς
2413 4975 2509 5028 τό’
2556 4993 2574 5024 ι
2622 4973 2686 5026 Τί
2723 4968 2815 5026 οὖν
2873 4971 3194 5042 βαπτίζεις;
3235 4989 3253 5020 ι
3299 4967 3437 5038 πρὸς
3465 4965 3523 5018 τὸ
3550 4961 3806 5047 δεύτερον·

2253 5088 2271 5119 ι
2299 5046 2370 5120 Et
2425 5067 2488 5118 σὺ
2522 5066 2623 5118 οὐκ
2673 5059 2724 5116 εἷ
2768 5064 2796 5114 ὁ
2841 5059 3096 5133 Χριστὸς,
3139 5078 3156 5110 ι
3202 5054 3511 5124 δοξολογίαν
3559 5049 3682 5120 περὶ
3725 5046 3809 5114 τῆς

2246 5158 2664 5232 προηγουμένης
2690 5155 2879 5219 οὐσίας
2900 5152 3136 5226 Χριστοῦ
3162 5153 3456 5222 διηγεῖται.
3493 5147 3574 5199 ὅτι
3603 5142 3808 5208 δύναμιν

2245 5253 2512 5324 τοσαύτην
2542 5252 2676 5323 ἔχει,
2699 5253 2774 5314 ὡς
2801 5249 2895 5302 καὶ
2921 5248 3153 5318 ἀόρατος
3188 5241 3328 5298 εἶναι
3361 5244 3426 5312 τῇ
3455 5239 3686 5308 θειότητι
3718 5231 3804 5329 ab:

2248 5344 2366 5408 τοῦ,
2402 5344 2592 5417 παρὼν
2624 5346 2787 5398 παντὶ
2826 5339 3120 5411 ἀνθρώπῳ,
3171 5334 3332 5392 παντὶ
3375 5335 3430 5387 δὲ
3482 5332 3576 5384 καὶ
3610 5329 3708 5397 ὅλῳ
3746 5338 3812 5423 ἴῳ

2251 5441 2442 5511 κόσμῳ
2467 5434 3070 5511 συμπαρεκτεινόμενος
3093 5449 3107 5462 ο
3136 5432 3274 5501 ὅπερ
3301 5424 3560 5497 δηλοῦται
3586 5421 3669 5475 διὰ
3698 5421 3777 5511 τοι)
3799 5429 3810 5440 '

2259 5550 2278 5582 ι
2319 5509 2499 5594 Μέσος
2521 5509 2675 5604 ὗμῶν
2703 5531 2922 5601 ἕστηκε.
2957 5547 2976 5578 ι
3007 5526 3118 5579 Καὶ
3155 5523 3278 5576 ἐπεὶ
3316 5519 3470 5573 οὐδὲν
3519 5517 3570 5570 οἱ
3617 5509 3805 5586 προσδίν

629 5692 651 5724 ³
688 5691 877 5747 Matth.
910 5688 1079 5759 ιιιηἾ.
1151 5687 1174 5719 ⁸
1203 5686 1394 5744 Matth.
1425 5705 1497 5754 ιιι,
1529 5690 1615 5744 l8.
1688 5691 1710 5722 ⁸
1742 5688 1931 5745 Matth.
1953 5708 2069 5759 XXI,
2091 5694 2126 5747 2

2262 5692 2282 5720 “
2317 5689 2447 5745 ibid.
2483 5687 2576 5753 24,
2599 5686 2690 5741 25.
2770 5686 2790 5716 '
2819 5683 2950 5739 ibid.
2987 5681 3075 5739 26.
3157 5683 3178 5712 ⁸
3203 5679 3334 5735 Luc.
3365 5693 3442 5744 XI,
3468 5673 3557 5727 15.
3630 5669 3650 5700 ’
3678 5663 3807 5722 Joan.

548 5785 585 5835 ι,
633 5763 723 5830 26,
750 5762 840 5816 27.
920 5761 962 5792 ¹⁹
998 5758 1157 5815 Juan.
1187 5775 1226 5826 t,
1251 5759 1342 5812 25.
1423 5762 1462 5790 “
1486 5762 1618 5816 ibid.
1650 5760 1742 5816 26.

631 5905 748 5974 (37)
787 5903 884 5968 Ἐξ
918 5905 1197 5971 οὐρανοῦ,
1235 5905 1294 5972 ἦ.
1324 5905 1482 5960 Deest
1523 5905 1574 5958 in
1625 5903 1866 5960 editione
1899 5900 2102 5964 lluctii,
2133 5900 2225 5955 sed
2260 5897 2564 5953 restituitur
2595 5910 2659 5951 ex
2692 5893 2847 5948 codd.
2883 5888 3176 5943 Bodleiano
3206 5896 3256 5939 et
3285 5883 3612 5939 itarherino.
