3816 6556
23 465 125 519 255

1100 465 1458 526 COMMENT.
1497 466 1568 522 lN
1597 463 1795 523 JOAN.
1834 465 2069 523 TOMUS
2111 466 2202 522 Vl.

3203 471 3305 527 231

23 582 222 646 κῶντες
277 584 531 656 Χριστοῦ
585 585 882 658 ἐπιδημίαν
949 588 1234 658 Φαρισαῖοι
1307 585 1624 659 τηλικοῦτον

1751 584 1840 652 lle,
1872 584 2054 658 [quem
2092 600 2191 642 vos
2235 583 2460 642 nescitis
2484 585 2547 641 ".
2589 585 2998 657 »1Ειίιυοηίιιηι
3028 586 3161 642 nillil
3196 588 3304 644 tale

23 678 144 747 περὶ
187 677 373 731 αὐτοῦ
407 679 618 752 ἐώρων,
670 679 958 752 ἄνθρωπον
1013 681 1219 734 τέλειον
1263 680 1414 750 ἅγιον
1463 679 1624 752 μόνον

25 770 514 840 ὑπολαμδάνοντες
560 772 722 826 αὑτὸν
755 767 919 837 εἶναι,
968 771 1226 844 ἐμμελῶς
1279 771 1491 842 ἐλέγχει
1525 770 1625 842 τὴν

25 864 143 933 rapi
166 863 278 934 τῆς
307 865 595 938 ὑπεροχῆς
623 864 788 918 αὐτοῦ
810 866 1120 938 Φαρισαίων
1149 866 1394 934 ἄγνοιαν,
1413 882 1625 937 προστι-

27 955 131 1019 (lsi;
167 957 270 1027 τῷ·
307 977 330 1008 ‹
374 958 557 1022 Μέσος
585 959 740 1030 ὑμῶν
763 959 986 1032 ἕστηκε,
1030 979 1057 1012 ι·
1084 960 1144 1014 τὺ
1176 981 1192 1011 ι
1222 963 1318 1012 Ὃν
1343 960 1502 1030 ὑμεῖς
1525 961 1625 1013 οὐκ

24 1051 214 1104 οἶδατε.
243 1071 262 1103 ι
291 1052 414 1105 Καὶ
433 1052 521 1105 ἵνα
547 1054 619 1124 μή
649 1071 734 1117 τις
761 1053 1009 1127 ὑπολάϐῃ
1033 1053 1118 1106 ἐτε
1127 1071 1219 1126 ρον
1251 1049 1391 1108 εἶναι
1416 1054 1508 1107 τὸν
1529 1054 1625 1129 ἀότ

29 1161 181 1216 ρατον
211 1147 318 1200 καὶ
351 1148 612 1220 διήκοντα
640 1149 733 1202 ἐπὶ
761 1150 939 1203 πάντα
969 1147 1274 1220 ἄνθρωπον,
1320 1147 1348 1219 ἢ
1393 1148 1486 1202 καὶ
1530 1149 1625 1202 ἐπὶ

26 1241 136 1293 ὅλον
167 1239 262 1293 τὸν
292 1241 533 1312 κόσμον,
569 1241 720 1314 παρὰ
743 1242 836 1296 τὸν
867 1241 1386 1313 ἐνανθρωπήσαντα,
1413 1242 1506 1295 καὶ
1532 1242 1624 1295 ἐπὶ

25 1333 115 1400 τῆς
145 1332 253 1403 γῆς
278 1333 550 1402 ὀφθέντα,
601 1336 694 1388 καί
731 1337 844 1399 τοῖς
899 1332 1208 1406 ἀνθρώποις
1256 1351 1624 1406 συναναστρα-

27 1427 207 1493 ςέντα,
265 1428 546 1480 συνάπτει
589 1427 700 1498 τῷ·
745 1449 762 1480 ι
820 1429 1000 1494 Μέσος
1055 1428 1208 1500 ὑμῶν
1265 1429 1515 1499 ἕστηκεν,
1564 1429 1623 1482 ὃν

28 1518 175 1586 ὑμεῖς
208 1518 318 1570 οὐκ
357 1518 562 1583 οἴδατε,
598 1538 615 1570 ι
649 1520 729 1572 τό·
771 1540 789 1571 ι
829 1521 887 1573 Ὀ
909 1520 1085 1574 ὀπίσω
1110 1537 1211 1592 μου
1247 1520 1558 1592 ἐρχόμενος,
1600 1541 1617 1571 ι

24 1607 270 1661 τουτέστι
321 1609 451 1678 μετ’
508 1609 606 1679 ἐμὲ
663 1609 1189 1680 φανερωοησόμενος
1215 1626 1226 1638 ·
1274 1602 1334 1660 οὗ
1374 1608 1468 1660 καὶ
1526 1607 1623 1678 τὴν

29 1702 487 1773 ὑπερϐάλλουσαν
516 1705 790 1778 ὑπεροχὴν
837 1704 1038 1767 συνιεὶς
1085 1701 1234 1775 παρὰ
1279 1701 1378 1773 τὴν
1430 1701 1622 1755 ἐαυτοῦ

29 1793 198 1860 φύσιν,
226 1795 729 1867 ἀμφιϐαλλομένην
773 1794 878 1848 ὑπό
920 1811 1102 1858 τινων,
1163 1791 1359 1863 μήποτ’
1387 1790 1474 1862 ἄρ’
1522 1790 1622 1842 αὑ-

30 1885 107 1947 τὸς
133 1884 216 1955 εἴη
252 1885 524 1956 Χριστὸς,
557 1887 679 1939 ὅσον
730 1883 1082 1939 ἀπολείπεται
1115 1881 1214 1952 τῆς
1253 1879 1346 1934 τοῦ
1387 1878 1621 1950 Χριστοῦ

1729 689 2112 750 exspectantes
2158 680 2360 736 Christi
2411 682 2708 737 adventum
2761 680 3021 736 Pharisaei
3073 682 3141 737 de
3189 684 3306 752 ipso

1727 773 2009 841 videbant,
2049 783 2262 830 tantum
2318 775 2661 844 suspicantes
2701 790 2822 829 eum
2867 789 2992 831 esse
3030 775 3307 831 hominem

1727 879 2004 934 sanctum,
2047 868 2317 922 concinne
2370 867 2649 938 redarguit
2699 867 3098 922 Pharismorum
3156 867 3310 938 igno-

1732 961 1988 1023 rantiam,
2019 961 2113 1030 qui
2155 961 2323 1030 ipsius
2366 961 2746 1016 excellentiam
2785 961 3134 1031 ignorabant,
3174 963 3310 1031 adji-

1727 1057 1880 1110 ciens
1908 1067 1924 1108 :
1957 1074 1974 1106 ι
1999 1053 2168 1122 Quem
2201 1069 2294 1109 vos
2326 1055 2576 1120 nescitis,
2606 1073 2624 1106 ι
2647 1053 2753 1109 illis
2790 1055 3012 1110 verbis:
3051 1075 3068 1107 ι
3098 1055 3152 1111 In
3194 1071 3310 1112 me-

1728 1149 1819 1204 dio
1847 1147 2013 1203 vestri
2061 1156 2191 1202 stat.
2225 1165 2242 1198 ι
2276 1146 2344 1201 Ει
2377 1163 2444 1202 ne
2479 1148 2603 1217 quis
2633 1147 2940 1218 suspicetur
2971 1165 3094 1204 eum
3121 1151 3215 1220 qui
3241 1149 3312 1205 sit

1729 1238 2045 1305 invisibilis,
2074 1239 2281 1309 quique
2311 1248 2560 1308 penetret
2595 1239 2660 1293 ad
2706 1255 2922 1295 omnem
2958 1242 3231 1297 hominem
3254 1249 3313 1298 et

1727 1331 1792 1383 ad
1824 1338 1994 1384 totum
2031 1330 2317 1396 mundum,
2350 1329 2628 1385 diversum
2659 1345 2782 1385 esse
2804 1332 2872 1386 ab
2897 1345 2962 1386 eo
2997 1333 3086 1402 qui
3117 1331 3312 1387 buma-

1728 1438 1852 1477 nam
1891 1423 2124 1492 sumpsit
2175 1436 2419 1487 carnem,
2457 1433 2511 1477 et
2545 1441 2563 1474 ι
2594 1437 2759 1494 super
2793 1433 2990 1479 terram
3031 1435 3115 1481 cst
3141 1427 3310 1494 visus,

1727 1525 1782 1570 et
1813 1530 1936 1570 cum
1991 1514 2303 1570 hominibus
2357 1525 2442 1570 est
2493 1517 2977 1586 conversatus",i
3031 1519 3312 1591 conjungit

1729 1605 1834 1661 illis
1855 1606 2039 1661 verbis
2070 1624 2084 1661 :
2119 1624 2137 1657 ι
2164 1608 2220 1660 In
2254 1607 2434 1662 medio
2461 1609 2630 1664 vestri
2658 1618 2784 1674 stat,
2817 1625 2980 1680 quem
3008 1626 3109 1668 vos
3135 1613 3312 1667 nesci-

1729 1697 1839 1764 tis;
1872 1716 1890 1750 i
1925 1697 2056 1753 illud
2090 1718 2102 1753 :
2142 1715 2160 1749 ι
2189 1697 2290 1765 Qui
2327 1709 2449 1769 post
2493 1714 2579 1754 me
2611 1711 2874 1756 venturus
2905 1711 2988 1757 est
3026 1703 3090 1768 “,
3136 1723 3155 1755 ι
3207 1704 3312 1758 hoc

1725 1801 1831 1856 est,
1861 1793 1952 1861 qui
1984 1803 2105 1862 post
2137 1807 2222 1846 me
2255 1791 2688 1849 manifestandus
2727 1805 2830 1850 est.
2860 1796 3025 1865 Cujus
3048 1811 3170 1852 cum
3203 1812 3302 1851 ex-

1727 1885 1956 1940 cedente
2027 1896 2082 1942 et
2147 1896 2516 1956 exsuperante
2567 1888 2897 1943 excellentia
2955 1889 3316 1944 intellexisset

32 1978 461 2051 μεγαλειότητος
512 1979 862 2050 παραστῆσαι
899 1977 1246 2047 βουλόμενος,
1295 1974 1381 2027 ἵνα.
1421 1973 1493 2044 μή
1541 1989 1625 2036 τις

1743 1978 1964 2035 Ioannes
2012 1997 2164 2035 suam
2221 1983 2388 2052 ipsius
2429 1993 2680 2039 naturam
2723 1986 2995 2055 superari,
3037 1985 3106 2040 ob
3149 2000 3312 2054 quam

30 2074 101 2134 εἰς
132 2074 295 2126 αὐτὸν
329 2073 624 2143 lori-mra:
658 2073 798 2143 ὑπὲρ
831 2074 858 2126 ὃ
902 2073 1109 2144 βλέπει,
1137 2070 1169 2141 ἢ
1219 2068 1404 2122 ἀκούει
1438 2065 1498 2131 ἐξ
1526 2067 1624 2119 αὐ-

31 2164 135 2227 τοῦ,
168 2165 325 2233 λέγει
365 2167 464 2218 καὶ
493 2165 550 2218 τό
571 2182 586 2195 ’
630 2187 645 2215 ι
680 2161 753 2219 Ub
780 2163 879 2218 ciu.
900 2166 1014 2236 εἰμὶ
1037 2162 1148 2233 ἐγὼ
1188 2161 1337 2229 ἄξιος
1366 2163 1454 2215 ἶνα
1481 2160 1627 2213 λύσω

37 2257 186 2310 αὐτοῦ
210 2258 312 2313 τὸν
362 2258 564 2329 ἱμάντα
588 2257 682 2311 τοῦ
707 2259 1076 2329 ὑποδήματος,
1113 2276 1130 2308 ι
1163 2255 1534 2325 αἰνιττόμενος
1567 2253 1629 2307 τὸ

34 2354 118 2422 οὐχ
143 2353 330 2417 ἱκανὸς
371 2349 510 2406 εἶναι
551 2354 642 2406 τὸν
675 2353 801 2425 περὶ
835 2352 934 2423 τῆς
975 2352 1417 2422 ἐνσωματὼσεως
1465 2349 1628 2404 αὑτοῦ

33 2447 172 2514 λόγον
204 2447 408 2516 (οἱονεὶ
452 2447 753 2518 δεδεμένον,
809 2447 903 2499 καὶ
947 2446 1331 2517 κεκρυμμένον
1382 2449 1495 2509 τοῖς
1551 2446 1627 2516 μὴ

34 2537 243 2609 vari-3i),
272 2539 446 2592 λῦσαι
479 2541 571 2592 καὶ
597 2537 914 2609 σαφηνίσαι,
956 2538 1096 2591 ὥστε
1135 2537 1285 2604 ἄξιόν
1306 2555 1358 2590 τι
1405 2538 1500 2608 τῆς
1541 2555 1630 2590 το-

39 2630 223 2700 σαύτης
248 2630 564 2702 ἐπιδημίας
591 2632 672 2695 είς
689 2629 833 2684 οὕτω
860 2629 1180 2701 βραχύτητα
1193 2629 1630 2700 συνεσταλμένης

37 2726 213 2778 εἰπεῖν.

1733 2059 2085 2145 ambigebant
2121 2075 2365 2130 nonnulli
2397 2093 2464 2130 an
2501 2077 2613 2147 ipse
2643 2088 2791 2133 esset
2829 2078 3098 2142 Christus,
3127 2090 3314 2133 osten-

1736 2167 1868 2220 dere
1897 2165 2085 2221 volens
2113 2178 2321 2234 quanto
2353 2167 2581 2222 inferior
2607 2179 2752 2222 esset
2799 2167 3004 2224 Christi
3039 2171 3314 2238 magnitu-

1731 2257 1881 2325 dine,
1924 2275 1992 2313 ne
2025 2259 2146 2328 quis
2171 2259 2238 2313 de
2271 2275 2330 2314 se
2359 2262 2619 2329 cogitaret
2651 2260 2855 2330 aliquid
2890 2276 3051 2330 supra
3090 2261 3140 2315 id
3168 2263 3313 2330 quod

1743 2349 1892 2403 videt
1930 2360 2024 2402 aut
2064 2349 2216 2404 audit
2267 2365 2294 2404 ιι
2343 2352 2666 2420 semetipso,
2721 2351 2854 2404 dicit
2905 2353 3072 2405 etiam
3128 2349 3310 2405 illud:

1737 2460 1754 2490 ι
1779 2440 1944 2510 Cujus
1975 2457 2080 2496 non
2123 2458 2243 2497 sum
2280 2459 2380 2514 ego
2411 2444 2606 2514 dignus
2638 2455 2695 2497 ut
2725 2443 2932 2498 solvam
2965 2445 3082 2511 ejus
3129 2443 3307 2498 corri-

1730 2535 1872 2602 piam
1893 2535 2247 2591 calceamenti
2286 2537 2353 2602 ’⁸,
2380 2555 2397 2588 ι
2436 2537 2562 2592 illud
2591 2538 2825 2591 innucns
2857 2551 2916 2592 se
2942 2537 3164 2592 minime
3196 2537 3314 2593 ido-

1737 2644 1897 2682 neum
1937 2645 2058 2684 esse
2089 2631 2183 2700 qui
2218 2632 2284 2687 de
2309 2631 2477 2701 ipsius
2505 2631 2705 2687 Christi
2754 2632 3195 2703 incorporatioue
3230 2647 3320 2686 ra-

1734 2723 1935 2775 tionem
1964 2721 2108 2794 (qute
2142 2724 2308 2778 veluti
2353 2723 2518 2795 ligata
2559 2735 2644 2780 est
2681 2737 2736 2779 et
2779 2726 3052 2780 occultata
3098 2740 3202 2779 non
3237 2726 3321 2778 in-

41 2820 426 2889 telligentibus)
485 2819 663 2875 solvat
728 2818 1112 2890 explicetque,
1163 2817 1386 2889 dignum
1443 2815 1649 2886 aliquid
1708 2816 1945 2873 d.‘cendo
2000 2819 2068 2875 de
2119 2828 2272 2874 tanto
2317 2820 2557 2877 adventu
2614 2822 2667 2875 in
2730 2831 2937 2876 tantam
2994 2819 3318 2876 brevitatem

37 2920 322 2968 mntncto.

99 3007 178 3058 l6.
214 3008 337 3060 υίικ
377 3007 605 3078 ἄκαιρον
650 3004 706 3058 δέ
735 3002 1082 3072 ἐξετάζουσιν
1114 3005 1248 3075 ἡμῖν
1293 3002 1386 3056 τόο
1419 3022 1437 3054 ι
1494 3000 1636 3070 Ἐγὼ

43 3093 268 3159 βαπτίζω
314 3096 384 3148 ἐν
418 3094 594 3160 ὕδατι,
631 3115 649 3147 ι
685 3095 782 3159 τὰς
820 3095 1014 3166 ὁμοίας
1053 3093 1162 3148 τῶν
1219 3092 1634 3162 Εὑαγγελιστῶν

1814 2998 1899 3054 16.
1945 2998 2148 3055 Verum
2213 2999 2495 3057 enimvero
2542 2999 2684 3057 haud
2729 3001 3102 3072 importunum
3155 3000 3318 3055 fuerit

1740 3089 2138 3159 inquirentibus
2169 3091 2327 3146 nobis
2358 3089 2487 3146 illud
2516 3108 2530 3145 :
2554 3109 2572 3144 ι
2598 3092 2708 3164 Ego
2726 3091 2779 3146 in
2803 3107 2946 3161 aqua
2970 3091 3186 3162 baptizo
3213 3091 3311 3152 ιο.»

45 3185 384 3255 παραθέσθαι
417 3187 547 3258 περί
595 3186 784 3239 τούτου
839 3185 1035 3250 λέξεις,
1085 3187 1180 3238 καὶ
1231 3187 1520 3255 συγκρῖναι
1564 3186 1630 3255 τῇ

1743 3187 1958 3250 addere,
1990 3184 2034 3238 si
2059 3185 2189 3254 quid
2219 3185 2396 3242 simile
2432 3187 2497 3241 de
2529 3187 2632 3242 hoc
2673 3187 2914 3242 dixerint
2937 3186 3312 3256 evangelista,

47 3279 395 3354 προκειμένῃ.
435 3281 576 3350 Φησὶ
605 3281 783 3334 τοίνυν
823 3282 852 3332 ό
887 3279 1196 3343 Ματοαῖος,
1236 3277 1360 3331 ίδὼν
1405 3277 1634 3342 πολλοὺς

45 3371 136 3422 τῶν
161 3370 488 3443 Φαρισαίων
514 3370 608 3424 καὶ
647 3369 1044 3432 Σαδδουκαίων,
1092 3367 1418 3440 ἐρχομένους
1448 3368 1542 3420 ἐπὶ
1573 3369 1633 3420 τὸ

50 3466 315 3536 βάπτισμα
358 3465 525 3535 (μετὰ
553 3463 620 3517 τὰ
662 3461 1040 3533 ἐπιπληκτικὰ
1091 3461 1218 3532 περὶ
1267 3454 1342 3515 ὧν
1376 3459 1634 3526 ἐξετάσα-

53 3561 177 3630 μεν,)
210 3580 228 3612 ι
285 3558 438 3626 Ἐγὼ
474 3559 573 3628 μὲν
598 3559 746 3629 ὑμᾶς
781 3558 838 3611 ἐν
863 3555 1016 3610 ὕδατι
1045 3553 1293 3626 βαπτίζω
1341 3555 1421 3617 εἰς
1470 3553 1635 3624 μετά-

51 3672 214 3706 νοιαν-
255 3657 286 3708 ὁ
320 3654 380 3706 δὲ
420 3652 601 3706 όπίσω
652 3669 752 3722 μου
803 3649 1101 3722 ἐρχόμενος
1143 3645 1493 3719 ἰσχυρότερός
1529 3662 1632 3716 μου

53 3752 200 3812 ἐστὶν,
231 3745 293 3803 οὗ
330 3746 433 3802 οὐκ
469 3749 590 3818 εἰμὶ
615 3746 798 3808 ἱκανὸς
841 3744 909 3798 τὰ
959 3743 1283 3814 ὑποδήματα
1330 3741 1629 3813 βαστάσαι·

55 3841 195 3904 αὐτὸς
215 3843 366 3913 ὑμᾶς
395 3841 654 3911 βαπτίσει
683 3841 740 3892 ἐν
783 3837 1064 3908 Πνεύματι
1095 3835 1234 3906 ἁγίῳ
1280 3835 1372 3888 καὶ
1402 3833 1564 3905 πυρί·
1613 3854 1628 3884 ι

61 3933 336 4004 σᾶμοωνον
387 3934 469 4004 τῷ
515 3934 656 3988 κατὰ
691 3933 943 4002 Ἰωάννην
993 3929 1158 3998 λόγῳ,
1206 3929 1304 3999 τὴν
1346 3927 1636 3998 ὁμολογίαν

61 4029 137 4080 τοῦ
184 4031 240 4082 ἐν
281 4028 440 4082 ὕδατι
469 4012 847 4100 βαπτίσματος
871 4025 1009 4096 πρὸς
1042 4025 1167 4086 τοὺς
1199 4022 1548 4094 πεμφθέντας
1574 4023 1637 4072 ἐκ

58 4122 347 4191 ιἳταρισαίων
383 4121 616 4190 λέγοντι.
659 4120 717 4170 ’0
783 4117 839 4170 δέ
893 4117 1141 4182 Μάρκος,
1175 4134 1192 4164 ι
1245 4113 1571 4183 Ἑκήρυσσε,
1612 4130 1629 4162 ι

62 4217 229 4285 gelv,
290 4216 582 4287 Ἰωάννηςσ
621 4213 828 4281 λέγων⁸
888 4211 1148 4281 Ἔρχεται
1204 4210 1233 4261 ό
1288 4204 1637 4277 ἰσχυρότερός

65 4326 150 4376 μου
176 4309 373 4372 ὀπίσω,
390 4304 450 4362 οὗ
464 4308 568 4359 οὐκ
595 4305 713 4378 εἰμὶ
735 4303 917 4367 ἱκανὸς
936 4302 1115 4371 κύψας
1135 4300 1292 4354 λῦσαι
1317 4299 1407 4352 τὸν
1429 4298 1630 4369 ἱμάντα

63 4401 154 4450 τῶν
183 4401 547 4471 ὑποδημάτων
577 4397 761 4453 αὑτοῦ.
803 4395 945 4465 Ἐγὼ
975 4394 1244 4449 ἐϐάπτισα
1277 4394 1422 4464 ὑμᾶς
1452 4392 1628 4456 ὕδατι,

66 4491 204 4554 me;
230 4491 287 4544 δὲ
324 4491 578 4562 βαπτίσει
597 4490 706 4560 (58)
727 4489 871 4558 ὑμᾶς
901 4490 958 4540 ἐν
982 4485 1262 4557 Πνεύματι
1289 4491 1478 4563 ἁγίῳ-ι
1507 4483 1640 4556 πρὸς

1736 3287 1936 3330 etcum
1970 3291 2030 3332 re
2068 3292 2173 3348 qua
2202 3278 2270 3331 de
2296 3278 2473 3349 agitur
2501 3278 2776 3336 conferre.
2809 3279 2997 3349 Itaque
3025 3279 3314 3334 Mattlizeus

1737 3371 1930 3438 inquit,
1962 3385 2085 3423 cum
2139 3373 2523 3440 conspexisset
2582 3373 2781 3427 multos
2823 3389 2889 3428 ex
2929 3371 3222 3428 Pharisaeis
3263 3384 3321 3428 et

1733 3478 1797 3516 ex
1843 3461 2159 3518 Sadducaeis
2193 3466 2468 3520 venientes
2508 3467 2575 3520 ad
2621 3467 2950 3534 baptismum
2980 3468 3125 3537 (post
3154 3468 3318 3522 verba

1738 3556 2129 3627 increpatoria,
2157 3557 2223 3612 de
2260 3558 2460 3628 quibus
2506 3558 2956 3630 inquisivimus):
2996 3577 3015 3610 ι
3049 3559 3159 3628 Ego
3206 3560 3323 3627 qui-

1737 3647 1857 3701 dem
1898 3662 1992 3701 vos
2024 3647 2076 3700 in
2107 3663 2243 3717 aqua
2276 3649 2490 3716 baptizo
2512 3649 2578 3700 ad
2614 3647 3050 3717 resipiscentiam
3085 3656 3182 3700 :at
3210 3644 3319 3710 ille,

1737 3739 1827 3806 qui
1859 3748 1981 3807 post
2015 3753 2099 3792 me
2139 3751 2402 3792 Venturus
2450 3749 2552 3805 est,
2590 3740 2864 3808 potentior
2903 3753 2988 3792 me
3029 3748 3135 3804 est,
3169 3737 3323 3807 cujus

1740 3846 1842 3883 non
1873 3844 1991 3882 sum
2026 3828 2274 3890 idoneus,
2315 3837 2374 3881 ut
2402 3826 2766 3882 calceamenta
2800 3839 3010 3898 portem
3037 3844 3050 3879 :
3083 3829 3197 3899 ipse
3228 3845 3322 3883 vos

1740 3921 2038 3990 baptizabit
2084 3921 2136 3974 in
2193 3919 2400 3990 Spiritu
2443 3932 2635 3974 sancto
2668 3930 2720 3973 et
2750 3919 2859 3991 igni
2890 3921 2932 3951 "
2961 3938 2974 3980 ;
3003 3939 3022 3971 ι
3057 3937 3180 3974 cum
3207 3935 3319 3974 ser-

1743 4032 1901 4081 mone
1939 4013 2166 4070 Joannis
2225 4013 2558 4069 conveniens
2608 4024 2871 4068 narrante
2920 4013 3320 4068 confessionem

1744 4105 2000 4174 baptismi
2033 4104 2084 4158 in
2124 4120 2262 4173 aqua
2289 4103 2356 4157 ad
2392 4120 2486 4158 eos
2521 4104 2614 4173 qui
2664 4103 2815 4158 missi
2849 4104 3061 4158 fuerant
3090 4118 3156 4158 ex
3182 4102 3323 4158 Plia-

1744 4198 1938 4252 riszeis.
1967 4204 2038 4251 At
2071 4195 2286 4252 Marcus
2320 4215 2334 4251 :
2373 4217 2390 4250 ι
2418 4197 2773 4261 Ρωεὰἱοιώοι,
2798 4191 3059 4264 »ἰηιιιιὶιμ
3085 4197 3325 4251 Joannes

1744 4289 1932 4344 dicens
1971 4285 2192 4353 :Venit,
2231 4289 2322 4358 qui
2363 4287 2556 4342 l'ortior
2585 4297 2669 4341 est
2713 4302 2819 4353 me,
2853 4298 2975 4355 post
3025 4302 3132 4350 me,
3170 4287 3327 4355 cujus

1745 4395 1849 4436 non
1908 4381 2067 4452 132
2123 4396 2244 4436 sum
2292 4382 2540 4445 idoneus,
2593 4389 2652 4434 ut
2710 4383 3072 4450 procumbens
3118 4380 3328 4436 solvam

1745 4475 2038 4543 corrigiam
2079 4475 2579 4530 calceamentorum
2613 4472 2749 4542 ejus.
2792 4474 2906 4544 Ego
2950 4475 3171 4543 quidem
3231 4477 3328 4530 ba-

68 4583 298 4648 πὶεὶονας
334 4585 427 4637 καὶ
457 4582 666 4645 πεὶντας
692 4581 815 4643 τοὺς
846 4577 1145 4642 ἀκούοντας
1177 4576 1444 4631 διδάσκων
1469 4575 1636 4628 ταῦτα

1747 4569 1894 4639 ptizo
1923 4583 2018 4624 vos
2056 4583 2221 4636 aqua,
2254 4567 2344 4621 ille
2369 4582 2497 4622 vero
2545 4567 2840 4636 baptizabit
2873 4583 2969 4622 vos
3017 4568 3070 4621 in
3119 4567 3327 4637 Spiritu

68 4677 406 4749 κεκηρῦχθαι.
450 4678 509 4728 '0
533 4675 590 4728 δὲ
619 4674 832 4737 Λουκᾶς
867 4689 1057 4742 φησιν,
1084 4672 1190 4733 ὅτι,
1225 4669 1635 4741 προσδοκῶντος

70 4770 147 4821 τοῦ
167 4769 317 4833 λαοῦ,
363 4769 456 4821 καὶ
481 4765 936 4838 διαλογιζομένων
968 4762 1186 4815 πάντων
1234 4763 1290 4814 ἐν
1335 4763 1453 4824 ταῖς
1504 4778 1635 4832 καρ-

71 4863 190 4927 δὲαις
217 4862 397 4917 αὐτῶν
445 4862 572 4932 περὶ
619 4859 713 4912 τοῦ
760 4858 1028 4920 Ἰωάννου,
1069 4856 1278 4927 μήποτε
1305 4852 1468 4912 αὐτὸς
1500 4853 1584 4924 είη
1611 4854 1638 4904 ὁ

75 4961 305 5028 Χριστὸς,
340 4957 675 5030 ἀπεκρίνατο
699 4955 870 5024 λέγων
894 4952 1060 5005 πᾶσιν
1083 4951 1111 5002 ό
1156 4947 1410 5018 Ἰωάννης
1431 4963 1475 4997 ο(
1501 4944 1641 5014 Ἐγὼ

80 5056 158 5120 μὲν
190 5052 345 5106 ὖδατι
378 5053 622 5122 βαπτίζω
649 5051 830 5120 ὑμᾶς·
883 5046 1101 5118 ἔρχεται
1151 5043 1207 5096 δὲ
1237 5043 1266 5095 δ
1299 5039 1644 5112 ἰσχυρότερός

81 5162 184 5210 μω,
217 5141 276 5199 οὗ
307 5143 408 5197 οὐκ
435 5146 554 5214 εἰμὶ
599 5142 784 5203 ἱκανὸς
830 5139 991 5192 λῦσαι
1020 5138 1112 5190 τὸν
1143 5135 1344 5207 ἱμάντα
1370 5134 1480 5187 τῶν
1511 5133 1644 5185 ὐπο-

78 5236 309 5305 δημάτων
345 5236 532 5290 αὐτοῦ’
577 5234 750 5298 Αὐτὸς
792 5234 939 5304 ὑμᾶς
985 5229 1238 5303 βαπτίσει
1273 5230 1328 5282 ἐν
1362 5226 1638 5297 Πνεύματι

82 5330 202 5401 ἁγίῳ
219 5332 314 5384 καὶ
343 5331 488 5402 πυρί.
541 5349 561 5382 ι

147 5515 225 5568 17.
254 5515 504 5585 Ἔχοντες
538 5515 719 5568 τοίνυν
741 5513 840 5576 τὰς
869 5511 1061 5583 ὁμοίας
1110 5509 1282 5576 λέξεις
1313 5507 1419 5561 τῶν
1448 5506 1645 5560 τεσσά-

91 5622 200 5677 pm,
231 5610 367 5681 φέρε
384 5611 519 5663 κατὰ
549 5606 867 5669 τὺ,δυνατὺν
900 5605 1096 5676 ἴδωμεν
1124 5604 1228 5675 ἰδίᾳ
1255 5603 1348 5656 τὸν
1381 5599 1504 5655 νοῦν
1519 5598 1645 5652 ἐκά-

154 5794 190 5870 ‘_’
205 5791 524 5870 Joan.t,2_6.
601 5791 646 5823 “
671 5789 964 5848 Barucun.
985 5787 1072 5844 38.
1157 5786 1196 5816 “
1220 5785 1376 5840 .loau.
1405 5784 1526 5844 1.2"

103 5863 135 5894 "
158 5863 279 5919 Luc.
309 5863 504 5928 111,16.

1630 5785 1672 5815 ”‘
1701 5782 1834 5839 ibid.

1742 4671 1931 4716 sancto
1957 4661 1998 4693 ⁸³
2022 4677 2036 4726 ;
2066 4661 2160 4715 iad
2179 4656 2774 4731 eomplures,etomnes
2797 4659 3079 4714 audientes
3116 4661 3322 4715 docens

1746 4756 1862 4810 hzec
1891 4754 2187 4824 prmdicata
2223 4752 2410 4807 fuisse.
2446 4753 2682 4808 Rursum
2726 4750 2901 4808 Lucas
2949 4754 3143 4822 inquit,
3184 4755 3327 4822 quod

1745 4855 2098 4918 exspectante
2129 4845 2350 4915 populo,
2382 4855 2436 4900 et
2457 4845 2823 4914 cogitantibus
2849 4845 3100 4898 omnibus
3130 4845 3179 4897 in
3207 4862 3327 4900 cor-

1752 4943 1912 4998 dibus
1963 4941 2078 4996 suis
2124 4940 2191 4995 de
2235 4938 2469 5002 Joanne,
2507 4955 2576 4992 an
2625 4939 2738 5006 ipse
2765 4948 2911 4991 esset
2937 4937 3208 5002 Christus,
3239 4953 3327 4992 re-

1745 5035 2032 5106 sponderit
2064 5033 2306 5088 Joannes
2343 5032 2534 5086 dicens
2563 5029 2834 5084 universis
2867 5047 2880 5083 :
2919 5047 2936 5080 ι
2965 5029 3075 5097 Ego
3105 5029 3329 5098 quidem

1750 5145 1892 5199 aqua
1943 5129 2161 5198 baptizo
2199 5142 2321 5187 vos;
2375 5125 2469 5179 sed
2518 5121 2721 5182 veniet,
2771 5119 2863 5189 qui
2920 5119 3197 5190 potentior
3247 5130 3332 5174 est

1749 5240 1856 5290 nie,
1886 5221 2042 5292 cujus
2072 5237 2178 5276 non
2227 5235 2345 5275 sum
2380 5219 2608 5273 idoneus
2640 5212 2854 5270 solvere
2900 5212 3187 5283 corrigiam
3219 5215 3328 5268 cal-

1750 5325 2158 5370 ceamentorum
2199 5314 2341 5381 ejus.
2393 5310 2510 5380 Ipse
2551 5323 2646 5363 vos
2698 5307 3001 5378 baptizabit
3039 5307 3094 5362 in
3124 5306 3329 5377 Spiritu

1751 5419 1940 5467 sancto
1961 5419 2016 5464 et
2047 5410 2154 5480 igni
2175 5408 2240 5460 ³⁸.
2275 5427 2292 5463 i

1828 5503 1917 5558 l7.
1961 5502 2235 5558 Tenentes
2285 5501 2448 5570 igitur
2500 5508 2735 5569 quatuor
2765 5495 3218 5569 evangelistarum
3257 5495 3333 5550 si-

1759 5597 1906 5651 milia
1954 5598 2144 5661 verba,
2206 5609 2330 5665 age,
2385 5592 2669 5648 videamus
2730 5607 2828 5664 pro
2891 5589 3035 5646 virili
3083 5604 3331 5644 seorsum

2875 5771 2917 5802 "’
2943 5769 3106 5824 Marc.
3136 5783 3174 5832 ι,
3210 5762 3332 5823 643.

1913 5780 1955 5811 ⁸⁸
1979 5779 2110 5836 ibid.
2131 5777 2220 5835 26.
2303 5777 2342 5808 ‘7
2369 5774 2555 5832 Matth.
2583 5788 2662 5838 III,
2697 5772 2782 5828 ll.

160 5981 256 6039 (58)
283 5981 579 6036 Βαπτίσει.
607 5977 700 6036 Sic
728 5977 895 6034 codex
933 5973 1296 6036 Bodleianus;
1326 5969 1492 6024 editio
1520 5965 1633 6021 lluc

1743 5963 1999 6029 Ξαπτίζει.
