3816 6526
553 434 661 493 255

560 549 989 622 tutiuscujusque
1030 547 1184 604 verhi
1227 562 1443 602 sensum
1481 556 1537 602 et
1586 544 1943 612 dill'orcntias,
1978 547 2133 602 initio

558 652 772 714 sumpto
797 659 826 697 a
863 643 1137 707 Matthaeo,
1171 642 1262 712 qui
1297 644 1504 711 primus
1537 649 1856 696 caeterorum
1896 639 2151 693 traditur-

560 739 914 810 Evangelium
949 736 1238 792 tradidisse
1274 735 1514 791 Hebraeis
1540 736 1632 804 qui
1660 750 1725 788 ex
1758 733 2133 788 circumcisio-

560 850 627 888 ne
672 832 1018 887 crediderant
1052 847 1066 884 :
1102 830 1253 901 «Ego
1290 844 1405 892 vos,
1494 828 1689 898 inquit,
1765 829 1815 881 in
1854 841 1993 897 aqua
2041 826 2133 880 ba-

558 926 702 995 ptizo
731 925 799 980 ad
846 923 1302 994 resipiscentiam,
1329 941 1348 975 ι
1402 921 1568 976 veluti
1616 935 1853 991 purgans
1877 928 1933 973 et
1953 919 2131 973 deter-

557 1032 686 1073 rens
708 1016 930 1075 archus
960 1015 1139 1078 malis,
1167 1025 1223 1069 et
1256 1013 1323 1068 ad
1372 1011 1802 1081 resipiscentiant
1850 1010 2125 1065 inritans:

556 1121 613 1165 ιιι
636 1124 936 1181 ργωριιτοιη
965 1109 1110 1162 enim
1141 1105 1397 1178 populum
1421 1105 1742 1159 instructum
1771 1118 1871 1175 ego
1902 1103 2022 1158 veni
2045 1104 2128 1170 ²⁰;

554 1209 612 1255 ct
639 1202 707 1256 ad
734 1200 1148 1272 praeparandum
1192 1197 1366 1251 locum
1420 1195 1807 1266 resipiscentire
1832 1210 1926 1264 per
1956 1194 2131 1264 bapti-

554 1306 729 1351 smum
751 1298 872 1360 post
898 1303 984 1344 me
1010 1300 1266 1354 venturo,
1297 1288 1386 1358 qui
1417 1288 1518 1342 hac
1542 1287 1709 1342 etiam
1742 1288 1954 1342 ratione
1975 1288 2131 1358 longe

552 1378 831 1447 potentius
880 1378 1339 1449 prrcstantiusque
1395 1392 1555 1447 quam
1606 1392 1725 1432 utea
1760 1378 1832 1432 sit
1861 1378 2127 1448 potentia,

553 1471 708 1526 vobis
749 1471 1065 1541 adjumento
1107 1471 1328 1525 futurus
1357 1480 1459 1525 est.
1498 1470 1779 1541 Siquidem
1824 1470 1969 1526 illius
2004 1472 2132 1539 bap-

556 1564 748 1619 tismus
779 1578 885 1618 non
942 1573 1029 1618 est
1075 1563 1397 1634 corporalis.
1426 1578 1547 1618 cum
1585 1562 1992 1631 resipiscentem
2040 1577 2129 1616 re-

552 1660 695 1729 pleat
725 1658 964 1728 Spiritus
1005 1669 1230 1713 sanctus
1265 1658 1388 1728 igne
1425 1657 1703 1723 diviniori,
1754 1656 2016 1727 quidquid
2045 1655 2130 1712 vel

555 1751 843 1807 materiale
874 1751 960 1806 vel
999 1760 1273 1805 terrenum
1300 1749 1467 1805 fuerit
1496 1751 1828 1805 demoliente
1854 1759 1912 1804 et
1933 1764 2131 1805 consu-

555 1852 757 1900 mente.
792 1842 862 1898 Et
909 1844 1010 1898 hoc
1041 1857 1146 1897 non
1190 1852 1396 1897 tantum
1447 1843 1497 1896 in
1538 1857 1604 1899 eo
1631 1844 1721 1912 qui
1764 1842 1936 1913 ipsum
1966 1842 2130 1897 admi-

552 1934 705 1999 serit,
735 1934 829 1989 sed
858 1934 1022 1988 etiam
1060 1933 1113 1987 in
1143 1949 1209 1988 eo
1243 1933 1333 2003 qui
1368 1931 1601 1988 audierit
1632 1934 1806 2004 ipsum
1842 1935 2124 1990 habentes.

2230 1939 2338 1992 τῶν
2384 1938 2615 2008 ἐχόντων
2663 1935 2971 1998 ἀκούοντος.
3042 1932 3308 1987 Τοσοῦτον
3354 1932 3413 1985 δέ
3471 1933 3616 1986 ἐστιν
3660 1931 3761 2001 ἐμώ

553 2027 730 2082 Tanto
759 2035 942 2081 autem
969 2036 1051 2082 est
1078 2042 1164 2081 me
1210 2024 1425 2093 fortior,
1462 2027 1555 2097 qui
1593 2037 1719 2097 post
1750 2041 1835 2082 me
1870 2037 2128 2082 venturus

550 2129 654 2187 est,
693 2129 751 2173 ut
785 2133 854 2175 ne
900 2134 964 2174 ea
1012 2119 1232 2189 quidem
1269 2135 1389 2189 qua:
1448 2121 1517 2173 ad
1563 2120 1823 2174 amictum
1880 2130 2130 2187 spectant

549 2222 923 2268 extremarum
970 2211 1338 2282 potentiorum
1387 2226 1506 2281 qua:
1559 2220 1687 2267 sunt
1731 2213 1875 2267 circa
1928 2214 2126 2283 ipsunt,

552 2314 793 2375 portare,
822 2306 907 2361 vel
957 2307 1048 2375 qui
1093 2321 1157 2360 ea
1196 2305 1493 2368 sustinent,
1524 2304 1667 2361 ferre
1719 2306 1819 2361 sint
1849 2306 2077 2364 idoneus
2110 2323 2124 2361 :

552 2415 674 2455 cum
708 2414 815 2454 non
861 2401 934 2454 ita
969 2401 1111 2454 nuda
1153 2407 1418 2469 prostent,
1445 2409 1503 2454 ut
1541 2415 1603 2453 ea
1633 2400 1777 2455 obvii
1807 2401 2010 2471 quique
2037 2401 2124 2454 iu-

554 2494 801 2566 telligere
840 2494 1069 2565 possint.
1112 2494 1280 2561 Igitur
1329 2510 1435 2548 non
1489 2495 1612 2548 novi
1656 2503 1836 2548 utrum
1867 2496 2017 2565 prius
2042 2495 2128 2549 di-

552 2603 695 2654 cam,
725 2602 975 2643 meamne
1005 2589 1228 2641 multam
1266 2588 1720 2655 imbecillitatem,
1755 2604 1876 2659 qua:
1914 2605 1982 2645 ne
2005 2589 2127 2644 vilia

551 2681 771 2750 quidem
796 2680 996 2736 Christi
1033 2682 1377 2757 (magnarum
1408 2695 1590 2735 rerum
1620 2682 1765 2736 circa
1794 2683 1965 2751 ipsum
1986 2682 2129 2737 exsi-

552 2774 814 2828 stentium
877 2772 1303 2843 comparatione)
1353 2772 1493 2826 ferre
1534 2781 1718 2842 queat,
1763 2788 1831 2827 an
1871 2774 2127 2827 divinita-

553 2875 660 2920 tem
718 2866 863 2920 illius
925 2867 1252 2921 eminentem
1299 2875 1352 2921 et
1404 2875 1515 2921 toto
1582 2866 1780 2920 mundo
1841 2865 2125 2936 majorem,

547 2959 988 3029 quandoquidem
1017 2975 1138 3030 ego,
1173 2960 1267 3030 qui
1316 2969 1520 3013 tantam
1562 2959 1748 3028 accepi
1794 2960 2024 3029 gratiam
2071 2967 2129 3013 ut

547 3052 834 3122 prophetia
857 3053 1055 3121 dignus
1080 3053 1297 3108 habitus
1320 3053 1537 3118 luerim,
1563 3068 1687 3123 quae
1711 3068 1889 3108 meum
1918 3052 2126 3107 adven-

552 3153 662 3196 tum
701 3145 767 3197 ad
810 3145 980 3197 vitam
1036 3145 1315 3198 hominum
1370 3144 1711 3214 praediceret,
1757 3143 1864 3198 illis
1897 3144 2122 3199 verbis:

554 3255 572 3288 ι
607 3236 717 3306 Ego
745 3251 847 3291 vox
878 3235 1168 3291 clamantis
1199 3237 1252 3291 iu
1285 3237 1561 3292 deserto“
1589 3252 1605 3301 ;
1638 3256 1656 3289 ι
1690 3244 1747 3291 et
1778 3254 1834 3290 τι
1860 3236 1998 3291 Ecce
2027 3249 2127 3304 ego

552 3328 709 3381 mitto
740 3329 988 3382 nuntium
1035 3343 1215 3382 meum
1257 3338 1386 3381 ante
1411 3327 1609 3382 faciem
1638 3337 1784 3381 tuam
1808 3328 1856 3359 "
1891 3344 1905 3380 :
1940 3347 1959 3380 ι
1990 3328 2120 3397 Ego,
2150 3321 2192 3380 C

548 3417 702 3487 cujus
727 3430 906 3473 ortum
934 3418 1155 3475 Gabriel
1201 3430 1392 3473 astans
1424 3434 1607 3474 coram
1641 3418 1798 3473 altari
1831 3419 2126 3473 admirabi-

552 3508 674 3562 liter
721 3509 1160 3573 annuntiavit",
1189 3521 1346 3579 patre
1389 3524 1513 3564 meo
1556 3510 1608 3561 in
1660 3519 1937 3565 senectute
1967 3509 2124 3581 133

549 3600 875 3667 exsistente;
927 3618 1051 3672 ego,
1095 3602 1162 3656 ad
1214 3602 1624 3672 cujusrnomen
1680 3601 1975 3657 Zacharias
1999 3618 2122 3658 mox

550 3708 738 3749 vocem
781 3694 1005 3763 recepit,
1033 3704 1197 3764 atque
1223 3695 1386 3748 etiam
1417 3694 1775 3764 prophetandi
1801 3711 1999 3750 munus
2029 3711 2125 3764 per

551 3787 721 3856 ipsam
746 3786 821 3854 ²⁴;
863 3802 981 3858 ego,
1013 3788 1079 3842 de
1132 3805 1239 3857 quo
1286 3787 1545 3843 Dominus
1593 3788 1915 3842 testiﬁcatus
1951 3798 2033 3843 est
2054 3789 2120 3853 ",

551 3881 819 3935 neminem
857 3881 1000 3935 inter
1047 3891 1206 3935 natos
1238 3882 1526 3935 mulierum
1561 3896 1648 3935 me
1680 3880 1941 3949 majorem
1973 3881 2120 3936 exsi-

547 3982 728 4037 stere;
761 3989 937 4043 neque
985 3973 1356 4031 calceamenta
1406 3973 1524 4041 ejus
1578 3974 1805 4029 idoneus
1847 3990 1966 4029 sunt
1996 3990 2123 4044 por-

550 4076 683 4120 tare.
719 4066 870 4133 Quod
900 4068 943 4121 si
988 4083 1093 4122 ttOn
1139 4067 1533 4132 calceantenta,
1564 4067 1693 4136 quid
1735 4067 2024 4122 dicendum
2054 4069 2121 4123 de

546 4158 894 4212 vestimentis
929 4158 1085 4226 ejus?
1112 4158 1245 4225 Quis
1290 4168 1472 4213 tantus
1516 4161 1608 4228 qui
1662 4169 1830 4214 totam
1863 4160 2006 4216 illius
2031 4175 2122 4215 ve-

546 4260 684 4305 Slctn
726 4250 1000 4303 custodire
1043 4249 1249 4318 queat?
1279 4250 1410 4316 Quis
1436 4258 1519 4305 est
1563 4251 1653 4320 qui
1682 4251 2021 4322 cogitaturus
2051 4252 2123 4307 sit

546 4359 605 4396 se
629 4343 1145 4411 comprehensurum
1186 4346 1450 4398 rationem
1483 4360 1602 4400 eam
1652 4361 1813 4417 quam
1845 4347 2008 4403 habet
2033 4359 2120 4403 tu-

548 4435 666 4489 nica
709 4448 741 4488 a
791 4450 1005 4489 summo
1056 4437 1401 4492 inconsutilis
1423 4437 1650 4506 ",quia
1703 4439 1775 4494 sit
1824 4455 1918 4509 per
1950 4448 2119 4495 toturn

547 4528 844 4583 contexta?
889 4528 1022 4583 Illud
1068 4543 1199 4585 vero
1237 4530 1638 4586 observandum
1683 4532 1846 4601 quod,
1888 4541 2122 4603 quatuor

2017 429 2338 488 ORIGENIS
3682 438 3759 498 255

2236 565 2367 619 στης
2402 548 2498 602 καὶ
2530 547 2629 612 τὰς
2678 547 2962 621 διαφορὰς,
3028 550 3328 623 ἀρξάμενοι
3363 551 3471 605 ἀπὸ
3520 552 3612 608 τοῦ
3639 557 3758 611 Ματ-
3792 547 3793 617 i

2233 640 2408 704 θαίου,
2437 641 2496 705 ὃς
2539 641 2633 696 καὶ
2666 641 3027 713 παραδέδοται
3062 644 3279 716 πρῶτος
3318 646 3429 715 (59)
3455 645 3561 700 τῶν
3602 648 3764 707 λοιπῶν

2228 735 2341 796 τοῖς
2380 732 2653 804 Ἑϐραίοις
2695 732 3049 788 ἐκδεδωκέναι
3100 735 3162 788 τὸ
3203 734 3553 804 Εὑαγγέλιον,
3583 741 3682 800 τοῖς
3722 744 3766 793 ὲκ

2232 824 2534 896 περιτομῆς
2564 824 2911 879 πιστεύουσιν
2931 842 2944 855 ·
2982 843 3002 877 ι
3044 824 3190 895 Ἐγὼ
3220 826 3339 898 μὲν,
3370 827 3555 899 φησιν,
3582 829 3705 900 ὑμᾶς
3727 836 3766 885 ἐν

2231 916 2383 971 ὕδατι
2414 918 2525 988 (ιθ)
2545 917 2792 988 βαπτίζω
2818 920 2899 983 είς
2931 919 3243 990 μετάνοιαν,
3276 940 3295 972 ι
3314 920 3479 974 οἱονεὶ
3506 920 3765 993 καθαίρων,

2231 1011 2325 1064 καὶ
2345 1010 2783 1083 ἀποτρεπόμενος
2809 1011 2917 1064 ἀπὸ
2944 1013 3055 1064 τῶν
3077 1011 3357 1084 χειρόνων,
3378 1013 3474 1067 καὶ
3508 1013 3599 1067 ἐπὶ
3631 1014 3765 1082 p.576-

2229 1119 2377 1157 νοιαν
2405 1101 2768 1175 παρακαλῶν·
2808 1103 3092 1174 ἑτοιμάσαι
3122 1102 3231 1175 γὰρ
3261 1102 3453 1174 Κυρίῳ
3480 1102 3602 1157 λαὸν
3636 1120 3763 1157 κατε-

2233 1194 2599 1265 σκευασμένον
2633 1193 2742 1264 ἐγὼ
2764 1194 3015 1266 ἐλήλυθα,
3047 1195 3140 1249 καὶ
3166 1194 3349 1267 χώραν
3376 1196 3467 1249 διὰ
3488 1195 3581 1249 τοῦ
3613 1196 3761 1267 ﬂami-

2232 1305 2435 1359 σματος
2464 1287 2563 1358 τῆς
2604 1288 2891 1359 μετανοίας
2917 1288 3238 1360 εὐτρεπίσαι
3263 1286 3341 1359 τῷ
3377 1289 3495 1359 μετ’
3523 1289 3619 1359 ἐμὲ
3636 1290 3759 1359 ἥξον-

2229 1399 2302 1446 τι,
2330 1383 2425 1436 καὶ
2445 1381 2532 1434 διὰ
2564 1379 2725 1435 τοῦτο
2762 1381 3106 1454 ἰσχυρότερον
3139 1380 3321 1453 πολλῷ
3349 1382 3449 1454 τῆς
3480 1383 3615 1454 ἐμῆς
3640 1382 3761 1435 Gavi-

2233 1492 2399 1547 μεως,
2432 1476 2527 1529 καὶ
2559 1476 2804 1547 κρεῖττον
2841 1475 2985 1546 ὑμᾶς
3009 1473 3345 1546 ὠφελήσοντι
3369 1491 3382 1503 ’
3418 1475 3480 1527 οὐ
3500 1476 3761 1546 σωματικὸν

2229 1568 2338 1639 γὰρ
2368 1567 2429 1622 τὸ
2450 1568 2659 1623 ἐκείνου
2682 1568 2988 1639 βάπτισμα,
3021 1567 3114 1621 τὸν
3140 1566 3506 1639 μετανοοῦντα
3538 1567 3761 1639 πληροῦνε

2229 1679 2319 1726 τος
2343 1661 2499 1731 ἁγίου
2550 1660 2885 1732 Πνεύματος,
2921 1660 3016 1712 καὶ
3056 1658 3326 1730 Θειοτέρου
3356 1660 3529 1731 πυρὸς
3560 1661 3657 1713 πᾶν
3680 1661 3762 1713 itit-

2230 1756 2323 1809 κὸν
2348 1754 2718 1826 ἀφανίζοντος,
2749 1754 2843 1806 καὶ
2868 1753 2975 1807 πᾶν
2998 1751 3201 1821 γεῶδες
3223 1751 3677 1817 ὲξαναλίσκοντος,
3716 1751 3760 1803 οὗ

2232 1846 2392 1917 μόνον
2425 1845 2533 1899 ἀπὸ
2584 1845 2678 1898 τοῦ
2719 1845 3067 1916 χωρήσαντος
3117 1842 3269 1908 αὐτὸ,
3292 1841 3429 1897 ἀλλά
3452 1842 3549 1895 καὶ
3577 1843 3672 1895 ἀπὸ
3694 1842 3761 1895 τοι]

2233 2033 2578 2105 ἰσχυρότερος
2603 2032 2631 2083 6
2672 2032 2789 2102 μετ’
2817 2031 2917 2101 ἐμὲ
2951 2027 3247 2100 ἐρχόμενος
3282 2026 3415 2098 (Η),
3446 2026 3525 2090 ὡς
3575 2025 3692 2097 μηδὲ
3716 2026 3763 2079 τὲ

2229 2127 2330 2199 τῆς
2362 2125 2655 2199 περιϐολῆς
2706 2123 2814 2179 τῶν
2856 2122 2986 2195 περὶ
3030 2121 3193 2177 αὑτὸν
3219 2120 3502 2192 δυνάμεων
3539 2119 3762 2190 ἐσχάτων,

2228 2220 2347 2291 οὐχὶ
2379 2216 2602 2290 γυμνῶν
2655 2215 3012 2287 ἐκκειμένων,
3042 2213 3183 2267 ὥστε
3228 2213 3323 2267 καὶ
3371 2212 3503 2276 τοὺς
3552 2210 3764 2281 τυχόντας

2230 2317 2368 2368 νοεῖν
2395 2312 2534 2366 αὐτὰ
2564 2310 2844 2373 δύνασθαι,
2870 2308 3057 2362 ἱκανόν
3098 2324 3167 2379 με
3192 2305 3480 2378 τυγχάνειν
3518 2304 3765 2376 βαστάσαι,

2233 2407 2366 2480 μηδὲ
2391 2405 2563 2460 ταῦτα
2589 2404 2959 2475 ὑπομένοντας
2986 2400 3190 2472 φέρειν.
3219 2400 3333 2454 Οὐκ
3364 2394 3484 2452 οἶδα
3512 2397 3578 2469 δὴ
3607 2396 3762 2450 ὁπότε·

2233 2520 2323 2575 ρον
2353 2500 2511 2562 εἴπω,
2543 2499 2769 2570 πότερον
2794 2497 2893 2569 τὴν
2924 2495 3124 2568 πολλήν
3152 2512 3252 2567 μου
3274 2492 3582 2557 ἀσθένειαν,
3614 2490 3675 2544 τὰ
3697 2490 3765 2541 εὖ·

2228 2594 2355 2665 τελῆ
2386 2592 2480 2647 τοῦ
2508 2589 2741 2664 Χριστοῦ
2789 2588 3070 2661 συγκρίσει
3095 2586 3206 2640 τῶν
3236 2586 3367 2659 περὶ
3400 2585 3595 2639 ἑαυτὸν
3624 2582 3765 2656 μειζό-

2228 2704 2335 2741 νων
2366 2684 2552 2757 φέρειν
2590 2682 2663 2755 μὴ
2694 2680 3023 2753 δυναμένην,
3054 2679 3087 2751 ἢ
3121 2679 3207 2733 διὰ
3253 2679 3350 2750 τὴν
3397 2677 3608 2732 ἐκείνου
3633 2676 3766 2744 ὑπερ-

2228 2777 2527 2835 ϐάλλουσαν
2560 2776 2654 2830 καὶ
2677 2773 2898 2847 μείζονα
2924 2771 3124 2837 παντὸς
3160 2770 3252 2825 τοῦ
3278 2771 3484 2843 κόσμου
3524 2769 3762 2840 θειότητα”

2223 2867 2334 2926 εἴτε
2366 2868 2477 2939 ἐγὼ
2504 2871 2533 2923 ὁ
2563 2846 2895 2941 τηλικαύτην
2921 2866 3176 2937 χωρήσας
3199 2864 3378 2938 χάριν,
3407 2865 3486 2930 ὡς
3536 2864 3628 2921 καὶ
3661 2879 3764 2934 προ-

2229 2963 2455 3035 φητείας
2478 2960 2743 3032 ἠξιῶσθαι
2770 2977 2858 3032 με,
2887 2957 3260 3031 προλεγούσης
3303 2956 3374 3011 τά
3421 2958 3556 3030 περὶ
3583 2956 3676 3027 τῆς
3708 2959 3767 3017 εἰς

2226 3056 2316 3110 τὸν
2344 3055 2455 3126 βίον
2480 3054 2586 3108 τῶν
2613 3051 2914 3125 ἀνθρώπων
2940 3050 3229 3123 ἐπιδημίας
3249 3069 3371 3122 μου,
3388 3053 3447 3104 ὲν
3467 3050 3551 3122 τῷ
3575 3069 3589 3082 ο
3620 3071 3636 3103 ι
3658 3050 3765 3120 Ἐγὼ

2226 3148 2377 3219 φωνὴ
2413 3145 2641 3219 βοῶντος
2683 3147 2741 3199 ὲν
2771 3148 2836 3218 τῇ
2871 3145 3083 3216 ἐρήμῳ,
3125 3144 3269 3201 »καίο
3294 3162 3312 3195 ι
3360 3142 3493 3197 Ἰδοὺ
3535 3143 3641 3213 ἐγὼ
3664 3142 3793 3217 ἀπο-ξ

2228 3240 2431 3293 στέλλω
2448 3239 2538 3293 τὸν
2562 3238 2792 3308 ἄγγελόν
2830 3254 2928 3309 μου
2960 3235 3065 3308 πρὸ
3093 3235 3384 3308 προσώπου
3419 3253 3517 3290 σου
3538 3254 3552 3269 ·
3592 3257 3609 3289 ι
3637 3236 3766 3303 Ἐγὼ,

2226 3329 2286 3388 οῦ
2316 3336 2415 3404 τὴν
2433 3326 2651 3403 γένεσιν
2682 3332 2918 3405 Γαϐριὴλ
2957 3334 2986 3385 6
3013 3330 3374 3403 παρεστηκὼς
3421 3331 3653 3385 ἐνώπιον
3695 3328 3767 3383 τοῦ

2226 3429 2360 3482 Θεοῦ
2391 3427 2709 3499 παραδόξως
2754 3425 3145 3498 εὐηγγελίσατο
3171 3424 3230 3476 ὲν
3266 3425 3414 3496 γήρᾳ
3450 3423 3768 3495 γεγενημένῳ

2225 3521 2303 3593 τῷ
2338 3522 2510 3593 Πατρί
2566 3536 2698 3591 μου·
2748 3518 2910 3588 Ἐγὼ,
2947 3520 3030 3588 ἐφ’
3063 3512 3123 3573 οὗ
3157 3516 3236 3589 τῷ
3270 3516 3496 3587 ὀνόματι
3531 3515 3793 3587 Ζαχαρίας]

2226 3617 2343 3688 ἅμα
2371 3614 2613 3669 ἀπέλαϐε
2635 3615 2734 3685 τὴν
2764 3612 2969 3683 φωνὴν,
3003 3612 3098 3665 καὶ⁵
3118 3610 3178 3665 τὺ
3207 3610 3574 3681 προφητεύειν
3596 3610 3658 3664 δι’
3694 3608 3769 3661 αὑ-

2224 3708 2323 3779 τῆς
2342 3726 2354 3738 ·
2398 3706 2559 3777 Ἐγὼ,
2590 3709 2618 3760 ὁ
2645 3706 2750 3760 ὑπὸ
2777 3705 2869 3759 τοῦ
2888 3705 3094 3777 Κυρίου
3119 3720 3222 3775 μου
3244 3700 3769 3775 μαρτυρούμενος,ιὶ›ς

2224 3776 2334 3869 ἄρα
2369 3776 2571 3864 μείζων
2603 3799 2659 3850 ὲν
2681 3797 2960 3867 γεννητοῖς
2980 3776 3277 3863 γυναικῶν
3300 3790 3436 3863 ἐμοῦ
3462 3792 3638 3855 οὐδεὶς
3664 3807 3767 3857 τυγο

2224 3890 2398 3960 χάνει,
2416 3890 2534 3943 οὐδὲ
2551 3890 2619 3942 τὰ
2635 3887 2955 3959 ὑποδήματα
2972 3885 3235 3957 βαστάσαι
3262 3885 3565 3959 ἱκανόςμί)
3585 3887 3709 3957 εἰμι.
3722 3881 3770 3933 Εἰ

2222 3981 2277 4034 δὲ
2304 3980 2380 4052 μὴ
2408 3979 2478 4033 τὰ
2510 3978 2854 4050 ὑποδήματα,
2879 3978 2933 4031 τί
2954 3977 3170 4031 λεκτέον
3195 3977 3324 4049 περὶ
3346 3976 3455 4030 τῶν
3487 3974 3769 4046 ἐνδυμάτων
3792 3996 3793 3999 η

2223 4073 2422 4138 αὐτοῧὲ
2450 4073 2545 4138 Τίς
2574 4066 2730 4138 οὗτος
2764 4072 2873 4144 (45)
2896 4072 2953 4137 ὃς
2983 4071 3276 4144 ὁλόκληρον
3302 4068 3467 4125 αὑτοῦ
3494 4070 3558 4123 τὸ
3586 4067 3769 4140 ἱμάτιον
3792 4052 3793 4115 ἕ

2222 4171 2456 4240 τηρῆσαι
2483 4168 2799 4240 δυνήσεται;
2821 4166 2937 4231 Τίς,
2963 4166 3021 4230 ὃς
3046 4167 3227 4238 νοήσει
3247 4165 3337 4219 τὸν
3362 4166 3426 4219 ἐκ
3455 4164 3565 4219 τῶν
3592 4162 3770 4219 ἄνωθεν

2222 4258 2422 4329 χιτῶνα
2468 4258 2712 4331 ἀρραφον
2737 4256 2826 4310 διὰ
2873 4256 2935 4310 τὸ
2974 4257 3040 4310 δι’
3078 4256 3199 4309 ὅλου
3239 4254 3474 4325 ὑφαντὺν
3508 4254 3793 4325 τυγχάνειν,

2223 4349 2541 4404 καταλαϐεῖν
2572 4347 2630 4402 ὃν
2660 4348 2772 4419 ἔχει
2802 4346 2991 4415 λόγον;
3024 4345 3450 4420 Παρατηρητέον
3471 4345 3552 4411 δὲ,
3582 4347 3661 4398 ὅτι
3682 4344 3793 4396 τῶνς

2220 4444 2498 4518 τεσσάρων
2510 4442 2803 4515 εἰρηκότων
2817 4441 2877 4503 τὸ
2888 4441 2998 4514 (44)
3012 4443 3068 4495 ἐν
3087 4440 3238 4494 ὕδατι
3249 4439 3530 4511 ὁμολογεῖν
3546 4438 3769 4504 Ἰωάννην
3792 4480 3793 4483 η

2222 4533 2539 4606 ἐληλυθέναι
2567 4529 2870 4603 βαπτίζειν,
2898 4530 3058 4603 μόνος
3086 4528 3362 4593 Ματθαῖος
3376 4528 3555 4599 τούτῳ
3610 4526 3769 4598 προσέ-
3792 4546 3793 4579 ;

548 4619 907 4691 Evangelistis
932 4621 1234 4677 dicentibus
1264 4623 1525 4679 Joannem
1557 4624 1714 4680 fateri
1745 4638 1804 4680 se
1834 4626 2121 4681 advenisse

2228 4626 2350 4698 )qzs
2381 4629 2459 4690 τὸ,
2495 4647 2513 4678 ι
2549 4629 2628 4691 εἰς
2658 4628 2964 4699 μετάνοιανο
2997 4647 3015 4678 ι
3053 4626 3320 4680 διδάσκων
3348 4624 3411 4677 τί,
3440 4623 3551 4677 ἀπὸ
3578 4622 3669 4676 τοῦ
3698 4618 3793 4689 βωῖ

546 4710 612 4763 ad
644 4710 1028 4780 haptizaudum
1072 4712 1127 4764 in
1180 4726 1342 4781 aqua,
1378 4712 1526 4768 solus
1559 4713 1847 4770 Matthaeus
1878 4714 2007 4770 huic
2037 4715 2114 4771 rei

2228 4720 2516 4791 κτίσματος
2537 4720 2810 4791 ὠφέλειαν
2833 4719 3051 4791 ἔχεσθαι
3073 4719 3171 4790 τῆς
3192 4717 3569 4789 προαιρέσεως
3592 4714 3681 4768 τοῦ
3703 4718 3757 4784 βα
3792 4748 3793 4771 ι

546 4802 817 4858 addiderit
839 4804 910 4869 ’⁷,
940 4822 959 4855 ι
981 4803 1047 4857 ad
1077 4804 1530 4872 resipisceutiam,
1562 4824 1581 4859 ι
1624 4807 1879 4861 nimirum
1912 4807 2115 4863 docens

2228 4812 2561 4883 πτιζομένου,
2579 4812 2657 4883 τῷ
2683 4811 3029 4883 μετανοοῦντι
3057 4812 3156 4884 μὲν
3176 4809 3559 4881 ὲγγινομένην,
3584 4807 3689 4879 (65)
3712 4804 3793 4873 τῷῖ

546 4898 837 4953 utilitatem
871 4898 1110 4953 futuram
1157 4898 1500 4966 baptismatis
1533 4900 1582 4954 ei
1618 4900 1709 4969 qui
1737 4916 1800 4955 ex
1835 4901 2114 4971 proposito

2228 4904 2271 4958 se
2299 4905 2373 4977 μὴ
2410 4905 2756 4976 μετανοοῦντι
2782 4906 3060 4976 προσιόντι
3101 4906 3182 4968 είς
3209 4903 3386 4975 κρίμα
3414 4894 3793 4972 χαλεπώτερον

546 4993 934 5061 baptizaretur,
989 5010 1113 5064 qua:
1160 4996 1228 5050 ad
1263 4994 1667 5062 resipiscentem
1694 4996 2037 5063 perveniens,
2066 4995 2117 5049 ei

2228 4996 2505 5067 ἐσομένην.
2538 4995 2659 5067 Χρὴ
2690 4994 2747 5047 δὲ
2798 4993 3016 5059 εἰδέναι,
3066 4993 3168 5058 ὅτι,
3219 4992 3409 5064 ὥσπερ
3438 4992 3494 5046 αἱ
3525 4989 3666 5045 κατά
3690 4988 3793 5051 τὰς

547 5084 635 5149 qui
666 5087 949 5141 accederet
997 5104 1103 5143 non
1168 5087 1518 5157 resipiscens,
1571 5085 2113 5157 asperittsjudicium

2228 5089 2590 5161 γεγενημένας
2617 5087 2722 5141 ὑπὸ
2751 5085 2844 5140 τοῦ
2878 5086 3130 5158 Σωτῆρος
3173 5084 3470 5158 θεραπείας
3517 5082 3793 5158 τεράστια

617 5217 821 5295 illam.
847 5240 883 5287 ι,
918 5221 1003 5275 17,
1082 5223 1127 5256 ’ί
1156 5222 1262 5295 Visa.
1322 5237 1410 5287 XL,
1444 5222 1499 5276 5.
1523 5221 1618 5295 λ’
1647 5218 1876 5295 M‘alach.
1914 5237 1996 5295 ιιι,
2028 5224 2080 5277 l.

2228 5230 2231 5254 ί
2258 5226 2392 5283 Luc.
2430 5243 2472 5295 ι,
2510 5226 2564 5291 7,
2593 5226 2653 5280 ll
2686 5234 2741 5282 et
2769 5239 2887 5295 seq.
2963 5222 3008 5255 ’δ
3038 5222 3167 5277 Luc.
3193 5237 3231 5288 ι,
3264 5220 3462 5289 6⁵5,64,
3491 5218 3561 5275 67
3588 5230 3640 5273 et
3670 5231 3793 5283 sequ

550 5288 594 5317 “’
630 5287 815 5345 Matth.
849 5308 923 5356 XI,
957 5295 1041 5348 Η.
1120 5294 1168 5326 ²⁶
1186 5293 1345 5350 Joan.
1375 5308 1487 5359 χιχ,
1517 5290 1609 5347 95.
1688 5292 1733 5323 ⁸⁷
1776 5291 1966 5347 hiauit.
1994 5295 2188 5361 "1,11.

2224 5424 2376 5478 deest
2396 5422 2532 5493 εἰμί,
2559 5430 2610 5476 et
2635 5436 2760 5475 mox
2793 5420 2985 5490 legitur
3011 5419 3087 5493 Et
3104 5417 3178 5490 μὴ
3208 5416 3316 5489 γὰρ
3341 5420 3408 5473 τὰ
3432 5460 3441 5477 .
3465 5426 3575 5470 etc.
3608 5413 3768 5468 Codex

2224 5488 2548 5548 Bodleianus
2575 5488 2862 5546 lectionem
2920 5488 3307 5544 nostri'textus
3339 5495 3708 5554 reprtcsenlat.
3792 5488 3793 5554 ᾖ

2296 5562 2409 5635 (45)
2444 5565 2541 5635 Ὃς
2566 5562 2922 5635 ὁλᾴκᾷηρον.
2949 5561 3040 5615 Sic
3069 5561 3240 5617 codex
3277 5553 3641 5619 ltodleianns;
3682 5553 3793 5635 lle}

2220 5632 2949 5706 εἰιις,ιιιιιιιξ,όΑὸλόκληρον.
3042 5700 3054 5706 _
3179 5700 3210 5706 _
3275 5699 3305 5706 __
3590 5697 3626 5706 ,ι
3701 5696 3710 5704 .

2228 5697 2250 5706 ”
2290 5705 2402 5776 (4i)
2438 5705 2541 5757 Ἐν
2580 5702 2770 5776 ὕδατι.
2812 5697 2905 5756 Sic
2959 5700 3129 5755 t'odex
3179 5699 3541 5763 Bodleianus,
3590 5697 3768 5765 lii-gius

615 5772 896 5847 (tritus?
937 5774 1041 5845 ἐμὲ
1074 5776 1416 5845 ἐρχόμενος.
1465 5777 1555 5834 Sic
1592 5778 1713 5835 cod.
1749 5778 2110 5847 Bodleiauus;

2228 5772 2503 5847 perperam
2524 5774 2804 5847 ἐνδύματι.
3014 5842 3037 5847 _
3364 5840 3375 5847 ,
3521 5836 3536 5847 ,
3702 5835 3711 5847 .

544 5835 719 5918 editio
736 5845 935 5914 lluetii,
964 5835 1388 5918 μετερχόμενοςξ
2097 5835 2110 5847 ⁷

2228 5835 2233 5847 ’
2291 5835 2403 5917 (iii)
2437 5835 2519 5910 Τῷ
2545 5835 2726 5918 δὲ
2745 5842 3132 5918 μετανροῆντι
3162 5840 3489 5918 προσιόντι.
3521 5836 3597 5891 Ita
3624 5835 3766 5890 code!

616 5864 935 5914 tuouuetn,
1013 5864 1385 5918 ετερχομενος.

612 5915 724 5988 (42)
752 5918 903 5988 Ειμί.
938 5864 1010 5973 Eii
1041 5918 1108 5971 δὲ
1142 5916 1227 5988 μὴ
1265 5922 1366 5993 τὰ,
1391 5928 1493 5975 etc.
1532 5918 1587 5973 ltt
1643 5919 1882 5977 editione
1940 5920 2115 5978 lluetii

2291 5864 2403 5917 (ea)
2438 5864 2519 5910 ιῳ
2545 5864 2613 5897 οε
2640 5864 2726 5913 μη
2745 5864 3132 5916 μετιινοουντι
3162 5864 3489 5909 πρυινιω-ῖι.
3521 5864 3561 5891 ιι

2228 5918 2587 5984 Bodleiauus;
2627 5916 2845 5987 liegtus,
2891 5914 2964 5986 μὴ
2997 5913 3139 5967 οὕτω
3168 5913 3223 5965 δὲ
3266 5910 3561 5983 προσιόντι.

613 5421 730 5500 ’(39)
748 5423 859 5502 ’Ὃς
879 5425 974 5478 καὶ
1007 5426 1400 5495 παραδέδοται
1429 5425 1677 5496 πρῶτος,
1700 5436 1804 5480 etc.
1830 5426 2115 5495 Eusebius,

551 5490 689 5545 Hist.
726 5492 820 5545 lth.
859 5510 1015 5545 ttt.c.
1046 5498 1138 5545 24-
1179 5510 1235 5545 et
1283 5501 1375 5545 “IL
1428 5516 1502 5545 n-
1559 5514 1609 5545 η-
1649 5496 1756 5545 25:
1792 5497 2115 5545 Cltrvsnstn-

551 5496 689 5545 Hist.
727 5496 820 5546 lib.
859 5510 1015 5557 ttt,c.
1046 5498 1139 5561 24,
1179 5510 1235 5552 et
1282 5501 1378 5561 lib.
1428 5516 1504 5566 γι,
1559 5514 1609 5554 c.
1649 5496 1756 5564 25;
1792 5497 2117 5570 Chrysosto-

548 5582 687 5625 ntus,
720 5562 904 5620 homil.
934 5566 955 5617 1
990 5567 1041 5619 in
1073 5567 1264 5623 Matth.

547 5633 731 5757 ’ϐμιη
777 5633 881 5687 Ἐν
936 5635 1125 5691 ὕδατι.
1184 5639 1512 5694 ιὶεδιίιιιὶιιιι·
1555 5655 1586 5694 e
1632 5639 1821 5694 codice
1867 5638 2115 5693 Bodleia-

566 5721 577 5755 t
620 5742 635 5757 .

3792 5504 3793 5575 γ

3791 5792 3794 5887 l

3792 5950 3793 6013 ι
