3816 6532
49 418 135 473 εει
1064 411 1422 470 COMMENT.
1465 410 1535 467 IN
1571 411 1765 468 JOAN.
1806 409 2044 469 TOMUS
2080 411 2165 469 VI.

3203 415 3313 474 26).

46 508 193 564 αὐτοῦ
220 508 544 579 ἐπιδημίαν,
571 510 660 562 ὅτε
694 507 786 561 τὸν
818 506 1117 580 ἄνθρωπον,
1145 507 1454 579 ὑπεδήσατο
1484 505 1613 578 (55).

1732 503 1943 576 ligavit,
1980 506 2146 560 etiam
2184 513 2458 560 mortuum
2498 502 2684 576 ligavit
2713 521 2726 559 :
2762 525 2780 558 ι
2815 504 2873 560 In
2908 506 3010 562 hoc
3044 510 3188 566 enim
3220 510 3299 567 Je-

59 604 112 655 ’0
138 602 191 656 δὲ
222 602 320 656 τὸν
355 600 641 676 ἄνθρωπον
674 602 1087 674 ὑποδησάμενος
1135 601 1231 656 καὶ
1280 601 1374 654 τὸν
1428 599 1620 672 νεκρὸν

44 695 370 766 ὑπδήσατω
412 714 431 746 ι
463 695 558 757 Εἰς
587 694 746 748 τοῦτο
807 693 917 766 γὰρ
963 691 1171 765 Ἰησοῦς
1221 690 1483 757 ἀπέθανε,
1526 690 1621 743 καὶ

45 790 250 861 ἀνέστη,
281 789 375 843 ἵνα
406 788 502 842 καὶ
528 788 740 860 νεκρῶν
774 788 868 841 καὶ
897 785 1115 852 ζώντων
1167 784 1451 859 κυριεύσῃ’
1483 805 1501 836 ι
1526 784 1620 838 καὶ

40 884 115 937 διὰ
137 881 300 936 τοῦτο
331 882 512 946 ζῶντα
541 881 637 935 καὶ
668 881 861 954 νεκρὸν
890 880 1216 953 ὑπεδήσατο,
1248 877 1495 932 τουτέστι
1528 876 1619 930 τὸν

40 975 92 1027 ἑν
119 976 209 1044 γῇ,
242 974 350 1026 καὶ
380 972 471 1025 τὸν
510 974 567 1024 ὲν
604 972 727 1044 ᾅδου
751 1012 766 1034 ,
801 973 888 1025 ἴνα
922 972 1018 1025 mi.
1040 970 1248 1044 νεκρῶν
1281 971 1377 1025 καὶ
1403 968 1618 1035 ζώντων

38 1064 313 1136 κυριεύσῃ.
341 1064 439 1128 Τίς
459 1061 552 1118 οὖν
582 1063 689 1137 ἄρα
713 1062 896 1126 ἱκανὸς
920 1061 1099 1132 κύψας
1120 1061 1277 1116 λῦσαι
1300 1061 1390 1116 τὸν
1420 1061 1617 1133 ἱμάντα

36 1158 133 1212 uin:
177 1157 447 1212 τοιούτων
494 1157 882 1229 ὑποδημάτων,
947 1158 1043 1213 καὶ
1091 1156 1261 1221 λύσας
1308 1156 1383 1229 μὴ
1419 1157 1614 1220 ἐᾶσαι,

36 1253 157 1306 ἀλλὰ
187 1252 341 1305 κατὰ
384 1251 641 1322 δευτέραν
674 1250 964 1323 ἱκανότητα
998 1250 1286 1304 ἀναλαϐεῖν
1317 1250 1477 1315 αὐτὰ,
1521 1249 1617 1303 καὶ

39 1344 295 1413 βαστάσαι
314 1384 332 1408 ,
378 1342 471 1397 διά
513 1342 609 1396 τοῦ
657 1346 714 1397 ἐν
746 1346 812 1416 τῇ
862 1344 1050 1416 μνήμῃ
1082 1343 1400 1417 περιφέρειν
1430 1342 1501 1397 τὰ
1530 1360 1617 1397 νε-

36 1438 262 1506 νοημένα
284 1452 302 1501 ;

102 1529 178 1583 l9.
217 1529 319 1600 Μὴ
352 1525 710 1595 ἀνεξέταστον
739 1527 797 1581 δὲ
824 1527 1003 1582 ὲάσθω
1034 1528 1094 1581 τὸ
1138 1528 1307 1601 χωρὶς
1335 1527 1432 1581 τοῦ
1467 1546 1485 1579 t
1514 1526 1613 1580 κύ-

32 1620 127 1688 ψας
151 1638 170 1672 ι
203 1619 421 1691 ὁμοίως
455 1619 606 1692 παρὰ
654 1619 732 1690 τῷ
766 1620 953 1692 Λουκᾷ
994 1621 1090 1674 καὶ
1131 1622 1350 1694 Ἰωάννῃ
1389 1621 1615 1692 εἰρημέ-

32 1728 127 1763 νον.
153 1712 265 1766 Καὶ
315 1711 464 1783 τάχα
514 1711 786 1782 ἐνδέχεται
823 1712 921 1784 μὲν
964 1712 1214 1783 κύψαντα
1258 1712 1416 1767 λῦσαι
1473 1715 1616 1768 κατὰ

32 1800 83 1856 τὸ
109 1802 534 1875 προειρημένον*
565 1801 782 1858 δυνατὸν
819 1803 876 1857 δὲ
907 1805 1002 1858 καὶ
1021 1845 1035 1871 ,
1088 1805 1150 1858 τὸ
1178 1805 1467 1877 ἀνάστημα
1519 1804 1612 1860 τοὺ

30 1896 127 1948 ἀπὺ
154 1896 250 1950 τοῦ
307 1897 495 1967 Λόγου
534 1898 853 1971 ὲπάρματος
884 1896 1218 1966 φυλάττοντα
1237 1940 1250 1963 ,
1302 1898 1481 1970 εὑρεῖν
1512 1898 1609 1970 τὴν
1643 1879 1686 1937 Β

31 1989 170 2044 λύσιν
212 1992 333 2045 τῶν
368 1994 428 2045 ἐν
457 1992 536 2064 τῷ
578 1991 857 2064 ζητεῖσθαι
889 1991 1187 2063 δεδεμένων
1223 1993 1603 2065 ὑποδημάτων

28 2083 125 2147 ινα,
163 2087 232 2139 τὰ
265 2087 419 2142 αὑτά
441 2105 530 2151 τις
562 2087 728 2150 λύσας
760 2084 867 2139 τῶν
908 2085 1190 2158 χωριστῶν
1219 2085 1605 2157 ὑποδημάτων,

30 2172 102 2246 ιδῃ
128 2177 302 2246 Λόγον
333 2179 545 2251 γυμνὸν
576 2178 685 2232 τῶν
712 2175 1113 2252 ὑποδεεστέρων
1148 2174 1268 2230 καθ’
1292 2175 1455 2230 αὑτὸν
1480 2174 1607 2229 Υἱδν

26 2271 110 2323 τοῦ
134 2270 296 2326 Θεοῦ.

84 2450 171 2507 20.
214 2450 294 2504 Οὐ
323 2449 530 2505 ταυτὸν
569 2450 625 2505 δὲ
653 2452 715 2506 τὸ
759 2472 777 2504 t
811 2451 885 2525 μὴ
920 2448 1058 2507 εἶναι
1091 2452 1276 2509 ἱκανὸν
1301 2472 1320 2505 ι
1364 2451 1444 2524 τῷ
1482 2472 1500 2505 ι
1532 2454 1607 2526 μὴ

25 2540 152 2598 εἶναι
198 2545 428 2612 ﬁrmi,»
469 2547 773 2618 ἀναγράφει
813 2548 842 2599 ὁ
888 2548 1173 2619 Ἰωάννης·
1226 2546 1450 2601 δυνατὸν
1500 2545 1608 2616 γὰρ

25 2638 94 2709 μὴ
117 2639 245 2692 ὂντα
273 2638 437 2704 ἀξιον
467 2637 718 2706 γενέσθαι
746 2639 930 2693 ἱκανόν
948 2655 961 2669 ·
997 2638 1221 2693 δυνατὸν
1248 2638 1305 2692 δὲ
1338 2639 1433 2691 καὶ
1458 2636 1609 2702 ἄξιον

22 2727 139 2783 ειν-..α
196 2729 442 2802 μηδέπω
493 2726 633 2784 εἶναι
676 2731 880 2786 ἱκανόν.
940 2733 1003 2785 Εἰ
1050 2731 1159 2805 γὰρ
1205 2733 1302 2785 καὶ
1358 2730 1497 2805 πρὸς
1547 2730 1609 2784 τὸ

22 2824 291 2895 συμφέρον
321 2822 527 2877 δίδοται
564 2824 634 2878 τὰ
665 2825 979 2897 χαρίσματα
998 2866 1013 2889 ,
1049 2825 1144 2879 καὶ
1174 2825 1235 2878 οὑ
1267 2824 1427 2897 μόνον
1467 2823 1609 2878 κατὰ

24 2917 113 2985 τὴν
160 2918 473 2985 ἀναλογίαν
523 2917 627 2988 τῆς
675 2917 939 2985 πίστεως,
987 2917 1369 2991 φιλανθρώπου
1408 2918 1475 2972 ἂν
1520 2917 1607 2991 εἴη

22 3008 141 3061 θεοῦ
202 3009 417 3081 ἔργον,
470 3010 859 3081 προορωμένου
929 3008 1133 3082 βλάϐην
1183 3009 1293 3065 άπὸ
1345 3010 1610 3082 οἰήματος

22 3102 585 3174 ὲπακολουθήσοντος,
629 3102 1050 3174 ἢφυσιώσεως,
1087 3102 1149 3156 τὸ
1199 3104 1292 3157 καὶ
1337 3100 1416 3174 τῷ
1472 3100 1609 3174 ἀξίῳ

1721 612 1814 652 sus
1844 607 2092 653 mortuus
2115 606 2218 662 est,
2243 608 2299 653 et
2324 599 2649 666 resurrexit,
2677 608 2734 653 ut
2759 610 2814 653 et
2856 600 3088 657 mortuis
3136 611 3191 657 et
3225 605 3302 657 vi~

1720 694 1971 750 ventibus
2007 693 2320 749 dominetur
2350 692 2432 757 ⁸⁶;
2477 713 2495 746 ι
2530 690 2685 767 [(56)
2710 694 2780 747 ob
2819 708 3049 765 eamque
3079 710 3305 751 causam

1719 799 1774 841 et
1811 786 1996 841 vivum
2043 795 2095 840 et
2127 793 2401 841 mortuum
2432 786 2635 856 ligavit,
2667 785 2722 840 id
2749 795 2830 840 est
2869 795 2924 841 et
2965 800 3088 839 eum
3122 786 3215 857 qui
3256 787 3305 839 in

1722 888 1888 945 terra,
1910 888 2102 934 etcum
2134 879 2226 949 qui
2257 879 2492 947 estapud
2515 878 2741 944 inferos,
2780 888 2841 932 ut
2871 888 2926 934 et
2956 879 3010 934 iu
3041 879 3181 935 vivis
3211 880 3301 933 do-

1719 970 1958 1024 minetur
1984 979 2041 1025 et
2070 970 2123 1023 in
2156 968 2439 1042 mortuis.]
2471 969 2603 1038 Quis
2649 985 2779 1042 ergo
2812 970 3040 1026 idoneus
3070 981 3156 1027 est
3176 986 3299 1042 pro-

1718 1064 1982 1117 cumbens
2012 1062 2231 1118 solvere
2247 1063 2538 1133 corrigiam
2566 1063 2753 1118 talium
2782 1063 3298 1129 calceamentorum,

1716 1170 1887 1227 eaque
1914 1156 2092 1211 soluta
2123 1171 2231 1211 non
2261 1156 2673 1221 dimittere,sed
2707 1173 2771 1212 ex
2806 1156 2974 1211 altera
3003 1158 3297 1215 idoneitate

1715 1265 1777 1305 ea
1821 1250 2065 1321 recipere
2095 1259 2150 1304 et
2182 1264 2418 1318 gestare,
2444 1265 2510 1307 eo
2536 1252 2679 1322 quod
2715 1252 3070 1308 circumferat
3096 1251 3151 1308 in
3178 1266 3293 1306 me-

1717 1343 1886 1397 moria
1919 1358 2042 1413 quaz
2071 1342 2451 1399 intellexerit?

1748 1552 1762 1561 ‘
1785 1546 1872 1602 i9.
1906 1546 2017 1602 Nec
2039 1545 2171 1602 illud
2196 1547 2407 1604 sinatur
2434 1549 2724 1613 intactum,
2752 1548 2978 1617 Lucam,
3010 1548 3292 1606 similiter-

1719 1655 1824 1711 que
1850 1641 2114 1697 Joannem
2166 1656 2377 1709 vocem,
2410 1662 2428 1694 ι
2467 1644 2836 1711 procumbens
2869 1642 2940 1707 ",
2970 1660 2988 1694 ι
3018 1642 3292 1697 omisisse.

1720 1734 1785 1787 Et
1816 1733 2071 1789 fortassis
2115 1734 2340 1804 quidem
2373 1735 2640 1806 contingit
2671 1744 2729 1788 ut
2770 1734 2862 1804 qui
2916 1733 3293 1805 procubuerit,

1714 1828 1912 1893 solvat,
1934 1828 2093 1894 juxta
2126 1827 2180 1883 id
2211 1826 2355 1897 quod
2396 1835 2481 1883 est
2511 1827 2758 1892 dictum;
2797 1826 2895 1882 sed
2940 1825 3103 1881 facile
3148 1825 3297 1881 factu

1713 1927 1797 1974 cst
1825 1920 1989 1973 etiam
2020 1928 2082 1974 ut
2119 1919 2211 1990 qui
2258 1921 2515 1974 observat
2558 1916 2903 1972 altitudinem
2934 1916 3202 1973 intervalli
3238 1927 3296 1972 et

1713 2012 1875 2080 spatii
1915 2011 2238 2067 exsistentis
2271 2028 2300 2065 a
2342 2013 2502 2083 Λόγῳ
2529 2010 2691 2083 [Filio
2716 2008 2861 2082 Dei,]
2899 2010 3143 2066 inveniat
3177 2009 3294 2066 cal-

1711 2113 2121 2159 ceamentorum
2168 2103 2517 2170 solutionem,
2569 2118 2709 2173 qum,
2747 2117 2869 2157 cum
2901 2103 3025 2173 quis
3051 2117 3112 2156 ea
3140 2118 3292 2173 quaa-

1712 2198 1801 2259 rit,
1841 2196 2003 2267 ligata
2034 2206 2324 2266 apparent,
2377 2204 2437 2250 ut
2472 2211 2534 2250 ea
2579 2196 2701 2266 quis
2732 2211 2856 2251 cum
2912 2195 3136 2251 solverit
3179 2195 3291 2249 cal-

1710 2297 2015 2353 t-earnenta,
2047 2303 2170 2358 qua:
2203 2286 2535 2356 separabilia
2579 2297 2729 2354 sunt,
2761 2287 2944 2342 videat
2969 2285 3139 2357 Λόγον
3171 2284 3291 2358 [Dei

1709 2377 1931 2450 Filium]
1963 2393 2059 2447 per
2094 2390 2153 2432 se
2193 2378 2400 2432 nudum
2436 2377 2603 2433 rebus
2630 2375 3006 2432 inferioribus.

1787 2470 1946 2543 136
1990 2469 2081 2525 20.
2120 2468 2420 2525 Perscribit
2468 2478 2647 2526 autem
2694 2468 2931 2526 Joannes
2956 2467 3003 2500 ³⁸
3047 2483 3063 2522 :
3103 2484 3124 2519 ι
3174 2464 3293 2523 Non

1710 2580 1831 2618 sum
1856 2580 1958 2632 ego
1988 2563 2206 2634 dignus,
2247 2582 2265 2615 ι
2294 2562 2439 2634 quod
2462 2561 2605 2620 idem
2638 2577 2746 2619 non
2782 2572 2866 2618 est
2893 2576 3017 2617 cum
3039 2560 3144 2616 illis
3172 2574 3294 2615 ver-

1711 2656 1796 2712 bis
1825 2655 1870 2688 "
1900 2671 1917 2710 :
1957 2673 1977 2708 ι
2018 2654 2137 2713 Non
2169 2671 2292 2712 sum
2319 2670 2421 2727 ego
2446 2656 2707 2724 idoneus;
2735 2674 2755 2707 ι
2792 2653 2909 2710 fieri
2944 2654 3100 2724 enim.
3115 2659 3297 2724 potest

1710 2747 1879 2818 utqui
1907 2748 2103 2818 dignus
2120 2763 2225 2804 non
2257 2748 2442 2813 sit,sit
2466 2747 2942 2815 idoneus;contra
2972 2747 3066 2817 qui
3100 2746 3296 2818 dignus

1710 2839 1803 2902 sit,
1841 2839 2080 2893 nondum
2114 2840 2186 2895 sit
2219 2840 2469 2895 idoneus.
2502 2839 2561 2895 Si
2590 2840 2736 2896 enim
2760 2841 2927 2896 etiam
2960 2840 3027 2895 ad
3062 2840 3113 2896 id
3144 2840 3291 2910 quod

1709 2929 1928 2999 expedit
1953 2930 2078 2985 data
2109 2941 2240 2986 sunt
2289 2932 2430 2986 dona
2457 2931 2530 2998 ⁸ο,
2576 2946 2678 2988 nec
2717 2930 2772 2987 id
2825 2940 3035 2985 tantum
3070 2947 3136 2985 ex
3174 2944 3296 3000 pro-

1710 3022 1960 3092 portione
1993 3021 2141 3089 fidei,
2191 3024 2285 3079 Dei
2327 3024 2625 3080 humanum
2673 3038 2847 3096 genus
2886 3022 3122 3079 amantis
3170 3021 3292 3078 oili-

1711 3113 1853 3169 cium
1883 3114 1991 3171 erit
2015 3115 2367 3186 prmvidentis
2402 3124 2794 3173 nocumentum
2831 3131 2898 3171 ex
2938 3115 3179 3171 elatione
3205 3116 3293 3172 vel

20 3198 137 3249 ποτὲ
188 3197 270 3269 μὴ
333 3196 539 3252 διδόναι
595 3198 696 3272 τὴν
754 3199 1065 3271 ὶκανότητα.
1128 3198 1343 3252 Οξκεῖον
1396 3196 1453 3251 δὲ
1512 3196 1610 3267 τῆς

1718 3204 1991 3263 inﬂatione
2037 3207 2375 3275 insecutura,
2419 3220 2489 3262 ne
2518 3206 2682 3277 digno
2724 3207 2942 3277 quidem
3000 3207 3294 3279 aliquando

20 3290 391 3361 γρηστότητος
427 3290 524 3344 τοῦ
557 3289 692 3344 Θεοῦ
740 3291 897 3362 νικᾷν
940 3292 999 3345 ὲν
1030 3291 1109 3362 τῷ
1159 3292 1469 3363 εὐεργετεῖν
1518 3287 1608 3343 τὸν

1718 3298 2064 3357 idoneitatem
2118 3300 2269 3356 dare.
2324 3299 2811 3357 Accommodatum
2866 3309 2952 3355 est
2992 3310 3172 3355 autem
3221 3299 3290 3356 ad

18 3380 479 3454 εὸεργετούμενον
524 3382 980 3455 προλαμόάνοντα
1013 3384 1103 3438 τὸν
1135 3384 1394 3455 ἐσόμενον
1437 3381 1606 3449 ἄξιον,

19 3474 102 3524 καὶ
133 3474 270 3545 πρὶν
314 3474 550 3546 γένηται
589 3475 737 3540 ἄξιος
772 3474 1083 3547 κοσμοῦντα
1131 3475 1293 3530 αὑτὸν
1326 3479 1391 3549 τῇ
1432 3477 1611 3530 ἱκανό-

16 3579 147 3635 τητι,
173 3567 267 3620 ἵνα
307 3568 458 3638 μετὰ
484 3569 585 3639 τὴν
632 3568 925 3640 ἱκανότητα
958 3568 1087 3642 ἔλθῃ
1128 3569 1221 3623 ἐπὶ
1253 3569 1315 3623 τὸ
1353 3570 1609 3639 γενέσθαι

16 3657 174 3724 ἄξιος,
205 3661 312 3714 καὶ
351 3660 430 3731 μὴ
462 3661 681 3725 πάντως
709 3661 821 3732 (57)
854 3661 960 3715 ἀπὸ
981 3661 1074 3715 τοῦ
1112 3657 1253 3717 εῖναι
1283 3662 1433 3730 ἄξιος
1475 3662 1609 3732 φθά-

16 3769 112 3806 νων
155 3755 255 3809 τὸν
290 3753 667 3827 δωρούμενον,
703 3754 799 3808 καὶ
848 3753 1137 3826 προλαϐὼν
1171 3753 1338 3808 αὑτοῦ
1372 3753 1471 3819 τὰς
1512 3754 1611 3825 χά-

17 3861 180 3914 ριτας,
206 3846 357 3920 ἔλθῃ
388 3848 482 3900 ἐπὶ
508 3847 570 3900 τὸ
596 3846 852 3916 γενέσθαι
888 3846 1087 3910 ἱκανός.
1131 3847 1190 3900 '0
1218 3847 1397 3901 τοίνυν
1438 3846 1611 3901 Ἰωάν-

16 3950 99 4006 νης
134 3939 279 4007 φησι
327 3937 489 4010 παρὰ
532 3939 634 4009 μὲν
685 3941 799 4003 τοῖς
841 3938 1018 4011 τρισὶν
1060 3937 1162 3991 οὑκ
1200 3932 1339 3991 εἶναι
1389 3937 1607 4000 ἱκανὸς,

16 4030 157 4100 παρὰ
205 4030 271 4083 δὲ
334 4029 418 4100 τῷ
460 4030 684 4101 Ἰωάννῃ
733 4030 835 4086 οὐκ
885 4026 1026 4085 εἶναι
1090 4028 1261 4096 ἄξιος.
1312 4030 1426 4084 Οὐκ
1472 4030 1609 4083 άπο-

15 4122 247 4178 ιὶείεται
280 4124 348 4178 δὲ
382 4124 440 4187 ὅς
472 4140 537 4192 γε
576 4120 772 4192 ἔλεγεν
817 4122 1031 4178 οὐδέπω
1081 4121 1159 4177 ὣν
1219 4123 1404 4186 ἱκανὸς
1451 4139 1610 4191 γεγο-

11 4216 150 4270 νέναι
178 4217 409 4280 ἱκανὸς,
438 4218 487 4270 εἱ
521 4216 615 4271 καὶ
656 4216 731 4288 μὴ
760 4215 909 4281 ἄξιός
939 4234 1026 4270 πω
1052 4211 1121 4288 ἦν
1140 4232 1154 4246 ⁸
1195 4216 1291 4270 κα)⁵
1325 4216 1487 4269 πάλιν
1520 4218 1609 4270 ὅτε

14 4304 189 4377 Ωεγεν
213 4309 330 4361 οὐκ
365 4303 508 4360 εἶναι
540 4305 693 4373 ἄξιος
730 4306 830 4358 οὑκ
868 4303 944 4358 ὢν
974 4304 1143 4371 ἄξιος,
1192 4304 1489 4375 ἐφθακέναι
1518 4307 1610 4359 ἐπὶ

18 4398 65 4452 ὡ
89 4400 398 4470 γεγονέναι
433 4399 617 4467 ἀξιος⁶
660 4400 710 4452 εἰ
747 4396 822 4470 μὴ
854 4398 962 4471 ἄρα
990 4415 1076 4463 τις
1107 4399 1225 4472 ἐρεῖ
1256 4398 1350 4453 ἐπὶ
1394 4400 1456 4452 τὸ
1489 4401 1610 4454 κατ’

14 4490 159 4558 ἀξίαν
194 4493 307 4565 τῆς
351 4492 563 4557 λύσεως
610 4492 707 4547 καὶ
759 4491 1072 4564 βαστάξεως
1125 4490 1242 4563 (58)
1293 4492 1495 4557 αὑτῶν,
1535 4491 1610 4565 μὴ

1712 3401 1964 3449 naturam
1993 3393 2255 3450 bonitatis
2284 3393 2402 3461 Dei,
2452 3393 2679 3450 vincere
2721 3394 2776 3449 in
2818 3392 3169 3449 conferendis
3203 3394 3295 3449 be-

1709 3485 1921 3541 neficiis
1946 3499 2070 3541 eum
2101 3486 2155 3541 in
2199 3501 2359 3555 quem
2410 3486 2679 3542 beneficia
2712 3485 3102 3553 conferuntur,
3150 3486 3295 3541 anti-

1708 3579 2002 3650 cipareque
2030 3594 2178 3643 eum,
2208 3579 2300 3648 qui
2327 3579 2523 3651 dignus
2554 3579 2769 3633 futurus
2787 3587 2890 3642 est,
2911 3586 3073 3648 atque
3094 3590 3297 3632 ornare

1710 3669 2027 3735 idoneitate,
2061 3678 2120 3723 ut
2145 3675 2269 3740 post
2296 3669 2648 3724 idoneitatem
2701 3678 3030 3739 assequatur
3059 3684 3182 3724 esse
3208 3668 3258 3721 di
3286 3697 3301 3711 ι

1709 3758 2280 3832 guusznetalisdignu
2328 3758 2550 3813 omnino
2584 3773 2704 3813 cum
2734 3756 2918 3825 fuerit,
2955 3758 3296 3829 praeveniens

1712 3851 1880 3905 Deum
1909 3864 2138 3906 munera
2169 3847 2518 3919 largientem,
2555 3849 2834 3920 ipsiusque
2860 3851 3069 3921 gratias
3090 3850 3293 3915 antici-

1710 3957 1865 4013 pans,
1908 3942 1977 3997 ad
2020 3942 2122 3996 hoc
2156 3941 2427 4012 pertingat
2472 3948 2533 3996 ut
2567 3940 2640 3995 sit
2675 3940 2926 3996 idoneus.
2964 3941 3106 4011 Ergo
3145 3938 3293 4010 apud

1711 4046 1823 4091 tres
1855 4032 2219 4103 evangelistas
2252 4046 2313 4087 se
2348 4046 2453 4086 non
2487 4046 2611 4087 esse
2661 4032 2916 4086 idoneum
2962 4032 3146 4104 inquit
3188 4030 3296 4086 Ba-

1709 4126 1898 4198 ptista,
1934 4125 2072 4196 apud
2106 4122 2372 4179 Joannem
2401 4132 2583 4179 autem
2620 4140 2725 4180 non
2757 4140 2875 4180 esse
2909 4125 3153 4195 dignum.
3180 4123 3296 4182 Nec

1709 4217 1952 4290 profecto
2000 4217 2095 4289 qui
2129 4216 2354 4273 dixitse
2406 4217 2645 4272 nondum
2692 4219 2961 4273 exsistere
2992 4218 3293 4289 idoneum,

1709 4308 2037 4373 excluditur,
2067 4309 2159 4378 qui
2193 4307 2370 4363 factus
2399 4305 2566 4363 fuerit
2610 4316 2795 4377 postea
2828 4307 3091 4374 idoneus,
3123 4308 3290 4363 etiam

1710 4403 1755 4457 si
1784 4401 2021 4456 nondum
2059 4401 2256 4472 dignus
2290 4410 2475 4467 esset;
2506 4401 2599 4470 qui
2639 4399 2882 4455 vicissim
2909 4415 3033 4456 cum
3066 4400 3205 4455 dixit
3233 4413 3294 4457 se

1711 4508 1817 4548 non
1848 4508 1968 4549 esse
1998 4494 2242 4565 dignum,
2272 4508 2397 4548 cum
2436 4509 2542 4548 non
2576 4501 2728 4548 esset
2777 4492 3009 4563 dignus,
3044 4507 3155 4550 non
3202 4506 3299 4548 cx-

10 4586 299 4657 ppoﬁcav
331 4584 440 4655 τὴν
497 4584 699 4657 θνητὴν
749 4585 911 4655 φύσιν
955 4586 1113 4657 ἥκειν
1167 4584 1319 4652 ποτε,
1350 4584 1611 4655 ἀληθευό-

1718 4586 1970 4650 rluditur,
1999 4585 2129 4656 quin
2158 4586 2225 4640 ad
2262 4585 2368 4641 hoc
2388 4601 2495 4640 non
2519 4583 2806 4656 perligerit
2825 4593 2884 4639 ut
2907 4588 3053 4639 esset
3074 4584 3293 4655 dignus.

12 4696 165 4749 μενον
190 4681 356 4753 ἒχειν
390 4678 450 4732 τὺ
491 4678 761 4751 μηδέποτε
803 4677 1058 4749 γενέσθαι
1110 4675 1294 4732 ἱκανὸν
1325 4675 1485 4731 λῦσαι
1520 4677 1610 4731 τὸν

1715 4677 1827 4734 Nisi
1886 4678 2027 4734 forte
2054 4679 2177 4749 quis
2207 4678 2459 4736 dicturus
2486 4687 2591 4747 est,
2620 4693 2686 4734 eo
2717 4678 2863 4748 quod
2895 4678 3144 4733 mortalis
3196 4694 3296 4732 na-

12 4772 204 4844 ιμάντα
236 4776 367 4829 τῶν
410 4773 796 4845 ὑποδημάτων,
823 4773 919 4828 καὶ
951 4770 1101 4837 ἄξιον
1140 4770 1237 4826 τοῦ
1273 4770 1439 4825 αὑτοῦ
1460 4788 1473 4802 ·
1510 4771 1613 4826 ὅσα

1718 4782 1832 4826 tura
1865 4786 1973 4827 non
2013 4786 2188 4840 capax
2213 4771 2286 4825 sit
2315 4785 2493 4842 neque
2525 4771 2701 4841 possit
2734 4771 2823 4827 illo
2862 4771 3174 4842 pertingere
3196 4768 3297 4823 ali—

12 4863 63 4919 Ιὲ
86 4866 180 4919 ἐὰν
226 4866 614 4939 χωρήσωμεν,
641 4864 723 4919 ἔτι
758 4863 1111 4919 ὑπολείπεται
1145 4862 1212 4917 τὰ
1258 4862 1484 4934 μηδέπω
1526 4879 1613 4916 νε-

1718 4866 1932 4936 quando
1967 4873 2026 4919 ut
2066 4864 2437 4920 calceamenta
2485 4864 2602 4935 ipsa
2636 4863 2853 4919 solvere
2881 4872 3045 4933 atque
3078 4873 3294 4931 gestare

12 4963 275 5030 ηεημέναν
333 4978 358 5011 α
397 4960 550 5013 Ἐπεὶ
598 4959 727 5013 ὅταν
773 4957 1069 5031 συντελέσῃ
1119 4956 1440 5029 ἄνθρωπος,
1490 4956 1613 5010 τότε

1718 4956 1910 5028 possit,
1938 4964 1996 5009 ut
2026 4954 2246 5026 dignum
2280 4965 2366 5011 est
2393 4955 2527 5026 ipsis
2554 4995 2570 5020 ,
2602 4953 2868 5010 Joannem
2901 4968 3031 5009 vera
3062 4968 3293 5008 narran-

12 5048 253 5122 ἂρχεται·
290 5050 400 5106 καὶ
422 5052 547 5105 ὅταν
576 5049 767 5125 παύσῃ
798 5049 932 5123 (59),
959 5050 1081 5103 τότε
1117 5050 1550 5123 ἀπορηθήσεται,
1583 5069 1603 5103 ›

1718 5059 1825 5105 lem
1858 5047 2061 5103 habere
2088 5048 2246 5112 illud,
2284 5056 2344 5101 ut
2378 5061 2655 5116 nunquam
2681 5045 2848 5098 fuerit
2878 5043 3105 5098 idoneus
3142 5056 3208 5099 ac
3229 5058 3299 5099 ne

0 5144 143 5209 [me
171 5145 283 5215 τὴν
319 5141 504 5214 Ἰησοῦ
536 5141 658 5196 υἱοῦ
681 5142 881 5214 Σειράχ
905 5141 1126 5211 Σοφίαν.

1718 5143 1916 5211 dignus
1946 5139 2170 5211 quidem
2208 5140 2422 5197 solvere
2457 5138 2747 5208 corrigiam
2798 5136 3296 5209 calceamentorum

12 5250 101 5307 pro
145 5237 434 5309 dignitate
481 5236 652 5305 ipsius
705 5234 946 5300 Christi;
990 5235 1145 5306 quia,
1173 5234 1426 5306 quamvis
1474 5235 1642 5291 multa
1690 5234 2001 5307 cognitione
2044 5234 2411 5305 percepimus,
2453 5231 2629 5288 adhuc
2677 5229 3054 5301 relinquantur
3111 5242 3305 5293 tamex.

74 5407 117 5438 ⁸⁸
144 5408 314 5462 Rom.
356 5421 469 5470 xlv,
509 5404 563 5460 9.
642 5404 686 5435 ³⁷
716 5403 881 5460 Marc.
911 5421 948 5468 I,
977 5405 1031 5461 7.
1123 5404 1168 5437 ³⁸
1190 5402 1347 5461 Joan.
1377 5421 1418 5471 ι,
1447 5405 1539 5461 27.

1718 5404 1857 5462 lare.
1886 5421 1924 5473 ι,
1947 5405 1998 5459 7.
2076 5404 2123 5438 ⁸ο
2158 5405 2318 5461 Rom.
2350 5408 2449 5473 xu,
2479 5399 2539 5456 6.

78 5566 190 5644 (ᾖ)
269 5561 688 5644 ’Υπεδήσατᾳ
727 5560 785 5644 in
820 5559 1009 5644 codice
1049 5561 1378 5644 Bodleiano.
1404 5561 1605 5644 legitur

1718 5562 2040 5644 P'QE‘ﬂuﬁ.
2258 5632 2292 5644 η
2350 5632 2363 5644 .
2464 5630 2501 5644 ,ε

148 5630 345 5698 iraa—to,
407 5636 602 5713 sicque
656 5633 784 5713 legit
838 5632 1173 5713 ferrarius;
1204 5634 1405 5713 “venit
1456 5630 1604 5713 ξενίη]

1718 5630 1727 5634 ’
1783 5632 2432 5713 (ἕῖ)-ἶ¹ᾴνῖως·ἒ⁰⁴¹θκ
2464 5630 3045 5713 β⁰ί¹¹θῖ²ῑηὶὶθνῗτάνῗῗς
3106 5668 3149 5713 .'
3208 5698 3222 5711 .

14 5709 280 5789 mg:
296 5724 333 5789 ξ.
359 5699 527 5787 male;
554 5718 678 5757 nam
707 5699 964 5789 alittditur
999 5706 1063 5789 ad
1094 5702 1418 5789 ὑποδήματα
1456 5700 1601 5789 idem

1727 5774 1743 5789 .
1779 5699 2030 5789 (58),Κῴ
2055 5702 2436 5769 βαστάξεως.
2469 5702 2525 5758 In
2550 5702 2707 5757 codd.
2729 5702 2897 5771 Regio
2917 5710 2969 5757 et
2998 5699 3301 5757 Barberino

0 5780 170 5843 {codex
190 5775 536 5831 Bodleianus
560 5788 690 5827 mox
717 5772 1330 5845 ιιιιιιεῑὺποδησάμενος,
1360 5784 1414 5828 et
1444 5772 1605 5844 paulo
1710 5772 2002 5832 ὀεεεικαί.

14 5855 125 5917 pst
156 5848 247 5903 bis
268 5844 623 5917 ,ὑπεδύσατοσ
665 5912 677 5917 _
998 5913 1010 5917 _
1208 5912 1237 5917 Α
1313 5912 1324 5917 Α
1408 5914 1419 5917 Α
1783 5843 1897 5917 (59)
1931 5845 2112 5903 Codex
2138 5844 2489 5913 Bodleianus,
2516 5842 2796 5914 παύσηται

14 5855 125 5919 μςι
156 5855 247 5903 bis
282 5855 623 5899 ὺπεδύσατο.

80 5917 185 5987 (56)
231 5916 375 5973 [lac
400 5931 430 5972 a
463 5912 716 5971 Ferrariu
740 5913 1126 5983 prmtermissa,
1155 5929 1185 5968 ε
1206 5912 1457 5970 Pcriouio
1481 5928 1605 5985 snp-

1783 5855 1897 5917 (59)
1931 5855 2112 5903 Codex
2138 5855 2489 5913 Bodleianus,
2516 5855 2818 5914 παύσηται.
