3866 6602
586 431 693 489 eos
2044 431 2369 489 ORIGENIS
3695 450 3768 508 εει

588 552 759 608 multa
815 553 1053 606 nondum
1086 550 1360 606 intellecta
1394 570 1407 605 :
1440 570 1458 603 ι
1502 550 1768 619 Quoniam
1803 567 1927 608 cum
1959 552 2252 608 absolverit
2292 555 2472 619 homo,
2505 560 2633 610 tunc
2658 553 2850 624 incipit
2891 572 2904 607 :
2946 563 3001 611 et
3031 570 3155 612 cum
3188 557 3475 628 quieverit,
3510 566 3617 616 tunc
3643 563 3770 619 iucer.

587 658 674 705 tus
701 648 826 716 erit,
866 668 886 702 ι
916 649 1071 720 juxta
1101 646 1230 704 Jesu
1270 647 1361 703 ﬁlii
1395 648 1587 704 Sirach
1620 648 1954 719 Sapientiam
1980 649 2047 703 δι.

652 747 744 803 2|.
781 749 975 802 Adhuc
1013 747 1079 803 de
1110 747 1319 803 calceis
1357 748 1501 802 hunc
1532 748 1585 801 in
1616 748 1835 801 modum
1868 747 2009 818 apud
2049 757 2133 802 tre

2339 748 2429 802 21.
2474 747 2595 802 Ἔτι
2646 748 2775 819 περὶ
2830 748 2938 803 τῶν
2974 748 3340 820 ὑποδημάτων
3385 748 3490 802 τῶν
3535 751 3661 823 παρὰ
3695 758 3773 821 τοῖς

578 837 945 909 evangelistas
973 837 1271 893 nominatis
1312 838 1682 900 disseramus,
1731 835 1853 891 illos
1883 836 2133 891 conferen

2269 839 2448 911 τρισὶν
2484 837 2662 903 οὓτως
2690 838 3103 911 ὀνομασθέντων
3131 838 3538 909 εύαγγελισταῖς
3573 839 3775 895 διαλάϐω-
3805 882 3807 891 .

580 938 661 983 tes
695 943 818 983 cum
859 928 953 983 illo
993 928 1179 984 calceo
1212 930 1303 998 qui
1358 928 1498 998 apud
1533 927 1859 999 discipulum
1897 926 2133 984 Joanner

2272 949 2392 1002 μεν,
2453 931 2839 1004 συγκρίνοντες
2897 934 3082 986 ἐκεῖνα
3278 931 3431 1004 παρὰ
3484 931 3556 1003 τῷ
3611 933 3773 1007 μαθητῇ

579 1035 813 1075 numero
829 1021 1089 1093 singulari
1106 1023 1470 1077 nominatum
1494 1019 1608 1075 Non
1627 1036 1780 1075 sum»
1803 1020 1949 1075 enim
1977 1036 2129 1091 «ego,

2277 1024 2500 1097 Ἰωάννῃ
2530 1026 2723 1090 ἑνικῶς
2754 1025 3142 1096 ὀνομασθέντι·
3184 1045 3201 1077 ι
3231 1026 3347 1081 οὐκ
3380 1028 3532 1098 εἰμὶι
3564 1027 3671 1099 γὰρ,
3702 1046 3775 1101 φη-

580 1112 781 1183 inquit,
816 1129 833 1160 ι
868 1115 1085 1183 dignus,
1111 1125 1170 1170 ut
1208 1115 1414 1170 solvam
1436 1114 1552 1184 ejus
1606 1114 1902 1185 corrigiam
1948 1113 2163 1170 calcea-

579 1207 748 1261 menti
777 1207 843 1262 δ’.
886 1227 906 1261 ι
942 1208 1214 1263 Fortassis
1250 1208 1416 1277 igitur
1451 1206 1623 1261 victus
1650 1222 1679 1261 a
1720 1207 1813 1262 Dei
1847 1208 2021 1279 gratia
2047 1223 2161 1261 mu-

584 1315 686 1355 nus
714 1303 924 1372 acccpit
966 1302 1231 1374 (nondum
1267 1300 1503 1370 alioqui,
1545 1311 1813 1372 quantum
1848 1302 1901 1356 in
1935 1317 1993 1357 se
2017 1311 2158 1367 erat,

580 1390 773 1458 dignus
807 1391 1098 1462 exsistens)
1137 1390 1378 1447 solvendi
1424 1393 1723 1462 corrigiam
1772 1393 2000 1449 alterius
2043 1394 2158 1448 cal-

575 1491 1008 1547 ceamentorum,
1045 1498 1169 1537 cum
1222 1486 1594 1554 perspexisset
1632 1484 1775 1539 illius
1807 1485 1950 1540 inter
1984 1485 2159 1540 homi-

577 1582 674 1621 nes
712 1568 1029 1636 adventum,
1072 1570 1138 1625 de
1161 1584 1271 1640 quo
1299 1581 1355 1625 et
1383 1572 1730 1628 testiﬁcatur.
1761 1571 1870 1627 Sed
1899 1574 2155 1644 quoniam

573 1659 858 1715 deﬁciebat
900 1662 977 1717 illi
1029 1666 1446 1735 comprehensio
1492 1679 1680 1721 rerum
1720 1680 1842 1735 qua!
1887 1675 2156 1721 secutura:

573 1765 751 1822 erant,
782 1759 1047 1815 nescienti
1084 1775 1151 1815 an
1184 1760 1346 1817 Jesus
1379 1772 1527 1818 esset
1569 1763 1737 1817 etiam
1769 1762 1863 1819 illo
1895 1772 2133 1817 venturu:

2269 1769 2478 1841 Ἰησοῦς
2505 1773 2652 1825 ἐστιν
2693 1771 2721 1822 ὁ
2752 1771 2913 1825 κάκεῖ
2959 1771 3273 1843 ἐρχόμενος,
3301 1771 3434 1825 ὅπου
3477 1770 3577 1823 ἀπὸ
3597 1770 3682 1841 τῆς
3708 1787 3782 1839 φυ-

573 1862 685 1917 quo
712 1849 955 1905 futurum
982 1861 1102 1906 erat
1133 1863 1191 1906 ut
1220 1855 1335 1923 ipse
1361 1869 1428 1908 ex
1462 1869 1689 1909 carcere
1731 1854 2032 1909 decollatus
2063 1870 2133 1909 ac

2254 1861 2428 1934 λακῆς
2480 1862 2725 1933 γίνεσθαι
2778 1863 3000 1936 ἔμελλεν
3054 1863 3542 1933 ἀποκεφαλισθεὶς,
3581 1854 3784 1934 ἥέτερον

571 1941 815 2004 cederet,
871 1959 939 1997 an
976 1944 1141 1999 alimn
1178 1957 1458 2014 oporteret
1503 1958 1856 2017 exspectare,
1909 1948 1980 2002 ob
2013 1948 2133 2001 ham

2256 1955 2558 2028 προσδοκᾷν
2592 1956 2779 2028 ἐχρῆν,
2806 1956 2894 2009 διὰ
2926 1955 3086 2009 τοῦτο
3113 1956 3213 2028 τὴν
3253 1957 3576 2029 σαφέστερον
3599 1955 3784 2028 ὕστερον

571 2048 793 2093 causam
825 2037 1221 2094 dubitationem
1246 2039 1412 2104 illam,
1439 2055 1562 2110 qua:
1587 2041 1743 2095 nobis
1771 2051 1956 2109 postea
1993 2056 2133 2111 aper-

2254 2047 2598 2119 ἐπαπόρησιν
2625 2050 2760 2117 ἡμῖν
2801 2047 3138 2119 δηλουμένην
3184 2048 3279 2101 καὶ
3313 2046 3408 2102 νῦν
3441 2049 3785 2119 αἰνιττόμενος,

572 2129 679 2183 tius
718 2129 1051 2195 declaratur,
1076 2131 1241 2184 etiam
1268 2131 1528 2198 innuens,
1556 2131 1735 2202 inquit
1755 2131 1886 2186 illud
1915 2150 1929 2187 :
1963 2150 1982 2184 ι
2029 2131 2131 2187 Nor

2256 2140 2390 2210 φησὶ
2421 2106 2510 2192 τόί
2549 2160 2565 2190 ι
2596 2106 2711 2193 Οῦκ
2748 2106 2865 2211 εἰμί
2906 2106 3017 2208 ἐγω
3052 2106 3202 2207 ἄξιος
3247 2141 3336 2194 ἵνα
3368 2140 3512 2193 λύσω
3544 2106 3691 2194 αὑτοῦ

569 2236 687 2276 sum
720 2237 821 2292 ego
843 2223 1064 2294 dignus,
1098 2223 1254 2295 137
1283 2235 1337 2278 ut
1365 2224 1570 2280 solvam
1594 2225 1708 2295 ejus
1725 2226 2017 2293 corrigiam
2044 2225 2133 2279 calt

2258 2233 2457 2303 ἱμάντα
2489 2233 2581 2287 τοῦ
2627 2234 2989 2304 ὑποδήματος.
3025 2253 3043 2283 ι
3083 2234 3142 2289 Ὀ
3169 2235 3227 2289 δὲ
3257 2235 3503 2305 οἰόμενος
3543 2234 3789 2307 περιεργό-

566 2317 860 2371 ceameuti.
895 2336 912 2367 ι
953 2318 1107 2385 Quod
1137 2321 1181 2373 si
1229 2320 1350 2388 quis
1375 2318 1707 2373 existimarit
1735 2319 2011 2373 curiosius
2044 2318 2133 2373 hoc

2252 2344 2411 2399 τερον
2458 2326 2617 2380 τοῦτο
2674 2326 2951 2399 εἰρῆσθαι,
2990 2328 3071 2390 είς
3122 2327 3317 2380 ταυτὸν
3375 2326 3585 2392 συνάξει
3627 2327 3681 2381 τὺ
3707 2326 3792 2381 τῶν

567 2423 598 2463 a
627 2410 784 2465 nobis
820 2409 1026 2465 dictmn
1060 2410 1249 2477 fuisse,
1284 2412 1329 2466 is
1353 2411 1406 2465 in
1440 2411 1582 2467 idem
1626 2412 1973 2483 congregabit
2000 2411 2133 2478 quod

2253 2420 2613 2493 ὑποδημάτων
2646 2423 2739 2475 καὶ
2783 2421 2880 2474 τοῦ
2926 2422 3293 2494 ὑποδήματος,
3323 2423 3411 2477 ἵνα
3450 2425 3604 2478 οἱονεὶ
3650 2424 3788 2494 λέγῃ·

570 2500 778 2555 dictum
812 2512 893 2557 est
915 2501 983 2555 de
1012 2502 1401 2557 calceamentis
1427 2508 1485 2556 et
1516 2500 1909 2569 calceamento,
1935 2512 1994 2555 ut
2033 2502 2133 2556 vcl-

2252 2512 2515 2583 Οὐδαμῶς
2563 2511 2713 2579 ἄξιός
2760 2515 2874 2584 εἰμι
2907 2513 3066 2568 λῦσαι
3111 2515 3205 2568 τον
3259 2515 3492 2586 ἱμάντα,
3537 2516 3648 2569 οὐδὲ
3680 2514 3796 2568 κατὰ

566 2593 644 2647 ιιιί
671 2592 864 2648 dicat':
902 2595 1339 2665 Haudquaquam
1394 2595 1593 2666 dignus
1626 2611 1742 2649 sum
1777 2594 1987 2650 solvere
2019 2610 2133 2650 cor-

2248 2604 2347 2677 τὴν
2376 2606 2569 2678 ἀρχὴν,
2619 2607 2720 2661 κᾶν
2757 2607 2850 2661 τοῦ
2891 2606 3009 2671 ἐνὸς
3042 2608 3420 2680 ὑποδήματος·
3458 2610 3491 2679 ἢ
3524 2610 3613 2664 καὶ
3651 2609 3798 2667 οὕτως

2268 1117 2372 1180 σιν,
2422 1136 2440 1168 ι
2473 1117 2583 1187 ἐγὼ
2633 1118 2786 1182 ἄξιος
2819 1119 2907 1172 ἵνα
2961 1118 3112 1172 λύσω
3164 1118 3331 1173 αὐτοῦ
3366 1120 3455 1174 τὸν
3501 1121 3673 1192 ἱμάντα
3708 1124 3776 1177 τοῦ

2266 1210 2815 1283 ὑποδήματος.ιΤάχα
2844 1207 2937 1265 οὖν
2966 1211 3269 1284 νικώμενος
3303 1212 3408 1267 ὑπὸ
3443 1214 3539 1285 τῆς
3575 1215 3654 1268 τοῦ
3678 1215 3775 1270 Θεοῦ

2263 1302 2487 1375 χάριτος
2533 1303 2747 1375 δωρεὰν
2796 1306 3005 1378 εἴληφε,
3061 1306 3324 1378 (μηδέπω
3364 1307 3485 1361 ὅσον
3531 1308 3605 1377 ἐφ’
3646 1309 3779 1380 ἐαυτῷ

2261 1394 2409 1461 ἄξιος
2436 1396 2512 1449 ὢν
2554 1396 2716 1450 λῦσαι
2757 1397 2849 1450 τὸν
2883 1399 3084 1469 ἱμάντα
3118 1397 3213 1453 τοῦ
3262 1399 3451 1471 ἐτέρου
3498 1399 3595 1451 τῶν
3624 1401 3776 1473 ὑποδη-

2263 1488 2495 1559 μάτων,)
2525 1489 2725 1561 νοήσας
2763 1490 2927 1544 αὑτοῦ
2958 1491 3058 1561 τὴν
3088 1492 3147 1543 ἐν
3180 1489 3488 1561 ἀνθρώποις
3522 1490 3775 1562 ἐπιδημίαν,

2260 1582 2388 1651 περὶ
2437 1578 2505 1657 ἧς
2557 1584 2651 1636 καὶ
2701 1588 2988 1657 μαρτυρεῖ.
3038 1585 3192 1638 Ἐπεὶ
3240 1584 3297 1637 δέ
3345 1582 3550 1637 ἔλειπεν
3596 1584 3774 1655 αὐτῷή

2260 1676 2388 1747 περὶ
2443 1676 2552 1729 τῶν
2609 1675 2737 1748 ἑξῆς
2802 1677 3144 1749 κατάληψις,
3210 1676 3309 1730 ούκ
3377 1677 3534 1730 εἰδότι
3601 1676 3782 1747 πότερον

566 2685 784 2757 rigiam,
829 2703 898 2744 ne
944 2688 996 2742 in
1030 2688 1300 2758 principio
1346 2689 1589 2759 quidem,
1622 2689 1783 2743 unius
1816 2686 2019 2753 caicei;
2057 2688 2142 2743 vel

563 2782 728 2835 etiam
757 2781 901 2837 hunc
939 2782 993 2836 in
1020 2784 1237 2837 modum
1265 2783 1318 2838 in
1352 2797 1519 2837 unum
1540 2782 1732 2837 adduci
1764 2791 1995 2852 possunt
2022 2796 2143 2851 quae

557 2882 796 2944 quatuor
818 2874 1164 2947 evangelistm
1182 2876 1455 2931 dixerunt.
1480 2875 1537 2930 Si
1553 2873 1949 2931 enimJoannes
1978 2874 2141 2931 intel-

558 2965 761 3037 ligebat
787 2983 906 3038 qua:
939 2969 1213 3040 pertinent
1256 2970 1323 3025 ad
1359 2970 1654 3025 adventum
1690 2969 1896 3025 Christi
1921 2971 1985 3025 ad
2018 2985 2137 3034 nos,

558 3059 949 3130 dubitabatque
978 3060 1045 3116 de
1068 3063 1232 3115 rebus
1265 3062 1644 3132 sequentibus,
1677 3077 1805 3117 vera
1838 3072 2027 3119 narrat
2053 3063 2137 3117 di-

558 3168 689 3209 cens
714 3168 775 3209 se
800 3170 906 3209 non
955 3154 1209 3211 idoneum
1252 3157 1344 3225 qui
1392 3158 1567 3211 solvat
1595 3159 1889 3228 corrigiam
1930 3158 2138 3213 calcea-

559 3257 906 3313 mentorum;
934 3263 1035 3303 nec
1064 3248 1209 3302 enim
1242 3259 1473 3319 utraque
1502 3249 1667 3304 solvit
1703 3251 1794 3320 qui
1823 3267 1987 3305 unum
2036 3252 2140 3307 sol-

558 3341 719 3397 verit.
750 3341 892 3396 Vera
947 3341 1113 3395 etiam
1162 3351 1351 3396 narrat
1406 3342 1615 3408 dicens,
1649 3361 1669 3394 ι
1707 3344 2000 3413 corrigiam
2029 3344 2139 3396 ral-

2248 2696 2471 2753 δυνατὸν
2493 2700 2573 2762 εἰς
2592 2697 2649 2751 ἐν
2673 2698 2995 2768 συνάγεσθαι
3021 2699 3090 2753 τὰ
3113 2701 3264 2772 παρὰ
3286 2704 3397 2765 τοῖς
3416 2701 3693 2772 τέσσαρσιν
3706 2699 3797 2769 (60)

2250 2788 2534 2861 εἰρημένα.
2561 2790 2626 2843 Εἰ
2655 2790 2765 2862 γὰρ
2796 2793 2825 2845 ὁ
2861 2791 3112 2861 Ἰωάννης
3147 2793 3317 2846 συνίει
3351 2793 3451 2863 μέν
3478 2792 3546 2846 τὰ
3578 2791 3799 2865 περὶτῆς

2249 2881 2482 2937 ἐνταῦθα
2512 2881 2679 2938 αὑτοῦ
2711 2884 3025 2955 ἐπιδημίας,
3059 2885 3326 2957 ἐπηπόρει
3351 2884 3463 2955 (61)
3483 2884 3538 2938 δὲ
3562 2885 3683 2955 περὶ
3713 2881 3802 2935 τῶν

2249 2972 2398 3046 ἑξῆς,
2426 2975 2679 3045 ἀληθεύει
2711 2975 2885 3045 λέγων
2927 2979 3022 3030 καὶ
3053 2977 3112 3030 τὸ
3144 2977 3218 3049 μὴ
3260 2974 3400 3031 εἶναι
3454 2976 3629 3030 ἱκανὸν
3676 2974 3802 3027 λύειν

2246 3065 2338 3121 τὸν
2374 3065 2576 3138 ἱμάντα
2629 3066 2738 3120 τῶν
2790 3065 3180 3138 ὑποδημάτωνο
3215 3067 3276 3120 οὑ
3329 3065 3441 3137 γὰρ
3485 3065 3598 3119 λύει
3647 3062 3807 3135 ἀμφόο

2245 3175 2380 3232 τερα
2410 3158 2578 3226 λύσας
2614 3158 2710 3213 τοῦ
2742 3160 2880 3223 ἑνός.
2927 3159 3208 3232 Ἀληθεύει
3254 3160 3313 3213 δὲ
3345 3159 3519 3229 λέγων
3561 3161 3653 3214 καὶ
3683 3177 3699 3209 ι
3727 3156 3805 3210 τὸν

2248 3252 2452 3323 ἱμάντα
2478 3251 2573 3306 τοῦ
2607 3253 2976 3325 ὑποδήματος,
3006 3273 3024 3305 ι
3064 3253 3207 3319 ἐπεὶ,
3247 3255 3325 3319 ὡς
3367 3255 3705 3327 προείρηται,
3742 3252 3808 3305 ἔτι

2244 3346 2494 3419 διαπορεῖ
2541 3346 2667 3414 περὶ
2698 3345 2818 3409 τοῦ,
2863 3346 3092 3417 πότερον
3125 3346 3288 3412 αὑτός
3334 3348 3485 3403 ἐστιν
3517 3346 3808 3420 ἐρχόμενος.

556 3434 852 3500 ceamenti,
891 3454 908 3486 ι
941 3436 1218 3504 quoniam,
1248 3445 1307 3491 ut
1344 3436 1662 3504 praedictum
1700 3446 1807 3501 est,
1835 3438 2133 3492 etiamnum

2244 3439 2279 3512 ἢ
2308 3438 2519 3513 ἕτερος,
2548 3444 2577 3494 ὁ
2609 3440 2772 3495 κὰκεῖ
2808 3439 3239 3512 προσδοκητέος,

558 3526 771 3581 dubitat
791 3527 856 3581 de
882 3541 969 3592 co,
1001 3541 1068 3580 an
1100 3526 1215 3594 ipse
1243 3525 1314 3580 sit
1338 3525 1430 3581 ille
1464 3539 1742 3591 venturus,
1770 3538 1826 3582 et
1856 3528 2017 3581 etiam
2050 3529 2137 3583 ille

558 3621 980 3687 exspectandus,
1020 3634 1088 3672 au
1121 3620 1278 3673 alter.

626 3712 719 3769 22.
751 3713 915 3780 Quin,
944 3713 1087 3783 quod
1131 3697 1198 3768 ad
1228 3714 1284 3767 id
1316 3714 1551 3777 attinet;
1599 3733 1616 3766 ι
1662 3713 1717 3769 lu
1753 3716 1930 3769 medio
1969 3713 2135 3768 vestri

556 3818 685 3874 stat,
722 3822 881 3878 quem
909 3822 1007 3862 vos
1053 3808 1278 3863 nescitis
1302 3807 1368 3873 ",
1396 3827 1415 3860 ι
1442 3808 1556 3864 haec
1574 3808 1887 3863 disserenda
1914 3816 2040 3863 sunt
2068 3808 2136 3863 de

552 3900 693 3958 Filio
753 3900 849 3957 Dei
887 3901 1067 3973 Λόγῳ,
1102 3916 1197 3973 per
1229 3917 1391 3973 quem
1425 3903 1607 3957 omnia
1648 3901 1794 3957 facta
1830 3913 1981 3969 sunt,
2012 3901 2138 3958 sub-

550 4001 788 4056 sistente
843 3999 1282 4055 substantialiter
1336 3999 1636 4055 secundum
1699 3998 2027 4069 subjectum,
2078 4006 2135 4054 et

554 4093 697 4146 idem
745 4092 1049 4147 exsistente
1082 4107 1207 4146 cum
1236 4091 1527 4160 sapientia.
1562 4089 1662 4144 llic
1702 4090 1851 4146 enim
1884 4106 1981 4162 per
2010 4090 2135 4145 uni-

558 4200 767 4241 versam
799 4185 951 4240 orbis
993 4184 1302 4238 machinam
1341 4194 1607 4252 permeat,
1650 4194 1708 4239 ut
1758 4200 1881 4256 quae
1914 4200 2134 4255 semper

554 4277 711 4343 ﬁunt,
740 4293 838 4349 per
874 4277 1049 4348 ipsum
1084 4276 1218 4332 ﬁant
1244 4294 1261 4335 :
1297 4288 1353 4333 et
1378 4278 1443 4333 de
1472 4278 1765 4344 universis,
1794 4292 2132 4349 qutecunque

551 4366 867 4435 protuleris,
892 4382 1109 4438 semper
1140 4383 1332 4423 verum
1355 4368 1460 4425 erit
1489 4387 1503 4423 :
1542 4388 1561 4422 ι
1600 4370 1795 4426 Omnia
1829 4387 1927 4440 per
1956 4371 2129 4439 ipsqu

551 4457 695 4515 facta
722 4470 873 4524 sunt,
902 4470 956 4518 et
975 4460 1094 4516 sine
1120 4462 1237 4533 ipso
1263 4461 1464 4518 factum
1492 4463 1819 4531 estnihil“;
1847 4482 1866 4515 ι
1889 4472 1940 4516 et
1965 4462 2128 4517 illud:

554 4571 575 4605 ι
598 4553 789 4610 Omnia
822 4556 876 4611 in
907 4556 1171 4625 sapientia
1200 4555 1463 4612 fecisti“.
1487 4576 1506 4609 ι
1535 4556 1692 4625 Quod
1721 4557 1765 4614 si
1792 4573 1887 4628 per
1913 4570 2129 4612 omnem

546 4648 882 4704 creationem
913 4658 1077 4719 atque
1110 4650 1422 4704 universam
1472 4650 1654 4704 mutuli
1695 4650 1959 4703 lubricam
2003 4662 2128 4717 per-

546 4751 715 4805 meat,
750 4743 803 4796 in
838 4742 1015 4798 medio
1039 4742 1250 4798 scilicet
1282 4743 1447 4797 etiam
1479 4757 1671 4799 eorum
1710 4751 1818 4798 stat
1845 4741 2127 4812 quiinter-

2308 3715 2398 3770 22.
2432 3716 2541 3769 Καὶ
2563 3710 2804 3787 περὶτοῦ
2820 3710 2879 3769 δέ
2905 3731 2918 3745 ’
2945 3733 2962 3765 ι
2988 3714 3168 3777 Μέσος
3189 3711 3298 3782 (62)
3319 3712 3476 3784 ὑμῶν
3499 3712 3747 3783 ἕστηκεν,
3768 3709 3808 3763 δι

2238 3810 2395 3879 ὑμεῖς
2422 3808 2523 3861 οὐκ
2552 3808 2750 3873 οἴδατε,
2792 3826 2810 3858 ι
2841 3805 3013 3860 ταῦτα
3038 3804 3359 3877 διαληπτέον
3414 3805 3542 3877 περὶ
3573 3804 3670 3858 τοῦ
3696 3801 3808 3856 Υίοέ

2235 3899 2330 3953 τοῦ
2393 3896 2529 3953 Θεοῦ
2580 3897 2673 3952 τοῦ
2738 3900 2943 3966 Λόγου,
3010 3897 3078 3951 δι’
3126 3890 3187 3950 οὗ
3232 3896 3303 3951 τὰ
3350 3897 3532 3953 πάντα
3581 3896 3807 3966 γέγονεν,

2238 3991 2601 4063 ὑφεστηκότος
2626 3991 2897 4054 ούσιωτῶς
2928 3990 3070 4045 κατὰ
3114 3991 3176 4044 τὸ
3208 3992 3574 4062 ὑποκείμενον
3599 3988 3699 4044 τοῦ
3734 3988 3808 4041 at»

2234 4085 2330 4139 τοῦ
2373 4086 2526 4148 ὄντος
2571 4086 2637 4156 τῇ
2676 4084 2855 4154 σοφία.
2890 4076 3062 4147 Οὗτος
3092 4082 3202 4156 γὰρ
3231 4083 3300 4137 δι’
3344 4084 3477 4156 ὅλης
3525 4082 3808 4153 πεφοίτηκί

2233 4177 2333 4246 τῆς
2380 4175 2631 4240 κτίσεως,
2664 4174 2751 4228 ἴνα
2780 4173 2866 4228 ἀεὶ
2902 4175 2971 4228 τὰ
3000 4174 3259 4246 γινόμενα
3285 4174 3354 4229 δι’
3381 4175 3548 4230 αὑτοῦ
3577 4175 3808 4245 γένηται

2235 4273 2330 4325 καὶ
2382 4272 2523 4342 iterat
2584 4270 2786 4335 παντὸς
2846 4268 3162 4323 οὑτινοσοῦν
3213 4268 3303 4323 ἀεὶ
3358 4270 3564 4342 ἀληθὲς
3615 4265 3693 4341 ἦν
3728 4268 3790 4321 τό

2239 4383 2257 4415 ι
2288 4364 2472 4418 Πάντα
2502 4363 2569 4417 δι’
2601 4363 2766 4417 αὐτοῦ
2799 4363 3037 4433 ἐγένετο,
3074 4363 3169 4416 καὶ
3198 4364 3370 4432 χωρὶς
3398 4361 3568 4416 αὑτοῦ
3603 4364 3808 4431 ἐγένεττ

2233 4457 2385 4511 οὐδέν
2408 4474 2422 4487 ·
2458 4476 2476 4509 ι
2534 4457 2626 4511 καὶ
2666 4456 2756 4511 τόο
2798 4477 2816 4509 ι
2848 4459 3035 4512 Πάντα
3071 4459 3129 4513 ἐν
3165 4460 3328 4530 σοφίᾳ
3382 4459 3677 4531 ἐποίησας.
3712 4478 3732 4510 ι
3776 4454 3808 4510 Ε

2230 4551 2287 4605 δὲ
2331 4550 2400 4606 δι’
2435 4550 2564 4625 ὅλης
2609 4552 2709 4624 τῆς
2748 4552 2978 4617 κτίσεως
3010 4552 3337 4625 πεφοίτηκε,
3386 4555 3569 4627 δῆλον,
3614 4555 3706 4608 δτι
3742 4568 3808 4607 κει

2230 4642 2338 4697 τῶν
2375 4643 2823 4715 πυνθανομένων·
2864 4662 2881 4694 ι
2914 4642 2979 4695 Τί
3011 4638 3104 4697 οὖν
3152 4643 3465 4714 βαπτίζεις,
3506 4646 3556 4697 εί
3610 4642 3682 4703 σὺ
3737 4642 3807 4694 ούῑ

2232 4734 2285 4791 εἴ
2313 4740 2343 4792 ό
2376 4739 2633 4810 Χριστὸς,
2664 4736 2787 4792 οὑδὲ
2830 4738 3045 4804 Ἠλίας,
3082 4739 3203 4793 οὐδὲ
3237 4739 3266 4792 ὁ
3295 4739 3623 4812 προφήτηςς
3652 4755 3674 4788 ι
3720 4732 3808 4788 Md

547 4837 847 4904 rogabant:
876 4854 895 4888 ι
929 4836 1068 4904 Quid
1110 4851 1243 4908 ergo
1289 4835 1569 4906 baptizas,
1608 4835 1653 4890 si
1700 4844 1755 4889 tu
1805 4850 1911 4890 non
1940 4848 2001 4889 es
2032 4832 2126 4887 ille

2243 4847 2325 4894 ro;
2380 4830 2611 4901 ἕστηκεν
2654 4832 2683 4883 ό
2729 4830 2890 4894 αὑτὸς
2937 4829 3032 4884 καὶ
3089 4828 3308 4899 βέϐαιος
3340 4827 3416 4882 ὢν
3470 4828 3685 4895 Λόγος,
3734 4824 3808 4875 ύτι

543 4929 818 4994 Christus,
855 4944 1034 4999 neque
1057 4928 1228 4996 Elias,
1260 4944 1439 4999 neque
1476 4927 1744 4998 propheta
1779 4927 1869 4982 ille
1885 4926 1978 4980 “‘l
2013 4944 2031 4977 ι
2068 4923 2123 4979 In

547 5022 746 5088 medio,
784 5023 1028 5091 inquam,
1060 5032 1169 5078 stat
1199 5020 1372 5090 Λόγος
1403 5020 1541 5091 ipse,
1567 5019 1699 5093 [hoc
1738 5029 1823 5076 est
1843 5016 2032 5091 ratio,]
2068 5028 2124 5073 et

543 5111 717 5167 Filius
769 5111 866 5167 Dei
894 5128 924 5166 a
952 5110 1116 5167 Patre
1152 5113 1405 5169 ﬁrmatus
1437 5113 1660 5183 ubique.
1702 5109 1801 5167 Vel
1833 5112 1997 5167 verba
2036 5126 2119 5174 ea,

543 5222 565 5257 ι
610 5204 662 5259 in
699 5205 877 5260 medio
907 5204 1077 5261 vestri
1111 5214 1245 5271 stat,
1280 5224 1301 5258 ι
1332 5205 1412 5261 sic
1443 5204 1840 5275 intelligantur,
1867 5204 1993 5274 quia
2021 5204 2118 5257 ho-

541 5297 716 5352 mines
739 5312 834 5352 vos
856 5298 991 5353 estis
1026 5298 1255 5352 rationis
1282 5307 1582 5367 compotes,
1624 5296 1829 5351 idcirco
1856 5315 1875 5348 ι
1909 5296 1963 5351 iu
2002 5311 2117 5350 me-

538 5390 628 5443 dio
648 5390 815 5445 vestri
842 5399 973 5455 stat,
1012 5409 1031 5440 ι
1066 5406 1131 5444 eo
1172 5390 1317 5459 quod
1350 5388 1609 5445 in‘medio
1630 5389 1701 5443 sit
1724 5389 1894 5442 totius
1922 5402 2119 5458 corpo-

539 5486 615 5535 ris
634 5497 699 5536 ea
717 5482 913 5537 animae
930 5497 1057 5553 pars
1075 5483 1552 5552 praestantissima,
1577 5482 1937 5551 principatum
1956 5497 2117 5550 quam

539 5585 758 5640 vocant,
814 5574 1114 5646 Scripturis
1172 5576 1445 5631 inviolata:
1509 5575 1636 5630 ﬁdei
1699 5574 2114 5630 ostendentibus

2226 4922 2321 4976 τοῦ
2364 4922 2578 4994 Πατρός
2636 4923 3031 4995 ἐστηριγμένος
3081 4920 3377 4992 πανταχοῦ.
3413 4921 3483 4975 Ἦ
3514 4918 3580 4973 τό
3604 4935 3618 4948 δ
3665 4936 3687 4968 ι
3722 4914 3808 4970 Μέ

2230 5032 2321 5078 σος
2361 5015 2518 5087 ὑμῶν
2568 5015 2862 5086 ἐστηκεν,»
2900 5013 3199 5079 ἀκουέσθω,
3244 5015 3327 5068 ὅτι
3379 5011 3535 5085 ὑμῶν
3569 5009 3694 5064 τῶν
3754 5009 3808 5061 ἀι

2225 5105 2480 5181 θρώπων,
2510 5106 2600 5161 διὰ
2632 5107 2692 5161 τὸ
2726 5103 2864 5160 εἶναι
2910 5107 3057 5178 ὑμᾶς
3098 5105 3372 5175 λογικοὺς,
3407 5122 3425 5153 ι
3460 5103 3631 5175 μέσος
3677 5094 3808 5169 fang

2225 5198 2416 5263 ἑστὼς,
2448 5220 2466 5252 ι
2504 5200 2583 5272 τῷ
2623 5199 2717 5253 τοῦ
2754 5200 2953 5263 παντὸς
2994 5198 3244 5270 σώματος
3289 5198 3348 5250 ἐν
3395 5197 3549 5269 μέσῳ
3588 5189 3755 5247 εἶναι
3794 5207 3808 5241 1

2224 5292 2569 5363 ἡγεμονικὸν,
2612 5291 2989 5347 ἀποδείκνυται
3034 5291 3176 5347 κατὰ
3223 5291 3322 5355 τὰς
3368 5288 3596 5362 Γραφάς
3656 5287 3733 5339 ὲν
3780 5300 3808 5336 τ

2226 5386 2422 5459 καρδίᾳ
2471 5386 2751 5456 τυγχάνον.
2798 5387 2859 5440 Οἱ
2907 5386 3089 5440 τοίνυν
3139 5385 3356 5457 ἔχοντες
3406 5384 3499 5437 τὸν
3552 5378 3761 5449 Λόγον
3800 5378 3808 5431 ι

2227 5480 2378 5551 μέσῳ
2413 5480 2643 5547 ἑαυτῶν,
2683 5481 2757 5552 μὴ
2804 5479 3261 5552 διαλαμϐάνοντες
3303 5478 3360 5531 δέ
3395 5478 3523 5549 περὶ
3569 5472 3689 5544 τῆς
3750 5486 3808 5539 φτ

2224 5590 2362 5638 σεως
2402 5573 2589 5638 αὐτοῦ,
2621 5574 2756 5645 μηδὲ
2788 5574 2896 5628 ἀπὸ
2929 5575 3089 5637 ποίας
3118 5572 3302 5644 πηγῆς
3342 5572 3442 5626 καὶ
3479 5565 3684 5643 ἀρχῆς
3726 5566 3807 5620 ὲλι

608 5708 652 5741 ⁸³
684 5709 852 5767 Eccli.
877 5723 1031 5776 unt,
1056 5710 1109 5764 6.
1188 5711 1232 5743 ’θ’
1266 5708 1421 5766 Joan.
1451 5728 1492 5777 ι,
1514 5712 1606 5767 27.
1680 5711 1727 5744 ⁴³
1750 5710 1904 5767 Joan.
1939 5727 1979 5780 ι,
2010 5710 2100 5765 9.6.

2258 5710 2388 5766 ibid.
2416 5712 2472 5766 5.
2550 5711 2595 5743 "
2624 5710 2760 5766 Psal.
2787 5728 2903 5776 cm,
2934 5711 3026 5766 25.
3101 5710 3147 5742 ⁸⁸
3170 5708 3329 5765 Joan.
3361 5727 3400 5779 ι,
3428 5709 3524 5766 9.5.

541 5818 723 5942 tm$60)
764 5820 945 5875 Codex
986 5820 1218 5890 Regius,
1252 5836 1532 5894 perperam
1556 5865 1569 5889 ,
1599 5824 1724 5896 περὶ
1758 5822 1854 5877 τοῦ
1886 5822 2114 5897 τέσσαρ-

2298 5827 2409 5897 (Gl)
2450 5826 2626 5899 Codex
2668 5828 3014 5899 Bodleiauus,
3048 5826 3329 5899 ἐνηπόρει.

2301 5900 2413 5969 (62)
2445 5898 2609 5966 Idem,
2639 5899 2770 5969 Περὶ
2799 5898 2855 5952 δὲ
2873 5898 2972 5951 -τοῦ
2994 5915 3008 5930 ’
3030 5898 3237 5964 Μέσος,
3261 5909 3370 5954 etc.
