3816 6524
141 474 244 530 373

1245 467 1606 526 COMMENT.
1643 467 1712 526 IN
1752 466 1946 527 JOAN.
1982 470 2224 530 TOMUS
2261 471 2350 527 Vl.

3309 474 3420 529 274

141 590 471 663 τῷἜσδρᾳ.
533 591 645 643 Καὶ
698 588 760 642 οὐ
795 580 1236 660 καταφρονητέον
1283 589 1392 641 τῶν
1434 589 1712 661 ὀνομάτων

1845 605 2017 661 usque
2049 592 2118 647 ad
2160 605 2224 646 ea
2255 604 2376 662 qua:
2408 587 2459 644 in
2493 586 2762 660 principio
2812 560 2938 642 sunt
2984 601 3229 657 super...
3250 588 3417 645 Simi-

142 683 487 758 πραγμάτων
531 682 948 754 σημαινομένων
1001 681 1098 735 ἀπ’
1128 681 1308 735 αὐτῶν
1341 683 1628 754 χρησίμων
1671 684 1738 755 τῇ

138 779 248 832 τῶν
290 777 474 830 τόπων
524 775 808 848 ἑρμηνεία.
853 775 967 828 Οὐκ
1013 773 1266 845 εὔκαιρον
1292 773 1348 826 δὲ
1377 773 1472 828 νῦν
1497 774 1588 828 τὸν
1612 773 1740 845 περὶ

137 871 238 941 τῆς
267 868 507 940 θεωρίας
547 868 658 922 τῶν
708 867 987 940 ὀνομάτων
1021 865 1275 932 ἐξετάσαι
1306 865 1484 936 λόγον,
1523 866 1736 939 ἀφέμε-

139 979 230 1017 νον
252 962 365 1017 τῶν
396 960 798 1032 προκειμένων.

207 1140 303 1194 ‘25.
342 1141 576 1212 ’Ἰδωμεν
625 1140 803 1195 τοίνυν
845 1123 918 1194 τί
960 1139 1060 1213 τῆς
1107 1140 1468 1213 εὐαγγελικῆς
1515 1140 1733 1208 λέξεως.

150 1233 430 1306 Ἰορδάνης
462 1234 563 1305 μὲν
591 1233 954 1306 ἑρμηνεύεται
992 1233 1104 1305 (86)
1147 1234 1478 1302 κατάϐασις
1513 1235 1732 1290 αὐτῶν.

138 1326 332 1397 Τούτῳ
359 1328 441 1391 δέ,
467 1328 536 1380 ἶν’
564 1327 739 1392 οὕτως
769 1329 932 1394 είπω,
977 1331 1184 1400 γειτνιᾷ
1222 1329 1283 1383 τὸ
1307 1329 1478 1400 ὄνομα
1508 1329 1600 1382 τοῦ
1640 1331 1737 1383 Ἰα-

142 1418 254 1489 ρὲδ,
311 1418 341 1471 ὃ
371 1420 468 1474 καὶ
515 1420 645 1473 αὐτὸ
678 1421 1039 1491 ἑρμηνεύεται
1078 1421 1470 1484 καταϐαίνων,
1523 1423 1736 1493 ἐπειδή-

136 1529 244 1582 περ
273 1513 570 1582 γεγένηται
596 1512 673 1583 τῷ
698 1513 1004 1585 Μαλελεήλ,
1033 1512 1108 1576 ὼς
1133 1513 1190 1566 ἐν
1216 1513 1294 1585 τῷ
1336 1513 1506 1585 Ἑνὼχ
1529 1515 1732 1586 γέγρα-
1763 1586 1766 1589 τ

138 1620 272 1656 πται
309 1604 427 1673 (87)
457 1605 532 1672 (εἰ
557 1621 636 1675 τῳ
673 1603 828 1674 φίλον
857 1605 1256 1676 παραδέχεσθαι
1285 1606 1362 1670 ὡς
1389 1607 1541 1676 ἆγιον
1567 1607 1628 1659 τὸ
1657 1606 1734 1676 βι-

136 1693 335 1765 ϐλίον),
358 1698 482 1760 ταῖς
509 1697 746 1769 ἡμέραις
783 1699 882 1770 τῆς
909 1697 1015 1752 τῶν
1045 1699 1176 1752 υἱῶν
1205 1699 1299 1753 τοῦ
1323 1700 1458 1754 Θεοῦ
1488 1701 1732 1755 καταϐά-

136 1803 277 1851 σεως
309 1789 406 1840 ἐπὶ
442 1788 542 1852 τάς
569 1787 877 1864 θυγατέρας
907 1792 1016 1847 τῶν
1044 1790 1346 1863 ἀνθρώπων
1365 1809 1380 1824 ο
1416 1793 1604 1865 ἥντινα
1637 1813 1736 1848 καο

133 1879 371 1932 τάῦασιν
425 1879 766 1936 αἰνίσσεσθαι
808 1900 952 1949 τινες
997 1875 1329 1954 ὖπειλήφασι
1359 1884 1459 1957 τὴν
1487 1885 1596 1941 τῶν
1627 1885 1732 1956 ψυ-

1840 681 1964 738 liter
2013 690 2194 737 autem
2236 682 2291 735 in
2341 679 2537 736 Esdra.
2585 677 2744 750 142
2796 674 2905 732 Nec
2947 691 3079 732 vero
3133 678 3416 747 parvipen-

1839 777 2012 834 denda
2040 785 2166 833 sunt
2188 775 2428 841 nomina,
2457 789 2580 830 cum
2605 789 2690 828 res
2718 771 2878 828 utiles
2906 786 2974 826 ex
3005 771 3089 827 eis
3111 771 3420 842 signiﬁcen-

1843 878 1930 923 tur
1981 865 2224 923 locorum
2284 863 2759 936 interpretatione.
2819 862 3087 918 Caeterum
3144 862 3286 916 haud
3337 869 3422 917 est

1842 974 1989 1014 nunc
2019 968 2384 1030 opportunum
2423 955 2712 1012 instituere
2754 970 3066 1012 sermonem
3103 955 3170 1009 de
3207 954 3421 1010 ratione

1839 1054 2149 1119 nominum,
2173 1051 2474 1109 omittendo
2505 1067 2625 1122 quae
2660 1058 2788 1106 sunt
2821 1049 3123 1122 proposita.

1909 1144 2003 1201 25.
2045 1144 2416 1214 Quamobrem
2465 1143 2742 1199 videamus
2782 1157 2904 1212 quae
2938 1143 3005 1196 ad
3049 1139 3418 1212 evangelicam

1839 1233 2129 1291 lectionem
2159 1245 2432 1307 spectant.
2464 1234 2737 1291 Jordanes
2767 1236 2986 1305 quidem
3019 1235 3418 1303 interpretatur

1836 1331 2116 1384 descensus
2157 1329 2415 1399 ipsorum.
2454 1327 2592 1383 lluic
2620 1338 2824 1396 autem,
2868 1337 2925 1381 ut.
2953 1327 3024 1380 ita
3059 1324 3414 1392 dicam,vici~

1838 1440 1965 1479 num
1999 1430 2083 1478 est
2119 1437 2318 1478 nomen
2349 1420 2523 1485 lared,
2570 1423 2716 1491 quod
2757 1429 2812 1476 et
2863 1421 3037 1490 ipsum
3089 1419 3417 1488 interpreta-

1838 1530 1927 1572 tur
1975 1515 2315 1581 descendens,
2351 1514 2609 1584 quoniam
2654 1513 2868 1584 genitus
2911 1522 2994 1568 est
3031 1509 3318 1575 Malalecli,
3357 1521 3415 1563 ut

1838 1611 1889 1666 in
1922 1611 2062 1664 libro
2095 1606 2281 1662 Enoch
2327 1615 2412 1660 est
2451 1605 2714 1676 scriptum
2745 1604 2828 1675 (si
2867 1605 2953 1658 cui
2988 1602 3169 1674 placet
3215 1601 3416 1656 admit-

1839 1713 1954 1759 tere
1985 1700 2183 1756 librmn
2217 1708 2276 1753 ut
2304 1699 2636 1764 sanctum),
2679 1695 2767 1752 his
2795 1696 3009 1761 diebus,
3047 1711 3171 1751 cum
3215 1694 3310 1750 ﬁlii
3342 1693 3416 1750 ls-

1836 1796 1948 1852 rael
1976 1794 2374 1851 descenderent
2405 1791 2470 1845 ad
2497 1790 2639 1844 ﬁlias
2663 1788 2944 1844 hominum
2977 1807 2992 1843 ι
3018 1803 3125 1858 quo
3153 1787 3416 1844 descensu

1836 1889 2055 1960 quidam
2091 1885 2352 1956 suspicati
2387 1890 2514 1939 sunt
2554 1881 2706 1936 innui
2740 1881 3048 1936 animarum
3087 1881 3154 1935 ad
3182 1894 3415 1947 corpora

134 1972 245 2043 χῶν
271 1973 506 2029 κάθοδον
530 1973 624 2028 ἐπὶ
665 1975 734 2031 τὰ
781 1977 1031 2050 σώματα,
1078 1977 1386 2050 θυγατέρας
1429 1978 1712 2051 άνθρώπωε

1839 1983 2157 2039 descensum
2190 1998 2206 2047 ;
2239 1978 2382 2034 ﬁlias
2408 1975 2694 2031 hominum
2728 1974 3102 2044 mctaphorice
3134 1984 3412 2029 terrenum

132 2066 550 2139 τροπικώτερον
581 2067 644 2122 τὸ
686 2070 874 2139 γήϊνον
905 2070 1104 2142 σκῆνος
1148 2070 1402 2140 λέγεσθαι
1436 2072 1731 2144 ὑπειληφό-

133 2173 240 2221 τες.
283 2158 352 2211 Ei
373 2157 441 2230 δὴ
485 2158 635 2213 τοῦθ’
663 2159 836 2225 οὓτως
863 2160 996 2232 ἔχει,
1028 2161 1112 2226 τίς
1155 2160 1220 2215 ἂν
1249 2161 1333 2233 εἴη
1369 2164 1611 2236 ποταμὸς
1632 2182 1732 2218 κα-

132 2251 366 2316 τάϐασις
391 2253 594 2318 αύτῶν,
623 2255 708 2323 ἐφ’
736 2253 796 2307 ὃν
821 2255 1114 2325 ἐρχόμενον
1144 2253 1501 2328 καθαίρεσθαι
1525 2257 1607 2311 δεῖ
1632 2258 1733 2312 οὐκ

138 2346 276 2400 ἰδίαν
313 2346 620 2401 κατάϐασιν
643 2347 1079 2419 καταῦεὸηκότα,
1105 2347 1240 2402 ἀλλὰ
1262 2349 1362 2421 τὴν
1390 2349 1500 2403 τῶν
1521 2349 1733 2422 ἀνθρὼ-

132 2455 273 2500 πων,
303 2438 339 2510 ἦ
374 2441 405 2492 ὀ
433 2439 627 2511 Σωτὴρ
668 2439 826 2511 ἡμῶν
873 2437 1126 2511 διορίζων
1157 2443 1284 2506 τοὺς
1308 2441 1414 2495 ὑπὸ
1444 2443 1731 2509 Μωῦσέως

135 2531 669 2603 κληροδοτουμένους
712 2532 819 2587 ἀπὸ
867 2532 978 2586 τῶν
1022 2533 1112 2587 διὰ
1153 2532 1330 2605 Ἰησοῦ
1381 2534 1483 2599 τάς
1523 2535 1732 2600 οἰκείας

133 2623 635 2694 ἀπολαμϐανόντων
660 2625 883 2702 μερίδας
906 2641 921 2691 ;
949 2625 1154 2680 Τούτου
1183 2625 1248 2698 δὴ
1278 2625 1373 2680 τοῦ
1395 2627 1483 2682 διὰ
1505 2628 1600 2682 τοῦ
1628 2647 1730 2684 κα-

131 2713 507 2783 ταὸεϐηκότος
541 2715 787 2786 ποταμοῦ
809 2716 876 2770 τά
901 2717 1198 2788 ὁρμήματά
1223 2719 1624 2791 εὐφραίνουσιν,
1654 2723 1732 2790 ὡς

132 2806 193 2858 ἐν
227 2806 486 2878 Ψαλμοῖς
530 2808 786 2880 εὕρομεν,
836 2809 935 2879 τὴν
992 2810 1146 2865 πόλιν
1177 2811 1273 2866 τοῦ
1329 2812 1462 2866 Θεοῦ
1512 2815 1612 2886 τὴν
1641 2817 1728 2871 ai-

135 2897 341 2967 σθητὴν
377 2898 738 2972 Ἰερουσαλὴμ
785 2902 867 2969 (ού
892 2901 1002 2974 γάρ
1035 2901 1148 2973 ἔχει
1195 2904 1600 2976 παρακείμενον
1630 2924 1732 2961 πο-

132 2989 357 3060 ταμόν),
405 2989 546 3043 ἀλλὰ
568 2991 670 3062 τὴν
700 2991 930 3062 ἄμωμον
962 2992 1058 3046 τοῦ
1083 2992 1221 3046 Θεοῦ
1259 2994 1606 3066 Ἐκκλησίαν,
1651 2996 1731 3051 oi-

135 3079 552 3153 κοδομουμένην
595 3083 690 3135 ἐπὶ
733 3081 813 3154 τῷ
860 3084 1096 3156 θεμελίῳ
1137 3086 1248 3140 τῶν
1285 3087 1598 3143 ἀποστόλων
1637 3091 1731 3144 καὶ

131 3173 242 3227 τῶν
286 3175 606 3247 προφητῶν,
640 3176 793 3241 ὄντος
825 3179 1218 3250 ἀκρογωνιαίου
1271 3182 1510 3252 Χριστοῦ
1553 3183 1731 3256 Ἰησοῦ

133 3263 228 3317 τοῦ
277 3265 494 3339 Κυρίου
527 3265 706 3338 ἡμῶν.
761 3267 1034 3340 Ἰορδάνην
1084 3269 1336 3341 μέντοιγε
1384 3275 1603 3346 νοητέον
1633 3276 1728 3330 τοῦ

133 3355 268 3410 Θεοῦ
315 3358 491 3426 Λόγον
525 3357 619 3412 τὸν
669 3359 960 3430 γενόμενον
997 3363 1197 3433 σάρκα,
1231 3365 1326 3419 καὶ
1375 3366 1732 3437 σκηνώσαντα

133 3449 191 3501 ἐν
215 3450 377 3519 ἡμῖν,
428 3448 636 3521 Ἰησοῦν
665 3451 724 3504 δὲ
748 3451 842 3504 τὸν
880 3451 1354 3526 κληροδοτήσαντα
1382 3457 1411 3510 ὂ
1443 3458 1732 3530 ἀνείληφεν

132 3541 519 3613 ἀνθριιῖητινον·
567 3543 707 3614 ὅπερ
745 3545 862 3598 ἐστὶ
910 3546 1006 3600 καὶ
1050 3547 1446 3618 ἀκρογωνιαῐος
1495 3551 1661 3618 λίθος,
1701 3554 1732 3607 δ

135 3635 227 3688 καὶ
259 3634 429 3699 αὐτὸς
459 3636 518 3689 ἐν
545 3638 613 3708 τῇ
645 3635 858 3708 θεότητι
899 3638 994 3693 τοῦ
1041 3637 1172 3692 Υίοῦ
1215 3640 1311 3696 τοῦ
1338 3643 1473 3696 Θεοῦ
1501 3646 1732 3717 γενόμε-

134 3743 242 3790 νος,
271 3725 351 3797 τῷ
375 3727 702 3799 ἀνειλῆφθαι
729 3730 819 3783 ὑπ’
843 3729 1010 3784 αὐτοῦ
1033 3730 1269 3799 λούεται,
1303 3735 1397 3788 καὶ
1424 3737 1544 3790 τότε
1566 3741 1734 3811 χωρεῖ

133 3818 232 3890 τὴν
257 3818 523 3890 ἀκέραιον
566 3820 662 3874 καὶ
697 3820 882 3876 ἄδολον
908 3824 1240 3895 περιστερὰν
1266 3825 1360 3880 τοῦ
1389 3827 1728 3898 Πνεύματος,

135 3909 532 3982 συνδεδεμένην
577 3912 749 3980 αὐτῷ,
776 3912 873 3967 καὶ
925 3915 1124 3986 μηκέτι
1157 3917 1465 3988 άποπτῆναι
1495 3918 1732 3991 δυναμέ-

134 4018 232 4072 νην
253 4019 269 4034 ·
309 4022 331 4056 ι
373 4003 490 4074 Ἐφ’
511 4004 575 4058 ὃν
599 4004 730 4077 γὰρ,
776 4007 960 4076 φησὶν,
1009 4007 1105 4062 ἐάν
1134 4009 1251 4081 ῐδῃς
1273 4010 1334 4064 τὸ
1374 4011 1599 4082 Πνεῦμα
1632 4031 1732 4067 κα-

133 4094 391 4150 ταϐαῖνον
413 4097 512 4150 καὶ
540 4097 699 4169 μένον
728 4100 815 4152 ἐπ’
840 4100 1027 4164 αὑτὸν,
1057 4095 1211 4166 οὗτος
1232 4104 1378 4158 ἐστιν
1403 4105 1432 4157 ὁ
1453 4104 1730 4175 βαπτίζων

134 4187 192 4240 ἐν
218 4187 502 4261 Πνεύματι
552 4191 716 4262 ἁγίῳ.
760 4211 780 4244 ι
835 4193 935 4248 Διὰ
984 4194 1142 4249 τοῦτο
1193 4195 1373 4250 λαϐὼν
1405 4197 1466 4252 τὸ
1505 4199 1730 4271 Πνεῦμα

139 4277 300 4345 μένον
327 4281 413 4333 ἐπ’
441 4281 606 4336 αὐτὸν
654 4282 880 4353 Ἰησοῦν,
908 4286 966 4339 ἐν
999 4286 1152 4359 αὐτῷ
1178 4289 1419 4359 μείναντι
1448 4289 1730 4360 βαπτίζειν

134 4373 261 4437 τοὺς
314 4377 789 4448 προσερχομένους
827 4378 937 4448 (88)
967 4380 1117 4452 αύτῷ
1170 4381 1395 4454 δυνηθῇ.
1445 4384 1627 4456 Πέραν
1672 4385 1730 4438 δέ

133 4465 228 4519 τοῦ
265 4465 558 4539 Ἰορδάνου,
605 4469 747 4525 κατὰ
794 4470 862 4525 τά
907 4471 1013 4539 ἔξω
1045 4472 1148 4544 τῆς
1203 4474 1463 4538 Ἰουδαίας
1507 4477 1730 4532 νεύοντα

136 4557 402 4628 κλίματα,
425 4561 486 4614 ἐν
532 4563 601 4634 τῇ
630 4563 928 4636 Βηθαραϐᾷ
956 4564 1068 4636 (89)
1106 4564 1360 4636 βαπτίζει
1388 4568 1418 4621 ὁ
1453 4569 1726 4641 Ἰωάννης,

1834 2072 2199 2129 habitaculum
2234 2070 2338 2124 dici
2378 2067 2775 2123 existimantes.
2827 2064 2885 2122 Si
2919 2068 3082 2137 igitur
3107 2068 3212 2121 hoc
3243 2065 3326 2121 sic
3354 2079 3415 2121 se

1834 2168 2024 2228 habet,
2054 2165 2177 2234 quis
2203 2163 2308 2218 erit
2331 2161 2526 2218 ﬂuvius
2555 2162 2850 2218 descensus
2871 2160 3133 2230 ipsorum,
3165 2159 3231 2213 ad
3250 2173 3414 2229 quem

1834 2273 1941 2314 non
1967 2254 2381 2312 descendentem
2412 2254 2636 2324 proprio
2677 2253 2972 2317 descensu,
3018 2250 3111 2306 sed
3148 2251 3414 2304 descensu

1834 2349 2142 2415 hominum,
2171 2345 2483 2418 quicunque
2514 2345 2748 2411 venerit,
2798 2342 3181 2416 puriﬁcatione
3232 2351 3413 2409 egeat,

1833 2439 1940 2496 nisi
1977 2439 2236 2495 Servator
2272 2446 2481 2504 noster,
2511 2436 2904 2492 disterminans
2927 2451 3021 2492 eos
3040 2437 3130 2506 qui
3161 2451 3190 2490 a
3233 2435 3417 2508 Moyse

1835 2533 2210 2588 [nereditatem
2241 2530 2578 2601 acceperint,
2611 2531 2680 2585 ab
2710 2529 2794 2585 his
2823 2531 2914 2600 qui
2943 2531 3192 2601 proprias
3231 2543 3416 2601 partes

1833 2636 2163 2696 acceperunt
2193 2640 2289 2694 per
2315 2621 2543 2678 Iesum?
2600 2622 2772 2695 Hujus
2821 2624 2989 2695 igitur
3035 2624 3289 2693 impetus,
3321 2625 3414 2691 qni

1832 2729 1962 2774 sunt
2014 2732 2112 2787 per
2151 2715 2375 2770 ﬂuvium
2418 2715 2864 2782 descendentem,
2919 2715 3217 2783 laetiﬁeant,
3261 2725 3317 2770 ut
3360 2718 3415 2770 in

1832 2811 2066 2868 Psalmis
2092 2819 2172 2865 est
2201 2807 2467 2878 scriptum
2495 2808 2562 2874 ",
2609 2808 2887 2863 civitatem
2940 2808 3059 2874 Dei,
3101 2824 3207 2863 non
3257 2807 3415 2862 Jeru-

1833 2906 2000 2962 salem
2029 2901 2129 2958 sub
2155 2915 2370 2957 sensum
2400 2901 2682 2956 cadentem
2725 2900 2869 2972 (nec
2915 2900 3062 2955 enim
3107 2899 3412 2956 Jerusalem

1833 2997 1996 3054 habet
2022 2994 2356 3064 adjacentem
2386 2993 2654 3063 ﬂuvium),
2685 2994 2778 3049 sed
2817 2991 3145 3063 inculpatam
3182 2991 3278 3047 Dei
3315 2991 3415 3045 Ec-

1832 3089 2053 3146 clesiam
2101 3087 2430 3142 aediﬁcatam
2467 3101 2634 3158 super
2681 3087 3094 3142 fundamentum
3138 3085 3415 3157 apostolo-

1835 3197 1955 3236 rum
2015 3190 2071 3236 et
2132 3180 2562 3250 prophetarum,
2617 3193 2832 3234 summo
2908 3177 3157 3248 angulari
3229 3176 3410 3247 lapide

1834 3275 2053 3332 Christo
2083 3272 2212 3330 Jesu
2247 3275 2549 3331 exsistente
2580 3273 2812 3328 Domino
2835 3283 3020 3327 nostro
3049 3272 3114 3326 “.
3145 3269 3417 3327 Iordanes

1835 3371 2018 3439 itaque
2057 3369 2441 3440 intelligendus
2472 3376 2560 3424 est
2588 3367 2680 3422 ille
2718 3365 2811 3422 Dei
2857 3364 3054 3420 Sermo
3097 3364 3190 3436 qui
3235 3362 3418 3419 factus

1833 3475 1921 3520 est
1958 3480 2088 3521 caro
2118 3474 2172 3521 et
2207 3464 2474 3522 habitavit
2526 3463 2578 3519 in
2616 3463 2778 3520 nobis
2831 3461 2904 3528 “;
2939 3459 3116 3527 Jesus,
3168 3461 3415 3532 inquam,

1833 3557 1924 3628 qui
1985 3557 2248 3629 quidquid
2294 3557 2591 3627 assumpsit
2643 3555 2964 3618 humanum,
3010 3553 3414 3608 hmreditarinm

1833 3649 1962 3704 fecit
1988 3664 2004 3703 :
2037 3650 2180 3720 quod
2203 3659 2284 3704 est
2312 3649 2476 3706 etiam
2501 3663 2748 3705 summus
2776 3647 3060 3719 angularis
3089 3645 3249 3716 lapis,
3271 3647 3414 3714 quod

1831 3743 1998 3797 etiam
2032 3745 2208 3814 ipsum
2241 3743 2295 3798 in
2332 3742 2623 3798 divinitate
2665 3741 2793 3797 Filii
2851 3740 2944 3796 Dei
2994 3739 3221 3806 factum,
3246 3755 3314 3794 ex
3348 3755 3416 3794 eo

1833 3836 1976 3907 quod
2023 3835 2089 3891 ab
2131 3835 2250 3907 ipso
2283 3846 2621 3906 assumptum
2675 3833 2864 3901 fuerit,
2915 3833 3149 3898 lavatur,
3201 3843 3257 3886 et
3300 3843 3416 3886 tmn

1832 3931 1978 4000 capit
2004 3929 2310 3999 simplicem
2361 3939 2418 3984 et
2465 3929 2582 3984 sine
2614 3927 2738 3983 dolo
2793 3925 3104 3982 columbam
3153 3926 3417 3996 Spiritus,

1830 4023 1932 4077 sibi
1975 4021 2310 4092 colligatam,
2372 4035 2473 4076 nec
2525 4018 2759 4088 amplius
2813 4016 3035 4071 aVolare
3089 4017 3407 4072 valentem:

1835 4134 1855 4168 ι
1886 4113 2063 4184 Super
2101 4128 2262 4180 quem
2293 4112 2466 4178 enim,
2513 4111 2713 4180 inquit,
2758 4109 2960 4166 videris
2989 4107 3252 4180 Spiritum
3315 4107 3411 4164 de-

1830 4205 2204 4270 scendentem,
2249 4213 2306 4259 ct
2358 4213 2668 4260 manentem
2693 4215 2857 4272 super
2900 4216 3049 4268 eum,
3079 4200 3167 4255 hic
3201 4212 3285 4256 est
3318 4201 3412 4270 qui

1829 4297 2069 4368 haptizat
2099 4295 2151 4350 in
2183 4294 2390 4366 Spiritu
2437 4304 2635 4352 sancto
2676 4294 2743 4348 “'.
2786 4311 2806 4346 ι
2855 4291 3090 4362 Propter
3147 4293 3270 4356 hoc,
3318 4293 3414 4362 qui

1830 4387 2102 4456 acceperit
2135 4386 2398 4458 Spiritum
2451 4393 2759 4442 manentem
2791 4399 2956 4455 super
2983 4387 3158 4456 ipsum
3199 4383 3411 4450 Jesum,

1829 4479 2111 4548 baptizare
2151 4479 2354 4546 poterit
2388 4477 2455 4533 ad
2486 4493 2545 4534 se
2579 4479 2930 4543 accedentes,
2975 4477 3181 4548 Spiritu
3221 4487 3417 4531 saneto

1832 4571 1885 4626 in
1919 4571 2040 4642 ipso
2071 4579 2446 4641 permanente.
2479 4571 2588 4627 Sed
2613 4581 2767 4629 trans
2797 4564 3116 4638 Iordanem,
3151 4569 3206 4624 in
3237 4569 3412 4640 partio

135 4653 447 4723 πρόδρομος
477 4652 559 4707 ὢν
600 4655 696 4709 τοῦ
730 4655 1049 4727 ἐληλυθότος
1087 4657 1316 4712 καλέσαι
1355 4659 1417 4712 οὐ
1460 4659 1712 4730 δικαίους,

1839 4667 1927 4720 bus
1957 4675 2110 4718 extra
2135 4661 2376 4719 Judazam
2403 4665 2778 4736 vergentibus,
2828 4665 2880 4719 in
2932 4664 3234 4718 Bethabara
3306 4663 3402 4716 ba-

133 4744 271 4799 άλλά
317 4746 700 4819 ἁμαρτωλοὺς.
727 4748 1067 4815 διδάσκοντος
1115 4750 1189 4823 μὴ
1216 4751 1406 4824 χρείαν
1435 4751 1577 4824 ἔχειν
1601 4755 1727 4820 τοὺς

135 4838 421 4909 ἰσχύοντας
464 4840 649 4912 ἰατροῦ
677 4839 811 4913 (90),
866 4843 1004 4898 ἀλλὰ
1053 4842 1180 4908 τοὺς
1228 4844 1413 4910 κακῶς
1463 4845 1717 4918 ἔχοντας’

1831 4758 2002 4828 ptizat
2027 4755 2286 4824 Joannes,
2318 4771 2624 4828 praecursor
2651 4757 2800 4812 illius
2833 4757 3104 4812 exsistens
3125 4755 3214 4823 qui
3258 4751 3410 4806 venit

1833 4847 1994 4921 143
2023 4859 2132 4902 non
2159 4844 2340 4917 iustos
2362 4887 2378 4914 ,
2413 4848 2511 4906 sed
2533 4857 2846 4920 peccatores
2873 4849 2940 4902 ad
2971 4843 3407 4914 resipiscentiam

206 4977 417 5033 "Psal.
453 4993 580 5048 ιιν,
608 4978 665 5035 5.
745 4981 788 5012 ³³
817 4980 1014 5052 Ephes.
1047 4998 1110 5052 tt,
1139 4983 1231 5041 20.
1310 4984 1354 5016 ’⁸
1373 4983 1536 5052 Joan.
1568 5002 1611 5054 ι,
1645 4987 1712 5043 M

1839 4987 1858 5020 ¹
1885 4986 2020 5044 ibid.
2047 4987 2146 5044 35.

136 5128 220 5172 ter
260 5119 440 5173 laeum
475 5119 568 5173 ubi
600 5134 689 5176 res
713 5119 901 5177 Saulis
927 5121 1012 5177 vel
1062 5137 1151 5180 res
1201 5124 1420 5181 Davidis
1477 5140 1718 5182 comme-

137 5202 430 5265 petantur
464 5191 612 5265 :_hoe
640 5201 746 5265 est,
772 5195 840 5246 ad
873 5203 1037 5265 caput
1075 5210 1250 5265 usque
1283 5197 1592 5262 decimum;
1649 5196 1719 5251 ab

139 5259 241 5314 hoc
267 5262 436 5342 _enim
483 5261 603 5315 loco
621 5331 634 5343 _
655 5259 1109 5332 infrequentiores
1133 5259 1292 5343 _sunt
1338 5259 1587 5343 prolixae
1615 5267 1722 5323 illae

138 5336 416 5400 nominum
450 5336 796 5400 propriorum
843 5336 1305 5394 enumerationes.
1342 5336 1612 5395 Hunnus.

204 5399 324 5467 (33)
749 5403 868 5471 μὲν
913 5405 1339 5484 ἑρμηνεύεται-ε
1398 5408 1719 5484 οιςηΑτν,

142 5471 478 5543 «descendit.
502 5489 525 5524 ι
565 5470 952 5543 Hieronymus
975 5470 1059 5529 De
1113 5470 1370 5532 nontinib.
1421 5470 1716 5534 Hebraici.‘

142 5537 394 5620 {lavdem
454 5537 985 5620 descensio_eorum,
1027 5545 1142 5620 vel,
1181 5549 1304 5620 vide
1349 5547 1648 5620 iudicium.
1690 5567 1710 5602 ι

143 5611 242 5664 Alii
267 5610 475 5665 dictum
503 5621 700 5678 putant
728 5609 1021 5670 Jordanem
1049 5631 1078 5670 a
1114 5609 1327 5674 duobus
1355 5618 1596 5674 fontibus
1624 5617 1720 5674 Jor

139 5691 188 5733 et
219 5681 358 5756 Dan,
394 5682 542 5756 u_nde
568 5683 669 5756 hic
694 5683 1158 5756 atnnisrproﬁuit;
1185 5703 1293 5756 quo
1316 5691 1475 5745 modo
1499 5690 1717 5745 nomina

142 5750 446 5830 snanadepti
478 5750 971 5830 suntpordona'et
995 5750 1263 5814 Tamesis.
1303 5757 1381 5813 Io.

205 5819 454 5902 (suniat;
477 5820 656 5902 ἐντῷ
694 5823 1246 5902 Ἑνὼχ-γέγραπταί,
1278 5839 1386 5902 etc.
1410 5828 1585 5885 Locus
1621 5830 1719 5886 ha-

139 5888 465 5970 betutilibro
493 5893 674 5961 primo
707 5888 1118 5970 Εηροὶιῖηῇερὶ
1149 5888 1268 5954 τῶν
1299 5899 1654 5970 ἐγρηγόρων,
1685 5918 1717 5957 e

139 5976 244 6030 quo
276 5960 643 6032 l'ragtncntum
685 5963 895 6034 profert
949 5960 1194 6041 Scaliger
1244 5960 1570 6027 ad"Eu'seb.
1633 5960 1710 6027 En

1824 5125 1991 5197 verba
2029 5144 2043 5182 :
2079 5127 2190 5181 Kal.
2219 5126 2456 5197 ἐγένετο,
2480 5128 2569 5181 ὅτε
2596 5123 3027 5197 ἐπληθύνθησαν-
3055 5122 3102 5174 οἱ
3139 5120 3244 5197 υἱοὶ
3298 5121 3415 5197 τῶν.

1823 5196 2146 5270 ἀνθρώπων,
2197 5193 2584 5270 ἐγεννήθησαν
2607 5193 2790 5270 αὐτοῖς
2829 5193 3128 5270 θυγατέρες
3183 5193 3405 5270 (beata),

1824 5217 2146 5268 ανυρωπων,
2197 5217 2560 5322 εγεννηυηισαν
2607 5217 2790 5259 αυτοις
2829 5217 3127 5266 υυγατειρες
3183 5217 3405 5265 ωραιαι,

1824 5271 1920 5323 καὶ
1943 5268 2302 5341 ἐπεθύμησαν
2336 5271 2432 5323 αὐτ
2477 5287 2506 5332 ς
2538 5269 2588 5322 οἱ
2620 5261 3187 5341 ἐγρήγοροι...-ξιισαν
3315 5260 3418 5320 οὗ-.

1821 5355 1906 5410 τοι
1933 5347 1999 5405 σθ,
2030 5334 2438 5410 οίνκαταὸάντες
2469 5343 2526 5393 ἐν
2548 5334 2670 5402 ταῖς
2692 5334 2935 5410 ίὴμέριιις
2967 5336 3176 5410 ΔἸαρέδ.
3225 5334 3397 5410 μυιιο

1825 5409 2030 5465 librum
2067 5409 2256 5466 Gmce
2302 5411 2563 5478 scriptum
2619 5405 2828 5463 habuit'
2860 5405 3124 5476 Scaliger.
3165 5405 3404 5478 aliaque

1826 5479 2066 5548 ejusdem
2098 5481 2338 5537 auctoris
2365 5477 2497 5534 falsa
2522 5491 2574 5534 et
2612 5479 2916 5548 supposita,
2946 5477 3401 5548 quemadmodum

1825 5550 2087 5607 discimus
2118 5566 2182 5606 ex
2217 5550 2628 5621 Scaligerianis.
2657 5550 2733 5604 in.

1896 5621 2014 5690 (88)
2075 5617 2623 5691 Προσερχόμέγους.
2681 5622 2757 5676 lta
2818 5618 2989 5676 codex
3039 5617 3399 5688 Bodleianus;

1824 5689 2043 5762 Regius,
2079 5689 2426 5762 ἐρχομένους.

1892 5758 2006 5833 (89)
2046 5758 2383 5833 aecumst}.
2418 5761 2601 5818 Codex
2625 5761 2974 5833 Barberipus,
3017 5758 3267 5832 Βηθαρᾷ,
3300 5758 3398 5814 sed

1821 5831 2048 5903 omnino
2082 5832 2364 5903 legendum
2398 5843 2456 5888 ut
2483 5848 2644 5902 supra
2673 5831 2994 5903 Βηθαϐαρᾷ.

1895 5901 2009 5984 (90)
2049 5899 2288 5972 Ἰαὶροῦ.
2323 5902 2415 5960 Sic
2443 5899 2615 5960 codex
2666 5899 3024 5970 Bodleiautis;
3058 5899 3259 5971 Regius
3318 5903 3399 5956 ίαν

1820 5989 1984 6046 τρων.
