3816 6542
374 505 484 568 278

1846 478 2169 543 ORIGENIS

378 639 677 685 vocaturus
707 628 776 690 ¹⁶,
804 627 1003 699 quippe
1033 625 1194 681 docet
1221 637 1325 679 non
1357 635 1493 690 opus
1525 617 1674 676 sanis
1709 615 1938 675 medico,
1971 611 2015 668 Α
2043 605 2138 659 καὶ

3518 452 3630 508 278

2186 598 2294 672 γὰρ
2351 595 2429 660 είς
2482 591 2675 663 ἄφεσιν
2725 583 3010 660 ἁμαρτιῶν
3064 579 3126 635 τὸ
3165 574 3389 649 λουτρὸν
3419 572 3634 628 δίδονται.

378 729 473 786 sed
499 727 638 783 male
663 725 986 781 habentibus
1011 724 1076 778 ιτ.
1095 723 1310 817 .Etenim
1343 722 1396 777 in
1425 719 1796 776 remissionem
1828 725 1967 784 pecc:

2130 715 2174 756 ιη
2205 698 2365 753 datur
2387 691 2664 746 lavacrum
2695 685 2760 739 ’⁸.

447 912 541 970 26.
573 911 840 968 Caeterum
875 911 1160 981 probabile
1185 919 1270 964 est
1300 906 1533 977 aliquem
1563 947 1578 972 ,
1609 905 1698 975 qui
1731 919 1836 959 non
1868 903 1950 959 in-

379 1007 650 1062 tellexerit
681 1007 923 1061 diversas
958 1006 1024 1059 de
1065 1002 1357 1058 Servatore
1381 998 1650 1062 notiones,
1685 994 1949 1051 offensum

380 1101 446 1156 iri
491 1116 588 1170 pro
612 1098 879 1169 explicata
910 1095 1158 1153 Jordnnis
1190 1093 1633 1162 interpretatione
1653 1129 1670 1154 ,
1697 1105 1762 1144 eo
1810 1087 1950 1158 quod

378 1191 619 1249 Joannes
647 1192 823 1247 dicat:
864 1209 882 1242 ι
912 1191 1025 1260 Ego
1053 1188 1268 1258 baptizo
1294 1189 1346 1240 in
1377 1201 1514 1257 aqua
1541 1201 1554 1239 :
1589 1183 1682 1239 sed
1710 1181 1799 1249 qui
1834 1188 1956 1252 post

381 1301 468 1340 me
509 1295 766 1340 venturus
795 1293 900 1350 est,
937 1284 982 1338 is
1018 1290 1102 1338 est
1131 1297 1216 1337 me
1247 1280 1470 1335 fortior:
1503 1278 1618 1347 ipse
1657 1289 1750 1330 vos
1780 1273 1957 1342 bapti-

381 1378 528 1433 zabit
563 1379 614 1433 in
641 1377 845 1446 Spiritu
876 1385 1070 1432 sancto
1101 1377 1164 1428 ".
1200 1393 1219 1427 ι
1255 1373 1334 1427 Ad
1365 1387 1526 1442 quem
1558 1369 1637 1425 sic
1661 1375 1743 1423 est
1770 1368 1953 1421 dicen-

347 1470 506 1525 ‘dnm
530 1489 545 1526 :
578 1473 720 1541 quod
756 1479 814 1526 ut
835 1485 1015 1526 sermo
1044 1470 1136 1524 Dei
1162 1468 1413 1538 potabilis
1441 1467 1732 1527 cxsistens,
1760 1462 1954 1532 aliqui-

377 1566 480 1621 bus
509 1566 724 1636 quidem
759 1581 898 1635 aqua
927 1603 943 1630 ,
980 1565 1254 1634 aliquibus
1283 1550 1413 1619 vero
1458 1562 1638 1615 vinum
1671 1557 1956 1612 laztificans

379 1671 478 1710 cor
511 1657 747 1711 hominis
767 1657 835 1721 ὀ,
871 1655 1145 1711 nonnullis
1171 1656 1334 1708 etiam
1368 1650 1589 1721 sanguis
1621 1658 1703 1705 est
1734 1657 1956 1718 propter

383 1746 544 1803 illud:
568 1765 586 1799 ι
606 1747 716 1802 Nisi
736 1747 985 1802 biberitis
1001 1748 1317 1816 sanguinem
1343 1759 1542 1811 meum,
1558 1758 1664 1797 non
1685 1740 1956 1797 habebitis

383 1843 438 1896 in
465 1841 622 1898 vobis
651 1842 781 1912 ipsis
813 1843 979 1896 vitam
1004 1842 1045 1872 ἰ
1070 1859 1084 1908 ;
1113 1859 1131 1892 ι
1163 1840 1294 1910 quin
1326 1839 1479 1894 cibus
1506 1838 1701 1902 dictus,
1727 1850 1835 1890 non
1862 1848 1955 1889 ea-

383 1934 503 1987 dem
536 1933 748 1988 ratione
781 1933 1164 1989 consideratur
1193 1931 1350 2000 panis
1375 1931 1566 1984 vivens
1595 1937 1645 1983 et
1679 1940 1842 1991 caro;
1879 1924 1959 1979 sic

383 2025 558 2094 ipsum
592 2024 859 2079 exsistere
889 2024 1156 2093 aliquibus
1189 2021 1405 2091 quidem
1457 2034 1610 2090 aqua:
1644 2015 1912 2086 baptisma
1941 2054 1955 2079 ,

383 2128 438 2174 et
466 2120 711 2188 Spiritus,
744 2129 797 2174 et
829 2119 990 2188 ignis,
1022 2118 1290 2187 aliquibus
1319 2118 1484 2172 etiam
1527 2115 1794 2186 baptisma
1828 2129 1957 2169 san-

384 2212 583 2281 guinis.
617 2212 691 2266 Dc
717 2227 825 2280 quo
849 2213 1038 2267 ultimo
1069 2211 1393 2282 baptismate
1424 2208 1620 2279 inquit,
1646 2217 1705 2261 ut
1738 2206 1958 2276 quidam

383 2301 679 2368 dixerunt,
720 2302 863 2357 hoc:
907 2320 925 2353 ι
955 2301 1286 2371 Baptismate
1317 2315 1417 2371 ego
1450 2297 1711 2368 baptizari
1746 2296 1919 2352 habeo
1943 2335 1960 2362 ,

385 2405 440 2451 et
501 2395 847 2464 aliqnomodo
899 2404 1171 2458 coarctor,
1233 2393 1406 2448 donec
1469 2392 1602 2447 illud
1658 2390 1962 2462 perfectum

383 2486 642 2541 fuerit"!
674 2507 694 2540 ι
725 2485 863 2541 Huic
891 2500 1129 2542 consona
1158 2485 1456 2555 discipulus
1475 2481 1711 2539 Joannes
1740 2481 1964 2550 scripsit

384 2576 440 2632 in
491 2578 728 2646 Epistola
756 2578 826 2644 ’³,
874 2579 1085 2642 dicens,
1115 2577 1390 2649 spiritum,
1433 2591 1628 2647 aquam
1657 2585 1713 2631 et
1745 2574 1962 2644 sangui-

384 2683 510 2726 nem
562 2672 664 2726 tria
711 2687 832 2727 esse
893 2688 1014 2743 quae
1052 2671 1191 2726 facta
1226 2670 1431 2726 fuerint
1479 2685 1665 2724 unum.
1720 2670 1966 2738 Cumque

383 2767 529 2819 viam
552 2773 608 2820 et
629 2764 827 2820 ostium
856 2777 914 2819 se
938 2779 1060 2819 esse
1085 2764 1320 2819 fateatur
1341 2763 1409 2831 ⁸⁸⁸,
1434 2762 1609 2832 palam
1634 2771 1715 2816 est
1740 2760 1964 2816 omnino

384 2873 512 2913 eum
539 2871 645 2912 non
672 2870 794 2912 esse
831 2857 1028 2913 ostium
1057 2855 1143 2912 cui
1191 2855 1260 2912 sit
1287 2855 1393 2918 via,
1433 2870 1533 2910 nec
1560 2853 1793 2925 amplius
1821 2851 1964 2907 viam

383 2967 507 3011 esse
533 2953 610 3009 illi
655 2953 743 3010 cui
793 2953 866 3009 sit
912 2952 1137 3009 ostium.
1187 2952 1464 3020 Quotquot
1511 2965 1647 3021 ergo
1681 2948 1967 3004 initiantur

383 3046 576 3117 primis
608 3045 893 3102 elementis
918 3059 1233 3100 sermonum
1266 3043 1384 3110 Dei,
1419 3042 1741 3098 accedentes
1772 3038 1840 3094 ad
1870 3052 1968 3093 vo-

383 3154 506 3196 cem
545 3155 565 3192 ι
593 3137 878 3194 clamantis
913 3137 970 3192 iu
1022 3135 1238 3192 deserto
1269 3153 1282 3188 :
1336 3135 1561 3206 Dirigite
1591 3135 1734 3188 viam
1781 3130 1967 3187 Domi-

387 3234 444 3287 ni
472 3232 560 3298 ¹⁸;
597 3249 616 3284 ι
664 3230 1008 3293 accedentes.
1052 3229 1274 3296 inquam
1299 3268 1316 3294 ,
1353 3236 1505 3282 trans
1533 3224 1847 3288 Jordanem,
1898 3223 1967 3276 ad

2135 863 2224 919 26.
2258 857 2417 921 Εἰκδς
2440 853 2496 908 δέ
2527 867 2648 905 τινα
2683 846 2784 912 τὰς
2815 841 3104 914 διαφόρους
3129 835 3370 898 ἐπινοίας
3395 830 3492 886 τοῦ
3525 831 3643 884 Σω-

2057 959 2224 1031 τῆρος
2279 954 2354 1026 μὴ
2393 946 2684 1019 νενοηκότα
2729 936 3058 1012 προσκόψειν
3103 938 3168 1007 τῇ
3215 929 3542 1002 ἀποδοθεεσῃ
3573 928 3642 1031 τῇ

2057 1020 2353 1124 περὶτοῦ
2390 1041 2652 1118 Ἰορδάνου
2713 1032 3012 1124 ἑρμηνείᾳ,
3055 1029 3143 1084 διὰ
3199 1027 3260 1080 τὸ
3314 1025 3496 1095 λέγειν
3552 1020 3644 1074 τδν

2070 1111 2324 1212 Ἰωάννην
2347 1156 2361 1169 ·
2406 1154 2426 1189 ι
2461 1111 2612 1203 ψἘγὼ
2637 1111 2894 1203 βαπτίζῶ
2916 1127 2974 1181 ἐν
3000 1124 3153 1178 ὕδατι
3173 1139 3186 1153 ·
3218 1123 3247 1176 6
3273 1120 3328 1173 δέ
3351 1120 3647 1191 ἐρχόμενος

2063 1239 2176 1311 μετ’
2211 1207 2311 1306 ἐμέ
2345 1224 2690 1302 ἰσχυρότερός
2725 1240 2826 1295 μου
2859 1218 3011 1274 ἐστίν
3042 1233 3058 1250 ο
3088 1214 3248 1278 αὐτὸς
3276 1213 3423 1282 ὐμᾶς
3454 1207 3649 1311 βαπτί-

2062 1300 2141 1384 σει
2169 1331 2225 1382 ἐν
2245 1300 2538 1393 *Πνεύματι
2583 1317 2744 1388 ἁγίῳ.
2785 1333 2803 1365 ι
2834 1311 2977 1383 Πρὸς
3001 1309 3060 1362 δν
3087 1305 3305 1393 λεκτέον
3341 1304 3424 1393 ὅτι
3457 1300 3647 1393 ὥσπερ

2062 1419 2222 1476 ποτὸν
2274 1391 2553 1486 τυγχάνων
2597 1411 2625 1462 6
2669 1405 2762 1460 τοῦ
2809 1400 2943 1456 Θεοῦ
2991 1399 3183 1467 Λόγος,
3226 1391 3307 1457 οἷς
3358 1391 3458 1464 μέν
3494 1391 3649 1486 ’ἐστιν

2060 1511 2223 1581 ὕδωρ,
2260 1482 2465 1577 ἑτέροις
2493 1501 2552 1556 δὲ
2573 1495 2715 1561 οἶνος
2745 1491 3048 1564 εὐφραίνων
3082 1488 3306 1560 καρδῦαν
3333 1482 3647 1581 ἀνθρώπου,

2058 1568 2237 1664 ἄλλοις
2267 1597 2322 1652 δέ
2353 1568 2492 1666 αἷμα
2515 1592 2604 1646 διὰ
2636 1589 2724 1643 τό·
2769 1607 2786 1639 ι
2829 1587 2954 1642 Ἐὰν
3080 1580 3238 1652 πίητε
3274 1575 3465 1650 μουτδ
3485 1568 3648 1644 αἷμα,

2058 1696 2157 1750 οὐκ
2191 1693 2340 1764 ἔχετε
2375 1688 2518 1760 ζωὴν
2551 1689 2607 1740 ἐν
2642 1685 2855 1746 ἐαυτοῖς
2878 1697 2892 1710 ο
2937 1698 2953 1732 ι
2980 1677 3116 1733 ἀλλὰ
3145 1674 3241 1730 καὶ
3279 1671 3457 1744 τροφὴ
3490 1667 3651 1764 λεγό-

2063 1757 2309 1858 μενος-ὀὐ
2342 1757 2486 1836 κατά
2511 1777 2573 1832 τὸ
2604 1775 2736 1830 αὐτὸ
2766 1775 2964 1828 νοεῖται
3006 1769 3169 1838 ἄρτος
3202 1765 3310 1830 ζῶν
3344 1764 3440 1817 καὶ
3482 1757 3649 1831 σάρξ·

2059 1855 2232 1942 οὕτως
2251 1879 2279 1930 6
2310 1873 2468 1937 αὐτός
2503 1873 2617 1924 ἐστι
2647 1868 2928 1939 βάπτισμα
2956 1862 3166 1925 ὓδατος,
3191 1858 3286 1911 καὶ
3313 1855 3649 1926 πνεύματος,

1989 1979 2032 2034 Β
2062 1973 2155 2026 καὶ
2186 1968 2375 2041 πυρὸς,
2410 1964 2524 2019 τισὶ
2554 1963 2610 2016 δέ
2639 1961 2732 2014 καὶ
2773 1959 3022 2028 αἵματος.
3064 1952 3200 2025 Περὶ⁸
3229 1951 3288 2003 δὲ
3332 1948 3426 2002 τοῦ
3460 1947 3652 2000 τελευο

2060 2065 2211 2118 ταίου
2245 2035 2640 2131 βαπτίσματος,
2673 2051 2746 2115 ὣς
2777 2065 2941 2112 τινες,
2971 2045 3134 2116 φησὶν
3163 2045 3220 2096 ἐν
3247 2040 3358 2112 τῷσ
3391 2059 3408 2090 ι
3444 2035 3657 2092 Dami-

2064 2173 2227 2227 σματι
2247 2130 2312 2205 ίδέ
2342 2151 2450 2222 ἕχω
2486 2147 2593 2218 (9|)
2633 2141 3017 2215 βαπτισθῆναι,
3047 2136 3144 2190 καὶ
3175 2133 3292 2196 πῶς
3329 2130 3656 2202 συνέχομαι,

2061 2251 2165 2312 ἓως
2193 2249 2316 2301 ὅτου
2349 2240 2601 2311 τελεσθῇί
2631 2237 2817 2307 Τούτῳ
2854 2252 2912 2287 τε
2959 2229 3266 2303 συμφώνως
3296 2227 3355 2279 ἐν
3387 2228 3455 2296 τῇ
3504 2224 3660 2277 Ἐπι-

2064 2339 2222 2409 στολῇ
2255 2338 2284 2389 ά
2317 2331 2566 2406 μαθητὴς
2602 2327 2852 2396 Ἰωάννης
2876 2322 2937 2377 τὸ
2966 2320 3205 2392 πνεῦμα,
3248 2318 3342 2372 καὶ
3382 2315 3445 2369 τὸ
3484 2312 3658 2409 ὕδωρ,

2065 2432 2158 2486 καὶ
2272 2403 2411 2498 αἷμα
2448 2403 2725 2494 άνέγραψε
2755 2418 2826 2472 τά
2853 2415 2981 2487 τρία
3020 2415 3098 2476 είς
3140 2411 3197 2464 ἓν
3229 2409 3514 2480 γινόμενα.
3546 2403 3664 2457 Καὶ

2063 2523 2180 2586 ὁδὸς
2201 2522 2372 2592 δήπου
2405 2516 2501 2570 καὶ
2528 2514 2668 2586 θύρα
2694 2508 2832 2565 εἶναι
2863 2504 3159 2579 ὁμολογῶν,
3190 2502 3368 2573 σαφής
3399 2501 3522 2552 ἐστι
3556 2513 3663 2592 μη-

2064 2615 2210 2669 δέπω
2251 2588 2534 2682 τυγχάνων
2567 2605 2707 2677 θύρα
2756 2595 2800 2671 ᾧ
2846 2600 2925 2654 ἐτι
2969 2599 3084 2660 ὁδός
3125 2598 3262 2658 ἐστι,
3313 2593 3408 2646 καὶ
3461 2588 3665 2662 μηκέτι

2065 2707 2178 2771 ὁδὸς
2220 2698 2265 2774 ᾧ
2295 2681 2365 2775 δὴγ
2405 2701 2566 2771 θύρα.
2611 2698 2820 2759 Πάντες
2865 2689 2958 2749 οὖν
3017 2692 3066 2744 oi
3111 2685 3537 2758 στοιχειούμενοι
3594 2681 3662 2750 τῇ

2066 2801 2208 2873 ἀρχῇ
2249 2796 2358 2850 τῶν
2403 2793 2599 2863 λογίων
2637 2789 2731 2845 τοῦ
2781 2785 2940 2850 Θεοῦ,
2977 2786 3047 2856 τῇ
3096 2782 3246 2852 φωνῇ
3282 2797 3301 2831 ι
3341 2775 3437 2830 τοῦ
3493 2778 3554 2829 ἐν
3595 2775 3664 2844 τῇ

2066 2871 2262 2964 ἐρήμῳ
2285 2887 2542 2960 βοῶντος
2578 2883 2853 2938 Εὐθύνατε
2884 2879 2982 2950 τὴν
3012 2876 3128 2929 ὁδὸν
3157 2871 3387 2964 Κυρίου,
3431 2887 3451 2921 ›
3487 2883 3664 2964 argos:

2071 2957 2261 3045 ιόντες,
2285 2957 2295 2960 “
2316 2977 2487 3050 πέραν
2533 2973 2625 3028 τοῦ
2671 2971 2934 3043 Ἰορδάνου
2987 2963 3329 3037 τυγχανούσῃ
3378 2958 3536 3030 παρὰ
3589 2957 3669 3028 τῷ

2068 3075 2202 3145 οἴκῳ
2230 3073 2328 3144 τῆς
2361 3067 2729 3138 κατασκευῆς,
2771 3058 3276 3135 εὐτρεπιζέσθωσαν
3309 3054 3448 3127 πρὸς
3481 3051 3545 3105 τδ
3575 3052 3671 3104 δυ-

2069 3167 2296 3239 νηθῆναι
2327 3164 2416 3218 διὰ
2444 3163 2544 3232 τῆς
2577 3155 2998 3232 προετοιμασίας
3029 3151 3274 3225 χωρῆσαι
3303 3148 3396 3202 τὸν
3424 3162 3673 3216 πνευμα-

2071 3236 2219 3316 τικὸν
2243 3258 2419 3327 λόγον,
2447 3254 2796 3325 ἐγγινόμενον
2816 3251 2906 3306 διὰ
2935 3248 3030 3302 τοῦ
3064 3240 3344 3317 φωτισμοῦ
3369 3239 3468 3294 τοῦ
3499 3236 3670 3291 πνεύ-

387 3342 580 3382 vocem
614 3326 970 3382 exsistentem
1001 3323 1142 3392 apud
1176 3323 1394 3377 domum
1423 3319 1856 3392 praeparationis,
1888 3318 1967 3372 di-

2130 3370 2263 3417 ιτος.
2293 3318 2596 3420 ’ἐχομένως
2739 3343 2835 3398 τοῦ
2881 3337 3238 3413 προκειμένου
3270 3333 3338 3388 τά
3389 3331 3526 3404 περὶ
3572 3327 3673 3382 τοῦ

387 3419 625 3490 ligenlcr
663 3424 970 3488 praeparent
1003 3431 1082 3479 se,
1118 3422 1176 3471 ut
1203 3413 1528 3484 praecedenti
1574 3413 1970 3484 praeparatione

387 3512 672 3585 percipere
700 3519 903 3581 queant
930 3508 1268 3578 spiritttalem
1296 3521 1625 3571 sermonem,
1656 3504 1747 3574 qui
1780 3502 1968 3573 impri-

390 3604 557 3659 mitur
583 3618 679 3672 per
709 3602 1164 3658 illuminationem
1200 3598 1447 3670 spiritus.
1483 3598 1840 3654 Continenter
1871 3595 1972 3665 igi-

390 3708 483 3754 tur
514 3697 589 3753 rei
619 3696 909 3768 propositae
938 3693 1254 3764 colligentes
1278 3707 1397 3762 qua:
1427 3693 1493 3746 ad
1525 3687 1818 3744 Jordanem
1850 3703 1975 3757 per-

391 3791 594 3857 tinent,
619 3788 930 3845 accuratius
945 3787 1355 3842 consideremus
1375 3782 1618 3839 ﬂuvium.
1647 3781 1790 3839 Deus
1813 3783 1975 3853 igitur

391 3898 490 3956 per
518 3881 738 3955 Moysen
776 3879 1012 3937 traducit
1053 3876 1308 3949 populum
1347 3889 1445 3948 per
1464 3890 1614 3932 mare
1635 3873 1880 3931 Rubrum
1905 3875 1972 3940 ",

391 3991 519 4033 cum
552 3957 776 4033 fecisset
804 3985 864 4029 ut
890 3987 1029 4045 aqua
1069 3972 1201 4040 ipsis
1230 3985 1421 4025 murus
1445 3977 1591 4026 esset
1624 3985 1653 4024 a
1680 3969 1890 4024 dextris
1921 3978 1973 4022 et

393 4087 425 4128 a
449 4071 714 4128 sinistris.
739 4069 900 4126 Jesus
923 4084 1055 4124 vero
1081 4066 1314 4120 traducit
1336 4078 1459 4118 eum
1482 4077 1580 4133 per
1597 4061 1886 4118 Iordanem
1906 4063 1974 4115 ’⁷.

393 4166 531 4222 Cum
575 4164 794 4234 legisset
843 4170 1022 4216 autem
1079 4159 1414 4227 Scripturam
1459 4154 1684 4218 Paulus,
1717 4171 1824 4211 non
1864 4170 1980 4208 am-

394 4259 540 4331 plius
572 4258 870 4315 secundum
900 4268 1121 4311 carnem
1155 4252 1233 4307 illi
1271 4251 1514 4306 militans
1551 4249 1799 4323 (noverat
1831 4250 1977 4318 enim

351 4337 356 4342 ’
399 4354 574 4425 legem
626 4351 962 4423 spiritualem
993 4349 1134 4418 esse)
1170 4345 1532 4417 spiritualiter
1578 4342 1737 4397 docet
1767 4356 1864 4398 nos
1895 4341 1980 4396 in-

401 4446 691 4516 terpretari
720 4460 842 4514 qua:
867 4442 1212 4512 contigerunt
1243 4442 1295 4496 in
1330 4438 1560 4494 transitu
1590 4437 1758 4493 maris
1785 4438 1980 4505 Rubri,

399 4540 586 4595 dicens
635 4537 689 4593 in
719 4539 902 4609 priore
951 4537 1017 4591 ad
1062 4535 1372 4591 Corinthios
1408 4532 1648 4603 Epistola
1679 4531 1764 4585 ’δι
1798 4548 1816 4583 ι
1846 4528 1981 4585 Nolo

2084 3423 2347 3518 Ἰορδάνου
2376 3439 2698 3508 συνάγοντες
2727 3435 3115 3509 ἀκριϐέστερον
3137 3429 3229 3484 τδν
3260 3425 3509 3518 ποταμδν
3539 3423 3673 3518 νοη-

2075 3513 2275 3609 σωμεν.
2322 3537 2382 3589 '0
2422 3533 2554 3597 Θεὸς
2597 3530 2773 3584 τοίνυν
2816 3527 2902 3582 διὰ
2950 3524 3196 3586 Μωσέως
3226 3514 3533 3580 διαϐιϐάζει
3581 3513 3674 3568 τὸν

2071 3607 2198 3683 λαδν
2231 3627 2328 3700 τὴν
2363 3623 2628 3697 Ἐρυθρὰν
2676 3621 2970 3682 θάλασσαν,
3025 3615 3157 3670 αὐτὸ
3205 3612 3266 3667 τὸ
3306 3609 3452 3680 ὐδωρ
3485 3607 3676 3700 αὐτοῖς

2075 3697 2309 3793 ποιήσας
2337 3720 2514 3789 τεῖχος
2563 3718 2628 3769 ἐκ
2674 3711 2862 3778 δεξιῶν
2903 3708 2998 3764 καὶ
3031 3707 3089 3775 ἐξ
3134 3701 3451 3774 εὐωνύμων,
3485 3700 3579 3754 διὰ
3616 3697 3676 3752 δέ

2074 3814 2167 3870 τοῦ
2225 3811 2403 3885 Ἰησοῦ
2445 3811 2539 3864 τὸν
2573 3805 2868 3878 Ἰορδάνην.
2922 3799 3190 3871 Ἐντυχὼν
3241 3797 3301 3851 δὲ
3356 3797 3422 3866 τῇ
3473 3794 3675 3865 Γραφῇ

2075 3911 2104 3963 6
2155 3905 2388 3968 Παῦλος,
2432 3903 2613 3957 οὐκέτι
2665 3898 2806 3954 κατὰ
2853 3896 2953 3968 τὴν
3006 3894 3185 3966 σάρκα
3237 3887 3679 3962 στρατευόμενος

2078 3997 2252 4068 αὐτῆς
2317 3995 2452 4066 (ᾔδει
2494 3993 2604 4064 γὰρ
2649 3991 2730 4044 ὅτι
2780 3990 2810 4042 6
2852 3987 3015 4058 νόμος
3068 3979 3434 4053 πνευματικός
3495 3976 3675 4047 ἐστι)·

2079 4086 2464 4160 πνευματικῶς
2492 4085 2730 4138 διδάσκει
2761 4082 2909 4152 ἡμᾶς
2940 4075 3277 4148 ἐξειληφέναι
3302 4071 3370 4126 τὰ
3401 4071 3505 4141 τῆς
3531 4068 3679 4160 κατὰ

2077 4181 2176 4253 τὴν
2222 4159 2485 4251 Ἐρυθρὰν
2531 4176 2805 4230 Θάλασσαν
2850 4170 3044 4234 διόδου,
3093 4167 3265 4236 λέγων
3309 4165 3365 4216 ἐν
3411 4165 3482 4233 τῇ
3536 4159 3681 4231 πρὸς

2080 4273 2399 4344 Κορινθίους
2442 4269 2713 4342 προτέρᾳ·
2747 4287 2765 4318 ι
2806 4265 2880 4319 υύ
2917 4263 3054 4316 θέλω
3092 4261 3201 4332 γὰρ
3238 4259 3381 4330 ὑμᾶς
3428 4255 3680 4324 ἀγνοεῖν,

2082 4366 2319 4434 ἀδελφοὶ,
2354 4364 2434 4417 ὅτι
2461 4364 2510 4415 οἱ
2543 4363 2778 4430 πατέρες
2823 4355 2982 4430 ἡμῶν
3026 4354 3222 4416 πάντες
3252 4350 3357 4404 ὐπὸ
3390 4348 3490 4419 τὴν
3515 4346 3681 4417 νεφέ-

2081 4459 2180 4528 λην
2205 4453 2366 4528 ἦσαν,
2394 4455 2488 4509 καὶ
2524 4453 2724 4516 πάντες
2751 4451 2840 4505 διά
2872 4449 2970 4520 τῆς
3005 4446 3281 4514 θαλάσσης
3313 4439 3553 4514 διῆλθον,
3581 4439 3684 4494 καὶ

2083 4550 2286 4611 πάντες
2332 4547 2410 4609 είς
2438 4545 2528 4598 τὸν
2561 4543 2802 4613 Μωῦσῆν
2845 4535 3203 4595 ἐϐαπτίσαντο
3247 4538 3303 4590 ἐν
3339 4537 3404 4605 τῇ
3443 4531 3682 4606 νεφέλῃ,

395 4650 499 4691 vos
530 4635 812 4705 ignorare,
842 4633 1060 4697 fratres,
1085 4647 1273 4686 omnes
1299 4640 1486 4702 patres
1510 4637 1727 4684 nostros
1755 4626 1854 4682 sub
1881 4642 1967 4680 nn-

2130 4642 2180 4696 αῖ
2209 4642 2266 4693 ἐν
2293 4641 2360 4709 τῇ
2392 4635 2657 4710 θαλάσσῃ,
2688 4635 2780 4689 καὶ
2808 4633 3008 4697 πάντες
3038 4631 3098 4686 τὸ
3125 4629 3259 4685 αὐτὸ
3286 4626 3486 4699 βρῶμα
3512 4643 3686 4680 πνευ-

395 4729 465 4784 be
490 4727 678 4792 fuisse,
709 4739 1007 4793 omnesque
1027 4738 1124 4793 per
1147 4738 1292 4777 mare
1315 4723 1602 4788 transisse,
1629 4728 1685 4775 et
1715 4733 1904 4774 omnes
1923 4718 1976 4772 in

397 4822 585 4893 Moyse
601 4821 904 4891 baptizatos
924 4817 1093 4872 fuisse
1111 4817 1166 4872 in
1187 4815 1355 4878 nube,
1372 4815 1491 4871 etin
1515 4814 1673 4878 mari,
1706 4823 1761 4868 et
1789 4827 1981 4867 omnes

398 4917 650 4970 eumdem
695 4916 879 4970 cibum
932 4909 1095 4983 144
1150 4907 1490 4980 spiritualem
1539 4907 1862 4970 comedisse,
1925 4914 1982 4960 et

399 5021 593 5061 omnes
619 5005 866 5061 eumdem
885 5013 1072 5076 potum
1089 4999 1430 5072 spiritualem
1459 4997 1691 5053 bibisse:
1721 4997 1980 5052 bibebant

401 5103 548 5158 enim
567 5115 632 5155 ex
647 5097 912 5168 spirituali
933 5103 1199 5167 sequente
1222 5108 1321 5149 eos
1341 5101 1492 5163 petra
1513 5108 1526 5145 :
1547 5101 1601 5145 at
1621 5105 1751 5146 vero
1776 5091 1863 5145 illa
1884 5106 1981 5160 pc-

399 5202 486 5251 tra
517 5202 638 5250 erat
677 5191 954 5256 Christus.
978 5210 998 5244 ι
1037 5189 1248 5256 Quibus
1295 5193 1705 5255 consequenter
1736 5195 1981 5252 petamus

400 5288 571 5345 etiam
603 5300 702 5340 nos
735 5293 795 5339 ut
830 5300 858 5336 a
883 5284 994 5339 Deo
1015 5282 1363 5356 accipiamus
1413 5276 1832 5346 intelligentiam
1869 5276 1982 5346 spi-

401 5379 656 5436 ritualem
689 5377 950 5432 transitus
988 5375 1240 5430 Jordanis
1269 5388 1366 5444 per
1393 5370 1606 5435 Jesum,
1640 5370 1888 5426 dicentes
1917 5372 1984 5423 de

405 5473 512 5527 hoc
537 5471 704 5526 etiam
751 5469 938 5525 dicere
982 5468 1229 5538 potuisse
1253 5465 1513 5520 Paulum:
1547 5461 1681 5517 Nolo
1713 5478 1806 5518 vos
1831 5462 1984 5533 igno-

404 5581 548 5627 rare,
581 5565 808 5630 fratres,
838 5562 986 5633 quod
1020 5577 1212 5618 omnes
1242 5572 1423 5630 patres
1458 5561 1629 5615 nostri
1665 5574 1762 5629 per
1786 5557 1983 5612 Jorda-

405 5673 530 5712 nem
563 5657 918 5718 transierunt,
942 5665 1000 5710 et
1021 5668 1208 5709 omnes
1237 5655 1290 5709 in
1325 5653 1451 5710 Jcsu
1483 5653 1738 5722 baptizati
1767 5651 1986 5704 fuerunt

480 5750 526 5782 ¹⁶
557 5747 745 5802 Matth.
786 5763 864 5810 ιι.
904 5747 992 5803 12.
1058 5747 1098 5778 ⁸⁷
1133 5747 1263 5800 ibid.
1300 5745 1384 5799 1³5.
1465 5748 1508 5779 ⁸⁸
1540 5747 1706 5801 Marc.
1747 5760 1787 5812 l,
1815 5744 1870 5803 4:
1907 5743 1967 5797 Li

2130 5761 2180 5807 Il,
2236 5745 2289 5798 5.

2092 4731 2318 4806 ματικδν
2344 4729 2563 4800 ἔφαγον,
2614 4727 2707 4780 καὶ
2756 4726 2955 4788 πάντες
2998 4724 3061 4778 τὸ
3093 4718 3457 4793 πνευματικὸν
3491 4718 3688 4774 ἔπινον

2087 4825 2269 4896 πόμα’
2328 4820 2508 4874 ἔπινον
2567 4818 2676 4889 γάρ
2723 4818 2787 4870 ἐκ
2833 4815 3208 4886 πνευματικῆς
3276 4809 3686 4878 ἀκολουθούσης

2091 4914 2396 4988 πέτρας··ἡ
2430 4911 2603 4982 πέτρα
2631 4909 2688 4963 δέ
2720 4905 2787 4980 ἦν
2812 4910 2840 4962 6
2867 4907 3121 4978 Χριστός.
3168 4925 3186 4956 ι
3225 4899 3321 4967 Οἷς
3363 4901 3685 4965 ἀκολούθως

2088 5009 2185 5063 καὶ
2212 5007 2372 5078 ἡμεῖς
2404 5004 2716 5074 αἰτήσωμεν
2741 5000 2924 5054 λαϐεῖν
2965 4999 3074 5052 ἀπὸ
3113 4996 3206 5050 τοῦ
3235 4993 3368 5050 θεοῦ
3401 4994 3459 5047 τὸ
3487 4994 3685 5065 νοῆσαι

2090 5096 2471 5170 πνευματικῶς
2497 5097 2596 5166 τὴν
2618 5093 2706 5148 διὰ
2743 5091 2918 5164 Ἰησοῦ
2956 5091 3123 5144 δίοδον
3145 5088 3237 5142 τοῦ
3271 5086 3560 5158 Ἰορδάνου,
3591 5085 3686 5140 λέ-

2089 5209 2296 5263 γοντες,
2324 5191 2405 5244 ὅτι
2433 5185 2586 5241 εἶπεν
2623 5187 2688 5241 ἂν
2731 5186 2826 5239 καὶ
2868 5185 2994 5257 περὶ
3023 5182 3225 5254 ταύτης
3255 5182 3284 5233 6
3323 5178 3558 5241 Παῦλοςο
3598 5179 3678 5231 Οὐ

2090 5283 2228 5339 θέλω
2277 5282 2420 5352 ὑμᾶς
2457 5279 2690 5346 ἀγνοεῖν,
2728 5276 2966 5345 ἀδελφοὶ,
3013 5276 3096 5328 ὅτι
3135 5274 3185 5326 οἱ
3231 5269 3464 5343 πατέρες
3513 5269 3681 5339 ἡμῶν

2091 5377 2290 5438 πάντες
2337 5371 2425 5427 διὰ
2476 5369 2572 5426 τοῦ
2631 5369 2892 5441 Ἰορδάνου
2941 5367 3176 5438 διῆλθον,
3219 5365 3311 5420 καὶ
3355 5363 3557 5426 πάντες
3599 5365 3686 5426 εἰς

2089 5469 2178 5521 τὸν
2220 5467 2426 5540 Ἰησοῦν
2454 5464 2819 5520 ἐϐαπτίσαντο
2842 5465 2900 5516 ἐν
2927 5460 3004 5531 τῷ
3037 5458 3328 5530 πνεύματι,
3361 5456 3456 5511 καὶ
3478 5454 3558 5526 τῷ
3581 5470 3689 5508 πο-

2088 5559 2267 5630 ταμῷ.
2322 5558 2504 5622 Τύπος
2549 5557 2606 5611 δέ
2649 5559 2678 5611 6
2715 5554 3090 5625 διαδεξάμενος
3122 5549 3190 5624 ἦν
3232 5550 3434 5622 Μωσῆν
3466 5547 3686 5620 Ἰησοῦς

2089 5651 2180 5704 τοῦ
2214 5650 2593 5723 διαδεξαμένου
2632 5649 2731 5720 τὴν
2775 5647 2864 5701 διὰ
2903 5646 2997 5700 τοῦ
3038 5646 3204 5716 νόμου
3249 5642 3559 5715 οἰκονομίαν
3599 5641 3686 5714 τῷ

2367 5745 2411 5775 ¹⁰
2461 5742 2651 5798 Matth.
2704 5757 2786 5802 In.
2841 5740 2923 5792 ll.
3001 5739 3046 5769 ²⁰
3082 5737 3225 5792 Psal.
3282 5751 3399 5800 cm,
3461 5733 3550 5790 15.
3632 5736 3681 5768 ³⁸

403 5819 563 5877 Joan.
605 5835 678 5881 νι,
715 5818 804 5873 54.
850 5804 928 5850 ἠ
960 5817 1090 5872 an.
1135 5833 1236 5874 xu.
1277 5817 1366 5872 50.
1443 5817 1490 5848 "
1525 5818 1538 5870 1
1576 5817 1731 5871 Joan.
1766 5804 1817 5873 ν.
1860 5815 1913 5868 8.

2130 5804 2224 5868 an.
2261 5830 2318 5881 ιι,
2352 5813 2410 5879 9,
2435 5824 2491 5869 et
2528 5828 2644 5877 xw,
2693 5815 2748 5867 6.
2826 5811 2872 5843 ”
2923 5807 3081 5862 Joan.
3137 5820 3175 5872 ι,
3227 5806 3320 5862 25.
3394 5804 3441 5836 ’⁸
3495 5804 3683 5864 Exod.

410 5908 526 5953 xw,
571 5889 662 5945 22.
738 5891 783 5922 ’⁷
806 5889 916 5946 Jos.
953 5907 1038 5957 ιιι,
1087 5889 1171 5952 15,
1218 5888 1300 5942 ιθ.
1377 5887 1423 5918 ³⁸
1462 5887 1591 5956 Cap.
1625 5904 1679 5951 ιι,
1717 5902 1858 5940 vers.
1898 5885 1922 5936 1
1967 5899 2084 5952 seq.

480 6015 593 6088 (9|)
621 6016 993 6089 Βαπτίσμιιτι
1026 6011 1092 6067 δὲ
1120 6011 1259 6084 ἔχω.
1293 6010 1373 6068 lta
1403 6010 1727 6066 Budleianus
1751 6008 1953 6074 codex;

2130 6020 2188 6060 us
2223 6020 2317 6074 pro
2348 6003 2684 6074 βαπτίσματι
2713 6002 2873 6059 habet
2907 5999 3205 6070 βάπτισμα.
