3866 6544
185 439 280 494 277

1305 444 1663 502 COMMEDT.
1703 445 1772 502 IN
1803 445 1994 502 JOA‘N.
2033 443 2274 503 TOMUS
2305 443 2397 500 Vl.

3349 441 3455 498 278

182 564 510 637 εὐαγγελικῷ
546 565 888 640 κηρύγματι
931 567 1101 641 Ἰησοῦ
1141 567 1234 624 τοῦ
1267 570 1501 640 Χριστοῦ
1525 587 1538 601 σ
1573 570 1760 642 διόπερ

1890 570 1942 624 in
1975 569 2167 640 spiritu
2200 577 2255 623 et
2282 567 2336 623 in
2367 566 2552 622 ﬂuvio.
2583 566 2653 622 At
2681 565 2838 622 Jesus
2872 565 3039 636 Moysi
3066 566 3357 621 succedens
3388 567 3452 621 li-

180 659 226 713 εί
251 656 341 710 καὶ
367 656 580 720 πάντες
610 658 828 714 ἐκεῖνοι
874 661 954 724 εἰς
991 660 1194 732 Μωσῆν
1233 660 1583 732 βαπτίζονται
1633 663 1689 714 ἐν
1713 665 1780 733 τῇ

181 747 365 820 νεφέλῃ
407 747 506 800 καὶ
555 749 620 800 ἐν
667 753 742 821 τῇ
781 750 1275 826 θαλάσσῃ,,πικρὸν
1310 753 1408 822 μέν
1451 769 1503 806 τι
1553 753 1782 824 ἔχεικαὶ

180 841 411 913 ἁλμυρὸν
454 840 519 895 τὸ
561 842 808 897 ἐκείνων
838 843 1137 915 βάπτισμα,
1161 843 1239 896 ἐτι
1273 842 1620 915 φοϐουμένων
1655 847 1783 910 τοὺς

179 933 394 1004 ἐχθροὺς
424 934 564 1003 παρ’
598 934 817 1000 αὐτῶν,
856 937 950 988 καὶ
978 933 1330 989 ἀναϐοώντων
1372 936 1510 1006 πρὸς
1537 936 1625 989 τὸν
1663 936 1780 990 Κύ-

182 1041 286 1099 ριον
313 1024 408 1080 καὶ
435 1023 520 1096 τῷ
574 1027 766 1098 Μωσῇ
808 1026 1096 1096 λεγόντων·
1121 1045 1140 1078 ι
1171 1025 1328 1098 Παρὰ
1356 1027 1416 1079 τὸ
1429 1027 1505 1098 μὴ
1518 1029 1782 1099 ὑπάρχειν

183 1118 430 1189 μνήματα
463 1119 530 1170 ἐν
561 1117 861 1189 Αἰγύπτῳ,
898 1116 1160 1189 ἐξήγαγες
1188 1119 1334 1189 ἡμᾶς
1375 1118 1679 1174 θανατῶσαι
1723 1123 1779 1173 ἐν

181 1211 243 1282 τῇ
267 1209 492 1281 ἐρήμην
525 1208 589 1262 τί
623 1209 793 1265 τοῦτο
826 1211 1084 1281 ἐποίησας
1111 1209 1259 1280 ἡμῖν,
1290 1209 1570 1280 ἐξαγαγὼν
1599 1212 1656 1279 ἐξ
1684 1214 1771 1266 Αί-

182 1303 408 1372 γύπτου;
446 1321 467 1353 ι
499 1302 582 1356 Τὸ
610 1303 671 1356 δὲ
703 1305 787 1368 είς
829 1303 1034 1376 Ἰησοῦν
1059 1302 1356 1374 βάπτισμα,
1386 1305 1443 1358 ἐν
1469 1303 1546 1376 τῷ
1567 1305 1779 1376 ἀληθῶς

181 1395 356 1464 γλυκεῖ
392 1396 490 1449 καὶ
538 1397 776 1468 ποτίμῳ
824 1395 1075 1467 ποταμῷ,
1114 1395 1283 1450 πολλὰ
1306 1395 1419 1468 ἔχει
1447 1399 1576 1470 παρ’
1604 1399 1779 1454 ἐκεῖνο

183 1488 454 1560 ἐξαίρετα,
503 1471 631 1560 ἠδη
687 1488 1064 1562 τρανουμένης
1121 1490 1212 1543 καὶ
1268 1489 1580 1561 πρέπουσαν
1627 1490 1778 1558 τάξιν

182 1581 561 1654 λαμϐανούσης
595 1582 707 1653 τῆς
740 1582 1048 1647 θεοσεϐείας
1069 1600 1081 1614 ·
1124 1581 1352 1646 κιϐωτὸς
1380 1582 1489 1655 γάρ
1523 1582 1623 1654 τῆς
1651 1586 1776 1638 Δια-

183 1674 342 1745 θήκης
370 1673 599 1744 Κυρίου
625 1673 730 1726 τοῦ
762 1671 899 1726 Θεοῦ
928 1670 1082 1742 ἡμῶν
1111 1672 1203 1724 κα)⁸
1233 1672 1400 1743 ἱερεῖς
1433 1671 1528 1726 καὶ
1555 1673 1778 1726 Λευῖται

183 1763 496 1836 πορεύονται
522 1804 540 1829 ,
593 1763 693 1817 τοῦ
752 1761 884 1817 λαοῦ
932 1761 1194 1832 ἑπομένου
1252 1766 1364 1827 τοῖς
1419 1765 1776 1836 θεραπευταῖς

179 1859 263 1912 τοῦ
286 1858 442 1924 Θεοῦ,
473 1859 750 1912 κάκείνου
781 1857 837 1910 δέ
868 1859 977 1920 τοῖς
1013 1855 1250 1928 χωροῦσι
1275 1856 1372 1928 τὴν
1405 1859 1532 1930 περὶ
1556 1858 1776 1926 ἁγνείας

1885 679 2018 735 gura
2052 660 2149 715 fuit
2180 659 2308 716 Jesu
2340 659 2540 715 Chrisﬁ
2561 699 2575 725 ,
2607 661 2698 730 qui
2733 659 3044 728 evangelica
3075 657 3454 728 praedicatione

1885 754 1959 809 illi
2005 753 2365 818 oeconomiae,
2406 767 2527 822 qua:
2571 766 2670 822 per
2718 752 2886 824 legem
2939 760 3102 814 erat,
3158 751 3450 817 successit;

1883 861 2041 914 quam
2060 845 2129 900 ob
2150 859 2394 910 causam,
2421 844 2636 900 etiamsi
2664 859 2852 899 omnes
2880 844 2933 898 in
2965 842 3146 914 Moyse
3174 842 3453 912 baptizan-

1886 950 1973 994 tur
2014 939 2066 993 in
2099 935 2238 991 nube
2280 939 2416 993 etin
2448 939 2610 1005 mari,
2643 953 2890 993 amarum
2933 947 3183 998 attamen.
3209 934 3452 990 nonnihil

1882 1041 1938 1085 et
1968 1031 2162 1088 falsum
2193 1033 2356 1087 habet
2387 1031 2603 1086 illorum
2631 1030 2918 1100 baptisma,
2943 1029 3122 1084 adhuc
3149 1028 3450 1083 timentium

1884 1127 2138 1182 inimicos
2172 1126 2239 1181 ab
2269 1126 2424 1195 ipsis,
2459 1135 2516 1180 et
2543 1125 2891 1180 clamantium
2928 1125 2994 1178 ad
3041 1122 3324 1176 Dominum
3371 1121 3452 1175 di-

1882 1222 2236 1289 centiumque
2267 1218 2436 1289 Moysi
2465 1218 2548 1271 ’9:
2589 1216 2920 1285 «Propterea
2953 1215 3095 1286 quod
3134 1229 3248 1269 non-
3267 1224 3452 1269 essent

1881 1312 2306 1376 tnonumenta'in
2340 1310 2598 1381 Egypto,
2629 1307 2858 1364 eduxisti
2884 1324 3000 1372 nos,
3030 1317 3090 1362 ut
3117 1305 3452 1361 interﬁceres

1880 1405 1934 1459 in
1965 1419 2184 1460 eremo:
2215 1402 2367 1475 [quid
2395 1403 2498 1458 hoc
2518 1401 2702 1456 facere
2727 1400 2963 1464 voluisti,
2993 1408 3052 1452 ut
3075 1399 3331 1453 educeres
3356 1411 3452 1451 nos

1879 1507 1945 1548 ex
1965 1491 2232 1564 Egypto?
2259 1491 2309 1565 ι]
2341 1492 2412 1548 At
2445 1505 2572 1548 vero
2619 1489 2883 1560 baptisma
2924 1490 2978 1544 in
3024 1487 3174 1554 Iesu,
3205 1487 3257 1541 in
3285 1484 3451 1542 ﬂuvio

1877 1597 2006 1640 vere
2033 1583 2174 1639 dulci
2209 1594 2263 1639 et
2297 1583 2542 1654 potabili,
2572 1581 2739 1636 multa
2770 1583 2967 1636 eximia
3005 1595 3116 1650 prae
3149 1579 3239 1635 illo
3267 1578 3447 1648 bapti-

1879 1684 2053 1730 smate
2084 1675 2281 1743 habet,
2314 1675 2568 1730 nimirum
2601 1676 2724 1745 quia
2745 1676 2856 1747 jam
2888 1674 3121 1729 clareret
3147 1672 3446 1742 acciperet-

1879 1782 1984 1838 que
2009 1767 2288 1822 decentem
2311 1768 2555 1822 ordinem
2584 1767 2676 1821 Dei
2700 1767 2898 1822 cultus.
2918 1765 3054 1820 Area
3083 1765 3226 1819 enim
3253 1763 3446 1819 Testa-

1881 1859 2046 1912 menti
2085 1857 2296 1913 Domini
2344 1856 2437 1913 Dei
2495 1857 2688 1923 nostri,
2723 1866 2778 1912 et
2811 1857 3118 1911 sacerdotes
3165 1864 3220 1910 et
3269 1854 3449 1909 levitas

182 1952 404 2024 ἐντολήν.
428 1922 682 2023 -Ἰησοῦς
704 1951 760 2003 δὲ
792 1951 940 2019 λέγει
965 1922 1044 2020 τῷ
1066 1922 1178 2020 λαῷ
1203 1922 1370 2020 (91⁶)·
1403 1968 1422 2002 ι
1463 1922 1766 2020 ’Ᾰγνίσασθε

1880 1947 2210 2016 praecedunt,
2247 1957 2510 2016 sequente
2548 1948 2763 2018 populo,
2795 1956 3166 2017 sequenteque
3199 1946 3292 2000 illo
3336 1945 3449 2000 cul-

182 2044 250 2107 είς
280 2043 375 2113 τήν
404 2040 871 2115 αὖριον,ποιὴσει
909 2042 966 2094 ἐν
1000 2042 1130 2112 ἡμῖν
1144 2043 1348 2112 Κύριος
1395 2040 1700 2113 θαυμάσια·
1749 2061 1765 2092 ι

180 2131 384 2196 καὶτοῖς
412 2129 630 2203 ἱερεῦσι
658 2129 798 2200 μετά
821 2129 920 2201 τῆς
945 2130 1176 2184 κιϐωτοῦ
1223 2131 1321 2202 τῆς
1371 2131 1640 2204 Διαθὴκης
1682 2151 1777 2187 κε-

181 2220 309 2274 λεύει
348 2220 813 2293 προπορεύεσθαι
863 2221 1168 2295 ἔμπροσθεν
1211 2223 1305 2276 τοῦ
1351 2223 1502 2287 λαοῦ,
1551 2226 1638 2278 ὅτε
1685 2228 1776 2279 καὶ

181 2311 234 2363 τὸ
262 2313 569 2384 μυστήριον
601 2313 708 2384 τῆς
745 2313 841 2367 τοῦ
878 2314 1090 2386 Πατρὸς
1123 2314 1259 2385 πρὸς
1282 2315 1372 2368 τὸν
1405 2316 1530 2369 Υίὺν
1561 2317 1669 2387 (92)
1696 2319 1774 2371 οί-

181 2404 421 2475 κονομίας
465 2405 836 2476 ἐμφαίνεται,
883 2406 1324 2478 ὑπερυψούμενον
1364 2408 1456 2460 ὑπ’
1493 2409 1654 2463 αὐτοῦ
1695 2410 1773 2463 δι-

178 2497 343 2561 δόντος
364 2498 652 2570 χάρισμα,
691 2518 708 2550 ι
744 2499 813 2554 ἶν’
844 2501 901 2552 ἐν
925 2498 1003 2570 τῷ
1031 2500 1254 2570 ὀνόματι
1298 2501 1470 2571 Ἰησοῦ
1509 2504 1614 2555 πᾶν
1645 2504 1771 2571 γόνυ

180 2589 356 2664 κάμψῃ
397 2590 784 2662 ἐπουρανίων,
813 2591 907 2645 καὶ
946 2592 1225 2671 ἐπιγείων,
1263 2593 1356 2646 καὶ
1386 2593 1770 2665 καταχθονίων,

180 2681 263 2734 καὶ
303 2682 458 2735 πᾶσα
493 2682 734 2752 γλῶσσα
784 2682 1266 2755 ἐξομολογήσηται,
1303 2685 1383 2738 ὅτι
1429 2686 1630 2758 Κύριος
1667 2689 1770 2759 Ἰην

182 2775 294 2840 σοῦς
318 2777 565 2850 Χριστὸς
608 2779 695 2842 είς
725 2776 884 2842 δόξαν
907 2776 1038 2832 Θεοῦ
1068 2778 1298 2851 Πατρός.
1337 2798 1354 2831 ι
1382 2779 1480 2831 Διὰ
1512 2778 1620 2850 γὰρ
1652 2779 1772 2833 τού-

177 2885 273 2923 των
301 2868 568 2940 δηλοῦται
603 2871 668 2926 ἐν
700 2868 782 2940 τῷ
825 2869 1027 2938 Ἰησοῦ
1062 2871 1534 2942 ἀναγεγραμμένῳ
1561 2871 1732 2925 ταῦτα
1754 2888 1769 2902 °

185 2979 200 3012 t
223 2960 326 3015 Καὶ
349 2958 476 3016 εἷπε
505 2962 729 3034 Κύριος
752 2962 890 3034 πρὸς
915 2961 1122 3033 Ἰησοῦν
1143 2980 1155 2992 ·
1192 2963 1280 3016 Ἐν
1305 2966 1368 3035 τῇ
1400 2963 1581 3036 ἡμέρᾳ
1602 2963 1771 3037 ταύτῃ

178 3053 393 3125 ἄρξομαι
421 3054 653 3124 ὑψῶσαι
691 3073 752 3110 σε
791 3057 1122 3110 κατενώπιον
1153 3056 1258 3110 τῶν
1297 3055 1427 3109 υἱῶν
1457 3056 1700 3128 Ἰσραήλο
1745 3076 1763 3108 ι

181 3143 262 3196 καὶ
289 3144 593 3199 ἀκουστέον
621 3144 722 3198 τοῦ
759 3145 962 3218 Κυρίου
994 3145 1147 3217 ἡμῶν
1188 3146 1358 3217 Ἰησοῦ
1384 3147 1632 3216 λέγοντος
1657 3149 1770 3212 τοῖς

179 3236 299 3300 υἱοῖς
335 3237 600 3308 Ἰσραήλ⁹
643 3257 663 3289 ι
702 3239 1015 3310 Προσάγετε
1074 3232 1175 3292 ὧδε
1197 3279 1211 3304 ,
1257 3239 1351 3294 καὶ
1401 3239 1661 3294 ἀκούσετε
1709 3239 1770 3295 τὸ
1793 3267 1835 3327 C

121 3363 127 3367 -
181 3327 312 3398 ῥῆμα
344 3329 562 3402 Κυρίου
610 3328 712 3382 τοῦ
748 3329 885 3384 Θεοῦ
929 3331 1085 3402 ἡμῶν
1108 3347 1121 3360 ·
1158 3332 1215 3386 ἐν
1263 3330 1438 3402 τούτῳ
1470 3329 1764 3401 γνώσεσθε,

179 3419 246 3472 ὅτι
276 3419 405 3486 Θεὸς
432 3418 551 3485 ζῶν
587 3422 650 3476 ἐν
687 3423 819 3494 ὑμῖν
852 3423 1014 3476 ἐστιν.
1047 3423 1134 3477 Ἐν
1160 3423 1269 3494 γάρ
1300 3423 1377 3494 τῷ
1405 3423 1765 3494 βαπτίσασθαι

178 3512 247 3576 εις
280 3511 489 3584 Ἰησοῦν
529 3513 890 3585 γνωσόμεθα,
929 3514 1010 3568 ὅτι
1051 3513 1184 3578 Θεὸς
1219 3513 1327 3578 ζῶν
1363 3517 1421 3571 ἐν
1453 3517 1587 3586 ἡμῖν
1629 3517 1761 3569 ἐστι.

178 3605 337 3658 Κάκεῖ
369 3607 472 3676 μὲν
521 3606 590 3659 τὸ
638 3606 838 3676 Πάσχα
870 3607 1212 3678 ποιήσαντες,
1246 3609 1304 3663 ἐν
1344 3608 1621 3680 Αἰγύπτῳ,
1667 3610 1767 3681 ἀρ-

177 3692 265 3765 χὴν
288 3692 385 3764 τῆς
412 3693 606 3762 ἐξόδου
657 3693 972 3750 ποιοῦνταιο
1021 3696 1169 3769 παρὰ
1206 3697 1263 3750 δὲ
1297 3695 1374 3767 τῷ
1411 3696 1584 3770 Ἰησοῦ
1628 3697 1766 3769 μετὰ

177 3784 263 3856 τὴν
311 3785 483 3842 δίοδον
539 3782 647 3840 τοῦ
687 3785 976 3858 Ἰορδάνου,
1032 3790 1097 3859 τῇ
1146 3787 1347 3862 δεκάτῃ
1391 3786 1763 3860 τοῦλνπρὼτου

179 3876 330 3948 μηνὸς
354 3879 977 3952 κατεστρατοπέδευσαν
1007 3881 1063 3934 ἐν
1092 3880 1406 3950 Γαλγάλοις,
1435 3881 1523 3935 ὅτε
1550 3881 1764 3954 πρῶτον

179 3965 269 4020 ἔδει
297 3965 541 4022 λαϐόντα
586 3967 653 4021 τὸ
695 3968 969 4040 πρόϐατον
1002 3968 1110 4039 (95)
1159 3971 1493 4042 ἐπονομάσαι
1524 3971 1650 4035 τοὺς
1671 3972 1762 4024 εὐ-

177 4057 624 4131 ωχηθησομένους
670 4059 812 4130 μετὰ
856 4060 918 4114 τὸ
962 4061 1136 4133 Ἰησοῦ
1191 4061 1493 4133 βάπτισμα.
1543 4064 1652 4118 Καὶ
1694 4067 1759 4136 τῇ

175 4150 449 4224 ἀκροτόμῳ
500 4153 693 4224 πέτρᾳ
752 4152 860 4224 (94)
911 4153 1015 4207 ὑπὸ
1059 4154 1231 4226 Ἰησοῦ
1284 4158 1333 4209 οἱ
1381 4156 1488 4210 υίοὶ
1527 4157 1759 4230 Ἰσραὴλ,

177 4242 284 4296 eam
323 4245 453 4299 ποτέ
510 4245 894 4318 ἀπερίτμητοι
937 4242 1079 4319 ἦσαν
1122 4247 1230 4300 τῶν
1267 4247 1662 4321 ἐξεληλυθότων
1703 4251 1760 4316 ἐξ

172 4337 451 4407 Αἰγύπτου,
482 4339 916 4412 περιτέμνονται
935 4357 948 4371 ’
981 4340 1072 4395 τὸν
1113 4340 1169 4394 δὲ
1199 4341 1500 4414 ὀνειδισμὸν
1531 4343 1632 4414 τῆς
1663 4343 1758 4396 Αί-

1881 2047 2024 2094 tores
2069 2037 2185 2093 Dei.
2233 2037 2498 2094 Caeterum
2544 2039 2628 2094 his
2663 2040 2754 2111 qui
2790 2039 3096 2110 percipiunt
3132 2037 3444 2105 mandatum

1879 2128 1945 2182 de
1979 2127 2430 2194 sanctiﬁcatione,
2477 2129 2612 2184 dicit
2661 2127 2837 2196 Jesus;
2887 2141 3081 2194 nempe
3134 2128 3331 2198 populo
3362 2126 3442 2180 “:

1883 2238 1899 2270 ι
1949 2218 2378 2275 Sanctiﬁcamini
2428 2221 2480 2274 in
2514 2221 2832 2289 crastinum,
2869 2220 3030 2276 faciet
3069 2221 3120 2275 in
3156 2221 3307 2275 vobis
3334 2219 3444 2275 Do-

1877 2311 2058 2366 minus
2091 2310 2386 2366 mirabilia.
2425 2330 2443 2364 ι
2480 2309 2618 2378 Quin
2650 2313 3020 2368 sacerdotibus
3053 2313 3216 2366 etiam
3256 2312 3446 2381 praeci-

1877 2405 1953 2472 pit
1979 2419 2099 2458 cum
2133 2419 2260 2459 arca
2289 2405 2622 2460 Testamenti
2667 2407 2973 2475 praecedere
3006 2420 3188 2461 coram
3223 2403 3443 2474 populo,

1876 2496 2091 2565 quando
2117 2497 2281 2551 etiam
2313 2497 2629 2568 mysterium
2663 2494 3312 2576 ostenditupc‘economim
3344 2493 3445 2547 Pa-

1877 2590 1975 2644 tris
2012 2590 2079 2642 ad
2125 2588 2321 2643 Filium
2369 2587 2827 2659 superexaltatum
2877 2586 2945 2640 ab
2979 2587 3093 2663 ipso
3119 2627 3135 2657 ,
3167 2588 3260 2661 qni
3295 2586 3446 2644 dedit

1875 2681 1949 2736 illi
1981 2679 2086 2734 hoc
2116 2695 2331 2744 munus,
2369 2697 2390 2731 ι
2421 2688 2480 2734 ιιι
2510 2680 2562 2737 in
2595 2679 2815 2739 nomine
2842 2683 2968 2739 Jesu
2995 2698 3157 2738 omne
3185 2697 3322 2754 genu
3350 2680 3444 2736 lle-

1873 2781 2075 2838 ctatur,
2109 2772 2434 2840 cmlestitun,
2488 2777 2828 2833 terrestrium
2880 2785 2936 2830 et
2981 2775 3357 2841 inlernorum,
3389 2782 3445 2828 et

1871 2867 2048 2938 omnis
2099 2867 2278 2938 lingua
2313 2869 2640 2924 conﬁteatur
2684 2868 2827 2938 quod
2859 2868 3016 2923 Jesus
3051 2867 3304 2922 Christus
3337 2866 3442 2922 Dn-

1874 2959 2051 3014 minus
2081 2967 2164 3014 est
2191 2961 2257 3014 ad
2293 2959 2522 3029 gloriam
2551 2959 2644 3014 Dei
2671 2958 2848 3014 Patris
2877 2959 2942 3012 “.
2975 2977 2994 3009 ι
3024 2957 3126 3012 Per
3158 2959 3270 3012 haec
3295 2958 3443 3010 enim

1873 3051 2213 3108 declarantur
2241 3051 2331 3107 illa
2360 3091 2376 3118 ,
2410 3066 2532 3122 quae
2566 3061 2690 3106 sunt
2736 3052 2791 3105 in
2832 3051 2972 3106 libro
3005 3050 3095 3119 qui
3138 3049 3441 3118 inscriptus

1870 3152 1956 3198 est
1985 3140 2114 3196 Iesu
2142 3141 2321 3198 Nave:
2347 3161 2366 3195 ι
2395 3143 2461 3198 Et
2489 3143 2624 3198 dixit
2648 3141 2908 3198 Dominus
2930 3142 2994 3196 ad
3020 3141 3233 3198 Jesum:
3271 3141 3325 3196 In
3355 3141 3441 3195 die

1870 3237 1975 3292 hac
2009 3235 2259 3306 incipiam
2287 3236 2532 3291 exaltare
2560 3245 2611 3291 te
2643 3250 2827 3291 coram
2862 3235 2985 3289 ﬁliis
3025 3234 3186 3289 Israel
3220 3235 3286 3287 ³¹.
3319 3253 3338 3286 ι
3373 3233 3440 3288 Ει

1869 3328 2170 3383 audiendus
2194 3335 2278 3384 est
2307 3327 2566 3384 Dominus
2596 3337 2785 3384 noster
2809 3328 2991 3384 dicens
3016 3327 3139 3381 ﬁliis
3167 3325 3333 3382 Israel
3358 3324 3436 3380 “z

1874 3438 1892 3470 ι
1927 3419 2186 3477 Accedite
2215 3421 2342 3486 huc,
2371 3429 2427 3476 et
2452 3420 2686 3477 audietis
2716 3420 2942 3476 verbum
2973 3419 3186 3474 Domini
3216 3418 3306 3473 Dei
3340 3433 3440 3474 no-

1837 3512 2011 3568 ‘stri:
2059 3511 2112 3565 in
2153 3512 2257 3567 hoc
2299 3513 2604 3584 agnoscetis
2651 3513 2820 3569 Deum
2867 3513 3142 3568 viventem
3189 3513 3242 3567 in
3285 3513 3442 3568 vobis
3559 3551 3562 3555 .

1866 3618 2007 3660 esse.
2041 3623 2062 3657 ι
2095 3602 2231 3659 Cum
2268 3604 2414 3659 enim
2449 3604 2793 3674 baptizamur
2822 3605 2874 3660 in
2907 3603 3057 3670 Iesu,
3093 3604 3442 3674 agnoscimus

1867 3694 2034 3750 Deum
2069 3695 2338 3750 viventem
2367 3696 2418 3750 in
2451 3695 2608 3752 nobis
2632 3710 2774 3752 esse.
2804 3696 2870 3751 Et
2895 3695 3002 3751 illic
3025 3696 3264 3766 quidem,
3289 3710 3440 3750 nem-

1866 3801 1934 3857 pe
1983 3786 2036 3840 in
2088 3784 2322 3857 Egypto
2348 3825 2362 3851 ,
2400 3786 2665 3842 facientes
2696 3785 2924 3852 Pascha,
2969 3786 3293 3857 principium
3323 3787 3442 3842 exi-

1868 3889 1954 3933 tus
2003 3877 2243 3944 faeiunt;
2279 3886 2334 3933 at
2382 3893 2512 3935 vero
2561 3877 2700 3948 apud
2756 3877 2955 3934 Jesum'
2975 3889 3097 3947 post
3151 3878 3438 3934 transitum

1864 3969 2118 4026 Jordanis
2145 3970 2191 4002 “
2218 3971 2425 4026 decima
2463 3972 2622 4043 primi
2655 3974 2859 4029 mensis
2888 3973 3260 4032 castrametati
3309 3983 3438 4029 sunt

1865 4063 1918 4118 in
1945 4062 2218 4134 Galgalis:
2275 4063 2431 4136 145
2463 4063 2677 4134 quando
2707 4065 2943 4136 primum
2973 4068 3293 4135 oportebat,
3341 4065 3435 4135 qui

1864 4158 2164 4227 accepisset
2193 4173 2376 4224 ovem,
2409 4173 2715 4216 convocare
2747 4161 3132 4217 convivaturos
3179 4171 3304 4232 post
3345 4163 3438 4218 ba-

1861 4252 2058 4320 ptisma
2094 4249 2243 4306 Jesu.
2282 4250 2442 4307 Petra
2465 4260 2649 4309 autem
2678 4253 2993 4310 acutissima
3036 4255 3436 4311 circumcidun-

1865 4353 1949 4397 tur
1980 4342 2075 4398 lilii
2123 4343 2289 4400 Israel
2322 4360 2351 4399 a
2384 4343 2512 4402 Jesu
2545 4345 2614 4412 ³⁸,
2648 4345 2902 4400 nimirum
2932 4352 3075 4416 quod
3104 4361 3295 4402 omnes
3339 4349 3444 4402 lilii.

177 4429 360 4497 γύπτω
404 4433 639 4504 ἀφελεῖν
684 4432 891 4505 Κύριος
912 4433 1184 4505 ικόμολογεῖ
1220 4437 1285 4507 τῇ
1329 4435 1511 4508 ἡμέρᾳ
1548 4435 1641 4490 τοῦ
1682 4436 1759 4500 είς

1872 4449 2048 4490 eorum
2079 4435 2170 4506 qui
2202 4438 2404 4508 egressi
2449 4437 2661 4493 fuerant
2690 4453 2758 4493 ex
2785 4437 3036 4510 Egypto,
3068 4439 3432 4496 incirc-umcisi

186 4521 375 4592 Ἰησοῦν
401 4523 816 4596 βαπτίσματος,
837 4525 926 4579 ὅτε
961 4525 1169 4597 Ἰησοῦς
1189 4525 1609 4600 περιεκάθαιρεν
1636 4529 1758 4591 τοὺς

1872 4537 2040 4583 essent
2067 4566 2084 4593 ,
2134 4538 2188 4583 et
2226 4529 2575 4598 opprobrium
2605 4528 2822 4602 Egypti
2863 4531 3063 4586 fatetur
3091 4533 3351 4587 Dominus
3377 4548 3443 4587 se

177 4612 310 4679 υιοὺς
342 4616 589 4689 Ἰσραήλ.
643 4615 956 4688 Γέγραπται
1008 4619 1195 4690 γάρ’,ι
1231 4618 1341 4671 Καὶ
1385 4614 1506 4672 εἷπε
1551 4617 1755 4692 Κύριος

1872 4617 2076 4672 auferre
2125 4617 2178 4672 in
2212 4617 2298 4674 die
2347 4619 2686 4688 baptismatis
2721 4619 2776 4674 in
2809 4618 2934 4676 Jesu
2965 4661 2980 4686 ,
3031 4623 3248 4690 quando
3277 4620 3436 4677 Jesus

175 4707 243 4776 τῷ
267 4708 436 4779 Ἰησοῦ
465 4709 576 4780 υίῷ
604 4709 788 4780 Ναυῆ·
833 4709 919 4763 Ἐν
953 4713 1018 4782 τῇ
1059 4711 1295 4782 σήμερον
1326 4711 1510 4782 ἡμέρᾳ
1538 4709 1754 4780 ἀφεῖλον

1872 4708 2221 4779 undequaque
2269 4711 2583 4780 puriﬁcavit
2633 4711 2772 4767 ﬁlios
2816 4710 2999 4767 Israel.
3038 4713 3311 4784 Scriptum
3345 4724 3434 4769 est.

176 4797 254 4850 τὸν
279 4799 589 4872 ὀνειδισμὸν
631 4802 912 4870 Αἰγύπτου
936 4804 1028 4873 ἀφ’
1060 4802 1232 4873 ὑμῶν.
1273 4821 1292 4854 ι
1326 4801 1460 4854 Τότε
1493 4801 1754 4872 ἐποίησαν

1872 4799 1997 4854 ιιιίιιι
2025 4800 2101 4856 “z
2139 4819 2158 4853 ι
2190 4800 2258 4855 Ει
2286 4803 2426 4858 dixit
2451 4805 2713 4860 Dominus
2746 4805 2811 4860 ad
2839 4803 3023 4859 Jesum
3052 4804 3216 4858 ﬁlium
3246 4803 3426 4862 Nave:

177 4890 222 4944 cl
264 4895 366 4948 υἱοὶ
416 4894 649 4967 Ἰσραήλ
716 4894 779 4947 τὸ
829 4895 1018 4965 Πάσχα
1064 4897 1131 4966 τῇ
1190 4893 1757 4967 τεσσαρεσκαιδεκάτῃ

1878 4910 1907 4946 ιι
1947 4895 2032 4948 die
2058 4893 2160 4950 hac
2195 4895 2404 4951 devolvi
2426 4911 2455 4951 a
2480 4898 2630 4952 vobis
2659 4897 2915 4968 probrum
2939 4897 3172 4965 Egypti.
3214 4916 3234 4949 ι
3275 4896 3438 4954 Tune

176 4984 336 5057 ἡμέρᾳ
357 4985 455 5040 τοῦ
489 4987 670 5058 μηνὸς
708 4986 887 5058 πολλῷ
910 4987 1004 5041 τοῦ
1030 4989 1088 5043 ἐν
1118 4986 1380 5059 Αἰγύπτῳ
1410 4986 1754 5059 ἱλαρώτερον,

176 5076 250 5131 at:
283 5081 374 5134 καὶ
403 5081 620 5150 ἔφαγον
653 5080 764 5134 ἀπὸ
792 5081 883 5134 τοῦ
920 5081 1068 5135 σίτου
1099 5081 1199 5150 τῆς
1223 5081 1381 5152 ἁγίας
1413 5082 1518 5153 γῆς
1548 5081 1752 5154 ἄζυμα,

1853 4985 2098 5043 fecerunt
2123 4988 2221 5044 ﬁlii
2261 4988 2428 5045 Israel
2463 4991 2663 5060 pascha
2704 4988 3112 5058 quartadecima
3147 4989 3232 5044 die
3271 5006 3427 5046 men-

1855 5083 1930 5137 sis
1959 5082 2024 5147 ³⁷,
2053 5083 2214 5154 longe
2235 5100 2398 5154 quam
2424 5086 2475 5138 in
2501 5084 2735 5157 [Egypto
2762 5083 3006 5149 hilarius,
3026 5085 3244 5154 quando
3263 5086 3434 5141 etiam

232 5197 466 5276 "£3031.
522 5199 793 5276 κινημζ
837 5199 1236 5276 πλυξηιιιηᾶ
1266 5202 1328 5276 6_._
1369 5203 1797 5276 h’fﬁPhiﬁlippgl,
1824 5205 1878 5272 9,
1914 5207 2000 5260 ll.
2078 5207 2122 5237 ³²
2164 5207 2278 5263 Jos.
2322 5224 2403 5273 ιιι,
2445 5209 2496 5261 7.
2573 5207 2616 5238 ³³
2649 5207 2780 5261 ibid.
2831 5206 2884 5273 9,
2928 5207 3013 5261 l0.
3093 5206 3139 5240 ³⁸
3187 5206 3300 5264 les.
3351 5225 3424 5276 tv,

181 5267 249 5322 l9.
317 5268 363 5301 ³⁸
395 5267 520 5325 los.
560 5283 617 5335 ν,
659 5267 719 5334 2,
762 5269 818 5324 8.
891 5271 937 5304 ⁸⁸
974 5267 1229 5329 ἱῑιὶιᾘθζ
1283 5273 1329 5306 ⁸⁷
1368 5272 1500 5330 ibid.
1559 5267 1744 5330 10-12.

237 5384 356 5464 (Μ’)
388 5385 822 5464 Paraphrastiee
848 5389 1115 5464 interpres
1151 5393 1317 5450 vertit
1351 5394 1499 5450 hunc
1543 5395 1745 5463 locum,

178 5457 253 5536 qui
278 5457 351 5512 sic
379 5460 447 5514 ad
478 5457 734 5515 litteram
770 5461 917 5536 reddi
957 5457 1134 5536 potest
1162 5481 1175 5517 :
1311 5474 1362 5518 et
1390 5464 1589 5521 Levita:
1612 5457 1751 5536 pne;

179 5524 375 5608 cedunt,
424 5539 685 5608 sequente
718 5531 920 5608 populo
958 5524 1182 5608 cultores
1225 5535 1359 5608 Dei,
1407 5524 1750 5608 sequenieque

179 5592 368 5676 tydeus
388 5592 826 5676 qui'pgrcipi'un't
868 5607 1174 5676 mandatum
1207 5605 1270 5660 de
1303 5592 1748 5676 sanctiﬁcatione.“

178 5663 304 5738 Dict't
329 5663 703 5724 autem'lesu's
729 5672 916 5738 populo
960 5673 1114 5728 Εοιτ.

235 5736 335 5815 (92)
380 5741 548 5795 Υίόν.
599 5740 684 5795 lta
730 5736 901 5797 codex
950 5745 1305 5812 Bodleianus;
1361 5748 1594 5821 Regius,
1639 5748 1747 5822 Ίη-

184 5819 303 5861 σοον,
1336 5836 1346 5850 ς

235 5877 336 5941 (93)
397 5883 542 5937 Ὅτε
618 5877 866 5948 πρῶτον
915 5883 1030 5940 ἔδει
1085 5890 1348 5945 λαϐόντα
1404 5892 1470 5946 τὸ
1530 5893 1752 5961 πρόϐα-

1854 5415 1980 5463 τον,
2013 5409 2119 5454 etc.
2154 5399 2360 5453 Pascha
2385 5398 2651 5468 intelligit,
2685 5398 2798 5455 .los.
2822 5415 2873 5467 ν,
2907 5399 2994 5455 l0.

1924 5468 2034 5540 (94)
2062 5468 2605 5540 Καὶίτῇνάκροτόμῳ
2639 5471 2845 5539 πέτρᾳ.
2893 5471 2960 5526 Et
3011 5471 3124 5528 Jos.
3155 5489 3208 5534 ν.
3265 5473 3318 5538 2,
3366 5483 3424 5530 et

1850 5537 2023 5612 Exod.
2051 5555 2126 5604 tv,
2157 5539 2249 5601 25,
2267 5539 2510 5612 habetur
2529 5549 2629 5604 -πιι,
2657 5537 2777 5611 quae
2796 5537 2904 5596 vox
2923 5551 2975 5595 et
2999 5557 3195 5609 petram
3222 5553 3280 5597 et
3305 5537 3424 5612 gla-

1848 5610 1992 5662 dium
2017 5620 2194 5664 sonat.
2239 5611 2407 5674 Quem
2436 5618 2613 5663 autem
2664 5610 2999 5666 intellectum
3055 5614 3142 5667 hic
3195 5610 3417 5678 habeat,

1846 5679 2189 5750 grammatici
2228 5689 2462 5733 certant.
2493 5678 2689 5736 Varius
2724 5682 2939 5750 quidem
2968 5694 3053 5737 est
3109 5684 3264 5738 hodie
3310 5685 3420 5737 cir-

1845 5749 2192 5820 cumcisionis
2226 5750 2362 5803 ritus
2395 5751 2535 5820 apud
2561 5749 2798 5812 Judazos,
2824 5752 2916 5805 sed
2949 5753 3095 5807 ferro
3125 5752 3236 5806 fere
3259 5762 3428 5806 utun-

1851 5829 1957 5891 tur.
1984 5817 2294 5891 At_s_ilicem
2329 5817 2512 5878 tanien
2538 5822 2663 5877 olim
2693 5821 3006 5878 adhibuisse
3058 5836 3255 5891 negare
3308 5839 3440 5878 non.

1845 5890 2036 5944 ausim.
2065 5887 2321 5945 llusnus.
