3816 6524
383 383 490 438 279

1817 426 1822 431 .
1871 381 2196 440 ORIGENIS

3544 399 3638 450 280

379 502 738 559 comederunt
767 517 798 559 e
825 502 1095 561 frumento
1121 513 1282 562 terrae
1309 514 1511 560 sanctae
1541 519 1755 577 azyma,
1786 515 1838 560 et
1871 521 1963 561 no-

2082 503 2165 558 καὶ
2200 505 2295 577 νέᾳ
2329 507 2501 578 τροφῇ
2534 505 2628 559 τοῦ
2665 505 2840 576 μάννα
2877 505 3177 579 κρείττονα.
3207 509 3283 562 Oti
3316 507 3423 581 γὰρ
3449 509 3535 563 ὅτε
3553 512 3643 583 τὴν

385 614 512 655 vum
559 599 739 654 cibum
807 599 1090 656 meliorem
1144 615 1365 656 manna.
1419 598 1605 668 Neque
1657 599 1802 654 enim
1845 613 1966 652 cum

385 702 590 748 terram
642 691 1029 764 promissionis
1078 691 1436 761 acceperint,
1488 690 1774 746 vilioribus
1819 691 1969 744 cibat

383 801 480 840 eos
513 784 686 854 Deus;
725 801 899 855 neque
932 785 1069 842 duce
1119 784 1210 840 tali
1245 783 1371 840 Jesu
1407 783 1722 840 inferiorem
1771 799 1967 854 panem

385 888 778 949 assequuntur.
831 877 942 934 Hoc
985 879 1148 933 etiam
1187 879 1534 950 perspicuum
1575 877 1682 933 erit
1715 877 1969 933 conside-

387 970 527 1023 ranti
555 984 738 1025 veratn
762 979 1116 1042 sanctamque
1141 979 1365 1039 terram,
1393 971 1649 1025 nimirum
1675 985 1967 1042 supernam

384 1061 710 1119 Jerusalem.
746 1063 899 1120 lianc
927 1065 996 1118 ob
1023 1079 1242 1120 causam
1280 1065 1332 1119 in
1357 1064 1450 1119 illo
1483 1064 1648 1118 etiam
1679 1063 1970 1135 Evangelio

385 1156 516 1210 illud
543 1157 760 1227 ponitur
784 1158 825 1188 ³⁸
852 1176 864 1212 :
933 1176 951 1209 ι
974 1156 1165 1213 Patres
1195 1157 1363 1213 vestri
1403 1158 1456 1212 itt
1492 1157 1707 1212 deserto
1737 1159 1967 1212 mandu-

385 1256 648 1304 caverunt
695 1263 916 1311 manna,
953 1257 1008 1303 ct
1056 1249 1255 1303 mortui
1309 1257 1458 1302 sunt.
1503 1247 1604 1314 Qui
1643 1249 1786 1303 hunc
1836 1261 1968 1301 vero

385 1354 578 1406 panem
613 1339 1048 1406 manducaverit,
1084 1340 1128 1394 is
1157 1339 1402 1395 victurus
1431 1348 1515 1395 est
1547 1340 1599 1394 itt
1629 1347 1915 1393 aeternum.
1942 1356 1960 1390 ι

383 1429 580 1485 Manna
620 1431 821 1485 ctenim
871 1429 1024 1493 illud,
1067 1431 1283 1486 etiamsi
1317 1439 1435 1486 erat
1468 1429 1626 1501 panis
1650 1445 1679 1484 a
1732 1428 1842 1484 Deo
1871 1428 1968 1483 da-

385 1534 493 1587 tus,
528 1536 649 1577 erat
686 1535 862 1579 tamen
909 1525 1066 1595 panis
1097 1523 1372 1595 profectus
1405 1533 1460 1578 et
1505 1522 1782 1593 augmenti
1812 1561 1827 1589 ,
1879 1523 1967 1582 his

381 1617 752 1683 suppeditatns
792 1618 881 1685 qui
928 1618 1225 1671 etiamnum
1265 1616 1574 1688 indigerent
1613 1616 1966 1687 predagogis,

384 1717 612 1776 eratque
641 1710 796 1778 panis
826 1711 1382 1766 convcnientissimus
1411 1711 1494 1766 his
1523 1710 1615 1780 qui
1643 1711 1744 1766 sub
1777 1712 1968 1765 tutori-

387 1799 488 1852 bus
515 1811 568 1854 ct
613 1803 957 1858 curatoribus
986 1813 1145 1858 erant
1169 1803 1237 1858 ³³.
1282 1803 1352 1860 At
1400 1818 1531 1858 vero
1566 1804 1722 1873 panis
1773 1818 1968 1859 recens

2071 598 2188 652 κατ’
2220 599 2552 667 ἐπαγγελίαν
2583 597 2686 671 γῆν
2717 598 3073 670 ἀπειλήφασι,
3103 603 3216 665 τοῖς
3245 600 3517 656 ἐλάττοσιν
3552 603 3642 656 αύ-

2067 691 2197 754 τοὺς
2243 691 2398 762 ἑστιᾷ
2449 689 2614 754 Θεόςο
2661 678 2783 744 οὐδὲ
2834 691 2923 746 διὰ
2963 691 3059 746 τοῦ
3108 692 3426 763 τηλικούτου
3479 694 3643 765 Ἰησοῦ

2069 784 2460 859 ὑποδεεστέρου
2503 785 2670 859 ἄρτου
2718 787 3068 859 τυγχάνουσι.
3104 787 3178 844 Τό
3219 792 3269 843 τ’
3304 790 3456 844 ἔσται
3486 789 3646 860 σαφὲς

2068 876 2146 949 τῷ
2178 877 2276 949 τὴν
2300 877 2474 951 ἀληθῆ
2503 879 2664 950 ἁγίαν
2707 880 2960 952 νοήσαντι
2993 881 3119 952 γῆν,
3150 882 3245 936 καὶ
3282 882 3382 954 τὴν
3415 883 3526 937 ἄνω
3556 884 3645 935 Ἰε-

2071 986 2166 1041 ρου
2175 969 2306 1042 σαλὴ
2315 987 2371 1040 μ.
2399 969 2497 1024 Διά
2511 971 2668 1024 τοῦτο
2681 972 2775 1025 καὶ
2793 973 2851 1026 ἐν
2865 971 2942 1044 τῷ
2961 972 3108 1044 αὐτῷ
3128 974 3444 1044 Εύαγγελίῳ
3460 976 3643 1029 κεῖται·

2075 1080 2095 1114 ι
2135 1063 2198 1115 Οἱ
2229 1062 2463 1134 πατέρες
2492 1059 2696 1136 [ὑμῶν]
2730 1065 2786 1118 ὲν
2817 1067 2882 1138 τῇ
2913 1066 3103 1138 ἐρήμῳ
3137 1065 3338 1136 ἔφαγον
3367 1067 3428 1120 τὸ
3461 1068 3647 1138 μάννα,

2069 1155 2165 1210 καὶ
2195 1155 2494 1211 ἀπέθανον·
2530 1160 2558 1210 6
2594 1156 2784 1227 φαγὼν
2825 1158 3015 1213 τοῦτον
3051 1160 3142 1213 τὸν
3173 1160 3356 1231 ἄρτον,
3391 1160 3546 1231 ζήσει
3576 1161 3648 1226 είς

2068 1249 2159 1302 τὸν
2181 1248 2371 1304 αἰῶνα.
2405 1269 2423 1302 ι
2455 1245 2528 1304 Τὸ
2562 1248 2658 1321 μὲν
2691 1249 2799 1323 γὰρ
2837 1251 3032 1322 μάννα,
3063 1253 3112 1305 εἰ
3135 1253 3228 1306 καὶ
3255 1252 3360 1306 ἀπὺ
3394 1251 3488 1305 τοῦ
3521 1252 3649 1305 Θεοῦ

2068 1339 2365 1412 διδόμενος,
2397 1341 2561 1414 ἄρτος
2582 1336 2650 1414 ἦν
2685 1343 2988 1415 προκοπῆς,
3028 1343 3192 1417 ἄρτος
3215 1346 3326 1407 τοῖς
3353 1343 3436 1396 ἔτι
3462 1343 3649 1398 παιδα-

2069 1431 2438 1504 γωγουμένοις
2469 1432 2888 1506 χορηγούμενος,
2919 1433 3082 1507 ἄρτος
3117 1438 3228 1499 τοῖς
3263 1435 3367 1488 ὑπὸ
3403 1436 3512 1506 (95)
3546 1436 3652 1490 ὲπιρ

2069 1526 2304 1597 τρόπους
2333 1525 2427 1580 καὶ
2468 1526 2785 1598 οἰκονόμους
2811 1526 3235 1599 ἁρμονιώτατος.
3274 1527 3330 1583 Ὀ
3373 1529 3468 1583 καὶ
3500 1531 3558 1584 ὲν
3589 1531 3648 1602 τῇ

2067 1617 2200 1690 ἁγίᾳ
2226 1619 2296 1690 γῇ
2335 1616 2456 1682 νέος
2496 1617 2605 1672 ἀπὸ
2639 1617 2730 1672 τοῦ
2779 1619 2925 1672 σίτου
2965 1621 3063 1690 τῆς
3095 1619 3430 1692 γῆς,κ’ῐησοῦ
3461 1622 3648 1694 προξε-

2070 1710 2307 1775 νοῦντος,
2338 1709 2704 1782 θεριζόμενος,
2737 1709 2912 1766 ἄλλων
2954 1711 3053 1782 μὲν
3085 1713 3494 1767 κεκοπιακότων
3523 1713 3650 1783 (96),

2069 1800 2176 1854 τῶν
2209 1800 2266 1854 δὲ
2302 1799 2557 1873 μαθητῶν
2593 1799 2758 1856 αὑτοῦ
2793 1799 3134 1872 θεριζόντων,
3161 1803 3322 1873 ἄρτος
3347 1799 3418 1874 ἦν
3447 1802 3651 1856 ἐκείνου

385 1894 692 1960 demessus,
747 1896 1046 1952 mediatore
1090 1895 1244 1964 Jesu,
1286 1897 1340 1968 in
1392 1905 1537 1952 terra
1569 1906 1760 1952 sancta
1789 1911 1820 1952 e
1852 1895 1963 1951 fru-

2082 1893 2465 1967 ζωτικὼτερος,
2499 1897 2612 1959 τοῖς
2642 1894 2739 1967 τὴν
2773 1894 3031 1968 πατρῴαν
3062 1895 3425 1967 κληρονομίαν
3455 1895 3543 1949 διὰ
3562 1899 3654 1967 τὴν

385 1993 568 2039 mento
597 1994 778 2052 terrm,
813 2002 875 2042 ea
901 2001 1022 2056 quae
1055 1988 1144 2042 alii
1199 1988 1590 2043 laboraverunt
1643 1987 1970 2043 metentibus

381 2073 550 2142 ipsius
585 2077 866 2147 discipulis
893 2080 967 2144 ⁸ο,
1030 2079 1120 2136 illo
1169 2094 1310 2149 pane
1361 2080 1522 2152 longe
1564 2079 1782 2134 vitalior
1809 2091 1966 2134 erat:

381 2169 472 2238 qui
502 2169 847 2225 distribuitur
879 2172 946 2228 iis
976 2172 1068 2242 qui
1126 2173 1371 2243 recipere
1417 2181 1650 2243 possunt
1682 2181 1968 2243 paternam

385 2255 762 2316 hereditatem
798 2273 1018 2332 propter
1054 2262 1467 2332 perfectionem.
1520 2263 1786 2331 Quocirca
1813 2302 1828 2326 ,
1874 2262 1966 2333 qui

381 2353 679 2409 etiamnum
715 2355 806 2410 illo
837 2370 977 2425 pane
1003 2341 1350 2412 eruditur-et
1399 2357 1701 2413 instituitur
1731 2357 1968 2412 rationa-

385 2446 569 2500 biliter
608 2460 837 2504 mortem
873 2451 1153 2521 suscipere
1182 2460 1394 2521 potest;
1426 2463 1484 2508 at
1508 2467 1639 2508 vero
1670 2452 1762 2522 qui
1794 2451 1962 2522 perti-

385 2538 527 2607 gerit
557 2539 624 2594 ad
678 2556 871 2612 panem
907 2542 998 2596 illo
1047 2544 1406 2612 posteriorem
1442 2545 1964 2614 manducaveritque

2070 1988 2384 2060 τελειότητα
2427 1987 2717 2044 ἀπολαϐεῖν
2754 1987 2864 2061 (97)
2908 1989 3225 2061 δυναμένοις
3259 1990 3652 2062 ἀποδιδόμενος.

2071 2081 2270 2152 Διόπερ
2297 2081 2325 2134 ὁ
2357 2081 2454 2153 μὲν
2482 2081 2673 2152 ἐκείνῳ
2705 2081 2783 2134 ἔτι
2817 2081 3202 2153 παιδευόμενος
3236 2082 3343 2153 (98)
3378 2083 3457 2152 τῷ
3489 2082 3653 2154 ἄρτῳ,

2070 2173 2148 2244 τῷ
2179 2172 2321 2244 λόγῳ
2359 2172 2584 2227 θάνατον
2615 2171 2868 2239 δέξασθαι
2896 2171 3148 2226 δύναται’
3187 2171 3214 2224 6
3242 2172 3299 2226 δὲ
3328 2171 3543 2243 φθάσας
3566 2170 3655 2226 ἐπὶ

2068 2264 2164 2319 τὸν
2197 2264 2313 2336 μετ’
2341 2265 2548 2318 ἐκεῖνον
2577 2264 2760 2335 ἄρτον,
2792 2262 2980 2334 φαγὼν
3006 2263 3186 2329 αὑτὸν,
3213 2263 3437 2336 ζήσεται
3468 2267 3549 2329 εἰς
3568 2263 3655 2318 τὸν

2074 2355 2266 2410 αἰῶνα.
2295 2354 2483 2410 Ταῦτα
2528 2354 2584 2408 δὲ
2628 2355 2804 2410 πάντα
2846 2355 2946 2408 οὐκ
2987 2341 3232 2429 ἀκαίρως
3283 2351 3439 2427 οἴμαι
3479 2373 3654 2428 παρα-

2069 2448 2366 2512 τεθεῖσθαι,
2401 2446 2494 2502 τοῦ
2514 2449 2665 2520 παρά
2683 2447 2761 2520 τῷ
2787 2447 3022 2521 Ἰορδάνῃ
3048 2449 3440 2521 βαπτίσματος,
3471 2449 3530 2501 ὲν
3563 2448 3658 2519 Βη-

2071 2541 2212 2614 θαρᾷ
2244 2540 2353 2614 (99)
2388 2539 2494 2593 ὑπὸ
2510 2539 2604 2593 τοῦ
2639 2539 2885 2593 Ἰωάννου
2912 2539 3217 2610 γινομένου,
3245 2538 3651 2609 ὲξεταζομένου.

384 2634 582 2702 ipsum,
636 2637 682 2692 is
712 2638 954 2707 profecto
1008 2640 1058 2694 in
1105 2650 1370 2696 mternum
1409 2641 1578 2696 vivet.
1607 2639 1731 2695 llzec
1759 2649 1938 2694 autem
1971 2640 2154 2693 omnia
2188 2650 2293 2690 non
2323 2633 2703 2703 intempestive
2733 2635 2978 2704 apposita
3011 2634 3179 2690 fuisse
3207 2648 3350 2702 reor,
3381 2626 3655 2706 inquiren.

386 2738 466 2783 tes
498 2729 568 2785 de
616 2730 941 2798 baptismate
987 2733 1127 2802 quod
1178 2732 1518 2790 efﬁciebatur
1567 2747 1597 2786 a
1649 2731 1860 2787 Joanne
1895 2729 2034 2800 apud
2063 2727 2361 2784 Jordanem
2392 2724 2444 2779 in
2477 2723 2797 2779 Bethahara.

452 2823 544 2879 27.
581 2822 687 2878 Sed
729 2826 832 2881 hoc
866 2827 1033 2883 etiam
1066 2828 1468 2884 observandum
1501 2838 1605 2895 est,
1641 2829 1784 2900 quod
1818 2827 1966 2883 Elias

381 2915 766 2973 subvehendus
806 2920 1026 2976 turbine
1061 2920 1114 2974 in
1160 2921 1394 2996 ctelytn,
1421 2930 1704 2991 acceptum
1742 2918 1963 2990 pallium

381 3023 536 3061 suum
562 3008 870 3077 involvens,
894 3013 1230 3081 percusserit
1257 3027 1476 3084 aquam,
1501 3028 1622 3082 qua:
1649 3015 1754 3068 huc
1781 3023 1834 3068 et
1858 3012 1968 3067 huc

2142 2823 2231 2878 ‘27.
2262 2821 2382 2876 Ἔτι
2415 2820 2471 2875 δὲ
2517 2822 2612 2874 καὶ
2657 2821 2814 2875 τοῦτο
2862 2820 3300 2896 παρατηρητέον,
3334 2820 3417 2874 ὅτι
3449 2817 3656 2892 μέλλων

2072 2913 2543 3000 ἀναλαμϐάνεσθαι
2602 2911 2788 2979 Ἠλίας
2831 2916 2888 2968 ὲν
2941 2912 3254 2985 συσσεισμῷ
3303 2913 3380 2977 ὡς
3433 2915 3519 2977 εἰς
3569 2910 3657 2966 τὸν

2071 3008 2322 3080 οὐρανὸν,
2358 3005 2537 3061 λαϐὼν
2592 3007 2691 3080 τὴν
2739 3006 2993 3079 μηλωτὴν
3048 3005 3236 3071 αὑτοῦ,
3293 3005 3388 3059 καὶ
3439 3005 3658 3077 είλήσας

383 3100 554 3156 divisa
590 3110 716 3167 est;
783 3113 836 3156 et
883 3093 1216 3159 transierunt
1259 3104 1450 3172 ambo,
1501 3105 1616 3174 ipse
1651 3104 1880 3169 scilicet,
1909 3111 1963 3158 et

2082 3101 2314 3168 ἐπάταξε
2352 3101 2413 3154 τὸ
2437 3100 2600 3172 ὕδωρ,
2634 3100 2772 3172 ὅπερ
2815 3099 3038 3172 διῃρέθη
3072 3098 3201 3153 ἔνθα
3247 3097 3342 3153 καὶ
3375 3096 3535 3152 ἔνθα·
3567 3099 3657 3152 καὶ

385 3193 598 3249 Eliseus
623 3194 688 3261 “,
723 3196 899 3264 aptior
922 3197 1065 3250 enim
1097 3197 1188 3266 qui
1217 3197 1631 3261 subveheretur,
1663 3196 1842 3252 factus
1883 3206 1963 3251 est

2082 3197 2326 3268 διέϐησαν
2354 3196 2676 3267 ἀμφότεροι,
2706 3193 2947 3265 δηλονότι
2977 3193 3139 3258 αὐτὸς
3170 3192 3265 3247 καὶ
3290 3194 3319 3246 6
3338 3190 3653 3252 Ἐλισσαῖος·

385 3284 692 3355 baptizatus
756 3286 812 3342 iu
875 3285 1131 3353 Jordaue,
1187 3287 1448 3358 quoniam
1519 3287 1812 3343 transitum
1871 3303 1971 3357 per

385 3393 583 3446 aquam
615 3379 1106 3446 admirabiliorem,
1135 3381 1348 3435 vocavit
1377 3380 1576 3435 Paulus
1610 3380 1681 3448 “,
1716 3391 1773 3436 ut
1808 3396 1970 3451 supe-

384 3470 498 3525 rius
525 3471 830 3541 posuimus,
863 3472 1151 3542 baptisma.
1187 3471 1349 3544 156
1379 3471 1608 3543 PrOpter
1640 3473 1784 3528 hunc
1808 3472 1970 3544 igitur

387 3565 564 3629 ipsum
605 3563 900 3619 Jnrdauem
947 3566 1095 3634 capit
1139 3564 1354 3620 Eliseus
1387 3578 1485 3634 per
1538 3563 1712 3619 Eliam
1766 3565 1967 3619 donum

385 3657 517 3712 illud
551 3658 697 3727 quod
727 3659 969 3728 cupierat
1002 3657 1254 3728 accipere
1286 3659 1516 3714 dicens:
1552 3675 1572 3709 ‹
1611 3657 1712 3717 Sit.
1744 3672 1926 3728 qttteso
1951 3695 1966 3725 ,

386 3749 587 3818 duplex
622 3751 800 3821 portio
828 3752 1054 3817 spiritus
1085 3751 1159 3806 tui
1188 3763 1356 3821 super
1404 3765 1490 3806 me
1513 3750 1580 3806 ".
1607 3769 1626 3803 ι
1669 3749 1737 3806 Ει
1772 3751 1969 3808 fortas-

385 3846 462 3898 sls
492 3844 633 3900 hanc
659 3846 728 3900 ob
749 3859 975 3900 causam
1003 3845 1198 3915 duplex
1231 3844 1445 3913 accepit
1474 3845 1674 3899 donum
1697 3845 1750 3898 in
1775 3844 1967 3913 spiritu

387 3936 518 3991 Elim
541 3952 707 4006 super
741 3951 802 3993 se
829 3939 1028 4008 ipsum,
1079 3938 1335 4009 quoniam
1378 3937 1461 3994 bis
1495 3939 1742 3994 transivit
1777 3937 1969 3994 Jorda-

387 4045 545 4084 nem:
597 4030 762 4085 semel
793 4030 1008 4100 quidem
1041 4046 1163 4084 cum
1194 4028 1310 4084 Elia
1355 4029 1403 4061 δι
1428 4068 1442 4094 ,
1500 4030 1740 4085 secundo
1787 4038 1969 4084 autem

384 4139 506 4177 rum
541 4133 766 4194 accepto
813 4125 975 4194 pallio
1009 4123 1135 4178 Eliae
1176 4142 1196 4175 ι
1224 4124 1494 4193 percussit
1546 4138 1766 4192 aquam,
1799 4130 1851 4177 et
1881 4122 1969 4177 di-

387 4217 504 4270 xit:
560 4215 662 4271 Ubi
691 4225 776 4270 est
831 4217 977 4271 Deus
1018 4216 1148 4271 Elim
1195 4217 1359 4270 etiam
1413 4214 1568 4285 ipse?
1601 4215 1668 4270 Et
1700 4213 1971 4283 percussit

385 4319 578 4375 aquas,
607 4313 662 4360 ot
699 4305 882 4360 divisit
924 4307 1031 4360 huc
1062 4317 1117 4361 et
1147 4306 1257 4360 huc
1285 4306 1351 4360 “.
1386 4323 1405 4357 ι

453 4396 545 4453 28.
583 4398 654 4451 At
689 4397 736 4452 si
781 4398 902 4467 quis
935 4397 1248 4453 ollendatur
1300 4398 1402 4453 hoc
1425 4397 1595 4465 dicto,
1637 4414 1658 4448 ι
1698 4397 1970 4467 percussit

2070 3289 2502 3362 ἐπιτηδειότερος
2544 3287 2655 3361 γὰρ
2699 3288 2832 3360 πρὸς
2865 3286 2924 3342 τὸ
2958 3284 3334 3357 ἀναληφθῆναι
3364 3285 3657 3355 γεγένηται

2070 3385 2128 3437 ὲν
2164 3383 2244 3454 τῷ
2280 3381 2520 3454 Ἰορδάνῃ
2555 3380 2978 3452 βαπτισάμενος,
3025 3380 3148 3432 ἐπεὶ
3195 3377 3294 3449 τὴν
3342 3377 3410 3430 δι’
3467 3376 3658 3440 ὓδατος

2071 3473 2506 3547 παραδοξοτέραν
2552 3469 2798 3526 διάϐασιν
2845 3469 3160 3541 βάπτισμα,
3203 3468 3279 3531 ὡς
3320 3466 3659 3540 προπαρεθέ-

2074 3568 2233 3640 μεθα,
2267 3566 2548 3638 ὠνόμασεν
2579 3567 2608 3619 ὁ
2650 3563 2880 3628 Παῦλος.
2924 3562 3022 3617 Διά
3069 3563 3160 3617 τὸν
3186 3561 3348 3615 αὑτὸν
3377 3561 3439 3634 δὴ
3473 3561 3659 3616 τοῦτον

2084 3661 2352 3733 Ἰορδάνην
2384 3661 2552 3731 χωρεῖ
2593 3657 2622 3711 δ
2661 3656 2984 3728 βεϐούληται
3015 3655 3264 3728 χάρισμα
3293 3655 3382 3710 διὰ
3416 3655 3601 3710 Ἠλίου
3632 3657 3660 3709 6

2075 3748 2371 3815 Ἐλισσαῖος
2390 3751 2594 3815 λαϐεῖν,
2641 3749 2843 3805 εἰπών·
2876 3769 2892 3801 ι
2930 3749 3217 3821 Γενηθήτω
3261 3747 3325 3818 δὴ
3383 3747 3552 3802 διπλᾶ
3599 3748 3653 3800 ὲν

2071 3844 2340 3915 πνεύματί
2390 3860 2482 3896 σου
2531 3845 2617 3898 ἐπ’
2663 3842 2783 3914 ὲμέ.
2823 3862 2842 3896 ι
2886 3845 2997 3898 Καὶ
3052 3842 3195 3914 τάχα
3238 3842 3327 3896 διὰ
3380 3841 3543 3894 τοῦτο
3585 3836 3658 3893 δι-

2071 3937 2241 3991 πλοῦν
2292 3936 2449 3990 ἔλαϐε
2501 3936 2562 3989 τὸ
2604 3935 2852 4009 χάρισμα
2904 3936 2962 3990 ὲν
3018 3935 3290 4006 πνεύματι
3331 3933 3519 3987 Ἡλίου
3575 3927 3658 4000 ἐφ’

2071 4029 2285 4094 ἑαυτὸν,
2314 4027 2437 4081 ἐπεὶ
2468 4027 2550 4091 δὶς
2593 4026 2667 4100 (1)
2697 4027 2878 4098 διῆλθε
2922 4027 3012 4080 τὸν
3047 4026 3336 4099 Ἰορδάνην,
3374 4023 3527 4092 ἅπαξ
3566 4024 3660 4094 μὲν

2076 4121 2214 4194 μετὰ
2241 4119 2334 4174 τοῦ
2378 4118 2580 4187 Ἠλίου,
2619 4119 2869 4193 δεύτερον
2913 4120 2970 4174 δὲ
3002 4120 3091 4172 ὅτε
3135 4117 3312 4172 λαϐὼν
3342 4115 3440 4188 τὴν
3481 4115 3660 4187 μηλω-

2073 4216 2170 4286 τὴν
2199 4213 2295 4268 τοῦ
2327 4213 2510 4267 Ἠλίου
2549 4231 2568 4264 ι
2601 4211 2839 4277 ἐπάταξε
2876 4212 2938 4265 τὸ
2977 4211 3142 4283 ὕδωρ,
3178 4211 3273 4264 καὶ
3304 4204 3453 4262 εἷπε·
3495 4206 3609 4262 Ποῦ
3631 4206 3661 4258 6

2071 4309 2204 4372 Θεὸς
2240 4307 2421 4360 Ἠλίου
2448 4305 2611 4376 ἄφφω
2647 4304 2756 4376 (2);
2807 4305 2902 4358 καὶ
2951 4303 3188 4370 ἐπάταξε
3223 4302 3294 4356 τὰ
3337 4301 3528 4365 ὕδατα,
3569 4289 3663 4353 καὶ

2073 4398 2265 4453 διεῖλεν
2297 4396 2425 4450 ἔνθα
2453 4395 2548 4449 καὶ
2583 4393 2732 4448 ἔνθα.
2771 4411 2791 4445 ι

456 4445 545 4453 η,
583 4445 653 4451 ---
689 4445 736 4452 --
785 4445 902 4467 γ.-
939 4445 1239 4453 ----..___--_
1300 4445 1595 4465 ----...---,
1643 4445 1656 4448 _
1699 4445 1963 4467 ,ψη-,η

387 4502 612 4556 aquam,
644 4505 665 4540 ι
714 4497 940 4559 propter
973 4503 1034 4543 ea
1070 4501 1192 4558 qua:
1242 4489 1496 4559 superius
1549 4503 1580 4542 a
1629 4489 1790 4544 nobis
1837 4498 1963 4543 sunt

2248 4445 2569 4551 et;
2591 4445 2912 4559 προσκόπτῃ
2934 4483 3031 4556 τῷ,
3057 4504 3074 4537 ι
3099 4482 3338 4548 ἐπάταξε
3361 4481 3424 4535 τὸ
3439 4445 3610 4554 ὕδωρ,
3637 4499 3654 4532 ι

392 4579 590 4634 tradita
637 4581 704 4636 de
735 4578 998 4647 Jordane,
1055 4595 1246 4652 nempe
1295 4583 1440 4653 quod
1493 4579 1748 4638 Jordanis
1797 4583 1970 4650 ﬁgura

390 4672 557 4728 interit
584 4674 860 4729 sermonis
885 4673 1006 4729 Filii
1037 4674 1164 4737 Dei,
1200 4678 1292 4746 qui
1333 4677 1592 4733 humilem
1627 4691 1688 4732 se
1737 4674 1972 4731 reddidit

387 4779 542 4833 :cque
579 4778 644 4820 ac
684 4779 818 4832 nos;
847 4765 1134 4822 dicendum
1160 4777 1243 4822 est.
1287 4769 1633 4838 perspicuum
1669 4783 1796 4824 esse
1826 4767 1968 4838 apud

383 4856 724 4926 Apostolum,
759 4859 902 4930 quod
935 4859 1187 4915 Christus
1211 4860 1285 4916 sit
1310 4871 1484 4932 petra,
1515 4877 1634 4932 quae
1665 4861 1748 4917 bis
1771 4875 1966 4932 percu-

388 4951 525 5003 titur
553 4951 738 5022 virga,
772 4962 832 5006 ut
873 4951 1065 5008 bibere
1095 4952 1308 5020 possint
1335 4966 1366 5007 e
1397 4952 1663 5023 spirituali
1701 4960 1968 5022 sequente

385 5056 482 5096 eos
515 5052 666 5111 petra
701 5046 769 5102 ⁸⁸.
805 5047 899 5102 Est
942 5046 1109 5117 igitur
1145 5046 1236 5101 ille
1270 5047 1501 5102 verbero
1535 5047 1624 5116 qui
1665 5047 1716 5101 in
1749 5047 1962 5102 dubita-

389 5133 538 5189 tione
569 5172 585 5200 ,
628 5146 918 5206 antequam
957 5141 1133 5196 discat
1163 5139 1310 5209 quod
1354 5139 1618 5209 quaeritur
1639 5181 1656 5206 ,
1687 5139 1960 5194 contraria

463 5251 508 5284 ³³
565 5252 724 5328 Joa_n.
772 5269 848 5328 vt,
879 5257 991 5328 769,
1044 5257 1134 5316 52.
1213 5258 1257 5291 ³⁸
1293 5257 1470 5315 Galat.
1508 5269 1583 5318 tv.
1621 5257 1700 5328 2.7
1753 5257 1799 5290 “
1827 5255 1983 5313 Joan.
2018 5273 2092 5328 tv,
2125 5258 2215 5314 58.
2292 5257 2333 5288 ⁴¹
2367 5256 2433 5310 IV
2461 5256 2596 5328 Reg.
2631 5265 2692 5320 tt,
2723 5254 2780 5320 8,
2813 5253 2900 5308 il.
2979 5251 3024 5283 δ’
3056 5251 3072 5306 I
3102 5251 3226 5307 Cor.
3266 5266 3321 5316 χ,
3346 5249 3401 5303 2.

2073 4583 2162 4637 διὰ
2197 4582 2266 4636 τὰ
2311 4581 2725 4653 παραδεδομένα
2767 4582 2902 4651 ἡμῖν
2960 4580 3089 4650 περὶ
3128 4577 3224 4632 τοῦ
3267 4575 3556 4650 Ἰορδάνου,
3604 4575 3660 4638 ὃς

2074 4677 2243 4741 τύπος
2286 4672 2356 4748 ἦν
2402 4674 2496 4729 τοῦ
2529 4674 2625 4746 τὴν
2671 4673 2975 4728 κατάϐασιν
3021 4671 3176 4745 ἡμῶν
3207 4670 3549 4733 καταϐάντος
3577 4667 3663 4721 λό-

2074 4786 2172 4839 γου
2193 4785 2204 4799 ’
2239 4767 2477 4833 λεκτέον,
2506 4768 2586 4820 ὅτι
2624 4764 2775 4837 παρά
2798 4765 2876 4834 τῷ
2916 4763 3224 4835 Ἀποστόλῳ
3263 4761 3450 4832 σαφῶς
3487 4763 3522 4833 ἡ
3566 4761 3660 4814 πέ-

2072 4875 2179 4933 τρα
2213 4860 2445 4931 Χριστὸς
2482 4856 2570 4930 ἦν,
2599 4860 2722 4930 ἥτις
2759 4862 2827 4933 τῇ
2875 4858 3054 4932 ῥάϐδῳ
3091 4860 3173 4923 δὶς
3219 4858 3545 4930 πλήσσεται,
3573 4857 3658 4910 ἵνα

2072 4953 2340 5026 δυνηθῶσι
2379 4955 2522 5008 πιεῖν
2556 4952 2664 5006 ἀπὸ
2693 4952 2793 5023 τῆς
2845 4951 3224 5023 πνευματικῆς
3257 4949 3656 5020 ἀκολουθούσης

2073 5047 2299 5119 πέτρας.
2328 5046 2515 5098 Ἔστιν
2545 5039 2637 5098 οὖν
2662 5060 2744 5107 τις
2791 5045 2884 5098 καὶ
2913 5041 3252 5112 ἀγαπώντων
3283 5039 3464 5110 πληγὴ
3506 5040 3567 5092 ὲν
3593 5041 3658 5109 τῇ

2071 5139 2431 5210 ὲπαπορήσει,
2469 5135 2598 5207 πρὶν
2626 5134 2815 5206 μαθεῖν
2860 5134 2920 5188 τὸ
2958 5131 3306 5203 ζητούμενον,
3337 5130 3406 5183 τὰ
3437 5127 3660 5183 ἐναντία

3509 5247 3557 5280 υ
3588 5246 3655 5303 tv

389 5322 524 5393 Reg.
558 5339 618 5390 ll,
651 5325 706 5382 9.
780 5324 827 5357 “
858 5327 988 5382 ibid.
1018 5328 1072 5383 8.
1147 5328 1194 5361 ⁸³
1229 5329 1341 5386 ibid
1382 5329 1470 5383 M.
1547 5328 1593 5360 ⁸⁸
1624 5329 1642 5382 Ι
1669 5327 1796 5384 Cor.
1830 5345 1886 5394 κ,
1924 5329 1981 5398 4;
2011 5327 2169 5383 Num.
2207 5345 2298 5392 xx,
2338 5328 2421 5382 il.

451 5439 568 5516 (95)
609 5439 669 5516 ’Υ
668 5439 768 5493 πό.
798 5438 876 5493 lla
905 5441 1073 5516 codex
1104 5443 1466 5516 Bodleianus;
1509 5444 1735 5516 Regius,
1766 5442 1895 5516 ἀπό.

462 5511 576 5579 (96)
611 5512 1090 5568 Κεκοπιακότων.
1125 5515 1215 5571 Sic
1235 5516 1406 5572 codex
1437 5511 1798 5576 Bodleianus;
1858 5515 1967 5570 lte-

389 5583 534 5653 gius,
554 5581 925 5653 κεκληκότων.

462 5650 576 5727 (97)
614 5650 978 5727 Ἀποτλαϐεῖκ
1015 5654 1072 5708 1η
1095 5654 1292 5727 codice,
1307 5657 1476 5726 Regio
1503 5656 1703 5727 legitur
1727 5654 1807 5707 δεῖ
1825 5654 1968 5727 61:0-

389 5722 717 5797 ).aﬁsiy,_setl
745 5723 826 5777 δεῖ
856 5727 1078 5797 omnino
1103 5722 1432 5794 superﬂuum
1460 5722 1644 5781 est'et
1681 5725 1960 5797 παρέλκει.

462 5795 575 5865 (98)
608 5795 735 5847 Ἔτι
769 5795 1216 5865 παιδευόμενος.
1263 5797 1355 5852 Sic
1397 5798 1566 5854 codex
1602 5795 1961 5863 Bodlciiattus;

394 5865 616 5936 lit-gius,
648 5867 1150 5939 ἑπιπαιδευόμενος.

2151 5443 2264 5510 (99)
2299 5439 2558 5509 Βηθαρᾷ.
2619 5439 3050 5511 Legentlttnt,_ttt
3086 5450 3302 5511 “supra,
3332 5433 3656 5511 Βηθαϐαρᾷ.

2144 5507 2221 5585 (ι)
2255 5507 2379 5585 Δίς.
2412 5507 2569 5585 lic-est
2599 5512 2652 5565 in
2683 5507 2920 5566 editione
2943 5508 3145 5574 lluetii,
3195 5509 3290 5563 sed
3344 5507 3656 5561 restituitur

2071 5599 2101 5639 c
2123 5582 2312 5638 codice
2344 5582 2659 5637 Bodleiano.

2143 5654 2221 5725 (2)
2251 5649 2374 5708 Ποῦ
2393 5655 2432 5709 ,ό
2462 5652 2606 5725 Θερς
2646 5651 2844 5725 Ἠλίου
2875 5647 3232 5725 ἇφφῳ-ί-ῌορ
3260 5649 3496 5704 assecmi
3526 5656 3655 5703 sunt

2070 5718 2182 5779 haec
2205 5718 2496 5778 contextus
2531 5723 2778 5777 Heln-uici
2813 5718 2974 5774 verba
3009 5718 3142 5773 LXX
3201 5719 3390 5780 Senes.
3426 5728 3527 5780 κτι
3550 5730 3651 5788 ἢκ,

2073 5797 2265 5847 «etiam
2295 5796 2462 5862 ipse.»
2503 5794 2578 5845 lla
2616 5793 2757 5845 licus
2791 5791 2962 5844 Levil.
3009 5806 3156 5857 nvl,
3190 5791 3275 5854 16,
3317 5791 3408 5854 21,
3445 5792 3539 5857 41,
3588 5795 3654 5847 dt:

2067 5881 2125 5919 sc
2169 5868 2280 5936 ipse
2307 5867 2435 5921 dicit
2462 5882 2473 5920 :
2503 5873 2590 5923 9m
2622 5873 2722 5930 nn,
2751 5867 2940 5919 ιυιὶιιιιι
2964 5879 3116 5921 (πέρα
