3816 6524
1087 454 1447 524 COMMENT.
1482 450 1550 509 IN
1588 448 1781 510 JOAN.
1819 454 2060 515 TOMUS
2097 456 2186 514 Vl.

3137 454 3247 517 £86

18 569 98 623 καὶ
125 566 230 622 ἀπὸ
252 567 358 640 τῆς
391 568 742 642 μιαρωτάτης
774 568 983 643 λέπρας
1025 569 1433 643 καθαρίζονται,
1483 571 1574 624 καὶ

1679 570 1909 641 cipiunt,
1942 579 2107 643 atque
2130 569 2298 627 etiam
2325 568 2464 626 fiunt
2492 569 2560 625 ad
2593 568 2832 642 Spiritus
2865 571 3041 629 sancti
3089 528 3244 631 rece-

17 660 390 732 διπλασιασμὸν
416 659 655 733 χωροῦσι
689 663 1066 734 χαρισμάτων,
1089 664 1185 717 καὶ
1204 663 1412 734 ἕτοιμοι
1438 663 1574 735 πρὸς

19 751 310 823 Πνεῦματος
342 752 499 821 άγίου
530 752 842 825 παραδοχὴν
875 755 1135 823 γίνονται,
1172 756 1318 827 ἄλλῳ
1346 754 1575 827 ποταμῷ

18 846 100 899 οὐκ
122 843 506 915 ὲφιπταμένης
534 843 637 916 τῆς
680 846 1054 918 πνευματικῆς
1086 849 1433 920 περιστερᾶς.
1466 846 1576 900 Διό-

20 951 107 1007 περ
136 932 603 1006 θεοπρεπέστερον
625 936 919 1007 νοήσαντες
948 922 1042 991 ¹ἷὸν
1076 938 1369 1011 Ἰορδάνην,
1396 939 1490 994 καὶ
1514 937 1575 993 τὸ

18 1029 65 1079 ἑν
84 1026 220 1097 αὐτῷ
238 1027 492 1100 λουτρὸν,
520 1028 615 1083 καὶ
644 1027 735 1082 τὸν
771 1028 978 1101 Ἰησοῦν
1010 1032 1069 1085 έν
1091 1028 1240 1102 αὑτῷ
1266 1030 1573 1102 λουόμενον,

18 1121 96 1173 καὶ
129 1120 215 1174 τὸν
267 1120 373 1191 τῆς
413 1120 760 1192 κατασκευῆς
810 1118 979 1188 οἶκον,
1034 1123 1157 1179 ὅσον
1208 1123 1442 1195 δεόμεθα
1477 1124 1577 1197 τῆς

14 1212 245 1286 τοιαύτης
270 1213 541 1283 ὠφελείας
566 1213 780 1270 ἀπὸτοῦ
812 1214 1057 1289 ποταμοῦ
1082 1214 1432 1289 άρυσώμεθα.

74 1305 155 1359 '50.
189 1302 271 1371 Τῇ
294 1304 589 1375 ἐπαύριον
612 1306 833 1370 βλέπει
856 1307 964 1361 τὸν
990 1307 1228 1375 Ἰησοῦν
1256 1307 1586 1380 ἐρχόμενον

17 1395 146 1465 πρὸς
168 1397 375 1451 αὐτόν.
418 1396 689 1469 Πρότερον
716 1400 750 1469 ἡ
789 1400 971 1471 μήτηρ
1003 1397 1097 1451 τοῦ
1124 1396 1323 1468 Ἰησοῦ,
1356 1400 1472 1471 ἅμα
1502 1402 1582 1475 τῷ

17 1482 273 1537 συλλαϐεῖν
325 1484 517 1552 αὐτὸν,
565 1488 632 1559 τῇ
679 1487 848 1559 μητρὶ
890 1486 987 1541 τοῦ
1026 1488 1272 1543 Ἰωάννου
1308 1489 1404 1544 καὶ
1436 1490 1573 1563 αὐτῇ

18 1574 251 1647 ὲγκῦμονι
277 1576 648 1651 τυγχανούσῃ,
673 1578 957 1650 ἐπεδήμει,
981 1580 1070 1633 ὅτε
1099 1579 1472 1651 μορφούμενος
1499 1580 1576 1654 τῷ

22 1670 357 1742 μορφουμένῳ
385 1670 773 1744 ἀκριϐέστερον
814 1670 911 1743 τὴν
961 1673 1239 1747 μόρφωσιν
1272 1673 1573 1746 χαρίζεται,

22 1758 314 1831 σύμμορφον
366 1763 607 1835 ἐνεργῶν
639 1762 803 1817 αὐτὸν
833 1763 1084 1832 γενέσθαι
1131 1767 1196 1836 τῇ
1230 1765 1357 1839 δόξῃ
1386 1765 1572 1831 αὐτοῦ,

20 1852 137 1906 ὥστε
172 1852 256 1907 διά
288 1852 355 1907 τὺ
388 1855 569 1909 κοινὸν
626 1855 725 1927 τῆς
785 1855 1002 1927 μορφῆς
1062 1856 1172 1928 (15)
1220 1857 1472 1929 Ἰωάννην
1512 1874 1573 1911 τε

20 1946 222 2018 Χριστὸν
249 1946 599 2002 ὑπονοεῖσθαι
622 1948 931 2019 τυγχάνειν,
959 1948 1052 2003 καὶ
1082 1947 1286 2019 Ἰησοῦν
1322 1948 1574 2021 Ἰωάννην

20 2040 295 2094 ἀναστάντα
326 2041 397 2094 ἐκ
431 2040 638 2113 νεκρῶν
670 2041 1003 2113 νομίζεσθαι,
1026 2041 1176 2113 παρά
1208 2044 1321 2107 τοῖς
1357 2042 1431 2114 μὴ
1468 2042 1577 2097 δια-

22 2136 229 2206 κρίνουσι
252 2136 354 2209 τὴν
383 2138 571 2192 εἰκόνα
590 2118 698 2192 ἀπο
724 2136 820 2192 τοῦ
856 2138 996 2191 κατὰ
1028 2138 1126 2210 τήν
1156 2138 1361 2191 εἰκόνα·
1390 2136 1483 2190 νῦν
1510 2137 1575 2209 δὴ

18 2231 45 2282 6
76 2227 267 2299 Ἰησοῦς
299 2229 449 2301 μετά
476 2229 546 2284 τὰ
578 2229 1047 2303 προεξετασοέντα
1078 2230 1351 2303 μαρτύρια
1396 2230 1576 2284 Ἰωάν-

22 2341 96 2376 νου
119 2324 239 2397 περὶ
280 2323 477 2391 αὐτοῦ,
512 2325 678 2390 αὐτὸς
712 2325 969 2398 βλέπεται
1013 2326 1119 2380 ὑπὸ
1148 2324 1240 2380 τοῦ
1271 2323 1573 2379 Βαπτιστοῦ

22 2416 279 2487 ἐρχόμενος
312 2417 459 2489 πρὸς
495 2417 678 2474 αὐτόν.
737 2419 1162 2491 Παρατηρητέον
1193 2420 1270 2485 δὲ,
1326 2422 1409 2475 ὅτι
1460 2421 1577 2473 ἐκεῖ

24 2505 103 2575 μὲν
128 2506 209 2563 διὰ
230 2506 330 2578 τὴν
357 2506 459 2561 τοῦ
488 2508 708 2579 Μαρίας
739 2508 1033 2581 ἀσπασμοῦ
1056 2510 1239 2583 φωνὴν
1256 2509 1574 2582 ἐληλυθυῖαν

23 2601 85 2661 είς
104 2600 166 2651 τά
201 2593 315 2654 ὦτα
349 2600 458 2670 τῆς
496 2599 802 2667 Ἐλισάῦετ,
839 2604 1037 2674 σκιρτᾷ
1074 2602 1135 2657 τὸ
1160 2602 1357 2675 βρέφος
1395 2604 1575 2659 Ἰωάν-

26 2709 101 2763 νης
136 2693 190 2745 ὲν
232 2695 300 2765 τῇ
362 2694 546 2765 κοιλίᾳ
590 2694 691 2765 τῆς
741 2694 968 2767 μητρὸς,
1013 2696 1156 2760 τότε,
1198 2697 1275 2760 ὡς
1315 2697 1424 2751 ἀπὸ
1475 2697 1574 2769 τῆς

23 2783 105 2852 τῆς
128 2784 661 2857 (14),λαμ6ανούσης
675 2783 904 2858 Πνεῦμα
920 2787 1092 2856 ἅγιονο
1116 2805 1135 2839 ι
1172 2787 1418 2856 Ἐγένετο
1441 2786 1571 2860 γὰρ,

24 2873 175 2943 φησιν,
200 2876 276 2939 ὡς
308 2876 517 2947 ἤκουσε
543 2875 635 2931 τὸν
655 2876 945 2947 ἀσπασμὸν
973 2877 1074 2948 τῆς
1105 2877 1322 2951 Μαρίας
1359 2878 1393 2948 ἡ
1444 2876 1579 2931 Ἐλι.

28 2963 175 3031 εὰὀετ,
195 2965 489 3038 ἐσκίρτησε
509 2966 568 3020 τὸ
589 2964 785 3039 βρέφος
838 2971 898 3024 ὲν
926 2973 994 3043 τῇ
1028 2970 1207 3043 κοιλίᾳ
1249 2970 1439 3043 αὐτῆς,
1479 2971 1575 3026 καὶ

25 3057 228 3131 ἐπλήσθη
259 3060 588 3133 Πνεῦματος
636 3061 793 3132 ἁγίου
836 3062 870 3133 ή
904 3061 1203 3126 Ἐλισάόετ,
1239 3062 1334 3118 καὶ
1367 3062 1576 3133 ἀνεφώ-

25 3166 127 3220 νησε
151 3156 361 3226 κραυγῇ
400 3153 636 3228 μεγάλῃ,
672 3154 766 3209 καὶ
799 3138 971 3209 εἶπεν.
1013 3174 1033 3207 ι
1074 3155 1245 3210 Ἔνθα
1291 3155 1348 3209 δὲ
1383 3174 1401 3207 ι
1444 3155 1574 3210 Βλέ-

1676 664 1917 734 ptionem
1956 663 2158 734 parati,
2187 662 2446 717 nimirum
2495 663 2565 719 ad
2593 662 2738 719 aliud
2776 662 2976 720 ﬂumen
3013 677 3120 720 non
3152 665 3247 720 ad-

1675 756 1892 812 volante
1944 755 2220 811 columba.
2251 754 2614 822 Quamobrem
2650 754 3087 828 magniﬁcentius
3111 771 3247 813 con-

1675 849 1918 907 siderato
1944 848 2207 916 Jordane,
2240 848 2519 919 ipsiusque
2539 848 2763 917 lavacro
2796 863 2860 904 ac
2887 846 3017 906 Jesu
3044 848 3136 921 qui
3187 849 3245 904 in

1676 940 1795 1012 ipso
1840 939 2078 1006 lavatur,
2126 947 2237 993 tum
2268 936 2594 1010 [Bethabara
2631 937 2736 993 hoc
2767 934 2877 1007 est]
2948 935 3113 992 domo
3162 935 3249 989 in-

1676 1031 2015 1096 structionis,
2061 1039 2272 1086 tantum
2323 1028 2577 1087 utilitatis
2605 1043 2637 1085 a
2674 1027 2842 1087 fluvio
2887 1029 3246 1095 hauriemus,

1675 1131 1941 1195 quantum
1967 1136 2207 1193 egemus.

1747 1306 1839 1364 30.
1873 1305 2092 1363 Postero
2118 1307 2202 1364 die
2228 1309 2367 1365 videt
2397 1307 2633 1368 Joannes
2652 1310 2837 1366 Jesum
2862 1311 3149 1367 uenientem
3175 1311 3245 1366 ad

1676 1416 1731 1456 ιο
1757 1399 1823 1455 ⁸⁸.
1852 1400 2011 1458 Prius
2040 1400 2166 1458 Jesu
2209 1412 2402 1469 mater,
2449 1404 2613 1460 simul
2651 1414 2813 1477 atque
2844 1404 3020 1475 ipsum
3045 1418 3245 1460 conce-

1675 1492 1773 1563 pit,
1794 1493 1860 1548 ad
1881 1492 2106 1550 Joannis
2134 1505 2361 1552 matrem
2388 1535 2405 1563 ,
2434 1511 2662 1566 eamque
2722 1508 2935 1571 uterum
2983 1496 3246 1552 ferentem

1674 1586 1877 1658 pergit,
1905 1589 2124 1658 quando
2155 1588 2244 1660 qui
2286 1589 2551 1644 formatur
2587 1590 2980 1646 accuratiorem
3042 1588 3248 1644 forma-

1679 1681 1880 1735 tionem
1906 1682 2074 1737 donat
2100 1682 2150 1736 ei
2182 1681 2274 1751 qui
2312 1680 2670 1747 formabatur,
2720 1681 3059 1738 conformem
3094 1680 3244 1735 illum

1675 1768 1915 1826 efficiens
1944 1785 2055 1826 suae
2093 1769 2301 1843 gloriae,
2333 1771 2470 1826 adeo
2520 1781 2577 1825 ut
2615 1770 2686 1826 ob
2739 1770 2967 1825 formam
3002 1785 3247 1824 commu-

1677 1877 1822 1927 nem,
1874 1860 2112 1918 Joannes
2158 1862 2477 1918 crederetur
2525 1877 2646 1919 esse
2686 1862 2962 1927 Christus,
3010 1870 3064 1917 et
3118 1862 3247 1916 item

1676 1951 1925 2009 Christus
1972 1951 2213 2008 Joannes
2253 1967 2376 2009 esse
2427 1968 2458 2007 a
2511 1954 2744 2009 mortuis
2774 1954 2985 2009 excitus
3027 1960 3251 2023 putare—

1677 2044 1825 2100 tur“
1852 2045 1994 2115 apud
2022 2059 2116 2101 eos
2141 2046 2233 2116 qui
2265 2060 2373 2101 non
2421 2046 2741 2102 discernunt
2768 2046 2911 2102 inter
2952 2045 3246 2115 imaginem

1676 2145 1729 2191 et
1760 2135 1903 2190 inter
1953 2149 2076 2190 eum
2126 2134 2219 2206 qui
2250 2144 2334 2191 est
2383 2136 2681 2191 secundum
2733 2133 3054 2204 imaginem;
3103 2148 3247 2189 nunc

1676 2235 1858 2281 autem
1890 2224 2008 2295 ipse
2032 2224 2193 2281 Jesus
2214 2234 2338 2295 post
2377 2240 2465 2291 ea,
2497 2240 2619 2296 qua:
2646 2223 2809 2281 antea
2837 2232 3096 2281 accurate
3116 2239 3250 2280 exa-

1677 2316 2031 2382 minavimus,
2061 2314 2372 2371 testimonia
2402 2313 2630 2371 Joannis
2662 2314 2729 2371 de
2776 2314 2916 2384 ipso,
2945 2315 3161 2369 videtur
3215 2329 3248 2370 a

1674 2412 1918 2485 Baptista
1952 2414 2179 2470 veniens
2203 2414 2270 2469 ad
2313 2412 2485 2471 illum.
2516 2410 2623 2468 Sed
2645 2412 2823 2467 ohiter
2846 2410 3246 2467 observandum

1675 2517 1761 2563 est
1790 2507 1931 2577 quod
1965 2506 2074 2563 illic
2099 2522 2195 2577 per
2220 2522 2407 2563 vocem
2453 2505 2801 2562 salutationis
2853 2504 3035 2560 Mariae
3058 2546 3075 2572 ,
3125 2519 3249 2576 qum

1676 2598 1924 2669 pervenit
1956 2599 2024 2653 ad
2069 2614 2232 2655 aures
2259 2598 2565 2665 Elisabeth,
2594 2598 2779 2654 exsilit
2803 2594 3046 2652 Joannes
3069 2597 3251 2654 infans

1677 2694 1731 2747 in
1761 2700 1918 2748 utero
1942 2692 2155 2758 matris,
2182 2702 2292 2746 tum
2326 2692 2490 2747 veluti
2526 2708 2554 2747 a
2590 2702 2780 2748 sancta
2805 2690 2974 2748 Maria
3021 2704 3248 2748 sumen-

1678 2783 1747 2838 tis
1793 2783 2055 2853 Spiritum
2097 2792 2392 2838 sanctum:
2426 2801 2445 2835 ι
2489 2782 2686 2839 Evenit
2735 2783 2879 2837 enim
2905 2822 2921 2848 ,
2967 2782 3142 2852 inquit
3175 2781 3248 2849 “,

1674 2882 1733 2926 ut
1755 2872 1962 2927 audivit
1986 2872 2367 2928 salutationem
2390 2871 2571 2927 Maria:
2598 2871 2901 2937 Elisabeth,
2926 2871 3089 2943 ιω
3110 2870 3248 2927 sub-

1674 2969 1839 3026 silivit
1885 2969 2067 3025 infans
2111 2969 2164 3024 in
2217 2978 2375 3024 utero
2420 2966 2558 3038 ejus,
2606 2977 2660 3024 et
2691 2967 2895 3036 repleta
2927 2976 3011 3023 est
3039 2967 3246 3038 Spiritu

1673 3070 1865 3116 sancto
1888 3058 2187 3125 Elisabeth,
2223 3069 2277 3115 et
2302 3059 2633 3115 exclamavit
2658 3074 2793 3115 voce
2837 3074 3059 3130 magna,
3087 3068 3144 3113 et
3168 3056 3250 3113 di-

1677 3151 1774 3207 xit.
1833 3172 1852 3206 »
1908 3150 2007 3208 llic
2050 3162 2228 3207 autem
2269 3170 2288 3204 ι
2346 3149 2502 3206 Videt
2540 3148 2779 3231 Joannes
2811 3149 2997 3206 Jesum
3047 3152 3115 3207 ad
3159 3166 3250 3207 se—

27 3259 97 3295 m
117 3246 143 3297 6
180 3245 442 3318 Ἰωάννης
458 3246 551 3302 τὸν
581 3247 789 3319 Ἰησοῦν
811 3246 1104 3321 ἐρχόμενον
1124 3247 1260 3320 πρὸς
1273 3248 1455 3315 αὑτὸν,
1475 3247 1569 3302 καὶ

1676 3242 1847 3313 ipsum
1880 3244 2207 3310 venientem,
2234 3252 2291 3299 et
2318 3244 2488 3300 dicit:
2516 3244 2652 3301 Ecce
2683 3246 2774 3300 ille
2799 3246 2988 3317 Agnus
3013 3244 3127 3310 Dei,
3155 3244 3250 3315 qui

25 3330 159 3401 λέγει’
189 3335 294 3389 Ἴδε
312 3336 565 3408 ὀἎμνὸς
591 3337 686 3392 τοῦ
717 3336 876 3404 Θεοῦ,
907 3340 937 3392 6
970 3339 1141 3411 αῐρων
1176 3338 1274 3411 τὴν
1295 3340 1572 3412 ἁμαρτίαν

25 3422 96 3477 τοῦ
120 3425 336 3498 κόσμου·
382 3447 403 3480 ι
440 3429 576 3501 ἀκοῇ
609 3429 667 3483 δὲ
694 3432 762 3503 τῇ
805 3431 933 3503 περὶ
952 3430 1059 3485 τῶν
1090 3431 1411 3504 κρειττόνων
1437 3432 1572 3505 πρό-

23 3517 149 3587 τερόν
170 3536 252 3584 τις
288 3516 634 3587 παιδεύεται,
663 3523 758 3577 καὶ
803 3523 942 3595 μετὰ
970 3523 1145 3578 ταῦτα
1177 3525 1450 3599 αὐτόπτης
1477 3527 1575 3581 αῦ-

25 3607 109 3661 τῶν
127 3610 346 3679 γίνεται.
387 3613 515 3667 Ὀτι
546 3613 797 3684 μέντοιγε
818 3616 899 3679 είς
925 3613 1024 3688 τὴν
1062 3615 1344 3689 μόρφωσιν
1367 3616 1574 3689 ὠφέλη-

25 3703 137 3755 ταιό
171 3704 428 3778 Ἰωάννης
443 3705 552 3761 ἀπὸ
578 3706 674 3761 τοῦ
703 3707 783 3761 ἔτι
819 3708 1195 3781 μορφουμένου
1219 3708 1314 3763 τοῦ
1344 3709 1571 3781 Κυρίου,

24 3796 275 3867 γενομένου
321 3801 385 3873 έν
418 3802 486 3871 τῇ
525 3801 693 3873 μητρὶ¹
727 3800 865 3873 πρὸς
886 3800 987 3873 τὴν
1031 3800 1333 3867 ⁹Ελισά6ετ,
1381 3803 1458 3875 τῷ
1482 3820 1574 3858 κε-

24 3890 284 3959 κρατηκότι
310 3890 429 3946 τῶν
463 3893 772 3965 εἰρημένων
800 3893 930 3966 περὶ
962 3892 1054 3947 τοῦ
1085 3894 1270 3967 φωνὴν
1305 3895 1403 3967 μὲν
1434 3890 1573 3950 εἶναι

24 3980 95 4036 ὢν
127 3984 397 4058 Ἰωάννην,
426 3986 583 4057 λόγον
613 3986 671 4041 δὲ
693 3987 786 4041 τὸν
820 3987 1049 4060 Ἰησοῦν,
1077 3987 1236 4061 δῆλον
1269 3987 1442 4043 ἔσται*
1478 4006 1573 4061 με·

26 4073 134 4149 τάλη
148 4077 250 4152 γὰρ
274 4079 435 4151 φωνὴ
457 4079 668 4149 γίνεται
701 4082 760 4135 ὲν
795 4082 863 4153 τῇ
907 4079 1191 4136 Ἐλισάϐετ
1219 4080 1573 4155 πληρωθείσῃ

28 4165 303 4240 Πνεῦματος
332 4171 496 4241 ἁγίου
521 4172 609 4228 διὰ
646 4172 738 4226 τὸν
767 4172 1056 4244 ἀσπασμὸν
1085 4174 1185 4243 τῆς
1212 4173 1451 4245 Μαρίας,
1496 4173 1573 4239 ὡς

26 4255 183 4332 αὑτὴὴ
211 4260 356 4329 λέξις
390 4261 724 4335 παρίστησιν
741 4262 917 4327 οὕτως
937 4262 1150 4333 ἔχουσα*
1177 4282 1196 4316 ι
1230 4264 1341 4318 Καὶ
1363 4263 1574 4335 ἀνεφώ-

26 4365 129 4416 νησε
152 4356 361 4424 κραυγῇ
390 4352 626 4425 μεγάλῃ,
668 4373 688 4405 ι
713 4351 873 4423 δῆλον
903 4353 985 4406 ὃτι
1019 4353 1052 4425 ή
1097 4353 1398 4419 Ἐλισάῦετ,
1436 4373 1455 4406 ι
1480 4355 1573 4409 καὶ

27 4435 165 4498 εἶπεν.
194 4464 213 4497 ι
250 4445 317 4499 Ἡ
343 4445 458 4518 γάρ
505 4444 659 4517 φωνὴ
705 4442 800 4499 τοῦ
850 4444 1144 4516 ἀσπασμοῦ
1191 4447 1289 4519 τῆς
1330 4446 1569 4519 Μαρίας,

26 4536 245 4611 γενομένη
289 4541 350 4593 ὲν
379 4541 494 4603 τοῖς
519 4538 623 4591 ὠσὶ
653 4536 756 4608 τῆς
806 4535 1116 4603 Ἐλισάὸετ,
1153 4538 1440 4611 ἐπλήρωσε
1479 4538 1570 4593 τὸν

268 4595 494 4703 ἑαυτῆςζ
526 4595 944 4703 διόπερ-σκιρτᾷ
965 4632 994 4683 6
1033 4595 1312 4703 Ἰωάννης,
1336 4631 1430 4686 καὶ
1462 4633 1569 4686 οίο-
1602 4595 1646 4651 υ

29 4722 90 4773 νεὶ
109 4722 263 4794 στόμα
302 4723 404 4779 τοῦ
434 4722 553 4779 υἱοῦ
604 4726 700 4779 καὶ
742 4724 1071 4799 προφῆτιςή
1118 4725 1302 4797 μήτηρ
1335 4725 1567 4794 γίνεται,

30 4812 342 4884 Wet:
372 4820 590 4891 κραυγῇ
619 4818 852 4890 μεγάλη,
881 4818 974 4873 καὶ
988 4816 1241 4887 λέγουσα·
1278 4836 1297 4869 ι
1332 4816 1573 4890 Εὐλογη-

35 4905 140 4977 μένη
166 4911 225 4964 σὺ
264 4912 325 4965 ὲν
356 4909 593 4980 γυναιξὶ,
629 4913 725 4966 καὶ
760 4911 1121 4984 εὐλογημένος
1158 4913 1186 4965 6
1213 4910 1424 4984 καρπὸς
1472 4909 1571 4981 τῆς
1604 4982 1610 4988 ι

34 4999 198 5065 κοιλία-ς
227 5020 342 5059 σου.
386 5024 407 5056 ι
440 5005 580 5077 Ἤδη
613 5000 707 5058 οὖν
738 5003 961 5058 δύναται
985 5003 1142 5075 δῆλος
1174 5004 1305 5075 ἡμῖν
1325 5001 1573 5072 γίνεσθαι

36 5093 155 5165 χειή
185 5097 318 5165 μετὰ
349 5096 589 5168 σπουδῆς
613 5097 809 5169 πορεία
832 5097 931 5168 τῆς
960 5097 1176 5169 Μαρίας
1201 5097 1281 5160 είς
1309 5095 1408 5168 τὴν
1430 5096 1566 5167 ὀρει-

35 5182 126 5251 νὴν,
168 5188 254 5241 καὶ
283 5191 317 5260 ἡ
369 5188 576 5253 εἴσοδος
618 5191 699 5254 είς
750 5188 842 5243 τὸν
893 5184 1040 5242 οἶκον
1082 5187 1376 5259 Ζαχαρίου,
1418 5186 1512 5241 καὶ
1543 5187 1573 5240 6

38 5278 278 5352 ἀσπασμὸς
303 5283 368 5337 ὃν
388 5282 696 5347 ἀσπάζεται
716 5284 815 5355 τὴν
850 5281 1151 5337 Ἐλισάϐετ.
1182 5282 1301 5335 Ἵνα
1331 5279 1442 5352 γὰρ
1475 5296 1572 5351 με-

39 5370 147 5441 ταδῷ
170 5374 252 5443 ἀφ’
296 5370 371 5447 ἧς
413 5375 550 5448 ἔχει,
593 5374 654 5442 ἐξ
703 5373 765 5433 οῦ
807 5376 1113 5447 συνείληφε,
1165 5374 1447 5446 δυνάμεως
1493 5371 1574 5444 τῷ

1678 3336 1816 3392 tollit
1846 3346 2129 3408 peccatum
2168 3338 2353 3394 mundi
2379 3339 2466 3398 "z
2502 3358 2522 3393 ι
2564 3338 2616 3393 in
2660 3340 2826 3395 rebus
2867 3336 3070 3394 etenim
3111 3353 3250 3408 prte-

1674 3430 1971 3496 smntibus,
2016 3446 2114 3501 per
2152 3431 2396 3486 auditum
2433 3431 2670 3502 primum
2702 3431 2826 3502 quis
2853 3430 3122 3496 eruditur,
3155 3429 3253 3485 de-

1676 3525 1801 3581 inde
1830 3524 2083 3581 oculatus
2106 3527 2259 3582 testis
2293 3526 2533 3596 ipsarqu
2574 3540 2758 3580 rerum
2800 3526 2881 3582 fit.
2930 3522 3037 3580 Sed
3067 3523 3247 3594 profe-

1674 3626 1764 3673 cto
1810 3617 2052 3686 adjuvari
2103 3617 2366 3676 Joannem
2413 3620 2481 3675 ad
2519 3618 2897 3675 formationem
2922 3634 2954 3674 a
2986 3618 3253 3683 Domino,

1674 3710 1767 3779 qui
1825 3712 2006 3766 adhuc
2036 3727 2160 3767 cum
2217 3700 2546 3767 formaretur
2595 3711 2839 3780 perrexit
2884 3712 2937 3767 in
2969 3721 3142 3766 matre
3183 3709 3252 3763 ad

1674 3799 2072 3867 Elisabetham,
2102 3803 2153 3857 ei
2182 3803 2533 3874 perspicuum
2560 3802 2668 3858 erit
2699 3803 2792 3873 qui
2841 3801 3079 3857 tenuerit
3130 3814 3254 3869 qua:

1673 3889 2056 3958 disseruimus,
2097 3892 2225 3947 dum
2260 3893 2569 3949 diceremus
2592 3892 2855 3949 Joannem
2884 3906 3006 3947 esse
3036 3904 3251 3956 vocem,

1672 3981 1861 4039 Jesum
1896 3999 2026 4040 vero
2046 3999 2360 4042 sermonem
2389 4003 2410 4043 :
2436 4001 2630 4058 magna
2660 3988 2806 4042 enim
2836 4001 2940 4042 vox
2967 3985 3025 4039 fit
3052 3985 3106 4040 in
3140 3983 3255 4039 Eli-

1674 4081 1869 4137 sabeth
1915 4081 2121 4151 repleta
2174 4080 2378 4154 Spiritu
2408 4094 2603 4139 sancto
2631 4084 2701 4139 ob
2736 4082 2925 4139 Mariae
2960 4080 3247 4139 salutatio-

1675 4188 1828 4239 nem,
1854 4182 1915 4229 ut
1943 4172 2105 4230 lectio
2139 4174 2256 4246 ipsa
2285 4175 2445 4230 docet
2479 4175 2625 4230 hunc
2656 4174 2709 4229 in
2744 4174 2961 4231 ntodum
2996 4175 3203 4231 habens
3231 4190 3249 4230 :

1678 4284 1698 4319 ι
1736 4264 1803 4320 Et
1822 4265 2149 4322 exclamavit
2172 4281 2304 4323 voce
2327 4282 2520 4335 magna
2555 4266 2622 4332 ⁸⁸,
2656 4284 2676 4319 ι
2703 4267 2914 4322 scilicet
2950 4266 3248 4336 Elisabetb,

1680 4375 1700 4408 ι
1750 4366 1806 4413 et
1847 4358 2005 4413 dixit.
2055 4377 2075 4411 ι
2115 4356 2232 4413 Vox
2280 4358 2425 4412 enim
2464 4356 2809 4414 salutationis
2855 4357 3039 4412 Maria:
3068 4398 3084 4423 ,
3130 4373 3253 4429 quae

1673 4451 1921 4519 pervenit
1961 4451 2027 4504 ad
2060 4464 2220 4519 aures
2262 4448 2542 4505 Elisabeth
2570 4488 2586 4513 ,
2631 4448 2860 4519 replevit
2889 4448 3154 4506 Joannem
3193 4465 3254 4507 se

1675 4543 1823 4613 ipsa;
1861 4558 2025 4614 quam
2061 4543 2132 4608 ob
2168 4558 2386 4598 causam
2411 4540 2647 4597 subsiliit
2673 4541 2933 4608 Joannes;
2968 4554 3255 4613 materque

1675 4633 1839 4689 veluti
1872 4648 1936 4689 os
1969 4633 2065 4689 filii
2112 4643 2168 4688 et
2213 4636 2563 4705 prophetissa
2596 4633 2847 4700 efﬁcitur,
2881 4650 3016 4692 voce
3058 4652 3254 4707 magna

1673 4725 1995 4782 exclamans
2026 4741 2092 4782 ac
2124 4728 2313 4783 dicens
2343 4744 2359 4784 :
2413 4745 2431 4778 ι
2455 4727 2746 4783 Benedicta
2799 4737 2853 4782 tu
2900 4729 3041 4783 inter
3070 4728 3256 4782 mulie-

1676 4835 1785 4885 res,
1816 4828 1867 4876 et
1899 4820 2222 4878 benedictus
2254 4821 2346 4878 ille
2393 4822 2604 4878 fructus
2637 4826 2843 4880 ventris
2869 4826 2946 4879 tui
2972 4824 3040 4881 “.
3075 4842 3094 4876 ι
3129 4819 3250 4875 Jam

1676 4926 1810 4967 vero
1846 4927 1877 4967 a
1905 4912 2064 4970 nobis
2092 4925 2280 4985 aperte
2307 4919 2541 4989 perspici
2573 4930 2751 4989 potest
2784 4926 2894 4973 tum
2932 4914 3115 4995 Maria;
3147 4914 3253 4968 iter

1675 5002 1743 5057 ad
1771 5013 2026 5060 montana
2055 5021 2178 5062 cum
2203 5006 2549 5066 festinatione
2573 5012 2758 5076 “,tum
2785 5009 3057 5078 ingressus
3080 5006 3133 5060 in
3156 5005 3253 5060 do-

1676 5109 1824 5149 mum
1877 5095 2190 5164 Zacharia‘a,
2221 5115 2287 5155 ac
2338 5101 2536 5156 deinde
2577 5099 2834 5156 salutatio
2885 5113 2992 5169 qua
3048 5098 3257 5154 salutat

1676 5184 1975 5261 Eiisabeth.
2005 5190 2137 5247 llaec
2174 5194 2321 5248 enim
2349 5195 2529 5249 omnia
2558 5194 2840 5258 eveniunt,
2878 5203 2939 5249 ut
2964 5191 3133 5248 Maria
3169 5190 3254 5248 fa-

1675 5278 1790 5334 ciat
1823 5281 2147 5353 participem
2181 5282 2446 5341 Joannem
2480 5285 2799 5358 (etiamnum
2832 5285 2885 5339 in
2934 5292 3092 5340 utero
3134 5297 3254 5339 ma-

1679 5373 1779 5429 tris
1803 5375 2187 5451 exsistentem)
2230 5377 2352 5449 ejus
2380 5377 2636 5449 potentiae
2664 5392 2831 5450 quam
2874 5377 3040 5434 habet
3067 5376 3139 5433 ab
3184 5389 3256 5433 eo

43 5506 293 5605 "ane.
322 5509 1711 5605 ﬁnal“?PPC.III:J5;“D!EIEI]L{1213;RE3E:
1763 5529 1843 5583 νι,
1896 5516 1989 5586 Η,
2032 5517 2134 5581 ιϐς
2197 5519 2332 5576 Luc.
2378 5535 2456 5589 ιι,
2511 5518 2569 5576 8.
2644 5520 2688 5553 ⁶¹
2736 5517 2874 5575 Luc.
2923 5535 2964 5587 ι,
3013 5518 3107 5587 tl,
3156 5509 3249 5571 42-

97 5575 230 5643 Joaq.
260 5575 419 5649 1,29.
491 5586 541 5619 ⁸⁸
574 5586 706 5642 Luc.
741 5603 780 5654 t,
809 5575 900 5641 Β.
967 5575 1025 5619 ’⁸⁸
1059 5588 1193 5641 ibid.
1267 5586 1314 5619 ”
1341 5575 1481 5639 ibid.
1504 5581 1597 5648 39,
1631 5582 1722 5639 40.

46 5718 324 5855 ὲιὲἶίω
350 5725 572 5798 μορφῆς
618 5726 791 5783 codex
830 5726 1152 5785 llodleiauus
1206 5728 1388 5784 habet.
1424 5729 1566 5801 Γρα-

1670 5703 1794 5785 Alia
1826 5721 1988 5765 manu
2031 5727 2046 5766 ι
2088 5709 2227 5782 τάχα
2251 5710 2360 5767 άπὸ
2409 5711 2511 5785 τῆς
2561 5710 2722 5785 ἁγίας
2783 5708 3025 5785 Μαρίας.
3074 5705 3246 5785 Quam

1673 5778 2041 5849 conjecturam
2070 5774 2292 5840 secutus
2318 5793 2403 5841 est
2436 5774 2621 5841 iuﬁsua'
2642 5774 3092 5852 interpretatione
3111 5774 3251 5834 Fer-

99 5859 191 5937 ιιι)
224 5865 356 5937 Ἀπῤ
395 5865 505 5934 τῆς
531 5867 665 5937 γῆς.
698 5867 754 5923 In
779 5869 1019 5935 margine
1053 5870 1258 5924 codicis
1286 5868 1562 5927 Bodleiaui

1676 5851 1869 5909 rarius.

48 5924 200 5996 tegam}
224 5952 239 5989 :
265 5934 423 5992 Οῦτω
444 5924 552 5992 καί
575 5924 637 5992 ἐν
658 5937 737 6010 τῷ
760 5924 1078 6012 ἀντιγράφω
1103 5924 1406 6012 γράφεται,
1429 5924 1557 6015 ﬁlii
