3816 6516
541 435 650 493 287

546 656 765 724 ticipem
810 652 1057 708 facturus
1110 662 1231 708 erat
1285 662 1515 707 matrem
1558 650 1707 707 illius
1760 651 1951 723 gratiae
1997 664 2128 719 pro-

546 747 775 820 phetica;
802 760 971 816 quam
1002 756 1316 816 acceperat.
1355 745 1419 800 Et
1468 743 1853 801 decentissime
1883 743 2131 814 proiecto

548 841 602 895 in
643 848 902 895 montana
939 838 1076 894 tales
1108 838 1550 910 dispensatioues
1594 838 1973 910 perﬁciuntur,
2005 849 2131 891 cum

549 932 680 986 nihil
709 932 888 995 magni
913 932 1036 1002 capi
1069 933 1247 1000 possit
1283 932 1353 987 ab
1386 932 1472 986 his
1502 930 1817 987 hominibus
1845 929 1938 1000 qui
1963 928 2133 984 valles

546 1027 617 1079 ob
640 1026 1000 1081 lmmilitatem
1024 1026 1249 1082 vocandi
1278 1034 1429 1081 sunt.
1458 1024 1586 1081 Ideo
1623 1024 1727 1080 hoc
1752 1024 1811 1078 in
1840 1022 1982 1089 loco,
2010 1030 2133 1090 post

546 1119 774 1175 Joannis
807 1120 1140 1186 testimonia,
1168 1119 1406 1190 primum
1442 1119 1664 1190 quidem
1690 1118 1837 1189 quod
1868 1118 2071 1173 dicitur
2102 1133 2130 1172 a

545 1207 753 1264 Joanne
784 1209 1059 1265 clamante
1088 1224 1173 1271 ac,
1193 1209 1502 1279 theologum
1540 1217 1739 1280 agente
1761 1208 1807 1239 “
1828 1247 1844 1273 ,
1900 1207 2131 1263 alterum

545 1315 678 1355 vero
712 1300 781 1355 ad
815 1302 1129 1358 sacerdotes
1174 1311 1231 1357 et
1292 1294 1496 1357 levitas
1542 1301 1611 1356 ab
1652 1298 2054 1373 Hierosolymis
2101 1316 2132 1355 a

548 1390 749 1445 Iudaeis
786 1390 987 1448 missos
1011 1392 1080 1457 ",
1132 1391 1352 1447 tertium
1395 1391 1462 1446 ad
1492 1405 1590 1447 eos
1621 1392 1712 1461 qui
1739 1406 1805 1447 ex
1837 1390 2135 1447 Pbarismis

547 1482 877 1539 exsistentes
927 1485 1182 1541 acerbius
1230 1484 1643 1555 interrogarunt
1685 1485 1773 1551 ⁸³,
1825 1482 1985 1540 Jesus
2020 1483 2134 1553 jam

544 1573 763 1630 videtur
789 1575 859 1631 ab
878 1591 944 1632 eo
969 1577 1062 1647 qui
1100 1577 1481 1655 testimonium
1509 1578 1865 1646 perbibuerat
1892 1577 2133 1633 venienti

548 1667 615 1722 ad
641 1682 733 1735 se,
778 1669 959 1725 adhuc
1016 1670 1398 1740 proﬁcientem
1456 1668 1855 1743 melioremque
1897 1671 2135 1727 evaden-

551 1771 686 1831 tem;
707 1762 866 1834 cujus
894 1764 1173 1833 proiectus
1204 1774 1259 1820 et
1292 1765 1358 1818 ad
1394 1765 1619 1820 meliora
1653 1770 2000 1835 progreSsus,
2037 1779 2136 1819 no-

551 1865 602 1910 ta
637 1865 720 1912 est
746 1870 810 1912 ea
840 1856 981 1923 dies,
1014 1872 1135 1927 quae
1162 1866 1382 1927 postera
1419 1857 1658 1925 dicitur;
1700 1859 1864 1913 veluti
1900 1858 2047 1913 enim
2078 1859 2132 1912 in

548 1949 801 2019 Sequenti
837 1948 1238 2004 illuminatione
1270 1960 1324 2006 et
1352 1950 1403 2005 in
1458 1960 1672 2021 postera
1701 1950 1790 2006 die
1817 1960 2042 2021 prepter
2065 1964 2129 2004 ea

548 2056 671 2109 qum
701 2052 1127 2110 przeeesserant,
1163 2041 1322 2100 Jesus
1350 2045 1500 2099 venit
1526 2086 1542 2112 ,
1579 2028 1687 2100 non
1725 2052 1936 2098 tantum
1970 2042 2135 2111 igno-

552 2135 716 2201 tus",
740 2143 996 2205 tauquam
1027 2137 1119 2207 qui
1151 2138 1205 2193 in
1239 2138 1417 2194 medio
1441 2138 1657 2194 steterit
1685 2137 1851 2192 etiam
1882 2134 2133 2192 nescien.

548 2224 707 2289 tium,
738 2227 833 2281 sed
866 2227 979 2297 jam
1010 2229 1176 2283 etiam
1211 2230 1436 2284 veniens
1466 2230 1797 2298 (‘OllspiCtlllS
1824 2231 1873 2287 ei
1899 2233 1989 2303 qui
2017 2233 2133 2291 lucc

552 2324 710 2370 antea
734 2319 1101 2378 annuutiarat.
1130 2320 1313 2375 Prima
1344 2336 1475 2393 ergo
1505 2321 1592 2377 die
1622 2322 1935 2380 testimonia
1973 2316 2133 2397 I50

555 2409 711 2465 ilunt.
742 2410 925 2467 Altera
964 2412 1122 2470 Jesus
1139 2417 1205 2469 ad
1227 2413 1493 2471 Joannem
1522 2418 1671 2473 venit
1699 2419 1769 2473 ⁷⁸.
1816 2415 1999 2475 Tertia
2029 2438 2132 2476 au-

555 2514 662 2559 tem
697 2507 741 2538 '“
773 2505 1011 2565 Joannes
1041 2508 1185 2581 (cum
1215 2517 1383 2564 staret
1414 2525 1539 2566 cum
1568 2510 1781 2569 duobus
1827 2514 2131 2584 discipulis,

552 2598 887 2671 intuitusque
925 2613 1072 2657 esset
1139 2601 1325 2659 Jesum
1363 2603 1731 2659 ambulantem
1761 2648 1774 2668 .
1840 2621 1905 2661 ac
1964 2608 2133 2664 dixis-

550 2697 634 2742 set
668 2702 682 2739 :
711 2690 877 2748 «Ecce
904 2692 1085 2764 Agnus
1107 2692 1195 2749 ille
1227 2691 1375 2762 Dei»)
1409 2703 1714 2761 pra-sentes
1746 2694 2022 2764 admonet,
2052 2700 2132 2755 uti

550 2794 852 2853 sequantur
884 2783 1081 2839 Filium
1115 2786 1229 2841 Dei.
1276 2784 1396 2842 Jam
1449 2790 1501 2841 in
1536 2797 1732 2855 quarta
1783 2789 1869 2846 die
1906 2791 1972 2855 7'.
2005 2805 2130 2847 cum

548 2877 701 2932 exire
732 2876 889 2933 vellet
936 2877 987 2953 in
1031 2877 1333 2943 Gaiilmam,
1385 2879 1474 2935 ille
1512 2881 1606 2951 qai
1636 2882 1771 2936 exiit
1796 2883 1863 2937 ad
1888 2897 2135 2952 qumren-

548 2973 677 3028 dum
715 2974 860 3043 quod
887 2973 1127 3044 perierat
1157 2974 1224 3039 ⁷³,
1276 2974 1482 3029 invenit
1538 2973 1868 3047 Philippum,
1900 2986 1956 3033 et
2002 2977 2136 3035 dicit

548 3064 598 3119 ci
630 3081 645 3118 :
678 3064 953 3135 «Sequere
981 3066 1152 3125 me".
1176 3085 1195 3117 ι
1226 3064 1321 3122 Die
1347 3081 1478 3121 vero
1498 3068 1678 3130 tertia,
1700 3077 1825 3137 post
1852 3078 2130 3140 quartam,

550 3169 671 3225 qua:
722 3166 877 3211 sexta
906 3170 994 3213 est
1025 3158 1078 3213 in
1131 3173 1320 3212 earum
1356 3172 1584 3214 numero
1629 3176 1767 3229 quas
1801 3178 1829 3215 a
1864 3164 2134 3234 principio

551 3244 945 3344 ri-ccusuimus,
965 3250 1182 3344 nuptias
1235 3249 1376 3344 fiunt
1405 3251 1457 3344 in
1503 3251 1652 3344 Cana
1677 3252 1914 3309 Gabinae
1943 3253 2011 3322 ",
2067 3257 2135 3312 de
2162 3287 2205 3344 ο

550 3338 751 3405 quibus
801 3336 1109 3393 videbimus
1158 3354 1281 3393 cum
1311 3340 1378 3394 ad
1426 3340 1603 3395 locum
1641 3342 1786 3398 hunc
1816 3348 2135 3414 perveneri-

553 3442 693 3483 mus.
729 3427 862 3483 Illud
910 3432 1074 3483 etiam
1121 3429 1300 3486 obiter
1344 3431 1744 3487 observandum
1787 3436 1932 3504 quod
1965 3435 2136 3492 Maria

554 3517 641 3572 illa
671 3521 1022 3588 praestantior
1050 3523 1201 3577 venit
1230 3524 1299 3577 ad
1334 3523 1612 3579 Elisabetb
1663 3524 1981 3581 inferiorem
2012 3568 2029 3594 ,
2082 3538 2139 3585 et

554 3613 730 3670 Filius
762 3615 856 3669 Dei
911 3615 979 3670 ad
1030 3614 1358 3688 Baptistam,
1407 3618 1725 3688 exquibus
1780 3619 1833 3675 id
1888 3622 2139 3680 utilitatis

552 3707 797 3777 capimus
841 3715 900 3763 ut
928 3708 1145 3781 impigri
1194 3708 1369 3767 simus
1419 3712 1486 3766 ad
1543 3710 1824 3768 ferendam
1857 3728 2015 3785 opem
2052 3716 2137 3773 in-

556 3798 852 3855 ferioribus
893 3808 949 3855 et
978 3802 1045 3856 ad
1100 3800 1533 3857 mediocritatem
1600 3807 2065 3863 conservandam.

622 3891 716 3948 3i.
752 3891 1021 3961 Quoniam
1067 3902 1248 3949 autem
1302 3897 1446 3966 apud
1474 3895 1741 3952 Joannem
1767 3898 2135 3970 discipulum,

551 3985 697 4040 unde
731 3986 797 4041 ad
827 3982 1131 4057 Baptistam
1177 3983 1444 4041 Joannem
1477 3987 1657 4043 veniat
1702 3987 1988 4057 Servator,
2027 4008 2134 4048 non

551 4077 791 4143 dicitur,
821 4077 928 4134 hoc
961 4077 1227 4135 discimus
1275 4094 1339 4135 ex
1395 4081 1481 4135 his
1512 4096 1632 4149 quae
1667 4080 1952 4140 Matthaens
1997 4086 2138 4141 scri-

552 4170 659 4240 psit
680 4171 727 4203 "
759 4189 773 4225 :
815 4189 835 4223 ι
883 4170 1036 4225 Tunc
1064 4173 1285 4227 advenit
1312 4170 1470 4229 Jesus
1494 4188 1524 4227 a
1566 4173 1788 4230 Galiizea
1842 4179 1910 4234 ad
1940 4174 2137 4235 Jorda-

555 4274 679 4314 nem
704 4260 770 4314 ad
802 4255 1095 4327 Joannem,
1129 4270 1186 4315 ut
1213 4264 1589 4332 baptizaretur
1615 4268 1683 4321 ab
1702 4267 1828 4323 ’illo.
1864 4286 1884 4322 ι
1909 4269 1977 4323 Αι
2002 4268 2140 4324 Mar-

554 4367 654 4408 cus
705 4352 871 4406 etiam
928 4351 1103 4408 locum
1153 4352 1393 4411 Gaiilaae
1448 4356 1657 4414 addidit
1711 4360 1955 4417 dicens:
1996 4380 2016 4414 ι
2069 4363 2138 4419 Ει

554 4448 739 4504 evenit
772 4447 826 4502 in
859 4448 1053 4504 diebus
1101 4447 1207 4503 illis
1258 4458 1315 4504 ut
1345 4451 1562 4507 veniret
1603 4449 1763 4509 Jcsus
1805 4469 1835 4509 a
1868 4454 2138 4514 Nazareth

554 4539 815 4607 Galilaeae,
843 4548 901 4595 et
927 4540 1301 4612 baptizaretur
1334 4559 1361 4597 a
1392 4542 1599 4599 Joanne
1646 4545 1696 4601 in
1728 4546 1967 4605 Jordaue
1997 4550 2065 4606 ⁷⁷.
2111 4571 2130 4606 ι

2006 426 2333 485 ORIGENIS

544 574 707 630 quem
732 566 1080 629 conceperat,
1125 558 1218 629 qui
1250 558 1469 629 quidem
1502 555 1746 614 Joannes
1773 565 1828 612 et
1856 556 1975 626 ipse
1999 570 2126 625 par-

2242 555 2465 630 Ίωάννῃ
2483 555 2563 610 ἔτι
2600 557 2658 610 ὲν
2678 558 2756 629 τῇ⁷
2784 557 2969 631 μήτρα
2999 554 3111 627 (15)
3130 556 3450 627 τυγχάνοντι
3476 554 3574 626 τῆς
3605 571 3695 627 μητ

3683 103 3774 669 i

3713 669 3773 759 3!

3713 775 3721 795 l

3713 759 3776 1040 ἦ

3664 1040 3775 1135 ..Ἦ

3662 1166 3777 1532 Ti

3662 1389 3714 1441 ίτ

3662 1499 3699 1532 τε

2230 649 2265 718 ἡ
2299 648 2555 721 Μαριάμ,
2587 648 2681 703 καὶ
2714 648 2865 721 αὑτῷ
2911 648 3278 722 μεταδὼσοντι
3313 650 3379 721 τῇ
3402 648 3586 720 ,μητρὶ
3621 648 3695 718 ἀφ’

2231 740 2391 797 ἔλασε
2423 742 2647 815 χάριτος
2662 744 3030 815 προφητικῆς,
3057 742 3228 798 ταῦτα
3257 741 3437 797 πάντα
3468 740 3721 811 vivendi

2231 833 2583 904 εὐλογώτατά
2629 853 2694 906 γε
2725 836 2786 890 ὲν
2815 839 2882 909 τῇ
2907 836 3089 913 ὀρεινῇ
3125 836 3185 891 αἱ
3223 834 3472 889 τοιαῦται
3518 835 3724 906 οίκονθμί

2232 930 2630 997 ἐπιτελοῦνται,
2661 931 2877 995 οὐδενὸς
2906 930 3146 1003 μεγάλου
3166 930 3516 1003 χωρουμένου
3552 928 3646 982 ὑπὸ
3689 927 3740 983 τᾶ

2232 1023 2321 1078 διὰ
2371 1024 2471 1097 τὴν
2505 1025 2874 1096 ταπεινότητα
2917 1023 3182 1079 κοιλάδων
3230 1021 3660 1095 κληθησομένων.

2233 1116 2363 1171 ἔνθα
2407 1116 2467 1171 δὲ
2499 1112 2594 1171 οῦν
2624 1117 2763 1189 μετὰ
2791 1114 2892 1182 τὰς
2932 1116 3180 1171 Ἰωάννου
3227 1114 3559 1188 μαρτυρίας,
3592 1114 3684 1186 πριὶ

2238 1208 2334 1279 μὲν
2360 1206 2459 1280 τὴν
2480 1207 2587 1262 ὑπὸ
2619 1210 2955 1281 κεκραγότος
2968 1206 3270 1279 λεγομένην
3303 1206 3399 1261 καὶ
3423 1204 3773 1274 θεολογοῦντοςέ

2233 1296 2493 1369 δευτέραν
2522 1296 2580 1353 δὲ
2610 1298 2748 1370 πρὸς
2786 1299 2911 1364 τοὺς
2950 1300 3116 1371 ἱερεῖς
3139 1299 3232 1352 καὶ
3266 1296 3521 1360 Λευῒτας,
3554 1295 3667 1358 τοὺς
3690 1297 3733 1348 ἀι

2246 1389 2635 1464 Ἱεροσολύμων
2660 1392 2767 1446 ὑπὸ
2805 1392 3075 1447 Ἰουδαίων
3110 1390 3573 1462 ἀπεσταλμένους·
3596 1389 3676 1442 καὶ
3691 1407 3714 1440 τ

2234 1501 2335 1557 την
2384 1483 2484 1558 τὴν
2518 1484 2655 1557 πρὸς
2702 1486 2833 1549 τοὺς
2875 1486 2941 1539 ὲκ
2988 1483 3099 1539 τῶν
3146 1483 3463 1555 Φαρισαίων
3500 1482 3699 1553 -πικρίιτε

2235 1578 2640 1653 ἐρωτήσαντας,
2687 1577 2898 1650 Ἰησοῦς
2929 1577 3031 1649 ἤδη
3065 1576 3323 1648 βλέπεται
3353 1575 3461 1629 ὑπὸ
3490 1572 3583 1628 τοῦ
3611 1572 3779 1649 μαρτυῆ

2240 1671 2526 1743 ρήσαντος,
2548 1672 2842 1745 ἐρχόμενος
2863 1672 3001 1745 πρὸς
3023 1671 3186 1726 αὐτὸν
3215 1670 3299 1725 ἔτι
3327 1668 3689 1744 προκόπτοντα
3705 1656 3779 1720 acti1

2238 1763 2485 1836 βελτίονα
2516 1765 2802 1837 γινόμενον
2832 1781 2847 1794 ·
2898 1758 2968 1837 ἦς
3028 1764 3314 1836 προκοπῆς
3346 1762 3443 1817 καὶ
3491 1754 3769 1834 βελτιώσεως

2238 1857 2504 1930 σύμϐολον
2533 1859 2567 1931 ἡ
2600 1858 2966 1931 ὠνομασμένη
3006 1856 3215 1930 αῦριοψ
3247 1856 3413 1911 οἱονεὶ
3439 1854 3550 1927 γάρ
3592 1854 3643 1907 ἐν
3680 1851 3779 1929 ἑξῆςγ

2237 1950 2524 2023 φωτισμῷ,
2574 1951 2672 2006 καὶ
2724 1951 2954 2023 δευτέρᾳ
2984 1950 3170 2023 ἡμέρᾳ
3200 1948 3354 2022 παρὰ
3388 1948 3460 2003 τὰ
3504 1936 3779 2018 πρότερον]

2249 2043 2459 2117 Ἰησοῦς
2486 2043 2726 2117 ἔρχεται,
2755 2043 2817 2098 οὐ
2850 2043 3011 2115 μόνον
3042 2041 3448 2113 γινωσκόμενος
3478 2036 3593 2111 (16)
3624 2038 3688 2099 ὡς

2240 2155 2330 2203 σος
2358 2138 2604 2211 έστηκὼς
2632 2138 2728 2192 καὶ
2751 2136 2861 2191 τῶν
2888 2135 2990 2191 οὐκ
3021 2136 3259 2200 εἰδότων,
3289 2133 3405 2189 ἀλλ’
3440 2133 3543 2204 ἤδη
3569 2132 3654 2185 καὶ
3670 2129 3773 2200 696:-

2242 2251 2402 2306 μενος
2434 2235 2585 2306 ἦκων
2616 2231 2694 2305 τῷ
2718 2231 2893 2287 ταῦτα
2916 2231 3179 2305 πρότερον
3202 2228 3627 2301 ἀποφηναμένῳ.
3659 2222 3777 2295 Ιῑρώο

2236 2340 2306 2398 τῃ
2352 2319 2445 2378 οῦν
2491 2325 2675 2397 ἡμέρᾳ
2724 2324 2782 2378 αἱ
2818 2323 3113 2396 μαρτυρίαι
3150 2321 3412 2392 γίνονταιο
3462 2320 3560 2373 καὶ
3598 2317 3781 2398 δευτέρη

2251 2386 2459 2488 ’1ησοῦς
2650 2386 2662 2396 ’
2693 2386 2945 2487 Ἰωάννην
2969 2386 3207 2488 ἔρχεται.
3252 2412 3426 2486 Τρίτῃ
3462 2412 3542 2478 δὲ,
3576 2386 3783 2481 ἑστὼςνᾷ

2250 2509 2503 2581 Ἰωάννης
2534 2508 2676 2582 μετὰ
2702 2507 2796 2562 δύο
2829 2506 3108 2581 μαθητῶν,
3142 2505 3330 2560 ἐνιδὼν
3376 2502 3558 2576 Ἰησοῦ
3588 2518 3777 2573 περιπα-

2235 2603 2424 2659 τοῦντι
2442 2602 2587 2677 [καὶ]
2605 2602 2775 2658 είπὼν
2790 2603 2872 2658 τό·
2899 2621 2918 2655 ι
2945 2600 3049 2655 Ἴδε
3072 2603 3102 2655 6
3122 2600 3321 2672 ’Δμνδς
3341 2598 3438 2652 τοῦ
3471 2595 3625 2662 Θεοῦ,
3645 2615 3661 2647 ι
3683 2611 3780 2664 προ-

2237 2696 2433 2768 τρέπει
2462 2697 2590 2761 τοὺς
2607 2696 2885 2768 παρόντας
2904 2692 3272 2763 ἀκολουθῆσαι
3294 2690 3374 2763 τῷ
3398 2689 3519 2762 Υἱῷ
3540 2687 3630 2743 τοῦ
3657 2685 3777 2739 Θεοῦ.

2236 2788 2350 2842 Kai.
2394 2788 2631 2862 τετάρτῃ
2678 2787 2910 2861 θελήσας
2946 2778 3185 2852 ἐξελθεῖν
3228 2786 3309 2849 είς
3339 2783 3441 2855 τὴν
3476 2781 3736 2837 Γαλιλαίαν
3758 2776 3785 2849 1

2239 2878 2470 2945 ἐξελθὼν
2508 2878 2745 2952 ζητῆσαι
2792 2879 2852 2934 τὸ
2903 2877 3201 2942 ἀπολωλὸς,
3247 2876 3498 2949 εὑρίσκει
3544 2862 3785 2927 Mittam.

2240 2976 2333 3031 καὶ
2364 2975 2513 3045 λέγει
2546 2973 2714 3045 αὐτῷ’
2754 2993 2773 3026 ι
2833 2968 3139 3026 Ἀκολούθει
3185 2987 3294 3041 μοι.
3332 2986 3351 3020 ι
3389 2967 3474 3039 Τῇ
3509 2966 3567 3020 δὲ
3591 2964 3687 3020 ἀπὸ
3710 2961 3780 3029 τῆς

2240 3069 2527 3140 τετάρτης,
2566 3066 2689 3138 ἥτις
2745 3064 2893 3119 ἐστὶν
2949 3062 3061 3135 (17)
3098 3061 3231 3135 ἕκτη
3260 3060 3371 3115 τῶν
3408 3058 3647 3132 ἀρχῆθεν
3684 3055 3785 3126 ἡμῖν

2240 3160 2699 3232 κατειλεγμένων,
2733 3160 2762 3212 6
2795 3157 2972 3228 γάμος
3010 3155 3220 3226 γίνεται
3256 3156 3315 3209 ὲν
3346 3154 3510 3223 Κανᾷ
3541 3150 3638 3221 τῆς
3666 3147 3784 3201 Γαλι-

2241 3254 2417 3321 λαίας,
2448 3254 2578 3327 περ).
2604 3247 2666 3308 οῦ
2709 3250 2967 3323 εἰσόμεθα
3009 3249 3291 3321 γενόμενοι
3337 3244 3487 3300 κατὰ
3524 3244 3614 3299 τὸν
3641 3242 3787 3295 τόπον.

2237 3344 2664 3420 Παρατηρητέον
2700 3344 2759 3399 δὲ
2793 3343 2874 3397 ἔτι
2918 3342 3013 3397 καὶ
3055 3341 3234 3405 τοῦτο,
3283 3341 3367 3394 ὃτι
3411 3341 3447 3410 ἡ
3497 3337 3788 3407 διαφέροντα

2236 3439 2424 3511 Μαρία
2478 3438 2616 3511 πρὸς
2663 3436 2764 3508 τὴν
2811 3435 3209 3507 ὁποδεεστέραν
3254 3432 3541 3507 Ἑλισάϐετ
3587 3430 3787 3501 ἔρχεται.

2237 3532 2380 3587 καὶὸ
2410 3531 2541 3595 Υίδς
2568 3528 2661 3584 τοῦ
2689 3529 2824 3583 Θεοῦ
2859 3528 2997 3602 πρὸς
3027 3527 3120 3582 τὸν
3161 3523 3502 3598 Βαπτιστὴν,
3538 3524 3609 3577 δι’
3643 3515 3708 3575 ὧν
3731 3518 3788 3582 εις

2235 3624 2298 3679 τὸ
2325 3625 2518 3680 ἄοκνον
2552 3623 2689 3695 πρὸς
2721 3622 2780 3677 τὸ
2800 3621 3027 3693 ὠφελεῖν
3059 3620 3186 3686 τοὺς
3210 3620 3465 3694 ἡττονας,
3488 3617 3584 3673 καὶ
3612 3609 3788 3689 μετριό-

2235 3731 2375 3787 τητα
2393 3714 2603 3787 ὠφελοῦ
2612 3712 2775 3787 μεθα.

2310 3898 2400 3954 51.
2436 3899 2590 3953 Ἐπεὶ
2608 3899 2664 3954 δὲ
2694 3899 2845 3973 παρὰ
2864 3899 2944 3973 τῷ
2965 3898 3179 3974 μαθητῇ
3225 3900 3470 3974 Ἰωάννῃ,
3502 3897 3664 3955 πόθεν
3689 3894 3788 3969 api:

2238 3992 2329 4045 τὸν
2361 3990 2674 4064 Βαπτιστὴν
2732 3991 2986 4064 Ἰωάννην
3020 3990 3131 4063 (18)
3184 3991 3214 4046 6
3248 3990 3439 4063 Σωτὴρ
3475 3989 3709 4062 ἔρχεται,
3747 3983 3788 4038 οὗ

2238 4084 2477 4153 λέγεται,
2508 4083 2665 4139 τοῦτο
2701 4084 3047 4157 μανθάνομεν
3080 4083 3190 4140 ἀπὸ
3232 4084 3327 4138 τοῦ
3369 4082 3658 4139 Ματθαίου
3684 4080 3788 4151 γρί-

2236 4173 2459 4246 ψαντοςο
2501 4194 2520 4226 ι
2558 4173 2690 4230 Τότε
2734 4175 3097 4248 παραγίνεται
3133 4177 3162 4229 6
3211 4172 3418 4247 Ἰησοῦς
3454 4174 3571 4229 ἀπὸ
3592 4173 3689 4243 τῆς
3718 4170 3788 4221 1‘1-

2237 4268 2448 4333 λιλαίας
2471 4269 2562 4323 ἐπὶ
2584 4267 2675 4322 τὸν
2706 4268 2977 4343 Ἰορδάνην
3005 4268 3142 4341 πρὸς
3162 4268 3253 4323 τὸν
3295 4268 3575 4338 Ἰωάννην,
3604 4265 3691 4320 τοῦ
3724 4264 3788 4334 βλ·

2239 4361 2529 4433 πισθῆναι
2559 4361 2651 4415 ὑπ’
2690 4360 2877 4418 αὐτοῦ.
2927 4382 2946 4416 ι
2992 4361 3050 4415 '0
3078 4360 3135 4414 δὲ
3168 4360 3396 4433 Μάρκος
3429 4360 3531 4415 καὶ
3557 4360 3646 4414 τὸν
3664 4358 3788 4411 τόποι

2239 4456 2339 4527 τῆς
2374 4454 2664 4515 Γαλιλαίας
2689 4454 3030 4528 προσέθηκεν
3071 4453 3259 4510 εἰπών’
3299 4452 3476 4508 (Καὶ
3525 4451 3729 4524 ἐγένετο
3752 4448 3788 4500 ἐι

2240 4548 2477 4612 ἐκείναις
2518 4550 2638 4612 ταῖς
2684 4540 2940 4621 ἡμέραις,
2986 4543 3149 4621 ἦλθεν
3195 4545 3401 4619 Ἰησοῦς
3432 4545 3548 4599 ἀπὸ
3576 4542 3788 4614 Ναζαρὲτ

554 4633 728 4690 Porro
773 4634 954 4691 Lucas
991 4634 1170 4690 locum
1225 4637 1446 4705 quidem
1501 4638 1726 4693 reticuit
1779 4642 1925 4696 unde
1974 4638 2130 4701 Jesus

2242 4638 2343 4708 τῆς
2372 4637 2682 4703 Γαλιλαίας,
2724 4640 2819 4692 καὶ
2848 4638 3152 4710 ἐϐαπτίσθη
3183 4641 3265 4704 είς
3297 4638 3390 4691 τὸν
3419 4637 3692 4709 Ἰορδάνην
3716 4633 3787 4686 ὑπέ

555 4726 799 4795 advenit,
832 4726 1299 4797 praetermittendo
1335 4741 1455 4796 quae
1503 4729 1594 4786 alii
1642 4729 1999 4802 scripserant,
2040 4736 2136 4791 sed

2233 4734 2503 4788 Ἰωάννου.
2548 4754 2567 4786 ι
2609 4735 2826 4799 Λουκᾶς
2857 4734 2914 4789 δὲ
2946 4734 3037 4788 τδν
3065 4735 3164 4807 μὲν
3196 4734 3358 4788 τόπον
3410 4733 3787 4803 ἀπεσιώπητεν.

556 4822 703 4893 quod
752 4822 821 4877 ab
870 4819 975 4877 illis
1016 4835 1126 4876 non
1187 4820 1500 4886 didicimus,
1555 4821 1668 4890 ipse
1720 4840 1818 4880 nos
1870 4827 2028 4883 docet
2068 4827 2130 4894 '°,

2242 4827 2356 4883 ὅθεν
2388 4832 2416 4884 6
2439 4828 2649 4901 Ἰησοῦς
2700 4829 2940 4902 ἔρχεται,
2994 4829 3404 4902 παραχωρήσας
3432 4832 3552 4893 τοῖς
3581 4825 3787 4899 εἰρηκὸτ

555 4918 697 4986 quod
729 4930 925 4987 nempe
959 4924 1080 4984 post
1113 4913 1446 4983 baptismum
1489 4919 1810 4974 ascendenti
1847 4920 1950 4989 ipsi
1982 4935 2141 4991 aper-

556 5021 669 5065 tum
696 5019 781 5066 est
815 5009 1040 5073 calum,
1075 5017 1134 5064 et
1174 5008 1458 5062 descendit
1488 5008 1728 5078 Spiritus
1757 5020 1985 5065 sanctus
2014 5027 2141 5066 cor-

557 5114 721 5167 porea
767 5100 967 5167 specie,
999 5100 1142 5155 sicut
1186 5096 1458 5154 columba.
1492 5098 1703 5154 Rursus
1745 5100 1960 5156 dicente
2008 5100 2143 5157 Mat-

562 5194 704 5246 lineo
723 5191 792 5256 ",
824 5190 1105 5245 Dominum
1128 5190 1460 5261 prohibitqu
1489 5206 1519 5245 a
1537 5188 1749 5245 Joanne
1768 5191 1984 5249 dicente
2010 5193 2143 5250 Ser-

621 5280 1213 5359 “.loan.‘t,l_etseq.q
1277 5289 1321 5321 ⁸⁷
1353 5288 1481 5343 ibid.
1542 5286 1606 5343 l9
1653 5296 1708 5343 et
1756 5301 1877 5359 seq.

1954 5290 2158 5371 “ibid.
2184 5294 2344 5371 gﬁAet
2374 5316 2492 5371 seq.

2233 4922 2326 4976 τὸν
2359 4923 2537 4993 λόγον,
2572 4924 2710 4996 ὅπερ
2752 4923 2810 4977 δὲ
2860 4924 2954 4978 ἀπ’
3004 4922 3229 4977 ἐκείνων
3280 4923 3342 4976 οὑ
3397 4923 3782 4994 μεμαΰήκαμεν

2236 5016 2398 5082 αὐτος
2420 5018 2567 5089 ἡμᾶς
2593 5017 2855 5084 διδάσκει,
2883 5019 2959 5085 ὡς
2985 5018 3095 5093 ἄρα
3128 5017 3268 5091 μετὰ
3298 5017 3359 5072 τὸ
3396 5016 3682 5089 βάπτισμα
3718 5014 3788 5067 αὖ·

2237 5109 2315 5180 τῷ
2338 5110 2688 5184 ἀνερχομένῳ
2718 5112 2831 5183 (19)
2859 5110 3107 5184 ἀνεῴχθη
3144 5112 3173 5164 6
3206 5111 3455 5184 οὐρανὸς,
3490 5112 3590 5166 καὶ
3622 5108 3788 5164 κατέὁι

2239 5200 2300 5255 τὸ
2332 5203 2488 5273 ἆγιον
2516 5206 2745 5279 Πνεῦμα
2761 5206 3060 5279 σωματικῷ
3084 5205 3237 5271 εἴδει,
3264 5205 3341 5271 ὡς
3368 5205 3691 5278 περιστερά.
3719 5201 3788 5256 [ιι

2566 5300 2612 5334 ⁶⁹
2647 5303 2774 5356 ibid.
2808 5302 2897 5358 26.
2974 5304 3022 5335 το
3054 5302 3213 5359 Joan.
3247 5318 3286 5365 I,
3312 5300 3403 5355 99.
3479 5300 3527 5334 "
3564 5301 3692 5356 ibid.
3728 5296 3785 5353 ὅθ’)

559 5356 649 5442 ζιθ.
723 5357 773 5390 ’⁸
954 5356 1049 5442 4Z3:
1079 5357 1325 5442 __"_Luc.
1359 5376 1475 5442 xix,
1665 5360 1712 5392 ⁷⁸
1745 5356 1909 5418 Joau.
1935 5363 2090 5429 1,43.

2254 5368 2411 5426 Juau.
2442 5356 2499 5441 ιί,
2528 5373 2580 5429 1.
2654 5375 2703 5411 ⁷⁸
2739 5356 2932 5431 Matth.
2967 5356 3173 5440 ιιιίίῦ.
3249 5356 3292 5405 τί
3327 5370 3499 5428 Marc.
3537 5388 3580 5442 I,
3632 5371 3685 5428 9.
3763 5368 3788 5397 "

561 5429 693 5484 Luc.
725 5444 809 5493 ιιι,
838 5426 927 5483 2|.
1003 5428 1049 5459 "
1076 5428 1229 5484 Matt.
1263 5447 1345 5496 ιιι,
1378 5430 1467 5496 14,
1503 5429 1588 5485 15.

634 5523 746 5596 (15)
787 5522 1014 5596 Μήτρᾳ.
1044 5524 1137 5580 Sic
1158 5528 1324 5581 codex
1361 5526 1719 5594 Dodleiauus;
1753 5526 1919 5584 editio
1945 5527 2127 5587 liuetii

561 5595 907 5668 culincOdice
943 5596 1130 5668 litigio,
1171 5597 1357 5668 μητρί.

634 5666 748 5738 (16)
788 5667 873 5721 Οὐ
900 5666 1094 5736 μόνον
1122 5666 1586 5738 γινωσκόμενος.
1618 5668 1791 5725 Aliter
1840 5669 1972 5738 legit
2004 5669 2141 5726 Fer-

568 5740 773 5803 rarius;
812 5738 978 5806 vertit
1002 5738 1169 5804 enim,
1211 5755 1228 5787 ι
1265 5754 1368 5791 ιιιιιι
1405 5749 1616 5793 tantum
1647 5740 1882 5806 ignotus.
1906 5758 1925 5791 ι

635 5808 746 5879 (17)
770 5805 874 5879 ΔΤῇ
904 5806 972 5863 δὲ
1002 5806 1118 5864 ἀπὸ
1154 5806 1258 5876 τῆς
1301 5808 1600 5878 τετάρτης,
1634 5805 1764 5877 ἣτις
1798 5810 1990 5877 ἐστίν,
2030 5821 2137 5867 etc.

565 5877 890 5937 Ferrarius:
931 5898 950 5932 ι
976 5879 1071 5936 Die
1118 5895 1249 5935 vero
1281 5881 1437 5935 tertia
1474 5892 1591 5950 post
1621 5893 1904 5952 quartam;
1933 5902 1950 5934 ι
1996 5881 2139 5953 lege-

2249 5535 2370 5615 bat,
2583 5539 2693 5615 άπὸ
2724 5539 2825 5611 τῆς
2849 5544 3120 5615 τετάρτης
3141 5542 3325 5615 τρίτῃ.
3349 5540 3671 5615 ἧτιςᾷὲστίν.

2321 5606 2791 5679 (18)”Ἰωὰννηνξ
2851 5606 3011 5667 Deest
3064 5606 3117 5668 in
3162 5606 3403 5670 editione
3460 5612 3682 5678 ﬂuetii,
3726 5624 3788 5666 see

2250 5680 2559 5734 restituitur
2583 5697 2616 5736 e
2646 5684 2832 5736 codice
2868 5683 3185 5740 Bodleiano.

2320 5748 2433 5824 (19)
2453 5750 2902 5824 -ξΛνερχομένρι,
2941 5755 3031 5809 Sic.
3056 5758 3229 5814 codex
3265 5754 3620 5824 Bodleianus,
3653 5760 3784 5811 recte

2247 5821 2414 5878 editio
2450 5820 3138 5899 11ιιυιιὶ,”προσερχομένῳ.
