3866 6546
2027 380 2356 438 ORIGENIS

3717 388 3797 447 292

579 498 839 570 primum,
868 507 927 555 et
963 496 1122 568 juxta
1168 499 1404 557 libamen
1458 496 1653 570 ipsius.
1688 498 1883 558 Facies
1936 501 2144 557 odoren

2261 503 2354 556 τὸν
2390 501 2561 574 ἀμνὸν
2591 502 2683 557 τὸν
2729 501 2983 575 δεύτερον
3017 502 3265 575 ποιήσεις
3294 502 3357 557 τὸ
3401 502 3660 570 δειλινὸν,
3687 506 3799 562 κατὰ

581 590 916 662 ﬂagrantia,
949 592 1281 648 oblationem
1309 590 1561 660 Domino,
1580 592 1911 648 sacriﬁcium
1939 593 2157 649 endele-

582 684 781 741 cbismi
810 684 866 739 in
887 686 1268 755 generationes
1302 692 1512 740 vestras
1557 686 1625 740 ad
1654 687 1794 741 ostia
1823 684 2158 742 tabernaculi

583 779 878 834 testimonii
928 793 1113 834 coram
1144 778 1395 842 Domino,
1438 777 1492 833 in
1526 777 1726 849 quibus
1767 791 2036 849 agnoscar
2063 777 2161 833 tibi

581 871 693 927 illic
734 872 790 926 in
837 881 1070 936 tantum,
1098 879 1159 925 ut
1185 870 1383 940 loquar
1414 870 1481 924 ad
1530 878 1620 924 te:
1662 869 1848 941 ibique
1893 869 2161 925 ordinabo

580 963 921 1030 (iliislsrael,
952 972 1009 1019 et
1037 961 1428 1019 sanctiﬁcabor
1454 962 1507 1017 in
1540 960 1713 1033 gloria
1745 975 1866 1017 mea
1893 978 1910 1028 ;
1944 970 2001 1017 et
2030 975 2160 1015 san-

577 1055 908 1112 ctiﬁcatione
931 1054 1289 1111 sanctiﬁcabo
1316 1054 1610 1109 tentorium
1644 1054 1960 1111 testimonii.
2004 1073 2023 1107 ι
2058 1053 2162 1109 Ve-

577 1148 978 1204 rumeoimvero
1030 1161 1278 1216 quaenam
1324 1144 1436 1201 alia
1486 1145 1841 1216 intelligibilis
1891 1145 2048 1217 152
2073 1146 2159 1200 vi-

575 1240 741 1295 rtima
772 1236 1151 1309 ἔνδελεχισμοῦ
1186 1235 1317 1308 [hoc
1354 1246 1439 1293 est
1482 1236 1627 1309 jugis
1669 1237 1983 1310 oblationis]
2036 1252 2161 1292 esse

573 1321 752 1400 potest
775 1327 977 1400 λογικῷ
999 1328 1127 1402 [hoc
1152 1338 1257 1395 est,
1289 1328 1338 1383 ei
1366 1328 1460 1398 qui
1488 1329 1727 1385 sermoni
1756 1344 1982 1399 compos
2000 1339 2083 1384 est
2105 1335 2161 1383 et

572 1422 992 1495 sermocinatur]
1024 1438 1186 1493 quam
1231 1436 1412 1478 sermo
1447 1418 1724 1486 ﬂoridior,
1755 1421 2051 1492 symbolice
2077 1422 2160 1477 di-

570 1523 690 1570 ctus
715 1530 907 1587 agnus,
932 1517 1052 1586 qui,
1082 1515 1244 1572 simul
1269 1524 1431 1585 atque
1453 1513 1754 1570 illustratur
1777 1515 1978 1578 anima,
1996 1513 2160 1571 ol'ler-

573 1617 662 1662 tur
695 1608 833 1677 (hac
886 1611 1033 1664 enim
1085 1624 1205 1666 esse
1240 1618 1421 1681 potest
1464 1609 1733 1664 matutina
1765 1607 2155 1665 endelecbismi

568 1700 838 1772 victima),
871 1710 926 1757 et
950 1700 1177 1757 offertur
1206 1704 1373 1758 etiam
1405 1717 1530 1758 cum
1555 1714 1712 1757 mens
1744 1709 1926 1757 cessat
1946 1700 2156 1756 versari

570 1791 626 1846 in
681 1794 849 1848 rebus
909 1793 1271 1850 divinioribus
1312 1794 1481 1849 ?Non
1525 1795 1674 1850 enim
1723 1802 1904 1864 potest
1940 1806 2154 1862 semper

2263 595 2360 666 τὴν
2391 595 2580 650 θυσίαν
2603 596 2702 668 τὴν
2731 598 2957 669 πρώτην
3120 637 3137 662 ,
3162 598 3257 651 καὶ
3289 595 3436 651 κατὰ
3475 593 3575 666 τὴν
3606 599 3797 671 στωνδὴν

2261 688 2448 742 αὑτοῦ.
2498 690 2750 761 Ποιήσεις
2792 691 2968 762 ὀσμὴν
3008 690 3258 754 εὐωδίας,
3310 688 3593 761 κάρπωμα
3621 689 3793 762 Κυρίῳ,

2262 780 2454 834 Θυσίαν
2488 781 2867 854 ἐνδελεχισμοῦ
2903 784 2984 847 είς
3017 782 3117 846 τάς
3147 781 3341 850 γενεάς
3374 780 3562 852 ὑμῶν,
3614 780 3697 833 ἐπὶ
3723 780 3795 836 θύα

2264 888 2387 941 ραις
2433 872 2535 942 τῆς
2560 873 2764 942 σκηνῆς
2806 873 2898 927 τοῦ
2942 873 3243 945 μαρτυρίου
3295 872 3477 926 ἔναντι
3507 870 3729 943 Κυρίου,
3755 876 3799 927 ἐν

2257 961 2342 1027 οἷς
2386 965 2772 1037 γνωσθήσομαί
2822 964 3080 1027 σοι’ὲκεῖ,
3122 965 3262 1018 ὥστε
3295 962 3533 1035 λαλῆσαί
3578 979 3682 1017 σοι·
3726 966 3798 1019 καὶ

2260 1056 2491 1127 τάξομαι
2521 1058 2639 1110 ἐκεῖ
2664 1061 2778 1122 τοῖς
2823 1059 2957 1122 υἱοῖς
2996 1057 3252 1130 Ἰσραὴλ,
3288 1057 3383 1111 καὶ
3428 1054 3798 1128 ἀγιασθήσομαι

2263 1148 2376 1218 (26)
2407 1150 2467 1202 ὲν
2502 1147 2629 1223 δόξῃ
2663 1167 2795 1221 μου·
2827 1150 2921 1204 καὶ
2962 1150 3221 1221 ἁγιασμῷ
3268 1150 3485 1219 ἀγιάσω
3507 1149 3604 1222 τὴν
3630 1154 3799 1223 σκηνὴν

2264 1240 2361 1295 τοῦ
2395 1243 2717 1313 μαρτυρίου.
2760 1262 2780 1294 ι
2814 1244 2947 1296 Ποία
2970 1243 3028 1297 δὲ
3060 1244 3220 1317 ἑτέρα
3245 1243 3405 1296 θυσία
3436 1243 3658 1298 δύναται
3687 1244 3801 1297 ἐνδε-

2267 1329 2525 1403 λεχισμοῦ
2555 1329 2692 1387 εἶναι
2734 1334 2814 1404 τῷ
2852 1332 3054 1404 λογικῷ
3097 1334 3260 1406 νοητὴ
3292 1335 3326 1405 ἤ
3360 1335 3521 1403 λόγος
3551 1332 3796 1405 ἀκμάζων,

2262 1421 2419 1491 λόγος
2449 1424 2619 1495 ἀμνὸς
2663 1425 3004 1496 συμϐολικῶς
3050 1427 3162 1498 (27)
3208 1426 3569 1498 καλούμενος,
3603 1428 3709 1498 ἅμα
3740 1426 3813 1498 τῷ

2260 1515 2589 1582 φωτίζεσθαι
2644 1518 2744 1589 τὴν
2793 1517 2973 1591 ψυχὴν
3018 1519 3478 1590 ἀναπεμπόμενος
3517 1519 3672 1591 (αῦτη
3713 1518 3799 1592 γὰρ

2257 1605 2325 1660 ἀν
2369 1607 2455 1678 είη
2510 1606 2707 1680 ἑωθινὴ
2737 1607 2832 1662 τοῦ
2866 1609 3242 1682 ἐνδελεχισμοῦ
3272 1610 3490 1676 θυσία),
3542 1611 3635 1664 καὶ⁵
3665 1611 3800 1664 πάλιν

2258 1697 2352 1751 ἐπὶ
2378 1697 2520 1752 τέλει
2550 1698 2662 1770 (28)
2702 1700 2802 1771 τῆς
2833 1699 2928 1753 τοῦ
2960 1700 3053 1754 νοῦ
3089 1702 3148 1756 ἐν
3179 1703 3291 1765 τοῖς
3316 1700 3611 1774 θειοτέροις
3630 1700 3799 1773 διατρι-

2257 1789 2362 1861 ϐῆς
2392 1791 2829 1864 ἀναφερόμενος;
2859 1793 2934 1847 Οὐ
2967 1793 3078 1864 γὰρ
3122 1792 3211 1847 ἀεὶ
3243 1793 3466 1847 δύναται
3506 1794 3734 1864 διαρκεῖν
3755 1794 3801 1846 τὸ

569 1882 819 1940 sumcere
863 1894 926 1940 ut
954 1887 1026 1940 sit
1066 1885 1122 1941 in
1160 1884 1633 1955 prestantioribns
1664 1885 1871 1951 anima,
1913 1884 2144 1955 quandiu

2254 1876 2396 1936 εἶναι
2425 1883 2537 1953 (29)
2595 1885 2654 1937 ὲν
2683 1887 2797 1948 τοῖς
2840 1884 3148 1956 κρείττοσιν
3168 1923 3185 1949 ,
3238 1884 3362 1939 ὅσον
3412 1884 3741 1959 κεκλήρωται
3776 1887 3799 1957 ἡ

566 1974 643 2031 illi
666 1975 1324 2048 contigeritconjunctam
1346 1992 1467 2034 esse
1494 1977 1623 2033 huic
1650 1985 1868 2034 terreno
1889 1986 1944 2034 et
1964 1992 2155 2050 aggra-

566 2066 718 2122 vanti
743 2068 983 2137 corpori.

635 2158 727 2215 54.
764 2158 922 2227 Quod
945 2159 991 2215 si
1017 2168 1229 2230 quaerat
1256 2158 1380 2232 quis
1401 2159 1531 2231 quid
1560 2158 1803 2216 facturus
1830 2158 1904 2215 sit
1928 2170 2153 2218 sanctus

562 2265 634 2308 eo
688 2259 935 2321 tempore
984 2252 1129 2321 quod
1182 2261 1267 2307 est
1321 2252 1464 2308 inter
1524 2265 1708 2316 mane,
1746 2260 1804 2307 et
1840 2265 2149 2322 vesperam,

566 2346 864 2401 transferat
886 2360 1198 2403 sermonem
1238 2346 1308 2403 ab
1330 2348 1483 2404 hisce
1511 2347 1676 2404 rebus
1705 2361 1827 2417 qua:
1851 2347 1919 2402 ad
1944 2346 2148 2402 cultum

567 2436 863 2494 llosaicum
913 2440 1209 2510 pertinent,
1248 2449 1308 2496 et
1338 2441 1533 2497 deinde
1584 2440 1907 2512 evangelica
1941 2440 2147 2511 potiora

564 2540 854 2601 sequatur.
888 2530 965 2589 Ut
994 2534 1139 2587 enim
1172 2531 1309 2603 legis
1331 2535 1539 2590 veteris
1592 2534 1911 2591 sacerdotes
1950 2534 2151 2604 princi-

563 2625 711 2696 pium
745 2626 1091 2681 victimarum
1124 2626 1363 2682 oﬂ'erunt
1407 2627 1800 2685 endelecbismi
1839 2630 2147 2693 victimam,

563 2730 630 2771 ac
654 2716 855 2774 deinde
873 2726 1001 2772 ante
1025 2719 1395 2786 vespertinam
1417 2720 1692 2776 victimam
1733 2722 2146 2790 endelecbismi,

563 2818 791 2866 caeteras
836 2825 907 2866 ex
950 2810 1067 2882 lege
1090 2810 1266 2881 (verbi
1302 2812 1499 2884 gratia,
1538 2829 1641 2885 pro
1668 2814 1903 2883 delicto,
1934 2816 2022 2873 vel
2050 2833 2149 2889 pro

564 2903 652 2959 bis
692 2918 811 2973 quae
849 2916 1041 2975 sponte
1063 2921 1169 2961 non
1213 2905 1658 2971 committuntur,
1693 2907 1782 2962 vel
1821 2923 1921 2979 pro
1950 2909 2148 2977 salute,

559 2994 644 3052 vel
673 3011 772 3067 pro
791 2998 1126 3068 precatione,
1144 2997 1227 3054 vel
1244 3013 1343 3069 pro
1360 2997 1646 3070 zelotypia,
1663 2999 1747 3055 vel
1768 3016 1868 3071 pro
1885 3001 2145 3069 Sabbato,

560 3088 646 3143 vel
673 3103 773 3158 pro
810 3089 1113 3155 novilnnio,
1136 3099 1193 3145 et
1235 3090 1479 3160 reliquis,
1511 3106 1633 3159 quae
1660 3090 1880 3163 longum
1912 3103 2064 3149 esset
2091 3094 2145 3149 in

562 3181 858 3250 prasentia
888 3178 1221 3252 recensere),
1261 3180 1341 3237 sic
1384 3182 1548 3237 etiam
1590 3199 1693 3239 nos
1735 3199 1765 3238 a
1801 3199 2052 3241 sermone
2079 3186 2147 3242 de

2251 1975 2399 2049 ψυχή
2424 1976 2775 2049 συνεζεῦχθαι
2805 1976 2885 2049 τῷ
2907 1979 3084 2050 γηΐνῳ
3110 1978 3206 2033 καὶ
3238 1977 3496 2051 βαροῦντι
3525 1977 3744 2051 σώματι.

2324 2149 2414 2205 54.
2459 2151 2585 2207 Ἐἀν
2633 2150 2692 2205 δέ
2732 2169 2819 2215 τις
2868 2151 3005 2224 ζητῇ
3036 2152 3089 2207 τί
3118 2154 3179 2208 ἐν
3223 2156 3338 2219 τοῖς
3375 2155 3583 2221 μεταξὺ
3628 2155 3718 2227 τῆς
3744 2155 3803 2209 ἔω

2252 2243 2347 2297 atat
2378 2243 2616 2316 ἑσπέρας
2642 2245 2860 2317 ποιήσει
2890 2247 2920 2299 ό
2949 2247 3137 2316 ἆγιος,
3175 2247 3532 2319 μεταφερέτω
3570 2247 3678 2302 ἀπὸ
3718 2248 3806 2300 τῶν

2251 2336 2394 2391 κατά
2421 2336 2518 2409 τὴν
2545 2337 2803 2412 λατρείαν
2834 2340 2926 2394 τὸν
2957 2340 3135 2411 λόγον,
3173 2342 3364 2395 ἔπειτα
3405 2341 3503 2395 καὶ
3536 2341 3596 2394 ὲν
3624 2341 3804 2403 τούτοις

2250 2427 2536 2489 ἀκολουθεῖ
2564 2431 2700 2503 (50).
2756 2432 2869 2485 Καὶ
2910 2432 3018 2504 γὰρ
3067 2435 3185 2487 ἐκεῖ
3228 2434 3278 2487 οἱ
3332 2434 3499 2504 ἱερεῖς
3527 2434 3698 2507 ἀρχὴν
3726 2434 3807 2503 μὲν

2249 2519 2360 2573 τῶν
2386 2519 2586 2573 θυσιῶν
2614 2523 2983 2595 προσφέρουσι
3010 2523 3109 2597 τὴν
3136 2524 3230 2579 τοῦ
3265 2524 3673 2596 ὲνδελεχισμοῦ,
3702 2523 3806 2592 ἑξῆς

2248 2612 2307 2667 δὲ
2350 2613 2457 2685 πρὸ
2504 2614 2603 2687 τῆς
2648 2616 2944 2688 ἑσπερινῆς
2990 2617 3085 2672 τοῦ
3118 2618 3504 2691 ὲνδελεχισμοῦ
3552 2618 3653 2682 τάς
3690 2616 3810 2670 κατὰ

2250 2703 2344 2758 τὸν
2391 2705 2555 2776 νόμον
2587 2705 2779 2771 λοιπάς
2798 2724 2814 2738 ·
2843 2702 2954 2762 οἷον
2985 2709 3113 2780 περὶ
3145 2708 3563 2781 πλημμελείας,
3609 2709 3644 2780 ἢ
3668 2708 3807 2761 ἀκου-

2252 2796 2403 2864 σίων,
2433 2798 2467 2870 ή
2505 2800 2772 2873 σωτηρίου
2798 2801 2986 2872 εὐχῆς,
3020 2802 3055 2869 ἢ
3090 2800 3441 2873 ζηλοτυπίας,
3471 2801 3506 2874 ἢ
3535 2800 3807 2863 σαϐϐάτου,

2249 2889 2285 2960 ἢ
2309 2890 2639 2962 νουμηνίας,
2668 2892 2763 2945 καὶ¹
2805 2893 2914 2947 τῶν
2943 2893 3144 2947 λοιπῶν
3162 2932 3179 2958 ,
3210 2891 3247 2946 ἃ
3281 2892 3495 2965 μακρὸν
3519 2892 3588 2947 ἀν
3621 2892 3702 2962 είη
3731 2890 3809 2943 ἐπὶ

2245 2980 2343 3034 τοῦ
2392 2982 2661 3053 παρόντος
2706 2984 2884 3053 λέγειν
2904 3001 2919 3015 ·
2968 2983 3110 3037 οὕτω
3157 2984 3337 3038 τοίνυν
3381 2983 3480 3038 καὶ
3526 2984 3689 3054 ήμείς
3720 2980 3810 3035 ἀπὸ

2246 3073 2345 3128 τοῦ
2384 3074 2516 3147 περὶ
2554 3076 2655 3147 τῆς
2693 3077 2901 3141 εἰκόνος
2932 3072 3091 3146 λόγου
3118 3077 3480 3147 πεποιημένοι
3518 3075 3622 3148 τὴν
3658 3074 3808 3147 ἀρχὴν

2246 3166 2346 3237 τῆς
2372 3167 2670 3239 ἀναφορᾶς,
2698 3169 2758 3233 ὃς
2780 3169 2927 3222 ἐστιν
2947 3170 2976 3222 ὁ
2996 3170 3248 3243 Χριστὸς,
3282 3169 3674 3239 διαλαμϐάνειν
3702 3170 3813 3240 περὶ

559 3236 821 3343 imagine,
852 3271 946 3342 qui
976 3281 1063 3327 est
1103 3236 1377 3339 Chlristus,
1416 3272 1748 3330 oblationem
1793 3276 1977 3333 facere
2010 3278 2144 3335 inci-

2254 3236 2604 3327 miMwﬁt
2633 3236 3071 3334 ὠφελιμωτάτων
3103 3236 3467 3334 δυνησόμεθα,
3516 3264 3631 3317 Καὶ
3666 3236 3808 3316 πάλιν

560 3363 796 3435 pientes,
820 3364 889 3420 de
916 3364 1101 3421 multis
1150 3366 1339 3437 hisque
1385 3366 1693 3423 utilissimis
1732 3368 2007 3426 disserere
2045 3386 2148 3441 po-

561 3457 814 3513 terimus.
837 3456 1158 3528 Rursusque
1200 3459 1256 3515 in
1288 3459 1375 3516 his
1414 3474 1535 3528 quas
1563 3460 1766 3516 Christi
1798 3470 1926 3517 sunt
1953 3462 2147 3519 ﬁnien-

563 3556 646 3604 tes
674 3550 744 3604 ad
765 3563 1047 3620 vesperam
1077 3550 1245 3607 veluti
1274 3559 1603 3621 noctemque
1629 3553 2032 3624 perveniemus,
2052 3570 2147 3613 ve-

562 3641 778 3697 nientes
795 3641 866 3697 ad
892 3656 1123 3714 corpora
1151 3644 1345 3715 etiam.

631 3733 723 3791 35.
764 3735 859 3791 Sin
891 3746 1023 3792 vero
1053 3750 1363 3796 sermonem
1406 3738 1750 3810 exquirimus
1779 3742 1846 3798 de
1885 3738 2012 3798 Iesu
2048 3741 2143 3797 de.

561 3838 864 3886 monstrato
890 3844 921 3885 a
970 3828 1203 3901 Joanne,
1231 3832 1389 3903 juxta
1431 3834 1518 3889 id’
1548 3852 1564 3889 :
1590 3851 1612 3886 ι
1665 3834 1805 3889 Ecce
1833 3836 2019 3907 Agnus
2048 3834 2140 3890 ille

560 3921 679 3988 Dei,
701 3923 793 3992 qui
829 3922 966 3980 tollit
993 3934 1275 3996 peccatum
1308 3925 1518 3992 mundi,
1542 3945 1563 3979 ι
1596 3926 1905 3982 insistentes
1933 3926 1989 3982 in
2024 3927 2140 3996 ipsa

557 4016 960 4088 dispensatione
990 4019 1237 4090 corporei
1278 4020 1544 4076 adventus
1579 4019 1701 4075 Filii
1734 4020 1828 4075 Dei
1867 4020 1937 4075 ad
1972 4019 2137 4075 vitam

558 4108 867 4179 hominum,
898 4126 1099 4182 agnum
1139 4127 1246 4169 non
1292 4112 1461 4168 alium
1505 4111 1939 4169 existimabimus
1973 4126 2135 4182 quam

478 4196 490 4207 ’
558 4200 835 4257 hominem
868 4218 884 4269 ;
913 4202 1003 4259 hic
1027 4203 1175 4258 enim
1211 4220 1231 4254 ι
1261 4202 1428 4258 veluti
1454 4204 1574 4259 ovis
1610 4204 1677 4258 ad
1710 4205 1913 4259 caedem
1942 4205 2138 4258 ductus

557 4304 663 4361 est,
693 4302 750 4349 et
774 4303 1030 4366 tanquam
1059 4311 1232 4367 agnus
1258 4311 1442 4353 coram
1474 4296 1736 4353 tondente
1766 4311 1824 4352 se
1848 4306 2029 4350 mutus
2044 4294 2089 4363 ’ς
2111 4312 2132 4346 ι

558 4383 788 4441 dicens:
828 4402 849 4437 ι
882 4384 998 4456 Ego
1043 4395 1299 4457 tanquam
1346 4403 1517 4459 agnus
1557 4387 1824 4443 innocens
1856 4386 2049 4452 ducor,
2074 4393 2136 4440 ut

559 4475 897 4533 immoler'.»
925 4475 1097 4546 Quam
1125 4480 1196 4536 ob
1220 4487 1537 4549 causam,et
1560 4479 1618 4536 in
1641 4478 2027 4550 Apocalypsi"
2056 4477 2133 4532 vi-

559 4567 718 4623 detur
756 4583 927 4641 agnus
948 4577 1100 4625 stans
1128 4585 1227 4626 ceu
1258 4571 1593 4627 immolatus.
1622 4569 1725 4627 llic
1755 4571 1919 4642 igitur
1957 4583 2128 4640 agnus
2162 4591 2206 4647 υ

556 4660 773 4717 occisus
808 4661 1112 4731 puriﬁcatio
1140 4661 1317 4718 factus
1342 4674 1446 4731 est,
1466 4662 1621 4735 juxta
1665 4661 1929 4733 quasdam
1972 4659 2133 4715 ratio-

557 4767 657 4809 nes
683 4752 950 4819 occultas,
981 4755 1146 4810 totius
1167 4754 1375 4820 mundi,
1401 4770 1498 4825 pro
1526 4771 1635 4826 quo
1660 4755 1731 4811 ob
1757 4768 1999 4810 amorem
2024 4766 2133 4822 quo

554 4841 720 4902 Pater
744 4846 1043 4903 humanum
1088 4863 1265 4920 genus
1311 4849 1682 4921 prosequitur,
1716 4844 1933 4902 cmdem'
1962 4843 2130 4900 etiam

553 4942 813 5013 suscepit,
834 4958 934 5000 suo
966 4944 1136 5016 ipsius
1162 4945 1429 5016 sanguine
1464 4957 1564 4998 nos
1610 4938 1848 5011 peccatis
1874 4936 2130 4993 venditas

555 5033 828 5091 redimens
850 5035 919 5092 ab
944 5051 1011 5093 eo
1031 5037 1122 5107 qui
1157 5050 1257 5093 nos
1289 5037 1600 5095 sednxerat.
1622 5032 1790 5087 Porro
1810 5031 1901 5102 qui
1929 5043 2127 5101 agnum

555 5124 698 5182 hunc
722 5127 792 5183 ad
810 5130 1138 5191 sacriﬁcium
1170 5130 1455 5196 oll'erebat,
1483 5128 1626 5184 Deus
1656 5125 1710 5181 in
1739 5124 1960 5180 homine
1987 5128 2127 5188 erat,

2248 3355 2308 3408 ὲν
2352 3358 2464 3418 τοῖς
2508 3355 2635 3427 περὶ
2662 3353 2899 3426 Χριστοῦ
2954 3355 3358 3441 καταλήξαντες
3401 3357 3499 3409 ἐπὶ
3528 3355 3632 3428 τὴν
3666 3353 3813 3408 οἱονεὶ

2247 3446 2489 3516 ἑσπέραν
2522 3446 2798 3517 φθάσομεν
2825 3444 2921 3501 καὶ
2946 3445 3151 3514 νύκτα,
3184 3446 3476 3519 ἐρχόμενοι
3509 3447 3727 3513 καὶέπὶ
3752 3443 3813 3497 τὰ.

2246 3538 2556 3609 σωματικά.

2310 3722 2434 3793 35.’ζ
2458 3723 2584 3777 Ἐἀν
2609 3722 2668 3778 δὲ
2716 3723 2807 3778 τὸν
2837 3723 2994 3794 λόγον
3030 3724 3374 3796 ἐξετάζωμεν
3419 3724 3516 3779 τὸν
3548 3723 3682 3798 περὶ
3723 3724 3808 3779 τοῦ

2239 3814 2585 3887 δεικνυμένου
2614 3802 2821 3888 Ἰησοῦ
2870 3817 2975 3872 ὑπὸ
3030 3817 3125 3872 τοῦ
3189 3818 3469 3885 Ἰωάννου,
3532 3818 3680 3874 κατά
3724 3819 3813 3873 τό’

2245 3926 2266 3958 ι
2297 3900 2467 3971 Οὗτός
2490 3908 2638 3962 ἐστιν
2661 3909 2691 3962 ὁ
2726 3908 2924 3980 Ἀμνδς
2948 3909 3043 3963 τοῦ
3072 3909 3230 3973 Θεοῦ,
3256 3911 3285 3963 ὁ
3312 3910 3486 3983 αἴρων
3510 3911 3611 3984 τὴν
3643 3913 3813 3982 ἁμαρ-

2238 3997 2362 4052 τίαν
2385 3997 2481 4051 τοῦ
2511 3998 2746 4070 κόσμου,
2790 4018 2810 4051 ι
2844 4000 3119 4071 ἱστάμενοι
3145 4002 3231 4054 ἐπ’
3265 4001 3435 4073 αὐτὴν
3482 4001 3586 4074 τὴν
3626 4002 3814 4055 οίκονο-

2241 4088 2371 4159 μίαν
2402 4088 2503 4158 τῆς
2535 4091 2852 4162 σωματικῆς
2880 4091 2977 4144 τοῦ
3012 4090 3143 4145 Υίοῦ
3174 4090 3270 4145 τοῦ
3298 4090 3437 4145 Θεοῦ
3478 4094 3562 4157 είς
3598 4092 3692 4145 τὸν
3718 4090 3813 4144 τῶν

2235 4179 2541 4253 ἀνθρώπων
2572 4181 2685 4253 βίον
2714 4183 3010 4256 ἐπιδημίας
3028 4200 3042 4215 ⁸
3074 4185 3165 4238 τὸν
3191 4185 3361 4256 ἀμνὸν
3400 4184 3505 4238 οὐκ
3536 4185 3700 4239 ἄλλον
3729 4182 3814 4236 τοῦ

2235 4274 2524 4347 ἀνθρώπου
2545 4274 2957 4347 ὑποληψόμεθα·
2980 4269 3134 4358 οὗτος
3154 4276 3261 4349 γὰρ
3285 4296 3305 4330 ι
3328 4276 3406 4341 ὡς
3425 4276 3704 4350 πρόϐατον
3730 4274 3814 4329 ἐπὶ

2236 4367 2450 4439 σφαγὴν
2482 4367 2623 4441 ήχθη
2644 4408 2660 4433 ,
2708 4370 2804 4424 καὶ
2825 4370 2902 4433 ὡς
2930 4370 3105 4442 ἀμνὸς
3137 4371 3369 4427 ἐνώπιον
3400 4372 3500 4427 τοῦ
3537 4372 3814 4442 κείραντος

2235 4459 2399 4513 αὐτὸν
2435 4459 2650 4530 ἄφωνος
2669 4478 2684 4493 ·
2712 4480 2731 4513 ι
2774 4459 2967 4530 λέγων⁹
3003 4478 3023 4513 ι
3058 4461 3201 4533 Ἐγὼ
3250 4463 3328 4527 ὡς
3375 4464 3567 4536 ἀρνίον
3616 4462 3814 4517 ἄκακον

2235 4554 2503 4625 ἀγόμενον
2548 4554 2643 4609 τοῦ
2689 4554 2971 4610 θύεσθαι.»
3006 4559 3206 4629 Διόπερ
3222 4557 3317 4611 καὶ
3354 4556 3415 4610 ὲν
3460 4559 3528 4628 τῇ
3587 4556 3814 4610 ’Δποκαα

2233 4647 2392 4719 λύψει
2420 4648 2605 4720 ἀρνίον
2632 4649 2825 4722 ὁρᾶται
2870 4648 3102 4720 ἑστηκὸς
3136 4647 3221 4713 ὡς
3250 4647 3623 4720 ἐσφαγμένον.
3653 4640 3814 4708 Οὗτος

2231 4740 2296 4813 δὴ
2319 4742 2349 4795 ὁ
2378 4739 2551 4813 ἀμνὸς
2579 4742 2807 4811 σφαγεὶς
2831 4740 3126 4814 καθάρσιον
3156 4740 3487 4813 γεγένηται,
3501 4741 3651 4795 κατά
3675 4754 3814 4802 τινας

2231 4837 2578 4910 ἀπορρήτους
2600 4835 2819 4905 λόγους,
2848 4832 2942 4889 τοῦ
2974 4834 3098 4889 ὅλου
3131 4834 3336 4905 κόσμου
3356 4873 3374 4900 ,
3412 4834 3553 4908 ὑπὲρ
3586 4829 3651 4891 οὗ
3671 4832 3814 4887 κατὰ

2231 4929 2334 5002 τὴν
2357 4928 2451 4984 τοῦ
2486 4928 2705 5003 Πατρὸς
2732 4927 3141 5000 φιλανθρωπίαν
3177 4926 3273 4981 καὶ
3298 4926 3402 5000 τὴν
3444 4927 3663 5000 σφαγὴν
3703 4928 3814 4981 ἀνεα

2232 5022 2422 5088 δέξατο
2440 5062 2456 5087 ,
2495 5019 2801 5091 ὠνούμενος
2843 5017 2923 5090 τῷ
2970 5018 3164 5075 ἑαυτοῦ
3196 5018 3392 5089 αἵματι
3436 5018 3550 5073 ἀπὺ
3580 5018 3679 5073 τοῦ
3704 5019 3814 5079 ταῖς

2233 5115 2531 5189 ἁμαρτίαις
2550 5114 2702 5187 ἡμᾶς
2717 5111 3195 5186 πιπρασκομένους
3210 5111 3592 5185 ἀγοράσαντος
3609 5112 3750 5186 (3|).
3763 5110 3814 5165 Ἣ

626 5240 649 5278 ⁷
674 5243 834 5303 Joan.
860 5250 1011 5318 1,29.
1087 5251 1110 5285 ⁸
1137 5250 1380 5319 lsa.t.m,
1410 5250 1466 5305 7.
1545 5247 1569 5282 ⁹
1592 5246 1796 5305 Jerem.
1827 5261 1908 5314 ιι,
1942 5243 2031 5301 l9.
2110 5241 2155 5276 ²⁰
2180 5242 2354 5312 Apoc.
2387 5256 2443 5307 v,
2479 5238 2535 5295 6.

622 5362 739 5475 g5“)
778 5364 943 5425 Forte
987 5369 1278 5440 legendum
1312 5369 1585 5443 πρωῖνήν,
1615 5375 1673 5425 et
1704 5366 1869 5440 paulo
1896 5372 2020 5438 post
2046 5364 2129 5431 είς

557 5433 752 5505 ΰσμήν.

777 5507 878 5586 ἔοι
906 5507 1234 5586 ἐκρῖιῶστεξ
1268 5510 1541 5586 λαλῆσαί
1575 5524 1713 5586 cm:
1737 5506 1839 5586 ρεαδ
1860 5505 2132 5586 ίτάερμαι

550 5574 679 5653 ἐκεῖ
712 5574 835 5653 τοῖς
873 5574 1314 5653 υἰοᾶςἻσραὴλ,
1363 5574 1461 5636 mil
1498 5577 1956 5653 ἀγιᾳσθήσομαι.
2004 5574 2130 5653 ligno

556 5646 754 5721 desunt
796 5650 849 5704 in
899 5646 1086 5709 codice
1121 5646 1324 5721 Regio,
1363 5654 1458 5708 sed
1494 5646 1911 5721 restituuntur‘e
1941 5648 2129 5702 codice

557 5714 877 5793 Bodleiano.
900 5721 1020 5779 Mox
1051 5734 1172 5793 post
1199 5714 1457 5793 ἇγιασμῷ
1481 5721 1653 5793 codex
1683 5718 2008 5793 Bodleianus
2042 5733 2129 5773 rc-

555 5786 732 5864 stitnit
752 5789 990 5859 ἁγιάσω,
1022 5786 1167 5864 quod
1204 5786 1441 5864 deest'in'
1471 5792 1658 5864 codice
1686 5790 1882 5864 llegio.

624 5856 738 5931 (27)
774 5856 1178 5935 Συμϐολιὲιῶς.
1208 5863 1299 5921 Sic
1320 5861 1490 5921 codex
1517 5856 1869 5930 Bodleianus;
1899 5856 2122 5932 Regius,

2236 5360 2580 5435 συμβολικρς-

2307 5427 2422 5504 (28)
2474 5430 2598 5485 Ἐπὶ
2646 5429 2826 5504 τέλει.
2872 5428 2967 5504 _lta
3016 5429 3191 5486 codex
3235 5427 3573 5485 Bodleianns
3636 5435 3814 5493 recte;

2237 5500 2461 5567 Regius,
2490 5501 2748 5567 ἐπιτελεῖ,
2783 5500 2940 5556 male.

2299 5567 2413 5647 (ξῼ)
2459 5572 2529 5647 Τὸ
2556 5572 2739 5647 εἶναι,
2766 5569 3074 5647 [ﬁgendum
3106 5569 3453 5647 videtur_'l‘¢'{)
3476 5567 3644 5647 εἶναι.

2299 5587 2413 5647 (29)
2459 5587 2529 5627 1'0
2556 5587 2727 5626 ειναι.
2768 5587 2841 5625 Le
2876 5587 3074 5626 enuum
3106 5587 3326 5626 videtur
3359 5587 3403 5625 1‘
3476 5587 3644 5624 ειναι.

2297 5642 2415 5714 (50)
2462 5641 2816 5698 Ἂκολουθεῖ.
2843 5587 3159 5708 ἱθκοιιᾱιιιιι
3204 5640 3289 5698 vel
3324 5589 3703 5696 dxc'XOUOsitw
3740 5641 3814 5693 vel

2227 5713 2515 5785 ἀκολουθῇ.

2302 5784 2414 5868 (3t)
2452 5778 2633 5841 Codex
2669 5783 2994 5868 podleianus
3030 5783 3081 5838 in
3121 5791 3266 5840 textu
3296 5778 3736 5856 διαπράσαντος,
3771 5781 3814 5835 in

2234 5856 2475 5927 margine
2504 5871 2630 5913 vero
2658 5856 3046 5927 ἀγοράσαντος.
