3816 6520
91 380 186 441 £93

1178 386 1533 446 COMMENT.
1574 387 1638 443 IN
1676 387 1870 446 JOAN.
1906 388 2145 448 TOMUS
2185 391 2273 448 Vl.

3224 392 3333 452 τοι

83 504 135 557 δὲ
161 501 523 593 προσαγαγὼν
547 504 739 560 τοῦτον
772 507 863 562 τὸν
894 508 1069 581 ἀμνὸν
1100 509 1194 562 ἐπὶ
1232 510 1330 581 τὴν
1364 508 1553 563 θυσίαν
1573 548 1588 572 ,
1615 508 1632 559 ἐ

1750 520 1989 577 magnus-
2011 508 2290 593 sacerdos,
2328 506 2422 579 qui
2454 507 2557 565 hoc
2588 508 2830 567 declarat
2856 524 2954 582 per
2976 523 3040 568 ea
3069 512 3233 569 verba
3258 513 3329 569 υς

84 592 136 675 ἐν
160 591 235 665 τῷ
265 593 536 667 ἀνθρώπῳ
582 593 652 670 ἦν
689 598 823 664 Θεὸς
846 640 860 662 ,
914 601 1088 672 μέγας
1135 602 1463 673 ἀρχιερεὺς,
1496 603 1647 665 ὅστις

82 683 225 739 τοῦτο
261 685 413 755 δηλοῖ
450 687 540 742 διὰ
563 688 658 742 τοῦ
679 704 697 725 θ
742 709 762 743 ι
788 691 980 758 Οὐδεὶς
1019 693 1162 765 αἴρει
1192 694 1293 763 τὴν
1314 692 1491 765 ψυχήν
1539 710 1643 764 μου

81 774 167 828 ἀπ’
210 775 380 845 ἐμοῦ,
454 778 570 832 ἀλλ’
624 780 735 850 ἐγὼ
766 781 956 853 τίθημι
1012 783 1210 855 αὐτὴν
1240 784 1337 837 ἀπ’
1381 783 1641 854 ἐμαυτοῦ.

91 865 355 933 Ὲξουσίαν
386 868 493 940 ἔχω
523 870 697 928 θεῖναι
730 875 919 947 αὐτὴν,
947 875 1041 930 καὶ
1070 875 1233 930 πάλιν
1260 876 1506 942 ἐξουσίαν
1535 875 1644 947 ἔχω

79 957 248 1013 λαὸεἴν
272 960 464 1033 αὐτήν.
488 983 508 1015 ι

137 1050 221 1107 56.
260 1052 372 1106 Καὶ
402 1053 577 1129 ταύτῃ
605 1054 768 1128 θυσίᾳ
797 1060 1083 1126 συγγενεῖς
1137 1059 1275 1113 εἰσιν
1321 1059 1378 1113 αἱ
1430 1058 1638 1125 λοιπαὶ,

77 1133 145 1195 ὧν
172 1141 439 1213 ώμὸολὸν
483 1148 624 1202 εἰσιν
655 1148 714 1201 αἱ
763 1148 984 1219 νομικαί
1005 1166 1017 1179 ·
1055 1149 1239 1203 λοιπαὶ
1274 1148 1332 1203 δὲ
1377 1149 1472 1204 καὶ¹
1506 1166 1639 1219 συγ-

76 1234 236 1298 γενείς
258 1233 433 1307 ταύτῃ
461 1238 529 1307 τῇ
561 1235 722 1308 θυσίᾳ
751 1236 928 1292 θυσίαι
953 1238 1204 1311 ἐκχύσεις
1224 1235 1363 1294 εἷναί
1402 1258 1493 1312 μοι
1518 1241 1640 1311 φαί-

77 1346 239 1381 νονται
263 1328 358 1382 τοῦ
398 1330 513 1385 τῶν
542 1334 806 1401 γενναίων
837 1334 1128 1407 μαρτύρων
1158 1335 1408 1407 αἵματος,
1438 1336 1499 1390 οὐ
1532 1336 1637 1408 μά-

76 1438 164 1491 την
208 1421 504 1494 ὁρωμένων
548 1424 771 1480 ἑστάναι
809 1425 914 1479 ὑπὸ
956 1425 1049 1480 τοῦ
1099 1425 1341 1498 μαθητοῦ
1394 1427 1635 1484 Ἰωάννου

75 1508 212 1580 παρά
236 1510 315 1581 τῷ
344 1512 586 1585 οὐρανίῳ
616 1513 1003 1588 θυσιαστηρίῳ.
1043 1534 1061 1567 ι
1100 1517 1196 1581 Τίς
1227 1516 1282 1570 δὲ
1311 1516 1474 1586 σοφὸς
1497 1558 1511 1579 .
1544 1519 1637 1571 καὶ

76 1604 281 1673 συνήσει
333 1604 543 1670 mina;
592 1607 847 1672 συνετὸς,
908 1608 1000 1661 καὶ
1049 1608 1409 1676 ἐπιγνώσεται
1438 1608 1628 1676 αὐτὰρ

76 1693 202 1763 Πρὸς
225 1694 283 1748 δὲ
308 1695 470 1749 τοῦτο
493 1696 972 1771 θεωρητικώτερον
1016 1698 1118 1754 κᾶν
1156 1702 1415 1757 ἐπιποσὸν
1455 1718 1636 1771 παρα-

73 1786 307 1851 δέξασθαι
348 1788 443 1843 τὸν
484 1791 616 1862 περὶ
660 1789 769 1847 τῶν
800 1792 1057 1847 τοιούτων
1087 1792 1286 1848 θυσιῶν
1310 1793 1466 1862 λόγον
1486 1833 1502 1860 ,
1533 1811 1635 1847 κα-

1756 615 1777 650 ι
1817 597 2003 655 Nullus
2028 600 2267 655 animam
2300 614 2474 656 meam
2501 614 2530 655 a
2559 615 2647 658 me
2673 601 2833 667 tollit,
2866 601 3023 673 153
3049 602 3143 657 sed
3167 615 3267 674 ego
3294 617 3322 661 ι

1753 693 2074 762 memetipso
2126 708 2268 763 pono
2325 708 2469 750 eam.
2516 694 2850 752 Potestatem
2894 695 3067 751 habeo
3093 695 3325 766 ponendi

1748 799 1893 851 eam,
1927 794 1981 839 et
2013 800 2228 842 rursum
2268 797 2589 857 potestatem
2637 787 2809 846 habeo
2846 787 3095 845 sumendi
3128 802 3271 846 eam.
3302 804 3324 840 ι

1813 1057 1904 1113 56.
1935 1058 2001 1112 Et
2030 1071 2161 1112 sane
2192 1056 2355 1126 hujus
2395 1057 2632 1112 victima:
2664 1066 2905 1130 cognatae
2936 1064 3064 1112 sunt
3091 1064 3322 1119 caeterae,

1743 1163 1972 1221 quarum
2008 1160 2150 1206 notae
2185 1159 2314 1206 sunt
2346 1150 2586 1221 legales;
2624 1164 2719 1218 per
2753 1162 2978 1204 caeteras
2998 1162 3129 1202 vero
3162 1146 3325 1202 victi-

1745 1258 1864 1297 mas
1896 1243 2021 1299 huic
2043 1243 2276 1298 victimae
2303 1251 2587 1312 cognatas,
2606 1240 2900 1298 eﬂ'usiones
2932 1233 3175 1309 intelligo
3202 1254 3326 1294 sano

1742 1335 1921 1407 guinis
1978 1352 2367 1406 generosorum
2423 1346 2760 1408 martyrum,
2809 1335 2898 1405 qui
2961 1349 3066 1389 non
3120 1331 3323 1388 frustra

1741 1427 2155 1496 conspiciuntur
2178 1437 2324 1484 stare
2368 1442 2398 1482 a
2432 1426 2694 1497 discipulo
2723 1425 2931 1482 Joanne
2964 1424 3117 1493 juxta
3156 1422 3325 1477 caalc~

1740 1526 1822 1573 ste
1852 1518 2043 1574 altare.
2064 1517 2171 1575 Setl
2200 1537 2219 1571 ι
2253 1518 2381 1590 quis
2411 1519 2651 1590 sapiens,
2672 1527 2725 1572 et
2756 1517 3020 1587 intelliget
3043 1516 3159 1570 hmc
3184 1516 3207 1569 ?
3236 1514 3321 1567 vel

1740 1610 1999 1680 prudens,
2034 1620 2091 1667 et
2137 1620 2395 1682 agnoscet
2448 1611 2563 1665 ham
2592 1611 2635 1641 "
2670 1609 2694 1665 ἲ
2729 1628 2748 1661 ι
2808 1608 2890 1663 Ad
2948 1608 3063 1662 haec
3107 1606 3320 1661 altioris

1740 1702 2213 1773 contemplationis
2249 1712 2332 1759 est
2379 1703 2461 1758 vel
2495 1702 2765 1759 tantillum
2792 1699 3021 1770 exsequi
3054 1702 3318 1754 rationem

1740 1792 1809 1849 de
1836 1793 2224 1862 hujuscemodi,
2243 1795 2504 1862 victimis,
2533 1810 2655 1866 qua:
2692 1801 2926 1865 purgant
2959 1807 3054 1848 eos
3076 1806 3175 1862 pro
3198 1790 3321 1864 qui-

75 1877 360 1951 θαιρουσῶν
391 1883 520 1946 τοὺς
546 1882 687 1955 ὑπὲρ
710 1877 787 1939 ὧν
825 1886 1212 1957 προσάγονται.
1250 1880 1632 1958 ’Κατανοητὲον

1743 1884 1841 1941 bus
1863 1884 2189 1943 olferuntur.
2221 1888 2626 1946 Consideranda
2653 1902 2783 1960 ergo
2812 1895 2899 1943 est
2930 1887 3070 1942 ratio
3109 1885 3321 1943 sacriﬁ-

72 1972 151 2025 τὸν
197 1971 354 2042 λόγον
401 1975 505 2046 τῆς
559 1976 1031 2051 ὁλοκαυτουμένης
1080 1978 1350 2052 θυγατρὸς
1403 1970 1636 2049 Ἰεφθάε,

12 2100 27 2113 .
72 2066 149 2119 διὰ
189 2068 394 2141 ταύτην
448 2071 617 2143 εὐχὴν
659 2074 984 2146 νικήσαντος
1028 2075 1155 2139 τοὺς
1192 2077 1341 2140 υἱοὺς
1385 2074 1635 2147 Ἀμμὼν,

72 2153 102 2233 ᾖ
133 2160 494 2234 συνηυδὸκησε
525 2165 621 2217 καὶ
655 2167 690 2238 η
726 2165 1194 2240 ὁλοκαυτουμένη,
1235 2168 1467 2240 λέγουσα
1501 2171 1639 2242 πρὸς

72 2254 149 2307 τὸν
174 2254 385 2326 πατέρα
419 2258 672 2313 είπὸντα’
713 2280 732 2313 ι
786 2261 1022 2334 Ἀνέῳξα
1054 2262 1115 2316 τὸ
1146 2262 1323 2334 στόμα
1366 2280 1468 2335 μου
1497 2265 1637 2320 κατά

74 2344 154 2400 σοῦ
181 2349 314 2418 πρὸς
341 2350 552 2423 Κύριον
569 2370 583 2382 ·
620 2353 732 2408 Καὶ
763 2355 812 2407 εί
839 2354 1083 2426 ἀνέῳξας
1107 2354 1169 2410 τὸ
1198 2356 1373 2428 στόμα
1404 2374 1495 2410 σου
1515 2360 1635 2411 κατ’

72 2439 187 2510 ἐμοῦ
214 2443 350 2514 πρὸς
388 2442 614 2516 Κύριον,
649 2447 791 2501 ποίει
821 2446 920 2520 τὴν
952 2447 1116 2521 εὐχήν
1149 2466 1266 2507 σου.
1301 2467 1321 2502 ι
1360 2450 1637 2522 Ἐμφασις

73 2533 158 2603 μὲν
180 2530 270 2589 οὖν
304 2535 511 2608 πολλῆς
538 2537 823 2612 ὠμότητος
852 2540 942 2594 διὰ
967 2540 1172 2596 τούτων
1206 2543 1637 2615 παρεισφέρεται

71 2624 148 2677 τοῦ
174 2619 217 2693 ᾧ
238 2626 356 2697 (52)
391 2629 645 2683 τοιαῦται
678 2630 821 2701 ὑπὲρ
855 2630 1130 2703 σωτηρίας
1169 2629 1474 2702 ἀνθρώπων
1512 2632 1636 2684 ἐπι-

71 2711 326 2768 τελοῦνται
359 2716 577 2771 θυσίαι·
612 2717 1112 2792 μεγαλοφυεστέρου
1134 2720 1191 2774 δὲ
1219 2720 1346 2788 νοῦ,
1383 2721 1478 2775 καὶ
1510 2720 1634 2792 βλέ-

72 2820 243 2871 ποντος
280 2807 353 2862 τά
398 2809 673 2882 λεγόμενα
707 2812 818 2882 (35)
852 2812 993 2867 κατά
1031 2813 1133 2883 τῆς
1181 2813 1436 2887 προνοίας
1481 2813 1635 2869 λύσιν

71 2899 342 2972 χρῄζομεν,
369 2902 443 2955 ἵν’
473 2902 593 2972 ἅμα
617 2904 747 2975 περὶ
772 2903 989 2958 πάντων
1009 2944 1023 2967 ,
1074 2904 1151 2968 ὡς
1180 2905 1635 2979 ἀπορρητοτὲρων

70 2989 249 3056 ὄντων,
308 2993 409 3046 καὶ
439 2992 581 3063 ὑπὲρ
607 2993 955 3066 ἀνθρωπίνην
1003 2994 1166 3065 φύσιν
1197 2995 1594 3067 ἀπολογώμεθα
1615 3012 1632 3031 ο

1739 1989 1874 2038 cata:
1902 1982 2024 2037 lilia:
2046 1980 2255 2053 Jephte,
2281 1983 2372 2054 qui
2407 1992 2626 2054 propter
2646 1982 2787 2039 hanc
2814 1983 2951 2039 lilios
2972 1983 3203 2039 Ammon
3234 1981 3319 2037 vi-

1734 2073 1832 2139 cit,
1865 2074 1953 2129 cui
1999 2075 2215 2146 quidem
2262 2086 2401 2151 votol
2429 2092 2699 2147 propensa
2732 2075 2834 2132 fuit
2871 2092 2934 2133 ea
2978 2077 3166 2146 etiam,
3196 2091 3319 2147 quae

1732 2164 2085 2234 oﬂ‘erebatur,
2114 2168 2181 2224 ad
2202 2178 2410 2240 patrem
2434 2169 2741 2225 dicentem:
2779 2187 2798 2220 ι
2835 2170 3098 2240 Apertum
3130 2180 3213 2224 est
3254 2181 3317 2222 os

1732 2271 1914 2314 meum
1944 2260 2232 2316 adversum
2263 2269 2317 2317 te
2340 2260 2409 2316 ad
2453 2260 2745 2316 Dominum
2775 2260 2839 2322 ¹³,
2872 2279 2891 2312 ι
2928 2260 3259 2328 respondens
3297 2270 3311 2305 ε

1736 2368 1758 2403 ι
1786 2350 1853 2406 Et
1886 2351 1935 2408 si
1975 2351 2239 2425 aperuisti
2290 2367 2353 2408 os
2400 2362 2550 2408 tuum
2595 2353 2886 2407 adversum
2931 2350 3106 2427 me‘ad
3132 2348 3317 2405 Domi-

1731 2459 1880 2510 num,
1912 2444 1998 2501 l'ac
2028 2453 2213 2501 votum
2245 2453 2395 2500 tuum
2420 2446 2552 2519 “"u
2582 2445 2759 2515 Atque
2802 2444 3154 2500 simulacrum
3197 2440 3318 2511 qui-

1730 2535 1852 2591 dem
1885 2536 2069 2593 multa:
2125 2538 2467 2595 credulitatis
2493 2554 2592 2610 per
2633 2538 2747 2594 haec
2780 2536 3100 2608 producitur
3143 2535 3315 2600 illius,

1728 2630 1815 2687 cui
1849 2629 1982 2687 tales
2009 2644 2110 2702 pro
2134 2631 2417 2687 hominum
2446 2630 2621 2687 salute
2649 2630 3006 2702 perﬁciuntur
3039 2628 3315 2699 victimae;

1726 2728 1821 2784 sed
1852 2727 2099 2799 proiecto
2132 2736 2317 2783 mente
2340 2726 2850 2798 generosiore,qu.'e
2878 2724 3071 2781 callcat
3100 2722 3317 2779 solvere

1682 2880 1687 2883 _
1725 2832 1847 2888 qua:
1872 2818 2127 2873 dicuntur
2165 2828 2354 2873 contra
2391 2817 2794 2889 providentiam
2818 2831 3114 2886 ,-egetnns,
3151 2822 3211 2867 ut
3242 2813 3317 2868 si-

1727 2909 1837 2964 mul
1869 2910 1935 2965 de
1962 2910 2214 2965 omnibus
2242 2924 2363 2981 quae
2385 2908 2551 2973 velqti
2598 2908 2893 2962 secretiora
2917 2915 3043 2960 sunt
3070 2917 3125 2959 et
3149 2919 3313 2974 supra

1727 3002 2018 3058 humanam
2046 3012 2323 3071 naturain,
2354 3017 2454 3057 nos
2494 3014 2823 3055 excusemus
2855 3015 2869 3051 :
2904 3017 2922 3049 ι
2954 2997 3143 3068 Magna
3166 2997 3312 3051 enim

76 3099 90 3130 t
120 3083 360 3151 Μεγάλαι
386 3083 502 3156 γὰρ
528 3086 585 3138 αἱ
617 3084 826 3157 κρίσεις
849 3086 945 3139 τοῦ
982 3085 1119 3141 Θεοῦ
1153 3088 1247 3141 καὶ
1284 3088 1632 3163 δυσδιήγητοι

1750 3094 1926 3150 udicia
1962 3114 1980 3147 ι
2014 3094 2168 3161 Dei,t
2201 3108 2376 3165 eaque
2408 3108 2572 3166 aegre,
2603 3108 2704 3148 nec
2750 3090 2910 3147 facile
2947 3099 3258 3155 narrantur,
3290 3106 3308 3139 ι

70 3175 142 3227 διὰ
168 3175 320 3230 τοῦτο
344 3177 668 3232 ἀπαίδευτοι
699 3178 871 3249 ψυχαὶ
900 3178 1302 3253 ἐπλανήθησαν.
1340 3200 1359 3234 ι
1400 3184 1634 3256 Μεμαρ-

72 3264 276 3339 τύρηται
304 3269 364 3323 δὲ
404 3268 502 3322 καὶ
538 3268 691 3342 παρά
722 3272 836 3335 τοῖς
864 3270 1106 3339 ἔθνεσιν,
1129 3274 1210 3327 ὄτι
1230 3272 1414 3328 πολλοί
1462 3293 1627 3343 τινες,

72 3358 311 3430 λοιμικῶν
343 3362 739 3433 ἐνσκηψάντων
768 3364 828 3419 ἐν
866 3366 986 3429 ταῖς
1004 3365 1216 3420 ἑαυτῶν
1248 3366 1473 3439 πατρίσι
1514 3368 1628 3440 (54)

70 3455 396 3524 νοσημάτων,
430 3455 657 3520 ἑαυτοὺς
690 3456 897 3527 σφάγια
923 3456 1062 3530 ὑπὲρ
1100 3457 1195 3513 τοῦ
1226 3459 1410 3515 κοινοῦ
1446 3478 1629 3534 παρα-

70 3543 331 3601 δεδώκασι.
361 3547 476 3600 Καὶ
502 3547 867 3620 παραδέχεται
895 3549 1004 3622 (55)
1031 3550 1186 3606 ταῦθ’
1212 3551 1386 3617 οὕτως
1412 3552 1631 3622 γεγονέ-

71 3654 142 3690 ναι
165 3638 262 3692 οὐκ
304 3639 525 3709 ἀλόγως
570 3644 870 3708 πιστεύσας
914 3647 1035 3709 ταῖς
1067 3645 1331 3716 ἱστορίαις
1374 3646 1404 3698 ὁ
1440 3645 1630 3710 πιστὸς

71 3731 314 3805 Κλήμης,
367 3734 478 3787 ὑπὸ
529 3734 742 3790 Παύλου
804 3737 1275 3810 μαρτυρούμενος,
1342 3738 1589 3807 λέγοντος
1611 3758 1626 3773 ο

76 3839 92 3874 t
117 3826 260 3879 Μετά
286 3826 645 3898 Κλήμεντος,
696 3830 791 3883 καὶ
831 3829 940 3885 τῶν
965 3829 1169 3885 λοιπῶν
1201 3828 1477 3903 συνεργῶν
1504 3848 1627 3902 μου,

72 3907 132 3970 ὧν
156 3916 219 3971 τά
244 3918 491 3990 ὀνόματα
516 3921 574 3974 ἐν
605 3920 773 3993 βίϐλῳ
805 3919 974 3992 ζωῆς.
1012 3940 1032 3974 ι
1063 3920 1174 3994 Τὴν
1209 3921 1399 3993 ὁμοίαν
1429 3922 1489 3977 δὲ
1514 3922 1629 3994 ἔχει

72 4008 367 4080 ἀπέμφασιν
401 4010 550 4084 παρά
582 4011 662 4083 τῷ
687 4011 892 4067 θέλοντι
915 4010 1025 4067 τῶν
1056 4012 1183 4076 τοὺς
1228 4013 1456 4078 πολλοὺς
1497 4013 1627 4068 λαν-

72 4097 317 4155 θανόντων
376 4102 698 4174 μυστηρίων
742 4103 1068 4174 κατηγορεῖν
1087 4141 1101 4164 ,
1129 4103 1223 4157 καὶ
1265 4101 1335 4156 τὰ
1366 4103 1493 4176 περὶ
1519 4102 1628 4159 τῶν

75 4191 346 4264 μαρτύρων
408 4191 893 4265 προστεταγμέναο
950 4190 1294 4256 εὐδοκοῦντος
1347 4192 1443 4247 τοῦ
1490 4193 1627 4247 θεοῦ

74 4283 248 4351 μᾶλλον
289 4286 449 4357 ἡμᾶς
483 4284 839 4351 ἀναδέξασθαι
888 4285 1069 4350 πάσας
1107 4284 1498 4357 χαλεπωτάτας
1544 4288 1629 4341 atl-

73 4374 177 4438 lia;
216 4377 275 4429 ἐν
330 4376 416 4447 τῷ
459 4376 742 4448 ὁμολογεῖν
786 4375 953 4430 αὐτοῦ
1006 4374 1105 4448 τὴν
1147 4375 1432 4446 θειότητα,
1484 4376 1628 4450 ἢπερ

71 4467 433 4543 ἀπαλλαγῆναι
456 4469 566 4525 τῶν
587 4466 855 4524 τοσούτων
876 4466 1247 4541 νομιζομένων
1274 4466 1462 4521 κακῶν
1494 4467 1630 4539 πρὸς

1656 3235 1702 3296 c
1724 3196 1887 3256 atque
1904 3203 1924 3238 ι
1946 3187 2014 3242 ob
2040 3186 2181 3241 hanc
2203 3201 2426 3242 causam
2454 3185 2616 3241 rudes
2643 3184 2841 3239 anima:
2862 3192 3188 3239 erraverunt
3211 3180 3309 3236 “.t

1726 3277 1821 3296 n7.
1867 3289 1912 3296 .7
2018 3294 2028 3296 -
2086 3289 2122 3296 .7
2248 3289 2287 3296 7.
2352 3292 2393 3296 7-
3062 3274 3288 3296 ___...-_

1726 3277 1979 3334 Relatum
2010 3289 2189 3334 autem
2237 3289 2400 3350 atque
2441 3286 2703 3334 testatum
2750 3286 2836 3333 est
2875 3276 3016 3345 apud
3058 3274 3312 3346 gentiles,

1727 3372 1926 3428 multos
1953 3372 2087 3428 cazdi
2115 3386 2215 3444 pro
2250 3371 2526 3428 communi
2562 3368 2844 3425 hominum
2887 3368 3062 3424 salute
3103 3368 3314 3438 seipsos

1730 3465 2043 3532 tradidisse,
2066 3479 2190 3521 cum
2221 3464 2537 3535 pestilentes
2574 3460 2749 3517 morbi
2776 3476 2930 3517 suam
2959 3461 3190 3530 patriam
3224 3460 3314 3513 iu-

1724 3560 2012 3614 vasisscnt.
2064 3558 2128 3614 Et
2177 3558 2291 3612 haec
2333 3557 2409 3612 ita
2469 3555 2721 3617 evenisse
2770 3554 3009 3610 admittit
3044 3568 3149 3608 non
3194 3552 3315 3608 sine

1724 3665 1887 3706 causa
1937 3651 2177 3707 historiis
2211 3651 2441 3706 credens
2464 3648 2717 3705 Clemens
2761 3646 2851 3703 ille
2880 3645 3074 3712 ﬁdelis,
3106 3645 3173 3701 de
3204 3658 3315 3716 quo

1725 3743 1870 3798 hunc
1893 3742 1948 3798 in
1986 3744 2203 3798 modum
2238 3741 2564 3797 testificatur
2592 3737 2794 3795 Paulus
2816 3779 2831 3803 ,
2851 3740 3035 3795 dicens
3054 3736 3118 3790 ¹³ι
3140 3736 3312 3790 «Cum

1678 3870 1679 3873 η
1724 3833 2004 3891 Clemente
2061 3842 2117 3890 et
2159 3833 2384 3903 reliquis
2434 3831 2842 3903 coadjutoribus
2879 3830 3036 3896 meis,
3074 3843 3309 3899 quorum

1723 3926 1942 3981 nomina
1979 3933 2107 3980 sunt
2135 3925 2189 3981 in
2222 3924 2360 3980 libro
2404 3924 2549 3979 vita).
2584 3940 2603 3975 ι
2639 3920 2884 3977 Similem
2914 3921 3115 3974 habent
3141 3918 3311 3973 dissi-

1724 4019 2078 4076 militudinem
2112 4016 2251 4089 apud
2296 4031 2420 4071 eum
2451 4014 2545 4087 qui
2571 4013 2700 4070 velit
2731 4009 2987 4084 mysteria
3015 4024 3136 4080 quae
3172 4006 3309 4063 mul-

1725 4123 1810 4169 tos
1849 4111 2022 4166 latent
2049 4111 2327 4176 incusare,
2353 4122 2474 4180 quae
2513 4107 2580 4163 de
2614 4104 2948 4179 martyribus
2983 4103 3304 4169 traduntur;

1723 4202 1834 4258 Deo
1882 4202 2057 4273 magis
2108 4202 2441 4274 approbante
2487 4209 2548 4255 ut
2579 4199 2664 4255 vel
2696 4198 2996 4269 asperrima
3042 4195 3306 4267 supplicia

1720 4294 1910 4352 subire
1940 4295 2228 4367 eligamus,
2258 4295 2386 4351 dum
2419 4294 2744 4351 conﬁtemur
2777 4292 2919 4348 illius
2946 4291 3306 4358 divinitatem,

1720 4401 1881 4457 quam
1909 4400 1940 4441 a
1963 4395 2040 4443 tot
2070 4388 2256 4456 rebus,
2293 4402 2415 4458 qua:
2449 4387 2593 4443 mala
2635 4384 3044 4452 existimantur,
3080 4383 3305 4441 liberari

1721 4480 1786 4534 ad
1815 4481 1980 4535 breve
2009 4489 2250 4550 tempus,
2287 4494 2539 4536 sermone
2575 4489 2761 4535 nostro
2788 4477 2989 4547 ubique
3009 4484 3307 4548 sequentes

74 4564 258 4638 βραχὺν
295 4566 491 4638 χρόνον
510 4603 527 4629 ,
557 4564 702 4635 λόγῳ
745 4560 1308 4636 συμπεριενεχθέντας
1357 4560 1437 4634 τῷ
1467 4561 1627 4633 θελή-

1743 4572 2055 4628 νοΙιιηιοιεω
2101 4573 2446 4629 inimicorum
2478 4572 2748 4629 veritatis.
2785 4571 3150 4640 Quamobrem
3182 4572 3303 4627 exi-

75 4674 187 4728 ματι
218 4657 332 4713 τῶν
364 4653 579 4728 ἐχθρῶν
615 4654 719 4726 τῆς
748 4653 1028 4727 ἀληθείας.
1059 4652 1371 4709 Κατάλυσιν
1408 4648 1502 4708 οὖν
1539 4671 1629 4710 νο-

77 4750 273 4821 μιπὲον
298 4749 551 4822 γίνεσθαι
584 4748 868 4819 δυνάμεων
893 4745 1207 4801 κακοποιῶν
1228 4745 1317 4801 διὰ
1335 4746 1429 4801 τοῦ
1462 4746 1629 4801 θανά-

72 4854 149 4894 του
175 4840 280 4896 τῶν
305 4841 482 4911 ἀγίων
512 4839 803 4913 μαρτύρων
821 4878 836 4903 ,
865 4832 976 4892 οἷον
1003 4837 1103 4910 τῆς
1124 4838 1404 4909 ὑπομονῆς
1427 4837 1627 4904 αὐτῶν,

75 4932 269 5004 καὶτῆς
301 4933 417 5004 (56)
447 4930 739 5003 ὁμολογίας
764 4930 864 4998 τῆς
895 4928 1057 5001 μέχρι
1092 4929 1322 4984 θανάτου
1342 4971 1359 4997 ,
1408 4930 1505 4985 καὶ
1530 4932 1629 5003 τῆς

77 5025 142 5087 εἰς
168 5025 227 5079 τὸ
256 5024 483 5088 εὐσεϐὲς
509 5022 820 5095 προθυμίας
843 5061 859 5087 ,
889 5021 1273 5094 ἀμϐλυνούσης
1307 5020 1370 5075 τὸ
1405 5020 1501 5087 ὀξὺ
1527 5022 1631 5093 τῆς

77 5114 274 5169 ἐκείνων
304 5116 450 5170 κατὰ
479 5113 574 5168 τοῦ
609 5114 911 5185 πάσχοντος
960 5110 1281 5184 ἐπιϐουλῆς,
1313 5110 1456 5167 ὥστε
1473 5151 1490 5178 ,
1519 5112 1629 5185 ἀμ-

78 5206 390 5281 ελυνομένης
430 5209 528 5263 καὶ
573 5206 916 5279 ἀτονησάσης
958 5205 1060 5278 τῆς
1106 5204 1389 5276 δυνάμεως
1427 5206 1626 5272 αὐτῶν,

77 5305 155 5357 nt
174 5304 391 5376 ἐτέρους
414 5303 668 5368 πλείονας
687 5301 796 5356 τῶν
815 5299 1184 5373 νενικημένων
1209 5300 1455 5356 ἀνίεσθαι
1474 5301 1626 5356 ἐλευ-

1720 4662 1948 4719 stimare
1991 4662 2255 4721 debemus
2304 4663 2729 4720 destructionem
2764 4662 2882 4718 ﬁeri
2933 4662 3301 4732 potentiarum

1722 4755 2091 4812 maleﬁcarum
2118 4771 2216 4829 per
2242 4765 2471 4813 mortem
2508 4765 2820 4812 sanctorum
2844 4764 3166 4827 martyrum,
3182 4752 3301 4809 vel.

1723 4849 1800 4905 uti
1837 4849 2122 4907 tolerantia
2159 4866 2348 4908 eorum
2379 4860 2434 4921 et
2460 4851 2802 4908 confessione
2847 4863 3020 4919 usque
3043 4848 3111 4902 ad
3148 4861 3299 4904 mor-

1724 4949 1871 5008 tem,
1922 4949 2085 5012 atque
2134 4957 2261 5013 erga
2326 4940 2485 5014 155
2532 4942 2786 5012 pietatem
2840 4935 3297 5007 promplitudine,

1723 5032 2109 5089 hebetantibus
2161 5041 2216 5089 et
2260 5032 2634 5103 mitigantibus
2664 5029 2940 5085 feritatem
2972 5026 3297 5082 insidiarum

1722 5135 2075 5198 tyrannorum
2104 5122 2335 5187 illorum,
2358 5131 2547 5179 contra
2580 5129 2656 5176 tot
2677 5118 2950 5175 cruciatus
2979 5115 3297 5189 patientem,

1680 5248 1686 5253 ~
1725 5228 1785 5274 ut
1820 5219 2074 5274 hebetata
2107 5225 2162 5273 et
2195 5215 2358 5272 debili
2389 5212 2598 5270 reddita
2628 5209 2867 5281 potentia
2901 5211 3165 5281 ipsorum,
3203 5206 3296 5263 alii

1723 5311 1889 5368 etiam
1931 5309 2114 5380 plures
2140 5307 2290 5371 victi,
2324 5304 2728 5363 dimitterentur
2756 5301 2969 5358 liberati
3011 5315 3079 5357 eo
3102 5313 3295 5368 onere,

134 5418 345 5478 “Joan.
379 5438 436 5490 ι,
472 5423 557 5480 l8.
625 5421 670 5454 η
694 5419 821 5478 Ose.
851 5434 958 5483 XIV,
989 5418 1077 5474 10.
1154 5416 1398 5475 "Judic.
1435 5435 1511 5490 ιι,
1530 5422 1622 5480 '55.
1696 5425 1920 5482 "'ihid.
1950 5421 2043 5480 36.
2120 5420 2166 5453 “
2189 5418 2318 5489 Sap.
2351 5431 2489 5482 xvii,
2521 5415 2573 5470 l.
2651 5412 2695 5445 ’³
2737 5410 2970 5482 Philipp.
3000 5423 3078 5477 tv,
3103 5406 3158 5464 3.

182 5513 236 5596 Ξ)
271 5513 756 5596 ιζαρειᾳςρξρεται
777 5513 885 5596 τοῦ
910 5504 979 5596 ᾧ,
1009 5520 1115 5567 etc.
1152 5508 1247 5567 Sic
1292 5511 1346 5567 in
1382 5515 1631 5596 margine

1743 5519 1930 5596 Regio,
1956 5512 2385 5596 setl_restituitttr
2414 5524 2446 5565 e
2479 5506 3037 5596 codLBodleianng'

80 5583 577 5722 «indickegodleiani
610 5584 914 5640 restituitur
943 5584 1135 5638 lacuna
1167 5595 1288 5652 quae
1314 5591 1400 5639 est
1440 5584 1494 5653 in
1510 5583 1625 5642 ὀο-

108 5668 179 5706 tce
319 5669 399 5709 to.

108 5668 179 5706 tce
205 5668 399 5709 nemo.

82 5722 232 5844 Ἰένὸἵι)
274 5720 358 5780 Td
408 5725 723 5795 λεγόμενα.
785 5720 1180 5790 Scribendum,
1234 5722 1343 5779 τῶν
1396 5723 1626 5798 λεγομέ-

137 5833 236 5938 ζΞι)
287 5862 397 5920 Ἐν
422 5864 552 5933 ταῖς
581 5864 813 5923 ἑαυτῶν
856 5865 1120 5936 πατρίσι.
1153 5865 1320 5925 Deest
1348 5866 1403 5925 in
1436 5866 1625 5926 codice

1958 5569 2068 5642 Kal
2106 5570 2817 5662 sapaaéx§5a¢,etc._\’ide
2842 5572 3125 5662 epistolam
3159 5569 3303 5641 prio-

1735 5646 1849 5715 rst‘u
1875 5646 2202 5717 Clementis;
2222 5646 2464 5721 capl'55,
2494 5660 2550 5706 et
2583 5646 3046 5721 ttotasACotelet-ii.‘

1806 5710 2239 5801 (363WKuhr-ﬂb,
2271 5710 2378 5778 etc.
2559 5730 2704 5801 recte
2749 5718 2914 5801 habet
2956 5713 3126 5801 codex
3159 5710 3298 5768 Bod-

1732 5785 1976 5866 leianus;
2010 5785 2388 5854 editio'autem
2425 5791 2627 5855 Huetii,
2652 5785 2795 5843 κατὰ
2823 5785 2948 5857 τῆς,
2975 5796 3083 5841 etc.
