3816 6524
528 413 634 471 295
1955 399 2290 460 ORIGENIS
3664 402 3742 459 296

539 538 646 591 quo
675 521 927 592 potentiae
953 521 1094 578 male
1126 522 1388 581 instantes
1415 534 1508 580 eos
1546 521 1912 594 gravabantet
1946 519 2104 573 laede-

2219 515 2578 590 θερουμένους
2621 512 2713 568 τοῦ
2763 511 2993 585 βάρους,
3028 507 3090 568 οῦ
3125 515 3362 588 πονηραὶ
3387 515 3625 589 δυναμεις
3645 521 3736 573 tm-

539 616 689 669 bant.
713 615 850 682 Quin
875 615 1041 669 etiam
1075 626 1341 688 martyres
1371 617 1470 686 ipsi
1508 617 1597 686 qui
1629 615 1769 680 passi
1795 620 2105 680 sunt,post-

2216 609 2462 680 κείμεναι
2495 607 2778 683 ἐφόρτιζον
2818 607 2932 678 (37)
2973 608 3067 661 καί
3093 607 3383 664 ἔϐλαπτον.
3439 609 3590 664 Ἀλλά
3616 614 3742 666 καίοι

530 723 597 765 ea
636 723 744 764 non
792 707 1043 765 incidunt
1083 710 1134 764 in
1169 710 1456 781 supplicia,
1489 711 1741 781 quamvis
1780 726 1884 766 non
1922 709 2105 766 debili-

2215 701 2484 764 παθόντες
2513 699 2579 754 ἂν
2600 740 2615 765 ,
2675 699 2752 772 μὴ
2803 700 3184 772 ἀτονησάντων
3235 700 3346 755 τῶν
3391 702 3744 775 ἐνεργησάντων

531 801 657 856 tatis
703 817 768 857 ac
816 802 1103 857 delassatis
1153 803 1238 857 his
1284 807 1376 874 qui
1420 805 1559 859 alios
1622 805 1779 861 malis
1830 805 2105 871 alliciunt,

2216 795 2298 861 είς
2329 793 2548 868 ἑτέρους
2578 792 2647 846 τὰ
2679 791 2918 865 χείρονα,
2954 793 3141 847 οὐκέτι
3172 794 3557 862 περιπίπτουσι
3585 795 3649 867 τῷ
3672 799 3745 850 πά-

528 894 785 948 nimirum
818 894 944 964 quia
981 895 1024 950 is
1052 895 1142 963 qui
1186 896 1349 949 talem
1397 896 1674 952 victimam
1720 897 1936 962 obtulit,
1984 898 2105 952 vicit

2219 885 2322 948 θει,
2357 885 2684 956 νικήσαντος
2737 883 2831 938 τοῦ
2864 885 2963 958 τὴν
2989 883 3248 957 τοιαύτην
3283 885 3476 940 θυσίαν
3523 905 3747 960 προσαγα-

529 982 674 1038 banc
724 983 1059 1037 contrariam
1116 986 1433 1054 potentiam,
1466 995 1719 1057 tanquam
1757 989 1802 1042 si
1855 1004 1923 1044 ex
1957 997 2105 1057 parte

2217 977 2409 1045 γόντος
2440 974 2597 1048 τήνδε
2631 975 2730 1046 τὴν
2763 976 3150 1048 ἀντικειμένην
3177 977 3435 1049 δύναμιν,
3487 978 3558 1044 ὡς
3595 981 3636 1032 εί
3668 983 3747 1033 ἀπὸ

529 1072 634 1128 hac
655 1083 838 1129 uterer
868 1075 1221 1132 similitudine
1251 1077 1365 1132 utili
1391 1079 1456 1132 ad
1485 1094 1547 1134 ea
1572 1082 1637 1134 de
1664 1081 1861 1149 quibus
1897 1080 2105 1149 agitur:

2222 1069 2420 1140 μέρους
2448 1067 2771 1140 ἐχρησάμην
2804 1068 2970 1122 εἰκόνι
3003 1068 3261 1140 χρησίμῳ
3306 1069 3444 1141 πρὸς
3489 1069 3554 1123 τὰ
3586 1073 3748 1142 προκεί-

527 1163 633 1231 Qui
665 1166 919 1221 interﬁcit
959 1175 1056 1221 aut
1093 1168 1339 1224 carmine
1368 1169 1508 1239 50pit
1536 1169 1740 1224 animal
1767 1183 2105 1238 venenatum1

2223 1178 2360 1233 μενα
2397 1161 2651 1234 τοιαύτῃ·
2696 1161 2754 1216 Ὀ
2809 1162 2862 1216 τὶ
2896 1162 3136 1234 ἀναιρῶν
3168 1163 3230 1215 τὸ
3273 1163 3508 1228 ίοὸόλον,
3561 1163 3748 1235 ﬂuat:-

529 1266 625 1310 aut
662 1257 834 1328 ipsum
861 1258 912 1312 vi
943 1259 1196 1328 quapiam
1242 1275 1472 1316 vacuum
1523 1263 1698 1318 reddit
1727 1277 1758 1317 a
1792 1278 2026 1329 veneno,
2068 1266 2105 1320 is

2218 1253 2480 1326 κοιμίζων
2511 1253 2692 1324 ἐπῳδῇ
2717 1254 2750 1325 ἢ
2789 1253 3014 1326 δυνάμει
3039 1254 3167 1320 τινὶ,
3201 1254 3374 1308 κενῶν
3399 1255 3533 1310 αὐτὸ
3561 1257 3641 1310 τοῦ
3671 1259 3744 1318 ἰοῦ,

529 1346 581 1401 in
610 1350 805 1405 multos
838 1351 1102 1406 beneﬁcia
1130 1350 1363 1418 confert,
1393 1353 1486 1422 qui
1514 1352 1567 1407 in
1593 1364 1868 1422 posterum
1903 1356 2105 1427 aliquid

2219 1347 2448 1412 πολλοὺς
2481 1349 2760 1418 εὐεργετεῖ
2805 1348 2914 1399 τῶν
2946 1347 3170 1420 ὕστερον
3221 1349 3560 1420 πεισομένων
3596 1367 3641 1404 τι

527 1441 740 1506 passuri
789 1453 967 1506 erant,
999 1443 1103 1499 nisi
1159 1443 1508 1499 interfectum
1557 1445 1688 1500 illud
1742 1446 1825 1501 vel
1880 1448 2105 1518 sOpitunt

2219 1440 2386 1495 αὑτοῦ
2406 1483 2420 1508 ,
2454 1442 2504 1494 εί
2534 1441 2607 1512 μὴ
2636 1438 2874 1512 ἀνῄρητο
2894 1481 2908 1504 ,
2949 1441 2982 1512 ἢ
3015 1442 3505 1514 κατακεκοίμιστο,
3533 1441 3565 1514 ἢ
3589 1443 3667 1496 τοῦ
3693 1444 3748 1497 ἰαῦ

526 1530 722 1587 fuisset
749 1533 832 1588 vel
863 1549 1075 1591 veneno
1121 1546 1475 1593 evacuatum.
1506 1537 1685 1608 Atque
1723 1539 1891 1594 etiam
1924 1541 1970 1596 si
2015 1542 2105 1596 θη.

2221 1534 2513 1589 κεκένωτο.
2551 1535 2615 1587 Et
2637 1534 2695 1587 δὲ
2719 1535 2810 1588 καὶ
2833 1534 2942 1588 τῶν
2968 1535 3278 1607 δηχθέντων
3307 1537 3415 1590 τινὶ
3453 1533 3750 1609 φανερὸν

525 1624 614 1680 cui
643 1640 829 1682 morso
857 1627 1203 1685 manifestum
1247 1629 1364 1697 ﬁat,
1391 1639 1447 1686 et
1473 1630 1740 1688 liberatus
1761 1632 1851 1689 ille
1876 1649 1906 1688 a
1945 1649 2105 1690 nocu-

2221 1645 2364 1682 νοιτο
2405 1628 2534 1700 περὶ
2560 1627 2659 1700 τῆς
2696 1627 2788 1681 ἐπὶ
2818 1627 2895 1700 τῷ
2922 1628 3160 1702 δήγματι
3200 1631 3402 1704 βλάϐης
3423 1671 3439 1696 ,
3471 1632 3750 1700 ἀπαλλαγείς

527 1727 715 1772 mento
742 1733 842 1787 per
863 1735 1100 1778 morsum
1125 1732 1427 1791 contracto,
1447 1723 1649 1796 deligat
1667 1726 1856 1782 oculos
1882 1725 1934 1781 in
1969 1743 2105 1783 mor-

2219 1739 2280 1776 τε
2321 1719 2623 1775 ὲνατενίσαι
2677 1720 3001 1775 ἀποθανόντι
3040 1722 3117 1794 τῷ
3161 1723 3463 1794 βλάψαντι,
3504 1725 3536 1798 ἢ
3569 1727 3750 1797 ἐπισαξη

530 1820 680 1866 tuum
727 1814 818 1881 qui
846 1812 1109 1879 laesit,vel
1139 1815 1426 1872 inscendat
1458 1827 1755 1884 mortuum,
1776 1817 1860 1872 vel
1887 1819 2105 1890 attingat

2221 1814 2442 1889 νεκροῦ,
2474 1815 2507 1888 ἢ
2539 1814 2805 1886 ἐφάψαιτο
2835 1814 3158 1887 τεθνηκότος
3193 1815 3324 1888 (⁸58),
3360 1817 3393 1890 ἢ
3429 1817 3668 1887 γεύσαιτο
3693 1822 3756 1888 μέ-

527 1911 831 1970 mortuum,
854 1905 939 1960 vel
973 1916 1155 1978 gustet
1178 1908 1341 1979 hujus
1375 1918 1611 1978 partem,
1650 1909 1744 1964 ﬁet
1777 1925 1910 1964 sane
1953 1923 2105 1966 antea

2221 1926 2349 1982 ρους
2378 1907 2554 1973 τοῦδε,
2583 1908 2782 1976 γένοιτ’
2810 1906 2876 1962 ἂν
2905 1907 2999 1962 καὶ
3019 1908 3097 1981 τῷ
3121 1910 3524 1981 προπεπονθότι
3546 1910 3669 1976 ἴασις
3689 1911 3756 1965 καὶ

529 2011 692 2065 passo
722 1998 1010 2062 medicina,
1035 2007 1089 2052 et
1110 1997 1432 2052 beneﬁcium
1467 1998 1534 2052 ab
1555 2011 1621 2054 eo
1641 1997 1730 2068 qui
1754 1996 2105 2053 interfecisset

2220 2001 2510 2074 εὐεργεσία
2538 2000 2648 2055 ἀπὸ
2682 1999 2776 2054 τοῦ
2817 1999 2876 2054 τὸ
2909 2000 3117 2072 βλάψαν
3147 2003 3487 2075 ἀνῃρηκότος
3508 2021 3521 2034 ·
3563 2004 3754 2058 τοιοῦτόν

529 2087 583 2142 id
606 2088 750 2157 quod
774 2088 1019 2144 laedebat.
1037 2088 1222 2143 Simile
1243 2089 1496 2158 quiddam
1521 2088 1636 2145 ﬁeri
1659 2099 1833 2144 morte
1854 2088 2105 2158 piissimo

2217 2111 2271 2148 τι
2299 2094 2363 2166 δὴ
2393 2094 2612 2166 νοητέον
2644 2093 2724 2165 τῷ
2753 2094 2968 2166 θανάτῳ
3003 2095 3108 2149 τῶν
3153 2095 3563 2150 εὐσεϐεστάτων
3597 2096 3756 2168 μαρτύ-

526 2193 650 2232 rum
679 2187 973 2248 martyrum
1001 2178 1419 2233 existimandum
1448 2188 1550 2243 est,
1578 2179 1763 2233 multis
1786 2195 1849 2234 ex
1875 2179 2105 2248 ipsorum

2223 2203 2331 2257 ρων
2353 2185 2622 2255 γίνεσθαι,
2655 2187 2864 2241 πολλῶν
2891 2188 3083 2259 ἀφάτῳ
3114 2188 3221 2242 τινὶ
3247 2188 3477 2260 δυνάμει
3499 2190 3759 2262 ὠφελουμέ-

531 2281 706 2324 morte
736 2270 995 2324 indicibili
1019 2270 1250 2340 quadam
1273 2271 1322 2324 vi
1349 2271 1721 2342 adjumentum
1749 2271 2105 2327 sumentibus.

2217 2295 2324 2332 νων
2357 2279 2464 2332 ἀπὸ
2498 2279 2591 2333 τοῦ
2621 2278 2850 2334 θανάτου
2878 2280 3075 2334 αὐτῶν.

601 2379 692 2431 57.
733 2377 1003 2432 Caeterum
1047 2376 1277 2432 multum
1329 2375 1601 2432 imniorati
1648 2390 1837 2431 sumus
1866 2375 1933 2430 de
1972 2389 2105 2428 mar-

2290 2368 2379 2423 57.
2421 2369 2920 2442 Προσδιετρίψαμεν
2947 2371 3026 2435 δὲ,
3063 2371 3205 2444 ὑπὲρ
3238 2371 3334 2425 τοῦ
3367 2373 3428 2426 τὸ
3465 2373 3574 2444 (59)
3602 2373 3761 2444 ἐξαίρε-

535 2471 744 2542 tyribus
777 2471 938 2526 verba
969 2471 1254 2534 facientes,
1282 2480 1445 2540 atque
1473 2480 1795 2526 enarrantes
1823 2470 1889 2526 de
1909 2468 1996 2524 bis
2025 2467 2105 2539 qui

2219 2479 2308 2515 τον
2340 2462 2468 2516 ἰδεῖν
2494 2462 2590 2516 τοῦ
2618 2462 2694 2527 ὡς
2717 2463 2986 2536 πρόϐατον
3024 2464 3118 2517 ἐπὶ
3144 2464 3357 2536 σφαγὴν
3394 2465 3662 2536 ἀχθέντος,
3695 2467 3762 2516 καὶ

532 2565 816 2633 perierunt
858 2563 926 2618 ob
961 2563 1277 2633 pestilentes
1320 2563 1765 2628 constitutiones,
1810 2573 1870 2618 ut
1898 2562 2105 2617 videre-

2217 2555 2294 2620 ὡς
2327 2555 2502 2628 ἀμνοῦ
2538 2556 2769 2611 ἐνώπιον
2811 2558 2902 2612 τοῦ
2949 2558 3233 2631 κείραντος
3275 2558 3537 2628 ἀφώνου,
3572 2557 3643 2629 τῷ
3668 2560 3762 2630 περὶ

531 2672 651 2711 mus
677 2655 1056 2711 excellentiam
1090 2655 1232 2712 illius
1271 2657 1362 2726 qui
1396 2655 1595 2711 ductus
1621 2666 1704 2712 est
1731 2654 1880 2712 velut
1900 2653 2018 2710 ovis
2047 2652 2105 2707 ad

2220 2645 2331 2701 τῶν
2366 2645 2662 2718 μαρτύρων
2695 2645 2870 2720 λόγῳ,
2903 2648 2999 2702 καὶ
3030 2647 3108 2720 τῷ
3139 2649 3280 2721 ὑπὲρ
3325 2649 3435 2704 τῶν
3469 2649 3761 2721 τεθνηκότων

530 2747 756 2810 caedem,
781 2747 982 2817 quique
1010 2747 1150 2802 sicut
1177 2763 1348 2818 agnus
1371 2761 1556 2803 coram
1582 2748 1843 2802 tondente
1872 2745 1969 2800 t‘uit
2002 2761 2105 2799 mu-

2226 2740 2316 2796 διά
2369 2739 2595 2813 λοιμικὰ
2645 2742 3044 2813 καταστήματα
3086 2741 3406 2813 διηγήματι.
3441 2743 3506 2795 Ei
3549 2742 3648 2813 γάρ
3667 2742 3760 2794 τάδε

533 2851 618 2894 tus
652 2839 719 2893 ¹⁶.
753 2837 997 2908 Namque
1045 2839 1092 2894 si
1141 2838 1321 2908 aliqua
1355 2841 1608 2910 gentibus
1639 2855 1745 2894 non
1781 2837 1923 2894 falso
1954 2836 2105 2893 histo-

2221 2836 2321 2906 μὲν
2349 2835 2456 2890 ὑπὸ
2492 2835 2759 2906 Ἐλλήνων
2789 2837 2851 2889 οὐ
2880 2837 3055 2911 μάτην
3083 2837 3366 2910 ἱστόρηται
3385 2877 3400 2902 ,
3443 2837 3516 2890 τά
3537 2837 3590 2891 δὲ
3618 2837 3762 2897 καλῶς

529 2930 625 2984 riis
668 2931 919 2985 mandata
953 2939 1101 2995 sunt,
1142 2931 1322 3001 aliqua
1348 2947 1477 2988 vero
1524 2942 1634 2988 tum
1678 2931 1746 2987 de
1779 2929 2105 3001 martyribus

2223 2934 2352 3006 περὶ
2390 2933 2499 2987 τῶν
2552 2931 2843 3005 μαρτύρων
2890 2930 3104 3004 εἴρηται
3156 2929 3653 3002 περικαθαρμάτων
3695 2926 3763 2980 τώ

528 3031 656 3076 sunt
688 3022 852 3087 dicta,
877 3022 968 3093 qui
995 3021 1210 3078 fuerunt
1237 3026 1422 3079 mundi
1445 3033 1804 3095 purgamenta
1831 3023 1898 3088 ",
1917 3034 2030 3077 tum
2048 3022 2105 3076 de

2221 3025 2428 3098 κόσμου
2463 3023 2762 3096 γινομένων
2791 3025 2884 3076 καὶ
2922 3023 3137 3077 πάντων
3167 3021 3457 3095 περίψημα
3504 3020 3765 3091 λεγομένω)

529 3111 918 3182 apostolis,'qni
955 3115 1201 3168 omnium
1231 3115 1618 3186 rcjectamenta
1637 3115 1706 3170 ob
1731 3117 1870 3170 hanc
1888 3127 2105 3169 causam

2218 3117 2307 3174 διὰ
2333 3117 2506 3172 ταῦτα
2538 3117 2645 3170 τῶν
2674 3115 3019 3180 ἀποστόλων,
3065 3115 3118 3168 τί
3147 3114 3492 3186 ὑποληπτέον
3522 3115 3612 3169 καὶ
3639 3111 3764 3182 πηλί-

529 3205 809 3262 dicuntur.
833 3205 962 3273 quid
992 3213 1046 3259 et
1073 3216 1345 3274 quantum
1379 3209 1723 3264 sentiendum
1751 3217 1835 3263 est
1867 3210 1933 3262 de
1958 3206 2105 3276 Agno

2218 3228 2314 3266 κον
2344 3211 2473 3284 περὶ
2507 3211 2602 3264 τοῦ
2642 3207 2838 3282 ’Λμνοῦ
2873 3209 2966 3263 τοῦ
2997 3207 3132 3262 θεοῦ
3153 3248 3168 3273 ,
3198 3207 3287 3262 διὰ
3327 3207 3491 3262 τοῦτο
3524 3207 3764 3278 θυομένου,

531 3297 622 3350 illo
649 3298 766 3361 Dei,
799 3298 891 3367 qui
922 3301 991 3353 ob
1023 3300 1165 3353 hanc
1194 3315 1420 3354 causam
1456 3300 1803 3355 sacrilicatur
1825 3340 1840 3365 ,
1865 3309 1924 3354 ut
1961 3297 2105 3353 tollat

2220 3303 2304 3358 ἵνα
2339 3302 2447 3376 ἄρῃ
2475 3300 2750 3373 ἁμαρτίαν
2781 3301 2881 3354 οὐκ
2908 3299 3128 3370 ὀλίγων,
3155 3298 3270 3353 ἀλλ’
3303 3297 3426 3353 ὅλου
3457 3297 3552 3353 τοῦ
3580 3298 3766 3366 κόσμου,

531 3397 960 3457 peccatum,non
988 3390 1419 3459 paucorum,scd
1441 3392 1607 3446 t0tius
1630 3392 1847 3455 mundi,
1879 3405 1978 3460 pro
2006 3405 2105 3459 quo

2221 3395 2363 3468 ὑπὲρ
2381 3389 2442 3448 οῦ
2459 3394 2550 3449 καὶ
2563 3393 2797 3448 πέπονθε
2818 3410 2833 3459 ;
2861 3411 2878 3444 ι
2905 3392 3023 3446 Κᾶν
3045 3390 3154 3464 γάρ
3168 3409 3252 3456 τις
3272 3391 3770 3466 ἀμάρτῃ,παράχὶ.ηο

530 3495 586 3538 et
614 3499 803 3553 passus
833 3484 952 3538 est?
989 3503 1007 3536 ‹
1043 3483 1301 3550 Quamvis
1337 3484 1479 3538 enim
1538 3495 1723 3554 peccet
1759 3484 1977 3554 aliquis,
2021 3485 2105 3539 ad-

2219 3505 2310 3543 τον
2339 3486 2536 3559 ἔχομεν
2560 3485 2696 3557 πρὸς
2715 3485 2806 3540 τὸν
2827 3484 3048 3556 Πατέρα
3087 3482 3294 3555 Ἰησοῦν
3306 3484 3546 3556 Χριστὸν
3578 3482 3766 3543 δίκαιον,

530 3586 778 3630 vocatum
811 3577 1074 3631 habemus
1091 3576 1232 3647 apud
1269 3575 1484 3630 Patrem
1512 3574 1992 3631 JesumChristum
2019 3576 2105 3645 ju«

2220 3578 2316 3632 καὶ
2364 3577 2526 3641 αὐτὸς
2561 3576 2785 3648 ἱλασμός
2818 3577 2934 3629 ἐστι
2986 3574 3115 3647 περὶ
3153 3573 3263 3628 τῶν
3295 3573 3584 3646 ἁμαρτιῶν
3613 3573 3768 3646 ἡμῶν·

531 3679 712 3736 stum;
754 3667 912 3739 155
942 3678 996 3724 et
1024 3670 1137 3738 ipse
1162 3670 1476 3740 propitiatio
1501 3679 1587 3725 est
1615 3683 1714 3740 pro
1745 3669 1984 3738 peccatis
2014 3684 2105 3722 no-

2217 3669 2318 3722 οὐκ
2345 3669 2438 3722 ἐπὶ
2470 3667 2575 3721 τῶν
2607 3666 2892 3738 ἡμετέρων
2920 3664 2977 3719 δὲ
3007 3666 3187 3737 μόνον,
3226 3666 3361 3720 ἀλλά
3397 3666 3493 3720 καὶ
3520 3664 3643 3738 περὶ
3677 3664 3770 3716 ὅλου

531 3763 661 3817 stris
692 3779 707 3818 :
735 3781 839 3817 non
870 3778 970 3832 pro
1001 3764 1201 3818 nostris
1234 3773 1416 3818 autem
1443 3773 1673 3827 tantum,
1698 3762 1793 3818 sed
1819 3763 1980 3816 etiam
2015 3777 2105 3831 pro

2215 3758 2312 3812 τοῦ
2346 3759 2585 3831 κόσμου·
2619 3777 2637 3810 ι
2673 3758 2795 3811 ἐπεὶ
2827 3778 2846 3810 ι
2882 3759 3074 3831 Σωτήρ
3104 3759 3220 3811 ἐστι
3245 3759 3464 3812 πάντων
3481 3757 3769 3830 ἀνθρώπων,

534 3852 699 3907 totius
751 3853 933 3907 mundi
961 3853 1042 3921 ‘9;
1076 3871 1096 3906 ι
1132 3855 1387 3925 quoniam
1425 3873 1443 3907 ι
1471 3854 1734 3910 Scrvator
1758 3863 1838 3908 est
1869 3855 2105 3908 omnium

2217 3850 2312 3904 καὶ
2347 3851 2584 3922 μάλιστα
2614 3848 2850 3904 πιστῶν·
2883 3850 2912 3903 ό
2947 3848 3233 3921 ἐξαλείψας
3269 3851 3332 3903 τὸ
3360 3849 3486 3904 καθ’
3512 3849 3660 3922 ἡμῶν
3684 3866 3769 3919 χει-

533 3944 813 3999 hominum
843 3986 858 4012 ,
889 3954 940 4000 et
970 3947 1206 4000 maxime
1234 3946 1471 4002 ﬁdelium
1499 3947 1541 3980 "
1577 3965 1590 4003 :
1629 3965 1648 4000 ι
1689 3948 1776 4017 qui
1809 3962 1908 4002 suo
1944 3947 2105 4016 ipsius

2218 3945 2493 4016 ρόγραφον
2519 3963 2536 3996 ι
2573 3944 2653 4015 τῷ
2687 3943 2881 3998 ἑαυτοῦ
2935 3944 3127 4015 αἵματι
3153 3984 3168 4009 ,
3208 3962 3227 3995 ι
3260 3943 3356 3998 καὶ
3402 3943 3545 4017 ἄρας
3574 3943 3693 3998 αὐτὸ
3725 3944 3770 3993 ἐκ

529 4037 792 4106 sanguine
829 4056 846 4088 ι
883 4038 1331 4108 chirographum,
1355 4037 1498 4108 quod
1533 4039 1798 4092 adversus
1840 4051 1939 4092 nos
1963 4045 2105 4099 erat,

530 4125 756 4190 delevit,
790 4137 846 4181 et
877 4126 1007 4182 illud
1037 4127 1257 4181 sustulit
1283 4143 1313 4181 c
1337 4128 1532 4194 medio,
1555 4139 1608 4186 et
1629 4129 1794 4184 aﬁixit
1816 4130 1960 4186 cruci
1987 4127 2055 4195 ",
2086 4146 2105 4179 ι

533 4226 687 4272 utne
715 4219 941 4288 vestigia
991 4217 1216 4289 quidem
1273 4226 1623 4283 peccatorum
1677 4228 2106 4286 perpetratorum

2213 4035 2307 4088 τοῦ
2352 4035 2519 4107 μέσου
2539 4075 2555 4100 ,
2599 4055 2617 4088 ι
2639 4035 2728 4090 ἵνα
2757 4035 2891 4107 μηδὲ
2923 4035 3042 4108 ῐχνη
3072 4035 3176 4090 κᾶν
3210 4036 3658 4110 ἀπαληλιμμένον
3687 4033 3771 4086 τῶν

2216 4129 2628 4202 ἁμαρτημάτων
2675 4129 3033 4201 εὑρίσκηται,
3089 4148 3106 4180 ι
3151 4131 3245 4184 καὶ
3296 4129 3655 4202 προσηλώσας
3713 4127 3771 4194 τῷ

2216 4219 2437 4293 σταυρῷ
2458 4239 2470 4252 ο
2508 4239 2525 4271 ι
2553 4251 2622 4259 -
2645 4220 2704 4285 ὃς
2731 4222 3178 4293 ἀπεκδυσάμενος
3206 4223 3302 4286 τάς
3340 4222 3518 4297 ἀρχὰς
3544 4263 3559 4287 ,
3592 4222 3676 4277 καὶ
3696 4221 3771 4280 τὰς

536 4311 885 4367 inveniantur
918 4328 932 4366 :
968 4311 1056 4382 qui
1093 4329 1112 4363 ι
1147 4309 1462 4380 exspolians
1491 4310 1830 4379 principatus
1862 4327 1923 4365 ac
1955 4321 2105 4380 potc«

2218 4313 2467 4379 ἐξουσίας
2497 4313 2875 4385 ἐδειγμάτισεν
2918 4313 2975 4366 ἐν
3013 4317 3078 4385 τῇ
3116 4315 3398 4389 παρρησία
3429 4313 3770 4387 θριαμϐεύσας

636 4477 679 4508 ’⁸
711 4476 811 4530 lsa.
841 4489 891 4538 ι,
920 4486 1000 4533 ιιι,
1035 4471 1086 4524 7.
1163 4469 1204 4502 ν’
1231 4467 1251 4521 l
1277 4465 1402 4522 Cor.
1437 4480 1508 4531 tv,
1541 4463 1627 4520 15.
1706 4463 1748 4494 ¹⁸
1772 4469 1791 4515 1
1814 4465 1968 4517 Joan.
2010 4479 2070 4530 ιι,
2101 4487 2105 4496 ε

2211 4476 2238 4519 :.
2313 4465 2355 4498 ¹⁹
2385 4463 2405 4518 1
2434 4461 2574 4519 Tim.
2605 4477 2678 4528 tv,
2720 4460 2805 4518 10.
2882 4461 2929 4492 ’⁸
2964 4459 3140 4515 Colos.
3176 4475 3236 4526 ιι,
3266 4459 3350 4514 Μ.

602 4582 717 4652 (57)
771 4581 1129 4652 Ἐφόρτιζον.
1163 4583 1254 4638 Sic
1281 4584 1450 4638 codex
1485 4581 1846 4642 Bodleianus:
1881 4580 2100 4652 Regius,

2211 4597 2346 4637 nes:
2383 4578 2910 4652 Mapapvﬁpqcazﬁé
2958 4578 3050 4633 καὶ
3100 4577 3253 4652 παρὰ
3284 4581 3397 4644 τοῖς
3435 4578 3664 4652 ἔθνεσιν,
3704 4578 3770 4652 ὅτι

530 4652 816 4717 ὲφοίτιζον.

563 4671 1483 4795 φῖδῖβΕψάψωτομτεθγηκότος.
1506 4721 1579 4776 Ita
1602 4719 1724 4778 cod.
1746 4718 1998 4776 Bodleian
2008 4735 2101 4788 us;

533 4790 758 4864 Regius,
783 4790 988 4864 ὲῲάψαι
1017 4791 1113 4864 τοῦ
1145 4790 1486 4864 τεθνηκότος.

529 4872 532 4874 ⁷
605 4860 719 4937 (39)
758 4860 1599 4937 Upog'dgetpl-p'qyer_§é,_orrép
1621 4860 1740 4937 ’τοῦΔ
1761 4862 1854 4924 τό,
1882 4871 1988 4917 etc.
2023 4861 2103 4937 Ex

537 4930 626 4992 his
662 4930 848 4991 verbis
872 4930 1256 4990 Tillemontius
1281 4930 1485 4999 aliquid
1519 4947 1680 5002 supra
1709 4932 1900 4987 deesse
1927 4935 2104 5000 suspi-

537 5018 714 5071 catur,
746 5006 836 5060 ubi
885 5015 999 5059 tum
1045 5005 1112 5059 de
1139 5003 1492 5074 martyribus,
1522 5014 1630 5058 tum
1659 5003 1733 5074 de
1763 5011 1914 5071 peste
1961 5018 2102 5071 qua-

537 5077 660 5130 dam
711 5090 833 5146 quae
888 5075 1074 5129 uullibi
1120 5073 1456 5146 inkhistoria
1499 5073 1796 5146 reperitur,
1853 5085 2102 5146 qumque,

542 5143 745 5215 inquit,
777 5146 919 5200 circa
950 5161 1148 5215 annum
1173 5143 1282 5198 2'52
1312 5143 1557 5215 fortassis
1587 5153 1826 5215 grassata
1854 5153 1956 5215 est,
1985 5143 2107 5198 Ori-

539 5213 706 5288 genes
739 5215 905 5288 multa
931 5217 1108 5288 verba
1127 5213 1353 5278 fecerat.
1389 5213 1602 5288 Verum
1623 5213 1976 5288 idunongsatis
2016 5229 2105 5288 as-

539 5284 762 5354 Sequor,
796 5286 940 5339 unde
973 5285 1244 5353 conjicere
1274 5285 1515 5354 potuerit
1555 5285 1954 5342 eruditissimus
1999 5284 2103 5338 vir.

545 5355 844 5425 Utrumque
907 5355 1052 5408 enim
1099 5356 1185 5410 hic
1238 5356 1551 5425 exsequitur
1600 5354 1896 5422 Origenes,
1941 5364 1996 5408 ct
2041 5357 2107 5410 de

543 5429 894 5496 martyribus,
925 5435 979 5496 et
1021 5425 1088 5478 dc
1131 5426 1198 5481 iis
1235 5428 1323 5494 qui
1361 5427 1638 5495 perierunt
1667 5425 1738 5496 ob
1771 5425 2107 5496 pestilentia-

543 5511 662 5551 rum
691 5494 1118 5551 constitutiones
1165 5494 1413 5565 superius
1458 5500 1622 5552 verba
1671 5494 1916 5565 faciens.
1956 5494 2108 5550 Unde

529 5566 767 5620 minime
793 5566 1140 5620 detruncatus
1169 5564 1439 5635 putandus
1466 5578 1550 5622 est
1583 5565 1670 5622 ille
1700 5566 1868 5621 locus.
1906 5564 2109 5620 Deinde

543 5649 672 5690 vero
706 5636 794 5689 hic
832 5650 941 5706 non
983 5636 1164 5706 agitur
1189 5636 1253 5689 de
1276 5637 1347 5706 iis
1377 5638 1468 5706 qui
1499 5652 1636 5692 nova
1684 5637 1915 5706 quadam
1958 5646 2110 5706 peste

544 5705 851 5776 consumpti
882 5705 1162 5774 perierint.
1192 5705 1284 5758 scd
1311 5710 1377 5760 de
1398 5705 1473 5762 iis
1505 5707 1598 5776 qui
1629 5707 1934 5775 antiquitus
1961 5705 2106 5774 apud

545 5775 797 5842 gentiles,
843 5789 964 5828 cum
1001 5777 1312 5844 pestilentes
1357 5775 1535 5832 morbi
1571 5787 1987 5845 grassarentur,
2024 5788 2112 5828 se-

547 5847 692 5912 ipsos
743 5845 794 5898 in
849 5845 1096 5899 victimas
1157 5857 1255 5914 pro
1309 5847 1482 5912 patria
1539 5843 1901 5900 tradiderunt.
1933 5843 2108 5914 Quod

545 5915 824 5972 eridcntcr
869 5915 1036 5982 liquet
1077 5913 1240 5970 exeo
1273 5918 1418 5980 quod
1460 5931 1623 5980 supra
1663 5927 1737 5970 att
1769 5916 1884 5980 ipse
1919 5913 2108 5980 Orige-

2212 4650 2396 4706 πολλοί
2427 4648 2591 4714 τινες,
2623 4648 2888 4722 λοιμικῶν
2921 4648 3308 4722 ὲνσκηψάντων
3336 4649 3772 4722 έννταζςίὲαυτῶν

2211 4722 2441 4794 πατρίσι
2465 4719 2810 4794 νοσημάτων,
2837 4719 3466 4794 ἑαυτοὺςσφάγιαῌύπὲρ
3482 4721 3591 4794 *τοῦ
3617 4719 3771 4773 κοινοῦ

2210 4789 2647 4866 παραδεδῶκασι.
2683 4793 2793 4845 Καὶ
2831 4790 3196 4866 παραδέχεται
3224 4789 3386 4866 ταῦθ’
3427 4789 3594 4866 ξοῦτω
3637 4807 3772 4866 γεγο-

2209 4861 2380 4927 νένάι,
2413 4862 2514 4917 οὐκ
2539 4863 2752 4934 ἀλόγως
2783 4861 3080 4934 πιστεύσας
3112 4864 3239 4934 ταῖς
3266 4861 3584 4934 ίστορίαιςρ
3609 4861 3770 4920 πιστὸς

2210 4935 2477 5007 Κλήμης,
2528 4931 2634 4987 ὑπὸ
2687 4931 2900 4986 Παύλου
2967 4931 3432 5007 μαρτυρούμενος.
3485 4953 3506 4986 ι
3545 4933 3768 5007 Relatum

2210 5003 2498 5075 antemae
2517 5011 2777 5059 testatum
2814 5003 2977 5075 etiam
3005 5003 3161 5072 apud
3176 5003 3403 5075 gentiles
3427 5013 3533 5067 est,
3569 5003 3768 5075 multos,

2209 5092 2329 5131 cum
2369 5073 2684 5147 pestilentes
2715 5073 2891 5147 morbi
2922 5073 3330 5147 grassarentur,
3365 5075 3580 5147 seipsos
3626 5074 3674 5127 in
3707 5075 3770 5123 vi-

2209 5144 2404 5202 ctimas
2442 5159 2540 5216 pro
2586 5145 2764 5216 patria
2817 5144 3124 5216 tradidisse.
3156 5145 3336 5216 Atque
3386 5145 3505 5216 haec
3552 5144 3624 5199 ita
3657 5158 3769 5216 eve-

2209 5219 2356 5272 nisse
2409 5213 2664 5281 admittit,
2716 5228 2822 5269 non
2877 5214 2995 5269 sine
3031 5229 3196 5269 causa
3257 5214 3505 5269 historiis
3561 5213 3770 5267 credens

2205 5288 2460 5342 Clemens
2500 5285 2590 5340 ille
2623 5285 2830 5350 ﬁdelis,
2882 5287 2970 5340 cui
3028 5285 3401 5341 testimonium
3452 5282 3706 5340 tribuitur
3747 5296 3771 5333 ι

2211 5357 2399 5413 Paulo.
2429 5376 2446 5408 ι
2503 5357 2714 5412 Similia
2751 5354 2958 5425 profert
2995 5356 3066 5425 iu,
3105 5355 3295 5410 iisdem
3343 5353 3771 5425 commentariis,

2207 5439 2343 5482 tom.
2398 5443 2596 5488 xxvm,
2638 5420 2789 5480 n'nni.
2839 5427 2927 5486 15.
2961 5435 3018 5480 ct
3060 5424 3157 5489 lib,
3184 5439 3237 5478 tv
3269 5427 3323 5478 in
3377 5424 3668 5491 Epistulam
3715 5420 3772 5472 ad

2210 5499 2494 5563 Romanos,
2521 5513 2640 5566 cap.
2666 5497 2719 5562 5,
2740 5513 2890 5552 uum.
2912 5495 2976 5562 4;
3001 5496 3270 5566 atquelib.
3299 5505 3522 5550 tcontra
3551 5493 3771 5566 Celsum,

2209 5583 2362 5624 num.
2380 5570 2472 5624 51.
2493 5564 2634 5623 Nihil
2657 5581 2823 5638 porro
2847 5569 3029 5638 notius
3041 5564 3111 5638 iis
3125 5582 3246 5635 qua:
3271 5566 3586 5638 referuntur
3599 5565 3665 5638 de
3681 5564 3774 5616 Nc-

2215 5653 2428 5704 nceceo,
2485 5635 2687 5700 Codro}
2723 5635 2987 5698 Macaria,
3039 5636 3361 5704 Protogenia
3411 5645 3468 5692 et
3515 5635 3768 5693 Pandora.

2213 5709 2471 5765 Philaenis
2499 5708 2780 5771 fratribus,
2809 5707 2901 5761 bei
2939 5706 3176 5773 ﬁliabus,
3199 5707 3412 5769 Curtio.
3443 5705 3625 5764 Deciis
3643 5705 3773 5761 aliis-

2217 5779 2456 5904 q30,l(Itli
2489 5794 2550 5834 se
2579 5779 2724 5835 ultro
2757 5776 2914 5835 morti
2952 5793 3051 5848 pro
3081 5778 3352 5835 communi
3387 5778 3592 5832 civium
3621 5776 3772 5832 Salute

2217 5866 2248 5900 υ
2293 5859 2346 5903 tu
2374 5861 2550 5904 erunt.

2216 5851 2550 5905 obtulerunt.
