3816 6526
24 465 115 519 297

1097 468 1450 528 COMMENT.
1489 463 1557 525 ΙΝ
1597 471 1787 528 JOAN.
1826 471 2063 530 TOMUS
2102 472 2189 531 Vl.

3149 483 3257 536 2538

21 586 71 638 ἐν
208 584 355 657 Ξύλῳ.
384 604 402 635 ι
448 587 559 639 Καὶ
611 585 833 660 θαρρεῖν
870 586 1000 657 γοῦν
1054 587 1358 660 θλισὸμενοι
1403 590 1460 642 ὲν
1503 589 1577 660 τῷ

1686 601 1856 675 states
1887 594 2183 648 ostentavit
2215 593 2389 663 palam
2444 594 2786 666 triumphans
2833 597 2883 651 in
2916 592 3062 668 ligno
3105 601 3180 675 ξι.
3234 621 3254 654 ι

19 672 199 746 κόσμῳ
230 675 614 749 διδασκόμεθα,
646 677 743 749 τὴν
772 679 950 732 αἰτίαν
977 679 1071 733 τοῦ
1100 681 1321 754 θαρρεῖν
1364 684 1572 753 μανθά-

19 783 191 831 νοντες
227 768 427 840 ταύτην
452 761 595 823 εἶναι
648 770 710 823 τὺ
747 771 1058 842 νενικῆσθαι
1098 773 1187 827 τὸν
1227 775 1449 847 κόσμον,
1487 777 1580 830 καὶ

19 857 243 930 δηλονότι
273 861 637 934 ὑποτετάχθαι
664 861 743 935 τῷ
769 867 1052 935 νικήσαντι
1074 866 1256 920 αὐτόν.
1292 867 1393 922 Διὰ
1423 868 1581 923 τοῦτο

20 952 185 1004 πάντα
212 951 278 1006 τά
317 952 478 1025 ἔθνη,
533 955 797 1012 ἀνεθέντα
846 958 953 1012 ἀπὸ
1010 958 1119 1013 τῶν
1162 960 1427 1034 πρότερον
1463 966 1581 1017 ἐπι-

19 1044 343 1116 κρατούντων
373 1047 716 1103 δουλεύουσιν
757 1050 934 1123 αὺτῷ,
974 1072 993 1104 ι
1026 1052 1106 1106 ὅτι
1140 1053 1407 1126 ἐρρύσατο
1437 1073 1581 1109 πτω-

18 1140 95 1208 χὸν
125 1141 190 1192 ἐκ
211 1140 467 1195 δυνάστου
499 1163 517 1193 ι
546 1142 635 1197 διὰ
660 1142 753 1196 τοῦ
787 1143 918 1197 ἰδίου
948 1144 1176 1210 πάθους,
1211 1166 1227 1196 ι
1254 1146 1347 1200 καὶ
1375 1147 1580 1220 πένητα

16 1222 48 1297 ᾧ
73 1231 174 1302 ούχ
190 1233 409 1306 ,ὑπῆρχε
437 1233 633 1304 βοηθός
661 1234 796 1307 (40).
828 1255 847 1287 ι
889 1228 1057 1301 Οὗτος
1093 1235 1156 1308 δὴ
1182 1239 1211 1291 ὁ
1241 1237 1393 1309 Σωτὴ
1403 1256 1453 1309 ρ,
1485 1257 1581 1291 τα-

16 1319 271 1391 πεινώσας
313 1328 675 1400 συκοφάντην,
723 1327 809 1382 διὰ
845 1328 938 1382 τοῦ
967 1330 1155 1384 ἑαυτὸν
1179 1333 1579 1385 τεταπεινωκέ-

15 1436 122 1482 ναι,
161 1419 580 1491 συμπαραμένει
618 1419 698 1491 τῷ
744 1414 920 1492 νοητῷ
952 1422 1087 1494 ἡλίῳ
1138 1414 1245 1496 πρὸ
1287 1425 1383 1495 τῆς
1436 1423 1578 1494 λαμ-

14 1512 275 1583 προτάτης
311 1513 638 1585 Ἐκκλησίας
661 1554 676 1578 ,
717 1513 1121 1587 τροπικώτερον
1154 1515 1391 1587 Σελήνης
1423 1515 1578 1584 λεγο-

14 1607 172 1675 μένης
197 1644 211 1666 ,
266 1604 551 1675 τυγχάνων
600 1604 805 1675 γενεῶν
862 1610 1094 1676 γενεαῖς.
1141 1607 1367 1661 Ἀνελὼν
1407 1607 1463 1661 δὲ
1491 1607 1579 1661 διά

12 1696 91 1749 τοῦ
136 1697 338 1761 πάθους
372 1698 500 1762 τοὺς
542 1698 835 1771 πολεμίους
885 1701 915 1753 ὁ
967 1702 1025 1753 ὲν
1082 1699 1304 1771 πολέμῳ
1355 1698 1585 1763 δυνατὸς

13 1792 93 1842 καὶ
123 1791 380 1861 κραταιὸς
426 1791 653 1863 Κύριος,
691 1791 987 1864 καθαρσίου
1034 1793 1286 1864 δεόμενος
1333 1791 1426 1846 τοῦ
1471 1793 1578 1846 ἀπὸ

16 1884 167 1952 μόνου
196 1883 289 1937 τοῦ
322 1884 538 1956 [ἰατρὸς
578 1884 726 1956 αὐτῷ
771 1885 990 1957 δοθῆναι
1022 1887 1115 1939 ἐπὶ
1147 1886 1257 1949 τοῖς
1301 1885 1575 1956 ἀνδραγα-

1683 668 1870 755 Itaque
1901 684 2082 741 alllicti
2118 687 2170 742 in
2201 687 2404 743 mundo
2457 689 2718 745 docemur
2750 690 3048 758 conﬁdere,
3090 670 3262 747 conli-

1683 772 1844 831 dendi
1894 794 2113 835 causam
2168 778 2308 835 hanc
2358 796 2478 836 esse
2529 782 2705 838 educti
2753 782 2878 853 quia
2929 786 3159 841 mundus
3188 785 3261 840 sit

1682 873 1903 937 victus,
1957 887 2117 941 quem
2170 866 2519 944 perspicuum
2582 868 2675 943 est'
2707 878 2899 932 victori
2951 877 3254 944 subiectum

1684 963 1876 1018 fuisse.
1918 961 2072 1019 Unde
2102 964 2266 1019 etiam
2297 979 2488 1021 omnes
2511 977 2723 1035 gentes,
2764 964 3024 1025 absoluta:
3064 966 3134 1026 ab
3171 970 3259 1026 his

1682 1056 1774 1127 qui
1827 1066 1952 1112 ante
1985 1057 2422 1128 praevaluerant,
2464 1062 2711 1116 serviunt
2756 1064 2880 1133 ipsi,
2922 1080 2940 1114 ι
2996 1058 3257 1134 quoniam

1684 1149 1938 1206 liberavit
1967 1152 2275 1207 mendicum
2302 1136 2331 1206 a
2362 1163 2604 1225 potente,
2647 1175 2665 1207 ι
2706 1170 2801 1226 per
2840 1157 3111 1226 pr0priam
3138 1170 3261 1225 pas-

1682 1240 1912 1307 sionem,
1937 1261 1956 1293 ι
1992 1252 2045 1297 et
2080 1258 2393 1312 pauperem,
2428 1244 2519 1298 cui
2554 1244 2731 1300 nullus
2762 1255 2881 1301 erat
2909 1242 3208 1312 adjutor”.
3234 1264 3253 1299 ι

1683 1331 1781 1387 llic
1825 1333 1991 1401 igitur
2017 1334 2274 1390 Servator
2297 1380 2311 1401 ,
2364 1336 2649 1392 bumiliato
2673 1330 3064 1393 calumniatore
3088 1340 3134 1371 "
3168 1339 3258 1409 (eo

1682 1418 1827 1488 quod
1872 1424 2113 1492 seipsqu
2152 1424 2568 1497 hmniliaverit).
2610 1442 2733 1482 cum
2764 1427 3085 1494 intelligibili
3130 1427 3259 1484 Sole

1682 1525 1996 1584 permanet,
2024 1532 2208 1572 coram
2248 1519 2681 1588 splendidissima
2717 1518 2955 1578 Ecclesia
2982 1522 3123 1596 (quze
3147 1532 3259 1578 tro-

1682 1603 1799 1674 pice
1835 1606 1972 1686 luna
1993 1604 2215 1677 dicitur)
2246 1623 2274 1660 a
2322 1611 2675 1679 generatione
2721 1610 2775 1664 in
2821 1606 3257 1683 generationem.

1682 1691 1896 1751 Etcum
1926 1696 2109 1752 hostes
2143 1712 2240 1766 per
2277 1702 2584 1768 passionem
2614 1701 2927 1757 sustulisset
2965 1714 3157 1772 potens
3202 1712 3261 1760 et

1683 1789 1841 1845 fortis
1874 1790 1925 1845 in
1970 1792 2115 1848 bello
2146 1793 2406 1849 Dominus
2432 1794 2498 1861 “,
2530 1795 2722 1865 poculo
2759 1796 3133 1867 puriﬁcatorio
3171 1799 3262 1853 in-

1682 1884 1875 1954 digens
1905 1885 2071 1955 (quod
2103 1901 2131 1938 a
2166 1885 2284 1941 solo
2313 1885 2480 1942 Patre
2508 1887 2577 1953 ob
2626 1897 2776 1944 recte
2824 1888 2970 1945 facta
3003 1889 3119 1945 dari
3154 1890 3260 1947 sibi

16 1975 72 2045 in"
81 1992 211 2045 μασι
242 1974 543 2046 δυναμένου
570 2018 585 2042 ,
636 1976 835 2031 κωλύει
878 1977 1038 2031 αὑτὸν
1069 1977 1307 2048 ἅψασθαι
1333 1978 1432 2049 τὴν
1462 1981 1577 2033 Μα-

1686 1975 1926 2048 potest),
1985 1975 2236 2047 prohibet
2271 1976 2495 2034 Mariam
2549 1981 2789 2050 seipsum
2847 1976 3110 2051 tangere,
3170 1983 3258 2038 di-

14 2070 146 2140 ρίαν,
168 2067 371 2136 λέγων·
407 2087 425 2120 ι
458 2071 549 2140 Μή
588 2064 699 2140 μου
721 2071 912 2133 ἆπτου,
941 2069 1091 2124 οὔπω
1123 2069 1231 2143 γὰρ
1266 2071 1580 2143 ἀναϐέϐηκα

12 2159 135 2230 πρὸς
165 2160 254 2213 τὸν
280 2161 533 2234 Πατέρα⁸
565 2162 702 2217 ἀλλὰ
732 2163 987 2235 πορεύου,
1017 2164 1111 2216 καὶ
1137 2163 1257 2235 εἰπὲ
1283 2166 1397 2228 τοῖς
1421 2164 1579 2219 ἀδελ-

12 2255 116 2320 ςοίς
148 2270 249 2324 μου
270 2271 284 2283 θ
317 2255 631 2328 Πορεύομαι
663 2256 801 2327 πρὸς
830 2256 922 2309 τὸν
950 2255 1170 2329 Πατέρα
1200 2274 1323 2327 μου,
1353 2258 1447 2310 καὶ
1470 2254 1581 2312 [Ια-

11 2348 124 2421 τέρα
157 2347 333 2420 ὑμῶν,
360 2348 456 2402 καὶ
493 2348 628 2403 Θεόν
649 2367 771 2422 μου,
804 2350 897 2403 καὶ
926 2349 1058 2403 Θεὸν
1086 2349 1259 2421 ὑμῶν.
1292 2370 1310 2402 ι
1344 2352 1473 2404 Ὅτε
1522 2353 1579 2406 δὲ

12 2440 287 2511 πορεύεται
333 2442 630 2513 νικηφόρος
689 2442 782 2494 καὶ
835 2441 1230 2514 τροπαιοφόρος
1290 2442 1428 2514 μετὰ
1467 2443 1577 2514 (41)

10 2533 87 2586 τοῦ
141 2534 206 2586 ἐκ
248 2532 459 2605 νεκρῶν
494 2534 824 2599 ἀναστάντος
872 2533 1142 2605 σώματος,
1177 2534 1317 2605 (πῶς
1347 2536 1455 2608 γάρ
1486 2536 1579 2590 άλ-

10 2624 99 2691 λως
144 2626 225 2679 δεῖ
254 2629 397 2681 νοεῖν
434 2626 527 2688 τὸ,
569 2644 588 2677 ι
623 2626 790 2681 Οὔπω
818 2624 1133 2698 ἀναϐέϐηκα
1169 2627 1303 2699 πρὸς
1340 2628 1432 2682 τὸν
1468 2630 1580 2683 Πα-

10 2720 126 2790 τέρα
160 2719 439 2791 μουςδκαὶ
480 2719 542 2772 τὸ
564 2740 613 2783 ,ι
636 2718 943 2792 Πορεύομαι
977 2718 1033 2772 δὲ
1072 2719 1209 2791 πρὸς
1238 2718 1330 2774 τὸν
1357 2720 1577 2793 Πατέρα

12 2827 135 2880 pou;
161 2812 208 2881 ι)
234 2809 355 2862 τότε
380 2809 478 2879 μέν
496 2804 645 2873 τινες
678 2807 897 2877 λέγουσι
926 2807 1186 2879 δυνάμεις
1206 2824 1219 2837 ο
1250 2826 1269 2858 ι
1300 2807 1396 2872 Τίς
1419 2802 1576 2872 οὗτος

8 2905 29 2954 ὁ
69 2902 510 2973 παραγενόμενος
557 2899 618 2966 ἐξ
671 2900 882 2972 Ἐδὼμ,
928 2899 1180 2973 ἐρύθημα
1228 2900 1458 2971 ἱματίων
1512 2903 1577 2955 ὲκ

10 2995 183 3068 Βοσὼρ
204 3035 219 3061 ,
289 2994 464 3059 οὕτως
512 2994 713 3064 ὡραῖος
751 2987 906 3067 (42);
940 3014 956 3044 ι
990 2996 1037 3047 oi
1071 2994 1125 3047 δὲ
1159 2994 1578 3067 προπέμποντες

8 3086 155 3140 αὑτὸν
180 3088 290 3150 τοῖς
317 3087 407 3139 ἐπὶ
436 3085 544 3139 τῶν
571 3083 837 3157 οὐρανίων
862 3082 1043 3136 πυλῶν
1065 3084 1422 3155 τεταγμένοις
1445 3086 1578 3155 φασὶ

8 3180 86 3231 τό·
129 3200 146 3229 ι
179 3179 382 3250 Ἄρατε
415 3177 612 3242 πύλας,
663 3178 711 3230 οἱ
757 3175 1035 3248 ἄρχοντες,
1068 3175 1243 3247 ὑμῶν,
1276 3177 1371 3229 καὶ
1408 3178 1578 3249 ἐπάρ-

8 3268 143 3339 θητε,
184 3268 350 3322 πύλαι
387 3268 621 3329 αἰώνιοι,
682 3269 778 3321 καὶ
821 3265 1188 3319 εἰσελεύσεται
1238 3267 1267 3318 ὀ
1324 3266 1577 3337 βασιλεὺς

7 3363 92 3430 τῆς
120 3360 299 3431 δόξης.
337 3380 356 3412 ι
392 3360 516 3413 Ἔτι
549 3359 606 3411 δὲ
647 3357 1031 3421 πυνθάνονται,
1058 3358 1241 3422 οἱονεὶ,
1289 3358 1337 3409 εἰ
1366 3357 1445 3409 δεῖ
1485 3355 1576 3411 οὔ·
1605 3340 1647 3396 C

7 3467 98 3515 τως
134 3452 334 3513 εἰπεῖν,
383 3449 715 3521 ᾑμαγμένην
764 3445 875 3518 (ἑῦ)
925 3444 1090 3498 αὐτοῦ
1141 3444 1431 3515 βλέποντες
1476 3442 1576 3514 τὴν

7 3540 191 3604 ζεξιάν,
242 3541 343 3594 καὶ
384 3539 506 3592 ὂλον
538 3535 969 3610 πεπληρωμένον
1006 3534 1117 3588 τῶν
1155 3534 1264 3588 ἀπὸ
1302 3534 1402 3604 τῆς
1457 3535 1577 3604 ἀρι-

6 3636 171 3698 στείας
189 3635 401 3706 ἔργων·
440 3651 458 3683 ι
486 3615 657 3686 Διάτί
687 3648 781 3684 σου
804 3629 1011 3702 ἐρυθρὰ
1037 3627 1106 3682 τὰ
1134 3629 1346 3699 ἱμάτια,
1383 3628 1475 3681 καὶ
1507 3626 1577 3679 τά

2 3726 261 3797 ἐνδύματα
293 3743 386 3778 σου
421 3725 497 3788 ὡς
539 3722 878 3793 ἀποπάτημα
916 3720 1077 3791 ληνοῦ
1111 3720 1351 3791 πλήρους
1406 3735 1576 3773 κατα-

6 3818 417 3890 ππατημένηςς
446 3837 463 3868 ι
506 3818 595 3870 ὅτε
637 3816 731 3869 καὶ
766 3814 1158 3887 ἀποκρίνεται·
1201 3831 1219 3863 ι
1249 3810 1576 3866 Κατέθλασα

5 3912 205 3977 αὐτούς.
237 3932 259 3963 ι
300 3909 546 3980 Ἀληθῶς
574 3909 683 3982 γὰρ
709 3907 803 3961 ἐπὶ
824 3906 1037 3970 τούτοις
1058 3905 1305 3977 δεδέηται
1327 3903 1422 3958 τοῦ
1450 3902 1577 3956 πλῦ-

7 4020 79 4057 ναι
114 4024 133 4055 ι
160 4007 218 4057 ἐν
242 4004 373 4075 οἴνῳ
408 4003 509 4074 τὴν
544 4000 734 4072 στολὴν
762 3999 948 4059 αὑτοῦ.
992 3999 1085 4053 καὶ
1125 4000 1182 4052 ἐν
1222 3998 1412 4068 αἵματι
1442 4006 1572 4051 σταὲ

6 4097 157 4168 φυλῆς
190 4099 296 4168 τὴν
345 4095 639 4169 περιϐολὴν
696 4093 884 4147 αὐτοῦ.
914 4114 930 4146 t
970 4094 1087 4157 ⁸Τάς
1140 4092 1249 4164 γὰρ
1289 4090 1575 4155 ἀσθενείας

4 4189 141 4260 ἡμῶν
172 4188 388 4253 λαϐὼν,
420 4190 517 4242 καὶ
551 4188 649 4251 τὰς
678 4186 867 4249 νόσους
914 4184 1185 4255 βαστάξας
1205 4227 1219 4251 ,
1266 4183 1467 4247 παντός
1515 4199 1573 4236 τε

3 4281 84 4336 τοῦ
134 4284 345 4353 κόσμου
385 4281 527 4353 ἄρας
563 4281 663 4350 τὴν
694 4279 992 4352 ἁμαρτίαν,
1022 4280 1264 4341 καὶτοὺς
1289 4276 1574 4358 τοσούτους

3 4377 353 4446 εὐεργετήσας
373 4414 389 4438 ,
420 4375 563 4444 τάχα
594 4371 716 4425 τότε
749 4372 1031 4442 βάπτισμα
1075 4369 1261 4440 εἴληφε
1285 4368 1346 4421 τὸ
1373 4366 1573 4431 παντὸς

2 4468 81 4521 τοῦ
119 4468 517 4541 ὑπονοηθέντος
547 4468 613 4521 ἂν
653 4466 805 4539 παρὰ
840 4469 955 4530 τοῖς
985 4464 1295 4539 ἀνθρώποις
1342 4466 1527 4535 μεῖζον
1554 4506 1569 4528 ,

4 4561 111 4631 περὶ
139 4556 199 4615 οὗ
227 4556 389 4632 οἶμαι
427 4557 593 4612 αὐτὸν
628 4557 939 4629 εἰρηκέναι’
990 4577 1007 4609 ι
1039 4556 1339 4627 Βάπτισμα
1366 4556 1421 4609 δὲ
1464 4555 1573 4626 ἔχω

6 4646 391 4724 βαπτισθῆναι,
448 4649 544 4703 καὶ
580 4647 698 4711 πῶς
729 4650 1021 4722 συνέχομαι
1048 4691 1063 4715 ,
1101 4651 1205 4715 ἕως
1233 4644 1294 4704 οὗ
1330 4650 1439 4720 (Μ)
1484 4668 1572 4703 τε-

1685 2084 1816 2125 cens
1844 2069 1890 2102 "
1921 2084 1937 2123 :
1976 2088 1995 2121 ι
2055 2068 2132 2125 Ne
2170 2085 2254 2125 me
2297 2078 2492 2141 tangas
2516 2109 2533 2137 ,
2572 2074 2809 2127 nondum
2846 2075 2990 2129 enim
3032 2073 3258 2132 ascendi

1683 2164 1752 2216 ad
1780 2161 1997 2217 Patrem
2035 2177 2212 2217 meum
2240 2179 2254 2228 ;
2285 2167 2382 2218 sed
2413 2165 2568 2229 vade,
2598 2175 2653 2219 et
2680 2166 2767 2221 die
2797 2165 3058 2222 fratribus
3084 2167 3256 2223 meis:

1687 2252 1835 2309 Vado
1854 2255 1921 2310 ad
1940 2254 2157 2309 Patrem
2180 2270 2380 2319 meum,
2402 2262 2457 2309 et
2478 2254 2695 2311 Patrem
2722 2268 2984 2323 vestrum,
3013 2267 3067 2313 et
3088 2257 3256 2315 Deum

1683 2357 1862 2397 meum
1892 2385 1907 2410 ,
1938 2351 1993 2398 et
2026 2343 2194 2397 Deum
2228 2354 2492 2400 vestrum.
2542 2367 2561 2399 ο
2596 2344 2864 2403 Cteterum
2912 2364 3035 2403 cum
3085 2351 3263 2421 pergit

1681 2434 1932 2491 victoriis
1984 2436 2311 2505 tropaeisque
2360 2445 2628 2503 onustus,
2689 2454 2814 2494 cum
2848 2456 3080 2511 corpore
3110 2443 3256 2512 quod

1680 2532 1749 2580 ex
1778 2527 2009 2582 mortuis
2038 2538 2445 2596 resurrexerat,
2473 2532 2766 2599 (quomodo
2793 2532 2937 2588 enim
2967 2533 3127 2589 aliter
3178 2535 3262 2589 in-

1684 2618 1930 2689 telligere
1970 2629 2187 2690 oportet
2220 2621 2349 2677 illud
2381 2641 2394 2677 :
2434 2641 2453 2675 ι
2494 2622 2743 2681 Nondum
2781 2627 2998 2681 ascendi
3052 2628 3121 2681 ad
3156 2626 3262 2683 Pa-

1682 2721 1820 2765 trem
1874 2714 2113 2767 meum?
2178 2733 2197 2766 ι
2256 2725 2313 2769 et
2380 2715 2511 2770 illud
2569 2732 2586 2775 :
2646 2736 2667 2769 ι
2722 2717 2874 2773 Vado
2925 2718 2991 2773 ad
3041 2718 3258 2775 Patrem

1683 2803 1904 2857 meum?
1942 2802 1990 2878 ι)
2025 2821 2168 2860 nunc
2218 2806 2418 2876 aliquae
2468 2807 2685 2876 quidem
2734 2808 2991 2879 potentia:
3019 2809 3205 2865 dicunt
3238 2826 3257 2865 :

1687 2910 1705 2943 ‹
1740 2890 1874 2959 Quis
1907 2903 1991 2947 est
2040 2892 2142 2949 iste
2172 2895 2262 2963 qui
2297 2896 2514 2952 accedit
2545 2912 2611 2952 ex
2642 2896 2837 2963 Edom,
2889 2897 3052 2953 rubra
3091 2900 3261 2954 vesti-

1683 2992 1865 3037 menta
1910 2981 2115 3038 habens
2153 2997 2217 3037 ex
2252 2982 2444 3050 Busor,
2501 2986 2638 3039 adeo
2669 2985 2949 3056 speciosus
2971 2985 3018 3018 “
3047 2985 3071 3039 ?
3106 3004 3126 3039 ι
3153 2985 3258 3053 Qui

1682 3091 1810 3131 vero
1843 3076 2107 3146 praeibam
2138 3076 2314 3143 illum,
2348 3077 2453 3133 illis
2487 3077 2580 3148 qui
2609 3076 2855 3148 praefecti
2897 3084 3055 3132 erant
3089 3086 3260 3146 portis

1682 3168 2000 3225 coelestibus
2056 3170 2312 3241 inquiunt
2346 3188 2359 3225 :
2404 3188 2425 3223 ι
2460 3168 2657 3225 Tollite
2684 3178 2868 3240 portas
2895 3210 2910 3235 ,
2963 3170 3259 3240 principes.

1681 3273 1914 3330 vestras,
1942 3275 1995 3320 et
2033 3266 2344 3335 elevamini,
2374 3276 2544 3336 porta:
2577 3264 2885 3327 aaternales,
2927 3272 2983 3319 et
3014 3263 3264 3318 introibit

1683 3372 1777 3412 rex
1811 3357 1995 3428 gloria:
2025 3358 2093 3413 ³⁷.
2126 3378 2144 3411 ι
2182 3357 2477 3430 Propterea
2509 3372 2639 3412 vero
2681 3355 3023 3427 interrogant
3045 3395 3063 3423 ,
3093 3353 3259 3411 velut!

1683 3462 1905 3524 aspectu
1940 3454 2077 3522 ipso,
2113 3462 2173 3509 ut
2203 3454 2275 3509 ita
2302 3452 2523 3517 dicam,
2564 3450 2735 3522 ipsius
2761 3450 3037 3506 dexteram
3067 3450 3261 3505 viden-

1687 3558 1768 3602 tes
1793 3548 2137 3602 cruentatam
2157 3587 2174 3612 ,
2203 3561 2443 3616 emnque
2494 3553 2664 3601 totum
2712 3544 2976 3614 repletum
3005 3543 3261 3613 operibus

1682 3645 1907 3693 strenue
1943 3636 2115 3707 gestis
2148 3654 2163 3693 :
2198 3656 2215 3689 ι
2253 3635 2435 3702 Quare
2465 3637 2626 3692 rubra
2660 3645 2786 3693 sunt
2808 3636 3128 3691 vestimenta
3168 3641 3260 3689 tua

1684 3732 1823 3787 sicut
1874 3731 2112 3786 calcatio
2166 3730 2458 3786 torcularis
2511 3729 2654 3799 pleni
2711 3745 2811 3784 uva
2849 3729 3055 3784 calcata
3084 3726 3181 3782 "?
3236 3746 3255 3779 ι

1683 3824 1904 3892 quando
1936 3834 1993 3877 et
2024 3823 2313 3892 respondet
2349 3838 2365 3878 :
2400 3840 2419 3873 ι
2456 3821 2678 3876 Calcavi
2712 3835 2808 3876 eos
2852 3823 2919 3874 θ’.
2960 3838 2978 3872 ι
3014 3818 3152 3875 Vere
3184 3819 3256 3873 ob

1686 3914 1801 3968 haec
1838 3914 2094 3985 indiguit,
2134 3925 2191 3967 ut
2220 3914 2430 3969 lavarel
2461 3932 2479 3965 ι
2514 3914 2567 3967 in
2599 3911 2947 3967 vinO'stolam
2997 3916 3174 3972 suam,
3207 3918 3264 3965 et

1687 4002 1846 4075 156
1862 4008 2248 4060 vestimentum
2280 4003 2508 4060 suumin
2536 4002 2797 4072 sanguine
2816 4017 2949 4056 uvae.
2978 4021 2996 4054 ι
3030 4000 3263 4056 Inﬁrmi-

1687 4105 1826 4153 tates
1865 4098 2007 4153 enim
2036 4108 2253 4152 nostras
2275 4110 2399 4151 cum
2430 4096 2772 4162 sumpsisset,
2804 4093 3263 4164 :egritudinesque

1682 4188 2024 4259 portasset“,
2039 4189 2310 4259 totiusque
2326 4187 2508 4242 mundi
2525 4193 2805 4256 peccatum
2819 4199 2939 4241 cum
2955 4184 3263 4239 sustulisset

1680 4287 1738 4336 et
1753 4279 1811 4334 in'
1825 4289 1901 4335 tet
1917 4278 2178 4335 beneﬁcia
2195 4277 2534 4341 contulisset,
2552 4275 2797 4331 fortassis
2811 4286 2919 4329 tum
2934 4275 3263 4346 baptismum

1680 4372 1887 4442 accepit
1916 4373 2109 4440 quovis
2143 4372 2268 4437 alio,
2290 4368 2381 4440 qui
2398 4369 2537 4437 apud
2565 4367 2813 4423 homines
2841 4368 3137 4437 excogitari
3165 4381 3265 4438 po-

1682 4474 1805 4531 test,
1829 4466 2113 4535 majorem,
2135 4470 2326 4536 dequo
2358 4479 2479 4521 reor
2503 4478 2625 4519 eum
2654 4462 2897 4518 dixisse:
2933 4479 2952 4512 ι
2988 4460 3266 4531 Baptismo

1679 4569 1860 4612 autem
1881 4554 2052 4612 habeo
2081 4544 2368 4627 baptizari,
2404 4564 2459 4609 et”
2486 4554 2756 4626 quomodo
2784 4562 3055 4616 coarctor,
3092 4553 3265 4608 donec

1679 4648 1979 4717 perfectum
2010 4646 2174 4703 fuerit
2212 4647 2290 4701 “l
2324 4665 2344 4699 ι
2392 4645 2460 4701 Ut
2488 4646 2632 4701 enim
2670 4644 2931 4700 audacius
2958 4642 3263 4698 orationem

200 4764 219 4794 ι
242 4711 512 4810 ’Ἵνα-γάρ
543 4711 947 4813 τολμηρότερον
974 4711 1280 4813 βασανίξων
1306 4711 1394 4795 τδν
1419 4711 1576 4811 λόγον

1686 4711 1973 4809 explorans
2020 4740 2217 4795 instem
2250 4739 2317 4793 ad
2346 4753 2413 4794 ea
2452 4752 2573 4806 quae
2600 4737 2819 4808 plurimi
2852 4736 3096 4792 sentiunt
3123 4772 3141 4802 ,
3172 4734 3259 4789 di-

10 4835 99 4887 στῶ
126 4837 263 4908 πρὸς
287 4836 361 4889 τὰ
403 4835 510 4889 ὑπὸ
544 4835 654 4890 τῶν
699 4834 967 4889 πλείστων
1005 4836 1398 4908 ὑπονοούμενα,
1428 4835 1581 4905 λεγέ-

4 4942 163 4984 τωσαν
199 4933 335 5003 ἡμῖν
360 4934 410 4985 οἱ
435 4932 493 4985 τὸ
518 4932 804 5002 βάπτισμα
832 4929 893 4983 τὸ
924 4930 1201 5001 μέγιστον,
1229 4930 1367 5002 ὑπὲρ
1396 4928 1423 4982 ὅ
1456 4928 1583 4982 ἄλλο

6 5020 89 5074 οὐκ
134 5024 251 5077 ἔστι
311 5025 499 5096 νοῆσαι
534 5024 838 5094 βάπτισμα,
881 5022 1205 5094 νομίσαντες
1232 5022 1397 5076 αὑτοῦ
1439 5018 1581 5076 εἷναι

6 5112 57 5163 τι
84 5115 403 5185 μαρτύριον,
436 5117 490 5169 τί
534 5116 737 5187 δήποτε
771 5113 911 5187 μετά
943 5114 1103 5168 τοῦτο
1151 5113 1301 5183 λέγει
1353 5116 1417 5185 τῇ
1457 5114 1579 5167 Μα-

7 5205 153 5273 ριάμη
195 5227 213 5257 ι
245 5209 344 5277 Μή
377 5225 480 5280 μου
510 5207 683 5260 ἆπτου
712 5224 725 5271 ;
768 5228 785 5258 ι
829 5205 996 5277 ἐχρῆν
1018 5207 1127 5278 γὰρ
1164 5205 1362 5277 μᾶλλον
1388 5205 1578 5259 ἑαυτὸν

6 5294 331 5371 ἐμπαρέχειν
372 5301 440 5370 τῇ
473 5300 622 5369 ἀφῇ,
655 5296 751 5352 ἅτε
802 5296 864 5350 τὸ
906 5296 1115 5349 τέλειον
1176 5296 1458 5366 βάπτισμα
1491 5294 1579 5348 διὰ

1683 4840 1815 4888 cant
1848 4831 2004 4887 nobis
2032 4832 2124 4902 qui
2162 4830 2487 4903 martyrium
2518 4831 2690 4899 ipsius
2718 4824 3044 4905 baptismum
3070 4826 3263 4880 existi-

1687 4932 1839 4979 mant.
1865 4924 2162 4979 maximum
2194 4939 2338 4990 esse,
2370 4938 2534 4993 supra
2565 4936 2730 4992 quem
2759 4920 2923 4975 alium
2949 4917 3265 4986 excogitare

1681 5014 2009 5084 baptismum
2042 5020 2147 5069 nun
2186 5015 2393 5079 liceat,
2425 5026 2520 5069 cur
2570 5012 2784 5067 tandem
2814 5016 2936 5079 past
2962 5009 3066 5063 hoc
3113 5006 3265 5063 dicat

1685 5107 1869 5163 Mariae
1898 5126 1913 5165 :
1958 5125 1978 5159 ι
2013 5105 2090 5163 Ne
2120 5122 2207 5163 me
2253 5117 2444 5177 tangas
2471 5106 2541 5170 δ’,
2575 5123 2593 5156 ι
2631 5101 2920 5174 oportebat
2960 5099 3104 5153 enim
3157 5100 3265 5154 sei-

1686 5215 1844 5269 psum
1876 5201 2050 5268 magis
2079 5200 2345 5256 exhibere
2374 5198 2722 5268 tangendnm,
2755 5192 3017 5263 tanquam
3048 5193 3143 5263 qui
3167 5202 3264 5263 per

1691 5293 2014 5364 mysterium
2049 5293 2321 5365 passionis
2363 5288 2688 5360 baptismum
2722 5286 3046 5356 sumpsisset
3077 5285 3261 5353 perfe-

64 5460 107 5488 ’ί
137 5458 274 5515 ibid.
302 5460 388 5514 15.
464 5460 510 5490 ’⁸
531 5457 674 5513 Psal.
706 5472 850 5520 Lm,
880 5456 964 5510 12.
1041 5456 1088 5488 ³³
1119 5455 1246 5509 ibid.
1275 5454 1400 5519 4,5.
1480 5454 1525 5486 “
1541 5453 1927 5519 Psal.xxm,8.
2004 5452 2052 5484 ³⁸
2068 5449 2444 5520 Ιοοη.χκ.ί17.
2521 5448 2567 5479 ³⁸
2591 5445 2886 5520 Ιεομδιιιι,
2912 5444 2963 5500 Ι.
3043 5445 3087 5477 ⁸⁷
3120 5441 3260 5499 Psal.

10 5540 144 5590 nm.
177 5530 234 5584 7.
315 5531 359 5562 ³⁸
388 5531 509 5585 lsai.
533 5546 690 5595 um,
715 5529 770 5583 2.
839 5517 892 5559 ’³³
937 5529 1069 5582 ibid.
1101 5530 1156 5581 3.
1232 5527 1276 5557 ³⁰
1301 5517 1422 5580 [δεῖ.
1459 5541 1573 5593 LIII,

1730 5524 1770 5555 "
1797 5517 1930 5579 Luc.
1967 5539 2065 5590 xu,
2090 5522 2179 5577 50.
2257 5519 2482 5576 "Joan.
2520 5535 2613 5583 xx,
2639 5517 2725 5572 17.

68 5663 175 5735 (ω)
212 5659 291 5736 ’ῼ
321 5668 430 5735 οὐχ
461 5664 698 5736 ὑπῆρχε
727 5665 975 5736 βοηρός.
1002 5649 1093 5719 Sic
1125 5665 1290 5736 codex
1327 5660 1572 5736 Bodleia-

2 5730 600 5804 gnsrrum'BarbErino,
627 5730 801 5800 recte;
835 5730 1035 5803 Regius
1064 5733 1223 5799 male,
1254 5733 1329 5796 ὡς
1360 5730 1571 5804 ὑπῆρχε

12 5798 402 5941 θῖῗῖῗῗωετά.
436 5876 510 5931 Ita
546 5886 697 5931 recte
734 5876 952 5930 codices
996 5874 1323 5933 Bodleianus
1351 5882 1406 5931 et
1438 5870 1574 5929 Bar-

16 5936 255 6015 annos;
289 5949 457 6003 editio
487 5947 689 6014 Huetii,
718 5945 883 6010 κατά,
913 5946 1077 6003 male.

406 6049 681 6110 ΡΑτιιοι..
729 6046 849 6108 Gn.
883 6046 1053 6109 XIV.

1752 5657 1866 5730 (ιε)
1909 5656 2166 5730 βοραῖρς.
2207 5657 2298 5730 sic
2344 5655 2504 5711 codd.
2555 5656 2883 5730 Bodleianus
2912 5662 2967 5709 et
3008 5628 3259 5708 Barberi-

1681 5728 1820 5794 nus;
1849 5728 2022 5783 editio
2064 5728 2263 5792 Huetii,
2304 5742 2617 5797 perperam,
2647 5728 2856 5797 ὁραῖος.

1754 5791 1866 5871 (4⁷5)
1892 5798 2130 5871 Codices
2164 5791 2491 5871 Bodleiatius
2517 5807 2573 5854 et
2605 5791 2973 5861 ’Barberinus,
3004 5791 3170 5848 οἱονεὶ
3217 5795 3273 5846 ὲν

1682 5868 1815 5925 εῐδει
1850 5868 2028 5940 εἰπεῖν
2055 5868 2404 5940 ᾑμαγμένην,

1757 5940 1870 6012 (44)
1915 5935 2019 5997 Οὗ.
2050 5933 2144 5996 Sic
2177 5933 2351 5996 codex
2380 5934 2732 6004 Bodleianus;
2770 5935 2994 6005 Regius,
3035 5933 3176 5989 ὅτου.

2835 6037 2910 6097 10
