3816 6528
570 419 675 476 9.9;)

569 550 739 593 ctum.
775 535 879 589 Sed
911 536 1167 606 quoniam
1196 578 1211 604 ,
1245 546 1304 591 ut
1341 537 1691 605 pra:diximus
1722 575 1738 600 ,
1771 537 1932 592 rebus
1961 537 2154 591 adver-

569 648 667 690 sus
690 631 1033 685 adversarios
1060 628 1316 700 praeclare
1336 630 1523 698 gestis,
1550 644 1685 698 opus
1709 629 1944 683 habebat
1965 629 2151 684 lavare

574 743 594 776 ι
620 723 693 777 σίιι
729 722 855 777 vino
891 720 1086 777 stolam
1136 735 1330 786 suam,
1360 731 1416 775 et
1456 720 1509 774 in
1552 721 1817 791 sanguine
1845 736 1961 774 uvae
1988 719 2151 773 vesti-

572 827 812 872 ruentum
867 830 1027 870 suum
1060 813 1125 879 ⁸³,
1170 833 1190 867 ι
1243 813 1491 868 ascendit
1548 815 1617 868 ad
1667 813 1961 884 agricolam
2009 826 2152 866 vera:

569 910 718 970 illius
751 911 878 966 vitis
901 910 967 975 ³⁸,
1003 923 1197 979 nempe
1242 906 1483 973 Patrem,
1538 916 1598 961 ut
1632 905 1740 962 illic
1771 905 1946 971 lotus,
1999 912 2152 975 post—

567 1015 731 1073 quam
761 1001 1101 1057 ascendisset
1127 1000 1180 1054 in
1212 998 1403 1064 altum,
1443 998 1718 1067 captivata
1747 996 2064 1067 captivitate
2081 995 2147 1060 ³⁸,

569 1094 969 1158 descenderet,
997 1093 1150 1147 varia
1185 1092 1371 1146 ferens
1406 1090 1761 1155 charismata,
1796 1104 1989 1159 nempe
2014 1088 2150 1142 divi-

569 1201 660 1241 sas
690 1185 950 1254 apostolis
977 1184 1191 1254 linguas
1230 1183 1396 1238 veluti
1447 1183 1655 1254 igneas.
1689 1191 1851 1251 atque
1886 1182 2051 1237 etiam
2083 1180 2150 1234 ad

570 1278 783 1331 futuros
817 1278 868 1329 in
905 1276 1052 1328 omni
1086 1273 1302 1329 actione
1332 1283 1555 1327 sanctos
1588 1272 1811 1342 angelos
1840 1313 1855 1335 ,
1890 1272 2149 1327 liberatu-

568 1385 660 1423 ros
684 1370 847 1438 ipsos.
882 1369 1024 1421 Ante
1085 1367 1185 1421 ltas
1227 1365 1372 1420 enim
1405 1364 1849 1433 dispensationcs
1876 1362 2147 1434 purificati

565 1461 807 1519 nondum
841 1474 964 1514 cum
996 1465 1199 1524 essent,
1232 1469 1464 1525 capaces
1493 1469 1600 1509 non
1636 1463 1796 1508 erant
1831 1454 2147 1526 angelorum

566 1552 633 1608 ad
668 1567 726 1608 se
758 1552 1047 1617 adventus,
1087 1548 1339 1603 fortassis
1390 1560 1455 1601 ne
1509 1544 1718 1614 angelis
1761 1543 1983 1614 quidem
2016 1544 2149 1613 ipsis

567 1645 760 1699 adesse
794 1639 1101 1695 volentibus
1135 1640 1244 1702 bis,
1270 1638 1363 1708 qui
1399 1639 1636 1691 nondum
1674 1635 1880 1705 optime
1914 1633 2148 1701 instituti

567 1732 953 1802 purificatique
981 1745 1009 1784 a
1043 1727 1171 1784 Jesu
1218 1727 1470 1782 fuissent.
1507 1725 1687 1781 Solius
1717 1725 1860 1780 enim
1892 1722 2020 1779 Jesu
2051 1724 2148 1779 be-

569 1825 854 1898 nignitatis
911 1830 1031 1879 erat
1078 1837 1201 1878 cum
1259 1820 1639 1891 peccatoribus
1675 1861 1690 1885 ,
1738 1830 1793 1875 et
1846 1818 2149 1889 publicanis

571 1922 902 1979 manducare
951 1927 1007 1973 et
1038 1918 1227 1974 bibere
1277 1916 1345 1981 ³⁸,
1381 1923 1549 1984 atque
1590 1929 1721 1971 suos
1777 1913 1949 1983 ipsius
1982 1913 2147 1984 pedes

565 2017 812 2089 prmbere
839 2012 1097 2085 lacrymis
1134 2009 1503 2079 resipiscentis
1534 2005 1859 2076 peccatricis
1896 2005 1964 2071 ⁸⁷,
1992 2014 2048 2060 et
2078 2006 2146 2059 ad

566 2119 801 2165 mortem
830 2122 1004 2176 usque
1027 2120 1127 2175 pro
1153 2102 1335 2173 impiis
1365 2101 1721 2167 descendere,
1752 2115 1858 2156 non
1894 2098 2145 2169 rapinam

554 2203 928 2259 .arbitrantem
977 2216 1038 2255 se
1067 2213 1187 2254 esse
1227 2196 1492 2268 aequalem
1534 2196 1666 2259 Deo,
1713 2202 1768 2249 et
1812 2194 2145 2248 inanientem

564 2296 938 2366 semetipsum,
998 2291 1142 2347 servi
1180 2290 1354 2344 forma
1409 2297 1621 2356 sumpta
1673 2286 1739 2341 ³⁸.
1781 2285 1906 2343 Haec
1960 2296 2143 2342 autem

565 2385 1093 2457 omniaperficicns,
1143 2381 1321 2436 Patris
1372 2380 1546 2451 magis
1581 2379 1918 2434 voluntatem
1969 2378 2143 2448 ipsum

566 2481 834 2538 tradentis
865 2493 964 2547 pro
1004 2476 1185 2545 impiis
1217 2473 1532 2544 perficiebat
1571 2487 1732 2540 quam
1760 2486 1914 2525 suam
1946 2470 2142 2540 ipsius.

566 2575 749 2629 Bonus
778 2570 980 2627 etenim
1015 2578 1098 2624 est
1132 2567 1343 2631 Pater;
1398 2565 1660 2620 Servator
1692 2577 1820 2619 vero
1852 2564 2033 2633 imago
2061 2572 2146 2619 est

562 2664 828 2721 bonitatis
865 2661 1035 2732 ipsius
1070 2658 1116 2692 ³⁹
1152 2671 1364 2728 :porro
1412 2655 1515 2711 toti
1568 2654 1770 2710 mundo
1801 2653 1979 2709 officia
2012 2668 2147 2710 con-

560 2758 771 2822 ferens,
794 2756 1053 2825 quoniam
1098 2751 1241 2807 Deus
1276 2750 1331 2805 in
1365 2749 1587 2806 Cbristo
1618 2749 1877 2802 mundum
1910 2747 2011 2803 sibi
2042 2747 2145 2818 ipsi

562 2848 885 2908 reconciliet
917 2848 985 2914 ⁵ο,
1036 2855 1200 2900 antea
1252 2851 1478 2914 propter
1534 2840 1800 2895 malitiam
1860 2840 2141 2896 inimicum

564 2943 792 3006 factum,
825 2949 937 2995 tum
968 2938 1077 3004 via,
1112 2945 1224 2991 tum
1257 2935 1450 2990 ordine
1494 2931 1666 2988 ollicia
1699 2931 1916 2988 confert
1952 2932 2035 2987 liis
2057 2946 2145 2987 re-

558 3032 669 3088 bus
696 3031 751 3086 in
787 3045 926 3099 quas
964 3029 1080 3097 ipse
1115 3024 1380 3082 beneficia
1412 3022 1660 3089 confert,
1693 3037 1800 3077 non
1836 3021 2021 3077 subito
2052 3036 2147 3076 ac-

558 3123 774 3194 cipiens
800 3119 1099 3177 scabellum
1150 3118 1371 3188 pedum,
1414 3130 1609 3185 nempe
1654 3105 2140 3171 iuiinicosomnes.

2023 420 2345 479 ORIGENIS

2185 539 2230 595 Α
2260 533 2351 587 τοῦ
2390 533 2686 605 μυστηρίου
2715 530 2811 586 τοῦ
2846 530 3054 597 πάθους
3081 532 3364 605 εἰληφότα.
3406 534 3540 587 ’Δλλ⁴
3570 537 3683 590 ἐπεὶ
3703 578 3715 600 ,
3739 539 3786 603 ὡς

2256 626 2610 698 προείπομεν,
2652 626 2719 680 τὰ
2753 626 2892 680 κατά
2921 624 3030 678 τῶν
3065 627 3459 698 ἀντικειμένων
3489 628 3786 701 ἀνδραγαθιξ⁴

2258 736 2403 790 ματα
2445 718 2759 789 πεποιηκὼς
2788 762 2802 784 ,
2856 718 3028 771 ἐδεῖτο
3074 717 3169 771 τοῦ
3210 719 3408 773 πλῦναι
3449 739 3467 770 ι
3501 722 3558 772 ὲν
3581 722 3699 791 οἴνῳ
3722 723 3786 793 τὴ

2256 811 2447 882 στολὴν
2475 810 2640 865 αὑτοῦ
2660 851 2674 875 ,
2709 813 2804 864 καὶ
2835 810 2893 865 ὲν
2937 811 3131 883 αἵματι
3172 810 3450 882 σταφυλῆς
3484 812 3583 882 τὴν
3615 813 3786 883 περιϐο

2252 901 2348 975 λὴν
2379 903 2565 967 αὑτοῦ,
2595 923 2612 955 ι
2652 903 2805 975 ἀνῄει
2856 904 2991 976 πρὸς
3028 904 3118 957 τὸν
3173 903 3419 976 γεωργὸν
3448 904 3547 974 τῆς
3580 904 3784 975 ἀληθινῇε

2252 995 2498 1066 ἀμπέλου
2537 996 2788 1067 Πατέρα,
2827 996 2894 1049 ἵν’
2921 999 3037 1050 ἐκεῖ
3082 996 3554 1068 ἀποπλυνάμενο;,
3593 997 3715 1066 μετά
3751 997 3782 1051 τί

2253 1087 2517 1159 ἀναϐῆναι
2560 1088 2640 1151 εἰς
2683 1087 2854 1158 ὕψος,
2909 1087 3360 1160 αἰχμαλωτεύσας
3404 1088 3503 1160 τὴν
3559 1090 3780 1160 αίχμαλω

2254 1178 2411 1244 σίαν,
2463 1179 2675 1251 καταϐῇ
2725 1180 2906 1252 φέρων
2943 1180 3014 1233 τὰ
3062 1179 3283 1233 ποικίλα
3330 1180 3674 1253 χαρίσματα,
3721 1182 3778 1235 τὰ

2251 1268 2754 1343 διαμεμερισμένας
2783 1273 2895 1335 τοῖς
2930 1272 3245 1336 ἀποστόλοις
3288 1272 3538 1341 γλώσσας
3562 1274 3686 1327 ὡσεὶ
3714 1293 3770 1327 πδ

2257 1360 2366 1430 ρδς,
2400 1364 2494 1413 καὶ
2522 1362 2650 1423 τοὺς
2680 1362 3088 1432 παρεσομένους
3114 1362 3173 1415 ὲν
3216 1362 3364 1434 πάσῃ
3400 1360 3597 1434 πράξει
3644 1365 3773 1433 ἁγίου

2252 1452 2517 1522 ἀγγέλους
2538 1495 2552 1517 ,
2605 1454 2701 1507 xai.
2735 1454 3066 1526 ρυσομένους
3095 1455 3310 1520 αὑτούς.
3348 1457 3464 1528 Πρὸ
3505 1457 3602 1529 γὰρ
3629 1458 3772 1511 τούτω

2252 1546 2359 1599 τῶν
2382 1547 2725 1619 οἰκονομιῶν,
2757 1548 2851 1601 άτε
2880 1548 3105 1619 μηδέπω
3141 1549 3545 1622 κεκαθαρμένοι
3574 1552 3667 1604 οὑκ
3691 1552 3770 1621 illi

2253 1656 2379 1711 ρουν
2404 1640 2652 1709 ἀγγέλων
2686 1642 2813 1710 παρ’
2841 1641 3023 1704 αὑτοῖς
3066 1642 3381 1712 ἐπιδημίαν,
3420 1643 3563 1714 τάχα
3603 1644 3699 1697 οὐδ’
3722 1646 3768 1698 ai

2250 1730 2358 1784 τῶν
2392 1730 2733 1802 βουλομένων
2788 1750 2875 1785 πω
2913 1734 3026 1795 τοῖς
3081 1733 3153 1803 μὴ
3199 1734 3677 1805 εὐτρεπισαμένοις
3725 1754 3766 1788 κε

2251 1822 2681 1896 κεκαθαρμένοις
2737 1824 2841 1878 ὑπὸ
2893 1825 2987 1879 τοῦ
3044 1825 3216 1896 Ἰησοῦ
3267 1831 3547 1898 παρεῖναι.
3583 1830 3684 1899 Τῆς
3711 1830 3764 1897 γά

2264 1920 2439 1992 Ἰησοῦ
2473 1920 2633 1991 μόνου
2664 1920 3077 1993 φιλανθρωπίας
3109 1917 3176 1994 ἦν
3213 1923 3350 1994 μετά
3375 1925 3705 1997 ἁμαρτωλῶν
3722 1943 3762 1978 κε

2248 2012 2495 2065 τελωνῶν
2530 2011 2751 2076 ἐσθίειν,
2798 2014 2892 2067 καὶ
2944 2014 3122 2067 πίνειν
3148 2054 3163 2079 ,
3204 2013 3300 2068 καὶ
3340 2015 3601 2086 παρέχειν
3635 2018 3760 2069 ἑαυτι

2248 2105 2376 2169 τοὺς
2405 2106 2572 2170 πόδας
2603 2109 2715 2171 τοῖς
2743 2104 3000 2178 δακρύοις
3029 2107 3128 2177 τῆς
3169 2107 3542 2177 μετανοοὺσης
3571 2109 3757 2178 ἀμαρτιε

2247 2196 2362 2260 λοῦ,
2411 2197 2506 2251 καὶ
2543 2197 2702 2269 μέχρι
2746 2197 2975 2252 Θανάτου
3015 2199 3368 2253 καταϐαίνειν
3405 2200 3551 2272 ὑπὲρ
3584 2201 3756 2253 ἀσεϐῶν

2246 2290 2342 2359 οὐχ
2374 2291 2666 2362 ἁρπαγμὸν
2706 2291 3007 2363 ἡγουμένου
3037 2291 3146 2362 (45)
3177 2288 3409 2347 τὸ-εἷναι
3445 2292 3538 2347 ίσα
3574 2292 3698 2363 Θεῷ.
3720 2310 3753 2345 κε

2248 2382 2437 2437 κενοῦν
2463 2383 2653 2436 ἑαυτὸν
2687 2384 2785 2456 τὴν
2815 2383 2910 2438 τοῦ
2955 2384 3141 2438 δούλου
3179 2384 3554 2455 λαμϐάνοντος
3596 2388 3747 2457 μορφὴ

2247 2471 2431 2525 Ταῦτα
2461 2472 2517 2525 δὲ
2551 2474 2728 2527 πάντα
2759 2471 3023 2526 ἐπιτελῶν
3044 2514 3059 2538 ,
3114 2472 3312 2544 μᾶλλον
3363 2474 3426 2527 τὸ
3477 2474 3680 2547 θέλημα
3719 2492 3750 2526 τι

2249 2564 2459 2636 Πατρδς
2490 2565 2584 2619 τοῦ
2619 2566 2952 2638 παραδόντος
2999 2567 3187 2621 ἑαυτὸν
3216 2567 3358 2639 ὑπὲρ
3385 2568 3600 2621 ἀσεϐῶν
3636 2569 3747 2620 em

2245 2656 2326 2710 λει
2363 2658 2507 2730 ἤπερ
2530 2658 2591 2711 τὸ
2625 2658 2839 2712 ἑαυτοῦ.
2882 2659 2940 2711 ’0
2972 2658 3068 2729 μὲν
3101 2658 3210 2731 γὰρ
3244 2658 3435 2731 Πατὴρ
3457 2660 3670 2729 ἀγαθός’
3699 2663 3723 2712 ὁ

2246 2749 2436 2822 Σωτὴρ
2470 2750 2631 2805 εἰκὼν
2670 2751 2772 2822 τῆς
2818 2750 3149 2822 ἀγαθότητος
3184 2751 3349 2805 αὑτοῦ
3370 2770 3383 2783 ο
3424 2751 3605 2807 πάντα
3641 2752 3688 2806 δὲ
3722 2770 3744 2804 τ

2245 2842 2448 2914 κόσμον
2478 2843 2804 2916 εὐεργετῶν,
2823 2844 2946 2897 ἐπεὶ
2968 2843 3101 2908 Θεὸς
3123 2844 3180 2897 ὲν
3203 2843 3428 2916 Χριστῷ
3463 2845 3661 2916 κόσμον
3689 2861 3742 2897 κα

2245 2934 2500 2990 ἀλλάσσει
2550 2935 2764 3007 ἑαυτῷ,
2818 2936 3083 3008 πρότερον
3124 2935 3213 2989 διὰ
3257 2935 3355 3007 τὴν
3405 2936 3609 2991 κακίαν
3638 2934 3740 3006 ὲχῗρ

2245 3029 2628 3101 γεγενημένον,
2670 3029 2775 3102 ὁδῷ
2808 3031 2903 3084 καὶ
2931 3029 3084 3097 τάξει
3115 3029 3184 3083 τά
3217 3029 3647 3101 εὐεργετοῦμενα
3669 3031 3737 3082 sic

2245 3125 2415 3191 γετεῖ,
2455 3122 2556 3176 οὐκ
2589 3121 2802 3194 ἀθρόως
2834 3123 3127 3196 λαμϐάνων
3162 3124 3457 3196 ὑποπόδιον
3498 3126 3603 3181 τῶν

2179 1885 2222 1940 Β

563 3215 707 3271 Dicit
736 3213 882 3269 enim
917 3212 983 3267 ad
1023 3210 1196 3279 ipsmn
1239 3206 1669 3277 uniuscujusque
1724 3207 1895 3260 nostri
1952 3205 2141 3261 Domi-

2247 3215 2452 3280 πάντας
2483 3217 2610 3280 τοὺς
2643 3215 2898 3291 ἐχθροὺς”
2936 3218 3086 3287 λέγει
3114 3220 3224 3290 γὰρ
3267 3220 3417 3291 αὑτῷ
3461 3222 3493 3274 ὁ
3524 3221 3698 3292 Πατὴρ
3731 3240 3733 3245 ‘

558 3322 695 3362 num
724 3305 887 3360 Pater
926 3322 939 3359 :
987 3321 1005 3353 ι
1038 3302 1179 3355 Sede
1228 3315 1258 3354 a
1294 3300 1503 3354 dextris
1539 3299 1698 3362 meis,
1732 3298 1905 3353 donec
1940 3313 2139 3368 ponam

563 3398 817 3454 inimicos
854 3406 975 3451 tuos
1026 3392 1338 3449 scabellum.
1372 3392 1568 3462 pedum
1628 3401 1846 3445 tuorum
1888 3391 1956 3445 “.
2004 3409 2022 3442 ι
2077 3390 2144 3445 Ει

564 3491 680 3546 haec
736 3489 869 3544 futut
919 3486 1097 3557 quoad
1132 3484 1354 3540 ultimus
1411 3483 1572 3554 157
1624 3483 1917 3549 inimicus,
1952 3498 2144 3554 nempe

565 3597 736 3648 mors,
790 3580 859 3635 ab
894 3580 1010 3648 ipso
1046 3578 1368 3633 destructus
1400 3575 1566 3630 fuerit
1594 3574 1661 3630 ".
1705 3573 1763 3629 Si
1809 3589 1941 3629 vero
1970 3574 2145 3629 consi-

563 3669 1101 3739 deraverimusquid
1153 3668 1222 3723 sit
1255 3666 1450 3737 subjici
1497 3665 1718 3721 Christo
1755 3664 1943 3736 (idque
1974 3665 2145 3719 maxi-

563 3780 653 3821 me
681 3780 746 3821 ex
780 3763 885 3818 illis
915 3762 1096 3818 verbis
1129 3778 1144 3816 :
1178 3780 1196 3812 ι
1240 3758 1375 3815 Cum
1431 3767 1613 3813 autem
1667 3757 1769 3829 ipsi
1799 3757 1980 3811 omnia
2015 3759 2145 3811 sub-

557 3861 704 3932 jecta
753 3860 996 3926 fuerint,
1052 3865 1180 3911 tunc
1217 3855 1335 3926 ipse
1388 3852 1561 3908 Filius
1606 3850 1926 3920 subjicietur
1969 3850 2019 3903 ei
2051 3849 2143 3919 qui

558 3955 742 4011 omnia
780 3953 883 4009 sibi
919 3950 1152 4022 subjecit
1183 3947 1251 4012 ⁸³,
1307 3946 1355 4017 ι)
1395 3955 1454 4000 ut
1496 3946 1717 4016 dignum
1771 3953 1855 3999 est
1902 3944 2145 3999 bonitate

548 4046 657 4103 Dei
689 4046 1094 4101 universorum.
1129 4039 1497 4107 intelligemus
1539 4036 1755 4106 Agnum
1808 4035 1926 4101 Dei,
1959 4034 2145 4089 tollen-

557 4148 672 4197 tem
728 4147 1010 4206 peccatum
1045 4131 1253 4185 mundi.
1291 4128 1488 4183 Verum
1521 4143 1626 4181 non
1677 4128 1918 4182 omnium
1952 4143 2143 4197 pecca-

559 4238 677 4286 tum
718 4227 787 4281 ab
835 4225 988 4295 Agno
1018 4220 1285 4283 aufertur,
1321 4233 1515 4289 nempe
1546 4233 1738 4271 eorum
1770 4218 1865 4288 qui
1901 4234 2009 4272 non
2041 4220 2142 4274 do-

553 4319 679 4375 lent
706 4318 907 4386 quique
946 4329 1061 4368 .non
1095 4311 1409 4382 afﬂiguntur
1437 4310 1613 4364 donec
1662 4308 1903 4362 ablatmn
1956 4308 2139 4365 fuerit.

552 4408 744 4480 Spinae
766 4416 1001 4474 Italoque
1029 4417 1136 4458 non
1163 4410 1372 4456 tantum
1408 4399 1610 4465 intima,
1648 4400 1743 4455 sed
1775 4400 1944 4453 etiam
1979 4399 2143 4455 altius

554 4500 819 4557 radicatte
851 4497 904 4551 in
940 4494 1190 4549 manibus
1216 4491 1587 4562 cujuscunque
1614 4506 1713 4563 per
1739 4490 1929 4546 vitium
1965 4500 2137 4547 temu-

2245 3305 2434 3377 Κυρίῳ
2464 3304 2696 3359 ἑκάστου
2732 3305 2888 3378 ἡμῶν
2912 3325 2925 3339 ·
2967 3329 2987 3361 ι
3024 3309 3208 3364 Κάθου
3232 3313 3296 3364 ἐκ
3324 3310 3522 3378 δεξιῶν
3554 3329 3675 3384 μου,
3712 3310 3731 3362 ἒ

2242 3396 2309 3451 ἂν
2338 3395 2416 3449 θῶ
2447 3399 2575 3462 τοὺς
2606 3397 2836 3470 ἐχθρούς
2868 3416 2963 3453 σου
2996 3402 3287 3455 ὑποπόδιον
3319 3402 3430 3456 τῶν
3466 3404 3638 3457 ποδῶν
3673 3420 3730 3454 σοι

2245 3488 2340 3542 καὶ
2365 3487 2542 3542 ταῦτα
2563 3488 2770 3558 γίνεται
2802 3491 2906 3555 ἕως
2935 3493 2965 3545 ό
2996 3492 3222 3564 ἔσχατος
3256 3493 3454 3566 ἐχθρὸς
3481 3536 3497 3559 ,
3528 3496 3557 3548 ὁ
3584 3494 3729 3546 θάνατ

2243 3582 2337 3635 ὑπ’
2368 3581 2533 3635 αὑτοῦ
2568 3583 2907 3655 καταργηθῇ.
2953 3584 3077 3640 Ἐὰν
3114 3586 3171 3640 δὲ
3216 3586 3277 3640 τὸ
3323 3586 3707 3641 ὑποτάσσεσθαι

2242 3671 2465 3744 Χριστῷ
2520 3674 2804 3745 νοήσωμεν
2837 3675 2864 3727 ὅ
2896 3692 2949 3727 τι
2998 3675 3116 3728 ποτ’
3150 3676 3287 3741 ἐστὶ,
3333 3676 3554 3748 μάλιστ’
3586 3679 3648 3729 ἐκ
3690 3692 3726 3725 τι

2250 3784 2269 3816 ι
2308 3766 2477 3818 Ὅταν
2509 3763 2566 3817 δὲ
2604 3764 2753 3836 αὑτῷ
2784 3765 2852 3819 τά
2886 3764 3064 3820 πάντα
3107 3767 3388 3839 ὑποταγῇ,
3448 3768 3571 3821 τότε
3612 3765 3723 3818 αὐτὸ

2244 3855 2373 3920 Υἱὸς
2424 3856 2825 3928 ὑποταγήσεται
2882 3857 2960 3928 τῷ
3009 3858 3335 3926 ὑποτάξαντι
3379 3859 3539 3930 αὐτῷ
3566 3859 3721 3912 πάντα

2243 3945 2410 4011 ἀξίως
2439 3947 2539 4017 τῆς
2572 3946 2909 4020 ἀγαθότητος
2941 3948 3036 4001 τοῦ
3070 3949 3178 4002 τῶν
3212 3949 3350 4005 ὅλων
3396 3950 3538 4004 Θεοῦ
3571 3952 3720 4020 νοήσοε

2241 4037 2333 4092 τὸν
2363 4038 2534 4111 ἀμνὸν
2579 4038 2675 4092 τοῦ
2709 4038 2844 4093 Θεοῦ
2880 4040 3104 4111 αἴροντα
3134 4042 3232 4114 τὴν
3282 4044 3564 4115 ἁμαρτίαν
3593 4041 3678 4094 τοῦ

2245 4146 2403 4201 σμου.
2427 4130 2499 4184 υὺ
2536 4130 2752 4185 πάντων
2777 4131 2830 4185 δὲ
2865 4132 2897 4203 ἡ
2932 4133 3176 4205 ἁμαρτία
3207 4135 3311 4188 ὑπὸ
3347 4135 3445 4188 τοῦ
3482 4134 3648 4206 ἀμνοῦ
3674 4132 3716 4186 αἱ

2242 4239 2362 4287 ται,
2402 4221 2476 4294 μὴ
2526 4221 2868 4291 ἀλγούντων,
2923 4226 3059 4297 μηδὲ
3110 4227 3578 4299 βασανιζομένων,
3607 4228 3698 4289 ἕως

2242 4314 2382 4387 ἀρθῇ
2414 4315 2545 4387 (46).
2587 4318 2853 4372 Ἀκανθαι
2887 4319 2995 4391 γὰρ
3025 4321 3085 4373 οὑ
3121 4321 3279 4391 μόνον
3308 4320 3659 4393 ἐμπαρεῖσαι,
3685 4319 3711 4370 ὰ

2243 4409 2337 4463 καὶ
2390 4409 2620 4464 ἐπιπολὺ
2664 4410 2974 4482 ριζωθεῖσαι
3022 4412 3133 4482 (47)
3184 4414 3241 4465 ὲν
3272 4415 3395 4475 ταῖς
3436 4413 3595 4485 χερσὶ
3623 4427 3710 4464 παι

2242 4500 2335 4554 τοῦ
2389 4501 2476 4556 διὰ
2533 4501 2632 4574 τὴν
2686 4502 2885 4556 κακίαν
2934 4503 3327 4575 μεθυσθέντος,
3385 4506 3484 4559 καὶ
3531 4505 3593 4559 τὸ
3638 4505 3708 4574 νής

558 4591 717 4659 lenti,
758 4589 962 4660 quique
1018 4585 1373 4641 sobrietatem
1404 4582 1762 4655 perdiderit,
1810 4581 1963 4651 juxta
1998 4582 2134 4638 illud

2247 4593 2665 4660 ἀπολωλεκότος,
2708 4595 2848 4650 κατά
2900 4596 2963 4649 τὸ
3010 4597 3068 4650 ὲν
3116 4596 3450 4668 Παροιμίαις
3511 4595 3706 4669 είρημέι

552 4684 705 4755 quod
736 4683 788 4736 in
840 4678 1154 4734 Proverbiis
1182 4676 1381 4732 dicitur
1413 4694 1429 4732 :
1464 4695 1483 4728 ι
1527 4675 1712 4744 Spinze
1738 4685 2044 4733 nascuntur
2071 4675 2135 4729 in

557 4792 724 4832 manu
764 4768 1146 4835 temulenti“,
1180 4789 1198 4823 ι
1240 4779 1505 4839 quantum
1556 4767 1761 4823 doloris
1812 4767 2029 4838 parient
2084 4767 2134 4820 in

556 4885 623 4927 eo
649 4868 744 4940 qui
780 4867 918 4922 tales
946 4864 1164 4935 plantas
1188 4861 1473 4916 admiserit
1512 4860 1564 4915 in
1591 4875 1790 4930 corpus
1821 4875 1931 4914 suae
1969 4860 2137 4930 ipsius

551 4965 775 5028 animm,
812 4961 938 5033 ,jam
986 4958 1174 5013 dicere
1203 4954 1577 5010 difﬁcillimum
1608 4961 1715 5007 est.
1752 4952 1885 5006 Nam
1921 4952 2137 5007 abscin-

557 5055 721 5111 datur
742 5061 955 5124 oportet
980 5066 1011 5105 a
1042 5059 1294 5105 sermone
1327 5044 1420 5099 Dei
1450 5044 1703 5107 viventis,
1729 5044 2134 5112 peuetrantiore

553 5146 752 5218 quovis
780 5144 958 5216 gladio
986 5142 1243 5208 utrinque
1301 5137 1593 5201 incidente,
1640 5146 1694 5189 et
1724 5133 1928 5189 eflicaci
1965 5133 2032 5199 ⁸³,
2080 5147 2135 5191 ει

2251 4702 2268 4735 ι
2301 4684 2570 4739 Ἀκανθαι
2608 4685 2833 4755 φύονται
2887 4688 2945 4740 ὲν
2996 4686 3139 4759 χειρὶ
3183 4686 3277 4740 τοῦ
3315 4686 3595 4758 μεθύσου,
3638 4706 3653 4738 ι
3693 4685 3704 4736 i

2248 4776 2409 4831 πόνον
2442 4779 2827 4851 ὲνεργάσονται
2855 4780 2935 4852 τῷ
2969 4782 3038 4834 τὰ
3066 4781 3291 4836 τοιαῦτα
3320 4781 3471 4851 φυτά
3506 4783 3585 4845 είς
3614 4780 3702 4833 τὸέ

2243 4866 2339 4922 τοῦ
2369 4867 2529 4940 σῶμα
2557 4870 2657 4940 τῆς
2673 4870 2852 4942 ψυχῆς
2884 4871 3309 4943 παραδεξαμένῳ
3348 4871 3453 4943 ήδη
3491 4869 3695 4943 (48))ιαὶ

2244 4976 2363 5027 γειν
2385 4961 2684 5033 ἀμήχανον.
2702 4963 3136 5035 Κατατμηθῆναι
3158 4964 3266 5037 γάρ
3280 4964 3392 5018 ὑπὸ
3407 4964 3506 5018 τοῦ
3520 4978 3698 5035 τομωτι

2246 5052 2429 5125 πάσης
2473 5056 2748 5127 μαχαίρας
2786 5056 3038 5129 διστόμου
3070 5057 3229 5126 λόγου
3275 5056 3483 5122 ζῶντος
3514 5054 3642 5110 Θεοῦ
3665 5096 3677 5117 ,

2241 5146 2516 5219 ἐνεργοῦς,
2554 5149 2647 5202 καὶ
2682 5150 3121 5221 καυστικωτέρου
3143 5149 3344 5213 παντὸς
3366 5150 3564 5222 πυρὸς,
3592 5147 3694 5207 civit

633 5262 917 5335 ‘jiGenes.
950 5260 1209 5335 nudi.
1264 5256 1524 5335 ‘f‘joan.
1553 5256 1726 5335 xvi}.
1804 5252 1851 5335 ff
1872 5252 2143 5335 Epiros."

2261 5280 2275 5329 ;
2306 5263 2451 5322 Psal.
2478 5284 2646 5332 um,
2684 5268 2771 5324 l9.
2848 5268 2894 5300 "
2918 5267 3087 5323 Marc.
3112 5284 3175 5335 ιι,
3208 5268 3296 5323 lli.
3372 5242 3417 5299 ’δ
3452 5265 3583 5321 Luc.
3613 5278 3692 5323 vn.

559 5331 608 5366 ⁸³
635 5332 877 5402 Ρὴὶιίρρ.
922 5346 981 5395 ιι,
1007 5334 1066 5402 ti.
1105 5331 1169 5402 8.7
1198 5399 1236 5402 __
1263 5330 1306 5402 3?
1340 5328 1466 5396 Sap.
1490 5342 1585 5402 vti,
1612 5326 1705 5378 26.

558 5402 609 5437 “
624 5396 804 5458 Prov:
823 5396 969 5465 ixvt,
996 5401 1051 5456 9.
1127 5401 1172 5431 ⁸⁵³
1192 5399 1363 5454 llebr.
1399 5414 1472 5465 tv,
1501 5396 1587 5451 12.

630 5541 750 5615 (45)
787 5540 970 5615 Codex
1018 5539 1348 5615 Barberinus
1399 5545 1548 5615 recte
1595 5534 1775 5615 habet.
1805 5534 2132 5615 ἡγουμένου,

551 5604 795 5671 refertur
842 5611 988 5666 enim
1026 5611 1094 5663 ad
1134 5609 1445 5676 praecedens
1497 5606 1670 5677 Ἰησοῦ
1711 5604 1905 5675 μόνου·
1953 5604 2133 5661 editio

558 5683 767 5756 lluetii,
790 5695 1106 5756 perperam,
1140 5676 1458 5756 ηγρύμενον.

632 5744 763 5824 (4θῖ
787 5744 1048 5824 ’ἘωξχοῦΑ
1075 5744 1247 5824 ἀρθῇ.
1284 5744 1379 5824 Sic
1413 5759 1558 5803 recte
1593 5748 1754 5802 habet
1784 5745 1954 5802 codex
1990 5744 2132 5800 Butl-

554 5813 798 5887 lei‘antis;
836 5824 886 5875 iu
910 5813 1090 5889 'Regio
1111 5813 1261 5889 deest
1294 5813 1374 5871 οὗ.

626 5895 743 5968 (Π)
785 5882 1167 5953 ’⁹Ριζωθὲἴσαι.
1226 5887 1316 5944 Sic
1370 5888 1537 5945 codex
1584 5887 1943 5957 Bodleianus;
2015 5882 2124 5941 Re-

1805 5325 1850 5355 “
1872 5324 1913 5379 ll
1931 5321 2120 5393 Conv,
2145 5329 2232 5385 l9.

2330 5337 2375 5368 “
2404 5338 2549 5394 Psal.
2582 5355 2688 5396 σιτ.
2722 5341 2771 5394 l.
2876 5339 2923 5372 “
2953 5339 2972 5394 l
3005 5338 3135 5395 Cor.
3170 5354 3263 5406 xv,
3292 5336 3382 5393 26.
3481 5338 3531 5371 “
3557 5336 3678 5392 ibid.

2245 5538 2389 5611 gius,
2409 5537 2673 5611 ῥιζῶσαι.

2316 5605 2430 5683 (48)
2473 5608 2616 5683 ᾞδη
2660 5608 2760 5664 καὶ
2789 5607 2992 5680 λέγειν
3021 5607 3359 5683 ἀμήχανον.
3400 5606 3478 5662 Ita
3508 5605 3684 5683 optimc

2242 5677 2344 5751 dcit
2389 5677 2747 5751 llordleia'nus,
2788 5677 2978 5751 sicque
3029 5677 3465 5751 legitinterpres
3513 5677 3684 5732 Ferrai

2237 5749 2416 5823 Codex
2458 5750 2678 5820 Regius,
2728 5748 3009 5822 perperattl
3034 5792 3049 5818 ,
3088 5748 3214 5823 ᾔδει.
3260 5751 3356 5803 καὶ
3406 5749 3610 5819 λέγειν,
3652 5761 3681 5801 o

2240 5822 2399 5877 tendo
2423 5823 2723 5892 ἀμήχανον.
