3866 6532
44 398 134 453 33!

1057 382 1409 440 COMMENT.
1451 382 1514 437 IN
1555 382 1744 440 JOAN.
1783 382 2018 440 TOMUS
2054 383 2143 439 Vl.

3132 376 3240 437 30?.

43 521 131 573 τὸν
167 514 249 569 ἐπὶ
296 509 539 566 τοσοῦτον
594 511 674 573 είς
711 507 865 579 βάθος
904 508 1000 577 τῆς
1032 508 1222 561 ἑαυτοῦ
1256 508 1433 578 ψυχῆς
1477 507 1568 579 τὴν

1675 524 1839 579 supra
1869 522 2083 562 onmem
2133 506 2311 575 ignem
2344 504 2718 572 comburente,
2743 506 2987 575 quisquis
3016 519 3081 559 eo
3113 520 3245 576 pro-

44 608 216 665 auziav
243 605 583 676 χωρήσαντα,
621 603 696 664 ὡς
729 600 971 670 γενέσθαι
1000 600 1163 654 αὑτὸν
1199 600 1301 669 γῆν
1344 600 1575 653 ἀκανθο-

45 705 208 773 ipse”.
238 698 342 751 Καὶ
369 697 547 767 δεήσει
581 694 678 747 ἐπὶ
722 692 815 764 τὴν
843 692 1092 763 τοιαύτην
1115 692 1291 763 ψυχὴν
1318 690 1575 763 πεμφθῆ-

46 813 127 847 ναι
148 792 197 845 τὸ
218 789 452 859 εὑρίσκον
483 787 583 849 τὰς
612 785 848 849 ἀκάνθας
884 784 993 857 πῦρ
1020 826 1034 847 ,
1076 786 1169 839 καὶ
1207 785 1366 856 μέχρι
1399 784 1575 838 αὐτῶν

44 885 340 954 στησόμενον
368 880 453 934 διὰ
477 881 578 952 τὴν
610 879 801 934 ἑαυτοῦ
852 878 1120 949 θειότητα,
1168 878 1262 931 καὶ
1293 878 1353 931 οὐ
1411 894 1577 948 προσ-

44 976 297 1047 εμπρῆσον
343 971 611 1042 ἅλωνα.ςῆ
661 971 894 1041 στάχυας
935 969 1149 1022 πεδίων.
1201 967 1304 1022 Τοῦ
1334 969 1575 1039 αἴροντος

44 1069 147 1137 (19)
171 1066 221 1121 δὲ
246 1066 338 1138 τὴν
378 1062 651 1136 ἁμαρτίαν
703 1062 795 1116 τοῦ
853 1061 1060 1133 κόσμου
1123 1060 1318 1132 Ἀμνοῦ
1351 1061 1437 1115 διὰ
1479 1062 1576 1132 τῆς

46 1162 167 1222 ἰξίας
215 1157 414 1227 σφαγῆς
454 1155 762 1227 ἀρχομένου
816 1154 925 1208 ὁδοὶ
955 1146 1279 1224 τυγχάνουσι
1312 1153 1573 1218 πλείονες,

43 1246 117 1304 ὧν
153 1252 197 1304 αἱ
244 1248 336 1319 μὲν
388 1250 575 1317 σαφεῖς
599 1245 743 1302 εἶναι
775 1250 886 1310 τοῖς
935 1247 1147 1310 πολλοῖς
1193 1245 1484 1311 δύνανται,
1519 1248 1574 1299 αἱ

43 1342 95 1393 δὲ
246 1336 520 1400 τοσούτους
552 1321 913 1393 λανθάνουσαι
936 1341 1049 1403 τοῖς
1069 1338 1171 1409 τῆς
1206 1337 1354 1401 Θείας
1384 1339 1575 1407 σοφίας

43 1428 339 1498 ἀξιουμένοις
367 1467 382 1490 ,
420 1424 501 1491 οἷς
548 1428 728 1499 μόνοις
769 1430 876 1483 εἰσί¹
922 1428 1208 1500 γνώριμοι.
1250 1429 1315 1482 Τί
1357 1429 1466 1502 γὰρ
1496 1430 1577 1483 δεῖ

43 1521 196 1588 λέγειν
223 1521 286 1574 δι’
309 1523 444 1574 ὅσων
470 1521 606 1574 ὁδῶν
630 1539 716 1586 τις
747 1522 842 1575 ἐπὶ
863 1522 923 1575 τὸ
953 1522 1229 1575 πιστεύειν
1269 1520 1487 1594 ἔρχεται
1517 1524 1575 1576 ὲν

352 1611 432 1665 ἔτι
464 1614 523 1667 ἐν
553 1613 631 1683 τῷ
656 1612 882 1684 τοιούτῳ
911 1613 1125 1686 σώματι
1160 1616 1333 1687 παρὸν
1360 1617 1575 1687 ἑκάστῳ

43 1705 153 1759 καθ’
178 1704 319 1758 αὑτὸν
346 1706 693 1772 immuniti;
721 1706 860 1779 πλὴν
891 1708 980 1762 διὰ
1014 1708 1120 1762 τῶν
1149 1708 1280 1763 ὁδῶν
1327 1711 1441 1762 ἐστι
1480 1710 1572 1762 τοῦ

43 1796 283 1852 πιστεύειν
312 1798 401 1852 καὶ
431 1798 680 1871 αἴρεσθαι
714 1801 814 1871 τὴν
843 1801 1133 1872 ἁμαρτίαν,
1153 1800 1241 1854 διὰ
1273 1801 1570 1872 μαστίγων,

1683 598 1965 654 l'unditatis
1992 612 2104 653 suae
2151 598 2320 667 ipsius
2349 596 2547 651 animae
2567 597 2786 652 admisit
2821 597 3042 658 vitium,
3076 606 3138 650 ut
3170 595 3253 650 l‘a-

1680 701 1802 747 ctus
1851 692 1925 746 sit
1959 699 2105 745 terra
2138 689 2322 759 spinas
2365 690 2703 761 germinans.
2731 688 2800 744 Et
2842 689 3087 758 profecto
3113 703 3255 756 opus

1679 783 1784 836 erit
1814 784 1880 836 ad
1932 782 2242 853 hnjusmodi
2283 783 2522 836 animant
2558 783 2734 854 ignem
2768 782 2910 836 mitti
2961 780 3249 836 invenien-

1681 885 1788 930 tem
1820 876 2025 946 spinas,
2056 890 2335 946 propeque
2368 890 2462 931 eas
2492 884 2754 937 stantem,
2781 890 2845 929 ac
2869 884 3249 945 penetrantem

1676 981 1774 1024 Iua
1810 968 1981 1036 ipsius
2009 969 2325 1031 divinitate,
2360 983 2462 1022 nee
2495 970 2905 1023 combusturnm
2959 981 3119 1022 areas
3169 965 3253 1019 vel

1680 1060 1861 1130 spicas
1891 1075 2230 1129 camporum.
2269 1060 2468 1114 Verum
2506 1060 2787 1116 enimvero
2816 1057 2961 1128 Agni
3007 1059 3252 1115 tollentis

1680 1162 1959 1221 peccatum
2008 1153 2215 1218 mutuli,
2258 1153 2421 1223 idque
2458 1168 2554 1223 per
2579 1153 2851 1224 propriam
2881 1154 3084 1209 eadem
3114 1153 3253 1208 inci-

1679 1242 1898 1310 pientis,
1923 1244 2232 1313 complures
2259 1256 2386 1299 sunt
2415 1245 2515 1299 vim
2541 1261 2556 1308 ;
2594 1261 2824 1314 quarum
2873 1246 2994 1301 aliae
3024 1245 3244 1318 quidem

1680 1334 1978 1389 manifesta:
2025 1347 2254 1406 possunt
2282 1352 2405 1395 esse
2454 1338 2612 1408 vulgo
2640 1378 2656 1405 ,
2702 1339 2822 1413 aliae
2849 1354 2978 1394 vero
3005 1377 3021 1404 ,
3055 1339 3249 1411 vulgus

1678 1426 1906 1482 latentes
1931 1467 1946 1492 ,
1986 1428 2071 1484 his
2103 1431 2194 1499 qni
2227 1430 2407 1486 divina
2441 1431 2710 1501 sapientia
2748 1432 2895 1502 digni
2931 1432 3100 1487 habili
3135 1430 3255 1487 fue-

1681 1520 1810 1582 rint,
1843 1519 2040 1589 quibus
2073 1522 2203 1577 solis
2231 1532 2359 1577 sunt
2404 1535 2563 1579 notas.
2600 1523 2738 1592 Quid
2783 1523 2927 1579 enim
2976 1538 3114 1595 opus
3170 1533 3255 1578 est

1679 1627 1962 1667 recensere
1994 1624 2127 1683 quot
2163 1615 2265 1670 viis
2291 1615 2358 1670 ad
2386 1618 2718 1673 credendum
2743 1618 2926 1675 veniat
2956 1619 3079 1687 quis
3115 1618 3256 1671 inter

1678 1702 1946 1771 homines,
1994 1719 2117 1759 cum
2148 1705 2316 1761 liceat
2344 1709 2662 1777 unicuique,
2692 1711 2818 1762 dum
2851 1709 3027 1765 adhuc
3060 1710 3111 1762 in
3148 1708 3256 1763 hoc

1676 1806 1759 1852 est
1787 1812 2038 1868 corpore,
2084 1813 2149 1852 ex
2201 1815 2260 1856 se
2311 1801 2364 1857 id
2411 1802 2813 1857 considerare?
2864 1801 3253 1858 Verumtamen

43 1892 125 1942 καὶ
150 1889 440 1959 πνευμάτων
470 1890 759 1962 πονηρῶν,
812 1891 903 1944 καὶ
952 1891 1122 1945 νόσων
1154 1891 1568 1961 χαλεπωτάτων,

1679 1904 1774 1960 per
1807 1890 1926 1945 vias
1958 1893 2212 1947 credendi
2264 1893 2387 1949 licet
2438 1904 2724 1963 peccatum
2772 1909 2992 1966 quoque
3027 1894 3214 1951 tollere
3239 1933 3255 1960 ,

44 1984 127 2034 καὶ
151 1980 398 2050 μαλακιῶν
442 1982 882 2037 ὲπιπονωτάτων.
916 1982 1012 2047 Τίς
1048 1978 1140 2037 οῦν
1175 1982 1287 2054 (50)
1320 1978 1428 2035 οἶδε
1476 1985 1570 2036 καὶ

43 2074 99 2126 τὰ
144 2072 260 2143 μετὰ
293 2073 494 2141 ταῦτα;
562 2075 883 2144 Ἀναγκαῖον
938 2075 995 2129 δὲ
1054 2070 1122 2146 ἦν
1155 2074 1297 2147 ὑπὲρ
1343 2074 1436 2128 τοῦ
1495 2076 1568 2145 μὴ

44 2165 344 2236 ἐπαινεθῆναι
360 2166 445 2221 τὸν
469 2166 730 2221 δοκοῦντα
750 2171 817 2239 τῇ
844 2167 1089 2233 ἐξετάσει
1115 2167 1208 2221 τοῦ
1242 2168 1403 2236 λόγου
1430 2186 1572 2240 παρ-

43 2260 308 2313 ακολουθεῖν
341 2260 433 2315 τοῦ
472 2260 725 2330 λέγοντος
750 2279 762 2291 ·
808 2279 828 2312 ι
875 2260 982 2315 Ἴδε
1007 2262 1036 2315 ὁ
1070 2261 1263 2331 Ἀμνὸς
1292 2260 1383 2314 τοῦ
1408 2260 1569 2324 Θεοῦ,

43 2352 69 2403 b
96 2352 239 2422 αῖρων
257 2351 348 2424 τὴν
369 2353 643 2425 ἁμαρτίαν
675 2352 775 2414 τοῦ
814 2353 1042 2425 κόσμου,
1075 2373 1094 2404 ι
1134 2353 1410 2407 ἐπιπλεῖον
1444 2354 1573 2425 περὶ

43 2442 213 2497 τούτων
238 2443 529 2507 δωλαῦεῖν,
578 2446 668 2509 ἶν’,
714 2444 913 2509 εἰδότες
958 2444 1040 2498 ὅτι
1095 2443 1189 2498 καὶ
1240 2441 1397 2514 θυμῷ
1435 2442 1569 2496 Θεοῦ

44 2535 165 2588 ἐςτιν
202 2537 500 2608 ἐλεγχθῆναι
522 2578 536 2600 ,
592 2538 689 2592 καὶ⁹
715 2538 852 2610 ὀργῇ
886 2537 1022 2591 Θεοῦ
1056 2536 1448 2608 παιδευθῆναι,
1483 2534 1571 2590 διὰ

44 2626 89 2678 τὸ
132 2630 198 2691 εἰς
223 2628 511 2701 ὑπερϐολὴν
554 2628 936 2701 φιλάνθρωπον
990 2629 1179 2683 οὐδένα
1219 2628 1394 2700 πάντη
1443 2627 1568 2682 ἀνέ-

44 2718 221 2787 λεγκτον
251 2722 341 2775 καὶ
380 2721 713 2775 ἀπαίδευτον
757 2721 949 2786 ἐῶντος
968 2762 984 2785 ,
1035 2721 1212 2775 πάντα
1253 2721 1568 2792 ποιήσωμεν

44 2813 105 2872 εἰς
123 2810 173 2863 τὸ
191 2810 424 2884 δεηθῆναι
461 2812 580 2883 (51)
625 2810 880 2866 τοιούτων
912 2809 1151 2882 ἐλέγχων
1171 2850 1185 2873 ,
1224 2810 1319 2864 καὶ
1349 2809 1449 2879 τῆς
1482 2807 1571 2863 διὰ

44 2901 125 2953 τῶν
150 2904 542 2959 ἐπιπονωτάτων
569 2902 841 2966 παιδείας.

1678 1995 1776 2053 per
1802 1980 2035 2054 ﬂagella,
2091 1999 2185 2055 per
2236 1986 2465 2055 spiritus
2498 1986 2690 2054 malos,
2721 2001 2821 2058 per
2866 1987 3086 2043 morbos
3114 1984 3253 2041 diﬂi-

1677 2067 1929 2136 cillimos,
1959 2084 2055 2140 per
2080 2070 2427 2130 inﬁrmitates
2453 2074 2931 2133 laboriosissimas.
2956 2077 3089 2144 Quis
3119 2093 3249 2147 ergo

1678 2164 1827 2219 novit
1848 2180 1971 2235 qua:
1998 2175 2131 2221 sunt
2154 2167 2321 2222 etiam
2350 2177 2471 2237 post
2501 2168 2659 2224 haec?
2693 2168 2964 2224 Czeternm
2999 2184 3253 2224 necessa-

1678 2256 1815 2310 rium
1844 2257 1961 2324 ruit,
1997 2271 2065 2312 ne
2094 2272 2478 2329 respueretnns
2517 2275 2637 2315 eum
2673 2262 2763 2330 qui
2792 2262 3008 2330 assequi
3041 2262 3254 2316 videtur

1677 2361 1858 2403 veram
1891 2350 2303 2421 intelligentiam
2341 2353 2612 2408 sermonis
2646 2354 2811 2410 illius.
2847 2356 2941 2422 qui
2989 2353 3123 2409 dicit
3155 2354 3199 2385 ’⁵⁸
3237 2370 3251 2405 :

1680 2458 1698 2492 ι
1732 2438 1871 2497 Ecce
1895 2445 2085 2512 Agnus
2114 2444 2201 2498 ille
2235 2444 2351 2513 Dei,
2389 2446 2479 2515 qui
2508 2446 2642 2500 tollit
2675 2458 2955 2515 peccatmn
2986 2446 3195 2510 mundi,
3230 2465 3248 2496 ι

1673 2533 1880 2593 diutius
1933 2539 1999 2591 de
2050 2537 2204 2593 hisce
2238 2540 2402 2594 rebus
2431 2540 2702 2595 disserere
2733 2552 2763 2606 ,‘
2790 2551 2849 2594 ut
2881 2540 3118 2595 scientes
3153 2554 3254 2592 nos

1674 2636 1731 2682 et
1759 2626 1944 2684 lurore
1972 2630 2063 2684 Dei
2091 2630 2383 2700 aliquando
2411 2632 2684 2703 redargui,
2703 2644 2760 2688 et
2787 2634 2866 2688 ira
2899 2632 2989 2687 Dei
3024 2632 3254 2702 corripi,

1676 2720 1947 2775 neminem
1974 2723 2045 2776 ob
2082 2737 2323 2778 amorem
2356 2738 2481 2794 erga
2513 2739 2683 2794 genus
2716 2724 3038 2791 humanum,
3068 2723 3151 2778 vel
3186 2723 3255 2777 ad

1677 2811 2004 2883 hyperbolen
2037 2827 2229 2884 usque,
2259 2816 2491 2870 sinentis
2539 2816 2760 2870 omnino
2817 2815 3246 2886 irredargntum.

1679 2912 1840 2973 atque
1875 2920 1978 2959 non
2014 2917 2324 2976 correptum
2355 2948 2368 2971 ,
2420 2908 2607 2962 omnia
2638 2906 2906 2962 faciamus
2956 2918 3011 2962 ut
3052 2908 3252 2961 talibus

46 2997 458 3069 redargutionibus
483 3007 663 3068 atque
697 2998 1039 3068 correptione
1068 3012 1131 3053 ea
1176 3012 1296 3068 quae
1328 2998 1430 3052 sila
1468 3006 1556 3053 est
1590 2998 1645 3052 in
1675 3000 1837 3057 rebus
1889 3004 2206 3073 asperrimis
2252 3014 2416 3074 atque
2472 3003 2890 3072 molestissimis,
2932 3020 3039 3059 non
3089 3019 3250 3077 egea-

44 3104 154 3143 ωας.

93 3183 164 3237 58.
194 3184 570 3240 Ἐπισκεπτέον
604 3186 666 3240 δὲ
700 3185 779 3257 τῷ
821 3178 1201 3258 ἐντυγχάνοντι
1250 3186 1322 3240 τὰ
1370 3186 1428 3241 ὲν
1459 3187 1568 3249 τοῖς

1748 3184 1912 3257 158
1946 3185 2037 3241 58.
2070 3183 2394 3241 Consideret
2429 3185 2650 3256 insuper
2679 3184 2850 3240 lector
2879 3192 3093 3255 oportet
3127 3200 3250 3256 quae

44 3278 264 3349 προτέροις
295 3283 426 3352 ἡμῖν
470 3281 774 3353 εἰρημένα,
810 3281 948 3351 μετὰ
988 3280 1340 3352 παραθέσεως
1390 3279 1570 3333 πλειό-

44 3385 119 3420 νων
154 3371 613 3444 παραδειγμάτων,
672 3373 797 3444 περὶ
836 3371 930 3426 τοῦ
971 3372 1024 3425 τί
1064 3372 1386 3444 σημαίνεται
1428 3370 1570 3425 κατὰ

44 3462 113 3531 τὴν
142 3463 329 3537 Γραφὴν
385 3467 453 3519 ἐκ
517 3466 632 3536 τῆς
688 3467 915 3535 κόσμος
948 3466 1164 3537 φωνῆς·
1209 3464 1270 3518 οὐ
1313 3462 1423 3536 γὰρ
1480 3462 1571 3516 εὖ·

46 3553 158 3621 λογον
180 3560 452 3631 ἡγησάμην
489 3556 869 3627 παλιλλογείν.
899 3559 1012 3613 Οὐκ
1036 3556 1340 3629 ἀγνοοῦμεν
1363 3555 1419 3608 δέ
1447 3571 1570 3608 τινα

45 3652 191 3721 mpm
214 3653 552 3725 ἐξειληφέναι
604 3652 707 3725 τὴν
754 3651 1076 3723 Ἐκκλησίαν
1121 3650 1310 3721 μόνην,
1363 3649 1569 3721 κόσμον

45 3738 162 3796 εἰσιν
187 3745 266 3799 τοῦ
300 3747 511 3818 κόσμου
535 3763 549 3775 ο
607 3746 735 3799 ἐπεὶ
782 3745 875 3799 καὶ
909 3743 1025 3814 φῶς
1067 3743 1284 3812 λέγεται
1325 3740 1419 3795 τοῦ
1478 3740 1570 3794 κό-

47 3850 161 3903 σμου·
198 3858 215 3890 ι
243 3840 420 3911 Ὑμεῖς
464 3838 586 3910 γὰρ
634 3839 792 3904 ἐστὲ,
836 3839 1002 3907 φησὶ,
1075 3835 1139 3889 τὸ
1187 3835 1301 3905 φῶς
1332 3834 1428 3888 τοῦ
1474 3834 1567 3888 κό-

48 3944 153 3998 εμσ).
180 3949 195 3981 ι
221 3933 429 4005 Κόσμος
451 3932 515 3986 δὲ
553 3931 658 3986 τοῦ
706 3930 912 4002 κόσμου
939 3933 972 4002 ἡ
1014 3927 1331 4000 Ἐκκλησία,
1361 3927 1566 3997 κόσμου

46 4022 160 4092 αὐτῆς
193 4026 463 4097 γινομένου
521 4021 778 4096 Χριστοῦ
808 4062 823 4087 ,
861 4021 955 4076 τοῦ
988 4019 1205 4093 πρώτου
1241 4018 1418 4088 φωτὸς
1472 4016 1565 4070 τοῦ

46 4116 204 4184 riam.
236 4115 628 4188 Κατανοητέον
652 4114 720 4186 δὴ
742 4117 790 4168 εί
815 4114 888 4186 μὴ
911 4112 1006 4168 τοῦ
1032 4110 1197 4167 αὐτοῦ
1220 4110 1428 4180 κόσμου
1453 4107 1567 4175 φῶς

44 4202 134 4261 εἶναι
158 4209 349 4279 λέγεται
378 4213 408 4264 ό
435 4206 717 4281 Χριστὸς,
755 4206 851 4259 καὶ
876 4207 925 4258 οἱ
955 4202 1194 4275 μαθηταὶ
1222 4199 1419 4256 αὐτοῦ·
1451 4198 1564 4251 ἀλλ’

134 4303 211 4370 μὲν
247 4301 480 4374 Χριστὸς
533 4297 665 4368 φῶς
710 4294 807 4349 τοῦ
851 4295 1053 4366 κόσμου
1096 4294 1248 4355 ἐστὶ,
1295 4292 1435 4361 τάχα
1468 4290 1567 4359 τῆς

52 4389 299 4465 Ἐκκλησίας
334 4396 454 4448 ἐστὶ
500 4392 654 4463 φῶςσ
699 4390 792 4443 ὅτε
822 4388 877 4442 δὲ
902 4391 948 4442 οἱ
982 4385 1219 4459 μαθηταὶ
1244 4382 1411 4438 αὐτοῦ
1451 4381 1566 4451 φῶς

44 4486 101 4538 tu}
116 4489 304 4559 κόσμου,
335 4491 557 4562 μήποτε
598 4482 721 4538 τῶν
752 4481 1249 4554 παρακαλουμένων
1270 4478 1375 4530 εἰσὶ
1405 4475 1521 4545 φῶς
1547 4515 1561 4539 ,

1673 3294 1839 3349 supra
1879 3287 2005 3333 sunt
2033 3274 2068 3332 a'
2098 3278 2254 3335 nobis
2290 3278 2461 3342 dicta,
2487 3294 2612 3333 cum
2643 3279 2983 3349 appositione
3012 3278 3251 3347 complu-

1671 3369 1814 3424 rium
1847 3368 2224 3439 exemplorum
2256 3367 2322 3423 de
2347 3383 2412 3424 eo
2444 3370 2587 3439 quod
2618 3379 2722 3436 est,
2757 3370 2885 3439 quid
2914 3370 3250 3441 signiﬁcetur

1666 3458 1825 3531 juxta
1855 3457 2196 3531 Scripturam
2230 3475 2327 3530 per
2353 3475 2539 3515 vocetn
2570 3462 2798 3516 mundus
2844 3461 2920 3527 u;
2957 3477 3059 3517 nec
3099 3462 3246 3518 enim

1671 3552 2099 3609 consentaneum
2151 3568 2273 3609 esse
2312 3554 2498 3623 putavi
2537 3565 2801 3623 repetere.
2854 3553 2971 3610 Non
3031 3555 3249 3625 ignora-

1671 3662 1791 3702 mus
1822 3656 2004 3702 autem
2042 3645 2335 3716 quemdam
2371 3646 2692 3716 exposuisse
2728 3662 2825 3716 per
2856 3650 3113 3701 nmndnm
3144 3645 3248 3699 Ec-

1670 3738 1894 3794 clesiam
1926 3738 2099 3795 solam
2120 3776 2138 3803 ,
2184 3736 2447 3792 mundum
2474 3747 2532 3793 et
2558 3748 2944 3813 ornamentum
2976 3738 3249 3793 exsisten-

1672 3840 1780 3886 tetn
1809 3828 1997 3885 mundi
2024 3844 2038 3894 ;
2077 3827 2523 3899 quandoquidem
2555 3828 2645 3882 lux
2680 3827 2845 3880 etiam
2898 3827 3084 3881 mundi
3114 3826 3250 3881 dici-

1672 3934 1802 3976 tur:
1839 3939 1859 3974 ι
1901 3920 2012 3976 Vos
2059 3920 2208 3975 enim
2244 3920 2417 3983 estis,
2474 3920 2652 3988 inquit
2698 3917 2766 3984 “,
2809 3918 2899 3971 lux
2954 3918 3163 3972 mundi.
3220 3935 3241 3969 ι

1668 4013 1898 4068 Mundus
1926 4021 2111 4069 autem
2136 4025 2193 4066 et
2222 4020 2607 4065 ornamentum
2640 4009 2824 4063 mundi
2861 4016 2945 4063 est
2980 4006 3243 4075 Ecclesia,

1669 4104 1884 4160 Christo
1931 4102 2231 4159 exsistente
2264 4100 2467 4156 mundo
2499 4110 2555 4154 et
2588 4108 2908 4153 ornamento
2961 4095 3245 4161 Ecclesiae.

1668 4198 1869 4268 quippe
1893 4196 1984 4265 qui
2019 4194 2091 4249 sit
2123 4195 2295 4263 prima
2319 4191 2410 4246 lux
2444 4192 2628 4246 mundi
2660 4190 2726 4244 ⁸⁸.
2776 4189 3245 4245 Considerandum

1668 4300 1853 4345 autem
1900 4295 1982 4343 est
2018 4301 2149 4341 num
2197 4284 2441 4353 ejusdem
2497 4285 2680 4338 mundi
2745 4283 2837 4337 lux
2880 4297 3003 4338 esse
3030 4280 3251 4338 dicatur

1668 4379 1925 4436 Christus
1952 4388 2007 4434 et
2033 4378 2282 4448 discipuli
2311 4376 2450 4446 ejus.
2483 4375 2720 4433 Proinde
2747 4376 2892 4439 vide,
2919 4389 3009 4439 ne,
3031 4376 3249 4444 quando

1668 4475 1919 4530 Christus
1951 4473 2042 4529 lux
2069 4482 2157 4530 est
2185 4472 2396 4536 mundi,
2428 4469 2684 4526 fortassis
2716 4468 2805 4523 lux
2838 4472 2909 4522 sit
2949 4467 3248 4537 Ecclesiae;

46 4578 175 4653 ἑτέρων
218 4586 375 4639 ὄντων
435 4579 611 4654 παρὰ
661 4575 764 4646 τὴν
825 4573 1145 4645 Ἐκκλησίαν
1175 4611 1190 4636 ,
1247 4570 1436 4639 ὥσπερ
1488 4565 1564 4637 τῷ

1673 4568 1888 4638 quando
1918 4582 2047 4623 vero
2096 4566 2347 4637 discipuli
2381 4566 2498 4636 ejus
2526 4564 2618 4618 lux
2665 4575 2794 4617 sunt
2825 4562 3034 4628 mundi,
3089 4562 3249 4616 invo-

46 4670 327 4749 ιὶιῦλῳπερὶ
370 4674 598 4730 τούτων
661 4668 880 4739 εἴρηται
924 4669 980 4720 ὲν
1033 4664 1111 4736 τῷ
1151 4662 1420 4735 προοιμίῳ
1462 4659 1563 4728 τῆς

48 4770 229 4840 προτέρας
255 4770 385 4844 πρὸς
417 4770 561 4831 τοὺς
584 4760 920 4836 Κορινθίους
961 4756 1279 4825 Ἐπιστολῆς
1299 4753 1563 4824 γράφοντι

51 4866 115 4932 *τῇ
135 4865 396 4936 Ἐκκλησία
434 4859 543 4915 τοῦ
582 4855 773 4920 Θεοῦ,
809 4855 902 4909 σὺν
941 4854 1077 4907 πᾶσι
1130 4853 1242 4913 τοῖς
1283 4846 1565 4901 ἐπικαλου-

49 4953 159 5023 μένοις
177 4961 230 5013 τὸ
256 4960 426 5030 ὄνομα
453 4953 565 5008 τοῦ
603 4947 827 5020 Κυρίου
866 4944 1034 5017 Ἰησοῦ
1073 4941 1331 5016 Χριστοῦ.
1373 4959 1391 4992 ι
1438 4938 1562 4992 Ἐάν

46 5062 91 5111 ’σος
124 5052 283 5125 ὑπονοῇ
314 5051 411 5106 τοῦ
450 5049 692 5117 κόσμου
752 5038 864 5110 φῶς
903 5037 1153 5108 λέγεσθαι
1195 5035 1295 5106 τὴν
1337 5031 1566 5103 Ἐκκλη-

46 5140 127 5207 σίαν,
149 5148 286 5202 οἱονεὶ
317 5144 415 5200 τοῦ
452 5136 675 5196 λοιποῦ
713 5136 902 5205 γένους
939 5133 1045 5188 τῶν
1083 5130 1385 5203 ἀνθρώπων
1410 5169 1423 5191 ,
1469 5125 1564 5180 καὶ

44 5231 340 5302 ιῶνὰπίστων,
365 5240 419 5291 εἰ
459 5235 576 5307 μὲν
628 5224 988 5302 προφητικῶς
1030 5223 1188 5278 τοῦτο
1207 5221 1296 5276 διὰ
1320 5219 1410 5273 τὸν
1435 5218 1564 5289 περὶ

45 5325 153 5393 τέλους
166 5333 305 5400 λόγον
332 5328 670 5401 ἐπιλήψεται
692 5360 711 5385 ,
746 5318 884 5389 τάχα
916 5318 1027 5389 ἔχει
1073 5315 1257 5387 χώραν
1295 5313 1359 5366 τὸ
1402 5309 1558 5380 λεγό-

48 5433 154 5485 twrr
188 5430 233 5481 εξ
262 5427 315 5481 δὲ
347 5425 434 5487 ὡς
472 5421 593 5493 ήδη
660 5413 945 5484 γινόμενον
988 5410 1133 5483 (ἐπεὶ
1163 5410 1225 5462 τὸ
1256 5407 1371 5477 φῶς
1418 5422 1561 5468 τινος

47 5518 174 5580 Misi
216 5525 388 5575 ἐκεῖνο
418 5510 494 5571 οὗ
529 5515 667 5565 ἐστι
719 5505 904 5575 φῶς),
944 5502 1305 5559 δεικνύτωσαν
1337 5501 1455 5566 πῶς
1499 5501 1561 5554 τὸ

82 5653 243 5740 ηοω.
265 5679 304 5730 ι,
326 5662 428 5721 29.

83 5779 146 5853 (t9)
174 5787 271 5843 τοῦ
298 5787 653 5855 αἷρονζος,
701 5783 819 5853 ειηζ
846 5772 932 5826 Sic
987 5743 1148 5826 habet
1184 5770 1353 5824 codex
1410 5765 1555 5821 Bod-

48 5836 263 5929 itnatit;
280 5836 474 5929 Regio
509 5836 695 5929 deest
730 5842 893 5929 106;“,
968 5906 993 5929 τ
1108 5909 1145 5929 n
1227 5908 1239 5922 .

85 5900 785 5995 in'iz'tihéf'bbtiiéianus
833 5911 925 5978 Τίς
965 5906 1055 5987 ἦν,
1096 5908 1312 6010 .Regius
1352 5906 1417 5963 Τί
1464 5900 1554 5982 ἦν,

1669 4660 1911 4715 cautium
1942 4659 2055 4714 sint
2084 4659 2174 4713 lux
2205 4701 2220 4726 ,
2276 4657 2368 4727 qui
2423 4656 2624 4711 diversi
2676 4663 2807 4710 sunt
2860 4655 2930 4709 ab
2961 4653 3199 4708 Ecclesia
3229 4692 3247 4718 ,

1669 4753 2131 4825 quemadmodum
2183 4767 2212 4805 a
2268 4749 2437 4805 Paulo
2491 4751 2697 4804 dictum
2746 4758 2831 4804 est
2878 4748 2931 4803 in
2981 4747 3247 4818 prooemio

1670 4845 1870 4918 prioris
1914 4843 2168 4914 Epistola:
2210 4843 2278 4897 ad
2322 4842 2632 4897 Corinthios
2669 4839 2947 4896 scribente
2985 4856 3005 4889 ι
3048 4837 3114 4892 ad
3143 4837 3247 4891 Ec-

1672 4938 1895 4993 clesiam
1948 4935 2068 5005 Dei,
2124 4951 2248 4991 cum
2304 4935 2558 4990 omnibus
2609 4933 2703 5002 qni
2760 4931 3017 4985 invocant
3048 4942 3247 4983 nomen

1671 5030 1889 5086 Domini
1922 5029 2098 5085 nostri
2131 5028 2262 5084 .lesu
2306 5027 2508 5084 Christi
2533 5026 2600 5079 ⁸ο.
2637 5043 2655 5075 ι
2688 5023 2747 5078 Si
2773 5022 2897 5091 quis
2937 5021 3249 5089 suspicetur

1669 5122 1971 5179 Ecclesiam
2010 5120 2115 5176 dici
2149 5120 2323 5175 lucem
2354 5116 2565 5181 mundi,
2604 5114 2706 5169 hoc
2735 5120 2819 5167 est
2859 5108 3056 5179 reliqui
3083 5125 3249 5180 gene-

1666 5218 1744 5270 ris
1764 5212 2043 5269 hominum
2070 5220 2125 5266 et
2153 5207 2476 5270 inﬁdelium,
2508 5204 2771 5274 siquidem
2805 5200 3122 5272 prophetice
3142 5201 3247 5257 hoc

1667 5303 2120 5376 interpretabitur
2168 5308 2390 5370 propter
2443 5307 2752 5349 sermonem
2798 5293 2866 5347 de
2893 5307 3244 5347 consumma-

1668 5394 1836 5462 tione,
1873 5391 2109 5447 fortasse
2137 5390 2316 5445 locum
2348 5381 2667 5440 habetillud
2698 5381 2846 5453 quod
2881 5383 3123 5450 dicitur;
3158 5384 3243 5437 sin

1670 5501 1803 5542 vero
1829 5494 2087 5556 tanquam
2106 5481 2218 5548 jam
2251 5478 2453 5535 factum
2485 5474 2539 5530 id
2570 5472 2943 5530 considerabit
2966 5473 3246 5543 (quoniam

520 5655 576 5689 "
617 5651 786 5710 Joan.
819 5650 967 5717 1,10.
1010 5632 1088 5681 ’⁸⁸
1130 5647 1325 5703 Matth.
1358 5660 1413 5710 v,
1455 5644 1539 5698 ιι.

1692 5639 1974 5702 Joan.vm,
1996 5634 2082 5688 i2.
2158 5630 2203 5663 '°
2235 5628 2402 5685 lCor.
2432 5643 2472 5691 ι,
2501 5626 2557 5681 2.

1670 5763 1854 5902 mila.)
1897 5830 2000 5902 εἰς
2034 5815 2435 5902 τρῌδεηθῆναι.
2479 5818 2765 5877 Ferrarius
2797 5817 3012 5875 videtnr
3053 5808 3253 5879 legisse

1670 5897 1761 5969 εἰς’
1778 5897 1844 5956 sb
1876 5898 1952 5973 μὴ
1979 5897 2254 5971 δεηθῆναι.
