3866 6568
574 413 684 469 503

2033 405 2351 463 ORIGENIS
3701 415 3782 473 5οι

574 526 666 583 lux
701 525 936 595 alicujus
968 524 1207 580 illustrat
1254 524 1387 579 illud
1415 566 1430 590 ,
1464 524 1620 593 cujus
1647 532 1730 578 est
1774 521 1909 593 lux).
1958 530 2138 576 osten-

2252 520 2433 576 λοιπὸν
2472 521 2629 590 γένος
2667 520 2961 591 φωτίζεται
2990 523 3096 577 ὑπὸ
3125 523 3222 596 τῆς
3247 526 3707 600 παρεπιδημούσης
3727 533 3784 603 τῷ

573 624 707 677 dant
750 619 1020 690 quomodo
1053 619 1318 688 reliquum
1369 632 1539 689 genus
1572 617 1880 673 illustratur
1926 616 1997 670 ab
2046 615 2148 669 Ec-

574 714 743 770 clesia
793 713 1176 786 peregrinante
1201 713 1253 767 in
1289 714 1510 768 mundo.
1541 710 1697 779 Quod
1725 712 1771 765 si
1805 711 1907 765 hoc
1962 720 2150 767 osten-

574 808 707 864 dere
746 815 1047 877 nequeunt,
1086 805 1369 861 advertant
1402 822 1530 860 num
1558 815 1703 859 recte
1732 803 2149 874 exposuerinms

575 900 750 956 lucem
777 914 900 956 esse
932 898 1257 963 Eeclesiam,
1292 910 1346 951 et
1380 898 1638 951 mundum
1670 898 2014 952 invocantes.
2041 896 2146 952 Sed

576 991 764 1048 vocula
790 1008 913 1063 qua:
938 992 1209 1062 sequitur,
1234 990 1411 1059 posita
1442 988 1496 1041 in
1521 988 1814 1058 Evangelio
1837 1003 1865 1040 a
1900 986 2177 1041 Mattlram'

576 1085 775 1141 tradito
816 1085 1088 1154 exprimet
1137 1082 1538 1138 enarrationem
1572 1081 1622 1135 ei
1668 1082 1762 1150 qui
1795 1079 2150 1151 diligentissi-

576 1190 662 1231 me
708 1185 986 1231 scrutatur
1039 1173 1396 1242 Scripturas:
1432 1192 1450 1225 ι
1486 1171 1597 1227 Vos
1644 1174 1789 1227 enim
1815 1211 1832 1238 ,
1869 1172 2043 1240 inquit
2076 1172 2143 1233 ⁸³,

576 1269 708 1324 estis
733 1268 814 1323 sal
850 1277 1052 1331 teme;
1108 1286 1128 1318 ι
1184 1267 1414 1320 fortasse
1456 1280 1553 1334 per
1582 1273 1787 1321 terram
1841 1265 2148 1334 intelligens

575 1360 816 1429 reliquos
837 1358 1108 1422 homines,
1127 1372 1360 1427 quorum
1395 1356 1474 1410 sal
1498 1364 1626 1411 sunt
1650 1357 1739 1424 qni
1768 1357 2141 1415 crediderunt,

574 1460 826 1506 auctores
855 1451 1186 1507 cxsistentes
1213 1460 1270 1504 ut
1315 1450 1552 1503 umndus
1581 1440 1834 1503 servetur
1861 1457 2144 1516 propterea

572 1544 713 1613 quod
736 1544 963 1601 credant
990 1560 1006 1608 ;
1047 1553 1176 1599 tunc
1202 1544 1347 1599 enim
1379 1544 1780 1598 consummatio
1807 1541 1933 1604 erit.
1979 1540 2026 1595 si
2058 1538 2142 1595 sal

572 1637 873 1693 infamatus
904 1634 1095 1700 fuerit,
1123 1645 1178 1691 et
1209 1651 1316 1690 non
1349 1636 1420 1691 sit
1444 1633 1677 1705 amplius
1708 1636 1801 1705 qui
1832 1635 1991 1691 saliat
2019 1649 2148 1691 cuu-

574 1738 864 1799 servetque
894 1736 1095 1783 terram
1131 1744 1146 1780 :
1177 1726 1434 1795 quoniam
1460 1724 1653 1795 liquet,
1685 1728 1733 1780 si
1771 1725 1995 1794 impleta
2027 1726 2146 1780 fue-

576 1822 647 1875 rit
673 1819 959 1889 iniquitas,
980 1826 1035 1872 et
1061 1814 1376 1885 refriguerit
1408 1817 1651 1871 charitas
1688 1832 1856 1886 super
1881 1826 2080 1871 terram
2099 1818 2146 1850 ⁸²

572 1908 595 1980 (
623 1915 678 1963 ut
703 1909 871 1962 etiam
902 1905 1173 1963 Servatur
1203 1906 1320 1974 ipse
1351 1906 1570 1961 dubiam
1610 1905 1824 1974 profert
1856 1921 2043 1962 vocem
2080 1907 2146 1961 de

574 2000 783 2071 bisqui
824 2000 877 2055 in
907 2014 1009 2056 suo
1067 1998 1239 2069 ipsius
1293 1998 1527 2053 adventu
1580 2010 1777 2065 erunt,
1833 2000 2025 2056 dicens
2054 2001 2143 2060 ⁵³;

576 2108 601 2142 ι
636 2088 1016 2145 Verumtamen
1039 2104 1165 2144 cum
1205 2088 1415 2143 venerit
1438 2087 1604 2151 Filius
1630 2091 1892 2155 hominis,
1913 2108 2039 2146 num
2072 2093 2150 2149 in-

576 2181 759 2237 veniet
785 2180 944 2236 fidem
974 2195 1139 2251 super
1171 2190 1370 2236 terram
1397 2181 1420 2235 ?
1446 2183 1494 2253 ι)
1519 2181 1759 2238 futuram
1807 2199 2149 2241 consumma.

570 2275 776 2329 tionem
836 2273 1039 2330 seculi.
1080 2273 1302 2329 Dicatur
1350 2274 1533 2344 itaque
1586 2275 1831 2332 Ecclesia
1891 2279 2143 2345 mundus,

570 2363 793 2434 quando
810 2377 840 2417 a
860 2362 1153 2418 Servature
1175 2363 1504 2431 illustratur;
1529 2380 1626 2421 nos
1638 2376 1819 2423 autem
1831 2370 2146 2439 quaerimus,

576 2466 643 2511 an
678 2464 900 2526 propter
932 2454 1102 2511 illud:
1134 2474 1154 2507 ι
1193 2455 1329 2511 Ecce
1372 2457 1557 2527 Agnus
1586 2458 1676 2515 ille
1717 2459 1834 2526 Dei,
1880 2462 1974 2531 qui
2012 2462 2149 2518 tollit

574 2550 1044 2623 159peccatnm
1089 2550 1268 2605 mundi
1301 2550 1368 2617 “,
1399 2569 1418 2604 ι
1459 2553 1805 2623 interpretari
1852 2555 2149 2612 debeamus

578 2646 835 2700 mundum
896 2642 1253 2714 spiritualiter
1305 2656 1428 2700 esse
1474 2643 1776 2704 Ecclesiam
1831 2647 2148 2716 (ablatione

575 2745 926 2807 peccatorum
961 2734 1318 2791 circumclusa
1370 2737 1424 2792 in
1475 2736 1590 2792 sola
1634 2737 1942 2810 Ecclesia).
2002 2740 2151 2808 Quo-

575 2828 735 2885 modo
764 2829 910 2883 enim
940 2828 1086 2898 quod
1116 2842 1145 2882 a
1168 2828 1432 2899 discipulo
1466 2844 1567 2884 suo
1595 2829 1651 2885 in
1684 2828 1922 2901 Epistula
1949 2830 2151 2895 dicitur

568 2922 641 2978 de
677 2919 989 2989 Sen-atare,
1013 2919 1103 2992 qui
1123 2918 1433 2992 prOpitiatiu
1456 2932 1540 2978 est
1562 2937 1658 2992 pro
1685 2923 1948 2993 peccatis,
1980 2924 2150 2981 inter-

571 3014 933 3084 pretabimur,
963 3014 1045 3070 sic
1069 3014 1280 3072 habens
1313 3035 1328 3071 :
1369 3033 1388 3068 ι
1419 3013 1529 3071 Sed
1550 3023 1606 3070 et
1648 3015 1697 3070 si
1727 3016 1852 3084 quis
1883 3030 2146 3086 peccave-

566 3108 665 3177 rit,
736 3108 1060 3164 advocatum
1121 3108 1389 3165 habemus
1459 3109 1601 3180 apud
1673 3107 1892 3164 Patrem
1961 3107 2147 3166 Jesum

2251 615 2441 687 κόσμῳ
2469 614 2817 686 Ἐκκλησίας.
2859 615 2922 670 Εἰ
2956 616 3014 670 δὲ
3045 616 3202 670 τοῦτο
3231 617 3502 672 δεικνύναι
3539 620 3594 673 οὐ
3634 621 3785 678 δύναν-

2248 725 2360 771 ται,
2390 707 2841 778 ἐπιστησάτωσαν
2872 710 3083 780 μήποτε
3110 708 3279 778 ὑγιῶς
3317 710 3661 784 ὲξειλήφαμεν
3694 716 3788 786 φῶς

2254 801 2352 870 μὲν
2401 797 2537 854 εἶναι
2570 800 2670 872 τὴν
2717 800 3074 874 Ἐκκλησίαν,
3126 802 3329 871 κόσμον
3367 802 3424 856 δὲ
3477 805 3596 868 τοὺς
3623 807 3787 861 ἐπικα-

2250 891 2564 962 λουμένους.
2611 892 2675 946 Ἦ
2726 892 2783 947 δὲ
2816 893 2943 964 ἑξῆς
2999 891 3154 965 φωνὴ
3195 894 3421 965 κειμένη
3464 896 3521 948 ὲν
3550 895 3621 968 τῷ
3670 900 3790 952 κατὰ

2250 981 2529 1037 Ματθαϊον
2567 983 2648 1054 τῷ
2694 983 3092 1055 ἐπιμελέστατα
3139 985 3432 1057 ὲρευνῶντι
3469 987 3563 1051 τὰς
3597 989 3633 1041 Γ
3637 991 3789 1061 papa;

2251 1075 2596 1144 παραστήσει
2654 1075 2751 1145 τὴν
2806 1074 3090 1148 διήγησιν·
3143 1093 3163 1128 ι
3207 1077 3400 1149 Ὑμεῖς
3438 1078 3563 1150 γὰρ,
3609 1082 3788 1151 φησιν,

2250 1166 2374 1219 ἐστὲ
2425 1166 2486 1220 τὸ
2525 1166 2660 1230 ἃλας
2692 1168 2792 1238 τῆς
2831 1168 2967 1238 γῆς·
3004 1187 3023 1219 ι
3066 1154 3220 1239 τάχα
3271 1168 3370 1241 τῆς
3410 1170 3515 1241 γῆς
3552 1171 3653 1224 τῶν
3699 1172 3790 1226 λοι-

2248 1259 2368 1314 πῶν
2431 1259 2737 1332 ἀνθρώπων
2792 1262 3120 1333 νοουμένων,
3169 1254 3244 1317 ὧν
3289 1263 3422 1327 ἃλας
3458 1265 3589 1318 εἰσὶν
3622 1268 3668 1319 οἱ
3715 1286 3791 1320 πε-

2249 1353 2620 1417 πιστευκότες,
2651 1354 2813 1409 αἴτιοι
2841 1354 2935 1408 τοῦ
2964 1354 3248 1425 τηρεῖσθαι
3278 1355 3369 1409 τὸν
3401 1354 3596 1427 κόσμον
3617 1356 3699 1411 διὰ
3718 1358 3792 1411 τοῦ

2248 1444 2526 1497 πιστεύειν
2553 1444 2939 1515 τυγχάνοντες·
2974 1445 3096 1498 τότε
3123 1444 3232 1517 γὰρ
3258 1448 3293 1516 ἡ
3338 1446 3604 1501 συντέλεια
3630 1448 3789 1514 ἔσται,

2248 1537 2344 1592 ὲὰν
2376 1536 2436 1590 τὸ
2464 1536 2601 1602 ἃλας
2628 1538 2911 1610 μωρανθῇ,
2948 1538 3043 1601 καὶ
3081 1539 3276 1609 μηκέτι
3384 1540 3447 1592 τὸ
3491 1539 3684 1605 ἁλίζον,
3718 1544 3795 1596 καὶ

2250 1630 2552 1703 συντηροῦν
2608 1631 2707 1703 τὴν
2753 1632 2885 1704 γῆνο
2938 1635 3063 1688 ἐπὶ
3113 1634 3312 1702 σαφὲς,
3361 1635 3477 1699 ὅτι,
3540 1635 3628 1689 ἐὰν
3685 1636 3799 1708 πλη-

2248 1723 2415 1796 θυνθῇ
2461 1728 2493 1797 ή
2533 1724 2764 1797 ἀνομία,
2804 1726 2900 1779 καὶ
2948 1725 3095 1798 ψυχῇ
3135 1726 3386 1798 ἡάγάπη
3436 1728 3527 1781 ἐπὶ
3570 1727 3663 1798 τῆς
3711 1730 3813 1799 γῆς

2251 1817 2361 1887 (ὡς
2384 1818 2477 1872 καὶ
2512 1819 2675 1873 αὑτὸν
2721 1818 2815 1874 τὸν
2858 1820 3093 1891 Σωτῆρα
3124 1819 3477 1891 διστακτικὴν
3505 1820 3813 1891 προενέγκαε.

2252 1910 2375 1965 σθαι
2422 1912 2551 1982 περὶ
2618 1909 2728 1964 τῶν
2779 1910 2837 1964 ἐν
2885 1912 2953 1981 τῇ
3014 1909 3281 1981 ἐπιδημίᾳ
3342 1909 3535 1964 ἑαυτοῦ
3594 1912 3761 1981 φωνὴν
3787 1954 3813 1976 ,η

2247 2002 2470 2071 λέγοντα
2494 2018 2507 2030 ο
2547 2022 2565 2053 ι
2602 2000 2768 2073 Πλὴν.
2799 2004 2828 2056 6
2876 2001 3005 2066 Υἱὸς
3058 2000 3153 2055 τοῦ
3186 2000 3474 2072 ἀνθρώπου
3508 1999 3667 2056 ἐλθὼν
3713 1998 3813 2073 ἆρα

2248 2094 2469 2166 εὑρήσει
2499 2094 2599 2166 τὴν
2646 2094 2829 2148 πίστιν
2859 2095 2953 2148 ἐπὶ
2984 2094 3084 2165 τῆς
3110 2093 3256 2164 γῆς;
3288 2093 3306 2163 )
3350 2114 3368 2146 ι
3401 2094 3523 2148 τότε
3553 2094 3813 2147 συντέὶειαχ

2248 2187 2400 2241 ἔσται
2415 2188 2508 2241 τοῦ
2534 2187 2747 2252 αἰῶνος.
2762 2187 3017 2256 Λεγέσθω
3038 2186 3216 2241 τοίνυν
3237 2189 3270 2258 η
3295 2186 3585 2257 Ἐκκλησία
3603 2187 3806 2257 κόσμος,

2247 2284 2339 2337 ὅτε
2370 2282 2474 2335 ὑπὸ
2508 2280 2604 2335 τοῦ
2638 2281 2889 2353 Σωτῆρος
2929 2281 3247 2350 φωτίζεται·
3278 2282 3441 2353 ἡμεῖς
3473 2280 3529 2334 δὲ
3561 2280 3813 2351 ζητοῦμεν

2249 2376 2465 2431 είκατά
2492 2376 2583 2430 τόδ
2623 2396 2642 2427 ι
2680 2375 2786 2429 Ἴδε
2814 2378 2842 2428 6
2881 2374 3075 2446 Ἀμνδς
3109 2373 3203 2428 τοῦ
3247 2373 3385 2428 Θεοῦ
3407 2414 3422 2439 ,
3463 2376 3493 2428 6
3518 2375 3685 2447 αἴρων
3725 2371 3813 2443 sim

2249 2468 2525 2541 ἁμαρτίαν
2550 2468 2644 2522 τοῦ
2675 2468 2904 2540 κόσμου,
2939 2487 2957 2520 r
2989 2468 3191 2537 κόσμον
3222 2467 3455 2539 ἡγητέον
3485 2465 3684 2537 νοητῶς
3710 2466 3813 2537 (59.)

2248 2563 2347 2634 τὴν
2397 2561 2723 2632 Ἐκκλησίαν
2773 2559 3243 2633 (περικλειομένου
3290 2559 3387 2614 τοῦ
3435 2557 3680 2632 ατρεσθαι
3726 2557 3814 2627 trgi

2247 2656 2526 2729 ἁμαρτίαν
2550 2658 2631 2719 εἰς
2663 2655 2831 2726 μόνην
2855 2653 2954 2724 τὴν
2991 2652 3362 2724 Ἐκκλησίαν).
3395 2651 3519 2716 Πῶς
3549 2652 3654 2723 γὰρ
3683 2651 3740 2704 τὸ
3763 2652 3813 2701 ἐν

2249 2749 2315 2819 τῇ
2347 2746 2634 2816 Ἐπιστολῇ
2660 2744 2765 2799 ὑπὸ
2791 2743 2886 2798 τοῦ
2920 2744 3085 2799 αὐτοῦ
3117 2742 3360 2815 μαθητοῦ
3392 2744 3675 2815 εἰρημένον
3696 2742 3813 2813 περι

2249 2838 2344 2894 τοῦ
2367 2839 2622 2911 Σωτῆρος
2660 2836 2893 2909 ἱλασμοῦ
2924 2838 3056 2908 περὶ
3085 2836 3192 2892 τῶν
3226 2835 3512 2909 ἁμαρτιῶν
3540 2835 3814 2904 τυγχάνσναι

2248 2949 2339 2997 τος
2358 2929 2754 3003 διηγησόμεθα,
2787 2928 2961 2993 οὕτως
2992 2928 3112 2999 ἔχον
3135 2944 3150 2959 ο
3183 2946 3201 2981 ι
3231 2927 3341 2983 Καὶ
3361 2926 3460 2982 ὲάν
3490 2944 3571 2992 τις
3586 2924 3814 2997 ἁμάρτω

2252 3024 2601 3095 παράκλητον
2643 3023 2839 3095 ἔχομεν
2870 3022 3010 3094 πρὸς
3057 3021 3149 3075 τὸν
3189 3020 3415 3091 Πατέρα
3448 3017 3652 3091 Ἰησοῦν
3692 3017 3814 3085 Χριει

2254 3119 2378 3172 στὸν
2424 3118 2668 3172 δίκαιονο
2735 3116 2830 3170 καὶ
2887 3115 3050 3178 αὐτὸς
3102 3112 3329 3185 ἱλασμός
3379 3113 3497 3165 ἐστι
3543 3110 3668 3181 περὶ
3717 3107 3814 3171 τῶν

571 3202 852 3259 Christum
876 3201 1085 3271 justum
1106 3220 1121 3269 ;
1146 3212 1203 3257 et
1231 3202 1345 3272 ipse
1367 3210 1451 3258 est
1479 3200 1793 3272 propitiath
1818 3216 1921 3273 pro
1949 3217 2145 3271 pecca-

2252 3211 2537 3285 ὰμαρτιῶν
2570 3210 2728 3284 ἡμῶν
2749 3228 2763 3241 ο
2803 3210 2865 3287 οῦ
2903 3210 3034 3281 περὶ
3070 3207 3186 3285 τῶν
3218 3205 3506 3279 ἡμετέρων
3557 3204 3612 3258 δὲ
3645 3202 3814 3275 μόνον,

572 3296 647 3351 tis
699 3295 938 3360 nostris;
994 3310 1104 3350 non
1154 3308 1253 3364 pro
1287 3294 1494 3349 nostris
1538 3303 1721 3350 autem
1770 3303 2006 3361 tantum,
2052 3297 2149 3352 sed

573 3387 739 3443 etiam
772 3403 872 3457 pro
900 3388 1065 3443 totius
1110 3388 1297 3445 mundi
1329 3388 1419 3444 "2
1445 3407 1464 3441 ι
1490 3386 1557 3443 Et
1580 3390 1725 3458 quod
1752 3390 1896 3461 apud
1921 3387 2147 3447 Paulum

570 3491 680 3549 est,
702 3481 832 3537 huic
873 3496 1000 3537 reor
1034 3496 1155 3538 esse
1190 3480 1402 3547 simile,
1455 3483 1535 3539 sic
1590 3482 1800 3540 habens
1833 3501 1847 3539 :
1884 3502 1904 3536 ι
1934 3483 2034 3552 Qui
2065 3494 2151 3542 est

572 3571 839 3629 Servatur
865 3575 1104 3629 omnium
1140 3572 1442 3642 hominum,
1486 3576 1720 3632 maxime
1748 3575 1988 3634 fidelium
2014 3578 2083 3637 “.
2122 3596 2144 3631 ι

570 3666 789 3721 llursus
807 3665 873 3719 ad
900 3664 1044 3720 hunc
1080 3664 1258 3720 locum
1298 3664 1594 3722 Heracleun
1635 3668 1860 3724 veniens
1882 3710 1898 3737 ,
1943 3670 2148 3740 absque

574 3758 758 3829 aliqua
792 3758 1179 3828 approbatione
1224 3767 1280 3813 et
1316 3760 1656 3829 appositione
1684 3760 2144 3824 testimoniorum,

574 3851 822 3914 enuntiat
882 3850 1146 3911 Joannem
1215 3860 1473 3929 tanquam
1539 3854 1857 3925 prophetam
1913 3854 2143 3910 dicere:

577 3974 597 4006 ι
627 3955 811 4025 Agnus
844 3951 937 4007 Dei
982 3953 1030 3985 "
1055 3969 1071 4018 ;
1101 3970 1124 4005 ο
1177 3963 1234 4009 et
1260 3964 1320 4009 ut
1345 3950 1782 4009 excellentiorem
1809 3950 2131 4020 pr0phetam

571 4047 780 4110 dicere,
816 4045 854 4097 ἰ
883 4044 978 4114 qui
1029 4042 1205 4098 aufert
1263 4051 1547 4111 peccatum
1610 4036 1820 4092 mundi.
1851 4054 1871 4089 ι
1905 4036 2146 4104 Quorum

570 4136 808 4208 primum
832 4134 1117 4192 existimat
1145 4134 1211 4188 de
1232 4148 1461 4203 corpore
1502 4132 1620 4201 ejus
1663 4129 1797 4194 dici,
1846 4131 2145 4185 secundum

573 4242 705 4283 vero
731 4228 798 4283 de
825 4242 911 4294 eo,
939 4227 1081 4297 quod
1110 4236 1191 4283 est
1218 4227 1272 4282 in
1294 4240 1545 4297 corpore,
1580 4225 1706 4296 quia
1741 4234 1918 4295 agnus
1949 4222 2151 4294 imper-

572 4317 752 4373 fectus
795 4317 867 4372 sit
912 4318 965 4372 in
1000 4316 1179 4372 ovium
1228 4332 1459 4387 genere;
1515 4325 1683 4386 atque
1718 4316 1826 4371 tale
1862 4315 2030 4370 etiam
2076 4313 2150 4368 sit

574 4422 778 4478 corpus
830 4408 1235 4479 comparatione
1283 4407 1643 4463 inhabitantis
1690 4406 1747 4461 iu
1791 4405 1929 4476 ipso.
1974 4401 2149 4458 «Per-

522 4558 531 4565 .
574 4497 862 4555 lectionem
909 4514 1074 4567 vero,
1131 4500 1325 4570 inquit,
1367 4500 1416 4555 si
1467 4498 1686 4554 volebat
1714 4496 1934 4568 corpori
1988 4495 2147 4552 attri-

572 4592 761 4657 buere,
790 4591 1011 4646 arietem
1052 4591 1224 4663 ipsum
1264 4591 1656 4647 immolandum
1687 4591 1937 4648 dixisset.
1968 4608 1990 4644 ι
2036 4587 2145 4646 Sed

574 4695 684 4736 non
712 4678 947 4736 arbitror
968 4683 1339 4737 necessarium
1357 4697 1480 4738 esse
1505 4691 1627 4753 post
1648 4690 1737 4738 tot
1760 4682 2145 4753 inquisitiones

572 4769 782 4833 factas,
815 4772 1003 4827 eadem
1037 4772 1139 4827 hoc
1182 4773 1237 4827 in
1272 4774 1393 4829 loco
1426 4784 1709 4843 repetere,
1748 4772 2145 4830 contendentes

562 4870 762 4918 contra
793 4877 857 4917 ea
890 4877 1011 4931 qua:
1038 4863 1180 4918 dixit
1210 4861 1506 4919 Heracleon
1551 4879 1743 4934 parum
1775 4865 1951 4920 docte.
1998 4862 2144 4920 Tau-

577 4962 689 5006 tum
714 4953 816 5007 hoc
842 4950 1020 5007 adhuc
1049 4961 1287 5018 notetur,
1313 4953 1481 5023 quod,
1508 4963 1567 5008 ut
1598 4955 1684 5008 vix
1715 4955 1947 5010 mundus
1973 4970 2142 5026 capax

570 5044 716 5099 illius
762 5042 905 5112 fuit,
957 5043 1047 5115 qui
1086 5045 1324 5114 seipsum
1365 5045 1613 5111 inanivit,
1657 5047 1737 5100 sic
1774 5061 1914 5119 agno
1941 5056 1998 5104 et
2036 5064 2141 5103 non

570 5134 742 5189 ariete
774 5147 909 5205 opus
948 5135 1117 5191 fuisse
1148 5136 1215 5190 ad
1252 5135 1398 5191 illius
1446 5134 1797 5192 auferendum
1835 5146 2137 5208 peccatum.

2251 3303 2389 3359 ἀλλὰ
2434 3304 2531 3359 καὶ
2576 3304 2707 3375 περὶ
2733 3302 2857 3358 ὅλου
2893 3300 2987 3355 τοῦ
3018 3300 3259 3370 κόσμου;
3300 3317 3320 3351 ι
3358 3299 3455 3354 καὶ
3490 3297 3552 3351 τὸ
3582 3294 3731 3367 παρά

2251 3396 2451 3468 Παύλῳ
2477 3397 2537 3451 δὲ
2565 3396 2771 3449 τούτων
2798 3393 3005 3466 νομίζω
3033 3387 3173 3447 εἶναι
3218 3389 3622 3462 παραπλήσιον,
3657 3385 3814 3451 οὕτως

2249 3490 2372 3560 ἕχον
2390 3506 2403 3519 ·
2441 3507 2461 3539 ι
2506 3489 2604 3553 Ὃς
2631 3489 2747 3541 ἐστι
2777 3486 2970 3558 Σωτὴρ
3000 3484 3216 3540 πάντων
3240 3478 3568 3553 ἀνθρώπων,
3599 3478 3814 3551 μάλιστα

2248 3581 2478 3637 πιστῶν.
2514 3600 2533 3635 ι
2571 3580 2742 3636 Πάλιν
2766 3580 2826 3635 ὲν
2844 3578 2924 3649 τῷ
2952 3577 3103 3647 τόπῳ
3120 3578 3149 3630 6
3182 3574 3503 3647 Ἡρακλέων
3522 3571 3814 3643 γενόμενοῆ

2248 3674 2419 3745 χωρὶς
2445 3672 2628 3745 πάσης
2674 3668 3040 3739 κατασκευῆς,
3074 3667 3169 3724 καὶ
3218 3664 3581 3739 παραθέσεως
3615 3678 3814 3733 μαρτυα

2250 3761 2403 3837 ριῶν,
2428 3762 2810 3833 ἀποφαίνεται,
2831 3760 2998 3816 ὅτιτὸ
3022 3758 3122 3831 μέν
3147 3774 3161 3789 ·
3191 3775 3211 3809 ι
3260 3755 3460 3828 ’Δμνδς
3491 3752 3584 3808 τοῦ
3614 3750 3774 3811 Θεοῦ,
3802 3766 3814 3801 ι

2247 3855 2325 3921 ὡς
2364 3856 2648 3928 προφήτης
2676 3853 2842 3925 φησιν
2867 3852 2899 3906 ό
2935 3852 3219 3922 Ἰωάννης·
3252 3849 3313 3903 τὸ
3340 3848 3401 3902 δέ
3427 3864 3442 3878 ο
3484 3865 3504 3900 ι
3560 3847 3616 3900 '0
3656 3846 3814 3915 αἴρων

2246 3945 2347 4018 τὴν
2384 3943 2656 4017 ἁμαρτίαν
2696 3943 2792 3997 τοῦ
2828 3943 3057 4013 κόσμου,
3101 3959 3120 3993 ι
3156 3940 3232 4004 ὡς
3263 3937 3648 4011 περισσότερον
3697 3949 3814 4005 προη

2249 4041 2440 4113 φήτου.
2472 4039 2583 4094 Καὶ
2611 4038 2784 4094 οἴεται
2815 4038 2878 4092 τὸ
2902 4038 3003 4109 μὲν
3043 4036 3307 4108 πρότερον
3337 4033 3470 4106 περὶ
3513 4030 3605 4086 τοῦ
3638 4031 3814 4113 σῶμ-ας

2367 4130 2533 4186 αὐτοῦ
2563 4129 2841 4200 λέγεσθαι,
2867 4129 2930 4183 τὸ
2954 4129 3012 4183 δὲ
3058 4127 3310 4199 δεύτερον
3358 4124 3491 4198 περὶ
3529 4121 3621 4178 τοῦ
3656 4123 3722 4175 ὲν
3752 4110 3814 4188 τᾶ]

2250 4223 2483 4295 σώματι,
2515 4224 2594 4295 τῷ
2622 4225 2714 4279 τὸν
2736 4223 2909 4297 ἀμνὸν
2929 4221 3095 4291 ἀτελῆ
3118 4215 3255 4275 εἶναι
3284 4220 3344 4274 ὲν
3370 4217 3452 4289 τῷ
3483 4216 3590 4272 τῶν
3621 4212 3814 4293 προίᾶιι

2247 4332 2356 4369 των
2394 4317 2543 4386 γένει
2561 4332 2577 4348 ο
2608 4314 2752 4369 οῦτω
2775 4314 2833 4368 δὲ
2853 4313 3033 4368 καὶτὸ
3062 4313 3220 4384 σῶμα
3250 4310 3554 4396 παραθέσει
3575 4308 3669 4363 τοῦ
3695 4309 3814 4396 ενοι]

2250 4405 2474 4471 κοῦντος
2501 4406 2671 4478 αὐτῷ.
2702 4424 2722 4458 ι
2759 4406 2834 4460 Τὸ
2860 4404 2917 4458 δὲ
2947 4403 3155 4458 τέλειον
3180 4404 3228 4456 εί
3250 4392 3530 4465 ἐϐούλετο,
3563 4400 3724 4471 φησὶ,

2251 4495 2462 4567 σώματι
2496 4496 2861 4569 μαρτυρῆσαι,
2889 4493 3043 4566 κριὸν
3072 4488 3223 4548 εἷπεν
3267 4491 3334 4549 ἂν
3369 4493 3433 4547 τὸ
3469 4491 3659 4565 μέλλον

2176 4571 2221 4629 Ῑ)
2250 4586 2648 4658 θύεσθαι.›οὐχ
2666 4585 2908 4659 ἠγοῦμαι
2929 4585 2988 4640 δὲ
3017 4581 3156 4640 εἶναι
3184 4586 3485 4654 ἀναγκαῖον
3511 4580 3652 4655 μετὰ
3675 4580 3814 4651 τηλιγ

2249 4677 2456 4743 καύτας
2497 4678 2864 4748 γεγενημένας
2899 4675 3177 4743 ἐξετάσεις
3212 4675 3491 4740 ταυτίζειν
3536 4672 3648 4746 (54)
3703 4662 3814 4745 ιτεᾴ

2248 4771 2341 4825 τὸν
2373 4770 2555 4833 τόπον,
2586 4767 3018 4839 ἀγωνιζομένους
3062 4767 3198 4840 πρὸς
3227 4767 3297 4822 τὰ
3330 4766 3568 4832 εὐτελῶς
3596 4764 3709 4819 ὑπὸ

2260 4861 2630 4935 Ἡρακλέωνος
2677 4860 2958 4933 εἰρημένα.
2991 4860 3164 4915 Μόνον
3202 4861 3261 4915 δὲ
3301 4861 3463 4916 τοῦτο
3494 4850 3814 4931 ἐπισημειυι

2248 4953 2391 5018 τέον,
2420 4954 2525 5018 ὅτι,
2552 4954 2740 5026 ὥσπερ
2787 4952 2945 5025 μόγις
2977 4953 3089 5025 (55)
3135 4952 3415 5026 ἐχώρησεν
3459 4955 3487 5008 6
3510 4954 3725 5024 κόσμος
3748 4951 3814 5004 τὸ(

2250 5042 2562 5099 κενώσαντα
2580 5044 2790 5108 ἑαυτὸν,
2822 5042 2996 5108 οὓτως
3029 5043 3223 5115 ἀμνοῦ,
3262 5044 3360 5098 καὶ
3388 5047 3452 5100 οὐ
3488 5042 3642 5118 κριοῦ
3676 5041 3814 5119 ὲδεή

2245 5136 2337 5210 θη,
2363 5138 2451 5192 ἴνα
2477 5136 2617 5209 ἀρθῇ
2644 5137 2808 5190 αὐτοῦ
2836 5138 2869 5208 ἡ
2902 5139 3145 5211 ἁμαρτία
3169 5138 3305 5210 (56).
3812 5136 3813 5187 Ῑ

1266 5282 1275 5290 .
1329 5233 1665 5287 Λείπουσιν
1697 5235 1751 5285 οἱ
1780 5231 1949 5302 τόμοι
1975 5231 2248 5302 ἕϐδομος,
2279 5231 2377 5318 καὶ
2405 5230 2637 5301 ὄγδοος,
2672 5232 2769 5286 καὶ
2800 5232 3075 5302 Marce.
3812 5288 3813 5295 η

638 5342 899 5418 "hianti.
927 5361 981 5418 ν,
1011 5344 1096 5399 15.
1180 5343 1237 5418 ff
1271 5341 1460 5397 Matth.
1491 5357 1636 5404 xxiv,
1672 5342 1758 5395 l2.
1851 5341 1901 5373 "
1928 5342 2060 5397 Luc.
2089 5358 2141 5398 ιι

2253 5341 2309 5398 8.
2383 5341 2429 5374 ⁸⁸
2453 5341 2611 5397 Joau.
2655 5358 2699 5409 ι,
2732 5344 2821 5400 29.
2914 5346 2962 5377 ⁸⁸
2998 5347 3197 5404 lJoan.
3228 5365 3289 5416 ιι,
3324 5352 3385 5418 l,
3418 5355 3476 5408 2.
3569 5352 3614 5384 ³⁸
3648 5353 3674 5409 1
3711 5353 3814 5409 Tiu

571 5429 647 5479 ιν,
682 5414 769 5469 10.
845 5414 890 5445 ι’
919 5413 1078 5483 Joan.
1111 5430 1149 5480 ι,
1175 5414 1266 5469 29.

644 5521 755 5591 (52)
792 5520 989 5591 Eme.
1029 5536 1087 5573 ν.
1116 5516 1208 5572 Sic
1232 5517 1384 5572 Bodl.
1399 5536 1427 5591 _:
1455 5517 1675 5589 Regius,
1701 5519 1919 5591 νοητῶν
1957 5518 2145 5591 ὑγιῶς,

643 5585 757 5659 (53)
785 5585 876 5656 Τῷ
900 5585 1128 5658 σώματι
1150 5585 1565 5659 μαρτυρῆσαι,
1590 5589 1760 5657 κριύν
1782 5585 1951 5643 εἶπεν
1980 5585 2058 5641 ἂν
2085 5589 2150 5642 τὸ

643 5606 757 5659 (ne)
785 5606 876 5656 np
900 5606 1128 5658 σωματι
1150 5606 1346 5656 μαρτυ
1386 5606 1554 5656 nam,
1590 5606 1760 5657 κριον
1782 5606 1951 5643 curer
1980 5606 2058 5641 αν
2085 5606 2150 5642 το
2254 5606 2306 5644 se

571 5662 822 5732 μέλλον,
852 5670 957 5740 etc.
988 5659 1087 5740 ‘lta
1128 5658 1299 5738 θρόος
1340 5606 1690 5740 gndleianus,
1739 5670 1921 5740 recte;
1951 5659 2153 5740 Regius
2294 5729 2306 5740 .

572 5728 859 5802 perperam
898 5730 1080 5802 habet
1234 5728 1427 5798 σῶμα·
1467 5728 1528 5781 τὸ
1578 5729 1924 5801 μαρτυρῆσαι
1947 5771 1961 5795 ,
2003 5728 2146 5800 κριὸν

2258 5729 2378 5802 gius

577 5797 754 5856 εἰπεῖν
791 5800 924 5869 αὐτὸ
961 5800 1035 5869 το
1062 5797 1274 5869 μέλλον,
1317 5797 1420 5853 etc.

2252 5521 2807 5656 zggitv,
2840 5539 2939 5593 pro
2968 5540 3076 5595 quo
3116 5525 3348 5583 Huctius
3388 5530 3689 5602 legendum
3726 5545 3814 5599 cet

2329 5662 2440 5733 (55)
2467 5662 2643 5741 godd.
2690 5662 3018 5741 Barberinus
3054 5675 3110 5721 et
3150 5664 3485 5727 Bodleianus
3528 5669 3721 5741 μόγις,
3760 5671 3814 5739 [ig

2414 5732 2588 5803 μόλις,
2623 5736 2764 5802 quod
2799 5734 2940 5787 idem
2968 5745 3070 5790 est.
3528 5732 3541 5741 ’
3604 5732 3617 5739 ⁷
3676 5732 3687 5734 ⁷
3812 5734 3813 5803 ξ

2336 5794 2446 5888 ςδθ)
2477 5794 2676 5888 fidem”)
2714 5805 2752 5871 ἡ
2784 5805 3067 5888 ρμςζρςτιά.
3113 5805 3276 5864 Deest
3318 5810 3378 5866 in
3427 5813 3611 5872 codice
3662 5811 3745 5869 Rt
3760 5794 3814 5888 gi

651 5871 763 5944 (54)
820 5866 1133 5929 Τὰυτιζεὶν.
1191 5866 1279 5922 Sic
1334 5867 1503 5924 codex
1551 5867 1905 5939 Bodleianus;
1957 5868 2157 5943 Regius
2261 5866 2358 5931 sed
2389 5874 2693 5930 restituitur
2719 5866 2750 5932 e
2779 5866 3093 5933 Bodleiano.
