3816 6544
567 440 673 496 507

570 655 752 702 autem
784 645 851 699 ad
881 654 929 699 te
949 644 1105 699 initio
1132 643 1504 715 decimi161
1537 643 1667 697 torni
1696 642 1952 696 dicuntur
1983 655 2010 693 a
2044 655 2149 704 me,

573 735 892 806 frequenter
919 736 970 790 iu
997 734 1278 804 Scriptura
1317 748 1602 787 numerum
1633 730 1914 787 denarium
1954 728 2153 785 eximia

573 828 935 900 praerogativa
972 827 1301 898 impertitum
1332 827 1682 891 observante,
1717 833 1777 879 ut
1809 824 1904 879 tibi
1939 836 2156 893 quoque

575 921 704 977 licet
735 921 1024 992 diligenter
1074 920 1471 984 considerare,
1533 929 1643 972 tum
1697 918 1937 989 speranti
1989 917 2155 970 etiam

579 1016 717 1081 fore,
756 1024 816 1069 ut
846 1014 1048 1085 aliquid
1085 998 1260 1083 majus
1287 1028 1318 1068 a
1348 1014 1456 1068 Deo
1492 1013 1542 1067 in
1586 1013 1732 1067 hunc
1764 1021 1973 1066 tomum
2009 1009 2157 1064 acci-

580 1110 736 1181 pias‘;
766 1109 910 1180 quod
949 1117 1009 1163 ut
1031 1108 1333 1178 contingat,
1382 1122 1482 1176 pro
1523 1105 1735 1161 viribus
1776 1105 2018 1173 praebere
2063 1116 2161 1156 nos

582 1204 730 1272 ipsos
768 1202 878 1257 Deo
903 1210 1194 1266 tentemus,
1240 1200 1332 1269 qui
1379 1200 1527 1269 cupit
1566 1197 1771 1268 optima
1807 1195 2012 1265 largiri.
2053 1192 2157 1248 Sed

582 1293 926 1363 incipiendus
971 1293 1100 1347 hinc
1138 1299 1223 1347 est
1256 1288 1433 1345 liber:
1469 1308 1488 1342 ι
1518 1289 1709 1344 Postea
1748 1285 2029 1343 descendit
2056 1282 2159 1338 Ca.

580 1388 887 1458 pharnaum
918 1385 1059 1456 ipse,
1088 1389 1141 1439 et
1168 1391 1346 1438 mater
1375 1380 1518 1450 ejus,
1573 1390 1628 1437 et
1670 1379 1869 1435 fratres
1903 1378 2052 1448 ejus,
2108 1386 2162 1430 et

579 1480 830 1548 discipuli
873 1477 1025 1549 ejus,
1077 1488 1131 1534 et
1168 1486 1488 1534 manserunt
1532 1473 1606 1529 ibi
1656 1489 1762 1529 non
1820 1472 2002 1527 multis
2040 1471 2161 1525 die-

577 1573 681 1628 bus
714 1571 782 1626 ⁵⁸.
808 1590 827 1625 ι
872 1571 1046 1627 Etiam
1087 1570 1273 1627 ceteri
1307 1579 1421 1624 tres
1450 1568 1542 1639 qui
1579 1565 1871 1637 Evangelia
1920 1566 2162 1633 scripse—

580 1680 731 1736 ruut,
774 1671 1027 1740 inquiunt
1073 1667 1366 1724 Dominum
1430 1666 1483 1721 in
1532 1663 1815 1721 Galilaeam
1869 1658 2163 1715 secessisse

580 1772 705 1832 post
743 1762 915 1832 ipsius
949 1772 1140 1817 contra
1189 1758 1467 1816 diabolum
1514 1764 1818 1819 certamen,
1875 1751 2164 1807 Matthaeus

583 1865 765 1912 autem
819 1867 875 1911 et
921 1855 1121 1920 Lucas,
1167 1854 1318 1924 prius
1377 1867 1503 1909 cum
1560 1850 1801 1906 venisset
1857 1844 2159 1911 Nazareth,

583 1958 769 2018 postea
795 1948 884 2003 illa
910 1948 1097 2004 relicta
1125 1913 1423 2017 profectum
1454 1944 1729 2000 habitasse
1753 1939 2157 2011 Capharnaum.

2275 1932 2433 2003 φασιν
2463 1932 2624 1986 αὐτὸν
2653 1931 3148 2004 ἀνακεχωρηκέναι,
3195 1929 3470 1995 Ματθαῖος
3494 1929 3552 1983 δὲ
3580 1931 3683 1984 καὶ
3712 1913 3796 2018 A04

582 2041 872 2099 Matthmus
910 2057 1039 2097 vero
1083 2049 1138 2096 et
1181 2039 1396 2094 Marcus
1424 2051 1645 2093 causam
1674 2034 1838 2091 etiam
1869 2032 2158 2103 quamdam

583 2137 768 2190 dicunt
790 2149 890 2190 cur
918 2134 1031 2204 ipse
1058 2133 1184 2188 inde
1203 2129 1538 2193 discesserit,
1567 2140 1758 2197 nempe
1778 2125 1902 2196 quia
1921 2126 2162 2180 audisset

582 2227 845 2285 Joannem
890 2227 958 2280 ab
990 2224 1204 2281 Herode
1246 2224 1299 2278 in
1335 2235 1611 2278 carcerem
1644 2217 1940 2287 conjectum
1972 2215 2159 2272 fuisse.

586 2321 800 2377 llabent
851 2327 1032 2376 autem
1093 2333 1153 2374 se
1203 2319 1283 2373 sic
1313 2317 1475 2371 verba
1506 2312 1772 2375 ,Μαιαιωί
1822 2312 2037 2383 quidem
2072 2310 2158 2363 ‘°:

593 2432 612 2466 ι
645 2411 798 2468 Tunc
830 2412 1034 2468 omittit
1060 2409 1207 2464 illum
1238 2407 1506 2474 diabolus,
1543 2415 1598 2463 et
1629 2420 1759 2461 ecce
1790 2404 1968 2474 anchi
2006 2420 2173 2460 accev

588 2506 811 2572 dehant,
850 2513 907 2560 et
949 2501 1340 2558 ministrabant
1392 2499 1466 2557 ei.
1516 2499 1651 2555 Cum
1704 2497 1949 2553 audisset
1978 2505 2162 2552 autem

586 2595 746 2655 Jesus
787 2594 1051 2652 Joannem
1109 2593 1367 2648 traditum
1423 2605 1580 2657 esse,
1640 2588 1867 2645 secessit
1920 2587 1973 2642 in
2017 2586 2164 2643 Gali-

587 2690 785 2758 laeam;
816 2702 893 2757 et,
927 2690 1120 2746 relicta
1152 2687 1445 2750 Nazareth,
1492 2683 1766 2755 profectus
1817 2681 2080 2737 habitavit
2110 2669 2163 2735 in

586 2787 915 2854 Capharnao
950 2781 1248 2843 maritima,
1281 2781 1334 2834 in
1388 2779 1585 2833 ﬁnibus
1618 2776 1864 2832 Zuhulon
1902 2786 1956 2831 et
1985 2773 2167 2845 Neph-

589 2872 1216 2944 thalim,utimpleretur
1235 2870 1379 2940 quod
1409 2870 1611 2926 dictum
1641 2870 1818 2924 fuerat
1847 2882 1946 2939 per
1971 2867 2165 2922 Isaiam

589 2965 938 3033 prophetam,
999 2966 1320 3021 dicentem:
1354 2963 1526 3020 Terra
1571 2961 1852 3027 Zabulon,
1904 2971 1958 3016 et
2022 2970 2166 3015 terra

591 3054 937 3124 Nephthalim
975 3074 988 3110 :
1022 3072 1039 3106 ι
1066 3064 1121 3111 et
1144 3065 1265 3127 post
1293 3069 1379 3122 ea,
1416 3068 1540 3124 qua:
1571 3054 1715 3108 dicta
1748 3061 1875 3108 sunt
1911 3051 1964 3106 iu
1996 3049 2126 3106 Isaia
2149 3092 2164 3117 ,

591 3147 726 3203 dicit
763 3165 777 3202 :
820 3165 839 3199 ι
864 3146 942 3203 Ex
971 3161 1038 3203 eo
1071 3156 1314 3218 tempore
1358 3147 1525 3218 erepit
1562 3144 1721 3202 Jesus
1759 3145 2084 3216 praedicare,
2114 3154 2171 3199 et

592 3238 1213 3311 dicerezliesipiscite,
1270 3239 1440 3295 instat
1506 3241 1653 3295 enim
1719 3250 1943 3307 regnum
2006 3237 2162 3293 cmlo'

2275 3234 2353 3306 τῷ
2393 3236 2589 3306 Ἡσαΐᾳ
2619 3234 2777 3306 ῥητὰ,
2807 3233 2985 3303 λέγει’
3029 3252 3048 3285 ι
3098 3232 3230 3287 Ἀπὸ
3268 3232 3391 3286 τότε
3439 3231 3648 3304 ἤρξατο
3682 3234 3712 3284 ό
3756 3232 3795 3334 ἰγ

591 3348 715 3387 rum
752 3371 766 3386 .
813 3350 833 3384 ι
875 3330 1089 3388 Marcus
1125 3348 1254 3386 vero
1299 3350 1312 3385 :
1355 3347 1374 3379 ι
1419 3328 1487 3382 Et
1526 3339 1642 3383 erat
1669 3368 1684 3392 ,
1756 3330 1953 3399 inquit,
1997 3328 2050 3382 iu
2077 3329 2171 3385 de-

591 3431 741 3479 serto
784 3420 1150 3493 quadraginta
1197 3420 1312 3477 dies
1355 3430 1410 3475 et
1454 3417 1815 3491 quadraginta
1863 3427 2077 3485 noctes,
2118 3425 2173 3471 et

596 3514 908 3573 tentabatur
929 3529 960 3569 a
983 3514 1188 3569 Satana
1227 3532 1240 3569 :
1272 3512 1505 3582 eratque
1535 3527 1658 3568 cum
1692 3511 1854 3576 feris,
1906 3519 1960 3565 et
1999 3508 2173 3579 angeli

592 3605 985 3664 ministrabant
1042 3604 1141 3659 illi.
1219 3604 1513 3675 Postquam
1566 3614 1747 3660 autem
1805 3601 2039 3657 traditus
2094 3608 2176 3654 est

593 3698 851 3763 Joannes,
871 3694 1200 3755 venitlesus
1241 3698 1293 3753 in
1326 3697 1629 3763 Galilmam,
1667 3696 1966 3768 praedicans
1996 3694 2174 3748 Evan-

592 3789 793 3862 gelium
827 3789 944 3855 Dei,
973 3802 1170 3860 nempe
1202 3809 1216 3844 :
1252 3789 1540 3860 lmpletum
1575 3797 1663 3845 est
1695 3798 1905 3858 tempus
1928 3829 1944 3855 ,
1979 3788 2175 3846 instat-

592 3897 702 3952 que
750 3896 973 3953 regnum
1028 3879 1148 3935 Dei.
1179 3880 1545 3951 Resipiscite,
1594 3890 1651 3935 et
1689 3880 1896 3935 credite
1929 3880 2176 3951 Evange—

592 3974 666 4030 lio
708 3974 773 4028 “.
807 3993 825 4027 ι
868 3974 1073 4029 Deinde
1135 3989 1258 4029 cum
1291 3984 1604 4029 enarrasset
1627 3973 1693 4029 de
1736 3974 1951 4027 Andrea
2004 3982 2058 4027 et
2109 3974 2177 4028 de

590 4066 776 4133 Petro,
843 4065 1156 4135 Jacoboque
1201 4081 1266 4120 ac
1309 4063 1556 4130 Joanne,
1617 4064 1812 4121 scribit
1855 4066 2013 4119 haec:
2059 4083 2077 4114 ι
2112 4064 2177 4117 Et

592 4159 876 4229 ingressus
905 4168 990 4212 est
1018 4156 1424 4228 Capharnaum,
1457 4168 1511 4211 et
1533 4157 1717 4212 statim
1749 4155 1995 4213 sabbatis
2019 4156 2177 4211 doce-

592 4249 689 4304 bat
717 4249 771 4303 in
799 4246 1112 4320 Synagoga.
1141 4268 1160 4301 »
1188 4248 1372 4304 Lucas
1406 4263 1534 4303 vero
1563 4264 1578 4301 :
1620 4267 1638 4300 ι
1671 4248 1734 4303 Ει
1759 4264 1883 4303 cum
1923 4262 2177 4303 consum-

594 4348 844 4408 masset,
907 4338 1118 4409 inquit,
1185 4339 1538 4395 teutationem
1605 4338 1896 4406 diabolus,
1953 4339 2178 4395 recessit

595 4431 666 4486 ab
702 4429 795 4486 illo
825 4445 999 4500 usque
1035 4431 1102 4486 ad
1142 4441 1376 4502 tempus.
1417 4431 1485 4485 Et
1517 4446 1772 4487 reversus
1808 4440 1894 4486 est
1929 4429 2088 4486 Jesus
2122 4431 2176 4484 in

594 4522 802 4579 virtute
851 4520 1088 4592 Spiritus
1144 4523 1200 4580 in
1262 4523 1578 4589 Galilaaam,
1640 4531 1695 4578 et
1739 4523 1881 4578 fama
1916 4524 2051 4579 exiit
2084 4537 2178 4592 per

2022 422 2165 481 ORK

571 555 662 623 qui
698 550 1069 620 hujuscemodi
1106 557 1360 606 accurate
1407 546 1972 619 investigare'valeut.
2023 544 2148 599 Haec

2275 542 2449 595 ιίῦλων
2476 539 2720 604 Μωσέως
2752 539 3204 611 ἐπιγεγραμμένη
3235 536 3507 611 Ἀριθμοὶ.
3544 534 3796 623 ἐξαιρέτωγ

2256 635 2348 687 τὸν
2382 636 2511 706 περὶ
2538 632 2787 706 ἀριθμῶν
2818 636 2928 697 τοῖς
2973 633 3041 687 τὰ
3077 632 3303 686 τοιαῦτα
3337 629 3637 702 ἐξιχνεύειν
3680 631 3791 683 δυνε

2260 726 2439 798 μένοις
2473 726 2714 779 διδάσκει
2762 725 2938 795 λόγον.
2972 723 3157 778 Ταῦτα
3210 725 3268 778 δέ
3303 742 3393 793 μοι
3448 726 3509 777 ἐν
3563 723 3704 794 ἀρχῇ
3738 720 3796 798 sui

2257 818 2485 872 δεκάτου
2530 818 2697 888 τόμον
2746 817 2963 885 λέγεται
3011 816 3147 890 πρὸς
3193 817 3276 882 σὲ,
3323 812 3599 885 πολλαχοῦ

2257 909 2357 980 τῆς
2390 909 2610 982 Γραφῆς
2666 909 3031 982 διαφερούσης
3086 908 3386 981 προνομίας
3440 905 3705 978 τετυχότα

2258 1001 2388 1055 δέκα
2416 1003 2762 1075 ἀριθμὸν,·ὼς
2793 1003 2968 1056 ἔνεστι
2990 1004 3084 1057 καὶ
3117 1002 3199 1056 σοὶ
3223 1001 3505 1072 ἐπιμελῶς
3537 1001 3796 1075 κατανοεξὴ

2262 1094 2532 1160 ἐλπίζοντι
2565 1096 2624 1149 τὸ
2655 1095 2920 1166 λήψεσθαι
2938 1095 3045 1150 ἀπὸ
3066 1093 3201 1148 Θεοῦ
3229 1094 3390 1148 πλέον
3414 1112 3467 1149 τι
3490 1094 3589 1148 καὶ
3620 1096 3697 1156 εἰς
3722 1092 3796 1166 τοῦ

2258 1205 2352 1243 τον
2382 1188 2474 1241 τὸν
2522 1188 2713 1260 τόμον
2760 1188 2898 1260 ὅπερ
2952 1188 3038 1241 ἵνα
3083 1185 3360 1258 ὑπαρχθῇ,
3398 1185 3545 1240 κατὰ
3593 1185 3796 1260 δύναμιή

2260 1281 2595 1353 ἐμπαρέχειν
2625 1282 2849 1344 ἑαυτοὺς
2878 1280 2956 1352 τῷ
2988 1279 3277 1352 δωρεῖσθαι
3308 1278 3380 1332 τὰ
3404 1278 3673 1333 κάλλιστα
3717 1278 3796 1353 tm

2260 1376 2471 1447 λομένῳ
2524 1375 2643 1447 Θεῷ
2696 1373 3033 1446 πειρώμεθα.
3077 1373 3332 1444 Ἀρκτέον
3380 1372 3438 1426 δὲ
3478 1372 3575 1425 τοῦ
3633 1370 3796 1447 βιϐλία

2264 1467 2510 1522 ἐντεῦθεν
2531 1485 2544 1498 ·
2577 1487 2594 1517 ι
2628 1466 2783 1521 Μετὰ
2811 1466 2969 1520 τοῦτο
2993 1466 3198 1537 κατέση
3224 1469 3304 1529 εἰς
3332 1465 3714 1536 Καφαρναοὺμ
3738 1465 3796 1537 σὺ(

2260 1563 2371 1627 τὸς,
2403 1563 2496 1617 καὶ
2524 1564 2557 1633 ή
2589 1562 2771 1634 μήτηρ
2801 1561 2988 1627 αὐτοῦ,
3015 1561 3108 1615 καὶ
3133 1562 3184 1613 οἱ
3212 1560 3450 1631 ἀδελφοὶ,
3476 1560 3573 1612 καὶ
3590 1559 3643 1612 οξ

2260 1656 2372 1720 ταὶ,
2405 1655 2499 1709 καὶ
2532 1656 2647 1708 ἐκεῖ
2699 1654 2911 1725 ἔμεινεν
2963 1654 3023 1707 οὐ
3081 1652 3283 1717 πολλάς
3324 1652 3559 1725 ἡμέρας.
3599 1672 3619 1703 ›
3658 1652 3796 1725 Καὶᾴ

2263 1748 2440 1802 λοιποὶ
2467 1751 2617 1817 τρεῖς
2649 1745 2760 1819 (58)
2794 1745 3101 1819 γράψαντες
3125 1745 3195 1800 τὰ
3232 1746 3544 1815 Εὑαγγέλια
3579 1745 3720 1817 μετὰ
3750 1745 3796 1819 τό

2265 1841 2402 1913 πρὸς
2425 1841 2513 1894 τὸν
2529 1839 2769 1895 διάϐολον
2783 1839 2969 1908 ἀγῶνα
2984 1839 3075 1894 τοῦ
3089 1839 3316 1910 Κυρίου,
3341 1841 3422 1902 εἰς
3444 1838 3547 1910 τὴν
3558 1838 3796 1913 Γ

2268 2024 2390 2087 κᾶς,
2424 2023 2688 2094 πρότερον
2714 2023 3002 2095 γενόμενον
3047 2024 3106 2077 ἐν
3151 2020 3450 2094 Ναζάροις,
3506 2023 3652 2095 μετὰ
3684 2020 3796 2095 nl

2269 2113 2695 2169 καταλελοιπότα
2734 2114 2873 2169 αὐτὰ
2917 2114 3137 2169 ἐλθόντα
3174 2114 3555 2187 κατῳκηκέναι
3606 2117 3689 2178 εἰς
3734 2113 3796 2187 Et

2271 2208 2512 2280 φαρναού
2520 2227 2578 2279 μ.
2598 2209 2655 2263 ὐ
2669 2208 2725 2263 δὲ
2751 2208 3030 2274 Ἀίατθαῖος
3052 2210 3146 2263 καὶ
3165 2184 3503 2282 Μάρκος-καὶ
3519 2208 3704 2263 αἰτίαν
3727 2184 3796 2275 τιή

2269 2300 2484 2369 λέγουσι
2515 2300 2608 2354 τοῦ
2645 2300 2805 2355 αὑτὸν
2836 2301 3042 2355 ἐκεῖθεν
3087 2280 3592 2373 ἀνακεχωρηκέναι,
3623 2302 3688 2355 τὸ

2272 2398 2476 2461 κοέναι,
2504 2398 2587 2451 ὅτι
2621 2396 2873 2467 Ἰωάννης
2920 2394 3216 2469 παρεδόθη.
3248 2396 3401 2467 Ἔχει
3452 2396 3511 2449 δὲ
3560 2394 3738 2459 οὕτως

2273 2493 2434 2565 ῥητὰ,
2467 2492 2558 2546 τοῦ
2608 2492 2708 2563 μὲν
2742 2489 3062 2546 Ματθαίου·
3106 2509 3124 2541 ι
3176 2489 3311 2543 Τότε
3357 2488 3586 2558 ἀφίησιν
3621 2486 3795 2565 uinea,

2270 2587 2533 2651 διάϐολος,
2570 2586 2664 2640 καὶ
2696 2586 2805 2640 ἰδοὺ
2835 2585 3056 2654 ἄγγελοι
3085 2583 3407 2656 προσῆλθον,
3445 2582 3545 2637 καὶ
3573 2581 3796 2656 διηκὸνή

2272 2680 2420 2752 αὐτῷ
2450 2680 2585 2752 (59).
2618 2679 2881 2743 Ἀκούσας
2903 2678 2981 2744 δὲ,
3007 2678 3086 2732 ὅτι
3127 2678 3378 2748 Ἰωάννης
3413 2675 3713 2748 παρεδόθη,

2273 2774 2521 2846 χώρησεν
2555 2776 2633 2837 εἰς
2665 2773 2977 2837 Γαλιλαίαν,
2998 2774 3092 2827 καὶ
3112 2768 3428 2825 καταλιπὼν
3451 2770 3549 2842 τὴν
3572 2763 3796 2846 Ναζαρὲῇ

2275 2866 2444 2919 ἐλθὼν
2471 2866 2793 2938 κατῴκησεν
2835 2868 2914 2931 εἰς
2946 2864 3326 2937 Καφαρναοὺμ
3358 2863 3458 2935 τήν
3502 2862 3789 2936 παραθαλα

2276 2957 2417 3022 σίαν,
2463 2960 2520 3011 ἐν
2553 2959 2722 3031 ὁρίοις
2760 2956 3043 3013 Ζαϐουλὼν
3080 2958 3173 3012 καὶ
3218 2956 3559 3028 Νεφθαλεὶμ,
3595 2958 3687 3011 ἵνα

2278 3051 2423 3123 ρωοῇ
2454 3051 2514 3104 τὸ
2547 3050 2709 3123 ῥηθὲν
2741 3050 2830 3104 διὰ
2870 3050 3092 3104 Ἡσαΐου
3115 3048 3208 3103 τοῦ
3236 3049 3542 3121 προφήτου,
3569 3048 3796 3123 λέγσντογ

2274 3141 2353 3212 Γῆ
2378 3139 2663 3196 Ζαϐουλὼν
2687 3141 2860 3211 καλ.γῆ
2889 3138 3339 3211 Νεφθαλείμ(60)·
3366 3160 3384 3191 ι
3422 3138 3518 3193 καὶ
3542 3139 3684 3210 μετά
3701 3139 3765 3191 τὰ

2280 3325 2404 3390 σοῦς
2426 3325 2739 3398 κηρύσσειν,
2774 3327 2869 3379 καὶ
2897 3325 3075 3396 λέγειν
3097 3342 3110 3355 ο
3147 3327 3494 3387 Μετανοεῖτε,
3522 3325 3722 3395 ἦγγικε
3752 3308 3796 3398 τι

2280 3418 2314 3490 ἡ
2359 3417 2605 3490 βασιλεία
2651 3418 2759 3472 τῶν
2806 3418 3074 3487 οὐρανῶν.
3118 3437 3135 3469 ι
3177 3417 3234 3470 '0
3275 3418 3334 3471 δὲ
3385 3417 3648 3489 Μάρκος·
3696 3436 3713 3467 ι

2275 3505 2379 3581 ἦν,
2443 3510 2639 3581 φησιν,
2707 3511 2764 3564 ἐν
2823 3511 2895 3580 τῇ
2941 3511 3134 3583 ἐρήμῳ
3185 3509 3597 3582 τεσσαράκοντα
3648 3500 3796 3583 ήμὲρῆ

2278 3603 2371 3657 καὶ
2420 3603 2824 3673 τεσσαράκοντα
2868 3603 3069 3666 νύκτας
3119 3602 3255 3674 (Gl),
3312 3602 3712 3675 πειραζόμενος
3759 3602 3795 3673 {-1

2275 3693 2369 3747 τοῦ
2408 3693 2651 3746 Σατανᾶο
2679 3693 2772 3747 καὶ
2800 3688 2869 3765 ἦν
2898 3692 3035 3765 μετὰ
3069 3691 3176 3746 τῶν
3211 3690 3440 3764 θηρίων,
3471 3691 3571 3744 καὶ
3606 3691 3659 3743 οἱ

2277 3787 2358 3842 λοι
2412 3789 2694 3860 διηκόνουν
2749 3785 2920 3860 αὐτῷ.
2975 3786 3136 3842 Μετὰ
3175 3787 3232 3841 δὲ
3271 3785 3331 3838 τὸ
3358 3785 3737 3858 παραδοθῆναι
3770 3785 3796 3860 τ

2291 3879 2560 3951 Ἰωάννην,
2592 3877 2755 3953 ἦλθεν
2779 3882 2808 3933 ὁ
2852 3879 3059 3951 Ἰησοῦς
3084 3882 3162 3944 εἰς
3188 3880 3287 3953 τὴν
3318 3879 3631 3943 Γαλιλαίαν,
3667 3874 3796 3951 κηρύ

2281 3990 2388 4027 σων
2416 3973 2476 4027 τὸ
2502 3972 2837 4042 Εὐαγγέλιον
2864 3972 2958 4026 τοῦ
2980 3971 3137 4034 Θεοῦ,
3169 3973 3252 4026 ὃτι
3283 3971 3642 4045 πεπλήρωται
3669 3975 3698 4025 ὁ
3737 3984 3796 4037 κα

2281 4066 2393 4137 ρὸς,
2420 4065 2513 4119 καὶ
2541 4067 2768 4137 ἤγγικεν
2806 4068 2838 4137 ἡ
2872 4064 3112 4137 βασιλεία
3156 4064 3248 4118 τοῦ
3294 4064 3455 4122 Θεοῦ.
3508 4052 3796 4141 Μετανοεῖι

2279 4159 2373 4213 καὶ
2428 4157 2711 4211 πιστεύετε
2757 4156 2835 4228 τῷ
2888 4156 3226 4228 Εὑαγγελίῳ.
3261 4177 3279 4207 ι
3313 4157 3571 4219 Ἔπειτα,
3599 4144 3796 4229 Strymo

2282 4266 2441 4319 μενος
2473 4249 2567 4302 καὶ
2595 4247 2723 4319 περὶ
2758 4247 3026 4320 Ἀνδρέου,
3077 4248 3166 4301 καὶ
3211 4247 3419 4319 Πέτρου
3442 4287 3457 4312 ,
3497 4228 3758 4301 Ἰακώϐου

2279 4341 2374 4395 καὶ
2415 4341 2684 4407 Ἰωάννου,
2727 4340 3034 4412 ἀναγράφει
3080 4338 3286 4395 ταῦτα·
3327 4359 3346 4392 ι
3398 4341 3512 4394 Καὶ
3547 4340 3796 4412 εἰσπορει

2283 4450 2442 4505 μενος
2479 4435 2558 4497 εἰς
2606 4433 3007 4504 Καφαρναοὺμ,
3056 4432 3148 4486 καὶ
3190 4432 3392 4496 εὐθέως
3432 4436 3546 4497 τοῖς
3600 4418 3796 4501 σάϐὁαι

3790 2528 3796 2735 l

3790 2738 3796 3015 ἒ

3790 3528 3796 3659 I

2281 4525 2559 4580 ἐδίδασκεν
2626 4526 2705 4589 εἰς
2755 4526 2854 4597 τὴν
2909 4525 3252 4595 συναγωγήν.
3307 4542 3325 4575 ι
3396 4524 3455 4578 '0
3506 4523 3567 4578 δὲ
3615 4524 3796 4593 Λονκᾶ

593 4614 905 4671 universam
952 4616 1225 4686 regionem
1281 4619 1347 4672 de
1400 4619 1542 4688 ipso,
1597 4627 1654 4674 et
1701 4617 1814 4687 ipse
1844 4617 2075 4671 docebat
2120 4616 2165 4669 in

2287 4638 2304 4670 ι
2332 4621 2440 4674 Καὶ
2480 4619 2820 4684 συντελέσας,
2877 4621 3031 4689 φησὶ,
3065 4620 3156 4673 τὸν
3198 4618 3505 4690 πειρασμὸν
3529 4620 3559 4672 ὁ
3591 4618 3796 4681 διάὸολι

594 4708 892 4781 synagogis
923 4722 1140 4777 eorum,
1181 4720 1237 4765 et
1265 4710 1673 4780 gloriﬁcabatur
1705 4713 1773 4766 ab
1801 4710 2075 4765 omnibus.
2111 4708 2165 4763 Et

2282 4711 2493 4782 ἀπέστη
2526 4713 2621 4764 ἀπ’
2668 4711 2834 4765 αὑτοῦ
2883 4711 3011 4784 ἄχρι
3059 4709 3271 4781 καιροῦ.
3326 4711 3437 4763 Καὶ
3470 4709 3796 4780 ὑπέστρεψα

595 4799 750 4855 venit
796 4799 849 4853 in
912 4798 1149 4866 Nazara,
1200 4798 1289 4855 ubi
1346 4810 1468 4857 erat
1514 4802 1792 4869 nutritus,
1841 4800 2165 4869 intravitque

2296 4803 2504 4874 Ἰησοῦς
2533 4806 2592 4857 ἐν
2624 4807 2690 4877 τῇ
2714 4805 2944 4876 δυνάμει
2996 4803 3091 4858 τοῦ
3121 4803 3442 4875 Πνεύματος
3475 4806 3556 4868 εἱς
3583 4804 3679 4874 τὴν
3706 4802 3796 4867 I‘ai

600 4891 758 4964 162
788 4892 1084 4948 secundum
1144 4892 1593 4949 consuetudinem
1640 4908 1794 4948 suam
1844 4894 1930 4949 die
1981 4892 2165 4948 sabba-

2282 4895 2458 4961 λαίαν,
2491 4897 2586 4951 καὶ
2631 4898 2786 4969 φήμη
2837 4894 3028 4967 ἐξῆλθε
3064 4895 3184 4949 καθ’
3224 4896 3352 4966 ὅλης
3394 4897 3498 4968 τῆς
3552 4894 3796 4967 περικώρ

2286 4987 2414 5060 περὶ⁸
2434 4987 2621 5053 αὐτοῦ,
2654 4987 2749 5041 καὶ
2777 4986 2937 5052 αὐτὸς
2978 4987 3254 5041 ἐδίδασκεν
3284 4988 3341 5040 ἐν
3368 4990 3493 5051 ταῖς
3524 4988 3796 5063 συναγωγι

2285 5080 2486 5146 αὐτῶν,
2516 5078 2871 5152 δοξαζόμενος
2902 5081 3006 5135 ὑπὸ
3033 5080 3271 5136 πάντων.
3298 5081 3410 5134 Καὶ
3442 5075 3609 5151 ἦλθεν
3645 5082 3723 5145 εἰς
3757 5076 3796 5133 Ν

598 4991 776 5037 torum
807 4984 861 5038 in
906 4982 1252 5057 Syuagogam
1281 4985 1348 5041 θ’.
1380 5005 1398 5038 ι
1465 4986 1710 5056 Cumque
1750 4986 2023 5042 docuisset
2054 5001 2175 5057 quae

596 5072 654 5130 in
703 5072 932 5133 Nazaris
968 5081 1036 5133 ab
1087 5079 1206 5151 ipso
1253 5080 1398 5136 dicta
1444 5079 1662 5137 fuerant
1711 5082 1779 5147 ⁸³,
1828 5080 2180 5152 furoremque

671 5257 720 5295 "
743 5258 902 5319 Joan.
928 5277 991 5330 ιι,
1017 5262 1105 5318 ιε.
1183 5265 1227 5296 ⁸ο
1253 5263 1385 5337 Cap.
1412 5280 1485 5332 tv,
1525 5280 1579 5319 v.
1615 5265 1674 5320 ll
1707 5280 1860 5337 seqq.
1938 5266 1979 5297 ⁶¹
2013 5264 2160 5322 Marc

2283 5266 2352 5322 i3
2383 5282 2538 5338 seqq.
2621 5267 2664 5298 θ’
2704 5265 2839 5322 Luc.
2877 5281 2950 5333 Iv,
3003 5266 3071 5320 15
3101 5280 3254 5336 seqq.
3334 5265 3380 5296 ⁸³
3426 5265 3562 5320 ibid.
3597 5264 3659 5318 2|
3710 5250 3796 5335 seq

2289 5466 2321 5506 ε
2349 5450 2535 5505 codice
2560 5448 2883 5505 Bodleiano.

2361 5521 2474 5593 (60)
2506 5520 2633 5593 βαι
2677 5521 2754 5592 γῆ
2800 5522 3161 5593 Νεφθαλείμ.
3214 5517 3352 5593 ΙΙειιιξ⁵
3383 5518 3795 5593 desiderantur;

2287 5588 2476 5649 codice
2506 5588 2699 5661 Regio,
2731 5588 2823 5647 Sed
2862 5588 3223 5648 restituuntur
3253 5603 3284 5643 e
3317 5588 3642 5661 Bodleiano.

2358 5662 2470 5735 (61)
2510 5659 2617 5735 Kal
2665 5662 3121 5731 τεσσαράκοντα
3163 5662 3406 5735 νύκτας,
3462 5659 3628 5715 Deest
3675 5660 3796 5735 in};

2287 5725 2406 5816 dice
2433 5725 2748 5800 Bodleiano,
2782 5725 2882 5790 nec
2924 5735 3125 5790 lectum
3155 5743 3239 5787 est
3270 5732 3337 5787 ab
3385 5732 3691 5802 interprete
3726 5725 3796 5789 Ρι

2286 5818 2453 5860 rario.

604 5445 886 5519 Scriptura
918 5445 1064 5516 digni
1092 5447 1268 5503 habiti
1304 5457 1454 5513 sunt,
1492 5455 1643 5503 certe
1683 5446 2066 5519 inquirendum
2098 5457 2182 5504 cst

603 5533 735 5573 num
768 5517 908 5572 forte
938 5532 1098 5578 unus.
1125 5527 1233 5572 etc.
1268 5536 1287 5569 ι

676 5587 792 5659 (58)
830 5585 940 5641 Kal
971 5589 1025 5659 οἱ
1054 5588 1252 5642 λοιποὶ
1284 5587 1460 5657 τρεῖς.
1478 5584 1593 5659 _Sic
1622 5586 1795 5643 codex
1828 5585 2179 5659 Bodleianus,

605 5657 844 5730 optime;
885 5658 1027 5711 male
1080 5673 1206 5712 vero
1257 5660 1428 5730 codex
1476 5657 1709 5730 Regius,
1755 5658 1849 5711 καὶ
1900 5660 1948 5712 οἱ
2001 5658 2181 5712 λοιποὶ¹

603 5726 736 5801 γάρ.
768 5728 1233 5801 Ιιιιίοὴρθιηνειηεαιγ
1255 5729 1471 5785 lectioni
1509 5726 1776 5801 originem
1819 5730 1965 5784 dedit
2001 5730 2178 5793 littera

602 5799 645 5855 Γ
676 5799 1102 5870 numeralishpro
1126 5800 1292 5870 τρεῖς.

675 5871 787 5933 (59)
829 5868 1016 5938 Αὐτῷ.
1054 5868 1212 5926 Deest
1239 5870 1291 5925 in
1321 5870 1505 5926 codice
1544 5869 1739 5942 Regio,
1764 5871 1858 5927 scd
1890 5878 2179 5926 revocatur
