3866 6522
91 361 162 418 ωε)
273 330 278 334 ’
812 340 815 343 ’
1150 370 1505 431 COMMENT.
1545 371 1611 429 IN
1648 373 1839 430 JOAN.
1879 372 2115 429 TOMUS
2154 374 2220 431 x.

3204 380 3314 434 3H)

91 478 205 550 ἔαρι,
230 470 283 532 οὗ
308 471 379 550 ἦν
415 482 859 559 τεθραμμένος,
890 488 979 543 καὶ
1005 487 1215 561 εἰσῆλθε
1258 488 1400 544 κατά
1430 490 1491 542 τὸ
1522 490 1643 543 εξω-

1760 505 1943 546 corum
1983 491 2079 560 qui
2121 499 2281 545 erant
2314 490 2366 545 in
2402 492 2687 565 Synagoga
2720 494 2982 549 adversus
3016 493 3211 565 ipsum,
3257 507 3315 551 ut

91 572 154 635 9’);
174 571 297 642 αὐτῷ
315 571 377 624 ἐν
413 576 489 646 τῇ
517 578 726 652 ἡμέρα
765 580 874 634 τῶν
906 580 1182 635 σαὸὕάτων
1225 584 1305 646 εἰς
1337 580 1433 652 τὴν
1477 598 1637 635 συνα-

90 667 243 737 γωγήν,
278 684 294 715 ι
322 664 738 743 Παραστήσας
757 673 814 726 δὲ
841 673 908 727 τὰ
925 676 982 726 ὲν
1004 674 1274 745 Ναζάροις
1296 675 1444 747 αὑτῷ
1484 678 1636 746 εἰρη-

93 761 205 834 μένα,
229 762 315 815 καὶ
340 763 443 816 τὸν
462 767 614 820 κατ’
641 765 815 819 αὐτοῦ
841 764 1005 837 θυμὸν
1028 765 1135 819 τῶν
1162 768 1219 820 ὲν
1249 769 1314 839 τῇ
1331 767 1640 836 συναγωγῇ,

91 854 402 908 ἑκῦαλλὸντων
434 856 626 911 αὐτὸν
652 857 765 923 ἔξω
808 858 907 928 τῆς
947 858 1170 923 πόλεως,
1200 862 1293 913 καὶ
1331 860 1643 929 ἀγαγόντων

94 945 418 1017 «ὶωςδφρύος
451 946 560 1001 τοῦ
595 948 787 1022 ὅρους,
819 950 901 1019 ἐφ’
929 944 987 1003 οῦ
1015 953 1069 1002 αἱ
1092 949 1275 1013 πόλεις
1307 948 1484 1003 αὐτῶν
1513 949 1646 1020 ιξικο-

88 1038 285 1109 δῦμηντο,
314 1038 471 1092 ὥστε
498 1042 959 1114 κατακρημνίσαι
983 1042 1161 1104 αὑτὸν,
1195 1062 1212 1093 ι
1248 1042 1341 1095 καὶ
1372 1060 1390 1093 ι
1419 1042 1494 1104 ὡς
1508 1040 1646 1093 διελ-

1743 580 1834 649 qui
1864 578 2151 647 eiecissent
2179 595 2301 635 eum
2334 596 2364 635 e
2390 583 2614 638 civitate
2636 622 2653 649 ,
2702 598 2764 638 ac
2791 582 3071 652 duxissent
3103 602 3122 635 ι
3146 600 3318 656 usque

1746 671 1814 726 ad
1845 672 2197 740 supercilium
2227 674 2455 737 montis,
2495 688 2659 744 super
2688 690 2851 747 quem
2882 676 3081 731 civitas
3107 676 3316 731 illorum

1745 773 1861 817 erat
1924 764 2227 832 aediﬁcata,
2288 773 2345 819 ut
2405 767 2816 836 praecipitarent
2872 783 3093 832 eum,»
3164 778 3220 822 et
3262 777 3321 823 ut

1754 856 2067 910 «transiens
2096 870 2191 925 per
2235 856 2468 911 medium
2509 858 2721 913 illorum
2751 859 2902 928 ibat,
2940 880 2959 914 ι
3008 861 3321 929 superaddit

1746 947 1862 1002 haec
1896 965 1910 1001 :
1950 967 1967 999 ι
2000 948 2066 1002 Et
2093 950 2373 1005 descendit
2418 948 2798 1020 Capharnaum
2852 953 3130 1007 civitatem
3174 951 3323 1009 Gali-

1747 1043 1878 1108 laeac,
1908 1051 1964 1097 et
1987 1044 2214 1100 docebat
2242 1045 2362 1100 illos
2381 1045 2619 1100 sabbatis
2653 1046 2718 1099 “.
2751 1065 2775 1098 ι

90 1136 168 1189 θὼν
195 1135 272 1189 διὰ
292 1138 471 1209 μέσου
510 1137 711 1193 αὐτῶν
743 1140 772 1192 6
803 1138 997 1208 Κύριος
1031 1137 1339 1208 ἐπορεύετο,
1385 1156 1400 1188 ι
1439 1133 1794 1190 ὲπισυνάπτει
1850 1134 2025 1190 ταῦτα
2048 1154 2063 1169 ⁸
2102 1157 2119 1188 ι
2170 1138 2280 1192 Καὶ
2330 1137 2594 1209 κατῆλθεν
2653 1140 2732 1201 εἰς
2789 1140 3169 1211 Καφαρναοὺμ
3220 1138 3323 1195 πόα

88 1232 148 1285 λιν
167 1232 248 1303 τῆς
273 1233 606 1298 Γαλιλαίας,
641 1236 738 1288 καὶ
764 1229 831 1306 ἧν
858 1232 1118 1288 διδάσκων
1164 1232 1361 1295 αὐτοὺς
1392 1234 1449 1285 ὲν
1480 1233 1592 1294 τοῖς
1637 1228 1891 1283 σά66ασι.
1922 1250 1941 1282 ι

139 1330 182 1385 2.
207 1331 304 1402 Τὴν
335 1332 478 1403 περὶ
517 1332 744 1385 τούτων
780 1329 887 1401 (62)
924 1328 1177 1401 ἀλήθειαν
1207 1326 1529 1382 ἀποκεῖσθαι
1582 1328 1639 1380 ἐν

1814 1326 1869 1381 2.
1913 1326 2209 1382 Veritatem
2262 1328 2332 1383 de
2378 1327 2528 1383 hisce
2577 1327 2740 1382 rebus
2769 1339 2984 1397 oportet
3027 1330 3319 1401 repositam

91 1425 172 1483 rei;
208 1421 433 1492 νοητοῖς,
473 1419 559 1492 μὴ
613 1420 883 1493 λυομένης
912 1419 1009 1490 τῆς
1047 1418 1340 1489 διαφωνίας
1385 1417 1639 1487 ἀφεῖσθαι

1760 1432 1861 1473 isse
1893 1418 1946 1472 in
1982 1420 2065 1475 his
2101 1435 2220 1490 qua:
2260 1421 2443 1475 animo
2468 1434 2787 1491 cernuntur,
2831 1433 2926 1477 aut
2954 1422 2998 1478 si
3028 1422 3320 1478 dissonan-

90 1512 163 1582 τῆς
190 1511 430 1584 περὶτῶν
470 1511 840 1580 Εὐαγγελίων
869 1511 1121 1574 πίστεως,
1152 1509 1227 1575 ὡς
1261 1510 1360 1564 οὐκ
1402 1509 1638 1581 ἀληθῶν,

92 1604 181 1657 οὐδὲ
205 1604 455 1676 Θειοτέρῳ
474 1603 779 1676 Πνεῦματι
802 1602 1192 1675 γεγραμμένων
1227 1602 1362 1675 (65),
1393 1603 1425 1674 ἢ
1457 1604 1641 1658 ἐπιτε-

1746 1510 1817 1562 tia
1866 1525 1973 1564 non
2019 1510 2281 1577 solvatur,
2324 1512 2577 1568 recedere
2634 1530 2664 1568 a
2720 1517 2825 1569 lide
2872 1513 3318 1583 Evangeliorum,

1747 1610 2000 1672 tanquam
2025 1618 2144 1672 quae
2176 1618 2304 1658 vere
2340 1617 2446 1657 non
2493 1603 2604 1659 sint
2655 1608 2855 1675 scripta
2901 1620 2995 1673 per
3029 1604 3317 1673 Spiritum,

94 1695 358 1765 τενγμένως
391 1692 1034 1766 ἀπομνημονευθέντων·
1066 1694 1337 1766 ἑκατέρως
1365 1694 1472 1769 γὰρ
1498 1694 1644 1763 λέγε-

1760 1710 1921 1765 teque
1946 1697 2056 1752 sint
2078 1697 2346 1752 diviniora
2384 1712 2558 1767 neque
2591 1700 2797 1769 optimo
2821 1698 3013 1753 ordine
3042 1713 3321 1753 commen-

96 1802 160 1837 ται
188 1785 541 1855 συντετάχθαι
594 1786 631 1855 ἡ
673 1783 874 1837 τούτων
917 1784 1128 1857 Γραφή.
1165 1786 1484 1855 Λεγέτωσαν
1532 1788 1642 1860 γὰρ

96 1882 193 1950 ἡμῖν
219 1880 263 1931 οί
306 1876 769 1950 παραδεχόμενοι
812 1875 878 1929 τά
925 1880 1165 1949 τέσσαρα
1198 1879 1523 1948 Εὐαγγέλια,
1551 1881 1645 1935 κα)⁸

95 1971 167 2040 τὴν
187 1970 435 2024 δοκοῦσαν
462 1969 784 2038 διαφωνίαν
810 1969 1043 2039 οἰόμενοι
1078 1970 1151 2042 μὴ
1188 1970 1409 2025 λύεσθαι
1432 1971 1520 2025 διά
1549 1972 1645 2043 τῆς

97 2063 358 2133 ἀναγωγῆς,
390 2061 541 2134 πρὸς
570 2067 700 2125 ταῖς
749 2064 1157 2135 προηρῃμέναις
1185 2066 1314 2134 ἡμῖν
1360 2065 1643 2136 ἐπαπορη-

100 2171 190 2207 σει-ι
211 2154 459 2227 περὶτῶν
505 2155 923 2227 τεσσαράκοντα
951 2155 1046 2209 τοῦ
1093 2156 1396 2228 πειρασμοῦ
1425 2157 1646 2228 ἡμερῶν

99 2249 301 2319 066191»;
323 2247 663 2317 δυναμένων
700 2246 879 2320 χώραν
925 2247 1070 2319 ἔχειν
1105 2247 1254 2320 παρά
1286 2248 1364 2320 τῷ
1405 2250 1644 2323 Ἰωάννῃ,

102 2338 200 2389 εὖτε
226 2338 442 2405 γέγονεν
476 2338 540 2389 ἐν
572 2339 642 2407 τῇ
694 2338 1069 2409 Καφαρναοὺμ
1103 2340 1131 2392 6
1166 2337 1396 2411 Κύριος·
1440 2341 1489 2393 εί
1538 2340 1647 2411 γὰρ

102 2428 212 2497 μετά
241 2430 330 2492 τὰς
369 2428 433 2492 ἒξ
485 2426 588 2481 τοῦ
644 2429 735 2481 ὅτε
780 2428 1078 2501 ἐϐαπτίσθη
1133 2431 1345 2502 ἡμέρας
1379 2428 1465 2503 (τῇ
1515 2431 1647 2505 ἕκτῃ

100 2521 353 2593 γενομένης
379 2522 485 2589 τῆς
512 2522 663 2575 κατά
689 2521 778 2575 τὸν
806 2524 861 2575 ὲν
894 2523 1050 2595 Κανᾷ
1073 2524 1171 2594 τῆς
1213 2525 1500 2591 Γαλιλαίας
1548 2529 1649 2596 γά-

103 2632 180 2684 μον
225 2615 585 2685 οἰκονομίας),
631 2613 792 2684 δῆλον
822 2615 902 2668 ὅτι
947 2613 1072 2669 οὔτε
1117 2616 1478 2690 πεπείρασται
1515 2619 1648 2688 (64),

100 2706 198 2759 οὗτε
222 2709 273 2760 ἐν
294 2705 583 2778 Ναζάροις
610 2706 849 2774 ἐγένετο,
870 2706 992 2761 οὔτε
1027 2708 1279 2780 Ἰωάννης
1313 2729 1398 2764 πω
1430 2712 1654 2783 παρεδέ-

101 2799 212 2855 δοτο.
240 2799 387 2852 Μετά
434 2795 535 2852 οὖν
584 2798 687 2869 τὴν
719 2799 1115 2870 Καφαρναοὺμ,
1173 2799 1299 2853 ἔνθα
1345 2800 1557 2872 ἔμεινεν
1588 2802 1650 2856 οὐ

102 2892 266 2957 mili;
290 2893 526 2964 ἡμέρας,
559 2890 659 2945 τοῦ
689 2891 879 2962 Πάσχα
920 2890 1030 2945 τῶν
1064 2892 1329 2945 Ἰουδαίων
1367 2894 1532 2963 ἐγγὺς
1562 2893 1645 2946 ὅν-

102 3002 190 3047 τος,
213 2984 366 3052 ἀνέϐη
402 2984 786 3055 Ἰεροσόλυμα,
834 2985 921 3037 ὅτε
976 2984 1225 3039 ἐκϐάλλει
1277 2988 1342 3040 ὲκ
1372 2986 1465 3041 τοῦ
1504 2987 1650 3060 ἱεροῦ

1747 1797 1890 1854 tata;
1923 1797 2152 1858 utroque
2185 1791 2327 1844 enim
2362 1792 2523 1847 modo
2547 1792 2746 1846 dicitur
2771 1791 3046 1858 Scriptura
3068 1792 3317 1845 ordinata

1745 1879 1934 1934 fuisse.
1972 1879 2168 1934 Dicant
2216 1882 2364 1935 enim
2414 1881 2571 1937 nobis
2626 1880 2719 1951 qui
2774 1880 3046 1950 rccipiunt
3088 1893 3322 1951 quatuor

1748 1971 2059 2040 Evangelia,
2091 1981 2146 2026 et
2172 1973 2487 2028 existimant
2531 1984 2883 2044 apparentem
2922 1971 3319 2027 dissonantium

1748 2079 1852 2119 non
1880 2065 2097 2121 dissolvi
2131 2081 2228 2136 per
2250 2082 2548 2137 anagogeu,
2582 2074 2776 2136 praeter
2798 2066 3085 2136 praedictas
3109 2081 3138 2120 a
3164 2067 3324 2121 nobis

1746 2156 2118 2212 dubitationes
2144 2158 2213 2214 de
2238 2158 2595 2229 quadraginta
2635 2158 2826 2213 diebus
2865 2159 3205 2220 tentationis,
3229 2159 3319 2228 qui

1748 2250 1969 2305 minime
2022 2250 2200 2305 locum
2261 2250 2463 2307 habere
2528 2260 2757 2322 possunt
2809 2251 2950 2320 apud
3016 2248 3323 2314 Joannem,

1746 2342 1962 2411 quando
2000 2340 2102 2396 fuit
2131 2342 2184 2396 in
2210 2341 2542 2412 Capltarnao
2578 2342 2865 2398 Dominus.
2922 2341 3054 2395 Nam
3103 2342 3146 2397 si
3200 2351 3323 2411 post

1749 2446 1844 2485 sex
1876 2432 1990 2486 dies
2035 2433 2104 2486 ab
2145 2446 2213 2487 eo
2261 2440 2524 2503 tempore,
2554 2445 2838 2503 poStquam
2896 2432 3199 2501 baptizatus
3241 2439 3329 2487 ομι

1750 2518 1927 2589 Jesus,
1962 2520 2059 2577 fuit
2090 2523 2142 2577 in
2171 2523 2493 2593 Capharnao
2527 2523 2721 2595 (sexta
2752 2525 2840 2579 die
2868 2525 3008 2580 facta
3036 2525 3323 2593 dispensa-

1753 2613 1900 2668 tione
1954 2624 2009 2669 et
2072 2614 2335 2669 miraculo
2391 2616 2444 2670 in
2499 2617 2721 2686 nuptiis,
2769 2617 2820 2670 in
2865 2615 3012 2671 Cana
3048 2614 3325 2683 Galilaete)

1751 2704 2092 2772 perspicuum
2136 2714 2254 2769 est,
2294 2721 2471 2776 neque
2507 2718 2775 2761 tentatum
2811 2707 2976 2762 fuisse
2998 2745 3014 2774 ,
3058 2721 3234 2776 neque
3270 2707 3324 2761 in

1753 2791 1979 2847 Nazaris
2037 2793 2227 2859 fuisse,
2289 2809 2464 2867 neque
2514 2795 2777 2852 Joannem
2829 2798 3011 2853 adhuc
3069 2797 3324 2852 traditum

1753 2885 1939 2941 fuisse.
1985 2885 2173 2956 Itaque
2212 2897 2336 2956 post
2361 2888 2764 2957 Capharnaum,
2823 2890 2916 2945 ubi
2970 2890 3172 2946 mansit
3215 2905 3325 2945 nou

1758 2976 1957 3033 multos
1989 2980 2122 3043 dies,
2175 2994 2299 3035 cum
2332 2979 2539 3037 Pascha
2572 2992 2719 3039 esset
2759 2982 3067 3039 Judteorum
3106 2983 3159 3037 in
3196 2998 3324 3053 pro-

104 3082 228 3134 τὰτε
253 3082 495 3153 πρόϐατα
543 3082 647 3135 καὶ
678 3082 804 3145 τοὺς
838 3081 985 3152 βόας,
1042 3083 1135 3136 καὶ
1165 3084 1344 3153 ὲκχέει
1376 3084 1484 3139 τῶν
1520 3102 1648 3157 κερ-

1760 3071 1957 3140 piuquo
1980 3073 2045 3137 ⁸⁸,
2081 3072 2322 3128 ascendit
2352 3073 2801 3147 Hierosolymam,
2823 3077 3041 3147 quando
3061 3092 3093 3132 e
3124 3076 3326 3145 templo

109 3173 343 3241 ματιστῶν
364 3176 435 3228 τὰ
454 3176 742 3247 κέρματα.
766 3176 947 3228 Ἐοικε
967 3174 1023 3227 δὲ
1045 3176 1102 3229 ὲν
1126 3179 1236 3241 τοῖς
1263 3178 1524 3250 Ἰεροσολύ
1534 3196 1651 3251 μοις

107 3268 236 3321 ὁτῶν
259 3270 571 3341 Φαρισαίων
596 3270 785 3342 ἄρχων
822 3272 1126 3343 Νικόδημος
1154 3272 1345 3335 νυκτὸς
1379 3272 1516 3345 πρὸς
1554 3274 1652 3326 αὐ-

108 3362 181 3414 τὸν
206 3363 363 3435 ἀρχὴν
389 3361 504 3433 (65)
548 3362 895 3433 ἐληλυθέναι,
932 3364 1025 3418 καὶ
1070 3365 1365 3434 ἀκηκοέναι
1415 3365 1588 3419 ταῦτα
1618 3365 1653 3420 ἀ

108 3455 279 3519 ἔξεστιν
303 3460 364 3512 ὲκ
391 3459 490 3512 τοῦ
527 3457 870 3526 Εὐαγγε).ίου
909 3457 1111 3513 λαϐεῖν.
1151 3479 1168 3509 ι
1198 3459 1351 3512 Μετά
1396 3458 1451 3512 δὲ
1482 3458 1655 3512 ταῦτα

107 3543 237 3615 ἦλθεν
264 3552 290 3602 6
319 3550 553 3621 Ἰησοῦς,
585 3551 687 3604 καὶ
709 3551 761 3602 οί
802 3550 1035 3621 μαθηταὶ
1086 3550 1248 3603 αὐτοῦ
1278 3553 1357 3615 εἰς
1383 3551 1481 3621 τὴν
1524 3551 1657 3603 Ἰου-

106 3639 231 3693 δαίαν
253 3642 368 3712 γῆν,
425 3643 526 3696 καὶ
581 3642 706 3694 ἐκεῖ
752 3640 983 3712 διέτριϐε
1021 3642 1137 3712 μετ’
1164 3642 1363 3705 αὐτῶν,
1408 3642 1501 3695 καὶ
1532 3642 1657 3695 ἐϐά-

109 3731 234 3795 mg;
259 3733 375 3786 καθ’
398 3733 461 3786 ὅν
502 3732 709 3803 καιρὸν
741 3727 808 3802 ἦν
841 3732 935 3785 κα)⁸
976 3733 1228 3803 Ἰωάννης
1272 3732 1549 3803 βαπτίζων
1599 3735 1657 3787 ὲν

106 3822 247 3876 Λίνὼν
270 3825 435 3893 ἐγγὺς
481 3823 582 3877 τοῦ
647 3822 856 3895 Σαλεὶμ
889 3823 1022 3893 (66),
1054 3826 1137 3878 ὅτι
1188 3825 1359 3880 ὕδατα
1390 3824 1559 3880 πολλὰ
1586 3822 1656 3898 ἦν

106 3914 214 3977 ἐκεῖ,
252 3919 343 3970 καὶ
392 3917 783 3988 παρεγίνοντο,
818 3916 911 3969 καὶ
958 3917 1326 3984 ἐϐαπτίζοντο.
1354 3918 1521 3973 Οὔπω
1549 3919 1657 3990 γὰρ

104 3998 158 4074 ἦν
185 4006 500 4080 βεϐλημένος
555 4010 641 4071 είς
697 4007 797 4078 τὴν
844 4006 1086 4079 φυλακὴν
1131 4011 1160 4063 6
1202 4010 1473 4080 Ἰωάννης,
1514 4029 1533 4064 ι
1566 4011 1656 4064 ὅτε

116 4099 191 4150 καὶ
210 4099 411 4168 ἐγένετο
435 4102 674 4171 ζήτησις
701 4101 766 4153 ἐκ
800 4101 907 4154 τῶν
936 4100 1188 4172 μαθητῶν
1244 4103 1487 4158 Ἰωάννου
1520 4103 1661 4175 μετά

118 4191 351 4248 Ἰουδαίων
401 4195 534 4266 περὶ
578 4192 950 4265 καθαρισμοῦ,
1000 4196 1094 4248 καὶ
1150 4191 1313 4267 ἦλθον
1373 4197 1507 4269 πρὸς
1564 4197 1657 4252 τὸν

120 4282 337 4355 Ἰωάννην
384 4284 648 4353 λέγοντες
696 4285 827 4355 περὶ
877 4284 971 4339 τοῦ
1024 4285 1274 4358 Σωτῆρος
1330 4287 1425 4341 τό·
1478 4307 1496 4339 ι
1551 4289 1657 4343 Ἴδε

107 4372 234 4441 οὗτος
265 4379 535 4449 βαπτίζει,
588 4380 688 4432 καὶ
722 4378 926 4442 πάντες
964 4378 1211 4452 ἔρχονται
1241 4381 1376 4453 πρὸς
1410 4382 1592 4436 αὐτόν.
1634 4403 1651 4433 ι

1756 3160 1915 3230 ejecit
1943 3172 2055 3217 tum
2085 3178 2234 3229 aves,
2282 3173 2393 3220 tum
2444 3169 2642 3232 boves,
2680 3178 2735 3224 et
2774 3172 3169 3226 mensariorum
3219 3181 3326 3224 tera

1754 3250 1963 3308 ell'udit.
2019 3252 2240 3311 Videtur
2294 3266 2473 3312 autem
2522 3256 2875 3326 Nicodemus,
2924 3260 3326 3317 Pharisaeorum

1757 3346 2028 3416 princeps,
2054 3356 2217 3403 noctu
2239 3347 2305 3402 ad
2325 3348 2499 3419 ipsum
2537 3350 2803 3421 principio
2831 3351 3045 3407 venisse
3072 3350 3328 3407 Hieroso-

1756 3434 1978 3506 lyaiam,
2040 3439 2369 3509 audisscque
2398 3456 2518 3511 quae
2562 3440 2691 3496 licet
2724 3457 2791 3497 ex
2834 3442 3129 3515 Evangelia
3179 3443 3331 3499 acci-

1756 3546 1885 3600 pere
1916 3531 1981 3583 “.
2015 3551 2033 3583 ‹
2066 3531 2192 3586 Post
2229 3533 2343 3588 haec
2373 3552 2391 3584 ι
2435 3544 2618 3589 autem
2649 3551 2668 3584 ι
2692 3535 2843 3589 venit
2868 3534 3047 3600 Jesus,
3083 3543 3137 3591 et
3167 3534 3332 3591 disci-

1757 3624 1868 3694 puli
1908 3624 2027 3693 ejus
2060 3625 2113 3679 in
2163 3634 2365 3680 terram
2419 3625 2687 3692 Judzeam,
2741 3637 2797 3683 et
2853 3629 2967 3683 illic
3014 3630 3333 3686 morabatur

1757 3732 1882 3771 cum
1911 3717 2012 3781 eis,
2040 3732 2103 3771 ac
2139 3717 2451 3785 baptizabat
2475 3758 2490 3782 ,
2524 3732 2632 3787 quo
2663 3728 2909 3787 tempore
2937 3732 3056 3775 erat
3085 3730 3140 3776 et
3170 3720 3332 3777 Joan-

1758 3824 1854 3863 nes
1886 3808 2165 3877 baptizans
2224 3810 2276 3861 in
2329 3808 2508 3865 Ᾱίιιοιι
2543 3808 2698 3875 juxta
2739 3810 2932 3875 Salim,
2995 3813 3119 3880 quia
3179 3830 3333 3883 aqua:

1761 3900 1940 3954 multa:
1960 3909 2113 3955 erant
2148 3899 2277 3965 illic,
2315 3910 2372 3954 et
2419 3901 2731 3965 veniebant,
2786 3916 2849 3956 ac
2894 3903 3330 3972 baptizabantur.

1758 3991 2006 4047 Nondum
2043 3993 2187 4047 enim
2232 3991 2510 4058 conjectus
2556 3990 2730 4047 fuerat
2766 3995 2819 4046 in
2853 4007 3127 4050 carcerem
3166 3995 3331 4050 Joan-

1759 4100 1909 4151 nes,»
1938 4084 2154 4153 quando
2208 4093 2265 4137 et
2288 4091 2406 4138 orta
2434 4086 2664 4152 quaestio
2681 4093 2846 4140 estex
2873 4086 3154 4157 discipulis
3170 4085 3335 4144 Joan-

1760 4178 1843 4233 nis
1866 4176 1932 4232 de
1950 4176 2324 4244 purificatione
2342 4191 2466 4230 cum
2484 4174 2708 4241 Iudaeis,
2729 4186 2784 4232 et
2803 4187 3064 4234 venerunt
3083 4180 3148 4233 ad
3172 4177 3337 4241 Joan-

1762 4286 1882 4324 nem
1950 4269 2194 4324 dicentes
2211 4269 2277 4325 de
2294 4267 2604 4324 Servatore:
2626 4288 2643 4321 ι
2658 4270 2795 4325 Ecce
2813 4271 2858 4325 is
2876 4271 3136 4340 baptizat,
3151 4281 3204 4327 et
3224 4286 3338 4327 om-

1762 4374 1857 4414 nes
1885 4360 2106 4414 veniunt
2131 4360 2197 4414 ad
2223 4375 2344 4414 eum
2371 4359 2439 4414 ".
2477 4378 2496 4411 ι
2553 4359 2852 4413 Audierant
2899 4363 3042 4415 enim
3078 4361 3332 4431 Baptista:

118 4467 405 4537 ’Δκηκύασιν
455 4471 570 4524 ἀπὸ
627 4469 723 4523 τοῦ
775 4450 1081 4524 Βαπτιστοῦ
1122 4450 1332 4541 λόγους,
1383 4473 1476 4537 οὓς
1513 4474 1651 4530 ἔστιν

1768 4450 1926 4507 verba
1940 4466 2059 4520 quae
2073 4455 2385 4507 accuratius
2406 4467 2474 4507 ex
2500 4452 2614 4521 ipsa
2648 4451 2930 4521 Scriptura
2964 4452 3011 4484 "'
3035 4454 3162 4509 licet
3184 4469 3338 4509 assu-

110 4558 186 4610 ἀπ¹
254 4562 423 4633 αὐτῆς
498 4562 602 4633 τῆς
676 4561 903 4632 Γραφῆς
973 4563 1363 4636 ἀκριϐέστερον
1446 4565 1655 4621 λαϐεῖν.

110 4648 217 4702 Είδὲ
244 4652 671 4722 πυνθανομένοις
700 4653 833 4722 ἡμῖν
863 4652 987 4723 περὶ
1013 4652 1127 4717 τοῦ,
1164 4654 1293 4707 πότε
1324 4654 1512 4724 γέγονε
1548 4656 1658 4725 (67)

109 4741 292 4810 πρῶτον
309 4745 363 4797 ὲν
387 4748 454 4817 τῇ
482 4745 870 4816 Καφαρναοὺμ
899 4747 927 4798 6
960 4747 1210 4817 Χριστὸς,
1242 4750 1308 4819 τῇ
1335 4748 1476 4815 λέξει
1507 4752 1660 4803 Ματ-

109 4829 233 4886 Ozias
251 4836 340 4890 καὶ
353 4837 463 4891 τῶν
484 4836 697 4890 λοιπῶν
717 4835 810 4889 δύο
830 4838 1246 4904 ἀκολουθοῦντες
1270 4842 1501 4912 φήσουσι
1526 4842 1663 4912 μετά

110 4925 180 4976 τὶν
207 4931 523 5001 πειρασμὸν,
553 4931 667 4993 ὅτε,
690 4929 1035 4983 καταλείπων
1066 4932 1165 5003 τὴν
1192 4932 1466 5004 Ναζαρὲθ,
1494 4933 1662 4987 ἐλθὼν

111 5019 393 5092 κατῴκησεν
424 5024 506 5087 εἰς
530 5022 914 5093 Καφαρναοὺμ
937 5022 1034 5094 τὴν
1051 5023 1513 5095 παραθαλασσίαν
1546 5026 1663 5090 πῶς

161 5180 365 5253 ’ζιδια
425 5201 499 5241 ιν.
530 5183 737 5241 29-31.
841 5186 1069 5245 "Joan.
1114 5203 1176 5253 ιι,
1222 5188 1408 5244 12-15.

113 5247 153 5278 "
186 5250 358 5309 Matth.
381 5271 457 5323 tv,
491 5257 584 5319 1|,
620 5255 710 5309 13.
1162 5247 1172 5253 ’
1477 5292 1487 5303 ο

173 5343 272 5431 (6i)
457 5350 594 5420 περὶ
631 5349 878 5434 rga-tirone,
906 5356 1012 5402 etc.
1041 5347 1404 5434 Scribend‘um
1433 5347 1531 5434 δεζ⁸
1557 5348 1659 5434 τὴν

118 5417 225 5485 περὶ
264 5420 481 5485 τούτων,
508 5417 621 5476 etc.
668 5419 767 5473 Hic
814 5431 867 5472 et
916 5433 1057 5487 sa-pe
1098 5418 1223 5471 alibi
1261 5417 1457 5473 litterae
1502 5417 1659 5472 ﬁdem

120 5485 328 5562 detrahit
355 5491 647 5562 Origenes,
684 5488 1337 5562 qttatn_anagugic_issuis
1365 5488 1662 5557 expositio-

121 5555 255 5628 nibus
275 5555 564 5614 conciliare
598 5555 816 5613 uitiiur.
849 5558 981 5613 Vide
1019 5555 1389 5628 praelationem
1422 5555 1664 5613 nostram

121 5626 173 5677 ad
198 5633 386 5681 tomum
420 5630 749 5682 secundum.

175 5692 277 5765 (G3)
306 5698 455 5754 Οὐδὲ
482 5698 761 5768 θειοτέρῳ
795 5698 1089 5765 Πνεύματι
1119 5698 1551 5768 τιεγφαμμένων.
1577 5697 1667 5753 Sic

122 5777 249 5818 rrcte
276 5768 429 5822 habet
460 5771 636 5823 codex
669 5767 1020 5830 Budlvianus,
1066 5785 1348 5836 perperam
1398 5784 1526 5825 veto
1559 5768 1664 5825 Rc-

120 5835 241 5903 εἰη,
262 5837 375 5892 οὐδὲ
403 5839 697 5913 θειοτέρων
729 5836 997 5910 πνεύματι
1030 5835 1432 5910 γεγραμμένον.

1506 5191 1552 5222 ⁸⁸
1582 5189 1741 5246 Joan.
1788 5206 1848 5245 tn
1877 5228 1892 5254 .
1937 5190 1962 5243 l
2001 5205 2156 5258 seqq.

1757 4556 1924 4598 mere.
1944 4542 2099 4613 163
2121 4542 2271 4609 Quod
2294 4543 2337 4597 si
2354 4543 2810 4613 interrogantibus
2829 4543 2984 4599 nobis
3006 4544 3218 4612 quando
3237 4547 3341 4612 pri-

1758 4648 1903 4686 mum
1928 4632 2031 4686 fuit
2054 4635 2105 4686 in
2126 4634 2446 4701 Capltaruao
2464 4632 2737 4695 Christus,
2763 4633 2853 4701 qui
2882 4633 3168 4689 lectionem
3198 4633 3339 4687 Mat-

1761 4726 1884 4780 ιιιιεί
1918 4726 2359 4795 reliquorumque
2381 4724 2609 4780 duorum
2645 4736 2967 4795 sequuntur,
2997 4726 3195 4789 dicent,
3221 4736 3342 4794 post

1764 4819 2131 4883 tentationem,
2153 4819 2367 4886 quando
2393 4817 2577 4874 relicta
2604 4816 2867 4872 Nazareth
2890 4816 3161 4887 profectus
3180 4816 3339 4871 liabi-

1771 4912 1904 4966 tavit
1954 4913 2006 4966 in
2052 4912 2399 4981 Capltarnao.
2448 4925 2569 4979 qua:
2609 4920 2689 4965 est
2723 4909 2915 4964 civitas
2944 4907 3216 4962 maritima
3255 4908 3338 4959 "z

1771 5008 2042 5075 quomodo
2087 5006 2250 5061 simul
2306 5020 2495 5060 verum
2547 5018 2667 5058 esse
2699 5003 2878 5055 dicent
2933 5008 2989 5054 et
3042 4999 3169 5054 illud
3196 5000 3343 5071 quod

2232 5184 2277 5217 ⁸⁷
2315 5185 2444 5240 ibid.
2475 5179 2662 5234 22-26.
2740 5178 2785 5209 “
2821 5176 2984 5235 Jaan.
3017 5193 3055 5244 ι,
3094 5178 3161 5234 l5
3187 5193 3343 5251 seqq.

1842 5346 1951 5420 (6i)
1996 5347 2145 5420 οὔτε
2183 5345 2591 5420 πεπζείρασται.
2636 5342 2727 5398 Sic
2770 5345 2937 5399 codex
2982 5343 3344 5413 Bodleianus;

1773 5415 1993 5487 Regius,
2017 5418 2106 5470 ὅτε
2137 5415 2492 5487 πεπείρασται
2513 5455 2525 5468 .

1845 5483 1960 5555 (65)
2012 5485 2244 5555 Ἇρχήν.
2302 5483 2391 5538 Sic
2447 5486 2618 5538 codex
2692 5484 3051 5547 Bodleianus;
3107 5483 3345 5553 Regius,

1772 5558 2242 5721 EaJ'slp.
2303 5624 2377 5678 Ita
2442 5624 2613 5680 codex
2677 5624 3041 5691 Bodlcianus;
3110 5622 3344 5711 Regius,

1801 5697 1900 5752 Αλί
1966 5736 1981 5759 ,
2027 5697 2179 5749 male.
3235 5706 3239 5711 '

1842 5714 1952 5836 (ϐξ)
1992 5765 2141 5819 Πότε
2202 5764 2428 5831 γέγονε.
2481 5764 2572 5821 Sic
2610 5764 2779 5822 codex
2830 5763 3188 5830 Bodleianus;
3236 5761 3347 5817 Rc-

1771 5839 1891 5907 gius
1926 5836 2109 5892 omisit
2136 5836 2285 5888 πότε.
