3866 6562
564 294 665 349 3H

2010 303 2332 361 ORIGENIS

3697 315 3792 370 519.

564 416 704 487 apud
733 414 1069 481 Matthreum,
1095 423 1149 470 et
1172 415 1408 471 Marcum
1442 416 1642 473 dictum
1672 427 1754 473 est
1773 458 1787 483 ,
1819 427 2002 475 .tesum
2030 420 2126 475 sci-

2239 424 2355 495 ἅμα
2384 423 2557 496 ἀληθῆ
2588 419 2727 478 εἶναι
2761 425 2943 505 ὲροιξσι
2967 424 3027 503 τό
3057 442 3115 486 τε
3147 424 3303 499 παρά
3324 425 3401 498 τῷ
3427 427 3679 501 Ματθαίῳ
3708 434 3793 485 καὶ

565 507 692 563 licet
718 506 1008 562 secessisse
1038 506 1088 561 in
1117 507 1393 564 Galilaeam
1416 509 1487 574 '°,
1530 518 1786 579 tanquam
1818 512 1910 582 qui
1955 512 2135 566 audis-

562 605 648 652 set
672 594 936 651 Joannem
959 598 1216 656 traditum
1248 596 1447 665 fuisse;
1477 607 1533 653 et
1564 598 1714 666 illud,
1742 602 1883 667 quod
1903 600 2132 671 positum

563 694 651 742 est.
682 688 822 756 apud
853 686 1119 743 Joannem
1142 689 1188 720 ‘”
1209 731 1226 755 ,
1258 688 1466 742 scilicet
1496 688 1730 742 nonduin
1758 687 1926 743 fuisse
1954 688 2136 759 Bapti-

566 788 706 833 stam
737 780 1039 849 conjectum
1065 780 1117 833 in
1141 792 1439 842 carcerem.
1457 780 1550 833 sed
1580 779 1855 848 baptizare
1879 780 1931 834 in
1955 778 2132 835 Euan

560 872 714 939 juxta
744 871 945 936 Salim;
987 872 1040 926 id
1081 872 1225 942 quod
1256 871 1477 942 ponitur
1501 882 1621 940 post
1661 873 1991 927 mansionem
2024 873 2132 927 Du-

565 964 697 1019 mini
732 964 782 1019 in
797 963 1119 1033 Capharnao
1145 965 1216 1029 ",
1245 975 1299 1019 et
1323 975 1446 1034 post
1479 979 1759 1019 ascensum
1788 965 1854 1019 ad
1886 964 2135 1019 llieroso-

558 1054 786 1126 lymam,
817 1055 1050 1125 indeque
1077 1056 1143 1109 ad
1171 1053 1411 1109 Judzcam
1446 1056 1766 1110 descensum
1807 1056 1889 1120 ",
1919 1071 1981 1111 ac
2016 1066 2135 1125 post

566 1147 765 1200 multas
795 1146 930 1201 alias
953 1148 1285 1202 mconomias
1309 1156 1364 1201 et
1398 1147 1868 1217 dispensatioues?
1912 1147 2050 1216 Quin
2085 1147 2131 1201 si

566 1238 632 1292 de
679 1237 802 1292 aliis
849 1238 1219 1305 compluribus
1279 1239 1566 1309 diligenter
1634 1239 1756 1308 quis
1817 1238 2134 1308 exquisierit

522 1388 530 1397 ι
568 1327 851 1397 Evangelia
872 1329 939 1383 de
958 1329 1292 1385 dissonantia
1317 1329 1614 1384 secundum
1638 1331 1944 1393 historiam,
1968 1345 2132 1401 quam

562 1419 868 1487 singulatim
901 1420 1234 1475 tentabimus
1257 1433 1356 1489 pro
1395 1420 1537 1474 virili
1563 1420 1634 1476 ob
1672 1422 1863 1479 oculos
1908 1436 2131 1494 ponere,

562 1509 828 1579 vertigine
856 1509 1081 1567 affectus
1101 1554 1115 1578 ,
1156 1512 1238 1565 vel
1264 1523 1455 1569 renuet
1481 1512 1813 1569 conﬁrmare
1842 1513 2129 1584 Evangelia

562 1609 819 1671 tanquam
849 1618 1002 1670 vera,
1029 1613 1084 1659 et
1129 1605 1334 1676 judicio
1364 1623 1461 1661 suo
1490 1605 1593 1661 sibi
1625 1605 1831 1676 eligens
1861 1607 2005 1677 quod
2037 1621 2131 1661 vo-

562 1692 745 1759 luerit,
772 1694 930 1751 alicui
961 1697 1198 1765 ipsorum
1230 1686 1643 1769 Evangeliorum
1668 1697 1989 1765 adhaerebit,
2024 1713 2132 1753 non

2238 518 2450 589 Μάρκῳ
2499 519 2804 592 εἰρημένον,
2854 518 2929 582 ὡς
2956 518 3044 573 διά
3066 517 3128 572 τὸ
3166 520 3457 590 ἀκηκοέναι
3488 522 3642 576 αὐτὸν
3676 527 3789 594 περί

2238 609 2332 663 τοῦ
2377 610 2623 677 Ἰωάννου
2658 610 3072 682 παραδοθέντος,
3107 613 3187 676 εἰς
3228 611 3327 683 τὴν
3366 613 3644 668 Γαλιλαίαν
3671 616 3794 675 ἀνα-

2238 701 2605 772 χωρήσαντος·
2629 703 2724 755 καὶ
2752 702 2813 754 τὸ
2837 702 2988 777 παρά
3010 701 3088 774 τῷ
3123 703 3345 779 Ἰωάννῃ
3378 704 3511 775 μετά
3528 707 3615 759 καὶ
3639 706 3793 771 ἄλλας

2237 791 2547 862 οἰκονομίας
2597 791 2734 863 πρὸς
2772 794 2839 863 τῇ
2872 792 2931 845 ὲν
2954 793 3334 864 Καφαρναοὺμ
3379 797 3507 866 μονῇ
3535 795 3789 866 κείμενον,

2239 882 2334 935 καὶ
2362 881 2461 954 τὴν
2490 883 2569 946 εἰς
2609 882 2953 955 Ἰεροσόλυμα
2992 883 3103 955 (68)
3136 885 3340 951 ἄνοδον,
3376 887 3473 957 τήν
3507 903 3564 938 τε
3590 888 3668 950 εἰς
3702 886 3793 955 τὴν

2252 973 2506 1028 Ἰουδαίαν
2528 973 2732 1028 ἐκεῖθεν
2751 973 2995 1035 κάθοδον,
3023 976 3107 1029 ὅτι
3129 975 3280 1030 οῠπω
3296 976 3613 1048 βεϐλημένος
3636 972 3701 1049 ῆν
3718 979 3792 1042 εἰς

2240 1064 2484 1136 φυλακὴν
2507 1066 2536 1118 ό
2575 1066 2847 1138 Ἰωάννης,
2880 1065 2992 1120 ἀλλ’
3027 1066 3317 1133 ἐϐάπτιζεν
3354 1071 3413 1122 ἐν
3444 1065 3608 1133 Αἰνὼν
3637 1070 3790 1138 ἐγγὺς

2237 1157 2332 1213 τοῦ
2353 1156 2583 1229 Σαλείμ;
2608 1158 2717 1211 Καὶ
2739 1159 2832 1211 ἐπὶ
2862 1158 3036 1214 ἄλλων
3063 1159 3120 1213 δὲ
3160 1159 3418 1227 πλειόνων
3439 1146 3584 1227 εἰτις
3607 1163 3791 1231 ἐπιμε-

2237 1249 2342 1314 λῶς
2375 1249 2615 1316 ἐξετάζοι
2647 1251 2714 1305 τὰ
2743 1252 3052 1321 Εὑαγγέλια
3093 1253 3221 1323 περὶ
3247 1252 3348 1323 τῆς
3374 1252 3512 1306 κατά
3536 1237 3627 1326 τὴν
3660 1255 3790 1306 isco-

2241 1342 2363 1414 ρίαν
2408 1341 2784 1414 ἀσυμφωνίας,
2819 1343 3010 1414 ἥντινα
3027 1340 3395 1399 καθ’ἓκαστον
3437 1344 3791 1414 πειρασόμεθα

2237 1433 2379 1489 κατά
2399 1435 2458 1489 τὸ
2484 1434 2704 1489 δυνατὸν
2722 1437 3086 1507 παραστῆσαι,
3111 1436 3507 1500 σκοτοδινιάσας
3535 1437 3648 1507 ἦτοι
3677 1438 3792 1490 ἀπο-

2241 1510 2492 1599 στήσεται
2534 1525 2627 1580 τοῦ
2660 1527 2861 1600 κυροῦν
2893 1528 2968 1592 ὼς
2997 1527 3210 1600 ἀληθῶς
3238 1528 3307 1582 τὰ
3348 1527 3665 1596 Εὐαγγέλια,
3707 1528 3789 1580 καί

2240 1618 2702 1690 ἀποκληρωτικῶς
2732 1619 2812 1672 ένί
2851 1618 3028 1673 αὐτῶν
3062 1618 3450 1691 προσθήσεται,
3486 1619 3554 1689 μὴ
3593 1616 3791 1688 τολμῶν

2238 1709 2412 1782 πάντη
2458 1708 2667 1764 ἀθετεῖν
2692 1711 2791 1782 τὴν
2831 1712 2959 1783 περὶ
2990 1709 3082 1764 τοῦ
3113 1712 3317 1783 Κυρίου
3345 1713 3377 1782 ἡ
3389 1711 3503 1782 μῶν
3531 1710 3720 1763 πίστινσ
3758 1709 3787 1778 ἦ
3812 1762 3813 1767 η

561 1787 769 1843 audens
792 1786 1038 1844 funditus
1060 1789 1340 1844 inﬁrmare
1368 1790 1435 1844 de
1458 1787 1689 1845 Domino
1724 1795 1915 1843 nostro
1942 1786 2126 1851 (idem:

2236 1802 2588 1875 προσιέμενος
2615 1802 2682 1857 τὰ
2709 1803 2968 1874 τέσσαρα,
3006 1798 3147 1857 εἶναι
3179 1801 3379 1874 ἀληθὲς
3411 1802 3581 1857 αὐτῶν
3617 1802 3716 1857 οὐκ
3738 1802 3790 1854 ὲν

562 1881 651 1937 vel
685 1881 981 1937 admittens
1028 1891 1265 1951 quatuor
1313 1897 1433 1938 esse
1482 1878 1817 1949 Evangelia,
1852 1879 2132 1934 veritatem

564 1974 807 2044 ipsorum
841 1992 947 2031 non
977 1977 1030 2031 in
1063 1977 1249 2034 formis
1282 1987 1339 2033 et
1379 1975 1792 2032 characteribus
1829 1974 2127 2046 corporali-

563 2068 668 2124 bus
705 2083 826 2123 esse
853 2069 1131 2141 adiunget.

633 2178 688 2231 5.
734 2175 803 2233 Ut
828 2188 1007 2233 autem
1053 2178 1291 2249 aliquam
1327 2177 1820 2234 considerationem
1853 2174 2134 2232 sententiae

564 2283 630 2323 ac
654 2268 957 2325 voluntatis
987 2269 1401 2339 Evangeliorum
1451 2269 1518 2324 de
1561 2268 1712 2324 hisce
1757 2268 1920 2335 rebus
1950 2282 2131 2324 suma-

565 2374 710 2423 mus,
736 2359 896 2415 nobis
922 2359 1027 2414 hoc
1050 2368 1137 2414 est
1157 2360 1465 2416 dicendum.
1507 2359 1636 2417 Esto
1659 2350 1978 2429 quibusdam
2004 2360 2133 2431 Spi-

566 2454 672 2508 ritu
688 2453 854 2510 Deum
876 2454 1206 2520 videntibus,
1223 2455 1490 2525 hujusque
1512 2471 1790 2513 sermones
1807 2458 1872 2511 ad
1893 2466 2130 2523 sanctos,

565 2555 728 2617 atque
752 2549 1114 2617 praesentiam,
1138 2565 1241 2619 qua
1266 2549 1373 2603 illis
1394 2564 1450 2603 se
1470 2548 1646 2611 oli'ert,
1671 2550 1960 2621 prtecipuis
1992 2558 2129 2605 tem-

565 2638 784 2706 poribus
806 2638 1077 2708 profectus
1111 2641 1344 2711 ipsorum
1379 2639 1562 2712 (atque
1601 2640 1654 2695 hi
1688 2640 1873 2711 plures
1902 2655 2132 2697 numero

561 2729 848 2795 exsistant,
880 2740 933 2784 et
965 2731 1196 2787 diversis
1222 2730 1275 2785 in
1299 2730 1456 2798 locis,
1490 2747 1589 2787 nec
1612 2731 1883 2787 similibus
1910 2731 2130 2787 omnino

558 2819 844 2876 beneﬁciis
885 2820 1120 2892 ati‘ecti);
1174 2831 1320 2888 esto,
1374 2827 1634 2892 inquam,
1675 2822 2011 2892 propositum
2046 2826 2131 2878 his

560 2913 787 2984 singulis
812 2929 907 2968 sua
942 2914 1259 2969 renuntiare
1284 2955 1299 2981 ,
1352 2928 1471 2983 quae
1499 2911 1704 2983 Spiritui
1752 2920 1866 2966 tum
1899 2913 1966 2968 de
1998 2912 2128 2978 Deo,

560 3013 676 3058 tum
713 3006 781 3061 de
815 3004 1157 3061 sermonibus
1189 3004 1338 3073 ejus,
1384 3020 1447 3060 ac
1499 3007 1565 3061 de
1593 3004 2021 3075 apparitionibus
2063 3003 2133 3057 ad

558 3106 777 3152 sanctos
800 3096 1007 3161 vident,
1039 3097 1111 3150 ita
1151 3105 1207 3151 ut
1234 3098 1323 3152 hic
1351 3095 1570 3166 quidem
1603 3097 1874 3151 renuntiet
1899 3109 2020 3164 qua!
2046 3094 2128 3149 di-
2155 3133 2197 3192 Ο

560 3196 781 3252 cuntur,
824 3188 909 3242 vel
934 3197 1222 3255 aguntura
1254 3187 1364 3243 Deo
1396 3189 1448 3241 in
1491 3187 1581 3241 tali
1623 3187 1743 3241 loco
1782 3187 1908 3242 huic
1950 3187 2126 3258 justo,

559 3277 651 3335 ille
685 3292 816 3333 vero
846 3293 967 3347 quae
1008 3278 1146 3334 alius
1171 3292 1268 3348 per
1291 3277 1510 3334 oracula
1545 3279 1627 3332 vel
1660 3279 1916 3341 audierit,
1942 3279 2023 3333 vel
2051 3293 2130 3334 re-

557 3369 788 3438 ceperit,
822 3378 877 3422 et
897 3368 1036 3423 alius
1067 3379 1268 3439 praeter
1301 3371 1437 3425 duos
1467 3370 1751 3439 praedictos
1776 3369 1906 3425 velit
1934 3384 2030 3425 nos
2060 3368 2127 3425 de

560 3458 744 3527 aliquo
770 3460 930 3514 tertio
955 3458 1173 3514 docere.
1201 3459 1330 3514 Esto
1352 3468 1530 3515 autem
1555 3461 1718 3516 etiam
1746 3460 1940 3531 aliquis
1963 3476 2125 3532 quar-

544 3560 682 3614 tus.
718 3550 941 3620 perinde
974 3559 1136 3621 atque
1192 3552 1247 3606 hi
1290 3562 1402 3608 tres
1456 3552 1699 3617 faciens,
1736 3553 2128 3624 conferantque

558 3643 613 3697 hi
637 3652 873 3711 quatuor
906 3642 1047 3698 inter
1071 3659 1130 3698 se
1155 3645 1223 3698 de
1248 3644 1568 3714 quibusdam
1597 3662 1719 3717 qua}
1752 3646 1986 3715 Spiritus
2021 3648 2127 3704 illis

557 3734 921 3805 suggesserit,
973 3736 1117 3790 etde
1144 3735 1268 3791 aliis
1301 3736 1450 3791 brevi
1497 3737 1744 3793 oratione
1794 3737 2124 3805 renuntient,

557 3828 692 3882 adeo
732 3836 791 3881 ut
822 3827 1129 3897 huiusmodi
1155 3829 1265 3883 sint
1313 3828 1528 3883 illorum
1557 3830 1925 3886 narrationes:
1966 3829 2125 3887 Visus

555 3930 640 3975 est
667 3920 807 3975 Deus
834 3919 962 3975 huic
993 3920 1096 3975 hoc
1126 3928 1392 3991 tempore,
1420 3921 1525 3977 hoc
1552 3922 1604 3975 in
1640 3921 1781 3985 loco,
1829 3930 1885 3979 et
1906 3922 2021 3978 haec
2048 3921 2125 3977 illi

553 4010 723 4066 fecit:
758 4012 901 4066 hunc
928 4011 981 4066 in
1012 4014 1230 4067 modum
1265 4012 1311 4067 si
1357 4012 1431 4065 illi
1468 4010 1626 4085 16a.
1665 4015 1982 4084 apparuerit
2031 4014 2124 4069 tali

553 4102 750 4166 forma,
789 4111 844 4156 et
871 4117 1032 4158 manu
1060 4104 1213 4159 duxit
1238 4104 1304 4158 ad
1348 4100 1493 4158 hunc
1517 4104 1726 4170 locum,
1766 4104 1854 4158 ubi
1898 4105 2012 4159 haec
2047 4104 2125 4159 fe-

554 4198 647 4251 cit.
690 4196 979 4252 Secundus
1015 4197 1203 4252 eodem
1239 4205 1481 4268 tempore.
1510 4211 1617 4267 quo
1654 4197 1771 4253 haec
1813 4197 1954 4253 dicta
1998 4205 2126 4253 sunt

552 4289 698 4344 facta
724 4289 889 4345 fuisse
907 4290 1047 4357 apud
1066 4289 1323 4359 primum,
1353 4289 1553 4344 referat
1572 4291 1737 4345 Deum
1756 4289 1928 4344 visum
1955 4287 2124 4344 fuisse

553 4385 608 4437 in
636 4382 866 4453 quadam
895 4382 1026 4435 urbe
1049 4382 1281 4449 cuipiam
1315 4382 1552 4436 secundo
1591 4382 1773 4453 (quem
1814 4382 1929 4450 ipse
1968 4383 2119 4453 velit)

2235 1897 2347 1959 τοῖς
2382 1899 2710 1966 σωματικοῖς
2732 1896 3121 1969 χαρακτῆρσιν.

2305 2189 2359 2243 5.
2384 2188 2555 2260 ’Υπὲρ
2579 2188 2634 2243 δὲ
2657 2188 2743 2243 τοῦ
2775 2188 2946 2261 ποσὴν
2964 2188 3204 2243 ἐπίνοιαν
3226 2186 3321 2242 τοῦ
3341 2186 3668 2260 βουλήματος
3692 2189 3788 2242 τῶν

2235 2280 2580 2352 Εὑαγγελίων
2600 2282 2728 2355 περλ⁸
2748 2282 2855 2336 τῶν
2871 2282 3125 2336 τοιούτων
3148 2281 3355 2347 λαϐεῖν,
3386 2283 3481 2337 καὶ
3507 2282 3658 2337 τοῦτο
3671 2285 3789 2352 ἡμῖν

2234 2371 2471 2425 λεκτέον.
2510 2372 2691 2425 Ἔστω
2716 2372 2825 2424 τι.σί
2866 2370 3222 2443 προκείμενον
3252 2370 3509 2441 βλέπουσι
3534 2371 3609 2442 τῷ
3641 2371 3789 2423 πνεύ-

2237 2482 2366 2536 ματι
2403 2464 2495 2517 τὸν
2544 2463 2696 2529 Θεὸν,
2728 2465 2821 2517 καὶ
2876 2463 3001 2527 τοὺς
3048 2463 3238 2518 τούτου
3286 2465 3425 2537 πρὸς
3467 2465 3591 2527 τοὺς
3621 2464 3792 2532 ἁγίους

2232 2556 2441 2626 λόγους,
2476 2557 2575 2628 τήν
2603 2573 2661 2609 τε
2691 2556 3011 2629 παρουσίαν,
3042 2558 3107 2628 ἢν
3140 2556 3404 2630 πάρεστιν
3438 2556 3615 2621 αὐτοῖς
3654 2554 3790 2621 ἐξαι-

2234 2649 2410 2721 ρέτοις
2450 2651 2661 2720 καιροῖς
2709 2648 2807 2720 τῆς
2850 2649 3130 2723 προκοπῆς
3171 2648 3347 2702 αὐτῶν
3393 2647 3790 2718 ἐπιφαινόμενος

2233 2741 2472 2813 (πλέοσιν
2514 2737 2632 2794 οὖσι
2660 2741 2752 2793 τὸν
2781 2739 3033 2812 ἀριθμὸν,
3069 2741 3163 2794 καὶ
3198 2743 3255 2794 ἐν
3288 2739 3563 2811 διαφόροις
3597 2737 3787 2801 τόποις,

2230 2834 2330 2905 οὐχ
2355 2833 2621 2905 ὁμοειδεῖς
2646 2850 2705 2887 τε
2730 2833 2905 2905 πάντη
2942 2832 3259 2908 εὐεργεσίας
3286 2831 3787 2905 εὐεργετουμένοις),

2232 2923 2444 2995 ἑκάστῳ
2476 2923 2581 2996 ἰδίᾳ
2608 2923 2955 2993 ἀπαγγεῖλαι,
2984 2923 3019 2978 ἀ
3061 2923 3244 2994 βλέπει
3270 2923 3350 2995 τῷ
3381 2922 3645 2994 πνεύματι
3677 2923 3789 2993 περί

2228 3015 2322 3069 τοῦ
2371 3017 2526 3080 Θεοῦ,
2574 3019 2668 3071 καὶ
2711 3017 2819 3071 τῶν
2846 3017 3019 3087 λόγων
3063 3018 3226 3072 αὐτοῦ
3245 3058 3260 3082 ,
3291 3017 3400 3071 τῶν
3433 3035 3491 3071 τε
3519 3017 3653 3089 πρὸς
3678 3017 3789 3077 τοὺς

2230 3108 2417 3177 ἁγίους
2446 3092 2777 3179 ἐμφανειῶν,
2823 3109 2963 3164 ὥστε
2991 3109 3139 3164 τόνδε
3176 3110 3274 3181 μὲν
3307 3109 3437 3181 περὶ
3475 3110 3635 3162 τῶνδε
3666 3107 3787 3178 τῷῗε

2231 3198 2311 3271 τῷ
2358 3200 2551 3273 δικαίῳ
2597 3201 2737 3255 κατά
2792 3202 2939 3256 τόνδε
2990 3201 3082 3255 τὸν
3139 3201 3303 3255 τόπον
3347 3202 3653 3272 λεγομένων
3695 3200 3789 3253 ὑπὸ

2229 3291 2387 3357 Θεοῦ,
2431 3293 2524 3347 καί
2558 3295 2942 3367 πραττομένων
2989 3294 3371 3364 ἀπαγγέλλειν*
3403 3295 3552 3349 τόνδε
3582 3294 3636 3351 δὲ
3675 3295 3789 3365 περὶ

2228 3384 2338 3437 τῶν
2367 3385 2567 3458 ἐτέρων
2597 3386 3125 3458 χρησμῳδουμένων,
3160 3388 3253 3440 καὶ
3278 3386 3726 3458 ἐπιτελουμένων,
3758 3386 3785 3455 ἥ

2228 3475 2386 3531 ἄλλον
2417 3477 2545 3549 περί
2570 3495 2715 3542 τινος
2744 3478 2925 3551 τρίτου
2948 3478 3099 3551 παρά
3118 3479 3242 3542 τοὺς
3266 3480 3690 3552 προειρημένους
3708 3477 3789 3531 δύο

2229 3566 2402 3621 θέλειν
2428 3569 2577 3640 ἡμᾶς
2619 3567 2909 3623 διδάσκειν.
2948 3570 3128 3623 Ἔστω
3152 3570 3207 3622 δέ
3236 3588 3321 3634 τις
3349 3571 3444 3625 καὶ
3465 3572 3714 3643 τέταρτος
3736 3570 3789 3621 τὸ

2227 3656 2489 3726 ἀνάλογον
2504 3658 2615 3721 τοῖς
2634 3657 2780 3729 τρισὶ
2798 3657 2923 3729 περί
2938 3674 3081 3721 τινος
3111 3658 3299 3711 ποιῶν.
3336 3659 3408 3710 Συ
3416 3656 3788 3730 μφερέσθωσαν

2227 3745 2282 3800 δὲ
2315 3747 2365 3800 οἰ
2406 3747 2665 3819 τέσσαρες
2690 3742 2832 3802 οὗτοι
2861 3747 2987 3819 περί
3015 3765 3174 3801 τινων
3214 3748 3322 3802 ὑπὸ
3365 3749 3460 3802 τοῦ
3495 3748 3789 3819 πνεύματος

2227 3839 2410 3903 αὐτοῖς
2438 3838 2885 3910 ὕποϐαλλομένων
2921 3838 3190 3910 ἀλλήλοις,
3224 3840 3320 3893 καὶ
3347 3840 3478 3912 περὶ
3515 3839 3709 3911 ἑτέρων
3738 3840 3787 3890 ἐν

2225 3929 2389 4000 ὀλίγῳ
2422 3930 2964 4002 παραγγελλέτωσαν,
2999 3930 3141 3984 ὥστε
3172 3926 3310 3984 εἶναι
3343 3931 3595 3994 τοιαύτας
3625 3928 3787 3983 αὐτῶν

2225 4019 2325 4084 τὰς
2355 4020 2650 4092 διηγήσεις·
2694 4041 2712 4073 ι
2762 4020 2937 4094 Ὠφθη
2969 4023 2998 4074 ό
3035 4020 3166 4085 Θεὸς
3197 4020 3332 4092 τῷδε
3360 4024 3501 4077 κατά
3531 4021 3675 4075 τόνδε
3712 4021 3787 4073 τὸν

2224 4112 2415 4183 καιρὸν
2440 4112 2498 4165 έν
2524 4111 2661 4183 τῷδε
2695 4111 2772 4183 τῷ
2797 4113 2968 4185 τόπῳ,
3003 4112 3100 4166 καὶ
3133 4111 3260 4166 τάδε
3291 4111 3441 4183 αὐτῷ
3484 4112 3787 4185 πεποίηκεν*

2224 4206 2394 4271 οὕτως
2416 4208 2463 4259 εἰ
2483 4205 2632 4277 αὐτῷ
2654 4205 3069 4276 ἐπιφαινόμενος
3098 4203 3285 4275 τοιῷδε
3308 4204 3387 4275 τῷ
3420 4205 3675 4276 σχήματι,
3703 4202 3787 4255 καί

2223 4297 2632 4371 ὲχειραγώγησε
2653 4299 2733 4362 εἰς
2747 4297 2895 4352 τόνδε
2928 4297 3040 4369 (69)
3069 4298 3160 4351 τὸν
3180 4298 3365 4361 τόπον,
3388 4295 3515 4349 ἔνθα
3536 4295 3786 4365 πεποίηκε

2220 4391 2366 4445 τάδε.
2413 4390 2471 4444 ’0
2501 4390 2751 4463 δεύτερος
2770 4389 2911 4443 κατά
2934 4390 3022 4443 τὸν
3050 4390 3209 4445 αὐτὸν
3236 4393 3349 4452 τοῖς
3377 4386 3683 4461 εἰρημένοις
3707 4402 3789 4453 γε·

552 4472 837 4527 exsisteuti
886 4473 938 4527 in
983 4472 1100 4526 loco
1125 4472 1279 4527 valde
1316 4481 1526 4527 remoto
1581 4488 1611 4526 a
1643 4471 1761 4528 loco
1800 4473 2034 4543 prioris,
2065 4484 2120 4531 et

2233 4476 2434 4546 γονέναι
2475 4478 2625 4549 παρὰ
2655 4477 2733 4549 τῷ
2754 4478 2999 4550 προτέρῳ
3024 4480 3214 4550 χρόνον
3242 4478 3299 4532 έν
3329 4495 3436 4532 τινι
3459 4478 3607 4531 πόλει
3632 4478 3788 4534 ἀπαγο

550 4565 689 4619 alios
712 4565 900 4619 eodem
932 4574 1172 4632 tempore
1198 4579 1477 4619 sermones
1506 4579 1535 4618 a
1564 4565 1671 4619 Deo
1696 4564 1823 4620 huic
1849 4581 2008 4634 quem
2036 4581 2121 4623 se-

552 4656 790 4712 cundum
838 4657 1135 4723 posuimus,
1184 4656 1403 4712 habitos
1453 4656 1623 4713 fuisse
1653 4658 1819 4712 dicat.
1858 4656 2120 4714 Similiter

547 4748 619 4804 de
644 4748 807 4802 tertio
836 4758 892 4801 et
932 4758 1130 4817 quarto
1175 4749 1595 4803 existimandum
1627 4758 1728 4805 est.
1763 4750 2121 4805 Consentiam

548 4853 726 4900 autem
784 4846 859 4911 hi,
905 4853 964 4898 ut
1014 4845 1384 4916 prmdiximus,
1420 4846 1566 4899 inter
1621 4860 1681 4899 se
1733 4859 1860 4897 vera
1917 4846 1981 4898 de
2012 4846 2119 4897 Deo

547 4938 885 5001 nuntiantes,
917 4937 1089 5007 deque
1117 4937 1288 5005 ipsius
1318 4952 1446 5006 erga
1480 4938 1689 5005 aliquos
1718 4936 2026 5000 beneficiis,
2062 4939 2112 4991 iu

546 5028 868 5096 quihusdam
904 5028 1311 5082 narrationibus
1358 5044 1492 5097 quas
1541 5028 1644 5096 ipsi
1690 5028 2016 5082 renuntient.
2054 5029 2110 5081 Ei

545 5115 710 5184 igitur
738 5118 827 5186 qui
862 5119 1139 5173 existimat
1168 5119 1362 5173 borum
1405 5118 1750 5186 scriptiouem
1782 5132 1903 5172 esse
1947 5120 2119 5173 histo-

549 5206 710 5270 riam,
745 5206 828 5260 vel
864 5223 959 5276 per
987 5208 1275 5276 imaginem
1309 5207 1553 5261 historiae
1591 5206 1656 5261 ad
1716 5222 1803 5261 res
1848 5209 2111 5276 quasdam

545 5313 710 5356 veras
734 5302 1156 5367 accommodari,
1206 5301 1410 5370 quique
1446 5299 1749 5354 arbitratur
1778 5299 1945 5355 Deum
1991 5317 2111 5357 esse

648 5465 699 5500 ⁷⁰
736 5466 879 5531 Ibid.
913 5470 1016 5537 1&2;
1053 5468 1220 5523 Marc.
1258 5483 1294 5531 ι,
1328 5466 1415 5522 14.

613 5603 726 5673 (68)
770 5606 873 5670 Εἰς
927 5604 1325 5671 Ἱεροσόλυμα.
1386 5600 1477 5656 Sic
1527 5601 1693 5657 c‘odex
1752 5600 2109 5670 Bodleianus;

550 5672 749 5744 Regius
785 5675 970 5727 omisit
1003 5674 1102 5744 εἰς.

615 5739 726 5805 (ευ)
772 5747 873 5809 Εἰς
916 5742 1111 5797 τόνδε.
1147 5741 1237 5796 Sic
1271 5742 1435 5798 habet
1468 5741 1637 5796 codex
1669 5739 2024 5806 Bodlelauus;
2061 5742 2112 5796 iu

1500 5467 1541 5497 τί
1571 5464 1726 5521 Joan.
1760 5482 1839 5531 nr,
1886 5466 1979 5525 2'5.
2004 5468 2097 5523 9.4.

2172 5472 2217 5523 ’ἓ
2240 5462 2433 5521 Joann.
2479 5481 2539 5528 Il,
2580 5464 2668 5528 ιε,
2706 5463 2792 5527 l3,
2827 5478 2921 5532 seq

2224 4568 2457 4637 γελλέτω
2490 4567 2602 4640 (70)
2623 4568 2715 4623 τὸν
2746 4569 2878 4623 Θεὸν
2909 4564 3107 4639 ὦφθαι,
3139 4563 3182 4638 ᾧ
3217 4569 3312 4623 καὶ
3341 4568 3503 4634 αὐτὸς
3531 4572 3661 4632 νοεῖ,
3692 4568 3785 4619 τίνι

2222 4660 2457 4733 δευτέρῳ
2484 4661 2596 4715 ὄντι
2616 4664 2672 4715 ὲν
2698 4660 2832 4716 πολὺ
2861 4662 3329 4733 ἀπεσχοινισμένῳ
3356 4662 3507 4733 τόπῳ
3536 4661 3682 4732 παρά
3708 4659 3785 4713 τὸν

2221 4750 2385 4804 τόπον
2403 4750 2493 4804 τὸν
2511 4750 2605 4805 τοῦ
2641 4751 2931 4821 προτέρου,
2963 4752 3059 4806 καὶ
3088 4752 3307 4824 ἑτέρους
3339 4752 3530 4822 λόγους
3560 4752 3786 4821 ἀναγρα-

2223 4842 2370 4912 φέτω
2404 4842 2546 4897 κατά
2595 4843 2686 4896 τὸν
2711 4844 2872 4896 αὑτὸν
2910 4845 3102 4915 καιρὸν
3134 4844 3409 4916 εἰρῆσθαι,
3513 4843 3655 4897 κατά
3698 4841 3785 4911 τὴν

2222 4934 2477 4989 ὑπόθεσιν
2496 4935 2796 5008 εἰλήφαμεν
2825 4936 3082 5008 δευτέρῳ.
3111 4939 3192 4992 Τά
3223 4938 3279 4991 δὲ
3300 4937 3652 5010 παραπλήσια
3670 4933 3785 5005 περὶ

2220 5027 2312 5080 τοῦ
2342 5027 2524 5098 τρίτου
2548 5029 2642 5081 καὶ
2666 5027 2759 5081 τοῦ
2787 5027 3046 5099 τετάρτου
3061 5029 3297 5099 νοητέον.
3332 5029 3404 5080 Συ
3412 5026 3783 5099 μςερέσθωσαν

2219 5117 2296 5180 δὲ,
2330 5118 2846 5197 ὼςπροειρήκαμεν,
2879 5114 3022 5172 οὗτοι
3056 5118 3125 5171 τὰ
3164 5118 3336 5191 ἀληθῆ
3367 5117 3783 5187 ἀπαγγέλλοντες

2222 5212 2348 5283 περὶ
2376 5211 2470 5265 τοῦ
2503 5211 2660 5275 Θεοῦ,
2696 5214 2790 5266 καὶ
2820 5211 2927 5264 τῶν
2953 5212 3090 5282 πρός
3114 5230 3263 5275 τινας
3283 5211 3610 5284 εὐεργεσιῶν
3632 5205 3783 5264 αὑτοῦ

2221 5303 2487 5376 ἀλλήλοις,
2526 5305 2616 5358 ἐπί
2648 5322 2810 5358 τινων
2836 5305 3331 5374 ἀπαγγελλομένων
3358 5306 3451 5360 ὑπ’
3478 5303 3654 5360 αὐτῶν
3681 5300 3783 5372 διη-

3019 5462 3067 5495 ⁷³
3090 5462 3243 5517 Joan.
3277 5478 3359 5527 ιιιι,
3387 5462 3484 5520 ἥ.

2222 5604 2391 5668 Regio
2423 5602 2570 5653 deest
2598 5600 2697 5660 εἰς.

2292 5660 2402 5742 (ῖο)
2456 5666 2914 5742 Ἀπαγγελνίἐτω.
2949 5665 3042 5722 Sic
3079 5666 3245 5721 codex
3291 5663 3641 5731 Bodleianus;
3686 5660 3779 5718 Re-

2223 5740 2363 5812 gius,
2388 5740 2814 5809 ἀπαγγέλλεται.
