3816 6540
442 407 549 467 515

1883 410 2204 470 ORIGENIS

3571 408 3663 465 3H3

446 538 527 583 tes
557 526 844 597 scripsisse
871 527 1182 598 Evangelia.
1217 528 1380 586 Verbi
1416 529 1619 601 gratia:
1658 531 1856 587 Verum
1906 541 2009 596 est,

2121 533 2178 584 ὲκ
2205 529 2386 583 Δαυῖδ.
2428 527 2648 600 Ἀληθές
2681 527 2778 599 μὲν
2807 527 2918 599 γὰρ
2944 525 3026 589 τὸ,
3064 526 3285 595 γέγονεν
3315 526 3380 577 ἑκ
3401 522 3560 577 Δαυῖδ
3582 525 3667 594 (ὼς

443 620 588 689 quod
619 619 686 674 ad
716 629 919 674 textum
942 622 1153 685 attinet,
1176 622 1453 677 contraria
1483 623 1667 679 dicere
1693 624 1758 677 de
1782 624 2012 679 Domino

445 722 655 778 nostro,
705 726 898 783 nempe
948 727 1070 768 eum
1116 715 1356 784 genitum
1383 729 1449 769 ex
1481 715 1669 778 David,
1698 726 1750 770 et
1784 733 1889 770 non
1925 731 2016 785 ge-

445 803 616 858 nitum
646 818 709 856 ex
738 802 925 858 David.
965 803 1159 859 Verum
1216 806 1417 860 etenim
1463 816 1546 861 est
1585 809 1822 875 genitum
1851 808 2016 864 fuisse

449 908 517 948 ex
550 894 713 949 David
757 894 840 964 (ut
879 896 1040 950 etiam
1069 896 1358 966 Apostolus
1405 899 1681 966 inquit":
1720 918 1738 951 ι
1772 900 2016 968 genitum

449 1002 515 1042 ex
552 989 758 1045 semine
788 990 955 1045 David
986 993 1281 1047 secumlum
1320 991 1602 1063 carnem),
1644 995 1689 1047 si
1727 995 1792 1048 ad
1822 1010 2018 1064 corpus

450 1079 619 1147 ipsius
662 1079 994 1148 referamus;
1029 1083 1221 1137 falsum
1267 1094 1445 1139 autem
1479 1083 1583 1140 hoc
1621 1085 1798 1155 ipsum
1830 1096 1936 1151 est,
1974 1086 2019 1140 si

448 1171 518 1225 de
554 1173 819 1229 diviniore
880 1173 1049 1244 ipsius
1105 1176 1345 1245 potentia
1406 1176 1834 1234 intellexerimus
1893 1194 2016 1233 eum

449 1262 690 1331 genitum
729 1264 894 1320 luisse
926 1281 993 1321 ex
1027 1268 1232 1321 semine
1262 1267 1450 1322 David.
1500 1267 1817 1323 Declaratus
1857 1285 2015 1322 nam-

449 1367 555 1421 que
609 1354 777 1411 Filius
823 1358 916 1411 Dei
970 1357 1071 1412 fuit
1112 1373 1233 1412 cum
1263 1360 1503 1428 potentia
1550 1360 1616 1413 ".
1654 1360 1719 1414 Et
1770 1359 2022 1415 fortassis

447 1444 592 1501 hanc
644 1448 713 1503 ob
768 1462 986 1504 causam
1015 1459 1213 1505 sanctae
1242 1453 1537 1520 prophetia:
1574 1451 1863 1520 aliquoties
1891 1468 2016 1506 eum

446 1548 698 1606 servum,
729 1538 1012 1610 aliquoties
1051 1550 1231 1596 autem
1283 1558 1406 1599 eum
1441 1541 1638 1598 Filium
1686 1544 2019 1613 praedicant;

450 1642 671 1683 servum
702 1631 919 1701 quidem
949 1642 1171 1703 propter
1218 1636 1359 1690 servi
1399 1636 1631 1690 formam
1653 1673 1669 1699 ,
1710 1644 1763 1691 et
1793 1635 1918 1705 quia
1954 1649 2023 1689 ex

453 1717 691 1785 Davide;
740 1722 938 1778 Filium
966 1740 1096 1779 vero
1132 1725 1227 1781 Dei
1278 1737 1501 1797 propter
1527 1728 1824 1797 potentiam
1867 1742 2020 1782 suam

453 1810 904 1883 primogenitam:
935 1816 1015 1871 sic
1047 1833 1233 1873 verum
1264 1828 1346 1873 est
1372 1820 1553 1875 dicere
1590 1834 1712 1874 eum
1748 1820 2021 1875 hominem

2115 621 2209 675 καὶ
2230 622 2258 673 ὁ
2297 618 2617 682 Ἀπόστολός
2648 634 2799 689 φησι·
2838 637 2857 670 ι
2897 616 2991 670 τοῦ
3023 617 3314 687 γενομένου
3340 618 3401 669 ὲκ
3434 615 3666 684 σπέρμα-

2112 730 2202 778 τος
2224 711 2384 767 Δαυῖδ
2407 710 2547 766 κατὰ
2575 713 2750 782 σάρκα
2788 711 2856 781 ι),
2883 711 2932 763 εἰ
2963 710 3024 762 τὸ
3058 707 3366 781 σωματικὸν
3405 706 3564 759 αὐτοῦ
3589 707 3670 758 ἐκ·

2117 806 2384 877 λάὅομεψ
2408 806 2599 877 ψευδὲς
2625 805 2682 858 δὲ
2705 804 2837 858 αύτδ
2861 802 3040 867 τοῦτο,
3081 804 3130 855 εἰ
3162 802 3253 855 ἐπὶ
3278 800 3379 871 τῆς
3411 798 3670 870 θειοτέρας

2114 900 2392 970 δυνάμεως
2425 897 2692 968 ἀκούομεν
2730 896 2790 948 τὸ
2827 895 3107 964 γεγονέναι
3148 892 3308 947 αὐτὸν
3340 893 3403 944 ὲκ
3436 890 3671 960 σπέρμα-

2115 1009 2205 1055 τος
2240 990 2418 1043 Δαυῖδ·
2453 988 2659 1060 ὡρίσθη
2698 988 2807 1059 γὰρ
2844 987 2971 1050 Υἱὸς
3014 984 3148 1038 Θεοῦ
3199 986 3256 1037 ὲν
3284 983 3528 1053 δυνάμει.
3579 981 3674 1034 Καὶ

2115 1082 2254 1153 τάχα
2275 1082 2362 1136 διὰ
2384 1080 2542 1135 τοῦτο
2562 1082 2617 1133 αἱ
2647 1081 2799 1149 ἅγιαι
2835 1079 3159 1151 προφητεῖαι
3191 1076 3324 1129 ὅπου
3361 1075 3459 1145 μὲν
3487 1072 3671 1135 δοῦλον,

2116 1176 2250 1229 ὅπου
2279 1174 2336 1227 δὲ
2370 1174 2495 1227 Υίὸν
2520 1173 2681 1227 αὑτὸν
2714 1170 3126 1244 ἀναγορεύουσι·
3154 1167 3337 1222 δοῦλον
3367 1166 3466 1238 μὲν
3492 1165 3675 1236 διάτὴν

2118 1266 2305 1321 δούλου
2330 1267 2562 1338 μορφὴν,
2585 1265 2679 1319 καὶ
2718 1264 2808 1318 τὸν
2831 1266 2895 1317 ὲκ
2926 1263 3237 1335 σπέρματος
3268 1258 3451 1313 Δαυῖδ⁸
3484 1258 3607 1311 Υίὸν
3628 1258 3674 1310 δὲ

2119 1356 2252 1411 Θεοῦ
2271 1356 2412 1411 κατά
2430 1357 2541 1428 (77)
2568 1356 2665 1427 τὴν
2690 1355 3034 1427 πρωτότοκον
3051 1352 3216 1407 αὑτοῦ
3245 1351 3494 1422 δύναμινο
3526 1349 3676 1413 οὕτως

2120 1448 2281 1503 αὐτὸν
2335 1447 2532 1519 ἀληθὲς
2575 1450 2748 1501 εἰπεῖν
2780 1447 3083 1519 ἄνθρωπον,
3113 1445 3207 1499 καὶ
3254 1444 3355 1498 οὐκ
3388 1442 3677 1514 ἄνθρωπον

2121 1540 2406 1613 ἄνθρωπον
2441 1540 2581 1594 κατὰ
2624 1541 2685 1594 τὸ
2713 1540 2943 1594 θανάτου
2969 1538 3232 1591 δεκτικόν·
3262 1537 3363 1590 οὐκ
3406 1534 3676 1604 ἄνθρωπον

2121 1630 2178 1684 δὲ
2217 1629 2358 1684 κατά
2397 1631 2461 1683 τὸ
2509 1628 2795 1701 ἀνθρώπου
2830 1628 3117 1699 θειότερον.
3175 1624 3316 1695 Ἐγὼ
3343 1625 3387 1679 δ’
3414 1619 3679 1696 οἶμαικαὶ

2121 1722 2212 1776 τὸν
2256 1721 2559 1793 Μαρκίωνα
2603 1719 2713 1790 (78)
2761 1717 3232 1790 παρεκδεξάμενον
3267 1718 3445 1786 ὑγιεῖς
3487 1715 3681 1783 λόγους,

2124 1812 2418 1868 ἀθετοῦντα
2472 1811 2637 1866 αὐτοῦ
2674 1811 2773 1882 τὴν
2805 1812 2871 1865 ὲκ
2903 1810 3119 1883 Μαρίας
3144 1810 3378 1880 γένεσιν,
3436 1807 3576 1862 κατά
3601 1807 3685 1877 τὴν

456 1915 511 1959 et
545 1920 654 1959 non
685 1905 986 1961 hominem:
1022 1908 1294 1963 hominem
1326 1909 1575 1979 quidem,
1610 1919 1835 1979 propter
1891 1910 2020 1965 illud

2127 1902 2276 1958 θείαν
2298 1902 2459 1956 αὑτοῦ
2484 1902 2642 1973 φύσιν
2662 1901 3061 1971 ἀποφήνασθαι,
3082 1901 3157 1964 ὡς
3178 1899 3286 1971 ἄρα
3312 1900 3415 1953 οὐκ
3443 1896 3685 1967 ἐγεννήθη

451 1999 593 2065 quod
629 1998 818 2052 mortis
854 2008 939 2053 est
986 2014 1196 2068 capax;
1246 2011 1504 2057 caeterum
1556 2017 1662 2056 non
1718 2002 2020 2068 hominem,

451 2096 673 2158 propter
700 2088 831 2144 illud
870 2092 1016 2161 quod
1047 2092 1266 2149 homine
1290 2101 1373 2149 est
1404 2092 1658 2149 divinius.
1693 2094 1806 2166 Ego
1840 2106 2021 2151 autem

452 2178 689 2236 arbitror
725 2182 888 2237 etiam
951 2184 1280 2241 Marcionem
1322 2195 1666 2256 respuentem
1721 2187 2022 2244 doctrinam

450 2282 659 2338 sanam,
691 2280 747 2329 et
776 2273 1107 2343 rejicientem
1136 2277 1305 2345 ipsius
1326 2292 1391 2331 ex
1415 2276 1583 2332 Maria
1610 2289 1812 2344 ortum,
1851 2293 2026 2334 enun-

453 2358 619 2415 tiasse
646 2374 767 2415 eum
796 2362 950 2433 juxta
980 2366 1221 2421 divinam
1248 2376 1498 2422 naturam
1531 2369 1772 2437 genitum
1805 2386 1871 2426 ex
1905 2370 2022 2426 Ma—

453 2452 532 2506 ria
568 2469 674 2509 non
702 2453 903 2522 fuisse,
954 2464 1010 2513 et
1059 2458 1200 2514 hanc
1235 2460 1304 2515 ob
1350 2475 1568 2515 causam
1621 2476 1813 2517 ausum
1859 2462 2026 2520 fuisse

453 2541 634 2596 delere
667 2543 767 2599 hos
796 2543 944 2602 locos
970 2561 1036 2601 ex
1068 2546 1384 2618 Evangelio;
1429 2551 1517 2606 cui
1548 2550 1729 2607 simile
1763 2553 2023 2621 quiddam

454 2632 603 2701 passi
635 2632 805 2689 fuisse
839 2635 892 2689 hi
933 2635 1183 2692 videntur
1204 2639 1293 2709 qui
1320 2638 1468 2693 illius
1498 2639 1891 2697 humanitatem
1923 2643 2023 2696 tol-

452 2721 602 2790 lunt,
655 2724 827 2780 solam
876 2725 1023 2783 illius
1051 2728 1391 2784 divinitatem
1434 2732 1809 2799 admittentes,
1865 2734 2026 2806 166

449 2824 618 2885 atque
640 2816 724 2872 his
753 2812 1035 2885 contrarii,
1059 2820 1151 2889 qui
1184 2821 1525 2876 divinitatem
1552 2822 1668 2892 ejus
1708 2824 2022 2890 obliterauit,

452 2907 728 2963 hominem
773 2924 893 2965 eum
934 2911 1213 2968 hominum
1262 2914 1505 2968 omnium
1560 2915 1923 2983 juStissimum
1972 2925 2028 2972 et

2125 1995 2190 2047 ὲκ
2219 1993 2458 2065 Μαρίας,
2493 1993 2588 2047 καὶ
2625 1990 2713 2045 διὰ
2740 1991 2899 2045 τοῦτο
2925 1990 3316 2062 τετολμηκέναι
3364 1986 3688 2060 περιγράψαι

2123 2085 2345 2149 τούτους
2391 2085 2519 2147 τοὺς
2554 2082 2754 2147 τόπους
2784 2083 2893 2137 ἀπὸ
2924 2081 3017 2135 τοῦ
3043 2080 3398 2150 ΕὐαγγελίοΨ
3436 2072 3482 2147 ᾧ
3528 2094 3686 2149 παρα-

2125 2177 2351 2250 πλήσιον
2385 2175 2707 2230 πεπονθέναι
2733 2175 3012 2245 φαίνονται
3051 2175 3099 2227 οἱ
3142 2172 3499 2244 ἀναιροῦντες
3542 2166 3687 2223 αὐτοῦ

2123 2270 2223 2342 τὴν
2245 2269 2340 2325 ἀνθ
2350 2269 2657 2342 ρωπότητα,
2674 2268 2769 2323 καὶ
2789 2268 2954 2339 μόνην
2976 2266 3140 2321 αὑτοῦ
3164 2265 3263 2337 τὴν
3289 2264 3523 2336 θεότητα
3541 2278 3690 2333 παραυ

2123 2362 2426 2435 δεξάμενοι,
2474 2362 2528 2415 οῖ
2564 2378 2624 2415 τε
2669 2360 2878 2424 τούτοις
2925 2358 3177 2423 ἐναντίοι,
3217 2356 3312 2410 καὶ
3351 2357 3452 2428 τὴν
3483 2355 3690 2424 θεότητα

2126 2454 2290 2511 αὐτοῦ
2317 2453 2775 2526 περιγράψαντες,
2803 2453 2895 2506 τὸν
2915 2452 2971 2506 δὲ
2998 2451 3284 2523 ἄνθρωπον
3316 2448 3391 2511 ὡς
3417 2448 3571 2516 ἀγιον
3612 2445 3692 2497 καὶ

2125 2547 2464 2603 δικαιότατον
2497 2547 2713 2601 πάντων
2753 2543 3054 2616 ἀνθρώπων
3098 2542 3553 2614 ὁμολογήσαντες.
3598 2535 3692 2589 Καὶ

2125 2643 2175 2695 οἱ
2225 2642 2323 2713 τὴν
2375 2641 2595 2712 δόκησιν
2634 2637 2693 2691 δὲ
2736 2637 3067 2705 εἰσάγοντες,
3108 2652 3126 2685 ι
3160 2632 3251 2686 τὸν
3293 2627 3692 2684 ταπεινώσαντα

2126 2737 2289 2791 αὑτὸν
2335 2735 2495 2808 μέχρι
2537 2735 2789 2795 θανάτου,
2838 2730 2932 2785 καὶ
2961 2728 3199 2800 ὑπήκοον
3221 2724 3513 2795 γενόμενον
3551 2721 3692 2793 μέχρι

2129 2826 2364 2900 σταυροῦ
2406 2847 2424 2879 ι
2478 2826 2552 2898 μὴ
2608 2826 2921 2897 νοήσαντες,
2976 2820 3134 2891 μόνον
3177 2819 3234 2872 δὲ
3287 2817 3350 2870 τὸ
3394 2814 3603 2876 ἀπαθὲς
3643 2811 3694 2862 τὸ

2127 2922 2373 2991 κρεῖττον
2399 2918 2596 2982 παντὸς
2615 2916 2854 2971 τοιούτου
2871 2911 3273 2985 συμπτώματος
3290 2906 3691 2979 φαντασθέντες,

449 3002 860 3059 sanctissimum
893 3003 1047 3062 fassi.
1090 3006 1228 3073 Quin
1265 3007 1356 3077 qui
1417 3008 1769 3063 introducunt
1814 3010 2020 3080 opinio-

2128 3015 2451 3087 ἀποστερεῖν
2502 3013 2649 3083 ἡμᾶς
2690 3009 2753 3064 τὸ
2792 3010 2915 3062 ὅσον
2967 3006 3051 3074 ἐφ’
3099 3006 3310 3067 ἑαυτοῖς
3354 3000 3574 3054 θέλουσι
3612 2996 3691 3049 τοῦ

450 3110 575 3150 nem
606 3097 732 3166 quia
768 3112 872 3152 non
911 3097 1279 3155 intellexerint
1320 3115 1444 3155 eum
1489 3101 1579 3171 qui
1629 3120 1647 3154 ι
1681 3102 1921 3171 seipsum
1956 3106 2020 3158 ad

2128 3105 2346 3159 πάντων
2398 3102 2699 3176 ἀνθρώπων
2743 3098 3083 3155 δικαιοτάτου
3118 3094 3432 3168 ἀνθρώπου,
3463 3093 3527 3147 οὐ
3553 3091 3695 3145 δυνα-

451 3197 683 3242 mortem
711 3203 884 3259 usque
911 3188 1500 3247 humiliavitobediens
1534 3192 1714 3248 factus
1751 3209 1925 3265 usque
1956 3195 2020 3249 ad

2134 3198 2327 3269 μένους
2353 3197 2419 3250 δι’
2450 3195 2659 3250 ἐκείνου
2701 3190 2969 3257 σώζεσθαι
3006 3189 3139 3261 (79)°
3168 3188 3244 3251 ὡς
3278 3186 3388 3258 γὰρ
3425 3206 3444 3237 ι
3495 3184 3560 3290 δι’
3592 3181 3696 3245 ἐνὸς
3770 3260 3771 3263 η

451 3293 675 3333 crucem
722 3280 791 3347 ",
823 3296 843 3330 ι
883 3289 941 3335 et
967 3280 1135 3335 solam
1173 3281 1292 3352 ejus
1324 3296 1444 3337 eam
1475 3295 1683 3349 partem
1704 3325 1718 3350 ,
1747 3299 1869 3354 qua:
1904 3299 2020 3355 per-

2128 3288 2415 3359 ἀνθρώπου
2448 3288 2476 3340 ὁ
2516 3286 2764 3349 θάνατος,
2790 3283 2962 3347 οὕτως
2998 3282 3091 3337 καὶ
3116 3281 3183 3335 δι’
3215 3280 3333 3343 ἑνὸς
3358 3276 3643 3350 ἀνθρώπου
3674 3292 3690 3325 ι

456 3369 854 3424 turbationibus
875 3380 1049 3435 vacat,
1072 3385 1299 3440 quzeque
1328 3374 1578 3442 superior
1601 3384 1684 3430 est
1712 3376 1907 3446 quovis
1933 3377 2020 3432 tali

2128 3382 2162 3452 ἡ
2198 3382 2295 3452 τῆς
2338 3379 2484 3451 ζωῆς
2510 3378 2808 3440 δικαίωσις.
2857 3376 2971 3430 Οὐκ
3002 3374 3067 3428 ἂν
3098 3372 3268 3444 χωρὶς
3295 3370 3390 3425 τοῦ
3425 3369 3696 3442 ἀνθρώπου

452 3476 584 3517 casn
613 3460 1083 3532 imaginaverunt,
1140 3476 1239 3528 pro
1267 3462 1408 3518 virili
1449 3478 1547 3520 sua
1586 3480 1651 3521 en
1681 3466 1901 3524 homine
1935 3469 2020 3539 qui

2131 3468 2495 3541 χωρησάντων
2517 3467 2674 3538 ἡμῶν
2704 3466 2801 3538 τὴν
2833 3466 2941 3518 ἀπὸ
2966 3463 3060 3518 τοῦ
3091 3462 3249 3531 λόγου
3275 3460 3570 3531 ὠφέλειαν,
3610 3458 3695 3528 μέ-

456 3553 734 3609 hominum
765 3552 1007 3607 omnium
1046 3552 1467 3623 sitjustissimus
1492 3595 1508 3617 ,
1552 3557 1768 3625 privare
1799 3574 1900 3614 nos
1932 3575 2020 3614 vo-

2130 3578 2311 3624 νοντος
2338 3562 2518 3623 ὁποῖος
2549 3555 2618 3630 ἦν
2645 3558 2744 3629 τὴν
2781 3557 2956 3629 ἀρχὴν
2990 3556 3127 3628 πρὸς
3165 3554 3258 3608 τὸν
3293 3553 3520 3626 Πατέρα
3544 3550 3695 3613 θεὸν,

455 3646 595 3712 lunt,
627 3646 719 3716 qui
746 3649 851 3701 no'n
875 3659 1162 3715 possumus
1186 3660 1283 3716 per
1316 3647 1489 3715 ipsum
1520 3649 1757 3703 servari:
1795 3658 1853 3703 ut
1880 3651 2020 3706 enim

2133 3653 2228 3707 καὶ⁵
2270 3652 2344 3724 μὴ
2404 3650 2765 3714 ἀναλαϐόντος
2816 3651 2926 3721 (80)
2988 3648 3294 3720 ἄνθρωπον,
3349 3646 3443 3700 τὸν
3497 3645 3697 3698 πάντων

461 3752 483 3789 ι
518 3750 617 3807 per
646 3752 813 3791 unum
851 3736 1123 3790 hominem
1169 3750 1350 3802 mors,
1386 3756 1406 3789 ι
1454 3737 1533 3792 sic
1562 3747 1616 3792 et
1672 3756 1691 3790 ι
1732 3755 1827 3809 per
1862 3756 2020 3796 unum

2138 3742 2371 3815 πρῶτον,
2407 3741 2501 3794 καὶ
2534 3740 2750 3794 πάντων
2777 3737 3121 3811 τιμιώτερον,
3147 3737 3241 3790 καὶ
3267 3736 3489 3790 πάντων
3517 3732 3699 3805 μᾶλλον

454 3827 730 3885 hominem
770 3847 790 3881 ι
820 3828 944 3884 vita:
964 3826 1285 3897 justitlcatio
1315 3828 1382 3886 ⁷⁸.
1429 3828 1617 3900 Neque
1642 3832 1787 3886 enim
1820 3834 2020 3888 utilita-

2136 3832 2515 3905 καθαρώτερον
2546 3832 2706 3884 αὐτὸν
2749 3830 2998 3902 χωρῆσαι
3032 3829 3347 3900 δυνάμενον·
3388 3827 3511 3899 μεθ’
3538 3826 3595 3879 δν
3620 3824 3700 3878 καὶ

454 3929 566 3977 tem
595 3921 1031 3993 percepissemus
1060 3935 1125 3976 ex
1146 3919 1282 3975 Filio
1302 3920 1417 3985 Dei,
1442 3922 1510 3986 si,
1540 3932 1754 3979 remoto
1780 3924 2020 3994 homine,

2134 3927 2294 3998 ἡμεῖς
2313 3923 2566 3992 δέξασθαι
2589 3918 2691 3977 οἶοί
2717 3941 2775 3977 τε
2801 3924 2962 3978 αὑτὸν
2993 3922 3249 3994 ἐσόμεθα,
3269 3922 3504 3985 ἕκαστος
3532 3916 3700 3974 τοσοῦ-

455 4014 580 4071 talis
626 4023 767 4070 esset
818 4012 994 4084 qualis
1035 4020 1156 4067 erat
1208 4011 1263 4067 in
1311 4012 1578 4082 principio
1621 4016 1760 4083 apud
1808 4014 2020 4071 Patrem

2136 4035 2225 4093 τον
2251 4017 2345 4071 καὶ
2362 4017 2621 4077 τοιοῦτον,
2655 4018 2835 4079 ὁποῖος
2858 4011 2945 4086 ῆν,
2978 4014 3127 4085 αὐτῷ
3156 4012 3411 4084 ποιοῦμεν
3434 4013 3532 4067 καὶ
3559 4010 3699 4081 πηλί-

454 4108 654 4172 Deum,
691 4122 865 4174 neque
900 4107 1174 4160 hominem
1202 4105 1622 4175 assumpsisset,
1652 4106 1743 4175 qui
1782 4108 2020 4163 omnium

2128 4126 2230 4186 κην
2259 4111 2440 4184 χώραν
2472 4112 2582 4183 (81)
2612 4113 2669 4165 ὲν
2695 4113 2760 4183 τῇ
2791 4110 2934 4181 ψυχῇ
2964 4109 3139 4181 ἡμῶν.
3169 4108 3353 4162 Ταῦτα
3382 4107 3441 4160 δέ
3480 4124 3570 4179 μοι
3597 4104 3695 4175 (89.)

453 4199 664 4269 primus
700 4206 753 4250 et
780 4196 1033 4251 omnibus
1058 4196 1451 4263 honorabilior,
1487 4210 1550 4251 ac
1590 4195 1745 4266 longe
1774 4199 2020 4255 omnibus

2126 4206 2304 4260 πάντα
2318 4206 2527 4278 είρηται
2551 4204 2652 4275 τῆς
2674 4203 3076 4275 ἐμφαινομένης
3091 4202 3383 4271 διαφωνίας
3404 4202 3520 4256 τῶν
3536 4199 3698 4266 Εὐαγ-

446 4288 649 4359 purior
677 4287 883 4343 valeret
910 4287 1083 4357 ipsum
1115 4302 1343 4358 capere;
1382 4295 1504 4358 post
1529 4302 1689 4358 quem
1726 4290 2020 4359 poterimus

2127 4296 2325 4365 γελίων
2356 4296 2705 4369 παραστῆσαι
2739 4295 2944 4350 θέλοντι
2969 4294 3073 4367 ὀδῷ
3098 4294 3198 4366 τῆς
3221 4292 3599 4366 πνευματικῆς
3621 4293 3698 4344 ὲκ·

455 4380 829 4447 unusquisque
857 4388 1103 4435 nostrum
1138 4389 1343 4435 tantum
1372 4394 1436 4435 ac
1453 4379 1636 4445 talem,
1667 4380 1847 4451 qualis
1876 4391 2021 4448 erat,
2128 4389 2313 4463 δοχῆς,

455 4474 634 4544 ipsum
701 4487 942 4541 capere,
1018 4472 1064 4528 si
1137 4472 1316 4528 locum
1371 4473 1731 4544 magnitudini
1787 4475 1906 4545 ejus
1965 4485 2376 4539 convenientem
2427 4485 2479 4539 in
2543 4484 2722 4539 anima
2781 4491 2966 4539 nostra
3012 4480 3527 4553 prmparaverimns.
3579 4473 3691 4530 Haec

456 4579 639 4624 autem
684 4570 865 4624 omnia
909 4569 1042 4624 mihi
1093 4569 1238 4625 dicta
1285 4580 1412 4626 sunt
1462 4570 1747 4628 declarare
1792 4573 2042 4644 volenti,
2079 4578 2166 4634 via
2190 4581 2490 4652 spiritualis
2522 4579 2917 4652 intelligentiae,
2979 4588 3331 4651 apparentem
3383 4570 3693 4645 Evangelia-

456 4677 578 4718 rum
606 4661 1018 4717 dissonantiam.

525 4756 579 4813 5.
620 4758 675 4811 In
731 4756 980 4811 eumdem
1028 4763 1205 4813 autem
1253 4756 1429 4812 locum
1487 4757 1795 4827 huiusmodi
1860 4761 2020 4817 etiam

2204 4763 2257 4818 5.
2288 4764 2384 4827 Εἰς
2402 4762 2458 4817 δὲ
2483 4763 2573 4818 τδν
2602 4764 2765 4818 αὑτὸν
2791 4762 2953 4817 τόπον
2976 4760 3070 4817 καὶ
3086 4758 3313 4830 τοιούτῳ
3337 4752 3699 4829 παραδείγμα-

452 4849 704 4921 exemplo
739 4850 997 4904 utendum
1031 4857 1133 4914 est,
1167 4849 1375 4904 scilicet
1399 4848 1625 4904 Paulum
1664 4852 1941 4909 carnalem
1973 4870 2020 4911 se

2137 4873 2188 4910 τι
2231 4856 2517 4929 χρηστέον,
2558 4858 2642 4910 ὃτι
2674 4856 2884 4921 Παῦλος
2909 4858 2938 4910 ὀ
2971 4854 3069 4927 μὲν
3105 4851 3364 4925 σαρκικδς
3396 4843 3698 4920 πεπρᾶσθαι

457 4958 579 4999 esse
605 4944 883 5000 venditum
912 4942 1013 4998 sub
1036 4950 1259 5014 peccato
1285 4942 1466 4998 dicere
1493 4943 1563 5008 ",
1596 4958 1697 4999 nec
1730 4944 2020 5016 quidquam

2136 4947 2282 5017 λέγει
2309 4947 2414 5001 ὑπὸ
2430 4949 2527 5020 τὴν
2564 4948 2859 5020 ἁμαρτίαν,
2882 4948 2978 5001 καὶ
3006 4945 3157 5001 οὐδὲν
3186 4939 3503 5014 ἀνακρίνειν
3521 4931 3628 4999 οἷός
3646 4950 3697 4986 τε

524 5064 573 5098 ⁷⁸
613 5064 772 5119 Rom.
804 5078 842 5128 I,
877 5063 931 5119 3.
1007 5063 1055 5095 τ’
1082 5061 1215 5117 Ibid.
1252 5061 1305 5117 4.
1381 5063 1427 5095 ⁷⁷
1453 5061 1687 5134 Philipp.
1723 5079 1786 5132 ιι,
1815 5063 1869 5119 8.
1942 5060 1987 5099 ⁷³
2018 5071 2020 5122 j

2121 5084 2200 5124 or.
2250 5084 2342 5134 xv,
2382 5067 2473 5122 2|.
2544 5067 2591 5099 "
2620 5065 2779 5122 Rom.
2803 5063 3010 5131 vtt,M,
3044 5062 3128 5118 15.

522 5178 641 5253 (7'?)
669 5177 776 5233 Καὶ
800 5178 909 5253 τὸν
932 5178 1002 5253 ἐκ
1028 5176 1370 5253 ᾳᾳτέρμαςος
1383 5177 1596 5253 ᾉιιυΐδ⁸
1629 5178 1767 5253 Υὶόν
1782 5177 1855 5253 δὲ
1872 5181 2020 5253 θεοῦ

2135 5199 2284 5248 vero,
2322 5184 2383 5237 οὐ
2413 5182 2712 5253 δυναμένου
2744 5182 2810 5235 δι’
2852 5178 3047 5253 ἑαυεοῦ
3085 5174 3388 5253 σῴζεσθαι,
3434 5188 3596 5246 quam
3627 5171 3695 5227 le-

455 5246 631 5315 κατά,
655 5261 766 5305 etc.
788 5248 874 5320 ita
901 5250 1022 5302 cod.
1050 5246 1198 5302 Bodl.
1220 5266 1244 5320 ξ
1265 5248 1465 5320 Regius
1496 5264 1592 5320 pro
1626 5249 1723 5303 καὶ
1749 5249 1839 5303 τόν
1870 5252 2031 5306 habet
2136 5246 2371 5309 ctionem
2405 5246 2803 5307 male'secutns
2826 5262 2910 5305 est
2939 5249 3244 5320 Ferrarius.

454 5312 661 5395 «quiet
690 5319 1085 5395 Dlitiﬁil-YOCPIII
1114 5318 1271 5395 Θεού.
1332 5312 1375 5395 ’⁷
1425 5312 1509 5395 μ’
1600 5388 1612 5395 _
1930 5391 1966 5395 __

2203 5324 2319 5395 (80)
2371 5323 2818 5395 ᾉναλαὸόντος.
2857 5321 3157 5395 §ic__codex
3204 5315 3557 5381 Bodleianus;
3603 5312 3696 5366 Re-

526 5389 642 5463 (78)
871 5388 923 5465 δ’
960 5385 1119 5465 οἶμαι
1154 5389 1253 5443 καὶ
1284 5387 1753 5465 τρνμΜαρκΙωνα,
1782 5398 1887 5465 etc.
1929 5391 2020 5465 ve-

2134 5385 2256 5465 gius
2287 5385 2342 5447 et
2386 5393 2739 5465 Barherinus,
2766 5385 3122 5465 ἀναλαβόντα.

458 5454 645 5535 sanam
676 5454 835 5535 hanc
884 5454 1213 5535 de.Chri_sto
1262 5454 1568 5535 opinionem
1618 5475 1682 5535 ex
1730 5461 2020 5535 inquinatis

2134 5454 2164 5535 θ’
2204 5465 2317 5535 (δι)
2357 5464 2527 5528 Αὑτῷ
2564 5462 2859 5535 arctoum
2880 5463 2978 5515 καὶ
3005 5461 3271 5535 πηλίκην·
3297 5456 3517 5535 χώραν.
3547 5454 3696 5511 Forte

456 5530 919 5605 Cerduniauorum
963 5527 1168 5582 lacunis
1197 5526 1451 5605 hauserat
1498 5530 1719 5605 Marcio.
1751 5526 1881 5605 Vide
1907 5546 2020 5605 quge

2134 5526 2418 5605 legendum
2449 5526 2506 5605 εί
2529 5533 2679 5605 αὐτῷ
2709 5526 2969 5605 ποιούμεν
3001 5526 3362 5605 καὶλτηλίκῆν
3396 5526 3598 5605 χῴραν.

457 5549 919 5589 ueruttntauurutn
963 5549 1168 5582 ιιιιξυιιιδ
1197 5549 1451 5583 unuserat
1498 5549 1719 5583 MJI'CIO.
1755 5549 1881 5583 Vllle
1907 5549 2027 5600 qua:
2134 5549 2418 5605 tegendum
2449 5549 2498 5587 ει
2529 5549 2679 5589 αυτω
2709 5550 2862 5586 ποιου
2940 5549 2969 5585 ν
3001 5549 3097 5584 και
3132 5549 3362 5601 τηλικην
3396 5549 3598 5599 χωραν.
3625 5595 3635 5605 ι

457 5604 526 5656 de
553 5598 871 5677 eo‘et_e_ju.s
909 5614 1080 5677 opera
1105 5600 1376 5667 corruptis
1419 5599 1720 5677 Scripturge
1762 5601 1895 5655 locis
1927 5601 2030 5656 ad-
2144 5675 2171 5677 _
2216 5606 2327 5676 (89.)
2373 5603 2565 5677 Ταῦτα
2596 5588 2665 5677 δέ
2688 5622 2809 5673 μοι.
2844 5549 2968 5656 diﬁc
3011 5602 3494 5677 desiderantnriu
3523 5597 3697 5677 codice

458 5670 670 5745 notavit
696 5668 1555 5745 Epiphaniusharres.qucap.’
1579 5671 1640 5736 i;
1679 5672 1871 5727 haeres.
1898 5686 2033 5739 xw,
2141 5668 2334 5745 Regio,
2367 5676 2462 5730 sed
2496 5668 2876 5745 restituuntur
2915 5687 2945 5745 e
2978 5672 3259 5745 codicibus
3312 5668 3608 5745 Bodleiano
3643 5670 3694 5719 et

455 5743 664 5814 cap._8,
690 5737 861 5814 9,:ii.
890 5749 944 5794 et
977 5738 1100 5814 alibi
1133 5740 1355 5814 passim.
1390 5740 1678 5814 liusrtus._
1701 5810 1730 5814 __
1948 5811 1994 5814 λ-

2141 5737 2456 5800 Banerino.
2495 5742 2613 5800 Mox
2647 5760 2746 5814 pro
2776 5743 2876 5814 τῆς
2910 5740 3315 5813 ἐμφαινομένης
3361 5737 3693 5797 scribendum

525 5811 636 5882 (79)
684 5813 766 5865 Οὐ
792 5808 1281 5887 Δδυναγιιέννουςδι’
1324 5808 1558 5887 ἐκεζγοο
1602 5810 1911 5887 σώζεσρᾳι.
1943 5811 2020 5866 Sit

2140 5817 2355 5872 videtur
2382 5815 2480 5879 τὰς
2517 5808 2940 5887 ἐμφαινομένας.

460 5880 659 5938 trahent
706 5883 921 5938 codices
975 5880 1302 5936 Barherinns
1346 5890 1397 5933 ct
1429 5880 1662 5951 Regius;
1713 5881 2032 5938 llodleianus
