3816 6528
198 424 303 478 517

1294 435 1657 493 COMMENT.'
1686 438 1751 493 ΙΝ
1783 439 1974 496 ιοΑΝ.
2019 443 2255 501 TOMUS
2292 445 2360 502 X.

3342 442 3449 502 518

191 540 261 622 ἦν
312 547 446 620 (8⁸5)·
484 550 515 604 ὁ
560 550 617 605 δὲ
645 553 1011 625 πνευματικὸς
1055 554 1372 628 ἀνακρίνειν
1420 561 1616 625 πάντα,
1679 563 1766 615 και

1878 564 2182 635 dijudicare
2234 583 2426 637 posse;
2489 568 2825 639 spiritualem
2878 580 3009 623 vero
3068 561 3247 621 omnia
3305 566 3448 634 diiu-

194 643 283 697 ὕπ’
302 643 518 709 οὐδενὸς
545 645 950 717 ἀνακρίνεσθαι.
983 647 1093 702 Καὶ
1114 649 1209 703 τοῦ
1243 650 1342 721 μὲν
1368 653 1632 723 σαρκικοῦ
1666 658 1773 709 εἱσι

195 735 384 805 φωναί·
422 753 441 787 ι
476 737 553 789 Οὐ
583 737 692 812 γὰρ
712 737 741 791 ὂ
760 738 919 805 θέλω,
949 740 1107 795 τοῦτο
1137 744 1386 814 πράσσω,
1409 743 1523 797 ἀλλ’
1544 745 1572 799 ὂ
1607 747 1770 818 μισῶ,

190 828 347 883 τοῦτο
376 828 534 881 ποιεῖν
567 847 587 880 ι
616 828 711 883 τοῦ
738 830 794 884 δὲ
829 833 1227 903 πνευματικοῦ⁶
1258 837 1323 889 '0
1352 836 1489 890 θέλω
1522 839 1771 910 πράσσω,

191 923 285 977 καὶ
304 922 335 976 δ
371 923 517 997 μισῶ
541 924 602 977 οὐ
628 924 785 981 ποιεῖ).
815 925 976 980 Ἀλλά
995 928 1089 981 καὶ
1114 930 1143 981 ὁ
1170 929 1439 1001 ἁρπαγεὶς
1466 929 1570 995 ἕως
1588 932 1770 1003 τρίτου

190 1019 443 1091 οὐρανοῦ,
481 1018 574 1073 καὶ
608 1019 845 1084 ἀκούσας
872 1021 1085 1093 ἄρρητα
1114 1023 1353 1094 ῥήματα,
1372 1023 1557 1096 ἕτερος
1572 1020 1640 1097 ἦν
1665 1043 1771 1079 πα-

195 1112 260 1184 ρὰ
306 1111 401 1165 τὸν
445 1112 689 1181 λέγοντα’
728 1130 747 1164 ι
792 1113 926 1184 Περὶ
976 1112 1071 1166 τοῦ
1123 1113 1364 1167 τοιούτου
1399 1118 1767 1189 καυχήσομαι,

191 1199 329 1272 ὑπὲρ
356 1200 418 1254 δὲ
463 1200 706 1272 ἐμαυτοῦ
749 1202 809 1255 οὐ
843 1205 1206 1277 καυχήσομαι.
1260 1224 1278 1257 ι
1317 1206 1381 1260 Εἰ
1420 1206 1476 1259 δὲ
1522 1208 1615 1260 καὶ
1658 1211 1771 1273 τοῖς

200 1293 472 1357 Ἰουδαίοις
496 1293 573 1357 ὡς
618 1295 870 1361 Ἰουδαῖος
904 1297 1132 1365 γίνεται,
1175 1299 1263 1352 ἵνα
1310 1299 1599 1365 Ἰουδαίους
1632 1319 1765 1375 κερ-

187 1382 343 1456 δήσῃ·
376 1385 616 1448 καὶτοῖς
654 1383 761 1438 ὑπὸ
802 1386 985 1458 νόμον,
1028 1387 1104 1452 ὠς
1142 1388 1248 1441 ὑπὸ
1294 1388 1477 1461 νόμον,
1508 1391 1596 1445 ἵνα
1638 1393 1765 1457 τοὺς

187 1472 291 1527 ὑπὸ
312 1473 479 1545 νόμον
500 1474 742 1547 κερδήσῃ
775 1475 908 1548 (84)·
941 1479 1054 1542 τοῖς
1079 1496 1139 1533 τε
1173 1479 1418 1550 ἀνόμοις,
1443 1482 1519 1547 ὠς
1542 1483 1762 1555 ἄνομος,

191 1567 260 1637 μὴ
293 1565 372 1619 ὣν
419 1567 619 1638 ἄνομος
649 1567 808 1635 Θεοῦ,
839 1568 953 1623 ἀλλ’
983 1568 1206 1641 ἔννομος
1234 1572 1491 1642 Χριστοῦ,
1526 1574 1613 1628 ἵνα
1638 1592 1764 1648 κερ-

188 1657 321 1732 δήσῃ
352 1659 765 1732 τοὺς’ἀνόμους·
805 1662 897 1715 καὶ
924 1663 1039 1727 τοῖς
1071 1662 1353 1720 ἀσθενέσιν
1382 1666 1637 1739 ἀσθενὴς,
1676 1668 1763 1723 ἵνα

185 1754 307 1815 τοὺς
337 1752 587 1817 ἀσθενεῖς
624 1753 883 1829 κερδήσῃ,
918 1754 1096 1827 δῆλον,
1138 1758 1221 1812 ὅτι
1255 1758 1567 1824 ἐξεταστέον
1595 1762 1760 1817 αὑτοῦ

185 1844 304 1907 τοὺς
325 1843 541 1913 λόγους,
566 1843 671 1915 ἰδίᾳ
696 1844 795 1917 μὲν
816 1848 938 1913 τοὺς
977 1848 1279 1916 Ἰουδαίους,
1304 1852 1477 1924 ίδίᾳδὲ
1498 1852 1586 1906 ὅτε
1614 1854 1760 1909 ἐστὶν

1882 656 2067 710 dicare
2111 673 2307 726 posse,
2337 667 2392 712 et
2442 672 2472 710 a
2514 658 2731 713 nemine
2777 656 3009 726 iudicari
3039 656 3107 711 ”.
3145 656 3212 711 Et
3253 672 3450 712 carna-

1844 757 1851 764 '
1881 746 1949 801 lis
1972 749 2187 815 quidem
2218 749 2300 803 hae
2324 760 2451 805 sunt
2477 765 2672 806 voces:
2730 767 2749 802 ι
2786 749 2901 803 Νοιι
2939 749 3084 804 enim
3125 749 3267 819 quod
3300 748 3445 813 volo,

1883 835 1985 892 hoc
2017 837 2179 905 facio,
2214 839 2308 893 sed
2336 840 2482 907 quod
2509 840 2631 905 odi,
2666 838 2768 894 hoc
2810 838 2953 894 facio
2976 839 3057 905 3‘;
3097 858 3116 892 ι
3154 839 3452 911 spiritualis

1876 943 2042 983 vero:
2076 929 2229 995 Quod
2264 929 2408 995 volo,
2437 930 2538 985 hoc
2568 930 2731 994 facio,
2756 937 2810 983 et
2833 931 2975 999 quod
3006 930 3116 995 odi,
3152 946 3257 985 non
3286 928 3447 986 facio.

1878 1019 2018 1086 Quin
2073 1021 2233 1075 etiam
2281 1022 2373 1090 qui
2424 1032 2608 1092 raptus
2664 1021 2954 1090 fuitusque
2977 1022 3043 1076 ad
3082 1022 3301 1077 tertimu
3330 1038 3444 1077 caa-

1878 1112 2011 1182 lum,
2040 1123 2093 1169 et
2127 1115 2332 1170 audivit
2358 1130 2559 1172 arcana
2590 1116 2753 1171 verba
2767 1116 2837 1185 ⁸²,
2874 1116 3121 1171 diversus
3147 1123 3265 1169 erat
3285 1116 3354 1170 ab
3379 1130 3446 1171 eo

1876 1207 1968 1278 qui
2005 1207 2257 1263 dicebat:
2299 1226 2318 1259 ι
2356 1207 2460 1263 Pro
2488 1211 2591 1263 hac
2644 1224 2703 1264 re
2732 1208 3043 1280 gloriabor,
3086 1222 3184 1277 pro
3219 1222 3304 1261 me
3333 1205 3452 1276 ipso

1874 1309 2055 1355 autem
2090 1315 2195 1354 non
2228 1300 2499 1370 gloriabor
2515 1301 2583 1356 ⁸³.
2610 1321 2629 1355 ι
2653 1301 2748 1356 Sin
2787 1316 2915 1356 vero
2945 1301 3107 1355 etiam
3131 1298 3333 1355 Judaeis
3380 1301 3453 1356 sit

1871 1393 2030 1463 quasi
2058 1391 2295 1458 Judaeus,
2326 1403 2381 1446 ut
2408 1391 2621 1448 Iudaeos
2649 1392 2988 1459 lucrifaciat;
3019 1402 3075 1447 et
3109 1392 3192 1447 his
3225 1392 3314 1460 qui
3350 1392 3451 1447 sub

1873 1484 1992 1554 lege
2016 1494 2199 1547 erant,
2242 1496 2497 1556 tauquam
2528 1486 2629 1541 sub
2661 1486 2779 1555 lege
2809 1495 2976 1550 esset,
3012 1496 3069 1539 ut
3094 1499 3191 1539 eos
3213 1485 3305 1554 qui
3349 1485 3451 1538 sub

1870 1576 1991 1645 lege
2042 1587 2223 1643 erant,
2285 1576 2735 1641 lucrifaceret”;
2795 1585 2849 1630 et
2900 1576 2986 1631 his
3035 1576 3126 1645 qui
3172 1575 3294 1628 sine
3332 1572 3451 1642 lege

1868 1680 2048 1736 erant,
2078 1680 2334 1741 tanquam
2367 1678 2511 1725 esset
2538 1671 2656 1724 sine
2685 1669 2834 1739 lege,
2862 1683 2983 1723 cum
3021 1682 3125 1721 non
3167 1675 3312 1722 esset
3333 1665 3453 1719 sine

1867 1763 1990 1833 lege
2017 1763 2130 1816 Deo
2151 1802 2166 1827 ,
2197 1762 2294 1816 sed
2318 1760 2587 1816 obnoxius
2632 1759 2735 1829 legi
2763 1758 2987 1823 Christi,
3022 1766 3082 1811 ut
3108 1755 3456 1810 lucrifaceret

1867 1855 2118 1925 exleges;
2153 1864 2208 1910 et
2234 1852 2467 1907 infirmis
2493 1850 2765 1916 infirmus,
2796 1858 2856 1903 ut
2886 1849 3131 1902 infirmos
3162 1845 3451 1901 lucriface-

184 1934 259 1997 t'u;
282 1933 388 1990 ὑπὸ
415 1935 603 2005 νόμον,
621 1934 717 1989 καὶ
732 1934 917 1990 ἄλλοτε
937 1938 1025 1991 ὅτε
1041 1940 1189 1993 ἐστὶν
1214 1940 1290 2004 ὡς
1310 1942 1531 2013 ἄνομος,
1548 1940 1657 1997 ἐσθ’
1673 1944 1762 1998 ὅτε

1876 1958 1974 2013 ret,
2012 1947 2358 2016 perspicuum
2387 1952 2469 2000 est
2505 1941 2866 2013 inquirendas
2890 1954 3011 1995 esse
3044 1938 3336 2008 diligenter
3362 1948 3453 1990 ra-

185 2026 236 2080 δὲ
251 2027 339 2080 ὅτε
358 2025 569 2096 γίνεται
589 2026 840 2100 ἀσθενής.
859 2022 984 2084 Οίον
1010 2029 1047 2084 ἀ
1067 2029 1217 2099 λέγει
1243 2031 1387 2086 κατά
1411 2033 1761 2107 συγγνώμην,

185 2118 242 2172 οὔ
271 2120 393 2171 κατ’
419 2119 711 2192 ἐπιταγὴν,
739 2119 970 2193 ἀσθενὴς
983 2118 1059 2174 ὢν
1074 2120 1241 2190 λέγει·
1266 2141 1283 2173 ι
1309 2123 1404 2187 Τίς
1418 2126 1548 2198 γὰρ,
1577 2127 1765 2199 φησὶν,

186 2210 419 2275 ἀσθενεῖ,
442 2212 539 2265 καὶ
560 2211 661 2265 οὐκ
690 2211 930 2280 ἀσθενῶς
958 2214 1118 2268 »Ὅτε
1140 2213 1197 2267 δὲ
1223 2212 1281 2279 ξύ
1292 2231 1462 2286 ρεται,
1494 2219 1585 2271 καὶ
1602 2236 1771 2291 προσ-

187 2301 354 2376 φοράν
397 2302 721 2376 προσφέρει,
763 2302 796 2374 ἢ
827 2304 919 2358 τὸν
956 2304 1221 2376 Τιμόθεον
1259 2308 1597 2380 περιτέμνει,
1636 2312 1768 2364 Ἰου-

184 2395 325 2458 δαῖος
383 2394 628 2464 γίνεται·
682 2397 773 2449 ὅτε
820 2395 877 2450 δὲ
929 2395 1230 2468 Ἀθηναίοις
1279 2399 1471 2470 φησίν·
1513 2420 1531 2451 ι
1594 2396 1767 2474 Εὗρον

187 2485 404 2557 βωμὸν,
453 2487 516 2540 ἐν
570 2478 617 2556 ᾧ
666 2486 1005 2562 ἐγέγραπτο,
1053 2488 1341 2561 Ἀγνὼστῳ
1382 2490 1536 2563 Θεῷ’
1590 2492 1619 2546 ὃ
1675 2490 1769 2548 οὖν

186 2579 507 2648 ἀγνοοῦντες
530 2579 822 2646 εὐσεϐεῖτε,
852 2580 1010 2635 τοῦτο
1033 2580 1143 2651 ἐγὼ
1174 2584 1528 2654 καταγγέλλω
1556 2586 1711 2657 ὑμῖνο
1747 2605 1765 2640 ι

186 2673 274 2726 καὶ
298 2672 397 2726 τό·
441 2691 461 2724 ι
502 2673 591 2737 Ὧς
634 2673 729 2728 καί
762 2690 908 2740 τινες
938 2675 1048 2730 τῶν
1077 2676 1201 2732 καθ’
1241 2677 1390 2748 ὑμᾶς
1419 2678 1665 2749 ποιητῶν
1695 2681 1772 2733 εἰ-

189 2764 418 2834 ρήκασιο
468 2763 575 2817 Τοῦ
618 2763 728 2837 γὰρ
775 2766 868 2819 καὶ
899 2766 1054 2836 γένος
1097 2767 1288 2839 ἐσμὲν,
1339 2788 1357 2820 ι
1408 2772 1520 2833 τοῖς
1549 2770 1774 2841 ἀνόμοις

185 2853 258 2916 ὡς
285 2853 487 2924 ἄνομος
524 2853 767 2924 γίνεται,
809 2856 1094 2911 εὐσέϐειαν
1145 2857 1438 2929 μαρτυρῶν
1484 2862 1597 2923 τοῖς
1641 2860 1773 2913 ἀσε-

188 2946 491 3012 ϐεστάτοις,
528 2948 625 3003 καὶ
650 2948 729 3020 τῷ
773 2950 1012 3004 είπόντι’
1055 2969 1074 3002 ι
1115 2951 1210 3004 Ἐκ
1249 2952 1370 3015 Διὸς
1401 2950 1769 3023 ἀρχώμεσθα·

188 3038 276 3092 τοῦ
306 3039 418 3112 γὰρ
447 3040 544 3095 καὶ
587 3040 743 3110 γένος
771 3042 957 3113 ἐσμὲν,
999 3060 1017 3095 ι
1052 3043 1542 3115 καταχρησάμενος
1577 3045 1714 3115 πρὸς
1745 3045 1773 3098 ὃ

192 3130 455 3187 ἐϐούλετο.
483 3133 638 3205 Τάχα
669 3133 713 3187 δ’
748 3133 861 3187 ἔσθ’
900 3134 1035 3189 ὅπου
1062 3138 1177 3200 τοῖς
1215 3135 1290 3208 μὴ
1332 3134 1627 3202 Ἰουδαίοις,
1665 3137 1773 3191 ὑπὸ

189 3224 345 3294 νόμον
376 3226 456 3290 δὲ,
494 3226 599 3281 ὑπὸ
624 3225 787 3298 νόμον
816 3226 1047 3297 γίνεται.

1876 2040 2054 2095 tiones
2123 2037 2281 2107 hujus
2350 2036 2465 2102 rei,
2546 2036 2707 2104 idque
2779 2032 3029 2103 privatim
3096 2030 3150 2084 in
3227 2026 3454 2097 singulis

1868 2133 1983 2188 sive
2044 2146 2169 2186 cum
2222 2128 2462 2187 efficitur
2522 2138 2778 2197 tanquam
2847 2123 3097 2186 Judaaus,
3155 2120 3270 2175 sive
3329 2134 3453 2175 cum

1872 2235 2135 2293 tanquam
2167 2223 2269 2278 suh
2316 2221 2455 2291 lege,
2516 2221 2632 2275 sive
2671 2232 2794 2272 cum
2821 2226 2899 2271 est
2943 2212 3097 2285 quasi
3149 2212 3269 2268 sine
3309 2210 3449 2281 lege,

1870 2316 1986 2371 sive
2056 2315 2327 2370 interdum
2388 2314 2557 2368 etiam
2634 2310 2871 2365 eftlcitur
2952 2308 3220 2363 infirmus.
3288 2301 3451 2359 Verbi

1872 2409 2073 2479 gratia,
2102 2407 2189 2461 illa
2215 2421 2336 2476 qua:
2360 2404 2493 2461 dicit
2557 2412 2779 2474 propter
2824 2400 3037 2456 veniam
3089 2414 3194 2454 non
3234 2406 3455 2467 propter

1876 2502 2035 2574 167
2070 2500 2359 2570 imperium
2390 2499 2460 2564 ⁸⁸,
2491 2502 2751 2567 tanquam
2772 2494 3038 2550 infirmus
3064 2492 3334 2547 exsistens
3366 2490 3450 2544 di-

1873 2595 1948 2648 cit
1975 2610 1988 2647 :
2021 2608 2040 2643 ι
2074 2589 2206 2656 Quis
2226 2589 2396 2653 enim,
2437 2587 2637 2656 inquit,
2670 2583 2998 2648 inﬁrmatur,
3026 2589 3081 2637 et
3106 2595 3204 2650 ego
3235 2594 3339 2633 non
3371 2578 3455 2633 in-

1877 2685 2065 2739 firmor
2092 2682 2173 2737 "7
2211 2700 2229 2733 ι
2263 2679 2398 2736 Cum
2448 2689 2628 2734 autem
2678 2676 2955 2738 tondetur,
3010 2681 3067 2728 et
3122 2672 3473 2753 oblationemﬁ

1874 2773 2054 2838 offert,
2097 2774 2181 2829 vel
2224 2771 2569 2826 Timotheum
2615 2765 2986 2829 circumcidit,
3035 2764 3095 2818 flt
3144 2761 3363 2817 Judacus
3382 2759 3452 2814 ⁸⁷.

1882 2863 2112 2932 Quando
2138 2871 2317 2916 autem
2346 2858 2771 2915 Atheniensibus
2795 2855 2970 2924 inquit
2997 2869 3011 2907 :
3041 2870 3059 2904 ι
3093 2852 3273 2906 Inveni
3305 2863 3454 2904 aram

1878 2956 1931 3010 in
1964 2969 2070 3024 qua
2099 2953 2356 3022 scriptum
2381 2960 2536 3007 erat:
2564 2948 2748 3020 Ignoto
2794 2947 2924 3001 Deo.
2965 2944 3120 3012 Quod
3144 2957 3275 3012 ergo
3302 2943 3457 3009 igno-

1878 3051 2063 3097 rantes
2086 3039 2288 3103 colitis,
2311 3039 2416 3094 hoc
2430 3052 2531 3108 ego
2550 3037 2706 3091 vobis
2721 3035 2983 3089 annuntio
2996 3034 3080 3099 ⁸⁸ς
3114 3052 3133 3085 ι
3177 3040 3233 3086 et
3283 3028 3454 3086 illud:

1893 3148 1911 3182 ι
1940 3132 2095 3189 Sicut
2117 3140 2172 3185 et
2204 3129 2426 3200 quidam
2482 3127 2805 3182 vestratium
2836 3132 3114 3195 poetarum
3146 3122 3402 3177 dixerunt
3435 3134 3454 3175 ι

1878 3222 2050 3294 Hujus
2070 3223 2216 3278 enim
2250 3230 2304 3277 et
2335 3234 2507 3291 genus
2535 3234 2727 3274 sumus
2748 3217 2796 3248 "
2816 3256 2833 3282 ,
2887 3234 2904 3269 ι
2945 3215 3031 3271 his
3068 3213 3159 3284 qui
3192 3213 3310 3269 sine
3337 3211 3458 3284 lege

190 3325 360 3384 erant,
394 3319 459 3374 fit
493 3328 749 3387 tauquam
786 3319 903 3373 sine
942 3318 1078 3389 lege,
1114 3317 1374 3389 pietatem
1435 3318 1666 3376 testibus
1699 3317 1927 3373 ﬁrmans
1978 3314 2336 3386 impiissimis,
2367 3321 2424 3367 et
2476 3310 2566 3366 illo
2615 3310 2708 3379 qui
2760 3308 2892 3364 dicit
2924 3322 2936 3356 :
2969 3324 2989 3358 ι
3018 3305 3101 3360 Ab
3145 3302 3278 3359 Jove
3309 3305 3458 3375 prin-

190 3411 407 3483 cipiunt,
434 3431 452 3464 ι
488 3412 582 3468 illo
625 3412 775 3469 illius
806 3413 1181 3476 hemistichia,
1226 3432 1245 3466 ι
1285 3413 1420 3470 Nam
1474 3415 1632 3485 hujus
1684 3413 1976 3485 progenies
2030 3411 2197 3467 etiam
2237 3423 2449 3472 sumus,
2486 3425 2506 3460 ι
2560 3404 2764 3463 abusus
2811 3403 2881 3459 ad
2918 3402 2971 3458 id
3025 3401 3171 3473 quod
3218 3398 3456 3469 volebat,

188 3507 442 3566 Fortasse
489 3524 623 3566 vero
667 3509 939 3565 interdum
992 3509 1099 3575 his,
1126 3509 1218 3581 qui
1252 3526 1358 3566 non
1389 3517 1517 3566 sunt
1547 3508 1746 3573 Judaei,
1776 3507 1871 3565 sed
1893 3507 1993 3563 sub
2019 3505 2160 3577 lege,
2190 3503 2252 3558 fit
2281 3502 2381 3557 sub
2404 3499 2539 3571 lege.

258 3606 311 3663 6.
350 3608 538 3663 Ταῦτα
579 3607 638 3662 δὲ
680 3609 742 3662 οὐ
778 3613 938 3680 μόνον
969 3608 1049 3672 είς
1081 3607 1152 3662 τά
1198 3608 1325 3679 περὶ
1374 3605 1470 3661 τοῦ
1518 3606 1766 3681 Σωτῆρος

1953 3602 2009 3659 6.
2034 3603 2305 3658 Ceterum
2333 3598 2451 3654 haec
2473 3593 2721 3665 exempla
2755 3610 2861 3650 non
2909 3594 3084 3652 solum
3111 3593 3263 3651 utilia
3304 3592 3461 3650 nobis

190 3701 430 3774 χρήσιμα
472 3703 606 3774 ἡμῖν
655 3703 772 3754 ἐστι
800 3701 869 3756 τά
900 3701 1346 3774 παραδείγματα,
1396 3699 1535 3754 ἀλλά
1563 3700 1658 3754 καὶ
1691 3700 1766 3764 εἰς

1876 3708 2007 3755 sunt
2033 3699 2088 3752 in
2121 3696 2291 3751 rebus
2320 3693 2651 3757 Servatoris,
2683 3705 2871 3744 verum
2899 3690 3066 3746 etiam
3099 3690 3153 3746 in
3182 3688 3345 3745 rebus
3377 3687 3461 3742 di-

192 3794 260 3848 τά
290 3797 409 3870 περὶ
438 3795 551 3850 τῶν
589 3794 866 3867 μαθητῶν,
913 3796 1041 3867 περὶ
1082 3788 1157 3849 ὧν
1190 3795 1286 3849 καὶ
1333 3794 1513 3848 αὐτῶν
1541 3795 1656 3847 ἐστί
1688 3812 1766 3858 τις

1879 3790 2234 3861 scipulorum,
2263 3790 2330 3840 de
2370 3786 2568 3855 quibus
2607 3785 2773 3839 etiam
2811 3783 2944 3854 ipsis
2973 3791 3059 3838 est
3091 3782 3335 3851 quaedam
3370 3792 3456 3835 se-

195 3888 332 3944 κατά
360 3869 418 3943 τὸ
465 3888 631 3961 ῥητὸν
663 3888 949 3957 διαφωνία.
1004 3887 1156 3957 Τάχα
1185 3885 1293 3958 γάρ
1320 3888 1386 3957 τῇ
1419 3886 1641 3957 ἐπινοίᾳ,
1677 3884 1766 3938 εὐ-

1876 3882 2112 3939 cundum
2131 3887 2336 3934 textum
2356 3875 2711 3932 dissonantia.
2731 3873 2862 3928 Nam
2881 3874 3114 3930 fortasse
3130 3872 3341 3937 Simon,
3365 3869 3460 3941 qui

198 3982 511 4055 ρισκόμενος
557 3983 665 4036 ὑπὸ
691 3981 786 4035 τοῦ
836 3981 968 4035 ίδίου
1016 3977 1244 4049 ἀδελφοῦ
1276 3979 1457 4050 Σίμων
1493 3976 1766 4050 Ἀνδρέου,

1877 3990 1907 4030 a
1950 3988 2052 4029 suo
2086 3971 2257 4026 fratre
2278 3969 2495 4025 Andrea
2529 3969 2828 4033 invenitur,
2868 3976 2925 4020 et
2953 3964 3146 4019 audit:
3189 3981 3209 4015 ι
3244 3961 3326 4018 Tu
3364 3977 3465 4019 νου·

196 4054 289 4128 καὶ
324 4076 571 4128 ἀκούων
622 4074 742 4127 (Σὺ
796 4071 1045 4147 κληθήσῃ
1098 4071 1360 4142 Κηφᾶς,ι
1413 4068 1600 4140 ἕτερός
1657 4070 1766 4121 ἐστι

1876 4067 2093 4122 caheris
2119 4064 2331 4135 Cephas
2354 4059 2792 4132 0°,»cegitatione
2804 4057 3054 4114 diversus
3078 4055 3247 4113 estab
3276 4070 3343 4111 eo
3367 4054 3462 4124 qui

196 4168 338 4241 παρά
367 4169 456 4223 τὸν
489 4166 767 4240 ὁρώμενον
818 4165 934 4238 ἅμα
978 4164 1058 4236 τῷ
1098 4162 1311 4234 ἀδελφῷ
1341 4163 1448 4217 ὑπὸ
1494 4161 1587 4215 τοῦ
1622 4177 1766 4232 περι-

1877 4162 2095 4215 videtur
2132 4172 2256 4213 cum
2304 4155 2476 4209 fratre
2507 4167 2536 4205 a
2566 4150 2693 4206 Jesu
2713 4149 3116 4211 ,deambulante
3137 4147 3288 4217 juxta
3312 4159 3463 4201 mare

199 4238 483 4326 πατοῦψτος
523 4238 686 4333 παρά
724 4259 823 4332 τὴν
869 4257 1143 4312 θάλασσαν
1195 4256 1296 4327 τῆς
1340 4253 1631 4317 Γαλιλαίας
1672 4253 1766 4322 Ἰη-

1877 4252 2115 4309 ϐιιΙὶΙιιξαι
2141 4267 2156 4318 ;
2197 4248 2443 4303 diversus
2464 4244 2631 4300 etiam
2659 4243 2824 4298 ah'eo
2846 4242 2938 4312 qui
2964 4257 3087 4297 cum
3128 4238 3219 4295 illo
3240 4240 3459 4295 Andrea

200 4354 308 4420 σοῦ,
332 4334 436 4410 καὶ
466 4330 739 4409 ἀκούοντα
769 4330 880 4423 άμσ
928 4351 1122 4422 ἐκείνῳ
1147 4348 1228 4420 τῷ
1262 4346 1520 4420 Ἀνδρέᾳ·
1563 4364 1580 4397 ι
1611 4343 1766 4397 Δεῦτε

1877 4346 2089 4418 pariter
2118 4342 2270 4395 audit
2299 4356 2315 4396 :
2347 4357 2367 4392 ι
2406 4338 2600 4395 Venite
2638 4349 2759 4406 post
2798 4352 2905 4400 me,
2934 4344 2990 4390 et
3026 4333 3222 4389 faciam
3254 4348 3346 4386 vos
3380 4330 3463 4399 pi-

198 4449 359 4502 ὀπίσω
408 4467 534 4521 μου,
574 4448 671 4502 καὶ
722 4447 934 4516 ποιήσω
966 4445 1112 4515 ὑμᾶς
1167 4442 1339 4506 ἁλιεῖς
1393 4438 1766 4512 ἀνθρώπων.ι

1880 4444 2129 4490 scatores
2172 4430 2449 4486 hominum
2477 4429 2544 4483 “.
2584 4446 2603 4480 ι
2637 4426 2872 4482 Decehat
2905 4425 3050 4481 enim
3074 4424 3241 4493 utqui
3271 4438 3466 4478 renun-

202 4512 433 4611 Ἐπρεπε
488 4539 600 4611 γὰρ
639 4537 718 4609 τῷ
764 4512 883 4608 Θεῷ
930 4512 1041 4607 (83)
1084 4512 1458 4605 λογικώτερον
1500 4529 1766 4599 ἀπαγγέλ-

1884 4529 2055 4582 tiabat
2104 4523 2350 4580 solittiori
2388 4522 2599 4576 ratione
2639 4522 2705 4574 de
2743 4518 2920 4588 Λόγῳ,
2954 4514 3085 4589 [hoc
3112 4525 3195 4570 est
3228 4516 3295 4568 de
3328 4512 3466 4568 Filio

201 4630 331 4685 λοντι
377 4632 510 4704 περὶ
560 4629 657 4684 τοῦ
704 4628 998 4700 γενομένου
1035 4625 1237 4696 σαρκὸς
1284 4624 1482 4693 Λόγου,
1533 4621 1627 4675 καὶ
1676 4619 1766 4690 τὴι

1882 4617 2024 4692 Dei,]
2049 4619 2139 4688 qui
2181 4615 2359 4671 factus
2391 4626 2475 4669 est
2502 4628 2654 4678 caro,
2683 4612 2777 4682 qui
2815 4611 2979 4665 etiam
3007 4617 3185 4663 ortum
3222 4607 3361 4661 hanc
3396 4604 3467 4661 ob

202 4725 394 4797 γένεσιν
420 4695 512 4780 δὶά
537 4722 700 4778 τοῦτο
718 4695 808 4794 ’μὴ
837 4695 1215 4794 ἀναγράψαντι
1242 4717 1336 4773 τοῦ
1370 4717 1428 4769 ἐν
1452 4716 1594 4787 ἀρχῇ
1638 4711 1766 4783 πρὸς

1886 4726 2114 4770 causam
2154 4726 2261 4763 non
2296 4706 2515 4777 scripsit
2548 4704 2673 4759 Filii
2708 4704 2798 4760 Dei
2829 4700 3147 4758 cxsi'stcntis
3179 4699 3242 4797 in‘
3265 4695 3469 4767 princi-

206 4776 841 4885 tbvvvésbv'Xtiyoudtqéé
878 4776 995 4865 ’τὸν⁸
1021 4776 1172 4883 παρά
1212 4812 1279 4881 τῇ
1322 4776 1766 4879 θαλάσΠσῃηεὺρη-

1883 4805 1973 4877 pio
2024 4803 2166 4873 apud
2220 4799 2413 4867 Deum,
2444 4814 2513 4853 ne
2547 4799 2828 4853 inventum
2853 4792 3072 4863 quidem
3102 4776 3245 4859 apud
3291 4801 3468 4852 mare,

204 4908 366 4980 μένον,
392 4910 490 4963 καὶ
523 4883 734 4962 ἐκεῖθεν
770 4883 1118 4975 καλούμενον
1163 4904 1361 4964 εἰπεῖν,
1392 4897 1527 4953 ἀλλὰ
1551 4887 1642 4949 τὸν
1687 4896 1766 4948 εὑ·

1886 4898 2120 4966 indeque
2162 4902 2416 4949 vocatum
2471 4891 2679 4953 dicere,
2716 4891 2810 4944 sed
2866 4897 3091 4942 narrare
3129 4883 3404 4937 inventum
3436 4894 3467 4933 a

204 4969 511 5077 ρισκόμενον
562 5001 670 5055 ὑπὸ
722 4999 815 5053 τοῦ
876 4969 1108 5068 ἀδελφοῦ
1166 4994 1448 5067 μείναντος
1501 4989 1652 5062 παρὰ
1695 4986 1766 5059 τῷ

1889 4992 2079 5055 fratre,
2130 4987 2221 5056 qui
2260 4985 2466 5040 mansit
2507 4981 2649 5053 apud
2689 4979 2874 5037 Jesum
2925 4978 3059 5032 hora
3096 4975 3329 5038 decima,
3377 4970 3471 5041 qui

211 5062 368 5169 Ἰησοῦ
394 5098 463 5167 τῇ
489 5094 696 5166 δεκάτῃ
722 5091 863 5164 ὥρᾳ,
890 5091 986 5144 καὶ
1014 5062 1104 5142 διὰ
1131 5062 1192 5141 τδ
1218 5085 1392 5148 οὕτως
1423 5081 1766 5155 εὑρίσκεσθαι

1884 5085 2048 5140 etiam
2097 5096 2165 5137 eo
2198 5080 2344 5150 quod
2391 5080 2470 5134 sic
2517 5077 2768 5131 inventus
2804 5069 2991 5134 fuerit,
3023 5082 3149 5123 mox
3193 5062 3472 5135 acceperit

204 5155 383 5255 εὐθέως
405 5155 851 5259 λάμὸάνοντασδ
876 5183 1096 5255 Κηφᾶς.
1142 5180 1200 5234 Ὀ
1229 5179 1339 5251 γὰρ
1367 5179 1642 5250 ὁρώμενος
1669 5173 1766 5226 {me

1886 5193 2086 5232 nomen
2137 5174 2358 5244 Cephte.
2412 5171 2546 5224 Nam
2598 5169 2691 5238 qui
2744 5165 2948 5218 viditur
3000 5176 3031 5216 a
3091 5155 3473 5259 deambulante

209 5283 280 5338 δοῦ
324 5243 762 5356 περιπατοῦντος
812 5243 1117 5350 παράπιίγν
1152 5243 1428 5328 θάλασσαν
1472 5243 1571 5341 τῆς
1622 5268 1766 5321 Γαλι-

1884 5269 2043 5340 juxta
2084 5243 2235 5323 mare
2258 5264 2516 5328 Galilaeaa,
2550 5262 2643 5314 vix
2679 5255 2973 5328 aliquando
2997 5252 3163 5309 etiam
3191 5256 3315 5320 post
3341 5243 3475 5301 illud

259 5425 343 5481 ⁸⁸1
372 5427 501 5483 Cor.
532 5438 597 5483 ιι.
630 5421 722 5477 15.
820 5420 864 5453 ⁸³
892 5419 1052 5472 Rom.
1082 5433 1176 5478 vn.
1203 5415 1292 5477 15.
1325 5415 1407 5469 l9.
1516 5411 1561 5444 ⁸³
1590 5410 1766 5483 11ᾼοοι

1876 5423 1907 5462 ιο
2061 5404 2116 5459 δο
2188 5402 2235 5436 εδ
2259 5400 2402 5483 ibist;
2425 5398 2478 5453 δι
2515 5393 2879 5483 ῖξιρογοςικ»
2907 5391 3145 5483 29.391-
3345 5384 3474 5483 Cr;-

259 5453 299 5460 τ’
324 5453 343 5481 ι
372 5453 501 5483 uur.
534 5453 597 5488 ιι,
636 5453 722 5477 ιυ.
893 5453 1052 5472 um...
1089 5453 1176 5478 tu,
1211 5453 1292 5477 ιυ,
1333 5453 1407 5469 .υ.
1590 5453 1627 5464 ..
1663 5453 1754 5464 vv.

202 5512 275 5559 ιιι,
300 5500 387 5553 36.
470 5496 519 5529 “
543 5495 587 5550 ll
613 5492 742 5548 Cor.
774 5507 817 5554 ι,
850 5489 943 5544 29.
1022 5490 1067 5521 ⁸⁷
1089 5489 1213 5542 Act.
1248 5501 1358 5559 xvi,
1392 5484 1455 5542 ὃς
1487 5498 1600 5547 xxi,
1634 5480 1766 5544 2st,“;

1876 5453 1907 5462 ’⁷
1929 5453 2128 5532 Silia.
2161 5453 2426 5537 χνιιξῖὅ.
2514 5469 2559 5501 ⁸⁹
2595 5470 2723 5523 ibid.
2751 5465 2823 5521 28
2863 5453 2875 5458 ’
2920 5453 3148 5519 "Joan.
3182 5476 3222 5528 ι,
3257 5457 3352 5523 41,
3378 5453 3473 5509 42.

207 5557 247 5608 ι’
264 5570 448 5625 Matth.
480 5581 559 5633 iv,
596 5562 684 5631 l8,
718 5563 822 5630 l9;
853 5559 1023 5616 Marc.
1060 5577 1099 5625 t,
1139 5560 1224 5621 l6,
1253 5557 1342 5610 17.

266 5712 368 5786 (85)
408 5711 595 5767 Codex
643 5706 872 5778 Regius,
908 5704 1194 5786 ἀνακρίνει
1239 5697 1348 5765 οἷός
1381 5716 1441 5786 τε
1470 5695 1559 5781 ιῇ,
1598 5697 1766 5786 matg;

1890 5669 2030 5759 τοὺς
2050 5687 2170 5786 figi)
2191 5686 2380 5768 τόμον
2404 5681 2696 5786 κερξήοᾝὲ
2717 5679 2796 5735 Ita
2825 5676 2947 5734 cod.
3175 5663 3317 5723 male
3337 5672 3468 5716 voro

1902 5766 2056 5786 uel--.
2138 5772 2281 5786 An...“
2338 5755 2425 5786 υκι
2453 5773 2511 5786 ,λ
2542 5773 2564 5786 Α
2592 5755 2621 5786 ,ιι
2723 5750 2885 5786 mgnum
2914 5763 2973 5786 νε
3157 5780 3169 5786 _

266 5744 368 5786 ἰο-ιι
408 5744 595 5767 υνυσδι
648 5744 872 5778 ιινδιιω,
908 5744 1194 5777 νηυηηπην...
1241 5744 1346 5765 νυ,
1393 5744 1441 5752 --
1496 5744 1559 5773 υ,
1600 5744 1684 5751 η...
1716 5744 1766 5760 -,

207 5779 517 5839 Ριοιιιείειιιιε
585 5789 773 5834 autem
837 5788 892 5832 et
952 5776 1288 5831 Barberinus
1352 5782 1411 5825 ut
1470 5771 1523 5823 in
1590 5779 1766 5823 nostrt

1891 5744 2431 5840 “sauiaxa‘t
2453 5744 2885 5840 £01€V°ib,3’6l‘°"
3210 5813 3290 5840 ραι
3322 5811 3473 5840 rom.

211 5811 517 5839 ιιυιιιυιᾶιιιυθ
585 5811 773 5834 αυιῦιιι
837 5811 892 5832 vn
952 5811 1288 5831 υαιυυιιιιιισ
1353 5811 1411 5825 υ-
1472 5811 1523 5823 ...
1591 5811 1766 5823 ..νυν-η

211 5863 366 5908 Infit.

1895 5811 2250 5902 “nfswgléﬁjb-
2285 5811 2413 5883 Haec
2443 5811 2853 5895 ιὀίπαρέλκὲι,
2881 5827 2932 5873 ct
2961 5811 3185 5870 omnino
3210 5813 3295 5862 est
3322 5811 3443 5857 rese

273 5905 376 5996 {84)
414 5922 523 5979 Kal
565 5919 691 5990 τοῖς
723 5918 841 5975 ὑπὸ
893 5919 1099 5989 νόμον,
1144 5916 1224 5983 ὡς
1267 5913 1383 5970 ὑπὸ
1430 5912 1635 5983 νόμον,
1683 5907 1766 5963 ire

1896 5905 2088 5962 cauda.
