3866 6572
377 432 484 488 3‘23

1871 439 2192 498 ORIGENIS

3543 436 3645 491 524

381 545 552 604 Filius
577 568 596 601 ι
634 566 860 620 regnum
896 552 1029 616 Deo.
1077 561 1129 611 et
1156 553 1303 611 Patri
1323 554 1423 620 ",i
1470 557 1631 628 170
1679 556 1838 614 Patre
1873 559 1957 615 di—

2076 557 2242 620 ιὺτοῖς
2284 556 2377 609 to"
2436 574 2454 606 ι
2492 555 2622 610 Ἰδοὺ
2670 556 2781 624 ἐγὼ
2836 554 2951 628 μεθ’
2980 553 3135 625 ὑμῶν
3167 554 3304 623 εἰμι.
3334 572 3353 606 ι
3406 553 3644 624 Πότερον

381 650 565 701 cente'
591 645 701 699 illis
730 661 744 698 :
789 666 808 699 ι
842 647 984 705 Ecce
1028 664 1129 721 ego
1180 650 1460 706 vobiscum
1490 667 1609 706 sum
1633 655 1674 707 ¹.
1715 672 1735 707 ι
1769 653 1959 710 Utrum

2076 649 2138 713 se,
2171 650 2350 713 πάσας
2395 650 2608 722 ἡμέρας
2646 650 2749 713 ἓως
2785 649 2939 703 τοῦδε
2972 648 3066 703 τοῦ
3108 646 3327 719 χρόνου,
3365 646 3400 717 ἢ
3436 645 3642 711 ἁπλῶς,

381 754 516 797 vero
549 743 805 799 omnibus
827 744 1019 801 diebus
1045 760 1216 816 usque
1241 746 1308 801 ad
1336 747 1440 802 hoe
1471 756 1705 819 tempus,
1744 764 1811 804 an
1831 751 1965 806 sim-

384 831 604 902 pliciter
637 835 897 890 omnibus
923 835 1141 904 diebus,
1174 853 1242 892 an
1276 853 1382 892 non
1413 839 1689 907 omnibus,
1715 841 1809 896 sed
1840 856 1961 896 om-

384 927 466 992 ni,
519 934 706 996 potest
731 926 823 997 qui
869 927 1001 981 velit
1040 928 1410 984 considerare.
1454 929 1607 986 Nunc
1647 932 1792 987 enim
1845 947 1965 1001 quae

388 1019 666 1088 proposita
702 1030 828 1075 sunt
872 1034 973 1076 nos
1014 1035 1119 1076 non
1159 1022 1480 1091 permittunt
1526 1037 1698 1094 usque
1737 1023 1870 1079 adeo
1895 1022 1966 1079 ab

384 1110 634 1167 oratione
664 1110 895 1182 digredi.

463 1199 523 1255 9.
556 1201 702 1257 Sane
732 1201 1032 1258 Heracleon
1075 1202 1190 1272 ipse
1236 1221 1507 1265 enarrans
1538 1222 1552 1263 :
1593 1227 1612 1261 ι
1646 1209 1840 1265 Postea
1867 1212 1967 1268 de-

387 1293 598 1348 scendit
645 1293 698 1348 in
731 1295 1107 1364 Capharnaum
1129 1301 1173 1363 ⁹,
1204 1318 1225 1353 ι
1251 1299 1476 1355 alterius
1508 1318 1696 1358 rursus
1747 1305 1968 1373 dispen-

387 1384 614 1441 sationis
643 1385 968 1456 principium
1000 1388 1177 1457 inquit
1210 1390 1502 1457 declarari,
1538 1409 1671 1449 voce
1701 1395 1967 1451 descendit

387 1490 494 1531 non
548 1478 724 1531 otiose
751 1476 929 1543 dicta;
982 1487 1038 1533 et
1073 1478 1249 1549 inquit
1300 1479 1623 1549 Capharnao
1670 1482 1967 1551 significari

388 1567 503 1624 hac
538 1579 783 1624 extrema
834 1569 1045 1637 mundi,
1090 1570 1207 1626 haac
1241 1572 1570 1638 materialia,
1605 1574 1673 1627 ad
1726 1589 1846 1645 quae
1878 1574 1973 1630 de-

388 1660 622 1716 scendit.
657 1678 676 1713 ι
718 1659 787 1716 Et
817 1662 944 1728 quia
991 1676 1099 1717 non
1134 1672 1316 1733 aptus,
1344 1664 1544 1734 inquit,
1597 1677 1743 1720 esset
1798 1666 1971 1733 locus,

397 1751 533 1807 nihil
565 1767 628 1807 ea
679 1752 732 1807 in
787 1752 1018 1808 civitate
1052 1755 1136 1810 vel
1168 1754 1401 1820 fecisse,
1434 1757 1523 1812 vel
1558 1757 1775 1813 locutus
1806 1757 1974 1814 fuisse

2063 742 2243 806 πάσας
2279 742 2379 806 τὰς
2410 742 2651 815 ἡμέρας,
2679 742 2833 797 τοῦδε
2862 743 3046 805 πάσας
3075 740 3211 812 (98),
3257 738 3397 794 ἀλλὰ
3442 740 3643 803 πᾶσαν,

2062 832 2235 886 ἔνεστι
2285 835 2508 887 σκοπεῖν
2546 832 2624 903 τῷ
2672 833 2996 904 βουλομένῳ.
3053 831 3168 886 Νῦν
3213 830 3324 903 γὰρ
3368 831 3520 901 ἡμᾶς
3548 830 3648 884 οὐκ

2062 926 2284 979 ἀπαιτεῖ
2313 924 2382 978 τὰ
2408 925 2741 997 προκείμενα
2769 926 2863 980 ἐπὶ
2890 922 3144 979 τοσοῦτον
3180 922 3531 994 παρεκῦἦναι
3555 921 3645 975 τοῦ

2063 1016 2243 1086 λόγου.

2133 1204 2187 1260 9.
2241 1204 2299 1257 ’0
2339 1202 2586 1273 μέντοιγε
2626 1198 2936 1273 ’Πρακλέων
2967 1200 3048 1266 τὸ,
3088 1219 3107 1251 ι
3136 1198 3292 1255 Μετὰ
3318 1198 3482 1253 τοῦτο
3513 1214 3648 1253 κατ-

2067 1296 2163 1368 έϐη
2207 1297 2289 1359 είς
2333 1295 2747 1367 Καφαρναοὺμ,
2795 1313 2814 1345 ι
2868 1292 3029 1356 αὐτὸς
3059 1291 3445 1363 διηγούμενος,
3487 1290 3653 1361 ἄλλης

2068 1389 2229 1443 πάλιν
2257 1387 2565 1459 οἰκονομίας
2595 1388 2768 1458 ἀρχήν
2800 1401 2932 1455 φησι
2962 1383 3283 1456 δηλοῦσθαι,
3325 1384 3428 1437 οὐκ
3464 1383 3651 1454 ἀργῶς

2066 1479 2159 1534 τοῦ
2201 1480 2417 1548 κατέϐη
2451 1478 2769 1550 εἰρημένουο
2814 1477 2908 1531 καί
2939 1493 3073 1548 φησι
3117 1477 3219 1548 τὴν
3266 1476 3656 1547 Καφαρναοὺμ

2069 1572 2354 1644 σημαίνειν
2384 1571 2559 1625 ταῦτα
2588 1570 2656 1625 τά
2704 1569 2906 1639 ἔσχατα
2957 1567 3051 1622 τοῦ
3108 1568 3336 1639 κόσμου,
3379 1566 3558 1621 ταῦτα
3586 1565 3657 1620 τὰ

2070 1662 2229 1719 ὑλικά
2272 1666 2352 1729 είς
2399 1662 2434 1718 ἃ
2466 1662 2719 1733 κατῆλθε·
2765 1661 2859 1716 καὶ
2892 1660 2979 1713 διὰ
3024 1659 3085 1713 τὸ
3133 1660 3426 1724 ἀνοίκειον,
3463 1661 3653 1729 φησιν,

2070 1752 2209 1810 εἶναι
2238 1756 2329 1809 τὸν
2359 1756 2546 1819 τόπον,
2575 1755 2695 1809 ούδέ
2724 1750 3039 1825 πεποιηκώς
3071 1770 3124 1806 τι
3155 1751 3373 1821 λέγεται
3401 1753 3462 1804 ἐν
3491 1752 3656 1823 αὐτῇ,

404 1843 630 1899 dicitur.
671 1864 691 1897 ι
728 1844 1098 1912 Quamobrem
1141 1848 1185 1903 si
1248 1848 1302 1902 in
1356 1849 1582 1919 reliquis
1628 1851 1974 1922 evangelistis

2076 1844 2105 1916 ἢ
2140 1843 2468 1914 λελαληκώς,
2501 1845 2564 1896 El
2601 1843 2697 1914 μὲν
2725 1839 2818 1897 οὖν
2854 1842 2990 1914 μηδέ
3023 1845 3081 1896 ἐν
3110 1830 3223 1905 τοῖς
3249 1841 3459 1905 λοιποῖς
3484 1842 3660 1911 Εὐαγ-

392 1935 661 2005 scriptum
700 1936 912 2006 fuisset,
940 1938 1076 1993 nihil
1114 1938 1165 1993 in
1189 1915 1514 2010 Capharnao
1543 1915 1829 1995 Dominum
1876 1958 1974 1997 no-

2076 1915 2272 2005 γελίοις
2305 1935 2621 2007 πεποιηκώς
2666 1952 2749 1999 τι,
2793 1935 2825 2005 ἢ
2861 1932 3171 2005 λελαληκὼς
3212 1934 3270 1986 ἐν
3306 1936 3375 2005 τῇ
3419 1934 3660 2005 Καφαρ-

396 2036 573 2083 strum
618 2012 950 2086 vel'l'ecisse
995 2029 1081 2084 vel
1122 2031 1352 2096 dixisse,
1402 2030 1637 2088 fortasse
1669 2033 1974 2089 dubitasse-

396 2134 519 2174 mus
547 2120 789 2191 recipere
822 2121 994 2190 ipsius
1025 2120 1548 2192 interpretationem.
1597 2124 1749 2180 Nunc
1788 2135 1970 2181 autem

392 2208 676 2265 Matthmus
709 2211 932 2281 quidem
994 2212 1280 2267 Dominum
1315 2224 1585 2281 nostrum,
1638 2216 1823 2272 relicta
1868 2217 1974 2272 Na-

394 2302 609 2367 sat'eth,
634 2304 940 2374 profectum
971 2306 1253 2363 habitasse
1283 2307 1664 2377 Capharnautn
1694 2309 1971 2364 civitatem

397 2396 785 2461 maritimam',
819 2407 873 2452 et
914 2399 1114 2454 exinde
1149 2400 1365 2455 initium
1402 2402 1733 2470 praedicandi
1781 2401 1975 2459 iecisse

398 2486 595 2557 inquit,
629 2487 935 2543 dicentem:
961 2507 979 2542 ι
1013 2489 1359 2560 Resipiscite,
1384 2492 1551 2547 instat
1573 2493 1718 2547 enim
1748 2509 1972 2565 regnum

403 2578 669 2635 cmkirum
704 2578 747 2634 δ.
786 2598 805 2633 ι
838 2579 1051 2636 Marcus
1105 2596 1236 2636 vero
1264 2583 1308 2648 ⁸,
1367 2592 1651 2653 postquam
1708 2593 1973 2643 tentasset

401 2671 691 2727 Dominum
715 2672 983 2740 diabolus,
1012 2685 1296 2746 postquam
1314 2675 1551 2731 traditus
1589 2676 1782 2733 fuisset
1809 2677 1974 2734 Joan-

397 2778 495 2822 nes
521 2765 575 2821 in
603 2779 908 2832 carcerem,
953 2767 1109 2823 nobis
1148 2769 1439 2823 annuntiat
1482 2767 1769 2825 Dominum
1811 2772 1977 2828 adve-

291 2923 294 2925 λ
376 2859 543 2933 ,ιιίεεε
578 2857 633 2913 in
683 2856 960 2914 Galilaam
1009 2858 1397 2929 praedicantem
1431 2861 1795 2931 Evangcltum
1826 2862 1923 2918 Dei
1952 2881 1969 2930 ;

395 2950 777 3023 ingrediuntur
828 2951 993 3007 etiam
1053 2949 1436 3021 Capharnaum
1492 2964 1614 3025 post
1652 2954 1971 3011 electionem

396 3052 632 3115 quatuor
653 3045 987 3116 piscatorum
1018 3045 1084 3101 ad
1112 3045 1449 3102 [unctionem
1480 3048 1725 3104 muneris
1750 3059 1993 3119 aposto-‘

395 3137 511 3206 lici,
564 3139 863 3210 statimque
914 3138 1159 3194 sabbatis
1209 3139 1397 3194 docuit
1449 3141 1500 3195 in
1565 3157 1879 3215 synagoga,
1916 3152 1975 3200 et

2074 2027 2247 2097 ναοὺμ
2282 2027 2311 2079 6
2353 2026 2557 2097 Κύριος
2602 2024 2757 2096 ἡμῶν
2802 2024 3198 2094 ἀνεγέγραπτο,
3245 2024 3389 2093 τάχα
3432 2023 3501 2076 ἂν
3554 2022 3662 2075 ἐδι-

2075 2122 2349 2193 στάξαμεν
2392 2121 2521 2192 περὶ
2561 2119 2652 2173 τοῦ
2697 2116 3102 2190 παραδέξασθαι
3133 2115 3299 2170 αὑτοῦ
3348 2116 3453 2187 τὴν
3486 2116 3664 2189 ἑρμη-

2072 2215 2240 2268 νείαν.
2288 2213 2424 2266 Νυνὶ
2468 2212 2525 2265 δὲ
2571 2213 2600 2265 6
2644 2210 2918 2272 Ματθαῖος
2969 2206 3341 2262 καταλιπόντα
3392 2209 3531 2278 φησὶ
3568 2208 3663 2261 τὸν

2073 2305 2277 2378 Κύριον
2323 2301 2478 2374 ἡμῶν
2515 2301 2617 2374 τὴν
2662 2297 2948 2371 Ναζαρὲθ,
2994 2297 3219 2351 ἐλθόντα
3270 2297 3663 2369 κατῳκηκέναι

2073 2400 2155 2462 είς
2187 2394 2564 2466 Καφαρναοὺμ
2605 2392 2703 2465 τὴν
2736 2390 3208 2465 παραθαλασσίαν,
3252 2391 3349 2444 καὶ
3394 2390 3509 2444 ἀπὸ
3537 2391 3666 2445 τότε

2073 2488 2245 2561 ἀρχὴν
2272 2487 2367 2541 τοῦ
2404 2486 2701 2559 κηρύσσειν
2749 2484 3079 2556 πεποιῆσθαι
3117 2484 3372 2553 λέγοντα·
3427 2502 3446 2535 ι
3482 2485 3667 2538 Μετα-

2072 2584 2266 2646 νοεῖτε,
2294 2581 2490 2652 ἧγγικε
2516 2579 2624 2651 γάρ
2656 2581 2690 2651 ἡ
2728 2577 2977 2649 βασιλεία
3007 2576 3115 2632 τῶν
3155 2577 3424 2649 οὐρανῶν.
3451 2596 3471 2629 ι
3516 2577 3575 2631 Ὀ
3605 2576 3667 2631 δέ

2072 2676 2299 2748 Μάρκος
2320 2674 2429 2729 ἀπὸ
2450 2672 2544 2727 τοῦ
2574 2672 2710 2745 πρὸς
2744 2672 2834 2727 τὸν
2865 2671 3111 2726 διάϐολον
3141 2669 3476 2742 πειρασμοῦ,
3525 2669 3668 2741 μετά

2073 2769 2136 2823 τὸ
2170 2766 2538 2840 παραδοθῆναι
2578 2765 2669 2819 τὸν
2705 2764 2979 2837 Ἰωάννην,
3028 2763 3365 2833 ἀπαγγέλλει
3406 2764 3543 2834 ἡμῖν
3583 2764 3667 2827 είς

2073 2862 2173 2932 τὴν
2203 2859 2488 2914 Γαλιλαίαν
2531 2856 2871 2929 κηρύσσοντα
2915 2856 2977 2910 τὸ
3013 2856 3346 2925 Εὑαγγέλιον
3385 2853 3481 2908 τοῦ
3527 2852 3666 2907 Θεοῦ

2074 2952 2391 3025 ἐληλυθέναι
2420 2950 2509 3005 τὸν
2538 2949 2764 3021 Κύριον·
2798 2948 2891 3002 καὶ
2933 2947 3073 3020 μετά
3099 2948 3199 3018 τὴν
3239 2949 3319 3011 είς
3353 2946 3668 3017 ἀποστολὴν

2075 3046 2304 3118 ἐκλογὴν
2349 3044 2457 3099 τῶν
2516 3041 2799 3111 τεσσάρων
2853 3040 3050 3094 ἁλιέων
3109 3039 3530 3113 εἰσπορεύονται
3586 3042 3669 3104 είς

2074 3143 2473 3214 Καφαρναοὺμ,
2505 3141 2601 3196 καὶ
2627 3140 2789 3205 εὐθὺς
2813 3142 2927 3205 τοῖς
2967 3138 3233 3193 σάϐϐασιν
3274 3137 3557 3191 ἐδίδασκεν
3585 3138 3671 3201 είς

393 3231 862 3301 obstupescebant
899 3248 1066 3304 super
1101 3233 1347 3289 doctrina
1395 3232 1565 3289 illius.
1622 3234 1762 3301 Quin
1807 3236 1971 3291 etiam

2076 3239 2174 3311 τὴν
2225 3236 2567 3307 συναγωγὴν,
2618 3234 2713 3290 καὶ
2772 3233 3168 3304 ἐξεπλήσσοντο
3214 3232 3311 3286 ἐπὶ
3361 3234 3431 3302 τῇ
3473 3232 3663 3303 διδαχῇ

394 3325 663 3381 actionem
687 3325 980 3395 quamdam
1014 3340 1137 3381 eum
1165 3325 1361 3381 fecisse
1389 3325 1442 3379 in
1482 3324 1804 3396 Capharnao
1832 3327 1974 3382 scri-

394 3417 509 3483 bit,
536 3417 721 3473 statim
748 3416 892 3473 enim
917 3417 1126 3488 inquit'
1159 3436 1174 3473 :
1202 3436 1222 3470 ι
1246 3417 1373 3474 Erat
1392 3419 1446 3474 in
1479 3433 1754 3491 synagoga
1783 3434 1973 3476 eorum

394 3507 562 3563 homo
590 3507 803 3577 spiritui
825 3507 1103 3565 immundo
1134 3508 1424 3577 obnoxius,
1448 3520 1503 3565 et
1532 3510 1865 3567 exclamavit
1893 3511 1976 3566 div

398 3614 572 3656 cens:
608 3599 693 3654 Ah
718 3598 852 3668 quid
887 3600 963 3656 rei
1021 3601 1177 3657 nobis
1216 3612 1391 3659 tecum
1425 3614 1543 3668 est,
1570 3601 1699 3660 Jesu
1737 3603 1978 3659 Nazare-

396 3690 510 3747 ne?
533 3691 728 3746 venisti
779 3690 847 3746 ad
894 3692 1229 3762 perdendum
1270 3695 1414 3752 nos?
1442 3697 1567 3751 novi
1604 3707 1679 3763 te,
1715 3696 1840 3768 quis
1877 3696 1974 3764 sis,

401 3782 660 3839 nimirum
693 3782 785 3838 ille
825 3782 995 3840 Filius
1025 3784 1143 3840 Dei.
1182 3786 1249 3841 Et
1281 3787 1587 3858 increpavit
1625 3788 1776 3844 illum
1818 3787 1978 3845 Iesus

401 3875 625 3933 dicens:
666 3875 1018 3944 Obmutesce,
1078 3888 1135 3933 et
1190 3880 1278 3934 exi
1336 3881 1405 3935 ab
1460 3876 1702 3936 homine.
1750 3880 1974 3936 Etcum

399 3968 783 4038 discerpsisset
808 3984 932 4026 eum
965 3970 1190 4040 spiritus
1222 3971 1557 4037 innnundus,
1589 3972 1980 4028 exclamasset-

399 4075 508 4131 que
535 4076 671 4117 voce
705 4077 923 4133 magna,
960 4064 1094 4119 exiit
1117 4064 1186 4119 ab
1210 4079 1297 4118 eo.
1328 4065 1392 4119 Et
1420 4067 1826 4135 obstupuerunt
1859 4079 1980 4120 om-

400 4169 520 4210 nes.
556 4172 576 4206 ι
613 4153 681 4208 Et
718 4169 912 4209 socrus
940 4155 1177 4212 Simonis
1209 4156 1473 4211 liberatur
1503 4158 1558 4211 in
1597 4157 1922 4227 Capharnao
1945 4170 1979 4212 a

399 4242 562 4299 febri.
592 4244 821 4300 Ad'haac
855 4243 1069 4302 Marcus
1100 4246 1540 4317 inquit'vesperi
1574 4254 1793 4303 curatos
1811 4246 1979 4303 fuisse

400 4350 593 4393 omnes
614 4337 754 4393 male
772 4338 1059 4405 habentes,
1079 4350 1135 4395 et
1153 4341 1242 4410 qui
1262 4354 1292 4394 a
1311 4339 1592 4394 daemoniis
1611 4340 1974 4410 agitabantur.

399 4428 540 4497 Quin
554 4430 721 4485 etiam
746 4430 925 4488 Lucas
941 4432 1141 4488 similia
1165 4448 1287 4486 cum
1312 4430 1497 4486 Marco
1515 4431 1981 4502 loquitnr'deCa-

400 4524 668 4594 pharnao,
686 4524 910 4580 dicens:
930 4544 949 4577 ι
977 4525 1045 4580 Et
1061 4526 1209 4581 venit
1223 4526 1277 4579 in
1297 4524 1682 4594 Capharnaum
1699 4524 1976 4580 civitatem

2076 3329 2264 3385 αὐτοῦ.
2301 3329 2460 3382 Ἀλλά
2497 3331 2593 3383 καὶ
2636 3326 2834 3400 πρᾶξιν
2875 3326 3041 3381 αὑτοῦ
3085 3326 3393 3398 ἀναγράφει
3437 3341 3671 3396 γεγενη-

2080 3422 2246 3494 μένην
2286 3422 2343 3474 ἐν
2377 3422 2784 3493 Καφαρναούμκ
2821 3419 2983 3484 εὐθὺς
3017 3420 3126 3491 γάρ
3167 3435 3370 3489 φησιν’
3413 3438 3433 3470 ι
3463 3420 3553 3472 Ἐν
3598 3422 3669 3491 τῇ

2078 3515 2367 3584 συναγωγῇ
2420 3511 2598 3565 αὐτῶν
2655 3507 2726 3583 ἦν
2759 3510 3047 3584 ἄνθρωπος
3090 3510 3149 3563 ἐν
3200 3509 3479 3581 πνεύματι
3531 3511 3671 3564 ἀκα-

2077 3605 2281 3678 θάρτῳ,
2311 3604 2405 3658 καὶ
2449 3604 2713 3675 ἀνέκραξε
2756 3603 2966 3673 λέγων’
3003 3604 3127 3667 Ἔα,
3156 3602 3207 3656 τί
3240 3604 3376 3674 ἡμῖν
3420 3604 3519 3656 καὶ
3562 3603 3669 3668 σοὶ,

2088 3698 2262 3771 Ἰησοῦ
2306 3696 2629 3769 Ναξαρηνές
2675 3691 2839 3768 ἦλθες
2887 3692 3150 3750 ἀπολέσαι
3200 3696 3385 3766 ἡμᾶς
3431 3695 3671 3767 υῖδαμέν

2078 3809 2137 3847 σε
2165 3791 2248 3855 τίς
2291 3786 2362 3856 εἴ,
2401 3791 2430 3844 6
2463 3790 2591 3855 Υἱὸς
2621 3788 2715 3842 τοῦ
2755 3788 2912 3842 Θεοῦ.
2948 3789 3058 3842 Kal
3087 3788 3421 3860 ἐπετίμησεν
3450 3789 3600 3860 αὐτῷ
3640 3790 3672 3842 ὁ

2088 3881 2295 3955 Ἰησοῦς
2326 3882 2498 3951 λέγων
2517 3899 2530 3912 ο
2562 3879 2863 3952 Φιμώθητι,
2899 3882 2995 3934 καὶ
3027 3879 3208 3948 ἔξελθε
3246 3881 3304 3947 ἐξ
3337 3881 3508 3935 αὑτοῦ
3531 3899 3545 3912 ·
3576 3882 3671 3935 ὅτε

2078 3975 2172 4029 καὶ
2208 3973 2517 4046 ἐσπάραξεν
2545 3973 2709 4026 αὐτὸν
2742 3972 2803 4025 τὸ
2841 3970 3060 4043 πνεῦμα
3092 3972 3155 4026 τὸ
3202 3973 3542 4045 ἀκάθαρτον,
3572 3973 3673 4027 καὶ

2079 4066 2335 4138 φωνῆσαν
2366 4068 2518 4137 φωνῇ
2550 4064 2762 4138 μεγάλῃ
2791 4064 3014 4136 ἐξῆλθεν
3038 4061 3098 4130 ἐξ
3140 4065 3329 4119 αὑτοῦ.
3358 4066 3474 4120 Kal
3498 4065 3675 4137 ἐθαμ-

2077 4157 2326 4231 ϐήθησαν
2341 4155 2601 4223 ἅπαντες.
2624 4157 2818 4230 »Καὶὴ
2850 4157 3090 4231 πενθερὰ
3127 4158 3375 4230 Σίμωνος
3423 4159 3519 4213 τοῦ
3565 4176 3675 4212 πυο

2080 4242 2238 4324 ρετοῦ
2270 4251 2676 4305 ἀπαλλάσσεται
2721 4250 2779 4305 ἐν
2825 4253 2890 4322 τῇ
2935 4250 3339 4323 Καφαρναούμ.
3377 4253 3524 4323 Πρὸς
3552 4252 3673 4304 τού-

2077 4360 2191 4407 τοις
2214 4345 2243 4397 ὁ
2274 4344 2501 4416 Μάρκος
2529 4343 2664 4413 φησὶ
2694 4342 2934 4416 ἑσπέρας
2959 4344 3337 4415 γεγενημένης
3367 4346 3427 4397 ἐν
3454 4347 3519 4415 τῇ
3552 4345 3672 4397 Ka-

2079 4436 2365 4506 φαρναοὺμ
2402 4432 2835 4506 τεθεραπεῦσθαι
2873 4433 3084 4498 πάντας
3124 4434 3251 4498 τοὺς
3277 4434 3469 4499 κακῶς
3513 4434 3669 4505 ἔχον-

2078 4545 2178 4591 τας
2207 4528 2301 4581 καὶ
2337 4526 2830 4599 δαιμονιζομένους.
2877 4528 2989 4581 Kal
3027 4528 3057 4580 6
3089 4527 3307 4590 Λουκᾶς
3354 4526 3412 4580 δὲ
3443 4526 3510 4579 τά
3558 4544 3673 4580 παο

397 4615 851 4686 Galilaezedbique
881 4618 1113 4673 docebat
1149 4618 1271 4672 illos
1294 4615 1552 4671 sabbatis.
1594 4616 1661 4671 Et
1688 4616 1974 4686 stupebant

2082 4616 2355 4688 ραπλήσια
2396 4615 2475 4686 τῷ
2512 4616 2726 4688 Μάρκῳ
2756 4615 3091 4683 ἀπαγγέλλει
3127 4617 3256 4688 περὶ
3294 4616 3397 4687 τῆς
3438 4617 3673 4687 Καφαρ-

397 4723 562 4780 super
581 4709 735 4780 171
765 4710 1013 4765 doctrina
1037 4708 1315 4781 ejus,quia
1334 4723 1462 4764 cum
1481 4719 1748 4780 potestate
1760 4710 1986 4780 conjun-

398 4811 520 4856 ctus
537 4811 656 4856 erat
681 4816 863 4857 sermo
883 4801 1074 4871 ipsius.
1099 4800 1164 4854 Et
1183 4801 1235 4853 in
1258 4814 1531 4870 synagoga
1561 4810 1678 4854 erat
1703 4801 1863 4856 homo
1880 4801 1982 4855 ba-
2005 4797 2011 4803 ’

397 4890 535 4946 bens
553 4889 807 4960 spiritum
832 4889 1097 4945 daemonis
1122 4889 1479 4953 itntnundi,et
1503 4889 1983 4949 exclamavitvoce

318 5054 323 5059 ἢ
400 5000 593 5056 magna
628 4986 813 5042 dicens
846 5005 860 5042 :
898 4984 1022 5049 Eia,
1052 4984 1183 5054 quid
1237 4985 1334 5038 tibi
1373 4984 1655 5039 nobiscuut
1699 4996 1807 5053 est,
1846 4986 1992 5044 Jesu.

399 5076 719 5135 Nazarene?
749 5079 947 5135 venisti
993 5078 1060 5132 ad
1098 5077 1431 5146 perdendum
1467 5078 1604 5133 nos?
1633 5081 1746 5134 scio
1776 5089 1827 5137 te
1857 5081 1979 5151 quis

399 5171 498 5239 sis,
526 5168 760 5229 Sanctus
797 5171 888 5227 ille
920 5170 1039 5226 Dei.
1073 5169 1142 5224 Et
1167 5168 1472 5240 increpavit
1502 5170 1655 5225 illum
1679 5170 1859 5239 Jesus,
1896 5173 1979 5227 di-

400 5275 532 5318 cens
561 5279 576 5317 :
607 5261 956 5328 Obmutesce,
986 5271 1043 5316 et
1063 5260 1149 5316 exi
1181 5261 1252 5315 ab
1282 5275 1368 5315 eo.
1399 5260 1468 5316 Et
1500 5276 1623 5317 cum
1656 5262 1976 5332 projecisset

402 5353 551 5409 illum
588 5355 919 5410 daemonium
950 5353 1006 5407 in
1038 5350 1295 5418 medium,
1323 5352 1460 5407 exiit
1488 5351 1558 5407 ab
1590 5352 1704 5417 illo,
1734 5353 1977 5424 nihilque

399 5445 476 5500 illi
503 5448 707 5502 nocuit.
743 5466 763 5501 ι
802 5446 871 5501 Ει
907 5454 1098 5516 postea
1146 5454 1334 5498 narrat
1362 5445 1403 5509 9,
1444 5446 1720 5515 quomodo
1752 5460 1978 5516 surgens

400 5534 662 5593 Dominus
705 5552 737 5593 e
769 5551 1044 5608 synagoga
1089 5535 1372 5605 ingressus
1399 5543 1484 5591 est
1532 5536 1587 5591 in
1637 5536 1855 5591 domum
1888 5538 1976 5593 Si-

2078 4708 2282 4778 ναοὺμ,
2337 4706 2508 4775 λέγων
2530 4723 2544 4736 ⁸
2608 4724 2627 4758 ι
2689 4706 2800 4758 Καὶ
2866 4701 3032 4777 ἦλθεν
3090 4707 3171 4768 είς
3240 4705 3630 4777 Καφαρναοὺμ
3653 4747 3670 4769 ,

2078 4796 2230 4850 πόλιν
2302 4796 2400 4867 τῆς
2462 4795 2750 4859 Γαλιλαίας
2773 4835 2789 4859 ,
2858 4796 2953 4848 καὶ
3017 4791 3085 4867 ἦν
3144 4794 3413 4849 διδάσκων
3468 4796 3671 4859 αὐτοὺς

2078 4891 2137 4943 ἐν
2189 4890 2303 4953 τοῖς
2377 4887 2630 4944 σάϐϐασι.
2694 4887 2805 4941 Kal
2857 4886 3252 4958 ἐξεπλήσσοντο
3309 4889 3405 4941 ἐπὶ
3463 4891 3528 4959 τῇ
3585 4888 3675 4941 δι-

2076 4984 2211 5054 δαχῇ
2264 4980 2452 5045 αὑτοῦ,
2492 4982 2574 5034 ὅτι
2622 4980 2680 5033 ἐν
2714 4980 2933 5052 ἐξουσίᾳ
2977 4976 3045 5051 ἦν
3072 4981 3105 5034 6
3135 4978 3293 5049 λόγος
3337 4979 3528 5034 αὑτοῦ.
3559 4980 3673 5032 Καὶ

2084 5077 2140 5130 ἐν
2166 5078 2231 5147 τῇ
2285 5076 2575 5145 συναγωγῇ
2617 5068 2684 5145 ἦν
2721 5072 3007 5145 ἄνθρωπος
3044 5071 3185 5143 ἔχων
3218 5072 3441 5143 πνεῦμα
3475 5072 3672 5142 δαιμο-

2084 5168 2197 5221 νίου
2238 5165 2573 5240 ἀκαθάρτου,
2609 5166 2702 5219 καὶ
2740 5163 3009 5238 άνέκραξε
3040 5166 3191 5236 φωνῇ
3236 5164 3487 5235 μεγάλῃ·
3540 5164 3669 5228 Ἔα,

2082 5260 2136 5313 τί
2168 5261 2300 5330 ἡμῖν
2341 5259 2437 5313 καὶ
2472 5258 2579 5323 σοὶ,
2625 5255 2800 5327 Ἰησοῦ
2842 5254 3176 5326 Ναζαρηνές
3208 5248 3377 5325 ἦλθες
3407 5252 3672 5307 ἀπολέσαι

2084 5355 2266 5424 ἡμᾶς;
2294 5350 2429 5408 Οἶδά
2460 5370 2519 5406 σε
2553 5351 2636 5414 τίς
2669 5346 2739 5413 εἷ,
2768 5350 3010 5418 ὁ⁶¹Αγιος
3033 5348 3130 5402 τοῦ
3156 5346 3319 5405 Θεοῦ.
3346 5347 3459 5402 Καὶ
3485 5346 3671 5400 ἐπετί-

2091 5464 2262 5517 μησεν
2292 5445 2439 5516 αὐτῷ
2471 5449 2500 5500 6
2545 5442 2775 5516 Ἰησοῦς,
2798 5442 2992 5511 λέγων·
3023 5439 3330 5514 Φιμώθητι,
3363 5441 3461 5496 καὶ
3489 5438 3673 5505 ἔξελθε

2085 5539 2179 5593 ἀπ’
2210 5540 2396 5595 αὑτοῦ.
2432 5539 2568 5593 Τότε
2613 5539 2707 5592 καὶ
2755 5535 2917 5609 ῥίψαν
2960 5536 3124 5592 αὐτὸν
3157 5533 3221 5588 τὸ
3273 5534 3550 5607 δαιμόνιον
3593 5533 3675 5595 εἰς

468 5697 553 5751 ⁹⁹Ι
578 5697 708 5754 Cor.
734 5712 823 5760 xv,
853 5695 948 5750 25.
1016 5696 1034 5727 ¹
1062 5695 1250 5749 Matth.
1276 5711 1472 5759 xxvttt,
1500 5695 1591 5752 20.
1671 5697 1692 5729 ²
1713 5695 1870 5753 Joan.
1907 5715 1967 5766 tt,
1994 5700 2081 5755 12.
2152 5702 2172 5730 ³
2208 5699 2400 5754 Matth.
2434 5717 2512 5762 tv,
2540 5699 2624 5755 l3.
2686 5699 2707 5730 ⁸
2729 5700 2859 5757 ibid.
2894 5701 2982 5756 Π.
3048 5699 3071 5731 ⁸
3096 5696 3263 5754 Marc.
3296 5711 3336 5764 1,
3368 5693 3677 5763 13.14551:

400 5768 421 5798 °
452 5769 583 5825 ibid.
609 5767 680 5822 24
703 5784 822 5838 seq.
932 5766 954 5789 '
992 5767 1127 5821 ibid.
1154 5766 1216 5820 5|
1257 5781 1373 5837 seq.
1449 5768 1470 5800 ⁸
1492 5766 1625 5824 Luc.
1656 5784 1733 5836 tv,
1768 5767 1837 5826 33
1858 5785 1975 5840 seq.

474 5928 588 6001 (98)
635 5927 816 5985 Τοῦδε
837 5925 1057 5996 πάσας.
1091 5926 1231 5999 Lego
1257 5928 1430 6001 ἢούδὲ
1448 5928 1646 5994 πάσας.

2053 5771 2072 5802 ⁹
2100 5767 2233 5825 Luc.
2270 5787 2336 5835 tv,
2377 5772 2462 5839 '58,
2500 5774 2589 5826 59.
