3866 6552
542 443 641 500 351

1981 446 2305 505 ORIGENIS
3030 484 3036 488 -
3683 446 3781 503 53?.

541 562 897 635 prosequitur
917 564 1062 631 odio,
1091 564 1433 633 peccantium
1455 574 1580 621 sunt
1600 563 1959 631 festivitates;
1984 582 2100 621 cum

2214 568 2300 621 ὅτε
2330 567 2386 621 δὲ
2413 567 2518 622 ύπδ
2542 566 2636 622 τοῦ
2674 567 2880 641 Κυρίου
2918 564 3363 639 νομοθετοῦνται,
3405 562 3614 636 Κυρίου
3652 558 3779 618 εἶναι

542 669 670 710 vero
705 670 799 711 eas
842 656 1106 711 Dominus
1145 656 1337 721 sancit,
1380 656 1595 713 Domini
1652 673 1775 714 esse
1830 659 2107 714 dicuntur.

544 748 739 802 Verum
772 748 1125 804 festivitatum
1161 764 1264 802 una
1296 758 1381 803 est
1407 750 1571 805 etiam
1609 750 1843 816 Pascha,
1881 753 2028 822 quod
2059 754 2110 807 in

541 839 811 911 Evangelii
836 840 1111 909 proposita
1145 840 1452 910 Scriptura,
1483 858 1588 897 non
1619 843 1857 909 Domini,
1890 845 1984 899 sed
2017 842 2115 898 Ju-

538 930 773 983 daeorum
812 929 1019 984 Pascha
1056 930 1276 985 dicitur.
1324 930 1533 987 Rursus
1565 933 1692 986 alibi
1724 934 1942 1001 inquit:
1981 951 1999 983 ι
2023 932 2115 986 lim

537 1031 662 1075 sunt
701 1020 910 1076 Domini
955 1021 1307 1087 festivitates,
1332 1039 1471 1092 quas
1515 1024 1661 1093 ipsas
1691 1025 1964 1080 vocabitis
1990 1039 2116 1079 san-

537 1124 652 1169 ctas
680 1115 745 1169 "'.
777 1133 795 1165 ι
836 1113 910 1168 Ex
948 1115 1157 1169 Domini
1193 1115 1374 1184 itaque
1408 1131 1542 1171 voce
1575 1131 1680 1170 non
1709 1116 1834 1170 licet
1867 1117 1952 1171 his
1990 1132 2112 1187 qua:

535 1206 843 1267 docuimus,
868 1208 1274 1264 contradicere.
1309 1210 1505 1264 Verum
1538 1224 1605 1263 ex
1636 1210 1876 1279 Epistola
1907 1210 1972 1262 ad
2007 1209 2113 1264 Co-

537 1296 770 1351 rinthios
797 1298 843 1329 ”
872 1298 1232 1367 probabiliter
1270 1300 1469 1370 aliquis
1496 1312 1724 1372 qua-rat,
1755 1318 1855 1357 cur
1881 1302 2114 1371 Aposto-

538 1386 622 1443 lus
673 1388 913 1444 scribat:
951 1409 971 1442 ι
1002 1391 1215 1445 Etenim
1263 1390 1477 1447 Pascha
1522 1401 1774 1447 nostrum
1823 1408 1922 1464 pro
1953 1392 2110 1448 nobis

536 1480 846 1537 immolatus
880 1491 963 1537 est
997 1482 1286 1548 Christus;
1327 1503 1345 1537 ι
1398 1498 1506 1538 non
1549 1484 1692 1538 enim
1741 1485 1821 1541 ait
1852 1503 1864 1539 :
1899 1484 2108 1540 Pascha

534 1571 748 1629 Domini
781 1575 1087 1630 immolatus
1119 1586 1202 1644 est
1233 1576 1503 1633 Christus.
1541 1577 1626 1633 Ad
1657 1594 1779 1648 quae
1819 1579 2109 1635 dicendum

533 1672 641 1730 est,
691 1665 774 1719 vel
825 1666 1144 1736 Apostolum
1177 1668 1379 1724 dixisse
1423 1670 1747 1741 simplicius,
1774 1670 1985 1726 Pascha
2013 1684 2110 1724 no-

535 1763 707 1810 strum
742 1755 1103 1821 immolatum,
1134 1760 1276 1827 quod
1307 1774 1405 1829 pro
1439 1760 1593 1817 nobis
1620 1761 1957 1816 immolatum
1982 1759 2107 1829 fuit,

536 1847 619 1901 vel
652 1862 867 1903 omnem
910 1864 1031 1904 eam
1072 1850 1447 1915 festivitatem,
1475 1866 1596 1921 qua:
1647 1868 1839 1907 revera
1895 1854 1966 1907 sit
2005 1852 2107 1907 Do-

2219 663 2734 733 προσαγορεύονται.
2783 660 2905 715 Τῶν
2955 660 3014 713 δέ
3067 658 3268 733 ἑορτῶν
3314 658 3413 730 μία
3453 657 3571 711 ἐστὶ
3601 658 3686 712 καί
3724 658 3784 710 τὸ

2215 755 2425 825 Πάσχα,
2443 757 2579 827 ὅπερ
2602 758 2659 809 ἐν
2681 758 2747 826 τῇ
2773 754 3111 826 προκειμένῃ
3131 753 3224 807 τοῦ
3249 751 3585 820 Εὐαγγελίου
3606 752 3780 823 Γραιίῂ

2214 846 2275 898 ού
2329 845 2423 899 τοῦ
2468 847 2695 918 Κυρίου,
2731 844 2866 899 ἀλλά
2909 844 3021 898 τῶν
3071 844 3341 899 Ἰουδαίων
3387 837 3530 896 εἶναι
3558 842 3778 910 λέγεται.

2214 939 2325 992 Καὶ
2375 937 2606 1009 ἀλλαχοῦ
2646 938 2724 1001 δὲ,
2747 958 2765 989 ι
2795 933 2985 1001 Abeat,
3033 937 3216 1007 φησιν,
3256 936 3311 987 αἰ
3355 932 3544 1005 ἑορταὶ
3566 931 3781 1002 Κυρίου,

2213 1031 2280 1094 ἃς
2298 1030 2556 1084 καλέσετε
2585 1030 2758 1093 αὐτὰς
2781 1029 2987 1101 κλητάς
3016 1029 3196 1096 ἁγίας.
3236 1046 3254 1078 ι
3294 1024 3430 1079 Ἀπὸ
3449 1024 3551 1096 μὲν
3577 1019 3667 1077 οὖν
3689 1022 3782 1092 τῆς

2212 1120 2305 1175 τοῦ
2357 1122 2561 1194 Κυρίου
2599 1121 2783 1192 φωνῆς
2824 1121 2923 1175 ούκ
2967 1120 3115 1172 ἐστιν
3156 1116 3462 1185 ἀντιλέγειν
3504 1111 3588 1178 οἷς
3625 1131 3779 1185 παρε-

2216 1216 2490 1283 στησαμεν
2531 1210 2661 1282 (17)·
2693 1210 2935 1275 πιθανῶς
2971 1209 3030 1264 δέ
3069 1228 3153 1274 τις
3181 1210 3288 1263 ἀπὸ
3324 1208 3421 1263 τοῦ
3469 1207 3780 1261 Ἀποστόλου

2212 1302 2438 1375 ζητήσει
2463 1305 2520 1357 ἑν
2545 1305 2610 1374 τῇ
2635 1302 2771 1373 πρὸς
2807 1302 3124 1374 Κορινθίους
3149 1301 3580 1371 ἅναγράροντοςο
3618 1317 3635 1350 ι
3679 1299 3779 1351 Kal

2213 1394 2322 1467 γάρ
2374 1394 2434 1448 τὸ
2475 1395 2665 1465 Πάσχα
2718 1394 2873 1466 ἡμῶν
2908 1394 3049 1464 ύπέρ
3093 1392 3251 1465 ἡμῶν
3288 1392 3403 1463 (18)
3452 1390 3618 1462 ἐτύθη
3658 1390 3781 1459 Χρι-

2214 1488 2336 1552 στός
2358 1506 2370 1518 ·
2401 1507 2418 1540 ι
2448 1487 2509 1541 οὐ
2542 1487 2650 1560 γὰρ
2676 1487 2827 1559 φησί·
2863 1487 2935 1540 Τὸ
2966 1486 3159 1558 Πάσχα
3195 1485 3400 1557 Κυρίου
3440 1482 3606 1555 ἐτύθη
3656 1485 3781 1555 Χρι-

2213 1583 2355 1647 στός.
2387 1580 2495 1635 Kal
2526 1581 2661 1652 πρὸς
2693 1579 2849 1633 τούτο
2867 1579 2923 1633 δὲ
2953 1578 3191 1641 λεκτέον,
3219 1577 3337 1648 ἦτοι
3375 1576 3459 1629 ὅτι
3491 1575 3781 1630 ἁπλούστε-

2217 1693 2307 1746 ρον
2345 1675 2538 1745 Πάσχα
2573 1673 2731 1746 ήμῶν
2774 1672 2930 1727 τυθέν
2969 1672 3030 1725 τὸ
3069 1671 3136 1725 δι’
3165 1672 3315 1744 ἡμᾶς
3357 1669 3520 1725 τυθὲν
3549 1670 3780 1742 εἴρηκεν,

2212 1766 2244 1838 ἢ
2276 1770 2356 1822 ότι
2407 1769 2557 1821 πᾶσα
2600 1766 2759 1838 ἑορτὴ
2802 1762 3021 1836 ἀληθῶς
3058 1763 3291 1836 Κυρίου.
3341 1758 3417 1817 ὧν
3454 1762 3554 1835 μία
3588 1763 3702 1816 ἐστί
3727 1762 3783 1815 τὸ

2213 1854 2426 1926 Πάσχα,
2456 1854 2557 1909 οὐκ
2601 1855 2659 1907 ἐν
2700 1853 2874 1925 τούτῳ
2918 1854 2997 1925 τῷ
3031 1852 3208 1918 αἰῶνι,
3248 1853 3371 1907 οὐδὲ
3399 1853 3494 1906 ἐπὶ
3523 1854 3649 1922 γῆς,
3674 1851 3781 1905 ἀλλ’

537 1940 691 2007 mini,
726 1954 955 2009 quarum
992 1957 1097 1995 una
1136 1951 1220 1996 est
1252 1941 1490 2008 Pascha,
1530 1958 1638 1998 non
1671 1943 1722 1998 in
1753 1944 1856 1999 huc
1882 1944 2100 2011 saculo,

2214 1947 2271 1999 ἐν
2308 1946 2386 2017 τῷ
2419 1945 2666 2017 μέλλοντι
2697 1946 2792 1999 καὶ
2839 1948 2895 2000 ὲν
2931 1945 3201 2015 οὐρανοῖς,
3247 1945 3514 2017 ἐνστάσης
3553 1944 3652 2016 τῆς
3696 1944 3783 2014 βο.-

535 2045 709 2101 ueque
742 2046 905 2102 super
936 2042 1158 2099 terram,
1190 2034 1285 2089 sed
1317 2034 1367 2087 in
1400 2033 1585 2090 futuro
1611 2046 1665 2090 et
1706 2036 1760 2089 in
1791 2035 1979 2099 caelis,
2018 2034 2104 2089 in-

533 2134 714 2179 stante
743 2125 1005 2179 cmlorum
1051 2140 1238 2196 regno,
1268 2126 1603 2183 celebratum
1637 2126 1726 2181 iri.
1754 2126 1896 2194 Quin
1926 2127 1992 2182 de
2022 2125 2104 2182 fer

533 2216 869 2271 stivitatibus
916 2218 1022 2272 illis
1061 2234 1201 2273 unus
1238 2220 1521 2275 duodecim
1575 2222 1960 2291 prophetarum
2016 2219 2104 2273 in-

531 2308 652 2378 quit
676 2308 764 2362 ”:
802 2326 821 2360 ι
852 2308 990 2377 Quid
1023 2309 1237 2366 facietis
1270 2312 1320 2365 iu
1352 2313 1539 2369 diebus
1571 2313 1930 2378 celebritatis,
1954 2320 2011 2368 et
2048 2311 2103 2367 in

532 2401 723 2455 diebus
749 2401 1062 2458 festivitatis
1095 2404 1355 2459 Domini?
1391 2424 1410 2458 ι
1450 2406 1513 2461 Et
1541 2408 1593 2461 in
1622 2406 1862 2477 Epistola
1896 2405 1965 2461 ad
1998 2405 2105 2462 ile-

537 2491 710 2547 braeos
738 2492 999 2549 Paulus“
1027 2510 1043 2548 :
1071 2513 1090 2546 ι
1126 2495 1230 2550 Sed
1254 2499 1565 2553 accessistis
1587 2499 1653 2552 ad
1681 2507 1916 2553 montem
1945 2497 2102 2564 Sion,

531 2591 589 2637 et
618 2584 687 2637 ad
713 2583 988 2638 civitatem
1025 2585 1118 2639 Dei
1145 2587 1400 2650 viventis,
1432 2585 1732 2643 Jerusalem
1771 2588 2102 2658 superctele-

529 2683 693 2742 stem,
734 2685 789 2732 et
814 2677 882 2733 ad
911 2678 1183 2748 myriadas
1216 2679 1564 2749 angelorum,
1607 2695 1804 2749 nempe
1848 2681 1916 2734 ad
1962 2680 2104 2735 cele-

531 2767 803 2837 britatem,
830 2777 885 2824 et
923 2770 1224 2829 Ecclesiam
1258 2775 1742 2844 primogenitorum
1770 2773 2101 2843 scriptorum

528 2859 583 2915 in
609 2860 787 2917 caelis.
818 2880 839 2916 ι
876 2861 943 2917 Ει
978 2863 1033 2919 in
1062 2863 1305 2935 Epistola
1337 2866 1402 2920 ad
1430 2864 1785 2921 Colossenses
1809 2863 1893 2916 "z
1932 2881 1952 2916 ι
1983 2863 2100 2919 Non

528 2952 693 3023 igitur
709 2952 918 3022 judicet
944 2955 1141 3024 aliquis
1165 2971 1259 3011 vos
1291 2956 1343 3009 in
1387 2956 1532 3020 cibo,
1555 2965 1611 3011 et
1644 2957 1695 3010 in
1734 2963 1884 3025 potu,
1920 2963 2015 3008 aut
2049 2956 2101 3008 in

526 3054 683 3113 parte
711 3046 816 3101 diei
844 3045 987 3110 festi,
1021 3056 1113 3100 aut
1144 3045 1199 3100 in
1234 3045 1536 3114 novilunio,
1570 3047 1654 3104 vel
1681 3045 1956 3113 Sabbatis,
1982 3060 2103 3117 quae

527 3143 654 3191 sunt
688 3135 879 3192 umbra
911 3136 1241 3193 futurorum.
1268 3160 1286 3191 ι

2210 2038 2415 2103 σιλείας
2462 2037 2573 2093 τῶν
2631 2038 2875 2109 οὐρανῶν
2929 2036 3427 2109 ἐπιτελεσθήσεται.
3495 2038 3607 2091 Kal
3662 2035 3784 2109 περὶ

2208 2130 2431 2184 ἐκείνων
2458 2147 2521 2195 γε
2554 2131 2662 2185 τῶν
2691 2131 2891 2202 ἑορτῶν
2920 2132 2947 2183 ὁ
2996 2130 3094 2201 μὲν
3136 2124 3217 2194 εἷς
3257 2129 3366 2183 τῶν
3405 2128 3615 2182 δώδεκα
3652 2144 3783 2199 προ-

2208 2222 2392 2295 φητῶν
2418 2240 2570 2297 φησν
2620 2244 2639 2277 ι
2680 2224 2744 2276 Τί
2790 2223 3044 2293 ποιήσετε
3069 2223 3126 2276 ἐν
3150 2222 3388 2294 ἡμέραις
3426 2223 3782 2294 πανηγύρεως

2207 2315 2299 2367 καὶ
2340 2317 2397 2369 ἐν
2435 2315 2674 2387 ἡμέραις
2722 2314 2914 2385 ἑορτῆς
2949 2312 3044 2366 τοῦ
3080 2312 3320 2384 Κυρίου;
3355 2332 3372 2364 ι
3417 2315 3448 2367 ὁ
3487 2313 3545 2367 δὲ
3576 2313 3783 2376 Παῦλος

2207 2406 2264 2459 ἐν
2285 2408 2349 2478 τῇ
2375 2406 2512 2478 πρὸς
2550 2405 2835 2477 Ἐϐραίους
2854 2423 2866 2436 ·
2921 2424 2938 2457 ι
2989 2404 3149 2458 Ἀλλά
3178 2405 3619 2477 προσεληλύθατε
3652 2404 3783 2459 Σιιῖιν

2206 2496 2343 2566 ὄρει,
2381 2496 2476 2549 καὶ
2522 2496 2672 2549 πόλει
2713 2495 2849 2549 Θεοῦ
2898 2494 3119 2561 ζῶντος,
3165 2495 3522 2568 Ἰερουσαλὴμ
3564 2496 3784 2566 ἐπουρα-

2205 2587 2303 2659 νίῳ
2323 2588 2416 2642 καὶ
2445 2588 2700 2660 μυριάσιν
2721 2587 2990 2657 ἀγγέλων,
3010 2586 3338 2661 πανηγύρει,
3364 2587 3461 2640 καὶ
3490 2586 3783 2657 Ἐκκλησία

2205 2680 2565 2752 πρωτοτόκων
2604 2679 3111 2751 ἀπογεγραμμένων
3151 2680 3212 2733 ἐν
3231 2679 3505 2751 οὐρανοῖς.
3541 2697 3559 2729 ι
3588 2679 3697 2732 Kal.
3725 2678 3783 2729 ἐν

2202 2774 2272 2843 τῇ
2313 2770 2449 2842 πρὸς
2487 2770 2843 2834 Κολοσσαεῖς’
2878 2789 2895 2821 ι
2927 2768 3018 2840 Μὴ
3054 2764 3147 2822 οὖν
3168 2786 3252 2832 τις
3278 2770 3424 2840 ὑμᾶς
3459 2767 3691 2841 κρινέτω
3727 2770 3786 2821 ἐν

2206 2860 2406 2933 βρώσει
2452 2862 2546 2915 καὶ
2590 2863 2647 2914 ἐν
2683 2861 2860 2924 πόσει,
2896 2860 2930 2929 ἢ
2971 2861 3030 2912 ἐν
3065 2858 3221 2931 μέρει
3260 2858 3475 2931 ἑορτῆς,
3515 2858 3550 2929 ἢ
3586 2873 3786 2929 νουμη·

2204 2953 2342 3018 νίας,
2370 2953 2401 3025 ἢ
2432 2953 2718 3009 σαϐϐάτων
2752 2952 2788 3008 ἆ
2826 2954 2942 3005 ἐστι
2978 2951 3107 3006 σκιά
3141 2951 3251 3005 τῶν
3281 2951 3609 3024 μελλόντων.
3652 2970 3672 3004 ι

602 3226 763 3297 175
793 3225 879 3282 l2.
908 3226 1083 3281 Porro
1113 3236 1315 3293 autem,
1358 3240 1591 3296 quonam
1628 3234 1790 3296 pacto
1833 3225 2100 3282 festivita-

2279 3231 2364 3285 12.
2391 3231 2525 3285 Τίνα
2554 3232 2610 3285 δὲ
2640 3230 2838 3303 τρόπον
2885 3230 2941 3283 ἐν
2972 3229 3082 3292 τοῖς
3122 3228 3470 3299 ἐπουρανίοις
3489 3267 3504 3287 .
3537 3221 3613 3281 ὧν
3654 3226 3785 3281 σκεὰ

529 3328 632 3385 tes,
666 3334 892 3389 quarum
924 3318 1115 3371 umbra
1164 3317 1307 3387 apud
1348 3318 1565 3373 Judazos
1611 3317 1927 3388 corporales
1956 3327 2097 3385 erat,

526 3407 1031 3478 perfectionemque
1072 3406 1197 3462 Filii
1239 3407 1332 3461 Dei
1363 3409 1671 3479 percepturi
1701 3409 1874 3464 simus
1905 3409 1957 3462 in
2006 3424 2100 3464 su»

528 3498 963 3569 perchestibus,
1030 3503 1131 3557 sub
1189 3501 1338 3556 illam
1389 3515 1575 3556 veram
1635 3500 1807 3571 legem
1864 3482 2097 3569 primum

529 3605 822 3661 puerorum
855 3607 1007 3648 more
1039 3594 1288 3650 instructi
1316 3593 1455 3663 apud
1486 3602 1767 3647 curatores
1796 3601 1850 3646 et
1873 3607 2101 3647 meono~

529 3697 670 3748 mos,
706 3685 880 3738 donec
911 3686 1085 3740 aderit
1125 3702 1188 3741 ea
1226 3687 1486 3757 temporis
1526 3685 1802 3756 plenitudo
1837 3701 1958 3755 qua:
1991 3684 2098 3741 illic

526 3782 630 3840 est,
674 3773 910 3832 ofﬁcium
957 3787 1043 3833 est
1092 3777 1236 3833 illius
1285 3777 1570 3849 sapientia:
1600 3793 1721 3848 qua:
1751 3777 1804 3831 in
1837 3778 2098 3848 mysterio

525 3864 850 3920 abscondita
900 3866 1022 3933 fuit,
1075 3868 1425 3923 manifestare
1476 3878 1534 3923 et
1581 3868 1825 3923 contueri
1860 3882 1981 3938 quae
2028 3866 2098 3920 de

524 3955 665 4012 cibis
719 3958 839 4026 lege
888 3960 1231 4025 sanciuntur,
1283 3978 1403 4033 quae
1437 3962 1680 4035 symbola
1730 3970 1855 4016 sunt
1904 3976 2095 4016 eorum

524 4065 645 4122 qua!
672 4051 784 4106 illic
814 4055 1088 4109 nutritura
1119 4066 1271 4122 sunt,
1302 4055 1606 4125 fortemque
1643 4055 1923 4110 redditura
1972 4052 2092 4108 atti-

526 4155 671 4195 tuam
704 4152 963 4197 nostram.
994 4143 1065 4197 At
1094 4159 1221 4199 vero
1245 4145 1476 4215 aliquem
1506 4155 1710 4201 temere
1738 4146 2092 4216 imaginatum

527 4233 695 4290 fulsse
727 4242 999 4290 tantarum
1024 4237 1509 4307 intelligentiarum
1533 4240 1775 4310 pelagus,
1804 4241 2096 4295 volentem-

525 4346 632 4403 que
660 4342 883 4387 servare
924 4334 1198 4402 quomodo
1229 4334 1406 4387 cultus
1437 4335 1721 4404 praesentis
1767 4334 1872 4389 loci
1913 4334 2093 4404 Speci-

527 4438 653 4478 men
685 4433 849 4492 atque
872 4423 1062 4477 umbra
1092 4424 1161 4478 sit
1187 4425 1680 4494 supercmlestium,
1714 4426 2095 4496 volentemque

526 4513 829 4585 intelligere
858 4516 1107 4571 victimas
1128 4527 1180 4572 et
1205 4533 1385 4583 ovem,
1414 4518 1728 4588 praecedere
1751 4532 1814 4571 ac
1832 4530 2094 4585 superare

2206 3325 2358 3395 παρὰ
2418 3327 2530 3388 τοῖς
2594 3324 2925 3394 σωματικοῖς
2984 3319 3255 3384 Ἰουδαίοις
3311 3315 3380 3391 ἦν
3406 3359 3421 3382 ,
3482 3320 3673 3391 ἑορτὰς
3731 3320 3782 3372 οξ

2208 3416 2306 3485 μὲν
2340 3414 2449 3486 (19)
2490 3412 2595 3467 ὑπὸ
2626 3414 2715 3467 τὸν
2756 3412 2931 3484 ἀληθῆ
2975 3412 3236 3483 πρότερον
3275 3411 3783 3482 παιδαγωγούμενοι

2204 3507 2365 3577 νόμον
2398 3506 2548 3577 παρά
2590 3505 2901 3576 ἐπιτρόποις
2947 3505 3036 3557 καὶ
3067 3503 3405 3573 οἰκονόμοις,
3438 3504 3546 3568 ἕως
3570 3503 3630 3557 τὸ
3665 3504 3786 3557 ἐκεῖ

2206 3601 2477 3670 πλήρωμα
2508 3598 2599 3653 τοῦ
2647 3599 2838 3669 χρόνου
2881 3599 3064 3668 ἐνστῇ,
3100 3597 3195 3650 καὶ
3222 3596 3661 3667 τὴντελειότητα
3685 3595 3785 3649 τοῦ

2204 3691 2335 3744 Υἱοῦ
2364 3691 2457 3745 τοῦ
2490 3691 2624 3745 Θεοῦ
2654 3693 3011 3765 χωρήσωμεν,
3053 3689 3211 3761 ἔργον
3239 3690 3433 3758 σοφίας
3457 3690 3557 3761 τῆς
3587 3691 3644 3742 ἐν
3675 3706 3785 3760 μυ-

2205 3784 2411 3854 στηρίῳ
2439 3781 2936 3856 ἀποκεκρυμμένης
2952 3780 3068 3834 ἐστὶ
3094 3778 3426 3852 φανερῶσαι,
3451 3780 3546 3834 καὶ
3572 3780 3639 3833 τὰ
3655 3778 3786 3849 περὶ

2205 3875 2507 3946 βρωμάτων
2556 3874 2988 3946 νομοθετούμενα
3036 3870 3279 3942 σύμϐολα
3325 3870 3437 3924 τῶν
3483 3872 3603 3924 ἐκεῖ
3651 3871 3784 3941 μελ-

2202 3968 2399 4022 λόντων
2450 3967 2689 4040 τρέφειν,
2732 3968 2825 4021 καὶ
2882 3967 3242 4037 ἰσχυροποιεῖν
3276 3963 3438 4034 ἡμῶν
3479 3962 3580 4035 τὴν
3604 3963 3787 4032 ψυχὴν

2202 4060 2535 4130 τυγχάνοντα
2568 4059 2809 4130 θεωρεῖν.
2838 4059 2971 4128 Είκῆ
2998 4057 3053 4110 δὲ
3092 4056 3540 4125 φαντασιωθέντα
3567 4054 3691 4109 τινὰ
3719 4053 3787 4106 τὺ

2202 4150 2435 4218 πέλαγος
2474 4150 2583 4204 τῶν
2634 4148 2898 4202 τοσούτων
2940 4146 3227 4217 νοημάτων
3247 4184 3262 4208 ,
3314 4145 3412 4198 καὶ
3462 4144 3785 4216 βουλόμενον

2203 4241 2373 4295 σῶσαι
2422 4242 2539 4305 πῶς
2583 4243 2615 4313 ή
2666 4241 2805 4295 κατὰ
2848 4241 3010 4292 τόπον
3051 4237 3274 4310 λατρεία
3331 4238 3638 4307 ὑπόδειγμα
3683 4235 3788 4288 καὶ

2203 4337 2329 4390 σκιά
2353 4336 2469 4388 ἐστι
2500 4336 2609 4388 τῶν
2628 4333 2983 4406 ἐπουρανίων,
3005 4331 3074 4385 τά
3098 4348 3156 4384 τε
3188 4330 3408 4402 θύματα
3438 4331 3534 4383 καὶ
3558 4329 3619 4382 τὸ
3648 4327 3790 4397 πρό-

2202 4428 2361 4481 ϐατον
2392 4428 2580 4498 νοῆσαι
2607 4425 2945 4497 βουλόμενον,
2969 4421 3235 4496 προκόψαι
3257 4421 3444 4493 καὶτῷ
3476 4419 3789 4487 ’Δποστόλῳ

2200 4517 2398 4589 ἐπᾶραι
2439 4518 2535 4587 μὲν
2583 4515 2736 4587 ἡμῶν
2779 4514 2840 4568 τὸ
2885 4515 3141 4585 φρόνημα
3183 4511 3499 4585 βουληθέντι
3537 4510 3641 4563 ἀπὸ
3664 4508 3787 4561 τῶν

522 4603 626 4659 erit
655 4603 998 4671 Apostolum,
1044 4608 1134 4675 qui
1185 4610 1524 4678 prudentiam
1567 4609 1788 4679 quidem
1849 4618 2091 4663 nostram

2209 4612 2399 4682 γηίνων
2429 4610 2557 4681 περὶ
2594 4606 2687 4661 τοῦ
2715 4609 2879 4679 νόμου
2906 4606 3210 4676 δογμάτων,
3245 4604 3307 4657 ού
3336 4605 3481 4658 πάνυ
3508 4602 3563 4656 δὲ
3602 4617 3790 4671 παρα-

518 4698 733 4767 erigere
762 4698 932 4753 voluit
961 4716 991 4753 a
1027 4703 1370 4770 dogmatibus
1421 4704 1490 4757 de
1530 4702 1647 4774 lege
1684 4702 1938 4765 terrenis,
1987 4714 2088 4770 pa-

518 4803 638 4843 rum
673 4799 849 4844 tamen
882 4791 1119 4845 ostendit
1150 4793 1420 4862 quomodo
1456 4792 1638 4846 futura
1667 4790 1778 4846 sint
1824 4791 1960 4845 hac.
1994 4789 2088 4843 Sin

517 4894 647 4936 vero
674 4882 838 4936 etiam
873 4881 1214 4948 festivitates,
1240 4899 1471 4954 quarum
1520 4899 1625 4938 una
1664 4891 1748 4937 est
1790 4881 1991 4945 Pacha,
2024 4880 2092 4936 ad

516 4969 758 5026 futurum
793 4972 1048 5028 saeculum
1085 4974 1440 5039 reducuntur,
1475 4973 1653 5028 adhuc
1705 4972 1876 5040 magis
1905 4970 2088 5023 consi-

516 5063 818 5119 derandum
868 5076 953 5121 est
995 5067 1266 5137 quomodo
1319 5067 1486 5120 etiam
1537 5079 1681 5119 nunc
1728 5061 1937 5117 Pascha
1989 5076 2090 5115 no-

513 5165 687 5211 strum
715 5157 1023 5215 immolatus
1054 5160 1127 5215 sit
1150 5159 1400 5217 Christus
1428 5168 1483 5213 et
1510 5158 1561 5211 in
1589 5164 1864 5227 posterum
1892 5155 2087 5208 immo-

512 5250 733 5306 labitur.

585 5342 673 5399 15.
697 5343 963 5398 Caeterum
1001 5343 1067 5397 ad
1094 5343 1235 5397 hanc
1272 5342 1583 5412 dogmatum
1613 5347 1928 5393 nostrorum
1964 5352 2087 5407 per-

510 5433 825 5505 plexitatem
845 5449 1015 5504 pauca
1050 5444 1177 5489 sunt
1204 5434 1363 5489 nobis
1391 5433 1664 5496 addenda,
1691 5444 1812 5497 qua:
1849 5438 2084 5483 tractatu

616 5574 662 5605 ³⁸
698 5572 871 5629 Levit.
903 5588 1065 5632 χχιιι.
1095 5572 1152 5629 2.
1226 5575 1272 5608 ²⁹
1302 5575 1318 5629 Ι
1344 5574 1472 5630 Cor.
1503 5588 1557 5639 v,
1587 5572 1637 5625 7.
1716 5570 1763 5602 '°
1788 5568 1913 5625 Ose.
1942 5584 2021 5634 ις,
2060 5567 2115 5623 5.

580 5684 691 5757 (17)
720 5686 1215 5757 Παρεστήσαμεν.
1246 5683 1338 5741 Sic
1360 5685 1535 5741 codex
1562 5682 1923 5746 Bodleianus;
1960 5680 2081 5736 edi»

508 5754 599 5826 tio:
616 5754 816 5826 liuetii,
840 5757 1286 5826 παρεστήκαμεν.

580 5823 695 5895 (18)
736 5819 1119 5895 Ὑπὲρ
1146 5819 1501 5895 Desitleratttr
1532 5824 1584 5879 in
1605 5823 1847 5881 editione
1874 5819 2078 5887 liuetii,

508 5893 604 5949 scd
646 5896 873 5950 habetur
898 5893 951 5947 in
987 5895 1176 5952 codice
1210 5894 1526 5949 Bodleiano.

2201 4703 2459 4773 στήσαντι
2501 4699 2618 4763 πῶς
2654 4699 2827 4753 ταῦτα
2865 4697 3046 4769 μέλλει
3096 4694 3363 4764 γίνεσθαι.
3418 4694 3545 4747 Ἐἀν
3589 4693 3645 4746 δέ
3682 4691 3789 4744 καὶ

2201 4793 2404 4863 ἑορταὶ,
2436 4785 2511 4846 ὧν
2542 4793 2639 4863 μία
2663 4791 2771 4862 (εο)
2799 4792 2858 4844 τὸ
2881 4790 3071 4860 Πάσχα
3108 4788 3244 4852 ἐστὶ,
3278 4788 3374 4841 καί
3410 4788 3506 4841 ἐπὶ
3534 4787 3622 4840 τὸν
3647 4784 3789 4856 μέλε

2199 4884 2359 4939 λοντα
2378 4884 2665 4953 ἀνάγονται
2686 4882 2878 4945 αἰῶνα,
2905 4880 2983 4935 ἑτι
3007 4880 3206 4952 μᾶλλον
3235 4877 3628 4950 ἐπισκοπητέον
3652 4874 3789 4938 πῶς

2198 4976 2294 5028 καὶ
2344 4974 2440 5029 νῦν
2477 4975 2538 5028 τὸ
2575 4974 2765 5045 Πάσχα
2804 4973 2959 5045 ἡμῶν
3001 4971 3167 5043 ἐτύθη
3213 4971 3484 5042 Χριστὸς,
3514 4971 3606 5024 καὶ
3633 4967 3786 5039 μετά

2197 5066 2367 5120 ταῦτα
2394 5067 2705 5139 τυθήσεται.

2267 5339 2351 5395 15.
2370 5339 2556 5410 Ὀλίγα
2570 5339 2626 5392 δὲ
2651 5340 2731 5403 εἰς
2751 5338 2849 5411 τὴν
2863 5337 3204 5411 ἐπαπόρησιν
3224 5335 3334 5390 τῶν
3351 5336 3634 5408 δογμάτων
3656 5351 3783 5387 πα.-

2196 5429 2447 5501 ραθετέον
2462 5432 2618 5503 ημῶν
2644 5430 2777 5496 ἰδίας
2793 5428 3061 5500 δεομένων
3088 5428 3473 5499 πραγματείας
3489 5425 3785 5498 ἐξαιρέτοιι

2192 5567 2235 5602 ³³
2270 5568 2433 5625 llebr.
2467 5587 2560 5633 xu,
2588 5570 2794 5634 22,23.
2873 5570 2918 5601 ⁸¹
2946 5568 3063 5626 Col.
3100 5583 3164 5636 tt,
3198 5567 3286 5636 16,
3319 5568 3409 5625 17.

2263 5682 2377 5754 (19)
2419 5682 2657 5750 Ἑορτὰς
2683 5685 2736 5737 ot
2766 5682 2903 5752 μέν.
2954 5682 3265 5755 Legendum
3299 5681 3536 5739 fortasse
3576 5681 3790 5753 septa.-

2412 5821 2639 5891 Ἑορταί
2671 5815 2759 5875 ὧν
2779 5824 2909 5891 μία.
2932 5823 3026 5882 Sic
3053 5823 3226 5881 codex
3258 5823 3618 5890 Bodleianus;
3647 5824 3787 5877 edi-

2193 5894 2265 5949 tio
2309 5894 2509 5959 lluetii,
2534 5892 2735 5962 ἑορτῶν
2769 5893 2888 5967 μία.
