3816 6516
80 484 178 538 533

1165 481 1519 541 (ΣΟΜΜΕΝΤ.
1553 483 1620 539 ΙΝ
1653 482 1843 539 JOAN.
1878 481 2112 539 TOMUS
2154 483 2218 537 Χ.

3211 488 3314 543 5M

79 602 161 653 καὶ
178 600 519 666 πολυϐίϐλου,
534 604 732 667 παντὸς
743 621 801 657 τε
814 602 924 674 (21)
939 602 1031 657 τοῦ
1043 601 1185 663 κατὰ
1197 603 1360 673 νόμον
1385 601 1646 674 μυστικοῦ

1753 614 1976 672 egerent
2027 601 2284 672 praecipui
2313 616 2378 656 ac
2412 603 2592 673 magni
2644 601 2789 670 libri,
2824 616 3052 673 quaeque
3090 603 3305 657 omnint

78 693 244 761 λόγου,
256 694 352 748 καὶ
367 694 473 765 ἰδίᾳ
488 694 598 750 τῶν
612 696 752 750 κατά
763 696 862 760 τάς
876 696 1088 769 ἑορτὰς,
1111 696 1205 749 καὶ
1227 695 1307 749 ἔτι
1329 694 1639 766 ἰδικώτερον

79 786 192 858 περὶ
206 784 298 838 τοῦ
321 786 536 857 Πάσχα.
554 786 823 842 Ἰουδαίων
847 789 946 859 μὲν
961 784 1060 842 οὖν
1073 787 1134 841 τὸ
1152 787 1346 857 Πάσχα
1371 786 1642 859 πρόϐατόν

78 875 181 927 ἐστι
202 874 484 946 θυόμενον,
510 876 919 948 λαμϐανόμενον
948 877 1164 948 ἑκάστῳ
1194 880 1316 931 κατ’
1338 877 1518 940 οῐκους
1545 893 1642 930 πα-

78 966 248 1039 τριῶν,
266 970 365 1021 καὶ
377 969 789 1040 ὲπιτελούμενον
816 969 1041 1042 μυριάσι
1065 968 1428 1040 σφαζομέναις
1452 969 1641 1039 ἀμνῶν

79 1061 161 1113 καὶ
180 1060 405 1131 ἐρίφων,
436 1061 645 1115 πλείοσι
673 1062 816 1117 κατά
843 1063 941 1134 τὴν
979 1061 1268 1131 ἀναλογίαν
1287 1060 1381 1115 τοῦ
1406 1060 1641 1133 ἀριθμοῦ

76 1150 171 1203 τῶν
182 1151 348 1205 οἴκων
364 1152 456 1205 τοῦ
471 1152 624 1220 λαοῦ,
645 1154 706 1207 τὸ
732 1153 789 1207 δὲ
814 1156 848 1225 ὴ
855 1154 969 1225 μῶν
992 1154 1132 1226 ὑπὲρ
1147 1154 1301 1225 ἡμῶν
1324 1153 1435 1225 (22)
1452 1153 1644 1225 Πάσχα

76 1245 224 1316 ἐτύθη
247 1247 506 1317 Χριστός.
529 1248 638 1301 Καὶ
661 1247 822 1301 πάλιν
843 1246 1065 1302 ἐκείνων
1101 1245 1198 1318 μὲν
1213 1246 1329 1301 ἔστι
1350 1248 1417 1302 τά
1437 1246 1640 1319 ἄζυμα,

76 1336 465 1407 ἀφανιζομένης
506 1338 689 1410 πάσης
734 1336 914 1410 ζύμης
957 1339 1023 1392 ἐκ
1069 1339 1180 1392 τῶν
1225 1337 1386 1393 οἴκων
1427 1339 1638 1392 αὐτῶν·

78 1430 220 1500 ἡμεῖς
247 1430 303 1481 δὲ
332 1428 668 1501 ἑορτάζομεν
693 1430 757 1483 ού
786 1429 932 1501 ζύμῃ
969 1429 1193 1502 παλαιᾷ,
1221 1430 1343 1484 οὐδὲ
1366 1430 1511 1502 ζύμῃ
1541 1447 1643 1485 κα-

78 1522 183 1585 κίας
234 1522 332 1574 καὶ
364 1522 651 1593 πονηρίας,
672 1520 787 1575 ἀλλ’
817 1524 874 1576 ὲν
903 1522 1131 1594 ἀζύμοις
1163 1522 1507 1593 είλικρινείας
1551 1523 1644 1575 καὶ

77 1610 332 1681 ἀληθείας.
367 1611 430 1663 Ei
471 1611 528 1663 δέ
553 1613 671 1665 ἐστί
697 1630 754 1666 τι
786 1613 969 1685 τρίτον
996 1613 1145 1686 παρά
1171 1612 1241 1667 τά
1262 1613 1528 1686 είρημένα
1550 1613 1644 1667 δύο

78 1702 247 1771 Πάσχα
272 1701 371 1754 τοῦ
398 1703 605 1773 Κυρίου
634 1705 729 1757 καὶ
766 1704 1016 1775 Ἀζύμων
1041 1704 1225 1777 ἑορτὴ,
1255 1705 1644 1777 ἀκριϐέστερον

78 1793 373 1857 ἐξεταστέον
417 1793 508 1847 διὰ
549 1796 609 1849 τὸ
656 1797 1017 1868 ὑποδείγματι
1059 1798 1154 1852 καὶ
1201 1800 1331 1869 σκιᾷ
1365 1797 1645 1869 λατρεύειν

77 1882 296 1946 ἐκείνους
320 1881 434 1936 τῶν
463 1885 805 1957 ἐπουρανίων
833 1888 1079 1954 ἐκείνων,
1111 1890 1207 1943 καὶ
1232 1890 1293 1943 οὐ
1330 1890 1488 1960 μόνον
1514 1889 1646 1962 βρώ-

1752 696 2092 764 requirerent
2119 693 2401 764 mysticam
2429 694 2479 746 in
2506 692 2623 762 lege
2644 693 2994 748 exsistentem
3026 692 3312 752 rationem,

1748 795 1803 840 et
1835 785 2134 853 pra-sertim
2187 800 2369 840 rerum
2406 799 2592 839 earnm
2640 786 2905 840 rationem
2935 800 3054 854 qua:
3084 793 3208 837 sunt
3262 784 3313 836 in

1750 876 2159 938 festivitatibus,
2193 883 2360 944 atque
2393 875 2557 929 etiam
2603 877 2776 945 magis
2822 875 3092 946 praecipue
3128 890 3316 930 ent-mn

1748 982 1869 1036 qua:
1894 967 1961 1023 ad
1993 967 2199 1024 Pascha
2238 968 2534 1037 pertinent.
2558 968 2824 1035 Quocirca
2851 968 3160 1025 Iudaeorum
3192 968 3315 1034 qni-

1748 1062 1871 1116 dem
1918 1059 2152 1126 Pascha,
2193 1062 2313 1116 ovis
2344 1069 2579 1129 estquae
2623 1062 2958 1129 immolatur,
2995 1076 3157 1132 quam
3203 1060 3320 1115 sin-

1748 1154 1858 1226 guli
1890 1155 1991 1210 sibi
2021 1164 2245 1209 sumunt
2274 1168 2368 1224 per
2394 1155 2584 1211 domos
2616 1155 2970 1219 familiarum,
3000 1167 3053 1209 et
3097 1152 3319 1223 perfici-

1751 1254 1840 1300 tur
1864 1261 1988 1301 cum
2017 1246 2262 1315 pluribus
2295 1247 2629 1319 myriadibus
2656 1262 2916 1316 agnorum
2951 1257 3006 1300 ct
3038 1246 3316 1302 haedorum

1748 1339 1966 1403 occisis,
1993 1341 2145 1410 juxta
2183 1341 2596 1410 proportionem
2642 1340 2856 1396 numeri
2889 1342 3172 1396 domorum
3220 1355 3318 1409 po-

1751 1432 1906 1499 puli;
1950 1443 2197 1486 nostrum
2234 1444 2362 1486 vero
2409 1429 2616 1487 Pascha
2657 1448 2752 1502 pro
2794 1431 2951 1488 nobis
3003 1430 3316 1486 immolatus

1750 1531 1833 1577 est
1867 1522 2134 1579 Christus.
2186 1522 2397 1579 Rursus
2447 1523 2522 1577 illi
2581 1539 2771 1595 azyma
2822 1523 3041 1588 habent,
3097 1535 3321 1577 cessare

1751 1613 2013 1670 facientes
2045 1615 2112 1669 de
2162 1615 2415 1670 domibus
2456 1614 2569 1669 suis
2618 1629 2780 1669 omne
2819 1613 3190 1674 fermentum;
3222 1625 3321 1665 nos

1752 1713 1932 1759 autem
1957 1704 2280 1761 leStivitates
2303 1705 2514 1775 agimus
2541 1723 2560 1757 ι
2600 1720 2706 1760 non
2734 1705 2787 1760 in
2811 1702 3081 1760 fermento
3111 1711 3318 1767 vetere,

1753 1811 1931 1867 neque
1968 1797 2022 1850 in
2069 1796 2335 1852 fermento
2385 1796 2607 1851 malitia:
2678 1806 2734 1851 et
2789 1795 3068 1865 nequitiae,
3110 1794 3205 1849 sed
3265 1793 3318 1848 in

1753 1890 1961 1961 azymis
1988 1890 2324 1946 sinceritatis
2356 1900 2414 1946 et
2437 1891 2689 1947 veritatis
2708 1891 2776 1944 ³⁸.
2812 1908 2831 1943 ι
2852 1891 2932 1946 An
2961 1903 3091 1946 vero
3121 1898 3324 1958 praeter

82 1992 227 2045 ματα,
250 1978 349 2030 καὶ
381 1979 624 2049 πόματα,
646 1981 739 2034 καὶ
766 1982 1077 2053 νεομηνίας,
1100 1982 1194 2037 καὶ
1226 1982 1493 2048 σάϐϐατα,
1517 1983 1646 2038 ἀλλά

1755 1983 1841 2037 illa
1867 1984 1975 2038 duo
2008 1999 2130 2055 qua:
2152 1985 2413 2049 diximus,
2448 1985 2522 2039 sit
2547 1985 2824 2054 quoddam
2856 1986 3076 2039 tertium
3106 1980 3320 2037 Pascha

79 2067 157 2118 ni.
182 2067 276 2131 τάς
304 2069 502 2141 ἑορτὰς
546 2072 706 2125 σκιάν
741 2068 881 2125 εἶναι
919 2073 1028 2127 τῶν
1070 2074 1392 2145 μελλόντων.
1423 2075 1646 2147 Πρῶτον

79 2156 131 2229 δὴ
152 2160 235 2212 τοῦ
264 2162 594 2216 Ἀποστόλου
613 2163 863 2232 λέγοντος
885 2182 900 2195 ·
931 2185 949 2216 ι
985 2166 1058 2219 Τὸ
1078 2167 1281 2238 ’Πάσχα
1302 2167 1458 2239 ἡμῶν
1482 2167 1645 2238 ἐτύθη

81 2251 311 2321 Χριστὸς,
352 2274 373 2307 ι
404 2256 746 2327 ὲπαπορήσει
772 2274 856 2321 τις
882 2258 1018 2329 πρὸς
1042 2258 1205 2312 αὐτὸν
1229 2258 1434 2313 ταῦτα.
1467 2260 1530 2312 Ei
1555 2262 1649 2313 τύ-

82 2360 166 2409 πος
191 2348 303 2401 ἐστὶ
330 2347 435 2418 τῆς
457 2349 695 2419 Χριστοῦ
716 2349 924 2413 θύσεως
948 2350 1008 2403 τὸ
1034 2351 1183 2423 παρά
1220 2351 1491 2415 Ἰουδαίοις
1516 2352 1648 2424 πρό-

82 2435 243 2503 ϐατον,
272 2440 397 2511 ἦτοι
431 2441 600 2512 ἐχρῆν
630 2441 709 2507 ἒν,
738 2442 835 2496 καὶ
861 2442 934 2513 μὴ
961 2442 1130 2496 πολλά
1157 2442 1379 2496 θύεσθαι
1402 2444 1530 2514 παρ’
1553 2444 1649 2497 αὑ-

82 2533 176 2593 ταῖς
200 2532 469 2603 πρόϐατα,
503 2532 690 2606 ῶσπερ
725 2529 807 2598 εἷς
838 2535 986 2587 ἐστιν
1013 2537 1042 2588 ὁ
1067 2535 1300 2606 Χριστός
1319 2553 1333 2566 ·
1370 2536 1403 2607 ἢ
1438 2536 1648 2589 πολλῶν

84 2620 335 2694 θυομένων
363 2626 677 2697 προϐάτων,
709 2628 874 2681 οἱονεὶ
908 2628 1135 2691 πολλοὺς
1160 2627 1428 2700 Χριστοὺς
1451 2628 1648 2699 θυομέ-

82 2730 188 2778 νους
226 2717 539 2781 ἀκολούθως
586 2718 666 2789 τῷ
707 2718 884 2789 τύπῳ.
918 2719 1224 2791 Ζητητέον,
1266 2721 1353 2773 ἵνα
1394 2719 1451 2773 δὲ
1491 2720 1649 2774 τοῦτο

86 2809 590 2881 παραπεμψώμεθα,
626 2810 740 2875 πῶς
783 2811 845 2864 τὸ
894 2810 1158 2882 θυόμενον
1203 2812 1473 2883 πρόϐατον
1510 2814 1647 2883 Χρι-

88 2899 193 2952 στοῦ
217 2902 463 2973 περιέχει
504 2903 686 2957 είκόνα
713 2903 807 2956 τοῦ
847 2904 946 2974 μὲν
980 2902 1254 2976 προϐάτου
1284 2903 1388 2957 ὑπὸ
1412 2904 1519 2957 τῶν
1550 2923 1648 2977 τη-

91 2992 299 3061 ρούντων
337 2995 433 3048 τὸν
467 2995 631 3066 νόμον
679 2994 937 3066 θυομένου
965 3038 978 3059 ,
1010 2996 1249 3067 Χριστοῦ
1292 2995 1349 3051 δὲ
1390 2995 1497 3050 ὑπὸ
1540 2997 1648 3051 τῶν

92 3084 516 3154 παραϐαινόντων
544 3086 709 3141 αὑτὸν
739 3087 1127 3158 ἀναιρουμένου
1147 3105 1160 3118 ·
1207 3088 1287 3143 ἔτι
1320 3088 1378 3142 δὲ
1414 3090 1531 3153 πῶς
1557 3090 1649 3142 ἐπὶ

91 3174 297 3245 Χριστοῦ
349 3176 448 3229 τό’
490 3195 510 3227 ι
544 3177 814 3245 ἤάγονται
858 3177 927 3231 τά
972 3177 1108 3249 κρέα
1153 3178 1325 3251 ταύτῃ
1374 3181 1439 3251 τῇ
1491 3181 1648 3233 νυκτὶ

92 3264 208 3318 ὀπτὴ
239 3268 394 3338 πυρὶ,
420 3267 516 3319 καὶ
540 3265 728 3338 ἄζυμα
752 3268 845 3320 ἐπὶ
877 3267 1140 3339 πικρίδων
1161 3267 1389 3332 ἔδονται,
1426 3287 1445 3321 ι
1477 3270 1650 3340 ἑρμῖν’

1756 2078 1989 2143 Domini,
2020 2086 2076 2132 et
2104 2076 2373 2133 festivitas
2394 2093 2730 2148 azymorum,
2776 2078 3084 2132 accuratius
3109 2074 3325 2131 exami-

1754 2169 1991 2224 nandum
2019 2178 2123 2237 est,
2158 2184 2225 2225 eo
2252 2170 2396 2239 quod
2422 2170 2509 2224 illa
2543 2169 2789 2238 exemplo
2823 2177 2875 2223 et
2900 2169 3106 2222 umbra:
3139 2183 3320 2222 rerum

1753 2260 2228 2331 supercmlestium
2257 2261 2525 2322 serviant,
2555 2274 2652 2315 nec
2683 2271 2891 2314 tantum
2922 2260 3051 2325 cibi,
3082 2268 3138 2313 et
3169 2274 3321 2324 vasa,

1753 2362 1809 2408 et
1857 2350 2157 2416 novilunia,
2215 2358 2272 2406 et
2317 2348 2576 2415 Sabhata,
2632 2350 2728 2406 sed
2781 2350 2945 2405 etiam
2996 2348 3324 2405 festivitates

1754 2441 1960 2496 umbrat
1994 2440 2106 2496 sint
2131 2440 2458 2496 futurorum.
2498 2439 2737 2495 Primum
2769 2441 2933 2511 igitur
2956 2442 3214 2510 Apostolo
3239 2444 3325 2497 di-

1753 2543 1950 2589 cente:
1988 2550 2007 2584 ι
2032 2531 2241 2589 Pascha
2262 2543 2506 2589 nostrum
2534 2531 2847 2587 immolatus
2869 2528 3315 2594 estChristus”,t

1756 2622 1822 2677 de
1870 2621 2021 2677 bisce
2073 2621 2341 2677 dubitabit
2388 2621 2608 2692 aliquis,
2664 2621 2852 2677 dicens
2891 2621 2993 2677 :Si
3026 2623 3145 2677 ovis
3177 2626 3323 2694 apud

1753 2712 1967 2769 Iudaeos
1995 2714 2169 2784 ligura
2196 2722 2313 2768 erat
2347 2713 2730 2770 immolationis
2758 2715 2987 2780 Christi,
3021 2715 3104 2770 vel
3156 2732 3324 2785 opor-

1757 2806 1926 2861 tuisse
1963 2821 2150 2869 unam,
2200 2819 2305 2859 non
2345 2805 2530 2874 plures
2556 2820 2684 2860 oves
2720 2805 3011 2870 immolari,
3060 2808 3326 2876 quemad.

1757 2896 1974 2951 modum
2027 2911 2167 2951 unus
2219 2896 2380 2967 1'76
2417 2906 2500 2950 est
2547 2896 2818 2962 Christus,
2866 2896 2948 2951 vel
2976 2912 3100 2951 cum
3142 2900 3324 2953 multa:

1758 2989 2173 3044 immolarentur
2220 3004 2368 3054 oves,
2410 2989 2607 3045 multos
2641 2990 2831 3054 etiam,
2878 3000 2938 3045 ut
2984 2991 3057 3045 ita
3106 2990 3319 3063 loquar,

1756 3081 2115 3137 immolandos
2159 3081 2327 3136 fuisse
2364 3081 2615 3137 Cbristos
2661 3093 3062 3152 consequenter
3113 3087 3321 3155 lignraz.

1758 3172 1828 3231 Ut
1879 3189 2062 3230 autem
2126 3174 2230 3230 hoc
2278 3175 2798 3245 praetermittamus,
2846 3180 3192 3248 quaerendum
3240 3191 3325 3235 est

1758 3268 2034 3338 quomodo
2075 3266 2196 3322 ovis
2239 3282 2362 3337 quae
2431 3267 2744 3322 immolatur
2796 3270 3076 3326 contineat
3119 3270 3321 3326 Christi

92 3356 308 3411 νευτέονο
345 3358 445 3411 καὶ
465 3358 526 3411 τό
544 3374 560 3390 ο
590 3377 608 3409 ι
648 3360 764 3412 Ούκ
796 3358 978 3412 ἕδεσθε
1002 3360 1095 3413 ἀπ’
1121 3361 1301 3415 αὐτῶν
1326 3361 1498 3434 ὠμὸν,
1526 3363 1646 3417 οὐδὲ

1754 3360 2066 3430 imaginem,
2103 3375 2225 3414 cum
2255 3362 2370 3416 haec
2408 3361 2630 3430 quidem
2675 3360 2986 3416 immoletur
3021 3362 3090 3418 ab
3131 3364 3197 3418 iis
3230 3365 3324 3433 qni

92 3443 341 3515 ἡψημένον
370 3447 431 3500 ὲν
456 3447 630 3512 ὕδατι,
668 3448 786 3502 ἀλλ’
833 3448 866 3518 ἦ
900 3448 1041 3502 ὀπτὰ
1074 3455 1208 3522 πυρί
1228 3468 1242 3480 ·
1283 3452 1524 3524 κεφαλὴν
1550 3453 1648 3506 σὺν

93 3539 183 3600 τοῖς
208 3541 327 3592 ποσὶ
354 3539 452 3592 καὶ
472 3542 585 3602 τοῖς
613 3538 901 3606 ὲνδοσθίοις
924 3558 938 3572 ·
964 3543 1063 3597 οὐκ
1088 3542 1409 3616 άπολείψετε
1437 3545 1529 3598 ἀπ’
1550 3545 1648 3597 αύ-

95 3628 181 3679 τῶν
202 3629 302 3694 ἕως
329 3630 501 3702 πρωῒ,
528 3631 625 3684 καὶ
650 3631 841 3685 ὀστοῦν
868 3632 929 3685 ού
965 3632 1281 3706 συντρίψετε
1310 3634 1403 3691 ἀπ’
1432 3634 1610 3689 αὐτῶν
1631 3652 1645 3666 ·

94 3718 150 3773 τὰ
176 3720 224 3775 δὲ
247 3723 687 3794 καταλειπόμενα
725 3726 822 3777 ἀπ’
853 3724 1034 3779 αὐτῶν
1062 3726 1167 3790 ἓως
1201 3725 1347 3797 πρωῒ
1374 3726 1651 3779 κατακαύ-

98 3826 211 3864 sats.
247 3834 263 3864 ι
298 3816 487 3869 Ἐοικε
528 3816 584 3869 δὲ
626 3814 733 3887 τῷ,
774 3835 792 3867 ε
835 3816 1054 3871 Ὀστοῦν
1093 3818 1153 3871 ού
1196 3818 1514 3889 συντρίψετε
1555 3819 1647 3871 ἀπ’

98 3904 232 3957 αὺτοῦ
262 3907 399 3977 (9.5),
438 3928 458 3961 ι
493 3909 524 3959 ὁ
558 3909 813 3980 Ἰωάννης
855 3910 914 3963 ὲν
951 3908 1030 3981 τῷ
1076 3910 1395 3981 Εὑαγγελίῳ
1446 3910 1649 3981 κεχρῆ-

99 3998 218 4062 σθαι,
247 4001 321 4065 ὡς
351 4001 750 4073 ἀναφερομένῳ
779 4002 871 4055 ἐπὶ
899 4002 998 4072 τὴν
1026 4004 1155 4074 περὶ
1181 4004 1275 4056 τὸν
1308 4003 1536 4076 Σωτῆρα
1569 4006 1647 4057 oi-

100 4092 359 4161 κουομίαν,
414 4094 513 4145 καὶ
560 4093 650 4145 ὅτε
684 4095 743 4146 ὲν
786 4092 864 4163 τῷ
914 4093 1064 4165 νόμῳ
1096 4093 1208 4166 (94)
1246 4095 1554 4149 κελεύονται
1589 4096 1651 4148 τὸ

100 4184 328 4252 πρόϐατον
357 4184 632 4250 ἐσθίοντες
662 4182 853 4239 ὀστοῦν
885 4186 1049 4240 αὐτοῦ
1088 4187 1161 4258 μὴ
1192 4187 1519 4259 συντρίϐειν.
1551 4188 1652 4240 Λέ-

100 4289 168 4338 γει
192 4275 241 4328 δὲ
267 4276 438 4340 οὕτως
464 4293 479 4306 ·
521 4295 539 4327 ι
568 4273 772 4331 *Ηλθον
802 4273 896 4331 οῦν
936 4280 986 4331 οἱ
1019 4278 1348 4349 στρατιῶται
1376 4318 1391 4341 ,
1422 4280 1517 4332 καὶ
1555 4279 1648 4332 τοῦ

104 4368 179 4433 μὲν
216 4368 424 4441 πρώτου
468 4369 742 4436 κατέαξαν
780 4371 849 4424 τά
889 4371 1075 4442 σκέλη,
1102 4372 1195 4425 καὶ
1229 4371 1322 4425 τοῦ
1367 4372 1527 4427 ἄλλου
1556 4372 1647 4426 τοῦ

104 4461 542 4533 συπαυρωθέντος
571 4461 722 4532 αὐτῷ
746 4478 759 4492 ⁸
803 4463 897 4514 ἐπὶ
937 4461 993 4515 δὲ
1022 4462 1112 4515 τὸν
1149 4463 1356 4534 Ἰησοῦν
1385 4462 1647 4527 ἐλθόντες,

102 4548 161 4610 ὡς
200 4547 323 4606 εἶδον
355 4553 457 4624 ήδη
502 4553 664 4607 αὐτὸν
696 4553 995 4624 τεθνηκότα
1018 4595 1033 4618 ,
1066 4556 1127 4608 οὐ
1170 4554 1438 4619 κατέαξαν
1486 4557 1649 4609 αὑτοῦ

104 4640 157 4691 τὲ
176 4644 342 4716 σκέλη,
378 4645 498 4699 ἀλλ’
526 4641 608 4709 εἷς
634 4646 744 4699 τῶν
774 4645 1129 4718 στρατιωτῶν
1160 4646 1330 4719 λόγχῃ
1362 4647 1462 4719 τὴν
1495 4647 1652 4699 πλευο

108 4732 186 4799 ρᾶν
215 4736 368 4789 αὐτοῦ
392 4737 571 4801 ἓνυξε.
609 4738 727 4791 Καὶ
759 4737 978 4809 ἐξῆλθεν
1003 4737 1163 4802 εὐθὺς
1190 4734 1328 4809 αἷμα
1365 4740 1459 4791 καὶ
1483 4738 1649 4811 ὓδωρ.

109 4822 193 4876 Καὶ
228 4828 255 4879 ὁ
290 4827 552 4899 ἑωρακὼς
609 4830 1037 4902 μεμαρτύρηκε,
1074 4831 1168 4884 καὶ
1214 4830 1440 4902 ἀληθινὴ
1484 4831 1650 4884 αὐτοῦ

110 4914 226 4970 ἐστιν
250 4920 281 4989 ἡ
306 4920 601 4992 μαρτυρία.
627 4921 735 4973 Καὶ
763 4924 969 4985 ἐκεῖνος
995 4916 1155 4987 οἶδεν,
1180 4923 1261 4975 ὃτι
1284 4923 1454 4994 ἀληθῆ
1482 4924 1649 4993 λέγει,

110 5002 177 5056 ἵνα
201 5009 285 5060 καὶ
314 5011 467 5081 spei;
498 5011 810 5082 πιστεύητε.
855 5013 1104 5080 Ἐγένετο
1135 5014 1245 5086 γάρ
1274 5014 1464 5078 ταῦτα,
1494 5015 1580 5067 ἵνα
1609 5018 1641 5087 ή

112 5095 264 5171 Pyrgi;
285 5103 542 5176 πληρωθῇ
559 5122 572 5135 ’
591 5106 847 5160 Ὀστοῦν
859 5107 1045 5161 αὑτοῦ
1065 5110 1137 5162 οὐ
1153 5108 1601 5175 συντριϐήσετε.
1628 5130 1645 5161 ι

112 5188 195 5242 Καὶ
214 5193 334 5248 ἀλλα
352 5197 407 5250 δὲ
438 5197 615 5269 μυρία
649 5197 801 5270 παρὰ
827 5198 1000 5254 ταῦτά
1032 5202 1148 5253 ἐστι
1174 5198 1245 5253 τά
1270 5200 1405 5271 πρὸς
1428 5200 1525 5271 τὴν
1550 5200 1644 5254 τοῦ

121 5276 398 5340 “manu
444 5288 593 5353 λέξιν
631 5289 1188 5361 ἀναζητηθησόμενα,
1233 5291 1327 5344 καὶ
1377 5291 1505 5361 περὶ
1554 5291 1648 5345 τοῦ

1751 3461 1974 3507 servant
2033 3449 2227 3521 legem,
2274 3450 2526 3507 Christus
2577 3466 2704 3506 vero
2752 3452 3098 3509 interimatur
3136 3456 3204 3510 ah
3238 3456 3325 3510 his

1750 3546 1842 3615 qui
1867 3559 1985 3600 eam
2037 3546 2537 3616 transgrediuntur.
2588 3546 2972 3616 lnquirendum
3027 3558 3112 3604 est
3153 3550 3320 3606 ctiam

1752 3637 2018 3704 quomodo
2071 3636 2138 3691 de
2196 3636 2413 3691 Christo
2465 3636 2598 3692 illud
2664 3638 3133 3704 interpretandum
3185 3640 3256 3694 sit
3305 3656 3319 3693 :

1757 3745 1777 3779 ι
1818 3726 1988 3781 Edent
2030 3742 2224 3782 carnes
2273 3729 2376 3782 hac
2424 3736 2582 3783 nocte
2630 3742 2785 3783 assas
2832 3730 2965 3797 igni,
3020 3738 3076 3785 et
3126 3746 3318 3802 azyma

1751 3819 1911 3875 edent
1944 3835 2066 3873 cum
2098 3820 2336 3891 intyhis;
2375 3838 2394 3873 ι
2431 3828 2483 3873 et
2516 3819 2687 3875 illud:
2730 3838 2747 3870 ι
2784 3820 2901 3875 Non
2936 3822 3233 3878 comedetis
3253 3840 3323 3880 ex

1750 3914 1831 3967 eis
1865 3917 2113 3978 crudum,
2144 3927 2319 3981 neque
2346 3912 2606 3967 elixatum
2638 3927 2804 3983 aqua,
2833 3915 2927 3969 sed
2957 3923 3166 3970 tantum
3199 3934 3321 3972 assa

1754 4006 1858 4075 igni
1892 4025 1903 4060 :
1939 4014 2099 4074 caput
2121 4018 2244 4058 cum
2277 4004 2520 4074 pedibus,
2543 4012 2598 4057 et
2619 4003 2896 4060 intestinis
2928 4004 3321 4082 [comedetis],

1754 4114 1851 4153 nec
1884 4096 2200 4164 relinquetis
2230 4110 2295 4151 ex
2328 4096 2409 4150 eis
2439 4110 2609 4165 usque
2637 4111 2813 4161 mane,
2845 4105 2899 4152 et
2937 4113 3001 4154 os
3041 4114 3148 4154 non
3177 4116 3324 4155 com-

1754 4188 2012 4243 minuetis
2042 4203 2104 4241 ex
2132 4187 2213 4241 eis
2240 4203 2254 4252 ;
2290 4196 2344 4241 et
2373 4201 2496 4255 quae
2520 4201 2585 4240 ex
2610 4187 2690 4241 eis
2719 4188 2932 4243 residua
2958 4200 3120 4244 erunt
3150 4206 3324 4261 usque

1754 4295 1932 4346 mane,
1957 4279 2284 4335 comburetis
2306 4279 2373 4332 ³⁸.
2417 4298 2436 4330 ι
2477 4277 2702 4334 Videtur
2731 4288 2910 4336 autem
2947 4283 2998 4337 in
3028 4283 3325 4355 Evangelio

1751 4367 1991 4425 Joannes
2023 4370 2069 4401 ³⁸
2096 4370 2172 4423 uti
2214 4370 2318 4425 hoc
2348 4370 2515 4437 dicto,
2559 4389 2578 4421 ι
2612 4384 2676 4425 os
2704 4385 2809 4426 non
2845 4374 3225 4431 comminuetis
3258 4394 3325 4432 ex

1751 4476 1837 4525 eo,
1872 4481 1892 4512 ι
1929 4461 2152 4530 perinde
2188 4462 2343 4531 quasi
2376 4460 2643 4516 referatur
2680 4464 2747 4518 ad
2793 4467 3153 4527 oeconomiam
3190 4467 3322 4523 Ser-

1756 4554 1978 4618 vatoris,
2003 4566 2057 4607 et
2082 4554 2147 4606 ad
2174 4551 2303 4606 illud
2333 4559 2562 4620 tempus,
2588 4554 2809 4620 quando
2832 4554 2884 4608 in
2916 4555 3038 4626 lege
3061 4556 3323 4627 iubentur

1753 4661 1906 4701 ovem
1943 4646 2288 4702 comedentes
2327 4658 2389 4699 os
2431 4661 2540 4701 non
2600 4654 2902 4701 conterere.
2955 4648 3092 4703 Dicit
3139 4660 3321 4703 autem

1763 4740 1839 4794 sic
1867 4739 1911 4770 ⁸⁷
1946 4756 1959 4791 :
1989 4755 2010 4788 ι
2041 4735 2319 4790 Venerunt
2361 4749 2491 4804 ergo
2544 4735 2770 4801 milites,
2805 4747 2859 4792 et
2888 4736 3049 4806 primi
3104 4739 3321 4806 quidem

1755 4827 2037 4898 fregerunt
2067 4839 2250 4890 crura,
2292 4832 2348 4879 et
2374 4823 2621 4890 alterius,
2650 4826 2740 4894 qui
2771 4840 2894 4881 cum
2926 4840 2991 4880 eo
3029 4826 3323 4884 cruciﬁxus

1754 4928 1872 4975 erat
1899 4937 1913 4973 :
1952 4920 2019 4972 ad
2050 4916 2236 4971 Jesum
2277 4927 2459 4972 autem
2488 4931 2613 4971 cum
2642 4916 2941 4982 venissent,
2971 4924 3030 4969 ut
3070 4915 3323 4973 viderunt

1755 5024 1876 5064 eum
1903 5007 2015 5079 jam
2052 5017 2346 5072 mortuum,
2394 5024 2501 5063 non
2552 5008 2833 5077 fregerunt
2859 5005 2978 5074 ejus
3003 5022 3184 5073 crura,
3225 5013 3321 5065 sed

1757 5116 1893 5155 unus
1922 5100 2149 5153 militum
2187 5098 2377 5155 lancea
2430 5100 2572 5153 latus
2615 5098 2733 5167 ejus
2765 5096 2916 5151 fudit.
2967 5098 3032 5152 Et
3062 5099 3321 5155 continuo

1755 5192 1960 5247 elllnxit
1987 5192 2207 5262 sanguis
2236 5200 2290 5246 et
2325 5206 2484 5260 aqua.
2543 5190 2607 5244 Et
2637 5189 2730 5259 qui
2757 5189 2913 5253 vidit,
2952 5191 3318 5246 testimonium

1757 5287 2053 5359 perhibuit,
2091 5296 2147 5340 et
2191 5299 2382 5340 verum
2433 5293 2516 5339 est
2560 5283 2928 5339 testimonium
2962 5283 3099 5355 ejus.
3132 5284 3199 5339 Et
3233 5283 3322 5340 ille

170 5462 366 5524 "lCor.
412 5485 467 5535 v,
497 5470 553 5525 8.
631 5472 676 5503 “
711 5470 837 5526 ibid.
886 5472 937 5527 7.
1018 5472 1277 5528 ".Exod.
1315 5489 1414 5539 xu,
1450 5471 1483 5527 8
1516 5487 1631 5542 seq.
1710 5470 1928 5528 "Joan.
1963 5487 2075 5537 xxx,
2103 5471 2191 5525 36.
2270 5468 2313 5500 ³⁷
2343 5465 2475 5522 ibid.
2511 5465 2582 5519 5‘1
2607 5473 2660 5519 et
2690 5478 2843 5534 seqq.

84 5554 89 5603 1

154 5645 476 5723 (2|_)11_md¢
490 5670 575 5709 τε,
588 5652 816 5709 Videtur
831 5653 1028 5723 legisse
1042 5651 1209 5706 Ferra
1216 5652 1257 5705 ri
1266 5652 1553 5723 "fitng
1565 5667 1646 5723 τε.

162 5718 257 5786 (2‘2)
289 5718 666 5793 Tzep'ripdm
719 5718 985 5779 Deest'in
1031 5723 1269 5778 editione
1298 5722 1501 5789 Huetii,
1554 5722 1648 5777 sed

90 5793 262 5895 Pexstat
287 5793 338 5844 in
359 5794 545 5847 codice
572 5793 891 5847 Bodleiano.

172 5854 266 5895 {ﬁt
295 5864 364 5895 τ’).
380 5861 445 5895 aa
469 5879 619 5895 νη...
639 5864 891 5895 πρυ-ηιμ..

134 5868 139 5873 ’
172 5854 266 5927 (‘23)
295 5861 445 5916 Τὰδὲ
469 5864 948 5932 καταλειπόμενα
979 5863 1081 5917 ἀπ’
1107 5861 1307 5917 αὐτῶν
1338 5861 1449 5926 ἓως
1474 5861 1643 5929 πρωῒ,

123 5933 708 5989 ωτακαύσετε.Ἔοικε
807 5932 908 5999 τῷ,
935 5932 1181 5988 Ὀστοῦν
1195 5935 1265 5987 οὺ
1285 5932 1645 6000 συντρίψετε

86 5608 99 5801 l

1756 5654 1858 5707 ἀπ’
1892 5651 2099 5705 αὑτοῦ.
2130 5649 2253 5705 Haec
2281 5648 2662 5705 desiderantur
2695 5649 2749 5703 in
2776 5650 2964 5705 codice
3001 5648 3317 5710 Bodleiano,

1758 5736 1860 5802 nec
1891 5721 2114 5791 proinde
2143 5720 2329 5776 Latine
2365 5735 2519 5775 versa
2560 5728 2687 5775 sunt
2733 5719 2802 5774 ab
2839 5719 3138 5789 interprete
3176 5717 3312 5772 Fer-

1755 5807 1937 5929 ηἱὲῗί)
1982 5860 2076 5913 Ἐν
2124 5859 2205 5925 τῷ
2250 5861 2429 5930 νόμῳ.
2489 5859 2778 5914 Ferrarius
2835 5860 3042 5913 videtur
3099 5859 3317 5927 legisse,

1752 5930 1880 5985 ἀνευ
1914 5932 2103 6002 νόμου,
2133 5933 2292 5989 vertit
2321 5932 2465 5990 enim
2498 5949 2518 5983 ι
2544 5931 2662 5988 sine
2690 5930 2807 5995 lege
2839 5949 2858 5982 ι
2891 5946 2987 5998 pro
3016 5947 3034 5981 ι
3057 5932 3109 5985 in
3143 5930 3275 5999 lege.
3294 5947 3312 5979 ι
