3866 6604
515 487 622 544 3'55

1973 493 2294 551 ORIGENIS

3650 497 3741 550 536

513 609 635 675 scit,
692 609 836 680 quod
886 625 1010 664 vera
1051 611 1217 677 dicat,
1266 616 1326 666 ut
1371 619 1424 666 et
1473 625 1572 668 vos
1618 611 1874 668 credatis.
1927 612 2061 667 Faet;

2193 609 2403 680 Πάσχα,
2455 608 2546 663 καὶ
2575 605 2678 661 τῶν
2717 605 2996 678 Ἀζύμων,
3044 604 3512 676 ἐξετασθησόμενα
3559 605 3644 670 δέ,
3676 609 3743 671 ὡς

513 709 640 757 sunt
668 703 814 757 enim
858 703 994 770 haec,
1031 713 1092 756 ut
1124 701 1404 773 Scriptura
1458 704 1776 774 impleretur
1813 723 1826 758 :
1867 708 1940 761 οε
1973 719 2079 760 non

513 796 882 851 comminuetis
947 810 1012 849 ea:
1066 809 1148 847 eo.
1205 813 1224 848 ι
1287 796 1424 861 Quin
1478 797 1582 851 alia
1626 797 1910 851 innumera
1954 805 2081 850 sunt

510 896 706 955 praeter
732 886 845 942 haec
896 887 961 939 ad
999 886 1285 942 lectionem
1322 887 1567 956 Apostoli
1605 887 1992 952 examinanda,
2025 897 2080 942 et

511 979 575 1033 de
607 977 894 1046 Pasehate,
938 985 992 1032 et
1018 979 1082 1032 de
1113 977 1318 1048 azymis
1347 995 1360 1031 :
1397 979 1755 1034 examinanda
1787 987 1988 1044 autem,
2020 991 2079 1034 ut

515 1082 671 1126 antea
699 1070 955 1136 diximus,
991 1070 1286 1140 scriptione
1317 1081 1572 1126 accurata
1599 1072 1898 1142 longissimi
1929 1072 2074 1128 libri.

509 1161 662 1216 Nunc
688 1173 868 1218 autem
892 1165 1054 1218 veluti
1083 1179 1180 1234 per
1204 1163 1584 1234 compendium
1610 1165 1726 1219 haec
1755 1165 1806 1219 in
1838 1166 2074 1220 medium

506 1254 820 1319 aﬂ‘erentes,
851 1271 970 1326 qua:
995 1267 1257 1327 apparent
1296 1259 1461 1314 dubia
1491 1267 1714 1328 propter
1739 1258 2072 1328 propositam

506 1344 811 1410 lectionem,
853 1347 932 1402 sic
958 1346 1168 1403 solvere
1196 1348 1543 1412 tentabimus,
1589 1347 1720 1401 illud
1761 1347 1923 1402 etiam
1957 1361 2072 1402 me-

504 1441 678 1497 moria
728 1447 1073 1508 repetentes:
1125 1457 1143 1489 ι
1183 1437 1280 1492 llic
1311 1448 1398 1493 est
1440 1438 1531 1493 ille
1576 1439 1764 1509 Agnus
1816 1437 1930 1501 Dei,
1981 1437 2073 1508 qui

505 1533 649 1588 tollit
679 1540 957 1601 peccatum
985 1527 1168 1582 mundi
1205 1529 1272 1592 ³⁸,
1311 1547 1329 1580 ι
1371 1529 1623 1598 quoniam
1651 1530 1782 1582 etin
1815 1527 2074 1583 Paschate

508 1643 526 1675 ι
566 1639 631 1679 ex
661 1623 817 1694 agnis
851 1641 870 1674 ι
929 1621 1129 1690 inquit,
1169 1637 1188 1672 ι
1229 1628 1282 1672 et
1311 1619 1478 1674 haedis
1506 1619 1733 1674 sumetis
1758 1619 1823 1672 ³⁸.
1861 1639 1880 1671 ι
1919 1619 2074 1673 Vide-

503 1726 589 1772 tur
643 1714 804 1768 etiam
835 1709 1072 1765 Joannes
1101 1708 1435 1779 evangelista
1481 1724 1604 1764 cum
1645 1707 1812 1763 Paulo
1843 1723 2074 1765 consen-

503 1808 649 1861 tiens
677 1803 876 1861 similia
909 1801 1069 1857 dnbia
1097 1801 1296 1855 habere
1323 1801 1390 1855 de
1419 1800 1502 1856 his
1524 1815 1644 1870 quae
1673 1815 1701 1854 a
1730 1801 1886 1855 nobis
1916 1799 2068 1854 inda-

502 1908 623 1970 gata
657 1905 802 1953 sunt.
836 1895 1128 1950 Dicendum
1164 1900 1342 1948 autem
1379 1901 1464 1948 est
1487 1894 1554 1947 ad
1581 1895 1705 1961 hoc,
1735 1893 1782 1948 si
1826 1912 1845 1945 ι
1879 1893 2070 1948 Sermo

503 1992 676 2046 factus
713 1997 797 2044 est
839 2001 969 2042 caro
993 1987 1059 2053 ⁸ο,
1101 2005 1119 2039 ι
1168 1995 1223 2040 et
1259 1984 1436 2056 inquit
1464 1985 1723 2040 Dominus
1771 1983 1814 2017 ⁵³
1852 2001 1866 2039 :
1905 2003 1922 2038 ι
1958 1985 2068 2039 Nisi

501 2080 962 2137 manducaveritis
996 2093 1214 2134 carnem
1255 2077 1378 2132 Filii
1416 2076 1683 2141 nominis,
1723 2085 1776 2132 et
1821 2075 2070 2133 biberitis

500 2174 616 2243 eius
648 2173 989 2244 sanguinem,
1025 2185 1130 2226 non
1173 2169 1440 2224 habebitis
1472 2167 1639 2222 vitam
1675 2167 1728 2224 in
1759 2167 1934 2224 vobis.
1967 2170 2065 2236 Qui

499 2266 791 2320 manducat
815 2278 986 2317 meam
1007 2276 1248 2324 carnem,
1280 2268 1334 2314 et
1361 2258 1497 2313 bibit
1524 2273 1699 2314 meum
1725 2259 2065 2328 sanguinem,

499 2356 666 2411 habet
696 2355 860 2409 vitam
900 2363 1160 2409 aeternam
1191 2369 1204 2406 :
1237 2357 1290 2405 et
1334 2364 1435 2422 ego
1480 2349 1820 2406 resuscitabo
1850 2365 1974 2406 eum
2013 2351 2064 2405 in

499 2447 792 2502 novissimo
833 2446 917 2500 die
961 2464 974 2500 :
1016 2460 1147 2500 caro
1185 2443 1330 2498 enim
1365 2455 1486 2496 mea
1531 2455 1656 2497 vere
1687 2450 1772 2496 est
1809 2441 1982 2505 cibus,
2014 2450 2067 2497 et

502 2538 663 2609 17⁵1
697 2537 918 2608 sanguis
946 2550 1096 2591 mens
1127 2551 1253 2591 vere
1280 2542 1366 2590 est
1393 2541 1552 2604 potus
1593 2551 1607 2597 ;
1637 2533 1728 2603 qui
1775 2531 2066 2587 manducat

499 2647 674 2688 meam
716 2645 954 2693 carnem,
1001 2636 1055 2683 et
1091 2627 1226 2682 bibit
1262 2641 1442 2681 meum
1478 2624 1818 2694 sanguinem,
1874 2622 1928 2678 in
1981 2639 2067 2678 me

499 2733 704 2788 manet,
740 2732 794 2777 et
833 2737 934 2792 ego
975 2721 1026 2775 in
1065 2720 1156 2774 illo
1201 2737 1216 2787 ;
1262 2739 1280 2772 ι
1332 2718 1566 2773 fortasse
1613 2717 1751 2772 hanc
1790 2732 1912 2772 esse
1943 2731 2066 2770 car-

502 2830 624 2871 nem
651 2815 788 2885 Agni
819 2813 1056 2869 tollentis
1107 2820 1383 2883 peccatum
1420 2808 1632 2875 mundi,
1683 2819 1737 2864 et
1767 2809 1911 2863 hunc
1941 2822 2062 2863 esse

495 2908 812 2976 sanguinem
845 2906 911 2961 de
939 2920 1046 2972 quo
1089 2918 1292 2973 ponere
1345 2914 1570 2956 necesse
1613 2900 1685 2956 sit
1737 2914 1900 2969 super
1928 2900 2064 2954 duos

497 3003 682 3065 postes
709 3002 764 3048 et
791 3007 954 3063 super
992 2993 1156 3047 limen
1205 2992 1258 3046 in
1306 2991 1390 3047 his
1422 2990 1669 3046 domibus
1705 2990 1751 3022 δ’
1783 2990 1834 3044 iu
1867 2991 2063 3060 quibus

492 3085 831 3141 comedimus
858 3083 1064 3138 Pascha
1094 3099 1108 3135 :
1138 3091 1300 3152 atque
1326 3098 1389 3138 ex
1431 3080 1590 3150 hujus
1633 3079 1772 3149 Agni
1802 3080 2062 3133 carnibus

495 3176 782 3232 comedere
827 3185 1081 3246 oportere
1122 3175 1176 3230 in
1235 3175 1418 3230 mundi
1469 3185 1733 3241 tempore,
1780 3175 1928 3242 quod
1977 3182 2061 3228 est

494 3285 602 3326 nox
641 3285 843 3335 ;assas
899 3283 1025 3322 vero
1073 3283 1266 3323 carnes
1314 3283 1436 3323 esse
1486 3267 1893 3321 manducandas
1937 3281 2057 3320 cum

493 3377 631 3430 pane
648 3377 710 3415 ex
725 3361 946 3430 azymis,
963 3360 1390 3429 quandoquidem
1412 3358 1504 3413 Dei
1519 3357 1710 3413 Sermo
1727 3374 1829 3412 non
1852 3369 2057 3412 tantmn
2089 3336 2131 3392 (ἶ

491 3461 575 3507 est
605 3467 757 3507 caro.
793 3450 971 3520 luquit
1003 3453 1206 3523 igitur:
1247 3469 1266 3503 ι
1304 3450 1414 3521 Ego
1442 3464 1560 3504 smn
1597 3451 1753 3521 panis
1785 3451 1908 3504 vita:
1936 3450 2012 3515 ”;
2037 3468 2056 3502 ι

491 3551 584 3597 et:
624 3558 643 3594 ι
682 3541 777 3596 llic
806 3552 885 3596 est
920 3541 1094 3612 panis,
1135 3540 1225 3610 qui
1263 3541 1330 3595 de
1369 3541 1512 3596 caelo
1543 3541 1843 3606 descendit,
1878 3543 2059 3610 utqui

491 3646 558 3686 ex
589 3632 705 3701 ipso
735 3632 1050 3698 comederit,
1081 3645 1186 3686 non
1221 3641 1426 3700 pereat.
1467 3631 1577 3701 Ego
1626 3645 1744 3684 sum
1782 3629 1937 3699 panis
1978 3633 2059 3685 vi-

487 3738 610 3786 vus,
659 3724 749 3793 qui
788 3725 854 3778 de
897 3723 1034 3780 coelo
1061 3724 1314 3780 descendi
1361 3742 1374 3777 :
1411 3723 1460 3777 si
1485 3724 1606 3792 quis
1653 3723 2060 3778 manducaverit

489 3833 556 3873 ex
615 3817 716 3873 hoc
763 3833 918 3888 pane,
977 3818 1121 3873 vivet
1159 3820 1211 3873 in
1258 3827 1520 3873 aeternum
1567 3817 1634 3869 “.
1695 3834 1714 3868 ι
1772 3814 1884 3871 Nec
1929 3830 2060 3872 sane

487 3908 843 3980 ignorantium
869 3920 952 3964 est
985 3925 1204 3966 omnem
1229 3909 1413 3966 cibum
1445 3910 1668 3965 abusive
1697 3923 1889 3979 panem
1925 3907 2053 3974 dici,

485 4003 936 4072 quemadmodum
978 4005 1044 4058 de
1078 4003 1262 4075 Moyse
1287 4004 1548 4073 scriptum
1581 4011 1664 4056 est
1699 4003 1748 4056 in
1789 4002 2056 4057 Deutero-

485 4098 667 4152 nomio
693 4097 737 4129 ⁸⁸
757 4115 769 4151 :
791 4115 808 4148 ι
835 4097 1199 4167 Quadraginta
1227 4097 1416 4151 diebus
1448 4111 1641 4167 panem
1673 4113 1776 4152 non
1797 4098 2054 4162 comedit,

483 4195 538 4240 et
571 4201 765 4256 aquam
810 4202 914 4241 non
948 4186 1104 4250 bibit,
1141 4206 1160 4240 ι
1193 4201 1291 4257 pro
1326 4203 1391 4242 eo
1424 4187 1571 4256 quod
1599 4197 1702 4250 est,
1729 4185 1916 4256 Neque
1949 4188 2054 4242 sic-

482 4293 628 4345 eum,
655 4291 830 4348 neque
857 4277 1138 4332 humidum
1162 4280 1400 4345 gustavit
1432 4279 1636 4333 cibum.
1664 4279 1818 4345 Quod
1851 4277 2054 4331 idcirco

482 4367 792 4435 observavi,
820 4367 944 4438 quia
968 4368 1116 4422 dicat
1144 4367 1380 4424 Joannes
1409 4369 1465 4423 iu
1500 4383 1599 4424 suo
1633 4368 1924 4439 Evangelio
1954 4368 2008 4400 “
2038 4387 2052 4422 :

490 4481 510 4515 ι
540 4463 606 4516 Ει
636 4461 792 4530 panis
819 4461 984 4515 etiam
1013 4475 1177 4530 quem
1211 4476 1310 4531 ego
1339 4461 1495 4523 dabo,
1524 4474 1652 4516 caro
1692 4474 1811 4514 mea
1839 4470 1920 4515 est
1952 4474 2051 4530 pro

483 4553 670 4608 mundi
698 4553 827 4609 vita.
867 4570 886 4604 ι
925 4551 1191 4606 Cteterum
1239 4554 1292 4606 in
1329 4552 1533 4622 intybis
1567 4550 1903 4606 comedimus
1931 4564 2054 4604 car-

481 4659 578 4700 nes
612 4643 757 4715 agni,
796 4652 848 4698 et
879 4656 1094 4714 azyma,
1116 4642 1200 4698 vel
1234 4659 1357 4698 cum
1395 4658 1496 4698 nos
1525 4642 1756 4712 paenitet
1793 4648 2049 4711 peccato-
2087 4673 2128 4726 υ

483 4751 600 4790 rum
625 4745 958 4801 nostrorum,
979 4744 1035 4790 et
1064 4733 1354 4807 aﬂligimur
1370 4750 1432 4791 ea
1451 4734 1676 4790 tristitia
1700 4748 1819 4803 quae
1845 4748 1909 4787 ex
1941 4732 2050 4788 Deo

477 4836 579 4894 est,
611 4842 836 4898 quaeque
887 4836 1143 4897 Operatur
1194 4828 1352 4882 nobis
1403 4828 1457 4880 in
1503 4825 1730 4880 salutem
1785 4825 2051 4894 pmniten-

477 4922 613 4975 tiam
641 4920 688 4953 "
726 4935 831 4976 non
861 4919 1229 4991 poenitendam
1273 4935 1289 4985 ;
1325 4917 1411 4973 vel
1452 4933 1574 4973 cum
1621 4918 1692 4972 ob
1729 4916 2048 4971 vexationes

477 5021 531 5064 et
563 5018 830 5064 tormenta
863 5016 1176 5080 quaerentes
1207 5009 1514 5064 euutrimur
1541 5007 1607 5062 ab
1635 5005 1766 5076 ipsis
1799 5020 1918 5075 qua:
1962 5006 2047 5060 in-

481 5100 767 5154 veniuntur
819 5101 1071 5156 veritatis
1126 5097 1618 5170 speculationibus.
1677 5095 1791 5150 Non
1860 5112 2045 5152 come-

478 5191 651 5247 denda
685 5201 768 5247 est
797 5191 962 5260 igitur
990 5192 1118 5263 agni
1149 5207 1275 5247 caro
1293 5191 1482 5253 cruda,
1508 5189 1735 5257 perinde
1757 5203 1818 5242 ac
1843 5187 2048 5244 faciunt

480 5283 672 5340 litterae
701 5284 864 5349 servi,
899 5299 1048 5340 more
1079 5284 1441 5339 animantium
1474 5281 1688 5338 ratione
1718 5281 2042 5346 carentium,

545 5447 589 5479 "'
615 5446 776 5520 Joan.
812 5446 1083 5520 13.95"”
1117 5447 1284 5520 Exod.
1317 5464 1412 5512 xu,
1443 5447 1498 5502 5.
1548 5447 1621 5520 f°
1650 5445 1807 5520 Joan.
1841 5461 1877 5512 ι,
1911 5447 1998 5504 14.

2171 5448 2412 5520 ίοειιιηνι,
2439 5451 2507 5504 54
2537 5464 2652 5520 seq.

2182 701 2606 772 προειρήκαμεν,
2629 699 3043 772 προηγουμένης
3067 698 3386 752 πλυὸίὸλου
3411 699 3740 771 συγγραφῆς.

2181 795 2293 848 Νῦν
2334 795 2390 848 δέ
2419 795 2493 859 ώς
2539 797 2597 849 ἐν
2639 797 2873 866 ἐπιτομῇ
2921 793 3010 848 διὰ
3056 793 3154 863 τὴν
3200 791 3572 862 προκειμένην
3614 791 3743 857 λέξιν

2180 885 2350 940 ταῦτα
2387 885 2752 957 παραθέμενοι
2776 927 2790 950 ,
2826 885 2894 940 τὰ
2939 884 3236 956 φαινόμενα
3272 884 3349 947 ὡς
3397 884 3457 937 ἐν
3502 882 3744 956 βραχέσιν

2177 976 2318 1030 οὕτω
2357 977 2507 1032 λύειν
2556 978 2964 1051 πειρασόμεθα,
3009 975 3446 1048 ὑπομνησθέντες
3494 976 3589 1030 καὶ
3626 975 3740 1028 τοῦ·

2186 1087 2206 1119 ι
2235 1064 2402 1133 Οὗτός
2431 1070 2828 1142 ἐστινὸἈμνὸς
2861 1070 2954 1124 τοῦ
2987 1068 3144 1133 Θεοῦ,
3188 1071 3217 1122 6
3250 1070 3420 1141 αἴρων
3453 1069 3553 1140 τὴν
3578 1069 3742 1138 ἁμαρ-

2177 1160 2298 1214 τίαν
2329 1159 2422 1213 τοῦ
2448 1161 2676 1230 κόσμου,
2725 1180 2742 1212 ›
2775 1162 2894 1214 ἐπεὶ
2923 1161 3017 1214 καὶ
3038 1161 3095 1212 ἐν
3123 1159 3200 1231 τῷ
3233 1159 3424 1230 Πάσχα
3461 1177 3479 1210 ι
3514 1159 3620 1215 ἀπὸ
3644 1158 3743 1210 τῶν

2177 1251 2393 1324 ἁμνῶν,
2439 1254 2608 1324 φησὶ,
2659 1254 2752 1307 καὶ
2800 1254 2906 1306 τῶν
2956 1253 3162 1325 ἐρίφων
3225 1251 3482 1324 λήψεσθε.
3539 1271 3557 1302 ι
3605 1250 3744 1316 Δόξει

2176 1345 2268 1397 καὶ
2290 1344 2401 1414 (25)
2431 1346 2460 1398 6
2481 1344 2866 1417 εὐαγγελιστὴς
2894 1346 3132 1416 συνᾴδων
3155 1343 3234 1415 τῷ
3258 1344 3458 1414 Παύλῳ
3480 1343 3743 1406 τοιαύταις

2175 1435 2451 1505 ἐνέχεσθαι
2490 1436 2600 1491 τῶν
2641 1438 3023 1508 ἐξητασμένων
3083 1436 3359 1508 ἀπορίαις.
3395 1434 3631 1488 Λεκτέον
3676 1433 3742 1493 δὲ,

2173 1526 2275 1589 ὅτι,
2311 1528 2358 1579 εἰ
2396 1546 2414 1578 ι
2467 1526 2525 1581 ’0
2552 1529 2721 1597 Λόγος
2761 1529 2951 1599 γέγονε
2993 1528 3150 1600 σάρξ,
3196 1548 3213 1578 ι
3251 1526 3345 1582 καί
3395 1543 3561 1598 φησιν
3590 1527 3618 1578 6
3643 1526 3743 1580 Κύ-

2174 1635 2307 1689 ριος,
2345 1637 2364 1670 ι
2419 1619 2544 1673 Ἐάν
2592 1621 2665 1692 μὴ
2714 1623 2926 1692 φάγητε
2974 1622 3070 1693 τὴν
3116 1621 3293 1692 σάρκα
3341 1619 3436 1673 τοῦ
3480 1617 3609 1673 Υἱοῦ
3656 1618 3740 1672 τοῦ

2171 1711 2485 1784 ἀνθρώπου,
2516 1713 2610 1767 καὶ
2639 1713 2798 1784 πίητε
2826 1712 2988 1767 αὐτοῦ
3018 1713 3079 1767 τὸ
3105 1708 3264 1784 αἷμα,
3298 1712 3399 1765 οὐκ
3425 1709 3578 1781 ἔχετε
3611 1709 3743 1780 ζωήν

2172 1805 2230 1858 ἐν
2283 1806 2512 1870 ἑαυτοῖς.
2554 1807 2610 1859 Ὀ
2658 1805 2883 1878 τρώγων
2920 1823 3022 1877 μου
3060 1807 3158 1876 τὴν
3206 1806 3406 1876 σάρκα,
3450 1804 3545 1857 καὶ
3585 1802 3743 1855 πίνων

2175 1916 2274 1970 μου
2311 1900 2374 1953 τὸ
2410 1895 2581 1971 αἷμα,
2626 1901 2737 1971 ἔχει
2777 1901 2919 1973 ζωὴν
2970 1899 3183 1956 αἰώνιον
3207 1919 3218 1930 ·
3264 1897 3419 1967 κάγὼ
3465 1897 3745 1966 ἀναστήσω

2102 1975 2145 2032 Β
2177 1992 2337 2046 αὑτὸν
2365 1994 2422 2046 ἐν
2453 1996 2519 2064 τῇ
2548 1993 2747 2066 ἐσχάτῃ
2775 1994 2956 2065 ἡμέρᾳ
2981 2010 2992 2021 ·
3030 1995 3063 2065 ή
3101 1993 3206 2064 γὰρ
3239 1990 3375 2064 σάρξ
3419 2007 3523 2061 μου
3550 1988 3744 2060 ἀληθής

2175 2085 2290 2138 ἐστι
2321 2083 2540 2156 βρῶσις,
2571 2087 2665 2138 καὶ
2688 2085 2748 2138 τὸ
2778 2080 2918 2156 αἷμά
2956 2102 3053 2156 μου
3093 2084 3299 2154 ἀληθής
3343 2085 3458 2134 ἐστι
3489 2080 3644 2142 πόσις
3672 2095 3686 2110 ·
3718 2081 3746 2130 6

2173 2174 2400 2247 τρώγων
2434 2193 2534 2247 μου
2561 2175 2659 2247 τὴν
2687 2176 2863 2248 σάρκα
2883 2215 2897 2238 ,
2933 2178 3024 2230 καὶ
3064 2175 3232 2229 πίνων
3268 2191 3369 2245 μου
3402 2173 3479 2228 τὸ.
3509 2169 3663 2242 αἷμα,
3691 2171 3745 2221 ἐν

2175 2271 2298 2340 ἐμοὶ
2332 2269 2502 2340 μένει,
2546 2267 2702 2338 κάγὼ
2735 2270 2792 2321 ἐν
2838 2268 3005 2340 αὐτῷ,
3043 2288 3060 2319 ι
3097 2270 3304 2339 μήποτε
3354 2266 3493 2336 αὐτή
3531 2267 3675 2318 ἐστιν
3711 2266 3741 2331 ἡ

2176 2361 2312 2434 σὰρξ
2336 2360 2428 2415 τοῦ
2457 2361 2700 2434 αἴροντος
2728 2363 2827 2432 τὴν
2857 2362 3129 2432 ἁμαρτίαν
3161 2358 3255 2412 τοῦ
3299 2357 3510 2428 κόσμου
3555 2353 3744 2426 ἀμνοῦ.

2174 2455 2266 2508 καὶ
2295 2454 2438 2507 τοῦτ’
2465 2455 2579 2507 ἐστι
2610 2455 2669 2509 τὸ
2708 2450 2846 2525 αἷμα
2867 2493 2880 2518 ,
2922 2455 3014 2522 ἀφ’
3062 2447 3122 2506 οῦ
3169 2450 3372 2504 τιθέναι
3406 2449 3490 2504 δεῖ
3521 2447 3614 2500 ἐπὶ
3644 2445 3749 2499 τῶν

2171 2544 2264 2598 δύο
2297 2544 2566 2616 σταθμῶν,
2601 2547 2694 2599 καὶ
2739 2545 2831 2597 ἐπὶ
2872 2544 2970 2616 τὴν
3009 2543 3167 2614 φλιὰν
3213 2545 3271 2596 ἐν
3315 2543 3429 2604 τοῖς
3458 2540 3662 2603 οἴκοις,
3693 2539 3747 2588 ἐν

2171 2632 2251 2701 οἷς
2282 2637 2532 2709 ἐσθίομεν
2561 2637 2623 2691 τὸ
2651 2638 2862 2707 Πάσχα,
2889 2639 2983 2691 καὶ
3008 2637 3115 2690 ἀπὸ
3155 2636 3262 2689 τῶν
3297 2633 3392 2688 τοῦ
3420 2633 3597 2704 ἀμνοῦ
3630 2631 3745 2685 τού-

2170 2747 2262 2783 του
2299 2731 2380 2783 δεῖ
2411 2733 2599 2798 φαγεῖν
2642 2730 2818 2802 κρεῶν
2851 2731 2908 2784 ἐν
2947 2729 3024 2801 τῷ
3067 2727 3161 2781 τοῦ
3205 2727 3412 2798 κόσμου
3445 2725 3658 2798 χρόνῳ,
3692 2724 3749 2785 ὃς

2171 2822 2288 2874 ἐστι
2330 2819 2424 2886 νύξ
2447 2837 2461 2851 ·
2505 2820 2644 2874 όπτὰ
2683 2821 2834 2875 δέτὰ
2863 2821 3000 2893 κρέα
3029 2819 3161 2889 πυρὶ
3206 2817 3443 2888 βρωτέον
3480 2815 3620 2888 μετὰ
3653 2815 3749 2868 τοῦ

2169 2909 2277 2964 άπὸ
2304 2910 2526 2982 άζύμων
2566 2913 2730 2983 ἄρτου
2751 2928 2764 2941 ⁸
2795 2915 2823 2965 6
2865 2911 2970 2982 γὰρ
2998 2909 3092 2964 τοῦ
3126 2907 3262 2962 Θεοῦ
3295 2909 3470 2976 Λόγος
3499 2907 3560 2961 οὐ
3591 2907 3749 2977 μόνον

2171 3002 2286 3054 ἐστὶ
2311 3001 2466 3073 σάρξ.
2488 3002 2625 3074 Φησὶ
2645 3001 2774 3070 γοῦν
2793 3019 2805 3032 ·
2838 3021 2856 3053 ι
2897 3000 3040 3070 Ἐγώ
3067 3001 3180 3070 εἰμι
3203 3001 3232 3054 6
3257 2999 3422 3070 ἄρτος
3443 2995 3712 3070 τῆςζωῆς·
3731 3017 3750 3048 ι

2169 3093 2282 3156 καὶ,
2302 3115 2319 3148 ι
2340 3090 2665 3158 Οὗτόςέστιν
2679 3094 2708 3147 6
2730 3092 2892 3164 ἄρτος
2913 3095 2940 3146 6
2969 3094 3031 3145 ἐκ
3055 3089 3148 3143 τοῦ
3173 3085 3404 3161 οὐρανοῦ
3439 3085 3550 3156 (Ξϐ)
3587 3100 3752 3137 κατα-

2168 3180 2368 3234 ϐαίνων
2393 3220 2408 3244 ,
2439 3181 2526 3236 ἵνα
2555 3199 2641 3244 τις
2679 3181 2737 3248 ἐξ
2783 3180 2946 3236 αὑτοῦ
2980 3181 3128 3250 φάγῃ
3151 3219 3165 3241 ,
3211 3179 3305 3231 καὶ
3353 3175 3429 3247 μὴ
3462 3173 3745 3244 ἀποθάνῃ·

2181 3271 2321 3341 Ἐγώ
2347 3273 2461 3343 εἰμι
2483 3274 2511 3326 6
2541 3274 2703 3344 ἄρτος
2730 3273 2758 3324 6
2787 3272 2958 3336 ζῶν,ό
2987 3273 3050 3324 ἐκ
3079 3268 3171 3322 τοῦ
3201 3266 3434 3339 ούρανοῦ
3466 3264 3714 3326 καταϐάς
3733 3281 3746 3291 ·

2166 3365 2258 3419 ἐάν
2300 3382 2382 3428 τις
2432 3366 2578 3436 φάγῃ
2621 3366 2686 3418 ἐκ
2732 3363 2918 3417 τούτου
2969 3361 3062 3416 τοῦ
3111 3360 3310 3430 ἄρτου,
3344 3357 3500 3428 ζήσει
3543 3358 3623 3419 είς
3654 3353 3750 3406 τὸν

2165 3458 2352 3512 αίῶνα.
2391 3476 2410 3508 ι
2445 3459 2558 3511 Ούκ
2599 3457 2889 3526 άγνοητέον
2939 3454 3204 3526 μέντοιγε,
3247 3453 3328 3504 ὅτι
3378 3453 3529 3503 πᾶσα
3566 3446 3752 3520 τροφὴ

2165 3547 2742 3622 καταχρηστικώτερον
2767 3549 2930 3619 ἄρτος
2955 3545 3203 3613 λέγεται,
3236 3542 3313 3604 ὡς
3345 3542 3439 3594 ἐπὶ
3463 3538 3754 3599 Μωῦσέως

2164 3641 2222 3694 ἐν
2279 3641 2357 3712 τῷ
2409 3639 2812 3712 Δευτερονομίῳ
2854 3637 3188 3708 γέγραπται·
3243 3651 3262 3683 ι
3324 3631 3758 3702 Τεσσαράκοντα

2162 3734 2378 3805 ἡμέρας
2407 3733 2569 3805 ἄρτον
2588 3733 2688 3785 οὐκ
2718 3731 2910 3800 ἔφαγε,
2936 3731 3028 3784 καὶ
3051 3728 3192 3799 ὕδωρ
3223 3717 3324 3780 οὐκ
3355 3724 3528 3788 ἔπιεν,
3565 3743 3582 3774 ι
3621 3724 3756 3776 ἀντὶ

2159 3824 2275 3888 τοῦ,
2298 3824 2419 3878 οὔτε
2437 3825 2606 3895 ξηρᾶς
2636 3823 2758 3876 οῦτε
2792 3822 2964 3892 ὑγρᾶς
2993 3819 3279 3891 μετείληφε
3310 3817 3536 3888 τροφῆς.
3570 3813 3760 3866 Τοῦτο

2159 3916 2215 3969 δέ
2242 3934 2332 3987 μοι
2356 3918 2647 3988 τετήρηται
2671 3913 2760 3968 διὰ
2798 3913 2857 3968 τὺ
2882 3914 2974 3966 καλ⁵
2999 3914 3056 3964 ἐν
3085 3911 3162 3981 τῷ
3194 3908 3335 3963 κατὰ
3371 3907 3625 3976 Ἰωάννην
3649 3905 3755 3958 λέ-

2159 4008 2348 4078 γεσθαι
2377 4027 2390 4039 ·
2430 4025 2448 4059 ‹
2480 4009 2590 4061 Καὶ
2617 4009 2645 4062 6
2672 4006 2834 4078 ἄρτος
2865 4005 2942 4068 δὲ,
2967 4004 3025 4057 ὃν
3058 4002 3168 4071 ἐγὼ
3195 4001 3374 4064 δώσω,
3399 4003 3432 4070 ή
3469 3999 3607 4070 σάρξ
3642 4017 3758 4070 μου

2160 4098 2307 4150 ἐστὶν
2335 4096 2474 4168 ὑπὲρ
2506 4097 2605 4166 τῆς
2642 4095 2733 4148 τοῦ
2763 4095 2968 4164 κόσμου
2998 4092 3154 4162 ζωῆς.
3196 4110 3213 4142 ι
3255 4091 3492 4143 Ἤτοιδέ
3526 4089 3616 4141 διὰ
3646 4089 3760 4152 τὰς

2159 4189 2250 4242 ἐπὶ
2271 4189 2382 4249 τοῖς
2411 4189 2800 4259 ἁμαρτήμασιν
2829 4185 2986 4257 ήμῶν
3017 4185 3302 4256 μετανοίας
3317 4184 3416 4254 τὴν
3439 4182 3578 4236 κατὰ
3605 4182 3763 4234 Θεὸν

2156 4279 2332 4350 λύπην
2371 4280 2723 4350 λυπουμένων
2745 4318 2760 4342 ,
2799 4278 3084 4350 μετάνοιαν
3113 4278 3193 4339 είς
3227 4276 3502 4347 σωτηρίαν
3529 4276 3764 4345 ἀμετα-

2159 4373 2387 4443 μέλητον
2419 4373 2550 4442 ἡμῖν
2589 4368 2964 4441 ἐργαζομένην
2987 4407 3002 4433 ,
3052 4367 3144 4421 ἐπὶ
3177 4367 3441 4437 πικρίδων
3483 4365 3764 4435 ἐσθίομεν

2156 4463 2293 4535 κρέα
2317 4463 2412 4517 τοῦ
2443 4461 2640 4534 ἀμνοῦ,
2666 4462 2759 4514 καὶ
2781 4459 2850 4514 τά
2887 4459 3100 4530 ἄζυμα’
3136 4459 3169 4529 ἢ
3214 4459 3301 4513 διὰ.
3342 4458 3441 4521 τὰς
3474 4457 3768 4527 βασάνους

2155 4551 2443 4624 ζητοῦντες
2465 4553 2559 4606 καί¹
2579 4551 2899 4623 τρεφόμενοι
2928 4551 3034 4604 ἀπὸ
3065 4549 3174 4602 τῶν
3199 4549 3611 4621 εὑρισκομένων
3650 4548 3768 4616 τῆς

2154 4644 2409 4716 ἀληθείας
2454 4643 2844 4715 θεωρημάτων.
2881 4644 2992 4698 Οὐκ
3033 4642 3189 4714 ὠμὴν
3229 4638 3320 4696 οῦν
3364 4641 3601 4713 βρωτέον
3651 4641 3771 4710 τὴν

2158 4736 2336 4807 σάρκα
2359 4735 2454 4788 τοῦ
2481 4735 2675 4806 ἀμνοῦ,
2702 4735 2889 4807 ὥσπερ
2916 4733 3157 4789 ποιοῦσιν
3185 4735 3233 4786 oi
3263 4734 3362 4804 τῆς
3396 4731 3594 4798 λέξεως
3627 4731 3774 4786 δοῦ-

2154 4827 2234 4881 λοι
2267 4829 2465 4899 τρόπον
2493 4827 2701 4895 ἀλόγων
2729 4826 2884 4892 ζώων
2913 4826 3008 4880 καὶ
3041 4824 3566 4898 άποτεθηριωμένων
3604 4824 3772 4895 πρὸς

2153 4921 2279 4984 τοὺς
2307 4919 2521 4990 άληθῶς
2549 4919 2817 4988 λογικοὺς,
2845 4917 2934 4972 διὰ
2963 4916 3056 4972 τοῦ
3084 4919 3320 4971 συνιέναι
3351 4915 3653 4987 βούλεσθαι
3693 4918 3774 4970 τὰ

2153 5009 2532 5081 πνευματικά,
2579 5008 2740 5078 λόγου
2798 5007 3305 5078 μεταλαμϐάνοντες
3356 5007 3467 5078 (27)
3529 5006 3778 5077 θηρίων

2155 5103 2611 5174 ἀπηγριωμένων.
2641 5099 3016 5171 Φιλοτιμητέον
3045 5099 3100 5152 δὲ
3132 5098 3210 5169 τῷ
3238 5100 3318 5162 εἰς
3351 5098 3539 5169 ἕψησιν
3567 5116 3779 5168 μετα-

2153 5193 2481 5265 λαμϐάνοντι
2502 5193 2562 5245 τὸ
2586 5191 2735 5262 ώμὸν
2757 5191 2854 5261 τῆς
2876 5191 3118 5262 Γραφῆς,
3150 5191 3224 5260 μὴ
3243 5190 3338 5242 ἐπὶ
3358 5189 3419 5242 τὸ
3452 5187 3785 5260 πλαδαρὼ-

2150 5301 2327 5357 τερον,
2359 5285 2453 5338 καὶ
2482 5283 2862 5356 ὑδαρέστερον,
2889 5283 2983 5336 καὶ
3008 5280 3365 5351 ἐκλελυμένον
3393 5276 3786 5350 μεταλαμϐἀο

2728 5449 2774 5484 ⁸³
2802 5449 2972 5504 Exod.
3009 5464 3106 5512 xu,
3136 5449 3188 5514 7,
3211 5447 3303 5502 ‘22.
3386 5445 3432 5480 “
3459 5443 3642 5499 Joan.
3680 5464 3774 5510 νι,

468 5517 562 5573 48.
640 5518 686 5550 ⁸³
718 5520 846 5572 ibid.
869 5516 1056 5571 50-59..
1131 5517 1176 5550 ⁸⁸
1222 5519 1380 5573 Deut.
1415 5533 1494 5582 ιιι,
1541 5517 1595 5571 9.
1671 5516 1716 5548 ⁸⁸
1759 5513 1914 5572 Joau.
1953 5534 2025 5580 τι,
2066 5518 2154 5574 52.
2229 5520 2273 5552 “
2304 5519 2344 5574 ll
2371 5513 2714 5585 Cor.vn,'10.

544 5654 657 5720 (25)
687 5654 855 5718 Δόξει
874 5655 992 5710 καί.
1023 5655 1112 5708 Sic
1137 5657 1302 5709 codex
1326 5654 1679 5722 Bodleianns;
1705 5655 1876 5710 editio
1901 5656 2044 5712 Hue-

475 5725 558 5785 tii,
583 5723 730 5788 δόξαι
763 5724 872 5794 γὰρ
905 5723 1019 5794 καί.

545 5794 657 5861 (26)
700 5795 763 5844 '0
791 5791 860 5863 ea;
892 5792 999 5846 τοῦ
1031 5793 1312 5860 οὐρανοῦ.
1346 5791 1435 5850 Sic
1463 5795 1635 5850 codex
1672 5793 1998 5851 Bodleianns
2025 5815 2038 5863 ;

475 5864 692 5934 Regius,
721 5865 749 5914 6
779 5861 838 5926 ἐξ
863 5863 1114 5934 οὐρανοῦ.

547 5931 659 6002 (27)
697 5935 888 6003 Λόγου
913 5931 1492 6002 μεταλαμϐάνοντες,
1521 5945 1631 5991 etc.
1683 5933 1805 5990 {huc
1838 5935 2040 5990 habent

2152 5658 2314 5716 codd.
2343 5658 2689 5724 Bodleianns,
2727 5657 2927 5727 Regius
2949 5668 3003 5711 et
3033 5657 3386 5714 Barberinns.
3417 5655 3622 5713 Vertit
3662 5660 3789 5716 Pe-

2157 5730 2391 5795 rionius,
2431 5747 2448 5779 ι
2488 5729 2717 5782 rationis
2737 5726 3032 5797 participes
3055 5726 3294 5781 ferarum
3329 5729 3717 5797 bestiarum:
3771 5763 3786 5786 ι

2154 5798 2437 5870 Ferrarius
2470 5799 2682 5870 videtur
2731 5796 3015 5867 legendum
3037 5807 3281 5870 putasse,
3308 5796 3526 5870 ἄλογον
3579 5818 3788 5870 μετα-

2150 5867 2444 5932 ϐάλλοντας
2490 5867 2694 5938 θηρίων
2721 5867 3182 5940 ἀπηγριωμένων,
3215 5873 3358 5936 quod
3393 5867 3596 5938 magis
3645 5881 3784 5945 pta-

2148 5949 2254 5993 ρει.
2543 5968 2550 5973 -
