3866 6526
149 382 237 439 557

1261 388 1618 448 COMMENT.
1663 389 1730 444 lN
1777 387 1973 445 JOAN.
2012 386 2250 446 TOMUS
2285 387 2352 442 Χ.

3317 387 3422 442 3'38

148 521 244 557 νειν
270 503 335 557 τά
357 506 771 579 γεγραμμένα,
797 509 935 581 ὅπερ
957 503 1196 565 ποιοῦσιν
1221 513 1268 566 οἱ
1302 515 1623 586 κνηθόμενοι
1647 513 1729 584 τὴ*

1851 519 1905 566 et
1941 512 2281 567 saevientium
2329 516 2520 564 contra
2572 521 2666 564 eos
2695 506 2787 578 qui
2820 506 3022 562 idcirco
3047 515 3257 563 ratione
3293 525 3419 564 vere

149 595 318 665 ἀκοὴν,
354 595 452 649 καὶ
485 597 608 652 ἀπὸ
641 600 750 670 μὲν
776 601 877 671 τῆς
909 600 1164 672 ἀληθείας
1189 603 1622 678 ἀποστρέφοντες
1647 605 1742 658 αύ-

148 689 248 758 τὴν,
275 688 365 740 ἐπὶ
393 688 453 742 δὲ
501 689 570 742 τὸ
613 692 912 764 ἀνειμένον
945 693 1038 746 καὶ
1069 691 1424 766 ὑδαρέστερον
1455 695 1558 766 τῆς
1590 696 1742 749 πολι-

148 781 278 844 τείας
323 780 867 851 μεταλαμϐάνοντες
917 784 1017 848 τὰς
1067 787 1188 838 κατ’
1241 787 1442 850 αὐτοὺς
1499 789 1739 857 ἀγωγάς.

158 872 330 941 Ἡμεῖς
371 871 428 924 δὲ
473 872 557 942 τῷ
599 873 788 937 ζέοντι
847 876 1146 946 πνεύματι,
1194 878 1287 930 καὶ
1350 880 1465 942 τοῖς
1530 877 1742 949 διδομέ-

149 981 242 1026 νοις
272 961 382 1032 (28)
415 964 529 1017 ὑπὸ
559 965 710 1019 Θεοῦ
741 967 1025 1040 διαπύροις
1068 968 1276 1037 λόγοις,
1319 969 1539 1034 ὁποίους
1583 971 1743 1039 Ἱερε-

149 1055 262 1124 μίας
297 1057 517 1127 εἰλήφει
569 1058 687 1113 ἀπὸ
728 1060 824 1114 τοῦ
853 1061 1100 1130 λέγοντος
1141 1063 1278 1132 πρὸς
1301 1062 1497 1117 αὐτόν·
1539 1082 1558 1116 ι
1609 1063 1741 1118 Ἰδοὺ

145 1146 331 1200 δέδωκα
352 1149 482 1212 τοὺς
504 1147 720 1217 λόγους
753 1167 859 1221 μου
889 1154 968 1215 είς
989 1152 1048 1205 τὸ
1073 1152 1246 1223 στόμα
1271 1169 1364 1206 σου
1392 1151 1522 1223 πῦρ,
1551 1171 1568 1204 ι
1602 1152 1740 1207 όπτά

149 1238 443 1308 ποιήσωμεν
470 1237 544 1292 τὰ
574 1241 726 1311 κρέα
764 1239 860 1294 τοῦ
894 1240 1064 1314 ἀμνοῦ
1085 1281 1100 1306 ,
1131 1241 1269 1296 ὥστε
1303 1244 1430 1306 τοὺς
1462 1242 1739 1314 μεταλαμ-

147 1325 387 1390 ϐάνοντας
419 1328 616 1382 αὐτῶν
651 1330 874 1398 λέγειν,
903 1331 1136 1401 Χριστοῦ
1171 1334 1228 1386 ἐν
1258 1334 1387 1402 ἡμῖν
1434 1331 1738 1397 λαλοῦντος,

146 1420 216 1471 ὅτι
246 1439 263 1469 ι
286 1420 347 1471 Ἠ
372 1420 585 1490 καρδία
610 1421 783 1493 ἡμῶν
815 1424 1074 1494 καιομένη
1097 1419 1164 1495 ἦν
1192 1425 1250 1478 ὲν
1283 1426 1348 1494 τῇ
1373 1423 1498 1493 όδῷ,
1529 1424 1604 1488 ὡς
1632 1425 1743 1496 διή-

146 1525 302 1576 νοιγεν
331 1510 464 1580 ἡμῖν
499 1510 610 1574 τὰς
645 1512 897 1583 Ρραφάς.
930 1533 948 1565 ι
974 1515 1036 1566 Εί
1059 1514 1116 1567 δὲ
1136 1517 1216 1578 είς
1244 1514 1303 1568 τὸ
1322 1514 1560 1569 τοιοῦτον
1593 1517 1738 1587 ἡμᾶς

146 1599 355 1670 ζητῆσαι
385 1602 528 1672 πυρὶ
555 1602 810 1673 ὀπτῆσαι
832 1603 1098 1676 δεήσειτά
1125 1604 1217 1658 τοῦ
1243 1604 1352 1676 (29)
1380 1605 1552 1676 ἀμνοῦ
1575 1606 1734 1676 κρέα,

146 1693 461 1762 παραθετέον
493 1695 607 1766 τὴν
637 1695 936 1764 ὁμολογίαν
965 1691 1026 1750 οὗ
1057 1697 1345 1751 ἐπεπόνθει
1387 1698 1480 1751 ἐπὶ
1511 1701 1623 1760 τοῖς
1651 1698 1736 1752 λό-

146 1803 246 1851 γοις
284 1785 372 1838 τοῦ
409 1785 556 1839 Θεοῦ
595 1785 816 1851 πάθους
861 1789 1124 1859 Ἱερεμίας
1157 1789 1364 1857 λέγων⁹
1404 1809 1422 1843 ι
1464 1790 1572 1843 Καὶ¹
1613 1791 1735 1858 ἐγέ-

145 1893 249 1929 νετο
269 1876 341 1940 ὡς
371 1876 487 1949 πῦρ
527 1879 869 1949 καιόμενον,
903 1878 1099 1948 φλέγον
1133 1881 1190 1934 ὲν
1225 1883 1335 1944 τοῖς
1362 1880 1572 1944 ὀστέοις
1609 1898 1730 1952 μου,

146 1971 223 2022 καὶ
263 1975 536 2044 παρεῖμαι
592 1973 906 2036 πάντοθεν,
950 1975 1040 2026 καὶ
1079 1974 1139 2027 ού
1187 1974 1420 2044 δύναμαι
1468 1975 1672 2046 φέρειν.
1707 1993 1726 2026 ι

156 2063 391 2131 Ἀρκτέον
411 2064 473 2117 δὲ
509 2065 575 2117 ὲν
601 2065 686 2136 τῷ
713 2065 915 2118 ἐσθίειν
939 2066 1046 2118 ἀπὸ
1075 2067 1174 2136 τῆς
1202 2067 1462 2138 κεφαλῆς,
1489 2069 1732 2122 τουτέστι

143 2157 235 2209 τῶν
257 2159 724 2229 κορυφαιοτάτων
751 2157 844 2211 καὶ
875 2156 1116 2228 ἀρχικῶν
1148 2157 1434 2228 δογμάτων
1469 2161 1598 2230 περὶ
1627 2159 1734 2213 τῶν

143 2251 464 2320 ἐπουρανίων
489 2267 503 2280 ο
558 2250 661 2303 καὶ
709 2249 1080 2320 καταληκτέον
1122 2249 1212 2302 ἐπὶ
1258 2251 1384 2313 τοὺς
1420 2251 1619 2315 πόδας,
1667 2252 1734 2304 τά

142 2342 320 2411 ἔσχατα
343 2343 455 2396 τῶν
497 2342 853 2414 μαθημάτων
875 2340 943 2395 τά
967 2340 1234 2410 ζητοῦντα
1265 2343 1392 2414 περὶ
1419 2343 1519 2413 τῆς
1549 2344 1732 2398 τελευ-

142 2435 280 2497 ταίας
309 2437 364 2487 ὲν
397 2437 524 2498 τοῖς
553 2429 682 2488 οὖσι
716 2433 962 2502 φύσεως,
1009 2434 1127 2504 ἦτοι
1164 2433 1273 2486 τῶν
1303 2433 1666 2506 ύλικωτέρων,
1695 2435 1728 2507 ἢ

141 2526 233 2578 τῶν
267 2523 659 2594 καταχθονίων
681 2562 697 2586 ,
726 2524 760 2594 ἢ
793 2523 900 2576 τῶν
934 2523 1184 2595 πονηρῶν
1237 2522 1595 2594 πνευμάτων,
1639 2525 1732 2578 καὶ

143 2617 447 2688 ἀκαθάρτων
481 2615 816 2687 δαιμονίων.
858 2617 912 2669 '0
933 2615 1041 2686 γὰρ
1069 2616 1195 2688 περὶ
1222 2615 1401 2670 αὐτῶν
1433 2615 1588 2684 λόγος
1617 2616 1732 2670 ἓτεο

142 2727 220 2778 ρος
261 2708 332 2763 ὣν
365 2707 562 2762 αὐτῶν
588 2747 605 2773 ,
659 2708 1086 2777 ἑναποκείμενος
1119 2710 1230 2770 τοῖς
1267 2707 1586 2779 μυστηρίοις
1633 2709 1732 2780 τῆς

143 2801 342 2872 Γραφῆς
376 2801 619 2854 δύναται
667 2799 1072 2871 τροπικὼτερον
1105 2799 1260 2863 πόδες
1291 2799 1605 2870 ὠνομάσθαι
1635 2798 1727 2854 τοῦ

141 2892 314 2960 ἀμνοῦ.
348 2893 469 2946 Καὶ
501 2891 619 2944 τῶν
664 2891 953 2944 ένδοσθίων
981 2891 1066 2957 δὲ,
1101 2891 1441 2963 έσωτερικῶν
1468 2892 1563 2945 καὶ
1597 2893 1730 2946 ἀπο-

143 2980 565 3050 κεκρυμμένων,
599 2979 704 3033 οὐκ
737 2979 1023 3050 ἀφεκτέον.
1077 2981 1164 3044 Ὠς
1206 2983 1285 3034 ἑνὶ
1313 2981 1370 3034 δὲ
1413 2981 1623 3053 σώματι
1662 2985 1726 3055 τῇ

142 3071 304 3142 ἁπάσῃ
329 3070 749 3143 νπροσελθετέον
793 3072 1015 3143 Γραφῇ,
1053 3075 1147 3127 καὶ
1174 3073 1272 3138 τάς
1305 3076 1364 3127 ὲν
1392 3077 1458 3146 τῇ
1493 3076 1729 3147 ἁρμονίᾳ

141 3161 223 3229 τῆς
264 3162 373 3232 (50)
417 3162 610 3233 πάσης
660 3162 964 3258 συνθέσεως
1006 3163 1177 3234 αὐτῆς
1223 3165 1590 3230 εὐτονωτάτας
1635 3166 1728 3220 καὶ
1756 3199 1798 3258 c

146 3255 500 3324 στερροτάτας
549 3253 792 3324 συνοχὰς
837 3254 897 3306 οὐ
947 3256 1300 3326 συντριπτέον
1323 3297 1339 3324 ,
1385 3257 1508 3312 οὐδὲ
1549 3257 1730 3313 διακο-

144 3342 283 3394 πτέον
305 3382 321 3405 ,
355 3343 504 3414 ὅπερ
538 3345 914 3416 πεποιήκασιν
953 3346 1002 3398 oi
1032 3345 1129 3416 τὴν
1163 3345 1388 3418 ἑνότητα
1413 3346 1507 3401 τοῦ
1534 3350 1593 3401 ὲν
1626 3349 1732 3404 πά-

144 3446 247 3494 σαις
271 3436 399 3498 ταῖς
422 3434 676 3503 Γῳφαίς
712 3435 1022 3508 πνεύματος
1048 3437 1109 3490 τὸ
1132 3438 1254 3490 ὅσον
1289 3440 1376 3492 ἐπ’
1405 3439 1586 3503 αὐτοῖς
1607 3456 1731 3494 συν-

140 3522 430 3592 τρίϐοντες.
461 3525 620 3596 Αὕτη
672 3526 975 3599 μέντοιγεὴ
1005 3529 1112 3583 ἀπὸ
1137 3528 1231 3583 τοῦ
1264 3529 1436 3601 ἀμνοῦ
1469 3548 1730 3603 προειρη-

145 3615 260 3686 μένη
295 3618 620 3688 προφητεία
640 3617 743 3690 τὴν
769 3619 938 3673 νύκτα
974 3620 1139 3692 μόνην
1172 3621 1319 3691 ἡμᾶς
1361 3622 1609 3693 τρεφέτω
1633 3621 1728 3676 τοῦ

141 3707 190 3756 ἐν
211 3707 281 3779 τῷ
306 3709 418 3780 βίῳ
444 3709 707 3774 σκότους·
735 3709 812 3775 ὡς
841 3709 948 3782 γὰρ
971 3710 1072 3781 τῆς
1099 3711 1360 3784 ἀνατολῆς
1388 3712 1487 3784 τῆς
1518 3713 1730 3785 ἡμέρας

142 3797 234 3852 τῶν
269 3802 418 3871 μετά
446 3801 540 3855 τὸν
584 3801 701 3872 βίον
734 3801 925 3855 τοῦτον
962 3803 1114 3857 οὐδὲν
1158 3804 1544 3859 καταλειπτέον
1575 3805 1728 3859 ἔσται

142 3893 254 3961 ἡμῖν
294 3894 403 3965 τῆς
458 3895 554 3948 ἐπὶ
597 3893 696 3949 τοῦ
747 3894 1016 3965 παρόντος
1078 3895 1239 3967 μόνου
1286 3897 1555 3971 χρησίμου
1597 3899 1728 3970 ἡμῖν

141 3983 267 4039 οὕτω
315 3986 553 4058 τροφῆς.
605 3987 996 4060 Παρελθούσης
1049 3987 1158 4059 γάρ
1213 3989 1314 4060 τῆς
1361 3991 1587 4055 νυκτὸς,
1634 3992 1728 4046 καὶ

141 4079 472 4151 ἐπελθούσης
513 4081 617 4156 τῆς
665 4081 804 4150 μετὰ
841 4080 1012 4135 ταῦτα
1048 4081 1283 4152 ἡμέρας,
1323 4081 1415 4134 τὸν
1463 4081 1728 4154 μηδαμῶς

143 4168 237 4224 ἀπο
260 4167 370 4222 τῶν
404 4168 788 4241 παλαιοτέρων
820 4175 914 4223 καὶ
942 4171 1237 4242 κατωτέρω
1261 4169 1572 4242 ζυμούντων
1597 4172 1729 4236 ἄζυ-

145 4276 234 4327 μον
265 4259 488 4330 ἐχοντες
517 4260 688 4332 ἄρτον
717 4261 1024 4332 φαγόμεθα,
1067 4263 1332 4334 χρήσιμον
1367 4263 1498 4332 ἡμῖν
1528 4263 1725 4335 ὲσόμε-

142 4368 240 4414 νον,
265 4353 370 4416 ἓως
401 4351 534 4423 δοθῇ
572 4352 635 4405 τὺ
666 4353 805 4422 μετά
835 4353 928 4406 τὸν
952 4353 1157 4424 ἄζυμον
1188 4354 1297 4424 (51)
1336 4355 1530 4425 μάννα,
1561 4357 1594 4426 ἡ
1627 4357 1726 4426 ἀγ-

143 4443 322 4514 γελική
368 4445 466 4497 καὶ
521 4443 599 4515 μὴ
650 4443 963 4516 ἀνθρωπίνη
1011 4446 1204 4516 τροφή.
1263 4447 1506 4519 Ἐκάστῳ
1543 4448 1724 4503 τοίνυν

1848 611 2076 658 utuntur
2111 603 2236 673 quia
2274 601 2446 656 velint
2473 597 2774 668 intelligere
2809 599 3138 668 spiritualia,
3185 599 3236 653 id
3271 599 3417 669 quod

1849 695 2061 750 ratione
2088 705 2239 750 caret
2270 695 2509 748 ferarum
2558 691 2855 762 agrestium
2900 691 3272 744 immutantes.
3307 689 3417 745 Sed

1846 789 2238 844 elaborandum
2258 795 2342 841 est
2367 781 2755 838 trausmutanti
2779 781 3102 836 cruditatem
3120 778 3418 848 Scriptura

1845 883 1914 938 ad
1942 881 2269 944 coctionem,
2303 891 2371 933 ne
2403 877 2455 930 in
2489 875 2689 947 aliquid
2725 875 3020 939 hmnidius,
3051 882 3105 929 et
3135 872 3414 942 aquosius,

1844 983 1901 1029 et
1951 971 2270 1028 dissolutum
2328 977 2651 1024 trausmutet
2696 982 2759 1023 ea
2810 983 2930 1037 quae
2984 967 3185 1035 scripta
3237 972 3414 1021 sunt:

1845 1063 1986 1134 quod
2017 1063 2224 1118 faciunt
2259 1062 2569 1132 prurientes
2599 1062 2838 1126 auribus,
2883 1068 2936 1115 et
2965 1073 2996 1113 a
3025 1057 3263 1113 veritate
3287 1055 3414 1125 qui-

1844 1157 1965 1212 dem
1993 1171 2087 1212 eas
2115 1155 2505 1222 avertentes“,
2531 1154 2598 1211 ad
2629 1153 2915 1210 remissam
2947 1161 3126 1208 autem
3159 1158 3216 1206 et
3240 1148 3418 1205 ﬂacci-

1843 1249 1966 1305 dam
1999 1247 2208 1304 vivendi
2243 1248 2509 1303 rationem
2542 1263 2637 1302 sua
2680 1245 2929 1301 instituta
2964 1249 3412 1298 transmutantes.

1842 1339 1952 1396 Nos
1983 1356 2110 1395 vero
2151 1339 2374 1393 ferventi
2415 1339 2629 1407 spiritu,
2664 1347 2718 1394 et
2759 1335 2944 1407 ignitis
2987 1333 3337 1390 sermonibus
3382 1345 3411 1384 a

1844 1429 1952 1485 Deo
2005 1430 2166 1494 datis,
2220 1428 2409 1496 quales
2457 1427 2723 1483 Jeremias
2767 1435 3074 1495 sumpserat
3107 1424 3177 1478 ab
3220 1437 3284 1477 eo
3318 1421 3412 1491 qui

1841 1522 1940 1577 sibi
1980 1521 2237 1576 dicebat:
2277 1537 2295 1570 ι
2338 1519 2474 1575 Ecce
2512 1534 2612 1590 ego
2661 1519 2779 1575 dedi
2831 1530 3111 1574 sermones
3159 1528 3310 1570 meos
3357 1513 3410 1567 in

1841 1627 1902 1668 os
1935 1622 2082 1666 tuum
2126 1613 2301 1681 ignem
2337 1611 2402 1674 “,
2454 1629 2472 1662 ι
2514 1625 2663 1666 assas
2712 1610 2980 1664 faciamus
3011 1607 3134 1677 agni
3173 1620 3405 1671 carnes;

1841 1704 1912 1758 ita
1942 1713 1996 1758 ul
2030 1703 2120 1772 qui
2153 1717 2248 1758 eas
2281 1701 2580 1771 capiemus,
2608 1699 2826 1755 Christo
2857 1697 2908 1752 in
2945 1697 3100 1751 nobis
3131 1696 3407 1764 loquente,

1839 1796 2086 1849 dicamus
2114 1811 2127 1847 :
2158 1812 2176 1846 ι
2221 1792 2412 1847 Nonne
2445 1805 2542 1846 cor
2581 1799 2828 1846 nostrum
2855 1789 3054 1843 ardens
3086 1795 3204 1842 erat
3247 1783 3410 1854 178

1835 1887 1889 1942 in
1918 1887 2024 1952 via,
2061 1887 2185 1941 dum
2236 1885 2474 1954 aperiret
2515 1882 2672 1938 nobis
2711 1881 3026 1951 Scripturas
3056 1879 3102 1910 '°
3137 1877 3160 1931 ’ί
3196 1895 3215 1930 ι
3255 1876 3408 1944 Quod

1835 1980 1879 2034 si
1915 1977 1980 2031 ad
2015 1979 2153 2031 hanc
2185 1991 2297 2031 rem
2331 1974 2675 2044 quaerendam
2705 1987 2893 2027 assare
2919 1970 3030 2042 igni
3057 1967 3178 2038 agni
3206 1981 3403 2022 carnes

1835 2085 1972 2140 opus
2007 2069 2135 2134 erit,
2173 2067 2225 2121 in
2253 2066 2488 2121 medium
2521 2063 2855 2120 afferendum
2883 2070 2969 2117 est
2997 2061 3049 2115 id
3079 2057 3220 2128 quod
3245 2072 3406 2113 occa-

1835 2163 1988 2218 sione
2016 2161 2305 2215 verborum
2351 2157 2444 2212 Dei
2501 2171 2726 2228 passum
2757 2169 2816 2210 se
2850 2155 3054 2209 fatetur
3095 2151 3402 2208 Jeremias:

1839 2270 1860 2305 ι
1893 2252 1957 2306 Et
1986 2251 2159 2307 factus
2189 2259 2272 2306 est
2303 2258 2360 2304 ut
2391 2248 2532 2320 ignis
2560 2246 2910 2310 comburens,
2944 2245 3142 2300 ardens
3178 2244 3228 2298 in
3269 2244 3409 2298 ossi-

1834 2343 1936 2398 bus
1980 2343 2160 2396 meis:
2191 2349 2246 2396 et
2277 2339 2520 2396 resolvor
2565 2336 2828 2409 undique,
2875 2347 2931 2393 et
2973 2335 3247 2392 sustinere
3296 2349 3404 2390 non

1835 2447 2051 2502 possum
2082 2435 2152 2489 ⁸⁸.
2182 2451 2201 2486 ι
2242 2432 2610 2501 Incipiendum
2646 2438 2826 2484 autem
2853 2439 2962 2494 est,
3004 2428 3130 2484 dum
3162 2426 3405 2482 comedi-

1834 2541 1976 2591 mus,
2003 2541 2033 2579 a
2061 2525 2260 2595 capite,
2300 2524 2402 2580 hoc
2431 2517 2512 2578 est
2541 2537 2569 2576 a
2593 2522 2863 2590 supremis
2884 2531 2939 2576 et
2963 2521 3240 2591 primariis
3303 2523 3400 2577 do-

1832 2617 2104 2690 gmatibus
2137 2617 2203 2672 de
2230 2615 2390 2672 rebus
2422 2611 2900 2686 supercaaleslibus
2929 2632 2942 2680 ;
2971 2625 3024 2669 et
3051 2613 3402 2669 desinendum

1834 2710 1888 2766 in
1939 2709 2126 2780 pedes,
2172 2709 2429 2764 nimirum
2484 2707 2536 2760 in
2583 2706 2805 2762 ultimas
2849 2705 3203 2774 disciplinas,
3255 2720 3404 2774 quaa-

1833 2809 2016 2856 renles
2055 2799 2122 2853 de
2155 2798 2346 2854 ultima
2401 2807 2589 2851 natura
2641 2796 2693 2850 in
2739 2795 2978 2862 entibus,
3015 2795 3097 2849 vel
3134 2795 3201 2848 de
3243 2795 3406 2850 rebus

1831 2887 2225 2953 materialibns,
2259 2886 2341 2941 vel
2379 2885 2749 2951 terrestribus,
2785 2885 2870 2939 vel
2912 2884 3069 2938 malis
3108 2883 3400 2954 spiritibus

1830 2988 1887 3036 et
1922 2979 2148 3050 impuris
2177 2977 2527 3032 dtenlonibus.
2578 2975 2714 3031 Nam
2757 2976 2874 3032 fieri
2924 2983 3096 3046 potest
3131 2985 3188 3030 ut
3216 2990 3400 3030 sermo

1833 3067 1901 3124 de
1927 3068 2082 3138 ipsis,
2113 3067 2360 3124 diversus
2388 3067 2666 3123 exsistens
2697 3067 2766 3122 ab
2805 3066 2914 3122 illis
2942 3066 3286 3133 sublimibus,
3314 3081 3402 3122 reo

1833 3160 2084 3217 conditus
2113 3161 2164 3216 in
2191 3159 2466 3231 mysteriis
2488 3159 2814 3230 Scriptum,
2843 3161 3012 3230 pedes
3037 3161 3161 3232 agni
3195 3161 3400 3232 tropice

1833 3254 2147 3310 nominatus
2183 3253 2276 3308 sit.
2319 3252 2459 3320 Quin
2491 3253 2559 3308 ab
2588 3253 2882 3320 intestinis,
2926 3263 2983 3308 et
3022 3253 3397 3324 interioribus,

1831 3353 1886 3399 et
1929 3342 2195 3399 abstrusis
2223 3357 2330 3398 non
2365 3342 2728 3398 recedendum
2771 3351 2892 3408 est;
2926 3344 3022 3398 sed
3052 3343 3120 3398 ad
3153 3343 3400 3414 Scriptu-

1831 3449 1950 3489 ram
1977 3445 2144 3490 totam
2175 3435 2398 3504 perinde
2430 3445 2595 3503 atque
2635 3434 2702 3488 ad
2750 3449 2918 3489 unum
2949 3448 3146 3504 corpus
3173 3439 3402 3492 acceda-

1833 3541 1954 3583 mus
1975 3535 2211 3597 oportet,
2241 3541 2339 3582 nec
2358 3525 2756 3591 ‘collacerandae
2777 3526 3253 3599 discirtdendaaque
3274 3541 3402 3586 sunt

1832 3628 1946 3676 tum
1976 3619 2457 3688 constantissimae,
2498 3629 2612 3676 tum
2647 3618 2962 3675 fortissima:
2994 3620 3290 3677 harmoniae
3319 3631 3400 3679 to-

1833 3712 1942 3768 tius
1994 3711 2407 3783 compositionis
2453 3713 2623 3784 ipsius
2663 3730 2678 3769 :
2713 3712 2764 3767 id
2801 3713 2942 3782 quod
2988 3714 3236 3769 fecerunt
3281 3716 3394 3784 qui,

1829 3809 2092 3872 quantum
2147 3801 2198 3854 in
2251 3799 2384 3869 ipsis
2417 3809 2518 3866 est,
2577 3799 2738 3854 unius
2786 3799 3048 3855 unitatem
3079 3800 3392 3870 Spiritus'in

1829 3894 2086 3951 omnibus
2140 3890 2440 3962 Scripturis
2511 3891 2860 3948 exsistentem
2915 3891 3270 3950 collacerant.
3332 3893 3396 3946 Et

1831 3999 1963 4042 sane
2020 3985 2134 4040 lucc
2181 3985 2440 4054 praedicta
2487 3998 2554 4040 ex
2600 3996 2739 4052 agno
2783 3983 3088 4054 prophetia,
3130 3999 3235 4039 una
3281 3986 3393 4040 sola

1833 4084 1997 4132 nocte
2027 4075 2396 4142 tenebrarum,
2429 4089 2550 4144 quae
2595 4083 2723 4128 sunt
2765 4074 2818 4129 in
2845 4075 3099 4144 praesenti
3130 4075 3261 4142 vita,
3297 4092 3397 4132 nos

1830 4167 2076 4232 nutriat;
2112 4173 2365 4236 tanquam
2414 4164 2560 4220 enim
2602 4165 2883 4221 exoriente
2925 4165 3012 4220 die
3053 4180 3237 4221 rerum
3276 4177 3396 4236 post

1827 4268 2150 4328 praesentem
2178 4257 2346 4311 vitam
2379 4255 2707 4324 futurarum,
2730 4257 2811 4315 sic
2837 4273 2936 4315 nos
2963 4251 3096 4314 nihil
3129 4259 3395 4330 reliquum

1828 4349 2008 4406 facere
2039 4349 2298 4404 debemus
2325 4348 2392 4404 de
2423 4349 2548 4406 cibo
2583 4350 2758 4407 solum
2799 4351 2956 4409 nobis
3000 4351 3051 4406 in
3103 4353 3394 4421 praesentia

1831 4443 1969 4497 utili.
2000 4441 2134 4497 Cum
2181 4441 2327 4496 enim
2375 4456 2480 4497 nox
2509 4443 2860 4512 przeterierit,
2911 4459 2976 4501 ac
3017 4445 3396 4514 supervenerit

143 4535 288 4602 ἡμῶν
329 4533 550 4588 θυέσθω
601 4533 664 4586 τὸ
705 4535 976 4605 πρόϐατον
1023 4535 1081 4588 ἐν
1127 4539 1287 4588 παντὶ
1319 4536 1452 4608 οἴκῳ
1494 4541 1726 4609 πατριᾶς

1834 4544 2019 4606 postea
2073 4533 2212 4600 dies,
2261 4547 2518 4604 azymum
2569 4535 3289 4607 habenteshaudquaquam
3329 4552 3396 4592 ex

143 4627 306 4696 ἡμῶν,
341 4630 440 4682 καὶ⁹
474 4627 704 4682 δυνατὸν
731 4628 872 4680 ἔστω
896 4627 1044 4680 τόνδε
1077 4627 1179 4698 μέν
1218 4645 1340 4682 τινα
1367 4633 1722 4702 παρανομεῖν,

146 4718 214 4790 μὴ
234 4719 429 4775 θύοντα
451 4720 519 4774 τδ
549 4719 824 4793 πρόόατοον
852 4759 866 4780 ,
894 4720 985 4772 τὸν
1019 4720 1075 4772 δὲ
1105 4721 1284 4774 πᾶσαν
1309 4722 1596 4790 φυλάττειν
1619 4723 1722 4794 τὴν

143 4812 344 4884 ἐντολὴν
367 4811 598 4876 θύοντα,
635 4813 730 4866 καὶ
756 4811 1100 4884 περιέψοντα,
1125 4815 1219 4868 καὶ
1245 4815 1428 4869 ὀστέον
1451 4816 1614 4870 αὑτοῦ
1644 4817 1718 4889 μὴ

145 4904 512 4974 συντρίϐοντα.
561 4903 676 4958 Καὶ
703 4903 877 4968 οὕτως
919 4906 976 4958 έν
1019 4904 1243 4977 βραχέσι
1297 4907 1599 4978 συμφώνως
1651 4913 1716 4982 τῇ

146 4993 460 5066 ἀποστολικῇ
513 4994 716 5065 ὲκδοχῇ
751 4994 843 5046 κοιλ⁸
887 4992 965 5062 τῷ
1007 4995 1065 5048 ὲν
1103 4993 1181 5064 τῷ
1217 4995 1533 5068 Εὑαγγελίῳ
1561 4997 1721 5068 ἀμνῷ

146 5085 462 5140 amatam.»
495 5085 612 5158 (52)
663 5084 724 5138 τὸ
763 5083 921 5139 τυθὲν
969 5085 1160 5156 Πάσχα
1203 5086 1456 5156 Χριστός.
1490 5089 1564 5142 Οὐ
1613 5089 1720 5162 γάρ

148 5177 408 5246 νομιστέον
436 5177 510 5232 τά
531 5175 788 5248 ἱστορικά
818 5176 1102 5248 ἱστορικῶν
1127 5175 1264 5232 εἶναι
1293 5179 1516 5246 τύπους,
1542 5183 1634 5234 καὶ
1653 5183 1721 5236 τά

150 5270 416 5341 σωματικά
452 5268 818 5344 σωματικῶν,
849 5269 984 5324 ἀλλά
1009 5268 1075 5324 τά
1105 5272 1392 5341 σωματικά
1435 5290 1726 5346 πνευματι-

148 5362 273 5424 κῶν,
308 5364 400 5418 καὶ
444 5363 519 5419 τὰ
572 5361 831 5432 ἱστορικά
867 5361 1091 5433 νοητῶν.
1140 5363 1426 5434 Ἀναὸῆναι
1462 5362 1540 5434 τῷ
1583 5363 1723 5438 λόγῳ

1825 4629 2121 4694 veteribus,
2151 4636 2208 4682 et
2235 4641 2302 4682 ex
2333 4627 2416 4682 his
2443 4627 2536 4698 qui
2570 4626 2782 4684 inferne
2814 4628 3161 4694 fermentant,
3199 4645 3396 4698 panem

1823 4721 2155 4778 comedimus
2199 4721 2356 4777 nobis
2385 4735 2625 4790 eousque
2664 4721 3032 4791 profuturum,
3065 4723 3239 4778 donec
3274 4731 3398 4792 post

1823 4830 2071 4886 azymum
2105 4813 2264 4870 fuerit
2303 4813 2459 4870 nobis
2486 4813 2670 4869 datum
2706 4828 2920 4879 manna,
2961 4815 3064 4870 hoc
3103 4823 3188 4869 est
3229 4830 3394 4884 ange-

1827 4908 1966 4964 licus
1991 4905 2080 4961 ille
2112 4911 2167 4960 et
2199 4919 2306 4961 non
2338 4905 2608 4961 humanus
2632 4904 2804 4960 cibus.
2839 4905 2922 4960 Ab
2945 4919 3267 4975 unoquoque
3297 4907 3393 4974 igi-

1829 5010 1915 5056 tur
1945 5008 2190 5055 uostrum
2219 4999 2526 5056 immoletur
2550 5000 2670 5054 ovis
2708 5001 2762 5054 in
2793 4997 2942 5053 omni
2981 4996 3140 5052 domo
3171 4997 3392 5056 familiae

1829 5103 2050 5149 nostra.
2085 5091 2271 5149 Facile
2292 5092 2458 5148 etiam
2490 5091 2631 5146 factu
2661 5090 2753 5157 sit,
2778 5099 2834 5145 ut
2861 5089 3058 5160 aliquis
3089 5100 3391 5160 transgres-

1829 5199 1922 5238 sor
1969 5183 2042 5240 sit
2081 5183 2240 5253 legis,
2285 5196 2390 5238 non
2428 5188 2673 5238 mactans
2710 5195 2888 5249 ovem,
2921 5181 3028 5237 alio
3075 5183 3386 5239 universum

1829 5287 2084 5333 servante
2135 5275 2470 5339 mandatum,
2516 5281 2792 5332 mactante
2820 5283 2876 5331 et
2920 5284 3215 5344 coquente,
3244 5285 3300 5331 et
3328 5292 3389 5331 os

1829 5367 1948 5437 ejus
1983 5383 2090 5422 non
2125 5367 2518 5437 confringente.
2549 5366 2614 5422 Et
2637 5365 2738 5428 sic,
2769 5375 2828 5422 ut
2855 5381 3018 5437 quam
3069 5365 3389 5424 brevissime

237 5457 332 5512 “ll
361 5459 504 5513 Tim.
538 5474 616 5522 Iv,
644 5457 704 5522 ὅ,
735 5457 791 5511 ι.
870 5455 916 5488 ⁸³
944 5454 1144 5512 Jerem.
1166 5474 1218 5524 ν,
1239 5458 1327 5512 li.
1402 5460 1446 5491 ⁵ο
1471 5459 1600 5513 Luc.
1640 5476 1728 5516 xu

1834 5465 1905 5520 i2.
1981 5466 2025 5498 ’ί
2055 5464 2259 5522 Jerem.
2286 5479 2376 5531 xx,
2417 5463 2470 5520 9.

207 5551 529 5622 (iSlCodex
559 5551 796 5622 Regius,
832 5551 954 5622 κατ’
985 5550 1146 5604 αὑτοῦ
1171 5547 1480 5622 ἀναγωγάς.
1526 5552 1717 5622 Ἡμεῖς

143 5621 189 5672 δὲ
215 5619 287 5692 τῷ
318 5621 495 5685 ζέοντι
519 5624 639 5686 τοῖς
663 5619 968 5691 διδομένοις
1021 5632 1163 5686 etc.;
1205 5619 1529 5678 Bodleianus
1561 5619 1619 5677 ut
1660 5625 1711 5678 in

147 5703 311 5745 nostro
339 5702 513 5747 textu.

204 5763 308 5830 (ΞΩ)
339 5763 431 5817 8ο
465 5765 640 5818 habet
680 5760 854 5814 codex
891 5760 1234 5830 Bodleianus,
1263 5761 1399 5814 male
1441 5776 1568 5815 vero
1614 5777 1710 5814 co-

143 5833 228 5886 dex
260 5828 476 5904 Κυδίας,
511 5835 609 5897 Εἰς
632 5833 692 5884 δὲ
719 5830 777 5884 τὸ
809 5829 1048 5883 τοιοῦτον
1080 5828 1334 5900 ζητῆσαι,
1367 5833 1498 5903 πυρὶ
1544 5832 1712 5902 ὀπτῆσ-

1827 5575 1914 5612 σαι
1941 5559 1996 5613 δὲ
2028 5559 2146 5625 άξει
2165 5559 2232 5612 τά
2257 5557 2374 5619 τοῦ,
2413 5566 2518 5612 etc.

1893 5629 2003 5699 (50)
2034 5632 2213 5683 (iudex
2247 5625 2602 5699 _Bod_|e_ianus,
2635 5626 2732 5699 τάς
2762 5627 3026 5699 ἁρμονίας
3053 5625 3155 5697 τῆς

1893 5697 2003 5768 (51)
2035 5700 2213 5753 (Iudex
2243 5697 2598 5768 Bodleianus,
2633 5697 2695 5749 τὸ
2721 5697 2863 5750 κατά
2893 5697 2958 5768 τὸ
2988 5699 3224 5768 ἄζυμον.

1891 5769 2000 5838 (52)
2032 5769 2170 5824 Idem
2203 5770 2373 5822 codex
2408 5767 2752 5831 Bodleianus,
2783 5767 3155 5821 ἀποδίδοσθαι.
