  <div class='ocr_page' id='page_1' title='image "/cluster/home/n/w/nwhite01/storage/ocr_20150623/14/hvd.32044024333478/177.png"; bbox 0 0 3816 6582; ppageno 0'>
   <div class='ocr_carea' id='block_1_1' title="bbox 386 404 492 461">
    <p class='ocr_par' dir='ltr' id='par_1_1' title="bbox 386 404 492 461">
     <span class='ocr_line' id='line_1_1' title="bbox 386 404 492 461; baseline 0.019 -2"><span class='ocrx_word' id='word_1_1' title='bbox 386 404 492 461; x_wconf 80' lang='lat'><strong>339</strong></span> 
     </span>
    </p>
   </div>
   <div class='ocr_carea' id='block_1_2' title="bbox 392 607 1966 687">
    <p class='ocr_par' dir='ltr' id='par_1_2' title="bbox 392 607 1966 687">
     <span class='ocr_line' id='line_1_2' title="bbox 392 607 1966 687; baseline -0.006 -15"><span class='ocrx_word' id='word_1_2' title='bbox 392 620 498 674; x_wconf 86' lang='lat' dir='ltr'><strong>lico</strong></span> <span class='ocrx_word' id='word_1_3' title='bbox 531 631 673 687; x_wconf 81' lang='lat' dir='ltr'><strong>agno</strong></span> <span class='ocrx_word' id='word_1_4' title='bbox 702 616 1014 685; x_wconf 78' lang='lat' dir='ltr'><strong>designetur</strong></span> <span class='ocrx_word' id='word_1_5' title='bbox 1034 612 1284 670; x_wconf 77' lang='lat' dir='ltr'><strong>Christus</strong></span> <span class='ocrx_word' id='word_1_6' title='bbox 1316 626 1440 667; x_wconf 89' lang='lat' dir='ltr'><strong>esse</strong></span> <span class='ocrx_word' id='word_1_7' title='bbox 1489 610 1825 665; x_wconf 90' lang='lat' dir='ltr'><strong>immolatum</strong></span> <span class='ocrx_word' id='word_1_8' title='bbox 1862 607 1966 662; x_wconf 85' lang='lat' dir='ltr'><strong>Pa-</strong></span> 
     </span>
    </p>
   </div>
   <div class='ocr_carea' id='block_1_3' title="bbox 392 701 1966 779">
    <p class='ocr_par' dir='ltr' id='par_1_3' title="bbox 392 701 1966 779">
     <span class='ocr_line' id='line_1_3' title="bbox 392 701 1966 779; baseline -0.007 -14"><span class='ocrx_word' id='word_1_9' title='bbox 392 712 549 765; x_wconf 81' lang='lat' dir='ltr'><strong>scha.</strong></span> <span class='ocrx_word' id='word_1_10' title='bbox 601 708 787 779; x_wconf 85' lang='lat' dir='ltr'><strong>Neque</strong></span> <span class='ocrx_word' id='word_1_11' title='bbox 827 706 971 762; x_wconf 90' lang='lat' dir='ltr'><strong>enim</strong></span> <span class='ocrx_word' id='word_1_12' title='bbox 1005 705 1428 761; x_wconf 81' lang='lat' dir='ltr'><strong>existimandum</strong></span> <span class='ocrx_word' id='word_1_13' title='bbox 1464 712 1549 759; x_wconf 88' lang='lat' dir='ltr'><strong>est</strong></span> <span class='ocrx_word' id='word_1_14' title='bbox 1587 702 1844 761; x_wconf 83' lang='lat' dir='ltr'><strong>historica</strong></span> <span class='ocrx_word' id='word_1_15' title='bbox 1878 701 1966 755; x_wconf 87' lang='lat' dir='ltr'><strong>hi-</strong></span> 
     </span>
    </p>
   </div>
   <div class='ocr_carea' id='block_1_4' title="bbox 389 791 1961 866">
    <p class='ocr_par' dir='ltr' id='par_1_4' title="bbox 389 791 1961 866">
     <span class='ocr_line' id='line_1_4' title="bbox 389 791 1961 866; baseline -0.006 -12"><span class='ocrx_word' id='word_1_16' title='bbox 389 800 714 854; x_wconf 64' lang='lat' dir='ltr'><strong>storicorum</strong></span> <span class='ocrx_word' id='word_1_17' title='bbox 741 810 863 852; x_wconf 90' lang='lat' dir='ltr'><strong>esse</strong></span> <span class='ocrx_word' id='word_1_18' title='bbox 883 798 1105 866; x_wconf 82' lang='lat' dir='ltr'><strong>liguras,</strong></span> <span class='ocrx_word' id='word_1_19' title='bbox 1136 803 1193 849; x_wconf 89' lang='lat' dir='ltr'><strong>et</strong></span> <span class='ocrx_word' id='word_1_20' title='bbox 1225 791 1525 862; x_wconf 75' lang='lat' dir='ltr'><strong>corporalia</strong></span> <span class='ocrx_word' id='word_1_21' title='bbox 1558 791 1961 861; x_wconf 80' lang='lat' dir='ltr'><strong>corporalium:</strong></span> 
     </span>
    </p>
   </div>
   <div class='ocr_carea' id='block_1_5' title="bbox 391 885 1965 960">
    <p class='ocr_par' dir='ltr' id='par_1_5' title="bbox 391 885 1965 960">
     <span class='ocr_line' id='line_1_5' title="bbox 391 885 1965 960; baseline -0.005 -15"><span class='ocrx_word' id='word_1_22' title='bbox 391 892 487 945; x_wconf 90' lang='lat' dir='ltr'><strong>sed</strong></span> <span class='ocrx_word' id='word_1_23' title='bbox 515 888 819 960; x_wconf 85' lang='lat' dir='ltr'><strong>corporalia</strong></span> <span class='ocrx_word' id='word_1_24' title='bbox 846 886 1233 958; x_wconf 88' lang='lat' dir='ltr'><strong>spiritualium,</strong></span> <span class='ocrx_word' id='word_1_25' title='bbox 1263 894 1318 939; x_wconf 90' lang='lat' dir='ltr'><strong>et</strong></span> <span class='ocrx_word' id='word_1_26' title='bbox 1353 885 1607 939; x_wconf 89' lang='lat' dir='ltr'><strong>historica</strong></span> <span class='ocrx_word' id='word_1_27' title='bbox 1640 897 1819 938; x_wconf 90' lang='lat' dir='ltr'><strong>rerum</strong></span> <span class='ocrx_word' id='word_1_28' title='bbox 1845 896 1965 951; x_wconf 56' lang='lat' dir='ltr'><strong>qua</strong></span> 
     </span>
    </p>
   </div>
   <div class='ocr_carea' id='block_1_6' title="bbox 1878 394 2201 452">
    <p class='ocr_par' dir='ltr' id='par_1_6' title="bbox 1878 394 2201 452">
     <span class='ocr_line' id='line_1_6' title="bbox 1878 394 2201 452; baseline -0.003 0"><span class='ocrx_word' id='word_1_29' title='bbox 1878 394 2201 452; x_wconf 78' lang='lat' dir='ltr'><strong>ORIGENIS</strong></span> 
     </span>
    </p>
   </div>
   <div class='ocr_carea' id='block_1_7' title="bbox 392 512 1974 591">
    <p class='ocr_par' dir='ltr' id='par_1_7' title="bbox 392 514 1960 589">
     <span class='ocr_line' id='line_1_7' title="bbox 392 514 1960 589; baseline -0.003 -16"><span class='ocrx_word' id='word_1_30' title='bbox 392 525 592 585; x_wconf 80' lang='lat' dir='ltr'><strong>dicam,</strong></span> <span class='ocrx_word' id='word_1_31' title='bbox 624 531 866 575; x_wconf 87' lang='lat' dir='ltr'><strong>consone</strong></span> <span class='ocrx_word' id='word_1_32' title='bbox 891 514 1201 589; x_wconf 70' lang='lat' dir='ltr'><strong>apostolicae</strong></span> <span class='ocrx_word' id='word_1_33' title='bbox 1240 515 1608 584; x_wconf 72' lang='lat' dir='ltr'><strong>intelligentize</strong></span> <span class='ocrx_word' id='word_1_34' title='bbox 1641 523 1690 570; x_wconf 93' lang='lat' dir='ltr'><strong>et</strong></span> <span class='ocrx_word' id='word_1_35' title='bbox 1725 528 1960 582; x_wconf 78' lang='lat' dir='ltr'><strong>cvange-</strong></span> 
     </span>
    </p>
   </div>
   <div class='ocr_carea' id='block_1_8' title="bbox 2088 512 3759 591">
    <p class='ocr_par' dir='ltr' id='par_1_8' title="bbox 2088 512 3759 591">
     <span class='ocr_line' id='line_1_8' title="bbox 2088 512 3759 591; baseline 0.003 -24"><span class='ocrx_word' id='word_1_36' title='bbox 2088 513 2161 568; x_wconf 72' lang='grc' dir='ltr'>ιαὶ</span> <span class='ocrx_word' id='word_1_37' title='bbox 2208 512 2303 567; x_wconf 75' lang='grc' dir='ltr'>ἐπὶ</span> <span class='ocrx_word' id='word_1_38' title='bbox 2337 514 2398 568; x_wconf 82' lang='grc' dir='ltr'><strong>τὸ</strong></span> <span class='ocrx_word' id='word_1_39' title='bbox 2430 513 2612 586; x_wconf 89' lang='grc' dir='ltr'>τρίτον</span> <span class='ocrx_word' id='word_1_40' title='bbox 2653 513 2845 585; x_wconf 80' lang='grc' dir='ltr'>Πάσχα</span> <span class='ocrx_word' id='word_1_41' title='bbox 2879 514 3431 590; x_wconf 86' lang='grc' dir='ltr'>ἐπιτελεσθησόμενον</span> <span class='ocrx_word' id='word_1_42' title='bbox 3467 520 3530 572; x_wconf 80' lang='grc' dir='ltr'><strong>ἐν</strong></span> <span class='ocrx_word' id='word_1_43' title='bbox 3568 538 3665 591; x_wconf 71' lang='grc' dir='ltr'>μυ-</span> <span class='ocrx_word' id='word_1_44' title='bbox 3758 548 3759 553; x_wconf 58' lang='grc' dir='ltr'><strong>η</strong></span> 
     </span>
    </p>
   </div>
   <div class='ocr_carea' id='block_1_9' title="bbox 2074 607 3759 683">
    <p class='ocr_par' dir='ltr' id='par_1_9' title="bbox 2074 607 3759 683">
     <span class='ocr_line' id='line_1_9' title="bbox 2074 607 3759 683; baseline 0.001 -21"><span class='ocrx_word' id='word_1_45' title='bbox 2074 609 2248 680; x_wconf 89' lang='grc' dir='ltr'>ριάσιν</span> <span class='ocrx_word' id='word_1_46' title='bbox 2273 607 2541 677; x_wconf 84' lang='grc' dir='ltr'>ἀγγέλων,</span> <span class='ocrx_word' id='word_1_47' title='bbox 2565 608 2870 680; x_wconf 82' lang='grc' dir='ltr'><strong>πανηγύρει</strong></span> <span class='ocrx_word' id='word_1_48' title='bbox 2897 609 3324 683; x_wconf 82' lang='grc' dir='ltr'>ἐπιτελειοτάτῃ,</span> <span class='ocrx_word' id='word_1_49' title='bbox 3353 612 3453 666; x_wconf 75' lang='grc' dir='ltr'><strong>καὶ</strong></span> <span class='ocrx_word' id='word_1_50' title='bbox 3489 630 3669 683; x_wconf 69' lang='lat' dir='ltr'><strong>pauo</strong></span> <span class='ocrx_word' id='word_1_51' title='bbox 3710 660 3717 669; x_wconf 82' lang='grc'><strong>,</strong></span> <span class='ocrx_word' id='word_1_52' title='bbox 3758 626 3759 663; x_wconf 70' lang='lat'><strong>1</strong></span> 
     </span>
    </p>
   </div>
   <div class='ocr_carea' id='block_1_10' title="bbox 2071 696 3759 772">
    <p class='ocr_par' dir='ltr' id='par_1_10' title="bbox 2071 696 3759 772">
     <span class='ocr_line' id='line_1_10' title="bbox 2071 696 3759 772; baseline 0.004 -20"><span class='ocrx_word' id='word_1_53' title='bbox 2071 699 2307 772; x_wconf 75' lang='grc' dir='ltr'>ριωτάτῃ</span> <span class='ocrx_word' id='word_1_54' title='bbox 2341 698 2505 770; x_wconf 81' lang='grc' dir='ltr'>ἐξόδῳ</span> <span class='ocrx_word' id='word_1_55' title='bbox 2532 696 2626 753; x_wconf 79' lang='grc' dir='ltr'>νῦν</span> <span class='ocrx_word' id='word_1_56' title='bbox 2658 700 2759 753; x_wconf 81' lang='grc' dir='ltr'>οὐκ</span> <span class='ocrx_word' id='word_1_57' title='bbox 2790 699 2936 755; x_wconf 85' lang='grc' dir='ltr'>ἔστιν</span> <span class='ocrx_word' id='word_1_58' title='bbox 2962 702 3279 771; x_wconf 88' lang='grc' dir='ltr'>ἀναγκαῖον,</span> <span class='ocrx_word' id='word_1_59' title='bbox 3318 704 3413 757; x_wconf 74' lang='grc' dir='ltr'>καὶ</span> <span class='ocrx_word' id='word_1_60' title='bbox 3452 705 3664 757; x_wconf 73' lang='grc' dir='ltr'>τούτων</span> <span class='ocrx_word' id='word_1_61' title='bbox 3758 750 3759 759; x_wconf 31' lang='grc' dir='ltr'>χ</span> 
     </span>
    </p>
   </div>
   <div class='ocr_carea' id='block_1_11' title="bbox 2067 790 3759 867">
    <p class='ocr_par' dir='ltr' id='par_1_11' title="bbox 2067 790 3759 867">
     <span class='ocr_line' id='line_1_11' title="bbox 2067 790 3759 867; baseline 0.004 -24"><span class='ocrx_word' id='word_1_62' title='bbox 2067 790 2346 844; x_wconf 85' lang='grc' dir='ltr'>ἐπιπλεῖον</span> <span class='ocrx_word' id='word_1_63' title='bbox 2380 790 2475 845; x_wconf 76' lang='grc' dir='ltr'>καὶ</span> <span class='ocrx_word' id='word_1_64' title='bbox 2507 791 2917 864; x_wconf 86' lang='grc' dir='ltr'>περισσότερον,</span> <span class='ocrx_word' id='word_1_65' title='bbox 2954 795 3085 866; x_wconf 86' lang='grc' dir='ltr'>παρ’</span> <span class='ocrx_word' id='word_1_66' title='bbox 3120 794 3150 847; x_wconf 82' lang='grc' dir='ltr'><strong>ὃ</strong></span> <span class='ocrx_word' id='word_1_67' title='bbox 3197 795 3397 867; x_wconf 81' lang='grc' dir='ltr'><strong>ἀπῄτει</strong></span> <span class='ocrx_word' id='word_1_68' title='bbox 3437 794 3510 849; x_wconf 75' lang='grc' dir='ltr'>τὸ</span> <span class='ocrx_word' id='word_1_69' title='bbox 3535 798 3664 850; x_wconf 75' lang='grc' dir='ltr'>ἀνά·</span> <span class='ocrx_word' id='word_1_70' title='bbox 3758 822 3759 831; x_wconf 60' lang='grc' dir='ltr'><strong>ι</strong></span> 
     </span>
    </p>
   </div>
   <div class='ocr_carea' id='block_1_12' title="bbox 3561 376 3759 485">
    <p class='ocr_par' dir='ltr' id='par_1_12' title="bbox 3561 376 3759 485">
     <span class='ocr_line' id='line_1_12' title="bbox 3561 376 3759 485; baseline 0 -27"><span class='ocrx_word' id='word_1_71' title='bbox 3561 400 3665 459; x_wconf 71' lang='lat'><strong>350</strong></span> 
     </span>
    </p>
   </div>
   <div class='ocr_carea' id='block_1_13' title="bbox 2067 884 2839 956">
    <p class='ocr_par' dir='ltr' id='par_1_13' title="bbox 2067 884 2839 956">
     <span class='ocr_line' id='line_1_13' title="bbox 2067 884 2839 956; baseline 0.001 -18"><span class='ocrx_word' id='word_1_72' title='bbox 2067 900 2316 954; x_wconf 86' lang='grc' dir='ltr'>γνωσμα,</span> <span class='ocrx_word' id='word_1_73' title='bbox 2346 884 2653 955; x_wconf 78' lang='grc' dir='ltr'>εἰρημένων</span> <span class='ocrx_word' id='word_1_74' title='bbox 2687 885 2839 956; x_wconf 74' lang='grc' dir='ltr'>ἡμῖν.</span> 
     </span>
    </p>
   </div>
   <div class='ocr_carea' id='block_1_14' title="bbox 388 954 3759 1057">
    <p class='ocr_par' dir='ltr' id='par_1_14' title="bbox 388 954 3759 1057">
     <span class='ocr_line' id='line_1_14' title="bbox 388 954 3759 1057; baseline -0.001 -15"><span class='ocrx_word' id='word_1_75' title='bbox 388 996 568 1042; x_wconf 87' lang='lat' dir='ltr'><strong>mente</strong></span> <span class='ocrx_word' id='word_1_76' title='bbox 592 986 981 1057; x_wconf 87' lang='lat' dir='ltr'><strong>percipiuntur.</strong></span> <span class='ocrx_word' id='word_1_77' title='bbox 1013 983 1294 1037; x_wconf 81' lang='lat' dir='ltr'><strong>Rationem</strong></span> <span class='ocrx_word' id='word_1_78' title='bbox 1311 990 1491 1036; x_wconf 87' lang='lat' dir='ltr'><strong>autem</strong></span> <span class='ocrx_word' id='word_1_79' title='bbox 1518 989 1757 1036; x_wconf 90' lang='lat' dir='ltr'><strong>nostram</strong></span> <span class='ocrx_word' id='word_1_80' title='bbox 1782 979 1950 1034; x_wconf 90' lang='lat' dir='ltr'><strong>etiam</strong></span> <span class='ocrx_word' id='word_1_81' title='bbox 1985 978 2050 1033; x_wconf 87' lang='lat' dir='ltr'><strong>ad</strong></span> <span class='ocrx_word' id='word_1_82' title='bbox 2071 981 2282 1035; x_wconf 88' lang='lat' dir='ltr'><strong>tertium</strong></span> <span class='ocrx_word' id='word_1_83' title='bbox 2309 954 2717 1051; x_wconf 73' lang='lat' dir='ltr'><strong>179Pascha,</strong></span> <span class='ocrx_word' id='word_1_84' title='bbox 2732 954 2887 1052; x_wconf 86' lang='lat' dir='ltr'><strong>quod</strong></span> <span class='ocrx_word' id='word_1_85' title='bbox 2909 984 2960 1038; x_wconf 91' lang='lat' dir='ltr'><strong>in</strong></span> <span class='ocrx_word' id='word_1_86' title='bbox 2983 983 3472 1040; x_wconf 84' lang='lat' dir='ltr'><strong>innumerabilium</strong></span> <span class='ocrx_word' id='word_1_87' title='bbox 3502 1000 3664 1054; x_wconf 78' lang='lat' dir='ltr'><strong>ange-</strong></span> <span class='ocrx_word' id='word_1_88' title='bbox 3758 954 3759 1003; x_wconf 38' lang='grc' dir='ltr'>Ῑ</span> 
     </span>
    </p>
   </div>
   <div class='ocr_carea' id='block_1_15' title="bbox 389 1072 3759 1150">
    <p class='ocr_par' dir='ltr' id='par_1_15' title="bbox 389 1072 3759 1150">
     <span class='ocr_line' id='line_1_15' title="bbox 389 1072 3759 1150; baseline -0 -14"><span class='ocrx_word' id='word_1_89' title='bbox 389 1084 563 1136; x_wconf 87' lang='lat' dir='ltr'><strong>lorum</strong></span> <span class='ocrx_word' id='word_1_90' title='bbox 623 1079 932 1150; x_wconf 76' lang='lat' dir='ltr'><strong>frequentia</strong></span> <span class='ocrx_word' id='word_1_91' title='bbox 973 1086 1027 1133; x_wconf 89' lang='lat' dir='ltr'><strong>et</strong></span> <span class='ocrx_word' id='word_1_92' title='bbox 1076 1076 1443 1143; x_wconf 88' lang='lat' dir='ltr'><strong>multitudine,</strong></span> <span class='ocrx_word' id='word_1_93' title='bbox 1481 1075 1535 1130; x_wconf 91' lang='lat' dir='ltr'><strong>in</strong></span> <span class='ocrx_word' id='word_1_94' title='bbox 1592 1072 1989 1147; x_wconf 83' lang='lat' dir='ltr'><strong>perfectissimo</strong></span> <span class='ocrx_word' id='word_1_95' title='bbox 2022 1072 2450 1149; x_wconf 87' lang='lat' dir='ltr'><strong>beatissimoque</strong></span> <span class='ocrx_word' id='word_1_96' title='bbox 2487 1081 2633 1135; x_wconf 82' lang='lat' dir='ltr'><strong>exitu</strong></span> <span class='ocrx_word' id='word_1_97' title='bbox 2685 1078 3078 1149; x_wconf 82' lang='lat' dir='ltr'><strong>perliciendum</strong></span> <span class='ocrx_word' id='word_1_98' title='bbox 3128 1090 3234 1148; x_wconf 85' lang='lat' dir='ltr'><strong>est,</strong></span> <span class='ocrx_word' id='word_1_99' title='bbox 3286 1083 3483 1139; x_wconf 86' lang='lat' dir='ltr'><strong>venire</strong></span> <span class='ocrx_word' id='word_1_100' title='bbox 3522 1096 3665 1136; x_wconf 79' lang='lat' dir='ltr'><strong>nunc</strong></span> <span class='ocrx_word' id='word_1_101' title='bbox 3758 1080 3759 1083; x_wconf 60' lang='grc'><em>“</em></span> 
     </span>
    </p>
   </div>
   <div class='ocr_carea' id='block_1_16' title="bbox 388 1164 3759 1239">
    <p class='ocr_par' dir='ltr' id='par_1_16' title="bbox 388 1164 3759 1239">
     <span class='ocr_line' id='line_1_16' title="bbox 388 1164 3759 1239; baseline -0 -11"><span class='ocrx_word' id='word_1_102' title='bbox 388 1187 494 1228; x_wconf 91' lang='lat' dir='ltr'><strong>non</strong></span> <span class='ocrx_word' id='word_1_103' title='bbox 544 1183 628 1227; x_wconf 86' lang='lat' dir='ltr'><strong>est</strong></span> <span class='ocrx_word' id='word_1_104' title='bbox 673 1185 915 1236; x_wconf 91' lang='lat' dir='ltr'><strong>necesse,</strong></span> <span class='ocrx_word' id='word_1_105' title='bbox 948 1184 1070 1223; x_wconf 84' lang='lat' dir='ltr'><strong>cum</strong></span> <span class='ocrx_word' id='word_1_106' title='bbox 1124 1169 1240 1223; x_wconf 82' lang='lat' dir='ltr'><strong>haec</strong></span> <span class='ocrx_word' id='word_1_107' title='bbox 1287 1176 1344 1223; x_wconf 88' lang='lat' dir='ltr'><strong>et</strong></span> <span class='ocrx_word' id='word_1_108' title='bbox 1388 1167 1550 1223; x_wconf 90' lang='lat' dir='ltr'><strong>latius</strong></span> <span class='ocrx_word' id='word_1_109' title='bbox 1586 1178 1641 1222; x_wconf 89' lang='lat' dir='ltr'><strong>et</strong></span> <span class='ocrx_word' id='word_1_110' title='bbox 1681 1164 1953 1236; x_wconf 87' lang='lat' dir='ltr'><strong>c0piosius</strong></span> <span class='ocrx_word' id='word_1_111' title='bbox 1978 1180 2140 1237; x_wconf 85' lang='lat' dir='ltr'><strong>quam</strong></span> <span class='ocrx_word' id='word_1_112' title='bbox 2167 1166 2333 1223; x_wconf 88' lang='lat' dir='ltr'><strong>lectio</strong></span> <span class='ocrx_word' id='word_1_113' title='bbox 2364 1172 2547 1239; x_wconf 73' lang='lat' dir='ltr'><strong>exigat</strong></span> <span class='ocrx_word' id='word_1_114' title='bbox 2579 1170 3058 1238; x_wconf 82' lang='lat' dir='ltr'><strong>disputaverimus.</strong></span> 
     </span>
    </p>
   </div>
   <div class='ocr_carea' id='block_1_17' title="bbox 462 1259 1965 1330">
    <p class='ocr_par' dir='ltr' id='par_1_17' title="bbox 462 1259 1965 1330">
     <span class='ocr_line' id='line_1_17' title="bbox 462 1259 1965 1330; baseline -0.005 -12"><span class='ocrx_word' id='word_1_115' title='bbox 462 1263 755 1321; x_wconf 65' lang='lat' dir='ltr'><strong>“Nerium</strong></span> <span class='ocrx_word' id='word_1_116' title='bbox 778 1277 879 1321; x_wconf 88' lang='lat' dir='ltr'><strong>non</strong></span> <span class='ocrx_word' id='word_1_117' title='bbox 904 1260 1399 1330; x_wconf 81' lang='lat' dir='ltr'><strong>impervestigatum</strong></span> <span class='ocrx_word' id='word_1_118' title='bbox 1423 1259 1706 1312; x_wconf 89' lang='lat' dir='ltr'><strong>sinendum</strong></span> <span class='ocrx_word' id='word_1_119' title='bbox 1729 1265 1809 1312; x_wconf 88' lang='lat' dir='ltr'><strong>est</strong></span> <span class='ocrx_word' id='word_1_120' title='bbox 1829 1270 1965 1325; x_wconf 88' lang='lat' dir='ltr'><strong>quo-</strong></span> 
     </span>
    </p>
   </div>
   <div class='ocr_carea' id='block_1_18' title="bbox 388 1346 1965 1420">
    <p class='ocr_par' dir='ltr' id='par_1_18' title="bbox 388 1346 1965 1420">
     <span class='ocr_line' id='line_1_18' title="bbox 388 1346 1965 1420; baseline -0.005 -14"><span class='ocrx_word' id='word_1_121' title='bbox 388 1353 549 1407; x_wconf 90' lang='lat' dir='ltr'><strong>modo</strong></span> <span class='ocrx_word' id='word_1_122' title='bbox 580 1351 633 1406; x_wconf 89' lang='lat' dir='ltr'><strong>in</strong></span> <span class='ocrx_word' id='word_1_123' title='bbox 667 1350 966 1420; x_wconf 89' lang='lat' dir='ltr'><strong>propinquo</strong></span> <span class='ocrx_word' id='word_1_124' title='bbox 1015 1356 1135 1403; x_wconf 88' lang='lat' dir='ltr'><strong>erat</strong></span> <span class='ocrx_word' id='word_1_125' title='bbox 1179 1347 1384 1403; x_wconf 86' lang='lat' dir='ltr'><strong>Pascha</strong></span> <span class='ocrx_word' id='word_1_126' title='bbox 1424 1346 1758 1412; x_wconf 65' lang='lat' dir='ltr'><strong>Judmorum,</strong></span> <span class='ocrx_word' id='word_1_127' title='bbox 1786 1360 1965 1416; x_wconf 86' lang='lat' dir='ltr'><strong>quan-</strong></span> 
     </span>
    </p>
   </div>
   <div class='ocr_carea' id='block_1_19' title="bbox 389 1436 1963 1502">
    <p class='ocr_par' dir='ltr' id='par_1_19' title="bbox 389 1436 1963 1502">
     <span class='ocr_line' id='line_1_19' title="bbox 389 1436 1963 1502; baseline -0.004 -5"><span class='ocrx_word' id='word_1_128' title='bbox 389 1444 457 1497; x_wconf 94' lang='lat' dir='ltr'><strong>do</strong></span> <span class='ocrx_word' id='word_1_129' title='bbox 491 1452 609 1495; x_wconf 87' lang='lat' dir='ltr'><strong>erat</strong></span> <span class='ocrx_word' id='word_1_130' title='bbox 640 1440 895 1496; x_wconf 75' lang='lat' dir='ltr'><strong>Dominus</strong></span> <span class='ocrx_word' id='word_1_131' title='bbox 928 1440 1088 1494; x_wconf 89' lang='lat' dir='ltr'><strong>simul</strong></span> <span class='ocrx_word' id='word_1_132' title='bbox 1124 1453 1247 1494; x_wconf 92' lang='lat' dir='ltr'><strong>cum</strong></span> <span class='ocrx_word' id='word_1_133' title='bbox 1277 1446 1474 1502; x_wconf 85' lang='lat' dir='ltr'><strong>matre,</strong></span> <span class='ocrx_word' id='word_1_134' title='bbox 1505 1448 1560 1491; x_wconf 90' lang='lat' dir='ltr'><strong>et</strong></span> <span class='ocrx_word' id='word_1_135' title='bbox 1584 1436 1868 1500; x_wconf 79' lang='lat' dir='ltr'><strong>fratribus,</strong></span> <span class='ocrx_word' id='word_1_136' title='bbox 1905 1442 1963 1491; x_wconf 85' lang='lat' dir='ltr'><strong>et</strong></span> 
     </span>
    </p>
   </div>
   <div class='ocr_carea' id='block_1_20' title="bbox 387 1527 1964 1604">
    <p class='ocr_par' dir='ltr' id='par_1_20' title="bbox 387 1527 1964 1604">
     <span class='ocr_line' id='line_1_20' title="bbox 387 1527 1964 1604; baseline -0.006 -15"><span class='ocrx_word' id='word_1_137' title='bbox 387 1533 664 1604; x_wconf 90' lang='lat' dir='ltr'><strong>discipulis</strong></span> <span class='ocrx_word' id='word_1_138' title='bbox 689 1533 740 1587; x_wconf 91' lang='lat' dir='ltr'><strong>in</strong></span> <span class='ocrx_word' id='word_1_139' title='bbox 781 1532 1101 1603; x_wconf 84' lang='lat' dir='ltr'><strong>Capharnao</strong></span> <span class='ocrx_word' id='word_1_140' title='bbox 1129 1533 1197 1585; x_wconf 83' lang='grc'><strong>⁸¹.</strong></span> <span class='ocrx_word' id='word_1_141' title='bbox 1237 1532 1415 1600; x_wconf 84' lang='lat' dir='ltr'><strong>Atque</strong></span> <span class='ocrx_word' id='word_1_142' title='bbox 1444 1532 1494 1585; x_wconf 92' lang='lat' dir='ltr'><strong>in</strong></span> <span class='ocrx_word' id='word_1_143' title='bbox 1529 1530 1817 1597; x_wconf 76' lang='lat' dir='ltr'><strong>Evangelio</strong></span> <span class='ocrx_word' id='word_1_144' title='bbox 1840 1527 1964 1598; x_wconf 90' lang='lat' dir='ltr'><strong>qui-</strong></span> 
     </span>
    </p>
   </div>
   <div class='ocr_carea' id='block_1_21' title="bbox 388 1621 1963 1688">
    <p class='ocr_par' dir='ltr' id='par_1_21' title="bbox 388 1621 1963 1688">
     <span class='ocr_line' id='line_1_21' title="bbox 388 1621 1963 1688; baseline -0.002 -7"><span class='ocrx_word' id='word_1_145' title='bbox 388 1630 509 1682; x_wconf 88' lang='lat' dir='ltr'><strong>dem</strong></span> <span class='ocrx_word' id='word_1_146' title='bbox 560 1627 853 1682; x_wconf 74' lang='lat' dir='ltr'><strong>secundum</strong></span> <span class='ocrx_word' id='word_1_147' title='bbox 920 1624 1230 1679; x_wconf 73' lang='lat' dir='ltr'><strong>Matthacum</strong></span> <span class='ocrx_word' id='word_1_148' title='bbox 1280 1622 1326 1654; x_wconf 82' lang='grc'><strong>⁵³</strong></span> <span class='ocrx_word' id='word_1_149' title='bbox 1358 1622 1618 1676; x_wconf 82' lang='lat' dir='ltr'><strong>dimissus</strong></span> <span class='ocrx_word' id='word_1_150' title='bbox 1653 1638 1682 1674; x_wconf 88' lang='lat' dir='ltr'><strong>a</strong></span> <span class='ocrx_word' id='word_1_151' title='bbox 1723 1621 1963 1688; x_wconf 85' lang='lat' dir='ltr'><strong>diabolo,</strong></span> 
     </span>
    </p>
   </div>
   <div class='ocr_carea' id='block_1_22' title="bbox 388 1713 1968 1785">
    <p class='ocr_par' dir='ltr' id='par_1_22' title="bbox 388 1713 1968 1785">
     <span class='ocr_line' id='line_1_22' title="bbox 388 1713 1968 1785; baseline -0.003 -11"><span class='ocrx_word' id='word_1_152' title='bbox 388 1736 511 1775; x_wconf 89' lang='lat' dir='ltr'><strong>cum</strong></span> <span class='ocrx_word' id='word_1_153' title='bbox 542 1718 890 1773; x_wconf 85' lang='lat' dir='ltr'><strong>advenissent</strong></span> <span class='ocrx_word' id='word_1_154' title='bbox 924 1717 1407 1785; x_wconf 88' lang='lat' dir='ltr'><strong>miuistrareutque</strong></span> <span class='ocrx_word' id='word_1_155' title='bbox 1440 1714 1514 1768; x_wconf 88' lang='lat' dir='ltr'><strong>illi</strong></span> <span class='ocrx_word' id='word_1_156' title='bbox 1548 1713 1750 1784; x_wconf 81' lang='lat' dir='ltr'><strong>angeli,</strong></span> <span class='ocrx_word' id='word_1_157' title='bbox 1784 1714 1968 1770; x_wconf 82' lang='lat' dir='ltr'><strong>audis-</strong></span> 
     </span>
    </p>
   </div>
   <div class='ocr_carea' id='block_1_23' title="bbox 2140 1234 3759 1336">
    <p class='ocr_par' dir='ltr' id='par_1_23' title="bbox 2140 1234 3759 1336">
     <span class='ocr_line' id='line_1_23' title="bbox 2140 1234 3759 1336; baseline 0.003 -23"><span class='ocrx_word' id='word_1_158' title='bbox 2140 1258 2225 1313; x_wconf 72' lang='grc'><strong>14.</strong></span> <span class='ocrx_word' id='word_1_159' title='bbox 2268 1262 2382 1315; x_wconf 84' lang='grc' dir='ltr'>Οὐκ</span> <span class='ocrx_word' id='word_1_160' title='bbox 2416 1234 2683 1334; x_wconf 69' lang='grc' dir='ltr'>άξήτητον</span> <span class='ocrx_word' id='word_1_161' title='bbox 2727 1260 2785 1314; x_wconf 83' lang='grc' dir='ltr'>δὲ</span> <span class='ocrx_word' id='word_1_162' title='bbox 2829 1260 2951 1313; x_wconf 80' lang='grc' dir='ltr'>οὐδὲ</span> <span class='ocrx_word' id='word_1_163' title='bbox 2991 1262 3175 1316; x_wconf 87' lang='grc' dir='ltr'>ἐατέον</span> <span class='ocrx_word' id='word_1_164' title='bbox 3221 1262 3342 1327; x_wconf 82' lang='grc' dir='ltr'>πῶς</span> <span class='ocrx_word' id='word_1_165' title='bbox 3389 1265 3570 1333; x_wconf 76' lang='grc' dir='ltr'>ἐγγὺς</span> <span class='ocrx_word' id='word_1_166' title='bbox 3594 1258 3662 1336; x_wconf 75' lang='grc' dir='ltr'>ἦν</span> <span class='ocrx_word' id='word_1_167' title='bbox 3758 1234 3759 1305; x_wconf 42' lang='grc' dir='ltr'>ἶ</span> 
     </span>
    </p>
   </div>
   <div class='ocr_carea' id='block_1_24' title="bbox 2065 1338 3759 1427">
    <p class='ocr_par' dir='ltr' id='par_1_24' title="bbox 2065 1338 3759 1427">
     <span class='ocr_line' id='line_1_24' title="bbox 2065 1338 3759 1427; baseline 0.005 -22"><span class='ocrx_word' id='word_1_168' title='bbox 2065 1350 2127 1406; x_wconf 83' lang='grc' dir='ltr'>τὸ</span> <span class='ocrx_word' id='word_1_169' title='bbox 2168 1352 2362 1424; x_wconf 82' lang='grc' dir='ltr'><strong>Πάσχα</strong></span> <span class='ocrx_word' id='word_1_170' title='bbox 2414 1352 2521 1407; x_wconf 84' lang='grc' dir='ltr'>τῶν</span> <span class='ocrx_word' id='word_1_171' title='bbox 2565 1352 2854 1417; x_wconf 79' lang='grc' dir='ltr'><strong>Ἰουδαίων,</strong></span> <span class='ocrx_word' id='word_1_172' title='bbox 2887 1353 2979 1406; x_wconf 82' lang='grc' dir='ltr'>ὅτε</span> <span class='ocrx_word' id='word_1_173' title='bbox 3018 1347 3088 1425; x_wconf 79' lang='grc' dir='ltr'>ἦν</span> <span class='ocrx_word' id='word_1_174' title='bbox 3123 1356 3153 1408; x_wconf 89' lang='grc' dir='ltr'><strong>ό</strong></span> <span class='ocrx_word' id='word_1_175' title='bbox 3183 1354 3393 1427; x_wconf 82' lang='grc' dir='ltr'>Κύριος</span> <span class='ocrx_word' id='word_1_176' title='bbox 3428 1356 3558 1426; x_wconf 74' lang='grc' dir='ltr'><strong>ἅμα</strong></span> <span class='ocrx_word' id='word_1_177' title='bbox 3593 1358 3657 1427; x_wconf 80' lang='grc' dir='ltr'>τῇ</span> 
     </span>
    </p>
   </div>
   <div class='ocr_carea' id='block_1_25' title="bbox 2069 1424 3759 1519">
    <p class='ocr_par' dir='ltr' id='par_1_25' title="bbox 2069 1424 3759 1519">
     <span class='ocr_line' id='line_1_25' title="bbox 2069 1424 3759 1519; baseline 0.002 -22"><span class='ocrx_word' id='word_1_178' title='bbox 2069 1446 2258 1517; x_wconf 75' lang='grc' dir='ltr'>μητρὶ,</span> <span class='ocrx_word' id='word_1_179' title='bbox 2302 1445 2396 1499; x_wconf 81' lang='grc' dir='ltr'>καὶ</span> <span class='ocrx_word' id='word_1_180' title='bbox 2430 1447 2545 1509; x_wconf 83' lang='grc' dir='ltr'>τοῖς</span> <span class='ocrx_word' id='word_1_181' title='bbox 2582 1445 2848 1514; x_wconf 83' lang='grc' dir='ltr'>ἀδελφοῖς.</span> <span class='ocrx_word' id='word_1_182' title='bbox 2905 1445 2999 1498; x_wconf 77' lang='grc' dir='ltr'><strong>καὶ</strong></span> <span class='ocrx_word' id='word_1_183' title='bbox 3038 1424 3152 1509; x_wconf 85' lang='grc' dir='ltr'>τοῖς</span> <span class='ocrx_word' id='word_1_184' title='bbox 3185 1424 3560 1518; x_wconf 39' lang='grc' dir='ltr'>μαθηταῖς-ἐν</span> 
     </span>
    </p>
   </div>
   <div class='ocr_carea' id='block_1_26' title="bbox 2073 1532 3661 1609">
    <p class='ocr_par' dir='ltr' id='par_1_26' title="bbox 2073 1532 3661 1609">
     <span class='ocr_line' id='line_1_26' title="bbox 2073 1532 3661 1609; baseline -0.002 -19"><span class='ocrx_word' id='word_1_185' title='bbox 2073 1534 2473 1608; x_wconf 78' lang='grc' dir='ltr'>Καφαρναούμ.</span> <span class='ocrx_word' id='word_1_186' title='bbox 2504 1536 2594 1589; x_wconf 85' lang='grc' dir='ltr'>Ἐν</span> <span class='ocrx_word' id='word_1_187' title='bbox 2616 1535 2717 1607; x_wconf 84' lang='grc' dir='ltr'>μὲν</span> <span class='ocrx_word' id='word_1_188' title='bbox 2743 1532 2838 1592; x_wconf 76' lang='grc' dir='ltr'>οὖν</span> <span class='ocrx_word' id='word_1_189' title='bbox 2862 1537 2940 1609; x_wconf 85' lang='grc' dir='ltr'>τῷ</span> <span class='ocrx_word' id='word_1_190' title='bbox 2962 1538 3101 1591; x_wconf 82' lang='grc' dir='ltr'>κατὰ</span> <span class='ocrx_word' id='word_1_191' title='bbox 3126 1536 3409 1593; x_wconf 78' lang='grc' dir='ltr'>Ματθαῖον</span> <span class='ocrx_word' id='word_1_192' title='bbox 3432 1535 3661 1605; x_wconf 66' lang='grc' dir='ltr'>ἀφεθεὶς</span> 
     </span>
    </p>
   </div>
   <div class='ocr_carea' id='block_1_27' title="bbox 2074 1626 3759 1700">
    <p class='ocr_par' dir='ltr' id='par_1_27' title="bbox 2074 1626 3759 1700">
     <span class='ocr_line' id='line_1_27' title="bbox 2074 1626 3759 1700; baseline -0.004 -17"><span class='ocrx_word' id='word_1_193' title='bbox 2074 1628 2183 1683; x_wconf 80' lang='grc' dir='ltr'><strong>ἀπὸ</strong></span> <span class='ocrx_word' id='word_1_194' title='bbox 2229 1628 2323 1683; x_wconf 81' lang='grc' dir='ltr'>τοῦ</span> <span class='ocrx_word' id='word_1_195' title='bbox 2364 1627 2633 1689; x_wconf 73' lang='grc' dir='ltr'>διαϐόλου.</span> <span class='ocrx_word' id='word_1_196' title='bbox 2669 1628 2779 1682; x_wconf 82' lang='grc' dir='ltr'><strong>τῶν</strong></span> <span class='ocrx_word' id='word_1_197' title='bbox 2820 1628 3070 1697; x_wconf 85' lang='grc' dir='ltr'>ἀγγέλων</span> <span class='ocrx_word' id='word_1_198' title='bbox 3108 1626 3529 1700; x_wconf 75' lang='grc' dir='ltr'><strong>προσελθόντων</strong></span> <span class='ocrx_word' id='word_1_199' title='bbox 3572 1627 3661 1679; x_wconf 77' lang='grc' dir='ltr'>καὶ</span> <span class='ocrx_word' id='word_1_200' title='bbox 3758 1668 3759 1671; x_wconf 52' lang='grc' dir='ltr'><strong>η</strong></span> 
     </span>
    </p>
   </div>
   <div class='ocr_carea' id='block_1_28' title="bbox 2073 1719 3663 1793">
    <p class='ocr_par' dir='ltr' id='par_1_28' title="bbox 2073 1719 3663 1793">
     <span class='ocr_line' id='line_1_28' title="bbox 2073 1719 3663 1793; baseline -0.001 -19"><span class='ocrx_word' id='word_1_201' title='bbox 2073 1721 2462 1776; x_wconf 80' lang='grc' dir='ltr'><strong>διακονούντων</strong></span> <span class='ocrx_word' id='word_1_202' title='bbox 2486 1719 2655 1792; x_wconf 79' lang='grc' dir='ltr'>αὐτῷ,</span> <span class='ocrx_word' id='word_1_203' title='bbox 2687 1721 2929 1786; x_wconf 87' lang='grc' dir='ltr'>ἀκούσας</span> <span class='ocrx_word' id='word_1_204' title='bbox 2956 1723 3212 1793; x_wconf 80' lang='grc' dir='ltr'>Ἰωάννην</span> <span class='ocrx_word' id='word_1_205' title='bbox 3236 1720 3663 1793; x_wconf 73' lang='grc' dir='ltr'><strong>παραδεδόσθαι,</strong></span> 
     </span>
    </p>
   </div>
   <div class='ocr_carea' id='block_1_29' title="bbox 390 1790 1974 1886">
    <p class='ocr_par' dir='ltr' id='par_1_29' title="bbox 390 1804 1964 1881">
     <span class='ocr_line' id='line_1_29' title="bbox 390 1804 1964 1881; baseline -0.003 -16"><span class='ocrx_word' id='word_1_206' title='bbox 390 1820 581 1881; x_wconf 81' lang='lat' dir='ltr'><strong>setqne</strong></span> <span class='ocrx_word' id='word_1_207' title='bbox 613 1809 875 1865; x_wconf 81' lang='lat' dir='ltr'><strong>Joannem</strong></span> <span class='ocrx_word' id='word_1_208' title='bbox 929 1809 1183 1862; x_wconf 88' lang='lat' dir='ltr'><strong>traditum</strong></span> <span class='ocrx_word' id='word_1_209' title='bbox 1234 1806 1425 1871; x_wconf 81' lang='lat' dir='ltr'><strong>fuisse,</strong></span> <span class='ocrx_word' id='word_1_210' title='bbox 1464 1807 1711 1867; x_wconf 75' lang='lat' dir='ltr'><strong>secessit</strong></span> <span class='ocrx_word' id='word_1_211' title='bbox 1739 1805 1791 1859; x_wconf 92' lang='lat' dir='ltr'><strong>iu</strong></span> <span class='ocrx_word' id='word_1_212' title='bbox 1819 1804 1964 1860; x_wconf 86' lang='lat' dir='ltr'><strong>Gali-</strong></span> 
     </span>
    </p>
   </div>
   <div class='ocr_carea' id='block_1_30' title="bbox 2088 1790 3759 1886">
    <p class='ocr_par' dir='ltr' id='par_1_30' title="bbox 2088 1790 3759 1886">
     <span class='ocr_line' id='line_1_30' title="bbox 2088 1790 3759 1886; baseline -0.002 -18"><span class='ocrx_word' id='word_1_213' title='bbox 2088 1813 2425 1886; x_wconf 71' lang='grc' dir='ltr'>ὶνεχὼρησεν</span> <span class='ocrx_word' id='word_1_214' title='bbox 2470 1816 2551 1878; x_wconf 88' lang='grc' dir='ltr'><strong>εἰς</strong></span> <span class='ocrx_word' id='word_1_215' title='bbox 2582 1790 2681 1885; x_wconf 83' lang='grc' dir='ltr'><strong>τὴν</strong></span> <span class='ocrx_word' id='word_1_216' title='bbox 2725 1813 3036 1879; x_wconf 84' lang='grc' dir='ltr'>Γαλιλαίαν,</span> <span class='ocrx_word' id='word_1_217' title='bbox 3072 1790 3176 1868; x_wconf 33' lang='grc' dir='ltr'>καὶ-</span> <span class='ocrx_word' id='word_1_218' title='bbox 3211 1790 3541 1868; x_wconf 81' lang='grc' dir='ltr'>καταλιπὼν</span> <span class='ocrx_word' id='word_1_219' title='bbox 3569 1814 3665 1883; x_wconf 73' lang='grc' dir='ltr'>τὴν</span> <span class='ocrx_word' id='word_1_220' title='bbox 3758 1790 3759 1837; x_wconf 30' lang='grc' dir='ltr'>ξ</span> 
     </span>
    </p>
   </div>
   <div class='ocr_carea' id='block_1_31' title="bbox 392 1898 1967 1969">
    <p class='ocr_par' dir='ltr' id='par_1_31' title="bbox 392 1898 1967 1969">
     <span class='ocr_line' id='line_1_31' title="bbox 392 1898 1967 1969; baseline -0.004 -11"><span class='ocrx_word' id='word_1_221' title='bbox 392 1904 567 1968; x_wconf 76' lang='lat' dir='ltr'><strong>heam,</strong></span> <span class='ocrx_word' id='word_1_222' title='bbox 601 1912 658 1958; x_wconf 94' lang='lat' dir='ltr'><strong>et</strong></span> <span class='ocrx_word' id='word_1_223' title='bbox 690 1902 876 1958; x_wconf 90' lang='lat' dir='ltr'><strong>relicta</strong></span> <span class='ocrx_word' id='word_1_224' title='bbox 911 1899 1119 1955; x_wconf 84' lang='lat' dir='ltr'><strong>Nazara</strong></span> <span class='ocrx_word' id='word_1_225' title='bbox 1153 1898 1431 1969; x_wconf 83' lang='lat' dir='ltr'><strong>profectus</strong></span> <span class='ocrx_word' id='word_1_226' title='bbox 1470 1899 1736 1955; x_wconf 82' lang='lat' dir='ltr'><strong>habitavit</strong></span> <span class='ocrx_word' id='word_1_227' title='bbox 1780 1898 1833 1954; x_wconf 92' lang='lat' dir='ltr'><strong>in</strong></span> <span class='ocrx_word' id='word_1_228' title='bbox 1861 1898 1967 1954; x_wconf 87' lang='lat' dir='ltr'><strong>Ca-</strong></span> 
     </span>
    </p>
   </div>
   <div class='ocr_carea' id='block_1_32' title="bbox 395 1989 1967 2063">
    <p class='ocr_par' dir='ltr' id='par_1_32' title="bbox 395 1989 1967 2063">
     <span class='ocr_line' id='line_1_32' title="bbox 395 1989 1967 2063; baseline -0.005 -14"><span class='ocrx_word' id='word_1_229' title='bbox 395 1996 660 2063; x_wconf 86' lang='lat' dir='ltr'><strong>pharnao.</strong></span> <span class='ocrx_word' id='word_1_230' title='bbox 714 1991 918 2048; x_wconf 84' lang='lat' dir='ltr'><strong>Deinde</strong></span> <span class='ocrx_word' id='word_1_231' title='bbox 966 2005 1089 2046; x_wconf 86' lang='lat' dir='ltr'><strong>cum</strong></span> <span class='ocrx_word' id='word_1_232' title='bbox 1138 1989 1431 2059; x_wconf 65' lang='lat' dir='ltr'><strong>incepisset</strong></span> <span class='ocrx_word' id='word_1_233' title='bbox 1483 1989 1967 2059; x_wconf 67' lang='lat' dir='ltr'><strong>praedicationem,</strong></span> 
     </span>
    </p>
   </div>
   <div class='ocr_carea' id='block_1_33' title="bbox 394 2079 1970 2158">
    <p class='ocr_par' dir='ltr' id='par_1_33' title="bbox 394 2079 1970 2158">
     <span class='ocr_line' id='line_1_33' title="bbox 394 2079 1970 2158; baseline -0.003 -20"><span class='ocrx_word' id='word_1_234' title='bbox 394 2086 751 2158; x_wconf 81' lang='lat' dir='ltr'><strong>elegissetque</strong></span> <span class='ocrx_word' id='word_1_235' title='bbox 794 2091 1030 2154; x_wconf 87' lang='lat' dir='ltr'><strong>quatuor</strong></span> <span class='ocrx_word' id='word_1_236' title='bbox 1077 2081 1376 2153; x_wconf 87' lang='lat' dir='ltr'><strong>piscatores</strong></span> <span class='ocrx_word' id='word_1_237' title='bbox 1409 2081 1708 2148; x_wconf 89' lang='lat' dir='ltr'><strong>apostolos,</strong></span> <span class='ocrx_word' id='word_1_238' title='bbox 1752 2079 1970 2135; x_wconf 85' lang='lat' dir='ltr'><strong>docuis-</strong></span> 
     </span>
    </p>
   </div>
   <div class='ocr_carea' id='block_1_34' title="bbox 394 2171 1972 2247">
    <p class='ocr_par' dir='ltr' id='par_1_34' title="bbox 394 2171 1972 2247">
     <span class='ocr_line' id='line_1_34' title="bbox 394 2171 1972 2247; baseline -0.003 -16"><span class='ocrx_word' id='word_1_239' title='bbox 394 2186 584 2246; x_wconf 85' lang='lat' dir='ltr'><strong>setque</strong></span> <span class='ocrx_word' id='word_1_240' title='bbox 637 2175 689 2231; x_wconf 93' lang='lat' dir='ltr'><strong>in</strong></span> <span class='ocrx_word' id='word_1_241' title='bbox 744 2175 1035 2247; x_wconf 76' lang='lat' dir='ltr'><strong>synagogis</strong></span> <span class='ocrx_word' id='word_1_242' title='bbox 1085 2174 1250 2229; x_wconf 90' lang='lat' dir='ltr'><strong>totius</strong></span> <span class='ocrx_word' id='word_1_243' title='bbox 1287 2171 1565 2237; x_wconf 80' lang='lat' dir='ltr'><strong>Galilaeae,</strong></span> <span class='ocrx_word' id='word_1_244' title='bbox 1614 2180 1972 2239; x_wconf 82' lang='lat' dir='ltr'><strong>sanassetque</strong></span> 
     </span>
    </p>
   </div>
   <div class='ocr_carea' id='block_1_35' title="bbox 396 2264 1972 2336">
    <p class='ocr_par' dir='ltr' id='par_1_35' title="bbox 396 2264 1972 2336">
     <span class='ocr_line' id='line_1_35' title="bbox 396 2264 1972 2336; baseline -0.004 -13"><span class='ocrx_word' id='word_1_245' title='bbox 396 2269 497 2324; x_wconf 88' lang='lat' dir='ltr'><strong>sibi</strong></span> <span class='ocrx_word' id='word_1_246' title='bbox 539 2269 759 2336; x_wconf 88' lang='lat' dir='ltr'><strong>allatos,</strong></span> <span class='ocrx_word' id='word_1_247' title='bbox 799 2270 852 2323; x_wconf 91' lang='lat' dir='ltr'><strong>iu</strong></span> <span class='ocrx_word' id='word_1_248' title='bbox 889 2278 1126 2322; x_wconf 91' lang='lat' dir='ltr'><strong>montem</strong></span> <span class='ocrx_word' id='word_1_249' title='bbox 1161 2266 1430 2330; x_wconf 87' lang='lat' dir='ltr'><strong>ascendit,</strong></span> <span class='ocrx_word' id='word_1_250' title='bbox 1463 2266 1703 2336; x_wconf 85' lang='lat' dir='ltr'><strong>dicitque</strong></span> <span class='ocrx_word' id='word_1_251' title='bbox 1736 2264 1972 2318; x_wconf 89' lang='lat' dir='ltr'><strong>beatitu-</strong></span> 
     </span>
    </p>
   </div>
   <div class='ocr_carea' id='block_1_36' title="bbox 395 2354 1972 2429">
    <p class='ocr_par' dir='ltr' id='par_1_36' title="bbox 395 2354 1972 2429">
     <span class='ocr_line' id='line_1_36' title="bbox 395 2354 1972 2429; baseline -0.003 -15"><span class='ocrx_word' id='word_1_252' title='bbox 395 2361 552 2415; x_wconf 88' lang='lat' dir='ltr'><strong>dines</strong></span> <span class='ocrx_word' id='word_1_253' title='bbox 586 2370 635 2415; x_wconf 89' lang='lat' dir='ltr'><strong>et</strong></span> <span class='ocrx_word' id='word_1_254' title='bbox 665 2374 784 2429; x_wconf 79' lang='lat' dir='ltr'><strong>quae</strong></span> <span class='ocrx_word' id='word_1_255' title='bbox 826 2360 914 2414; x_wconf 90' lang='lat' dir='ltr'><strong>his</strong></span> <span class='ocrx_word' id='word_1_256' title='bbox 947 2369 1074 2414; x_wconf 90' lang='lat' dir='ltr'><strong>sunt</strong></span> <span class='ocrx_word' id='word_1_257' title='bbox 1101 2359 1349 2429; x_wconf 81' lang='lat' dir='ltr'><strong>proxima</strong></span> <span class='ocrx_word' id='word_1_258' title='bbox 1382 2358 1449 2413; x_wconf 79' lang='lat'><strong>“.</strong></span> <span class='ocrx_word' id='word_1_259' title='bbox 1480 2356 1613 2412; x_wconf 89' lang='lat' dir='ltr'><strong>Cum</strong></span> <span class='ocrx_word' id='word_1_260' title='bbox 1652 2371 1780 2412; x_wconf 87' lang='lat' dir='ltr'><strong>vero</strong></span> <span class='ocrx_word' id='word_1_261' title='bbox 1817 2354 1972 2410; x_wconf 76' lang='lat' dir='ltr'><strong>linis-</strong></span> 
     </span>
    </p>
   </div>
   <div class='ocr_carea' id='block_1_37' title="bbox 398 2447 1974 2520">
    <p class='ocr_par' dir='ltr' id='par_1_37' title="bbox 398 2447 1974 2520">
     <span class='ocr_line' id='line_1_37' title="bbox 398 2447 1974 2520; baseline -0.004 -14"><span class='ocrx_word' id='word_1_262' title='bbox 398 2459 483 2507; x_wconf 84' lang='lat' dir='ltr'><strong>set</strong></span> <span class='ocrx_word' id='word_1_263' title='bbox 514 2450 657 2505; x_wconf 89' lang='lat' dir='ltr'><strong>illam</strong></span> <span class='ocrx_word' id='word_1_264' title='bbox 691 2451 994 2509; x_wconf 90' lang='lat' dir='ltr'><strong>doctrinam</strong></span> <span class='ocrx_word' id='word_1_265' title='bbox 1031 2450 1508 2520; x_wconf 88' lang='lat' dir='ltr'><strong>descendissetque</strong></span> <span class='ocrx_word' id='word_1_266' title='bbox 1536 2448 1604 2505; x_wconf 90' lang='lat' dir='ltr'><strong>de</strong></span> <span class='ocrx_word' id='word_1_267' title='bbox 1644 2456 1849 2515; x_wconf 91' lang='lat' dir='ltr'><strong>monte,</strong></span> <span class='ocrx_word' id='word_1_268' title='bbox 1880 2447 1974 2501; x_wconf 91' lang='lat' dir='ltr'><strong>de-</strong></span> 
     </span>
    </p>
   </div>
   <div class='ocr_carea' id='block_1_38' title="bbox 398 2542 1973 2613">
    <p class='ocr_par' dir='ltr' id='par_1_38' title="bbox 398 2542 1973 2613">
     <span class='ocr_line' id='line_1_38' title="bbox 398 2542 1973 2613; baseline -0.004 -15"><span class='ocrx_word' id='word_1_269' title='bbox 398 2559 506 2600; x_wconf 89' lang='lat' dir='ltr'><strong>nuo</strong></span> <span class='ocrx_word' id='word_1_270' title='bbox 533 2544 912 2612; x_wconf 84' lang='lat' dir='ltr'><strong>Capharnaum</strong></span> <span class='ocrx_word' id='word_1_271' title='bbox 944 2544 1268 2613; x_wconf 78' lang='lat' dir='ltr'><strong>ingreditur,</strong></span> <span class='ocrx_word' id='word_1_272' title='bbox 1299 2544 1532 2612; x_wconf 81' lang='lat' dir='ltr'><strong>indeque</strong></span> <span class='ocrx_word' id='word_1_273' title='bbox 1564 2542 1845 2612; x_wconf 83' lang='lat' dir='ltr'><strong>ingressus</strong></span> <span class='ocrx_word' id='word_1_274' title='bbox 1877 2552 1973 2593; x_wconf 85' lang='lat' dir='ltr'><strong>na-</strong></span> 
     </span>
    </p>
   </div>
   <div class='ocr_carea' id='block_1_39' title="bbox 399 2631 1974 2709">
    <p class='ocr_par' dir='ltr' id='par_1_39' title="bbox 399 2631 1974 2709">
     <span class='ocr_line' id='line_1_39' title="bbox 399 2631 1974 2709; baseline -0.004 -18"><span class='ocrx_word' id='word_1_275' title='bbox 399 2637 529 2700; x_wconf 91' lang='lat' dir='ltr'><strong>vim,</strong></span> <span class='ocrx_word' id='word_1_276' title='bbox 563 2639 761 2692; x_wconf 88' lang='lat' dir='ltr'><strong>transit</strong></span> <span class='ocrx_word' id='word_1_277' title='bbox 790 2638 856 2691; x_wconf 90' lang='lat' dir='ltr'><strong>ad</strong></span> <span class='ocrx_word' id='word_1_278' title='bbox 886 2637 1065 2692; x_wconf 90' lang='lat' dir='ltr'><strong>locum</strong></span> <span class='ocrx_word' id='word_1_279' title='bbox 1097 2635 1559 2709; x_wconf 80' lang='lat' dir='ltr'><strong>Gergesenorum,</strong></span> <span class='ocrx_word' id='word_1_280' title='bbox 1593 2650 1622 2689; x_wconf 89' lang='lat' dir='ltr'><strong>e</strong></span> <span class='ocrx_word' id='word_1_281' title='bbox 1647 2647 1877 2703; x_wconf 91' lang='lat' dir='ltr'><strong>quorum</strong></span> <span class='ocrx_word' id='word_1_282' title='bbox 1911 2631 1974 2685; x_wconf 79' lang='lat' dir='ltr'><strong>ti-</strong></span> 
     </span>
    </p>
   </div>
   <div class='ocr_carea' id='block_1_40' title="bbox 401 2726 1975 2800">
    <p class='ocr_par' dir='ltr' id='par_1_40' title="bbox 401 2726 1975 2800">
     <span class='ocr_line' id='line_1_40' title="bbox 401 2726 1975 2800; baseline -0.001 -17"><span class='ocrx_word' id='word_1_283' title='bbox 401 2730 562 2785; x_wconf 89' lang='lat' dir='ltr'><strong>nibus</strong></span> <span class='ocrx_word' id='word_1_284' title='bbox 589 2738 804 2800; x_wconf 77' lang='lat' dir='ltr'><strong>rogatus</strong></span> <span class='ocrx_word' id='word_1_285' title='bbox 841 2730 1120 2787; x_wconf 85' lang='lat' dir='ltr'><strong>discedere</strong></span> <span class='ocrx_word' id='word_1_286' title='bbox 1142 2731 1213 2798; x_wconf 82' lang='grc'><strong>⁸⁵,</strong></span> <span class='ocrx_word' id='word_1_287' title='bbox 1245 2746 1366 2785; x_wconf 92' lang='lat' dir='ltr'><strong>cum</strong></span> <span class='ocrx_word' id='word_1_288' title='bbox 1404 2729 1583 2784; x_wconf 89' lang='lat' dir='ltr'><strong>navim</strong></span> <span class='ocrx_word' id='word_1_289' title='bbox 1623 2726 1975 2784; x_wconf 87' lang='lat' dir='ltr'><strong>conscendis-</strong></span> 
     </span>
    </p>
   </div>
   <div class='ocr_carea' id='block_1_41' title="bbox 209 2822 1974 2909">
    <p class='ocr_par' dir='ltr' id='par_1_41' title="bbox 209 2822 1974 2909">
     <span class='ocr_line' id='line_1_41' title="bbox 209 2822 1974 2909; baseline -0.001 -31"><span class='ocrx_word' id='word_1_290' title='bbox 209 2900 220 2909; x_wconf 30' lang='lat'><strong>’</strong></span> <span class='ocrx_word' id='word_1_291' title='bbox 282 2862 287 2865; x_wconf 63' lang='grc'><strong>»</strong></span> <span class='ocrx_word' id='word_1_292' title='bbox 398 2833 504 2889; x_wconf 80' lang='grc' dir='ltr'>εει,</span> <span class='ocrx_word' id='word_1_293' title='bbox 541 2822 772 2892; x_wconf 87' lang='lat' dir='ltr'><strong>trajecit,</strong></span> <span class='ocrx_word' id='word_1_294' title='bbox 800 2833 857 2879; x_wconf 88' lang='lat' dir='ltr'><strong>et</strong></span> <span class='ocrx_word' id='word_1_295' title='bbox 886 2825 1038 2879; x_wconf 90' lang='lat' dir='ltr'><strong>venit</strong></span> <span class='ocrx_word' id='word_1_296' title='bbox 1078 2825 1131 2878; x_wconf 93' lang='lat' dir='ltr'><strong>in</strong></span> <span class='ocrx_word' id='word_1_297' title='bbox 1164 2825 1439 2879; x_wconf 87' lang='lat' dir='ltr'><strong>civitatem</strong></span> <span class='ocrx_word' id='word_1_298' title='bbox 1484 2839 1635 2880; x_wconf 86' lang='lat' dir='ltr'><strong>suam</strong></span> <span class='ocrx_word' id='word_1_299' title='bbox 1671 2863 1686 2889; x_wconf 93' lang='lat'><strong>,</strong></span> <span class='ocrx_word' id='word_1_300' title='bbox 1721 2822 1810 2880; x_wconf 89' lang='lat' dir='ltr'><strong>ubi</strong></span> <span class='ocrx_word' id='word_1_301' title='bbox 1857 2823 1974 2892; x_wconf 91' lang='lat' dir='ltr'><strong>qui-</strong></span> 
     </span>
    </p>
   </div>
   <div class='ocr_carea' id='block_1_42' title="bbox 400 2914 1972 2983">
    <p class='ocr_par' dir='ltr' id='par_1_42' title="bbox 400 2914 1972 2983">
     <span class='ocr_line' id='line_1_42' title="bbox 400 2914 1972 2983; baseline -0.001 -13"><span class='ocrx_word' id='word_1_302' title='bbox 400 2914 628 2970; x_wconf 88' lang='lat' dir='ltr'><strong>busdam</strong></span> <span class='ocrx_word' id='word_1_303' title='bbox 648 2915 882 2969; x_wconf 89' lang='lat' dir='ltr'><strong>sauitate</strong></span> <span class='ocrx_word' id='word_1_304' title='bbox 911 2915 1114 2971; x_wconf 85' lang='lat' dir='ltr'><strong>reddita</strong></span> <span class='ocrx_word' id='word_1_305' title='bbox 1138 2917 1465 2972; x_wconf 89' lang='lat' dir='ltr'><strong>circumibat</strong></span> <span class='ocrx_word' id='word_1_306' title='bbox 1486 2915 1737 2971; x_wconf 89' lang='lat' dir='ltr'><strong>civitates</strong></span> <span class='ocrx_word' id='word_1_307' title='bbox 1760 2928 1972 2983; x_wconf 87' lang='lat' dir='ltr'><strong>omnes,</strong></span> 
     </span>
    </p>
   </div>
   <div class='ocr_carea' id='block_1_43' title="bbox 397 3005 1976 3080">
    <p class='ocr_par' dir='ltr' id='par_1_43' title="bbox 397 3005 1976 3080">
     <span class='ocr_line' id='line_1_43' title="bbox 397 3005 1976 3080; baseline -0.003 -13"><span class='ocrx_word' id='word_1_308' title='bbox 397 3018 454 3067; x_wconf 71' lang='lat' dir='ltr'><strong>et</strong></span> <span class='ocrx_word' id='word_1_309' title='bbox 502 3007 691 3074; x_wconf 84' lang='lat' dir='ltr'><strong>vicos,</strong></span> <span class='ocrx_word' id='word_1_310' title='bbox 719 3006 920 3062; x_wconf 90' lang='lat' dir='ltr'><strong>docens</strong></span> <span class='ocrx_word' id='word_1_311' title='bbox 962 3008 1015 3061; x_wconf 92' lang='lat' dir='ltr'><strong>in</strong></span> <span class='ocrx_word' id='word_1_312' title='bbox 1068 3008 1356 3080; x_wconf 82' lang='lat' dir='ltr'><strong>synagogis</strong></span> <span class='ocrx_word' id='word_1_313' title='bbox 1404 3021 1596 3062; x_wconf 88' lang='lat' dir='ltr'><strong>eorum</strong></span> <span class='ocrx_word' id='word_1_314' title='bbox 1640 3005 1709 3061; x_wconf 81' lang='grc'><strong>⁸⁸.</strong></span> <span class='ocrx_word' id='word_1_315' title='bbox 1748 3006 1976 3078; x_wconf 80' lang='lat' dir='ltr'><strong>Aliaque</strong></span> 
     </span>
    </p>
   </div>
   <div class='ocr_carea' id='block_1_44' title="bbox 399 3100 1977 3172">
    <p class='ocr_par' dir='ltr' id='par_1_44' title="bbox 399 3100 1977 3172">
     <span class='ocr_line' id='line_1_44' title="bbox 399 3100 1977 3172; baseline 0.001 -18"><span class='ocrx_word' id='word_1_316' title='bbox 399 3100 797 3172; x_wconf 83' lang='lat' dir='ltr'><strong>quamplurima</strong></span> <span class='ocrx_word' id='word_1_317' title='bbox 849 3108 1034 3170; x_wconf 88' lang='lat' dir='ltr'><strong>postea</strong></span> <span class='ocrx_word' id='word_1_318' title='bbox 1069 3101 1223 3168; x_wconf 77' lang='lat' dir='ltr'><strong>fiunt,</strong></span> <span class='ocrx_word' id='word_1_319' title='bbox 1253 3112 1543 3170; x_wconf 89' lang='lat' dir='ltr'><strong>antequam</strong></span> <span class='ocrx_word' id='word_1_320' title='bbox 1588 3101 1805 3157; x_wconf 88' lang='lat' dir='ltr'><strong>adnotet</strong></span> <span class='ocrx_word' id='word_1_321' title='bbox 1842 3101 1977 3156; x_wconf 83' lang='lat' dir='ltr'><strong>Mat-</strong></span> 
     </span>
    </p>
   </div>
   <div class='ocr_carea' id='block_1_45' title="bbox 403 3192 1977 3265">
    <p class='ocr_par' dir='ltr' id='par_1_45' title="bbox 403 3192 1977 3265">
     <span class='ocr_line' id='line_1_45' title="bbox 403 3192 1977 3265; baseline 0.003 -19"><span class='ocrx_word' id='word_1_322' title='bbox 403 3194 575 3250; x_wconf 72' lang='lat' dir='ltr'><strong>tlmus</strong></span> <span class='ocrx_word' id='word_1_323' title='bbox 611 3192 896 3249; x_wconf 79' lang='lat' dir='ltr'><strong>Paschalis</strong></span> <span class='ocrx_word' id='word_1_324' title='bbox 935 3204 1152 3263; x_wconf 86' lang='lat' dir='ltr'><strong>tempus</strong></span> <span class='ocrx_word' id='word_1_325' title='bbox 1186 3193 1255 3247; x_wconf 87' lang='grc'><strong>⁵⁷.</strong></span> <span class='ocrx_word' id='word_1_326' title='bbox 1290 3193 1430 3259; x_wconf 88' lang='lat' dir='ltr'><strong>Quin</strong></span> <span class='ocrx_word' id='word_1_327' title='bbox 1460 3195 1625 3249; x_wconf 90' lang='lat' dir='ltr'><strong>etiam</strong></span> <span class='ocrx_word' id='word_1_328' title='bbox 1668 3195 1808 3265; x_wconf 85' lang='lat' dir='ltr'><strong>apud</strong></span> <span class='ocrx_word' id='word_1_329' title='bbox 1840 3195 1977 3251; x_wconf 72' lang='lat' dir='ltr'><strong>aiios</strong></span> 
     </span>
    </p>
   </div>
   <div class='ocr_carea' id='block_1_46' title="bbox 401 3284 1979 3356">
    <p class='ocr_par' dir='ltr' id='par_1_46' title="bbox 401 3284 1979 3356">
     <span class='ocr_line' id='line_1_46' title="bbox 401 3284 1979 3356; baseline -0.001 -16"><span class='ocrx_word' id='word_1_330' title='bbox 401 3284 789 3355; x_wconf 77' lang='lat' dir='ltr'><strong>evangelistas,</strong></span> <span class='ocrx_word' id='word_1_331' title='bbox 811 3297 1097 3356; x_wconf 88' lang='lat' dir='ltr'><strong>postquam</strong></span> <span class='ocrx_word' id='word_1_332' title='bbox 1122 3285 1428 3340; x_wconf 84' lang='lat' dir='ltr'><strong>diversatus</strong></span> <span class='ocrx_word' id='word_1_333' title='bbox 1451 3285 1642 3340; x_wconf 80' lang='lat' dir='ltr'><strong>fuisset</strong></span> <span class='ocrx_word' id='word_1_334' title='bbox 1660 3286 1713 3341; x_wconf 91' lang='lat' dir='ltr'><strong>in</strong></span> <span class='ocrx_word' id='word_1_335' title='bbox 1738 3285 1979 3355; x_wconf 85' lang='lat' dir='ltr'><strong>Caphar-</strong></span> 
     </span>
    </p>
   </div>
   <div class='ocr_carea' id='block_1_47' title="bbox 404 3376 1978 3447">
    <p class='ocr_par' dir='ltr' id='par_1_47' title="bbox 404 3376 1978 3447">
     <span class='ocr_line' id='line_1_47' title="bbox 404 3376 1978 3447; baseline 0.002 -16"><span class='ocrx_word' id='word_1_336' title='bbox 404 3392 511 3432; x_wconf 64' lang='grc' dir='ltr'><strong>ηερ)</strong></span> <span class='ocrx_word' id='word_1_337' title='bbox 539 3376 800 3433; x_wconf 88' lang='lat' dir='ltr'><strong>Dominus</strong></span> <span class='ocrx_word' id='word_1_338' title='bbox 822 3417 839 3443; x_wconf 95' lang='lat'><strong>,</strong></span> <span class='ocrx_word' id='word_1_339' title='bbox 888 3392 996 3432; x_wconf 90' lang='lat' dir='ltr'><strong>non</strong></span> <span class='ocrx_word' id='word_1_340' title='bbox 1034 3378 1311 3433; x_wconf 89' lang='lat' dir='ltr'><strong>invenitur</strong></span> <span class='ocrx_word' id='word_1_341' title='bbox 1337 3379 1480 3447; x_wconf 88' lang='lat' dir='ltr'><strong>quod</strong></span> <span class='ocrx_word' id='word_1_342' title='bbox 1512 3379 1727 3433; x_wconf 87' lang='lat' dir='ltr'><strong>dicatur</strong></span> <span class='ocrx_word' id='word_1_343' title='bbox 1772 3378 1978 3434; x_wconf 83' lang='lat' dir='ltr'><strong>Pascha</strong></span> 
     </span>
    </p>
   </div>
   <div class='ocr_carea' id='block_1_48' title="bbox 402 3468 1981 3542">
    <p class='ocr_par' dir='ltr' id='par_1_48' title="bbox 402 3468 1981 3542">
     <span class='ocr_line' id='line_1_48' title="bbox 402 3468 1981 3542; baseline 0.003 -20"><span class='ocrx_word' id='word_1_344' title='bbox 402 3482 525 3524; x_wconf 89' lang='lat' dir='ltr'><strong>esse</strong></span> <span class='ocrx_word' id='word_1_345' title='bbox 561 3468 614 3522; x_wconf 94' lang='lat' dir='ltr'><strong>in</strong></span> <span class='ocrx_word' id='word_1_346' title='bbox 663 3470 1004 3540; x_wconf 91' lang='lat' dir='ltr'><strong>propinquo:</strong></span> <span class='ocrx_word' id='word_1_347' title='bbox 1037 3483 1269 3539; x_wconf 90' lang='lat' dir='ltr'><strong>quorum</strong></span> <span class='ocrx_word' id='word_1_348' title='bbox 1298 3470 1584 3525; x_wconf 89' lang='lat' dir='ltr'><strong>consilium</strong></span> <span class='ocrx_word' id='word_1_349' title='bbox 1615 3485 1839 3527; x_wconf 89' lang='lat' dir='ltr'><strong>servare</strong></span> <span class='ocrx_word' id='word_1_350' title='bbox 1885 3487 1981 3542; x_wconf 84' lang='lat' dir='ltr'><strong>po-</strong></span> 
     </span>
    </p>
   </div>
   <div class='ocr_carea' id='block_1_49' title="bbox 408 3561 1982 3634">
    <p class='ocr_par' dir='ltr' id='par_1_49' title="bbox 408 3561 1982 3634">
     <span class='ocr_line' id='line_1_49' title="bbox 408 3561 1982 3634; baseline 0.001 -18"><span class='ocrx_word' id='word_1_351' title='bbox 408 3561 536 3617; x_wconf 85' lang='lat' dir='ltr'><strong>terit</strong></span> <span class='ocrx_word' id='word_1_352' title='bbox 566 3561 658 3631; x_wconf 90' lang='lat' dir='ltr'><strong>qui</strong></span> <span class='ocrx_word' id='word_1_353' title='bbox 699 3563 954 3633; x_wconf 79' lang='lat' dir='ltr'><strong>cogitarit</strong></span> <span class='ocrx_word' id='word_1_354' title='bbox 987 3577 1107 3632; x_wconf 58' lang='lat' dir='ltr'><strong>quae</strong></span> <span class='ocrx_word' id='word_1_355' title='bbox 1138 3562 1190 3617; x_wconf 91' lang='lat' dir='ltr'><strong>in</strong></span> <span class='ocrx_word' id='word_1_356' title='bbox 1226 3563 1602 3633; x_wconf 83' lang='lat' dir='ltr'><strong>superioribus</strong></span> <span class='ocrx_word' id='word_1_357' title='bbox 1633 3564 1699 3618; x_wconf 90' lang='lat' dir='ltr'><strong>de</strong></span> <span class='ocrx_word' id='word_1_358' title='bbox 1731 3564 1982 3634; x_wconf 82' lang='lat' dir='ltr'><strong>Caphar-</strong></span> 
     </span>
    </p>
   </div>
   <div class='ocr_carea' id='block_1_50' title="bbox 406 3653 1981 3721">
    <p class='ocr_par' dir='ltr' id='par_1_50' title="bbox 406 3653 1981 3721">
     <span class='ocr_line' id='line_1_50' title="bbox 406 3653 1981 3721; baseline 0.001 -12"><span class='ocrx_word' id='word_1_359' title='bbox 406 3669 513 3710; x_wconf 86' lang='lat' dir='ltr'><strong>nao</strong></span> <span class='ocrx_word' id='word_1_360' title='bbox 557 3654 996 3710; x_wconf 86' lang='lat' dir='ltr'><strong>disseruerimus.</strong></span> <span class='ocrx_word' id='word_1_361' title='bbox 1034 3654 1402 3710; x_wconf 83' lang='lat' dir='ltr'><strong>Commoratio</strong></span> <span class='ocrx_word' id='word_1_362' title='bbox 1433 3655 1543 3721; x_wconf 90' lang='lat' dir='ltr'><strong>illa,</strong></span> <span class='ocrx_word' id='word_1_363' title='bbox 1592 3670 1716 3710; x_wconf 90' lang='lat' dir='ltr'><strong>cum</strong></span> <span class='ocrx_word' id='word_1_364' title='bbox 1766 3653 1981 3710; x_wconf 62' lang='lat' dir='ltr'><strong>Judae-</strong></span> 
     </span>
    </p>
   </div>
   <div class='ocr_carea' id='block_1_51' title="bbox 406 3745 1977 3818">
    <p class='ocr_par' dir='ltr' id='par_1_51' title="bbox 406 3745 1977 3818">
     <span class='ocr_line' id='line_1_51' title="bbox 406 3745 1977 3818; baseline -0.001 -16"><span class='ocrx_word' id='word_1_365' title='bbox 406 3763 526 3803; x_wconf 86' lang='lat' dir='ltr'><strong>rum</strong></span> <span class='ocrx_word' id='word_1_366' title='bbox 561 3746 765 3805; x_wconf 87' lang='lat' dir='ltr'><strong>Pascha</strong></span> <span class='ocrx_word' id='word_1_367' title='bbox 812 3749 1067 3813; x_wconf 87' lang='lat' dir='ltr'><strong>instaret,</strong></span> <span class='ocrx_word' id='word_1_368' title='bbox 1095 3745 1280 3818; x_wconf 82' lang='lat' dir='ltr'><strong>paulo&#39;</strong></span> <span class='ocrx_word' id='word_1_369' title='bbox 1327 3745 1520 3802; x_wconf 86' lang='lat' dir='ltr'><strong>melior</strong></span> <span class='ocrx_word' id='word_1_370' title='bbox 1564 3746 1664 3803; x_wconf 88' lang='lat' dir='ltr'><strong>hoc</strong></span> <span class='ocrx_word' id='word_1_371' title='bbox 1693 3747 1811 3818; x_wconf 91' lang='lat' dir='ltr'><strong>ipso</strong></span> <span class='ocrx_word' id='word_1_372' title='bbox 1839 3747 1977 3802; x_wconf 82' lang='lat' dir='ltr'><strong>tacta</strong></span> 
     </span>
    </p>
   </div>
   <div class='ocr_carea' id='block_1_52' title="bbox 406 3839 1981 3912">
    <p class='ocr_par' dir='ltr' id='par_1_52' title="bbox 406 3839 1981 3912">
     <span class='ocr_line' id='line_1_52' title="bbox 406 3839 1981 3912; baseline -0.001 -17"><span class='ocrx_word' id='word_1_373' title='bbox 406 3842 527 3907; x_wconf 77' lang='lat' dir='ltr'><strong>fuit,</strong></span> <span class='ocrx_word' id='word_1_374' title='bbox 567 3855 741 3912; x_wconf 88' lang='lat' dir='ltr'><strong>eoque</strong></span> <span class='ocrx_word' id='word_1_375' title='bbox 785 3841 1149 3911; x_wconf 72' lang='lat' dir='ltr'><strong>prmstantior,</strong></span> <span class='ocrx_word' id='word_1_376' title='bbox 1197 3840 1432 3896; x_wconf 78' lang='lat' dir='ltr'><strong>maxime</strong></span> <span class='ocrx_word' id='word_1_377' title='bbox 1482 3840 1737 3911; x_wconf 89' lang='lat' dir='ltr'><strong>quoniam</strong></span> <span class='ocrx_word' id='word_1_378' title='bbox 1792 3842 1843 3894; x_wconf 92' lang='lat' dir='ltr'><strong>in</strong></span> <span class='ocrx_word' id='word_1_379' title='bbox 1880 3839 1981 3894; x_wconf 91' lang='lat' dir='ltr'><strong>Pa-</strong></span> 
     </span>
    </p>
   </div>
   <div class='ocr_carea' id='block_1_53' title="bbox 402 3930 1980 4002">
    <p class='ocr_par' dir='ltr' id='par_1_53' title="bbox 402 3930 1980 4002">
     <span class='ocr_line' id='line_1_53' title="bbox 402 3930 1980 4002; baseline -0.001 -15"><span class='ocrx_word' id='word_1_380' title='bbox 402 3933 590 3987; x_wconf 84' lang='lat' dir='ltr'><strong>schate</strong></span> <span class='ocrx_word' id='word_1_381' title='bbox 614 3930 921 3987; x_wconf 64' lang='lat' dir='ltr'><strong>Judaaorum</strong></span> <span class='ocrx_word' id='word_1_382' title='bbox 973 3931 1325 3987; x_wconf 89' lang='lat' dir='ltr'><strong>inveniuntur</strong></span> <span class='ocrx_word' id='word_1_383' title='bbox 1353 3931 1406 3985; x_wconf 90' lang='lat' dir='ltr'><strong>in</strong></span> <span class='ocrx_word' id='word_1_384' title='bbox 1449 3931 1652 4002; x_wconf 84' lang='lat' dir='ltr'><strong>templo</strong></span> <span class='ocrx_word' id='word_1_385' title='bbox 1680 3934 1980 3987; x_wconf 88' lang='lat' dir='ltr'><strong>vendentes</strong></span> 
     </span>
    </p>
   </div>
   <div class='ocr_carea' id='block_1_54' title="bbox 404 4020 1977 4092">
    <p class='ocr_par' dir='ltr' id='par_1_54' title="bbox 404 4020 1977 4092">
     <span class='ocr_line' id='line_1_54' title="bbox 404 4020 1977 4092; baseline -0.002 -15"><span class='ocrx_word' id='word_1_386' title='bbox 404 4022 591 4091; x_wconf 86' lang='lat' dir='ltr'><strong>boves,</strong></span> <span class='ocrx_word' id='word_1_387' title='bbox 643 4032 702 4079; x_wconf 89' lang='lat' dir='ltr'><strong>et</strong></span> <span class='ocrx_word' id='word_1_388' title='bbox 746 4037 896 4087; x_wconf 91' lang='lat' dir='ltr'><strong>oves,</strong></span> <span class='ocrx_word' id='word_1_389' title='bbox 933 4030 990 4078; x_wconf 92' lang='lat' dir='ltr'><strong>et</strong></span> <span class='ocrx_word' id='word_1_390' title='bbox 1035 4022 1350 4088; x_wconf 87' lang='lat' dir='ltr'><strong>columbas;</strong></span> <span class='ocrx_word' id='word_1_391' title='bbox 1400 4032 1620 4092; x_wconf 85' lang='lat' dir='ltr'><strong>propter</strong></span> <span class='ocrx_word' id='word_1_392' title='bbox 1646 4036 1766 4091; x_wconf 65' lang='lat' dir='ltr'><strong>quae</strong></span> <span class='ocrx_word' id='word_1_393' title='bbox 1812 4020 1977 4076; x_wconf 82' lang='lat' dir='ltr'><strong>etiam</strong></span> 
     </span>
    </p>
   </div>
   <div class='ocr_carea' id='block_1_55' title="bbox 405 4112 1975 4182">
    <p class='ocr_par' dir='ltr' id='par_1_55' title="bbox 405 4112 1975 4182">
     <span class='ocr_line' id='line_1_55' title="bbox 405 4112 1975 4182; baseline 0 -14"><span class='ocrx_word' id='word_1_394' title='bbox 405 4129 509 4170; x_wconf 88' lang='lat' dir='ltr'><strong>non</strong></span> <span class='ocrx_word' id='word_1_395' title='bbox 551 4114 790 4181; x_wconf 84' lang='lat' dir='ltr'><strong>additur,</strong></span> <span class='ocrx_word' id='word_1_396' title='bbox 839 4113 1076 4182; x_wconf 80' lang='lat' dir='ltr'><strong>Domini,</strong></span> <span class='ocrx_word' id='word_1_397' title='bbox 1110 4115 1204 4169; x_wconf 89' lang='lat' dir='ltr'><strong>sed</strong></span> <span class='ocrx_word' id='word_1_398' title='bbox 1239 4113 1555 4168; x_wconf 72' lang='lat' dir='ltr'><strong>Judworum</strong></span> <span class='ocrx_word' id='word_1_399' title='bbox 1599 4126 1720 4167; x_wconf 86' lang='lat' dir='ltr'><strong>esse</strong></span> <span class='ocrx_word' id='word_1_400' title='bbox 1750 4112 1975 4168; x_wconf 75' lang='lat' dir='ltr'><strong>Pascha.</strong></span> 
     </span>
    </p>
   </div>
   <div class='ocr_carea' id='block_1_56' title="bbox 410 4205 1980 4263">
    <p class='ocr_par' dir='ltr' id='par_1_56' title="bbox 410 4205 1980 4263">
     <span class='ocr_line' id='line_1_56' title="bbox 410 4205 1980 4263; baseline 0.001 -2"><span class='ocrx_word' id='word_1_401' title='bbox 410 4205 480 4261; x_wconf 85' lang='lat' dir='ltr'><strong>Ut</strong></span> <span class='ocrx_word' id='word_1_402' title='bbox 523 4207 667 4262; x_wconf 86' lang='lat' dir='ltr'><strong>enim</strong></span> <span class='ocrx_word' id='word_1_403' title='bbox 703 4207 895 4263; x_wconf 89' lang='lat' dir='ltr'><strong>domus</strong></span> <span class='ocrx_word' id='word_1_404' title='bbox 926 4205 1105 4261; x_wconf 79' lang='lat' dir='ltr'><strong>Patris</strong></span> <span class='ocrx_word' id='word_1_405' title='bbox 1160 4206 1301 4260; x_wconf 79' lang='lat' dir='ltr'><strong>facta</strong></span> <span class='ocrx_word' id='word_1_406' title='bbox 1337 4213 1418 4260; x_wconf 88' lang='lat' dir='ltr'><strong>est</strong></span> <span class='ocrx_word' id='word_1_407' title='bbox 1469 4207 1661 4260; x_wconf 86' lang='lat' dir='ltr'><strong>domus</strong></span> <span class='ocrx_word' id='word_1_408' title='bbox 1707 4214 1980 4262; x_wconf 76' lang='lat' dir='ltr'><strong>mercatus</strong></span> 
     </span>
    </p>
   </div>
   <div class='ocr_carea' id='block_1_57' title="bbox 406 4296 1979 4368">
    <p class='ocr_par' dir='ltr' id='par_1_57' title="bbox 406 4296 1979 4368">
     <span class='ocr_line' id='line_1_57' title="bbox 406 4296 1979 4368; baseline -0.001 -16"><span class='ocrx_word' id='word_1_409' title='bbox 406 4298 546 4367; x_wconf 89' lang='lat' dir='ltr'><strong>apud</strong></span> <span class='ocrx_word' id='word_1_410' title='bbox 578 4313 695 4364; x_wconf 87' lang='lat' dir='ltr'><strong>eos,</strong></span> <span class='ocrx_word' id='word_1_411' title='bbox 736 4298 828 4368; x_wconf 87' lang='lat' dir='ltr'><strong>qui</strong></span> <span class='ocrx_word' id='word_1_412' title='bbox 860 4299 1032 4367; x_wconf 89' lang='lat' dir='ltr'><strong>ipsam</strong></span> <span class='ocrx_word' id='word_1_413' title='bbox 1068 4313 1173 4353; x_wconf 91' lang='lat' dir='ltr'><strong>non</strong></span> <span class='ocrx_word' id='word_1_414' title='bbox 1225 4296 1670 4362; x_wconf 87' lang='lat' dir='ltr'><strong>sanctitlcabant;</strong></span> <span class='ocrx_word' id='word_1_415' title='bbox 1701 4297 1781 4352; x_wconf 92' lang='lat' dir='ltr'><strong>sic</strong></span> <span class='ocrx_word' id='word_1_416' title='bbox 1814 4299 1979 4352; x_wconf 89' lang='lat' dir='ltr'><strong>etiam</strong></span> 
     </span>
    </p>
   </div>
   <div class='ocr_carea' id='block_1_58' title="bbox 407 4388 1979 4456">
    <p class='ocr_par' dir='ltr' id='par_1_58' title="bbox 407 4388 1979 4456">
     <span class='ocr_line' id='line_1_58' title="bbox 407 4388 1979 4456; baseline 0 -12"><span class='ocrx_word' id='word_1_417' title='bbox 407 4389 615 4445; x_wconf 82' lang='lat' dir='ltr'><strong>Pascha</strong></span> <span class='ocrx_word' id='word_1_418' title='bbox 643 4389 861 4445; x_wconf 82' lang='lat' dir='ltr'><strong>Domini</strong></span> <span class='ocrx_word' id='word_1_419' title='bbox 899 4390 1098 4445; x_wconf 77' lang='lat' dir='ltr'><strong>factum</strong></span> <span class='ocrx_word' id='word_1_420' title='bbox 1129 4400 1213 4445; x_wconf 88' lang='lat' dir='ltr'><strong>est</strong></span> <span class='ocrx_word' id='word_1_421' title='bbox 1251 4389 1578 4456; x_wconf 89' lang='lat' dir='ltr'><strong>humanum,</strong></span> <span class='ocrx_word' id='word_1_422' title='bbox 1609 4399 1664 4444; x_wconf 89' lang='lat' dir='ltr'><strong>et</strong></span> <span class='ocrx_word' id='word_1_423' title='bbox 1692 4388 1979 4444; x_wconf 77' lang='lat' dir='ltr'><strong>Judairum</strong></span> 
     </span>
    </p>
   </div>
   <div class='ocr_carea' id='block_1_59' title="bbox 404 4480 1979 4554">
    <p class='ocr_par' dir='ltr' id='par_1_59' title="bbox 404 4480 1979 4554">
     <span class='ocr_line' id='line_1_59' title="bbox 404 4480 1979 4554; baseline 0.001 -17"><span class='ocrx_word' id='word_1_424' title='bbox 404 4483 618 4538; x_wconf 85' lang='lat' dir='ltr'><strong>Pascha</strong></span> <span class='ocrx_word' id='word_1_425' title='bbox 670 4483 812 4554; x_wconf 79' lang='lat' dir='ltr'><strong>apud</strong></span> <span class='ocrx_word' id='word_1_426' title='bbox 849 4497 942 4538; x_wconf 91' lang='lat' dir='ltr'><strong>eos</strong></span> <span class='ocrx_word' id='word_1_427' title='bbox 972 4483 1063 4554; x_wconf 91' lang='lat' dir='ltr'><strong>qui</strong></span> <span class='ocrx_word' id='word_1_428' title='bbox 1100 4481 1228 4536; x_wconf 88' lang='lat' dir='ltr'><strong>illud</strong></span> <span class='ocrx_word' id='word_1_429' title='bbox 1264 4480 1530 4551; x_wconf 70' lang='lat' dir='ltr'><strong>abiectius</strong></span> <span class='ocrx_word' id='word_1_430' title='bbox 1564 4490 1618 4537; x_wconf 93' lang='lat' dir='ltr'><strong>et</strong></span> <span class='ocrx_word' id='word_1_431' title='bbox 1646 4482 1979 4554; x_wconf 90' lang='lat' dir='ltr'><strong>corporalius</strong></span> 
     </span>
    </p>
   </div>
   <div class='ocr_carea' id='block_1_60' title="bbox 405 4574 1976 4644">
    <p class='ocr_par' dir='ltr' id='par_1_60' title="bbox 405 4574 1976 4644">
     <span class='ocr_line' id='line_1_60' title="bbox 405 4574 1976 4644; baseline 0.001 -15"><span class='ocrx_word' id='word_1_432' title='bbox 405 4575 693 4644; x_wconf 74' lang='lat' dir='ltr'><strong>elegerint.</strong></span> <span class='ocrx_word' id='word_1_433' title='bbox 738 4574 1004 4631; x_wconf 67' lang='lat' dir='ltr'><strong>Caeterum</strong></span> <span class='ocrx_word' id='word_1_434' title='bbox 1037 4574 1171 4629; x_wconf 87' lang='lat' dir='ltr'><strong>alias</strong></span> <span class='ocrx_word' id='word_1_435' title='bbox 1205 4575 1544 4630; x_wconf 81' lang='lat' dir='ltr'><strong>commodius</strong></span> <span class='ocrx_word' id='word_1_436' title='bbox 1572 4576 1755 4631; x_wconf 88' lang='lat' dir='ltr'><strong>videre</strong></span> <span class='ocrx_word' id='word_1_437' title='bbox 1784 4576 1888 4631; x_wconf 90' lang='lat' dir='ltr'><strong>erit</strong></span> <span class='ocrx_word' id='word_1_438' title='bbox 1923 4585 1976 4630; x_wconf 87' lang='lat' dir='ltr'><strong>ct</strong></span> 
     </span>
    </p>
   </div>
   <div class='ocr_carea' id='block_1_61' title="bbox 407 4666 1981 4738">
    <p class='ocr_par' dir='ltr' id='par_1_61' title="bbox 407 4666 1981 4738">
     <span class='ocr_line' id='line_1_61' title="bbox 407 4666 1981 4738; baseline 0.003 -19"><span class='ocrx_word' id='word_1_439' title='bbox 407 4684 528 4738; x_wconf 71' lang='lat' dir='ltr'><strong>quae</strong></span> <span class='ocrx_word' id='word_1_440' title='bbox 553 4667 621 4721; x_wconf 89' lang='lat' dir='ltr'><strong>ad</strong></span> <span class='ocrx_word' id='word_1_441' title='bbox 649 4666 933 4723; x_wconf 79' lang='lat' dir='ltr'><strong>Paschalis</strong></span> <span class='ocrx_word' id='word_1_442' title='bbox 959 4676 1169 4737; x_wconf 84' lang='lat' dir='ltr'><strong>tempus</strong></span> <span class='ocrx_word' id='word_1_443' title='bbox 1195 4667 1486 4738; x_wconf 89' lang='lat' dir='ltr'><strong>pertinent,</strong></span> <span class='ocrx_word' id='word_1_444' title='bbox 1517 4667 1659 4737; x_wconf 87' lang='lat' dir='ltr'><strong>quod</strong></span> <span class='ocrx_word' id='word_1_445' title='bbox 1685 4668 1831 4724; x_wconf 88' lang='lat' dir='ltr'><strong>circa</strong></span> <span class='ocrx_word' id='word_1_446' title='bbox 1861 4684 1981 4724; x_wconf 89' lang='lat' dir='ltr'><strong>ver-</strong></span> 
     </span>
    </p>
   </div>
   <div class='ocr_carea' id='block_1_62' title="bbox 408 4759 1982 4833">
    <p class='ocr_par' dir='ltr' id='par_1_62' title="bbox 408 4759 1982 4833">
     <span class='ocr_line' id='line_1_62' title="bbox 408 4759 1982 4833; baseline 0.001 -18"><span class='ocrx_word' id='word_1_447' title='bbox 408 4777 536 4816; x_wconf 81' lang='lat' dir='ltr'><strong>num</strong></span> <span class='ocrx_word' id='word_1_448' title='bbox 567 4759 954 4832; x_wconf 66' lang='lat' dir='ltr'><strong>aequinoctium</strong></span> <span class='ocrx_word' id='word_1_449' title='bbox 983 4760 1269 4831; x_wconf 85' lang='lat' dir='ltr'><strong>contingit,</strong></span> <span class='ocrx_word' id='word_1_450' title='bbox 1301 4768 1354 4815; x_wconf 91' lang='lat' dir='ltr'><strong>et</strong></span> <span class='ocrx_word' id='word_1_451' title='bbox 1393 4762 1437 4815; x_wconf 85' lang='lat' dir='ltr'><strong>si</strong></span> <span class='ocrx_word' id='word_1_452' title='bbox 1470 4761 1599 4832; x_wconf 86' lang='lat' dir='ltr'><strong>quid</strong></span> <span class='ocrx_word' id='word_1_453' title='bbox 1634 4760 1776 4817; x_wconf 87' lang='lat' dir='ltr'><strong>aliud</strong></span> <span class='ocrx_word' id='word_1_454' title='bbox 1834 4777 1982 4833; x_wconf 65' lang='lat' dir='ltr'><strong>qum-</strong></span> 
     </span>
    </p>
   </div>
   <div class='ocr_carea' id='block_1_63' title="bbox 407 4852 1985 4924">
    <p class='ocr_par' dir='ltr' id='par_1_63' title="bbox 407 4852 1985 4924">
     <span class='ocr_line' id='line_1_63' title="bbox 407 4852 1985 4924; baseline 0.002 -16"><span class='ocrx_word' id='word_1_455' title='bbox 407 4856 516 4909; x_wconf 81' lang='lat' dir='ltr'><strong>stio</strong></span> <span class='ocrx_word' id='word_1_456' title='bbox 541 4868 646 4924; x_wconf 90' lang='lat' dir='ltr'><strong>qua</strong></span> <span class='ocrx_word' id='word_1_457' title='bbox 676 4853 743 4908; x_wconf 93' lang='lat' dir='ltr'><strong>de</strong></span> <span class='ocrx_word' id='word_1_458' title='bbox 776 4854 956 4924; x_wconf 73' lang='lat' dir='ltr'><strong>agitur</strong></span> <span class='ocrx_word' id='word_1_459' title='bbox 993 4852 1228 4922; x_wconf 91' lang='lat' dir='ltr'><strong>postulat</strong></span> <span class='ocrx_word' id='word_1_460' title='bbox 1257 4852 1658 4922; x_wconf 85' lang='lat' dir='ltr'><strong>expoliendum.</strong></span> <span class='ocrx_word' id='word_1_461' title='bbox 1692 4853 1837 4909; x_wconf 91' lang='lat' dir='ltr'><strong>Sane</strong></span> <span class='ocrx_word' id='word_1_462' title='bbox 1884 4856 1985 4911; x_wconf 81' lang='lat' dir='ltr'><strong>lle-</strong></span> 
     </span>
    </p>
   </div>
   <div class='ocr_carea' id='block_1_64' title="bbox 408 4943 1978 5018">
    <p class='ocr_par' dir='ltr' id='par_1_64' title="bbox 408 4943 1978 5018">
     <span class='ocr_line' id='line_1_64' title="bbox 408 4943 1978 5018; baseline 0.001 -16"><span class='ocrx_word' id='word_1_463' title='bbox 408 4946 650 5011; x_wconf 82' lang='lat' dir='ltr'><strong>racleon,</strong></span> <span class='ocrx_word' id='word_1_464' title='bbox 687 4965 707 4999; x_wconf 84' lang='grc' dir='ltr'><strong>ι</strong></span> <span class='ocrx_word' id='word_1_465' title='bbox 740 4945 864 5001; x_wconf 65' lang='lat' dir='ltr'><strong>llaec</strong></span> <span class='ocrx_word' id='word_1_466' title='bbox 892 4960 1104 5018; x_wconf 71' lang='lat' dir='ltr'><strong>magna,</strong></span> <span class='ocrx_word' id='word_1_467' title='bbox 1138 4945 1333 5014; x_wconf 88' lang='lat' dir='ltr'><strong>inquit,</strong></span> <span class='ocrx_word' id='word_1_468' title='bbox 1359 4954 1440 4998; x_wconf 90' lang='lat' dir='ltr'><strong>est</strong></span> <span class='ocrx_word' id='word_1_469' title='bbox 1472 4943 1773 5000; x_wconf 77' lang='lat' dir='ltr'><strong>festivitas:</strong></span> <span class='ocrx_word' id='word_1_470' title='bbox 1810 4947 1978 5018; x_wconf 76' lang='lat' dir='ltr'><strong>figura</strong></span> 
     </span>
    </p>
   </div>
   <div class='ocr_carea' id='block_1_65' title="bbox 408 5039 1979 5110">
    <p class='ocr_par' dir='ltr' id='par_1_65' title="bbox 408 5039 1979 5110">
     <span class='ocr_line' id='line_1_65' title="bbox 408 5039 1979 5110; baseline 0.004 -19"><span class='ocrx_word' id='word_1_471' title='bbox 408 5041 552 5092; x_wconf 72' lang='lat' dir='ltr'><strong>eiiim</strong></span> <span class='ocrx_word' id='word_1_472' title='bbox 584 5040 852 5110; x_wconf 87' lang='lat' dir='ltr'><strong>passionis</strong></span> <span class='ocrx_word' id='word_1_473' title='bbox 896 5039 1204 5095; x_wconf 87' lang='lat' dir='ltr'><strong>Servatoris</strong></span> <span class='ocrx_word' id='word_1_474' title='bbox 1241 5047 1391 5105; x_wconf 82' lang='lat' dir='ltr'><strong>erat,</strong></span> <span class='ocrx_word' id='word_1_475' title='bbox 1423 5041 1639 5107; x_wconf 84' lang='lat' dir='ltr'><strong>quando</strong></span> <span class='ocrx_word' id='word_1_476' title='bbox 1673 5054 1778 5095; x_wconf 92' lang='lat' dir='ltr'><strong>non</strong></span> <span class='ocrx_word' id='word_1_477' title='bbox 1808 5044 1979 5098; x_wconf 84' lang='lat' dir='ltr'><strong>solum</strong></span> 
     </span>
    </p>
   </div>
   <div class='ocr_carea' id='block_1_66' title="bbox 412 5132 1984 5206">
    <p class='ocr_par' dir='ltr' id='par_1_66' title="bbox 412 5132 1984 5206">
     <span class='ocr_line' id='line_1_66' title="bbox 412 5132 1984 5206; baseline 0.003 -20"><span class='ocrx_word' id='word_1_478' title='bbox 412 5132 574 5202; x_wconf 76' lang='lat'><strong>180</strong></span> <span class='ocrx_word' id='word_1_479' title='bbox 599 5132 1021 5188; x_wconf 81' lang='lat' dir='ltr'><strong>interﬁciebatur</strong></span> <span class='ocrx_word' id='word_1_480' title='bbox 1043 5134 1384 5198; x_wconf 87' lang='lat' dir='ltr'><strong>ovis,verum</strong></span> <span class='ocrx_word' id='word_1_481' title='bbox 1413 5133 1579 5186; x_wconf 90' lang='lat' dir='ltr'><strong>etiam</strong></span> <span class='ocrx_word' id='word_1_482' title='bbox 1607 5147 1819 5189; x_wconf 86' lang='lat' dir='ltr'><strong>comesa</strong></span> <span class='ocrx_word' id='word_1_483' title='bbox 1850 5151 1984 5206; x_wconf 82' lang='lat' dir='ltr'><strong>prae-</strong></span> 
     </span>
    </p>
   </div>
   <div class='ocr_carea' id='block_1_67' title="bbox 407 5220 1982 5294">
    <p class='ocr_par' dir='ltr' id='par_1_67' title="bbox 407 5220 1982 5294">
     <span class='ocr_line' id='line_1_67' title="bbox 407 5220 1982 5294; baseline 0.002 -17"><span class='ocrx_word' id='word_1_484' title='bbox 407 5223 567 5277; x_wconf 81' lang='lat' dir='ltr'><strong>beret</strong></span> <span class='ocrx_word' id='word_1_485' title='bbox 614 5223 853 5294; x_wconf 86' lang='lat' dir='ltr'><strong>requiem</strong></span> <span class='ocrx_word' id='word_1_486' title='bbox 901 5240 917 5290; x_wconf 87' lang='lat'><strong>;</strong></span> <span class='ocrx_word' id='word_1_487' title='bbox 968 5231 1023 5278; x_wconf 87' lang='lat' dir='ltr'><strong>et</strong></span> <span class='ocrx_word' id='word_1_488' title='bbox 1076 5221 1352 5277; x_wconf 82' lang='lat' dir='ltr'><strong>immolata</strong></span> <span class='ocrx_word' id='word_1_489' title='bbox 1405 5220 1625 5290; x_wconf 90' lang='lat' dir='ltr'><strong>quidem</strong></span> <span class='ocrx_word' id='word_1_490' title='bbox 1674 5225 1982 5294; x_wconf 89' lang='lat' dir='ltr'><strong>passionem</strong></span> 
     </span>
    </p>
   </div>
   <div class='ocr_carea' id='block_1_68' title="bbox 410 5312 1983 5387">
    <p class='ocr_par' dir='ltr' id='par_1_68' title="bbox 410 5312 1983 5387">
     <span class='ocr_line' id='line_1_68' title="bbox 410 5312 1983 5387; baseline 0.003 -18"><span class='ocrx_word' id='word_1_491' title='bbox 410 5312 721 5371; x_wconf 83' lang='lat' dir='ltr'><strong>Servatoris</strong></span> <span class='ocrx_word' id='word_1_492' title='bbox 744 5314 798 5369; x_wconf 89' lang='lat' dir='ltr'><strong>in</strong></span> <span class='ocrx_word' id='word_1_493' title='bbox 843 5316 1043 5370; x_wconf 91' lang='lat' dir='ltr'><strong>mundo</strong></span> <span class='ocrx_word' id='word_1_494' title='bbox 1070 5314 1433 5387; x_wconf 84' lang='lat' dir='ltr'><strong>signiﬁcabat,</strong></span> <span class='ocrx_word' id='word_1_495' title='bbox 1467 5330 1686 5372; x_wconf 88' lang='lat' dir='ltr'><strong>comesa</strong></span> <span class='ocrx_word' id='word_1_496' title='bbox 1734 5331 1866 5373; x_wconf 86' lang='lat' dir='ltr'><strong>vero</strong></span> <span class='ocrx_word' id='word_1_497' title='bbox 1897 5333 1983 5374; x_wconf 83' lang='lat' dir='ltr'><strong>re-</strong></span> 
     </span>
    </p>
   </div>
   <div class='ocr_carea' id='block_1_69' title="bbox 406 5405 1989 5479">
    <p class='ocr_par' dir='ltr' id='par_1_69' title="bbox 406 5405 1989 5479">
     <span class='ocr_line' id='line_1_69' title="bbox 406 5405 1989 5479; baseline 0.004 -21"><span class='ocrx_word' id='word_1_498' title='bbox 406 5408 590 5478; x_wconf 87' lang='lat' dir='ltr'><strong>quiem</strong></span> <span class='ocrx_word' id='word_1_499' title='bbox 617 5405 850 5462; x_wconf 82' lang='lat' dir='ltr'><strong>futuram</strong></span> <span class='ocrx_word' id='word_1_500' title='bbox 879 5407 933 5461; x_wconf 87' lang='lat' dir='ltr'><strong>in</strong></span> <span class='ocrx_word' id='word_1_501' title='bbox 969 5408 1224 5476; x_wconf 64' lang='lat' dir='ltr'><strong>nuptiis.»</strong></span> <span class='ocrx_word' id='word_1_502' title='bbox 1260 5409 1630 5479; x_wconf 86' lang='lat' dir='ltr'><strong>Apposuimus</strong></span> <span class='ocrx_word' id='word_1_503' title='bbox 1656 5416 1836 5463; x_wconf 85' lang='lat' dir='ltr'><strong>autem</strong></span> <span class='ocrx_word' id='word_1_504' title='bbox 1868 5424 1989 5464; x_wconf 84' lang='lat' dir='ltr'><strong>ver-</strong></span> 
     </span>
    </p>
   </div>
   <div class='ocr_carea' id='block_1_70' title="bbox 2077 1902 3759 1977">
    <p class='ocr_par' dir='ltr' id='par_1_70' title="bbox 2077 1902 3759 1977">
     <span class='ocr_line' id='line_1_70' title="bbox 2077 1902 3759 1977; baseline -0.002 -17"><span class='ocrx_word' id='word_1_505' title='bbox 2077 1904 2327 1977; x_wconf 79' lang='grc' dir='ltr'>Ναζαρά,</span> <span class='ocrx_word' id='word_1_506' title='bbox 2358 1903 2528 1958; x_wconf 82' lang='grc' dir='ltr'>ἐλθὼν</span> <span class='ocrx_word' id='word_1_507' title='bbox 2564 1902 2885 1976; x_wconf 82' lang='grc' dir='ltr'>κατῴκησεν</span> <span class='ocrx_word' id='word_1_508' title='bbox 2908 1907 2988 1970; x_wconf 88' lang='grc' dir='ltr'><strong>εἰς</strong></span> <span class='ocrx_word' id='word_1_509' title='bbox 3017 1905 3431 1977; x_wconf 76' lang='grc' dir='ltr'>Καφαρναούμο</span> <span class='ocrx_word' id='word_1_510' title='bbox 3472 1905 3667 1959; x_wconf 74' lang='grc' dir='ltr'>ἔπειτα</span> <span class='ocrx_word' id='word_1_511' title='bbox 3758 1920 3759 1925; x_wconf 75' lang='lat'>‘</span> 
     </span>
    </p>
   </div>
   <div class='ocr_carea' id='block_1_71' title="bbox 2077 1996 3666 2069">
    <p class='ocr_par' dir='ltr' id='par_1_71' title="bbox 2077 1996 3666 2069">
     <span class='ocr_line' id='line_1_71' title="bbox 2077 1996 3666 2069; baseline -0.002 -17"><span class='ocrx_word' id='word_1_512' title='bbox 2077 1997 2383 2069; x_wconf 86' lang='grc' dir='ltr'>ἀρξάμενος</span> <span class='ocrx_word' id='word_1_513' title='bbox 2405 1996 2720 2068; x_wconf 83' lang='grc' dir='ltr'>κηρύσσειν,</span> <span class='ocrx_word' id='word_1_514' title='bbox 2749 1998 2842 2051; x_wconf 76' lang='grc' dir='ltr'>καὶ</span> <span class='ocrx_word' id='word_1_515' title='bbox 2862 1996 3219 2068; x_wconf 78' lang='grc' dir='ltr'>ἐκλεξάμενος</span> <span class='ocrx_word' id='word_1_516' title='bbox 3239 1998 3369 2061; x_wconf 72' lang='grc' dir='ltr'>τοὺς</span> <span class='ocrx_word' id='word_1_517' title='bbox 3386 1996 3666 2068; x_wconf 77' lang='grc' dir='ltr'>τέσσαρας</span> 
     </span>
    </p>
   </div>
   <div class='ocr_carea' id='block_1_72' title="bbox 2070 2081 3663 2150">
    <p class='ocr_par' dir='ltr' id='par_1_72' title="bbox 2070 2081 3663 2150">
     <span class='ocr_line' id='line_1_72' title="bbox 2070 2081 3663 2150; baseline -0.007 -9"><span class='ocrx_word' id='word_1_518' title='bbox 2070 2087 2241 2150; x_wconf 81' lang='grc' dir='ltr'>ἁλιεῖς</span> <span class='ocrx_word' id='word_1_519' title='bbox 2272 2083 2623 2146; x_wconf 79' lang='grc' dir='ltr'><strong>ἀποστόλους,</strong></span> <span class='ocrx_word' id='word_1_520' title='bbox 2657 2081 2873 2147; x_wconf 78' lang='grc' dir='ltr'>διδάξας</span> <span class='ocrx_word' id='word_1_521' title='bbox 2919 2097 2981 2133; x_wconf 89' lang='grc' dir='ltr'><strong>τε</strong></span> <span class='ocrx_word' id='word_1_522' title='bbox 3034 2082 3093 2133; x_wconf 83' lang='grc' dir='ltr'><strong>ἐν</strong></span> <span class='ocrx_word' id='word_1_523' title='bbox 3143 2082 3265 2144; x_wconf 86' lang='grc' dir='ltr'>ταῖς</span> <span class='ocrx_word' id='word_1_524' title='bbox 3309 2081 3663 2148; x_wconf 76' lang='grc' dir='ltr'>συναγωγαῖς</span> 
     </span>
    </p>
   </div>
   <div class='ocr_carea' id='block_1_73' title="bbox 2070 2171 3662 2249">
    <p class='ocr_par' dir='ltr' id='par_1_73' title="bbox 2070 2171 3662 2249">
     <span class='ocr_line' id='line_1_73' title="bbox 2070 2171 3662 2249; baseline -0.006 -16"><span class='ocrx_word' id='word_1_525' title='bbox 2070 2179 2199 2249; x_wconf 84' lang='grc' dir='ltr'>ὅλης</span> <span class='ocrx_word' id='word_1_526' title='bbox 2236 2176 2338 2247; x_wconf 85' lang='grc' dir='ltr'>τῆς</span> <span class='ocrx_word' id='word_1_527' title='bbox 2386 2173 2692 2238; x_wconf 74' lang='grc' dir='ltr'>Γαλιλαίας,</span> <span class='ocrx_word' id='word_1_528' title='bbox 2739 2173 2832 2226; x_wconf 74' lang='grc' dir='ltr'><strong>καὶ</strong></span> <span class='ocrx_word' id='word_1_529' title='bbox 2875 2171 3221 2245; x_wconf 81' lang='grc' dir='ltr'>θεραπεύσας</span> <span class='ocrx_word' id='word_1_530' title='bbox 3265 2172 3397 2235; x_wconf 73' lang='grc' dir='ltr'>τοὺς</span> <span class='ocrx_word' id='word_1_531' title='bbox 3458 2186 3662 2243; x_wconf 85' lang='grc' dir='ltr'>προσε-</span> 
     </span>
    </p>
   </div>
   <div class='ocr_carea' id='block_1_74' title="bbox 2071 2264 3663 2340">
    <p class='ocr_par' dir='ltr' id='par_1_74' title="bbox 2071 2264 3663 2340">
     <span class='ocr_line' id='line_1_74' title="bbox 2071 2264 3663 2340; baseline -0.004 -16"><span class='ocrx_word' id='word_1_532' title='bbox 2071 2268 2358 2340; x_wconf 85' lang='grc' dir='ltr'>νεχθέντας</span> <span class='ocrx_word' id='word_1_533' title='bbox 2399 2265 2569 2336; x_wconf 83' lang='grc' dir='ltr'>αὐτῷ,</span> <span class='ocrx_word' id='word_1_534' title='bbox 2617 2264 2906 2336; x_wconf 75' lang='grc' dir='ltr'>ἀνέρχεται</span> <span class='ocrx_word' id='word_1_535' title='bbox 2962 2266 3042 2329; x_wconf 86' lang='grc' dir='ltr'><strong>είς</strong></span> <span class='ocrx_word' id='word_1_536' title='bbox 3087 2264 3151 2318; x_wconf 75' lang='grc' dir='ltr'>τὺ</span> <span class='ocrx_word' id='word_1_537' title='bbox 3192 2265 3337 2337; x_wconf 76' lang='grc' dir='ltr'>ὅρος,</span> <span class='ocrx_word' id='word_1_538' title='bbox 3372 2266 3473 2319; x_wconf 77' lang='grc' dir='ltr'>καὶ</span> <span class='ocrx_word' id='word_1_539' title='bbox 3516 2264 3663 2333; x_wconf 84' lang='grc' dir='ltr'>λέγει</span> 
     </span>
    </p>
   </div>
   <div class='ocr_carea' id='block_1_75' title="bbox 2071 2353 3759 2430">
    <p class='ocr_par' dir='ltr' id='par_1_75' title="bbox 2071 2353 3759 2430">
     <span class='ocr_line' id='line_1_75' title="bbox 2071 2353 3759 2430; baseline -0.004 -17"><span class='ocrx_word' id='word_1_540' title='bbox 2071 2361 2198 2423; x_wconf 82' lang='grc' dir='ltr'>τοὺς</span> <span class='ocrx_word' id='word_1_541' title='bbox 2223 2357 2624 2430; x_wconf 81' lang='grc' dir='ltr'>μακαρισμοὺς,</span> <span class='ocrx_word' id='word_1_542' title='bbox 2666 2354 2761 2407; x_wconf 73' lang='grc' dir='ltr'><strong>καὶ</strong></span> <span class='ocrx_word' id='word_1_543' title='bbox 2801 2353 2871 2407; x_wconf 89' lang='grc' dir='ltr'><strong>τά</strong></span> <span class='ocrx_word' id='word_1_544' title='bbox 2906 2355 3143 2426; x_wconf 85' lang='grc' dir='ltr'>ἐχόμενα</span> <span class='ocrx_word' id='word_1_545' title='bbox 3182 2354 3400 2409; x_wconf 75' lang='grc' dir='ltr'>αὐτῶν·</span> <span class='ocrx_word' id='word_1_546' title='bbox 3436 2354 3664 2418; x_wconf 80' lang='grc' dir='ltr'>τελέσας</span> <span class='ocrx_word' id='word_1_547' title='bbox 3758 2410 3759 2419; x_wconf 18' lang='grc' dir='ltr'><strong>γ</strong></span> 
     </span>
    </p>
   </div>
   <div class='ocr_carea' id='block_1_76' title="bbox 2072 2446 3664 2522">
    <p class='ocr_par' dir='ltr' id='par_1_76' title="bbox 2072 2446 3664 2522">
     <span class='ocr_line' id='line_1_76' title="bbox 2072 2446 3664 2522; baseline -0.003 -17"><span class='ocrx_word' id='word_1_548' title='bbox 2072 2451 2129 2505; x_wconf 79' lang='grc' dir='ltr'>δὲ</span> <span class='ocrx_word' id='word_1_549' title='bbox 2166 2451 2381 2521; x_wconf 85' lang='grc' dir='ltr'>ἐκείνην</span> <span class='ocrx_word' id='word_1_550' title='bbox 2425 2450 2523 2522; x_wconf 81' lang='grc' dir='ltr'>τὴν</span> <span class='ocrx_word' id='word_1_551' title='bbox 2554 2450 2925 2515; x_wconf 79' lang='grc' dir='ltr'>διδασκαλίαν,</span> <span class='ocrx_word' id='word_1_552' title='bbox 2973 2448 3217 2512; x_wconf 76' lang='grc' dir='ltr'>καταϐὰς</span> <span class='ocrx_word' id='word_1_553' title='bbox 3251 2449 3318 2501; x_wconf 82' lang='grc' dir='ltr'><strong>ἐκ</strong></span> <span class='ocrx_word' id='word_1_554' title='bbox 3362 2446 3462 2500; x_wconf 81' lang='grc' dir='ltr'><strong>τού</strong></span> <span class='ocrx_word' id='word_1_555' title='bbox 3504 2447 3664 2519; x_wconf 69' lang='grc' dir='ltr'>ὅρους</span> 
     </span>
    </p>
   </div>
   <div class='ocr_carea' id='block_1_77' title="bbox 2074 2539 3759 2615">
    <p class='ocr_par' dir='ltr' id='par_1_77' title="bbox 2074 2539 3759 2615">
     <span class='ocr_line' id='line_1_77' title="bbox 2074 2539 3759 2615; baseline -0.002 -19"><span class='ocrx_word' id='word_1_556' title='bbox 2074 2543 2379 2615; x_wconf 86' lang='grc' dir='ltr'>εἰσέρχεται</span> <span class='ocrx_word' id='word_1_557' title='bbox 2429 2544 2510 2607; x_wconf 88' lang='grc' dir='ltr'><strong>εἰς</strong></span> <span class='ocrx_word' id='word_1_558' title='bbox 2547 2544 2928 2615; x_wconf 79' lang='grc' dir='ltr'>Καφαρναοὺμ</span> <span class='ocrx_word' id='word_1_559' title='bbox 2975 2542 3246 2613; x_wconf 85' lang='grc' dir='ltr'>δεύτερον,</span> <span class='ocrx_word' id='word_1_560' title='bbox 3298 2541 3563 2595; x_wconf 83' lang='grc' dir='ltr'>κάκεῖθεν</span> <span class='ocrx_word' id='word_1_561' title='bbox 3611 2539 3664 2593; x_wconf 71' lang='grc' dir='ltr'>δὲ</span> <span class='ocrx_word' id='word_1_562' title='bbox 3758 2596 3759 2609; x_wconf 16' lang='grc' dir='ltr'><strong>χ</strong></span> 
     </span>
    </p>
   </div>
   <div class='ocr_carea' id='block_1_78' title="bbox 2074 2632 3665 2707">
    <p class='ocr_par' dir='ltr' id='par_1_78' title="bbox 2074 2632 3665 2707">
     <span class='ocr_line' id='line_1_78' title="bbox 2074 2632 3665 2707; baseline -0.003 -19"><span class='ocrx_word' id='word_1_563' title='bbox 2074 2635 2245 2706; x_wconf 80' lang='grc' dir='ltr'>ἐμϐάς</span> <span class='ocrx_word' id='word_1_564' title='bbox 2280 2637 2362 2699; x_wconf 87' lang='grc' dir='ltr'><strong>εἰς</strong></span> <span class='ocrx_word' id='word_1_565' title='bbox 2398 2635 2579 2688; x_wconf 81' lang='grc' dir='ltr'>πλοῖον</span> <span class='ocrx_word' id='word_1_566' title='bbox 2604 2637 2749 2707; x_wconf 81' lang='grc' dir='ltr'>περᾷ</span> <span class='ocrx_word' id='word_1_567' title='bbox 2779 2637 2857 2699; x_wconf 88' lang='grc' dir='ltr'><strong>εἰς</strong></span> <span class='ocrx_word' id='word_1_568' title='bbox 2886 2636 2983 2706; x_wconf 82' lang='grc' dir='ltr'>τὴν</span> <span class='ocrx_word' id='word_1_569' title='bbox 3021 2632 3207 2706; x_wconf 86' lang='grc' dir='ltr'>χώραν</span> <span class='ocrx_word' id='word_1_570' title='bbox 3239 2633 3348 2686; x_wconf 83' lang='grc' dir='ltr'><strong>τῶν</strong></span> <span class='ocrx_word' id='word_1_571' title='bbox 3390 2633 3665 2703; x_wconf 87' lang='grc' dir='ltr'>Γεργεση-</span> 
     </span>
    </p>
   </div>
   <div class='ocr_carea' id='block_1_79' title="bbox 2075 2727 3665 2801">
    <p class='ocr_par' dir='ltr' id='par_1_79' title="bbox 2075 2727 3665 2801">
     <span class='ocr_line' id='line_1_79' title="bbox 2075 2727 3665 2801; baseline -0.002 -17"><span class='ocrx_word' id='word_1_572' title='bbox 2075 2729 2207 2785; x_wconf 83' lang='grc' dir='ltr'>νῶν·</span> <span class='ocrx_word' id='word_1_573' title='bbox 2256 2729 2627 2801; x_wconf 85' lang='grc' dir='ltr'>παρακληθείς</span> <span class='ocrx_word' id='word_1_574' title='bbox 2655 2746 2712 2782; x_wconf 90' lang='grc' dir='ltr'><strong>τε</strong></span> <span class='ocrx_word' id='word_1_575' title='bbox 2750 2729 3048 2800; x_wconf 74' lang='grc' dir='ltr'>μεταϐῆναι</span> <span class='ocrx_word' id='word_1_576' title='bbox 3075 2728 3182 2782; x_wconf 80' lang='grc' dir='ltr'><strong>ἀπὸ</strong></span> <span class='ocrx_word' id='word_1_577' title='bbox 3213 2727 3320 2781; x_wconf 80' lang='grc' dir='ltr'><strong>τῶν</strong></span> <span class='ocrx_word' id='word_1_578' title='bbox 3359 2730 3532 2800; x_wconf 80' lang='grc' dir='ltr'>ὁρίων</span> <span class='ocrx_word' id='word_1_579' title='bbox 3570 2728 3665 2781; x_wconf 82' lang='grc' dir='ltr'>αύ-</span> 
     </span>
    </p>
   </div>
   <div class='ocr_carea' id='block_1_80' title="bbox 2074 2816 3661 2893">
    <p class='ocr_par' dir='ltr' id='par_1_80' title="bbox 2074 2816 3661 2893">
     <span class='ocr_line' id='line_1_80' title="bbox 2074 2816 3661 2893; baseline -0.003 -16"><span class='ocrx_word' id='word_1_580' title='bbox 2074 2823 2203 2889; x_wconf 82' lang='grc' dir='ltr'>τῶν,</span> <span class='ocrx_word' id='word_1_581' title='bbox 2237 2820 2412 2893; x_wconf 75' lang='grc' dir='ltr'>ἐμϐάς</span> <span class='ocrx_word' id='word_1_582' title='bbox 2444 2823 2525 2885; x_wconf 90' lang='grc' dir='ltr'><strong>εἰς</strong></span> <span class='ocrx_word' id='word_1_583' title='bbox 2564 2821 2745 2874; x_wconf 86' lang='grc' dir='ltr'>πλοῖον</span> <span class='ocrx_word' id='word_1_584' title='bbox 2775 2820 3084 2890; x_wconf 84' lang='grc' dir='ltr'>διεπέρασε,</span> <span class='ocrx_word' id='word_1_585' title='bbox 3116 2820 3211 2874; x_wconf 80' lang='grc' dir='ltr'><strong>καὶ</strong></span> <span class='ocrx_word' id='word_1_586' title='bbox 3240 2816 3409 2891; x_wconf 85' lang='grc' dir='ltr'>ἦλθεν</span> <span class='ocrx_word' id='word_1_587' title='bbox 3448 2823 3532 2884; x_wconf 83' lang='grc' dir='ltr'><strong>εἰς</strong></span> <span class='ocrx_word' id='word_1_588' title='bbox 3569 2822 3661 2891; x_wconf 73' lang='grc' dir='ltr'><strong>τὴν</strong></span> 
     </span>
    </p>
   </div>
   <div class='ocr_carea' id='block_1_81' title="bbox 2079 2912 3759 2986">
    <p class='ocr_par' dir='ltr' id='par_1_81' title="bbox 2079 2912 3759 2986">
     <span class='ocr_line' id='line_1_81' title="bbox 2079 2912 3759 2986; baseline -0.003 -17"><span class='ocrx_word' id='word_1_589' title='bbox 2079 2915 2212 2970; x_wconf 88' lang='grc' dir='ltr'>ἰδίαν</span> <span class='ocrx_word' id='word_1_590' title='bbox 2227 2915 2400 2981; x_wconf 87' lang='grc' dir='ltr'>πόλιν,</span> <span class='ocrx_word' id='word_1_591' title='bbox 2429 2913 2556 2970; x_wconf 80' lang='grc' dir='ltr'>ἔνθα</span> <span class='ocrx_word' id='word_1_592' title='bbox 2585 2912 2881 2986; x_wconf 79' lang='grc' dir='ltr'>θεραπείας</span> <span class='ocrx_word' id='word_1_593' title='bbox 2909 2913 3227 2977; x_wconf 77' lang='grc' dir='ltr'>ἐπιτελέσας</span> <span class='ocrx_word' id='word_1_594' title='bbox 3253 2912 3410 2978; x_wconf 80' lang='grc' dir='ltr'>τινὰς</span> <span class='ocrx_word' id='word_1_595' title='bbox 3432 2913 3664 2985; x_wconf 78' lang='grc' dir='ltr'>περιῆγε</span> <span class='ocrx_word' id='word_1_596' title='bbox 3758 2962 3759 2979; x_wconf 21' lang='grc' dir='ltr'>χ</span> 
     </span>
    </p>
   </div>
   <div class='ocr_carea' id='block_1_82' title="bbox 2074 3003 3664 3076">
    <p class='ocr_par' dir='ltr' id='par_1_82' title="bbox 2074 3003 3664 3076">
     <span class='ocr_line' id='line_1_82' title="bbox 2074 3003 3664 3076; baseline -0.003 -15"><span class='ocrx_word' id='word_1_597' title='bbox 2074 3006 2174 3071; x_wconf 89' lang='grc' dir='ltr'><strong>τάς</strong></span> <span class='ocrx_word' id='word_1_598' title='bbox 2207 3007 2389 3071; x_wconf 84' lang='grc' dir='ltr'>πόλεις</span> <span class='ocrx_word' id='word_1_599' title='bbox 2419 3007 2617 3071; x_wconf 87' lang='grc' dir='ltr'>πάσας,</span> <span class='ocrx_word' id='word_1_600' title='bbox 2653 3006 2746 3062; x_wconf 74' lang='grc' dir='ltr'>καὶ</span> <span class='ocrx_word' id='word_1_601' title='bbox 2778 3004 2877 3069; x_wconf 81' lang='grc' dir='ltr'>τὰς</span> <span class='ocrx_word' id='word_1_602' title='bbox 2900 3003 3114 3076; x_wconf 82' lang='grc' dir='ltr'>κώμας,</span> <span class='ocrx_word' id='word_1_603' title='bbox 3144 3004 3411 3059; x_wconf 87' lang='grc' dir='ltr'>διδάσκων</span> <span class='ocrx_word' id='word_1_604' title='bbox 3442 3006 3504 3058; x_wconf 84' lang='grc' dir='ltr'><strong>ἐν</strong></span> <span class='ocrx_word' id='word_1_605' title='bbox 3548 3007 3664 3066; x_wconf 83' lang='grc' dir='ltr'>ταῖς</span> 
     </span>
    </p>
   </div>
   <div class='ocr_carea' id='block_1_83' title="bbox 2080 3096 3664 3169">
    <p class='ocr_par' dir='ltr' id='par_1_83' title="bbox 2080 3096 3664 3169">
     <span class='ocr_line' id='line_1_83' title="bbox 2080 3096 3664 3169; baseline -0.004 -16"><span class='ocrx_word' id='word_1_606' title='bbox 2080 3101 2422 3169; x_wconf 79' lang='grc' dir='ltr'>συναγωγαῖς</span> <span class='ocrx_word' id='word_1_607' title='bbox 2457 3098 2659 3154; x_wconf 84' lang='grc' dir='ltr'>αὐτῶν.</span> <span class='ocrx_word' id='word_1_608' title='bbox 2691 3097 2801 3153; x_wconf 75' lang='grc' dir='ltr'><strong>Καὶ</strong></span> <span class='ocrx_word' id='word_1_609' title='bbox 2824 3097 2959 3153; x_wconf 79' lang='grc' dir='ltr'>ἄλλα</span> <span class='ocrx_word' id='word_1_610' title='bbox 2989 3097 3046 3150; x_wconf 80' lang='grc' dir='ltr'>δὲ</span> <span class='ocrx_word' id='word_1_611' title='bbox 3073 3096 3300 3150; x_wconf 83' lang='grc' dir='ltr'>πλεῖστα</span> <span class='ocrx_word' id='word_1_612' title='bbox 3329 3097 3472 3168; x_wconf 75' lang='grc' dir='ltr'>μετὰ</span> <span class='ocrx_word' id='word_1_613' title='bbox 3494 3097 3664 3150; x_wconf 77' lang='grc' dir='ltr'>ταῦτα</span> 
     </span>
    </p>
   </div>
   <div class='ocr_carea' id='block_1_84' title="bbox 2079 3185 3661 3262">
    <p class='ocr_par' dir='ltr' id='par_1_84' title="bbox 2079 3185 3661 3262">
     <span class='ocr_line' id='line_1_84' title="bbox 2079 3185 3661 3262; baseline -0.004 -17"><span class='ocrx_word' id='word_1_614' title='bbox 2079 3192 2311 3261; x_wconf 86' lang='grc' dir='ltr'>γίνεται,</span> <span class='ocrx_word' id='word_1_615' title='bbox 2341 3192 2470 3262; x_wconf 71' lang='grc' dir='ltr'>πρὶν</span> <span class='ocrx_word' id='word_1_616' title='bbox 2492 3188 2998 3262; x_wconf 83' lang='grc' dir='ltr'>ὲπισημειώσασθαι</span> <span class='ocrx_word' id='word_1_617' title='bbox 3024 3188 3115 3243; x_wconf 85' lang='grc' dir='ltr'><strong>τὸν</strong></span> <span class='ocrx_word' id='word_1_618' title='bbox 3144 3188 3425 3243; x_wconf 83' lang='grc' dir='ltr'>Ματθαῐον</span> <span class='ocrx_word' id='word_1_619' title='bbox 3445 3189 3542 3243; x_wconf 76' lang='grc' dir='ltr'>τὸν</span> <span class='ocrx_word' id='word_1_620' title='bbox 3572 3185 3661 3241; x_wconf 78' lang='grc' dir='ltr'>τοῦ</span> 
     </span>
    </p>
   </div>
   <div class='ocr_carea' id='block_1_85' title="bbox 2079 3281 3665 3357">
    <p class='ocr_par' dir='ltr' id='par_1_85' title="bbox 2079 3281 3665 3357">
     <span class='ocr_line' id='line_1_85' title="bbox 2079 3281 3665 3357; baseline -0.001 -18"><span class='ocrx_word' id='word_1_621' title='bbox 2079 3285 2273 3357; x_wconf 86' lang='grc' dir='ltr'>Πάσχα</span> <span class='ocrx_word' id='word_1_622' title='bbox 2316 3284 2526 3356; x_wconf 85' lang='grc' dir='ltr'>καιρόν.</span> <span class='ocrx_word' id='word_1_623' title='bbox 2564 3284 2676 3337; x_wconf 77' lang='grc' dir='ltr'><strong>Καὶ</strong></span> <span class='ocrx_word' id='word_1_624' title='bbox 2730 3282 2879 3355; x_wconf 83' lang='grc' dir='ltr'>παρὰ</span> <span class='ocrx_word' id='word_1_625' title='bbox 2926 3286 3039 3348; x_wconf 80' lang='grc' dir='ltr'>τοῖς</span> <span class='ocrx_word' id='word_1_626' title='bbox 3088 3282 3297 3341; x_wconf 79' lang='grc' dir='ltr'>λοιποῖς</span> <span class='ocrx_word' id='word_1_627' title='bbox 3340 3281 3403 3336; x_wconf 83' lang='grc' dir='ltr'><strong>δὲ</strong></span> <span class='ocrx_word' id='word_1_628' title='bbox 3443 3283 3665 3351; x_wconf 81' lang='grc' dir='ltr'>εὐαγγε-</span> 
     </span>
    </p>
   </div>
   <div class='ocr_carea' id='block_1_86' title="bbox 2078 3372 3663 3448">
    <p class='ocr_par' dir='ltr' id='par_1_86' title="bbox 2078 3372 3663 3448">
     <span class='ocr_line' id='line_1_86' title="bbox 2078 3372 3663 3448; baseline -0.003 -18"><span class='ocrx_word' id='word_1_629' title='bbox 2078 3376 2288 3441; x_wconf 87' lang='grc' dir='ltr'>λισταίς</span> <span class='ocrx_word' id='word_1_630' title='bbox 2320 3375 2457 3448; x_wconf 77' lang='grc' dir='ltr'>μετὰ</span> <span class='ocrx_word' id='word_1_631' title='bbox 2487 3376 2585 3446; x_wconf 79' lang='grc' dir='ltr'><strong>τὴν</strong></span> <span class='ocrx_word' id='word_1_632' title='bbox 2625 3375 2682 3428; x_wconf 88' lang='grc' dir='ltr'><strong>ἐν</strong></span> <span class='ocrx_word' id='word_1_633' title='bbox 2712 3377 2776 3447; x_wconf 82' lang='grc' dir='ltr'>τῇ</span> <span class='ocrx_word' id='word_1_634' title='bbox 2813 3374 3192 3447; x_wconf 80' lang='grc' dir='ltr'>Καφαρναοὺμ</span> <span class='ocrx_word' id='word_1_635' title='bbox 3232 3373 3527 3446; x_wconf 74' lang='grc' dir='ltr'>διατριϐὴν</span> <span class='ocrx_word' id='word_1_636' title='bbox 3570 3372 3663 3442; x_wconf 80' lang='grc' dir='ltr'><strong>οὐχ</strong></span> 
     </span>
    </p>
   </div>
   <div class='ocr_carea' id='block_1_87' title="bbox 2079 3463 3663 3542">
    <p class='ocr_par' dir='ltr' id='par_1_87' title="bbox 2079 3463 3663 3542">
     <span class='ocr_line' id='line_1_87' title="bbox 2079 3463 3663 3542; baseline -0.003 -19"><span class='ocrx_word' id='word_1_637' title='bbox 2079 3471 2392 3542; x_wconf 85' lang='grc' dir='ltr'>εὑρίσκεται</span> <span class='ocrx_word' id='word_1_638' title='bbox 2434 3468 2599 3537; x_wconf 80' lang='grc' dir='ltr'>ἐγγὺς</span> <span class='ocrx_word' id='word_1_639' title='bbox 2630 3468 2691 3521; x_wconf 80' lang='grc' dir='ltr'><strong>τὸ</strong></span> <span class='ocrx_word' id='word_1_640' title='bbox 2723 3467 2914 3538; x_wconf 84' lang='grc' dir='ltr'>Πάσχα</span> <span class='ocrx_word' id='word_1_641' title='bbox 2955 3463 3093 3523; x_wconf 79' lang='grc' dir='ltr'>εἶναι</span> <span class='ocrx_word' id='word_1_642' title='bbox 3136 3467 3461 3538; x_wconf 76' lang='grc' dir='ltr'>λεγόμενονο</span> <span class='ocrx_word' id='word_1_643' title='bbox 3496 3465 3663 3519; x_wconf 75' lang='grc' dir='ltr'>σῶσαι</span> 
     </span>
    </p>
   </div>
   <div class='ocr_carea' id='block_1_88' title="bbox 2079 3556 3663 3633">
    <p class='ocr_par' dir='ltr' id='par_1_88' title="bbox 2079 3556 3663 3633">
     <span class='ocr_line' id='line_1_88' title="bbox 2079 3556 3663 3633; baseline -0.004 -18"><span class='ocrx_word' id='word_1_644' title='bbox 2079 3561 2136 3615; x_wconf 80' lang='grc' dir='ltr'>δὲ</span> <span class='ocrx_word' id='word_1_645' title='bbox 2156 3562 2217 3615; x_wconf 82' lang='grc' dir='ltr'><strong>τὸ</strong></span> <span class='ocrx_word' id='word_1_646' title='bbox 2241 3560 2487 3633; x_wconf 85' lang='grc' dir='ltr'>βούλημα</span> <span class='ocrx_word' id='word_1_647' title='bbox 2511 3558 2620 3614; x_wconf 86' lang='grc' dir='ltr'>τῶν</span> <span class='ocrx_word' id='word_1_648' title='bbox 2647 3558 2856 3631; x_wconf 83' lang='grc' dir='ltr'>ἀνδρῶν</span> <span class='ocrx_word' id='word_1_649' title='bbox 2890 3561 3038 3613; x_wconf 85' lang='grc' dir='ltr'>ἐστιν</span> <span class='ocrx_word' id='word_1_650' title='bbox 3079 3560 3416 3632; x_wconf 84' lang='grc' dir='ltr'>ἐννοήσαντα</span> <span class='ocrx_word' id='word_1_651' title='bbox 3447 3559 3516 3612; x_wconf 86' lang='grc' dir='ltr'><strong>τά</strong></span> <span class='ocrx_word' id='word_1_652' title='bbox 3537 3556 3663 3629; x_wconf 83' lang='grc' dir='ltr'><strong>περί</strong></span> 
     </span>
    </p>
   </div>
   <div class='ocr_carea' id='block_1_89' title="bbox 2079 3651 3660 3724">
    <p class='ocr_par' dir='ltr' id='par_1_89' title="bbox 2079 3651 3660 3724">
     <span class='ocr_line' id='line_1_89' title="bbox 2079 3651 3660 3724; baseline -0.002 -17"><span class='ocrx_word' id='word_1_653' title='bbox 2079 3653 2579 3724; x_wconf 77' lang='grc' dir='ltr'>τῆςΚαφαρναοὺμ</span> <span class='ocrx_word' id='word_1_654' title='bbox 2607 3651 2870 3723; x_wconf 82' lang='grc' dir='ltr'>εἰρημένα</span> <span class='ocrx_word' id='word_1_655' title='bbox 2901 3653 3033 3724; x_wconf 77' lang='grc' dir='ltr'>ἡμῖν</span> <span class='ocrx_word' id='word_1_656' title='bbox 3068 3653 3124 3705; x_wconf 83' lang='grc' dir='ltr'><strong>ἐν</strong></span> <span class='ocrx_word' id='word_1_657' title='bbox 3157 3654 3271 3715; x_wconf 86' lang='grc' dir='ltr'>τοῖς</span> <span class='ocrx_word' id='word_1_658' title='bbox 3292 3651 3401 3724; x_wconf 81' lang='grc' dir='ltr'>πρὸ</span> <span class='ocrx_word' id='word_1_659' title='bbox 3437 3651 3660 3705; x_wconf 77' lang='grc' dir='ltr'>τούτων.</span> 
     </span>
    </p>
   </div>
   <div class='ocr_carea' id='block_1_90' title="bbox 2094 3743 3663 3818">
    <p class='ocr_par' dir='ltr' id='par_1_90' title="bbox 2094 3743 3663 3818">
     <span class='ocr_line' id='line_1_90' title="bbox 2094 3743 3663 3818; baseline -0.002 -19"><span class='ocrx_word' id='word_1_660' title='bbox 2094 3744 2430 3818; x_wconf 78' lang='grc' dir='ltr'>Ἐνδιατριὸὴ</span> <span class='ocrx_word' id='word_1_661' title='bbox 2452 3744 2677 3816; x_wconf 80' lang='grc' dir='ltr'>πλησίον</span> <span class='ocrx_word' id='word_1_662' title='bbox 2699 3743 2955 3815; x_wconf 84' lang='grc' dir='ltr'>τυγχάνει</span> <span class='ocrx_word' id='word_1_663' title='bbox 2980 3744 3092 3816; x_wconf 75' lang='lat'><strong>(35)</strong></span> <span class='ocrx_word' id='word_1_664' title='bbox 3124 3743 3219 3798; x_wconf 80' lang='grc' dir='ltr'>τοῦ</span> <span class='ocrx_word' id='word_1_665' title='bbox 3250 3743 3360 3798; x_wconf 83' lang='grc' dir='ltr'>τῶν</span> <span class='ocrx_word' id='word_1_666' title='bbox 3398 3744 3663 3799; x_wconf 83' lang='grc' dir='ltr'>Ἰουδαίων</span> 
     </span>
    </p>
   </div>
   <div class='ocr_carea' id='block_1_91' title="bbox 2082 3837 3663 3911">
    <p class='ocr_par' dir='ltr' id='par_1_91' title="bbox 2082 3837 3663 3911">
     <span class='ocr_line' id='line_1_91' title="bbox 2082 3837 3663 3911; baseline -0.001 -19"><span class='ocrx_word' id='word_1_667' title='bbox 2082 3840 2270 3909; x_wconf 77' lang='grc' dir='ltr'>πάσχα</span> <span class='ocrx_word' id='word_1_668' title='bbox 2304 3838 2469 3908; x_wconf 84' lang='grc' dir='ltr'>ὀλίγῳ</span> <span class='ocrx_word' id='word_1_669' title='bbox 2508 3838 2862 3911; x_wconf 87' lang='grc' dir='ltr'>βελτιουμένη</span> <span class='ocrx_word' id='word_1_670' title='bbox 2904 3839 3033 3910; x_wconf 88' lang='grc' dir='ltr'>παρ’</span> <span class='ocrx_word' id='word_1_671' title='bbox 3071 3837 3223 3904; x_wconf 82' lang='grc' dir='ltr'>αὐτὸ,</span> <span class='ocrx_word' id='word_1_672' title='bbox 3271 3837 3365 3891; x_wconf 77' lang='grc' dir='ltr'>καὶ</span> <span class='ocrx_word' id='word_1_673' title='bbox 3401 3838 3663 3911; x_wconf 80' lang='grc' dir='ltr'>κρείττων</span> 
     </span>
    </p>
   </div>
   <div class='ocr_carea' id='block_1_92' title="bbox 2080 3930 3661 4004">
    <p class='ocr_par' dir='ltr' id='par_1_92' title="bbox 2080 3930 3661 4004">
     <span class='ocr_line' id='line_1_92' title="bbox 2080 3930 3661 4004; baseline -0.004 -16"><span class='ocrx_word' id='word_1_674' title='bbox 2080 3932 2245 3989; x_wconf 78' lang='grc' dir='ltr'>αὑτοῦ</span> <span class='ocrx_word' id='word_1_675' title='bbox 2264 3932 2623 4004; x_wconf 86' lang='grc' dir='ltr'>τυγχάνουσα,</span> <span class='ocrx_word' id='word_1_676' title='bbox 2652 3932 2746 3985; x_wconf 67' lang='grc' dir='ltr'>καὶ</span> <span class='ocrx_word' id='word_1_677' title='bbox 2767 3930 2997 4004; x_wconf 85' lang='grc' dir='ltr'>μάλιστα</span> <span class='ocrx_word' id='word_1_678' title='bbox 3022 3931 3222 4003; x_wconf 75' lang='grc' dir='ltr'>ἐπεὶέν</span> <span class='ocrx_word' id='word_1_679' title='bbox 3246 3930 3323 4002; x_wconf 78' lang='grc' dir='ltr'>τῷ</span> <span class='ocrx_word' id='word_1_680' title='bbox 3352 3932 3545 4003; x_wconf 86' lang='grc' dir='ltr'>Πάσχα</span> <span class='ocrx_word' id='word_1_681' title='bbox 3561 3931 3661 3983; x_wconf 76' lang='grc' dir='ltr'><strong>τῶν</strong></span> 
     </span>
    </p>
   </div>
   <div class='ocr_carea' id='block_1_93' title="bbox 2094 4019 3663 4093">
    <p class='ocr_par' dir='ltr' id='par_1_93' title="bbox 2094 4019 3663 4093">
     <span class='ocr_line' id='line_1_93' title="bbox 2094 4019 3663 4093; baseline 0.001 -21"><span class='ocrx_word' id='word_1_682' title='bbox 2094 4019 2360 4072; x_wconf 80' lang='grc' dir='ltr'>Ἰουδαίων</span> <span class='ocrx_word' id='word_1_683' title='bbox 2384 4019 2731 4093; x_wconf 82' lang='grc' dir='ltr'>εὑρίσκονται</span> <span class='ocrx_word' id='word_1_684' title='bbox 2763 4023 2820 4074; x_wconf 84' lang='grc' dir='ltr'><strong>ἐν</strong></span> <span class='ocrx_word' id='word_1_685' title='bbox 2843 4019 2921 4090; x_wconf 85' lang='grc' dir='ltr'><strong>τῷ</strong></span> <span class='ocrx_word' id='word_1_686' title='bbox 2959 4019 3089 4093; x_wconf 83' lang='grc' dir='ltr'>ἱερῷ</span> <span class='ocrx_word' id='word_1_687' title='bbox 3112 4021 3161 4074; x_wconf 85' lang='grc' dir='ltr'>οἱ</span> <span class='ocrx_word' id='word_1_688' title='bbox 3194 4019 3505 4085; x_wconf 80' lang='grc' dir='ltr'>πωλοῦντες</span> <span class='ocrx_word' id='word_1_689' title='bbox 3544 4020 3663 4082; x_wconf 77' lang='grc' dir='ltr'>τοὺς</span> 
     </span>
    </p>
   </div>
   <div class='ocr_carea' id='block_1_94' title="bbox 2083 4108 3663 4186">
    <p class='ocr_par' dir='ltr' id='par_1_94' title="bbox 2083 4108 3663 4186">
     <span class='ocr_line' id='line_1_94' title="bbox 2083 4108 3663 4186; baseline -0.002 -18"><span class='ocrx_word' id='word_1_690' title='bbox 2083 4111 2231 4184; x_wconf 83' lang='grc' dir='ltr'>βόας,</span> <span class='ocrx_word' id='word_1_691' title='bbox 2263 4114 2356 4167; x_wconf 73' lang='grc' dir='ltr'>καὶ</span> <span class='ocrx_word' id='word_1_692' title='bbox 2395 4113 2471 4167; x_wconf 72' lang='grc' dir='ltr'>τὰ</span> <span class='ocrx_word' id='word_1_693' title='bbox 2503 4108 2770 4185; x_wconf 79' lang='grc' dir='ltr'>πρόϐατα,</span> <span class='ocrx_word' id='word_1_694' title='bbox 2819 4113 2915 4167; x_wconf 71' lang='grc' dir='ltr'><strong>καὶ</strong></span> <span class='ocrx_word' id='word_1_695' title='bbox 2951 4112 3050 4177; x_wconf 84' lang='grc' dir='ltr'>τὰς</span> <span class='ocrx_word' id='word_1_696' title='bbox 3080 4113 3441 4186; x_wconf 73' lang='grc' dir='ltr'>περιστεράςο</span> <span class='ocrx_word' id='word_1_697' title='bbox 3478 4113 3546 4166; x_wconf 87' lang='grc' dir='ltr'>δι’</span> <span class='ocrx_word' id='word_1_698' title='bbox 3573 4111 3663 4175; x_wconf 74' lang='grc' dir='ltr'><strong>οὓς</strong></span> 
     </span>
    </p>
   </div>
   <div class='ocr_carea' id='block_1_95' title="bbox 2080 4204 3663 4277">
    <p class='ocr_par' dir='ltr' id='par_1_95' title="bbox 2080 4204 3663 4277">
     <span class='ocr_line' id='line_1_95' title="bbox 2080 4204 3663 4277; baseline -0.001 -17"><span class='ocrx_word' id='word_1_699' title='bbox 2080 4206 2163 4260; x_wconf 78' lang='grc' dir='ltr'><strong>ἐτι</strong></span> <span class='ocrx_word' id='word_1_700' title='bbox 2217 4206 2418 4277; x_wconf 80' lang='grc' dir='ltr'>μᾶλλον</span> <span class='ocrx_word' id='word_1_701' title='bbox 2468 4206 2753 4277; x_wconf 84' lang='grc' dir='ltr'>πρόκειται</span> <span class='ocrx_word' id='word_1_702' title='bbox 2799 4205 2873 4277; x_wconf 82' lang='grc' dir='ltr'><strong>μὴ</strong></span> <span class='ocrx_word' id='word_1_703' title='bbox 2928 4205 3035 4260; x_wconf 84' lang='grc' dir='ltr'>τοῦ</span> <span class='ocrx_word' id='word_1_704' title='bbox 3081 4205 3329 4274; x_wconf 85' lang='grc' dir='ltr'>Κυρίου,</span> <span class='ocrx_word' id='word_1_705' title='bbox 3374 4205 3514 4261; x_wconf 87' lang='grc' dir='ltr'><strong>ἀλλά</strong></span> <span class='ocrx_word' id='word_1_706' title='bbox 3552 4204 3663 4259; x_wconf 75' lang='grc' dir='ltr'><strong>τῶν</strong></span> 
     </span>
    </p>
   </div>
   <div class='ocr_carea' id='block_1_96' title="bbox 2093 4292 3662 4368">
    <p class='ocr_par' dir='ltr' id='par_1_96' title="bbox 2093 4292 3662 4368">
     <span class='ocr_line' id='line_1_96' title="bbox 2093 4292 3662 4368; baseline -0.001 -17"><span class='ocrx_word' id='word_1_707' title='bbox 2093 4296 2388 4351; x_wconf 79' lang='grc' dir='ltr'>Ἰουδαίων</span> <span class='ocrx_word' id='word_1_708' title='bbox 2411 4292 2551 4350; x_wconf 76' lang='grc' dir='ltr'>εἶναι</span> <span class='ocrx_word' id='word_1_709' title='bbox 2587 4296 2649 4350; x_wconf 85' lang='grc' dir='ltr'><strong>τὸ</strong></span> <span class='ocrx_word' id='word_1_710' title='bbox 2684 4296 2906 4367; x_wconf 76' lang='grc' dir='ltr'>Πάσχαο</span> <span class='ocrx_word' id='word_1_711' title='bbox 2941 4296 3017 4361; x_wconf 83' lang='grc' dir='ltr'><strong>ὡς</strong></span> <span class='ocrx_word' id='word_1_712' title='bbox 3047 4296 3155 4368; x_wconf 77' lang='grc' dir='ltr'>γὰρ</span> <span class='ocrx_word' id='word_1_713' title='bbox 3189 4297 3217 4349; x_wconf 86' lang='grc' dir='ltr'><strong>ὁ</strong></span> <span class='ocrx_word' id='word_1_714' title='bbox 3251 4293 3398 4361; x_wconf 66' lang='grc' dir='ltr'>οῗκος</span> <span class='ocrx_word' id='word_1_715' title='bbox 3426 4295 3523 4350; x_wconf 78' lang='grc' dir='ltr'><strong>τοῦ</strong></span> <span class='ocrx_word' id='word_1_716' title='bbox 3559 4297 3662 4350; x_wconf 85' lang='grc' dir='ltr'>Πα-</span> 
     </span>
    </p>
   </div>
   <div class='ocr_carea' id='block_1_97' title="bbox 2081 4384 3660 4463">
    <p class='ocr_par' dir='ltr' id='par_1_97' title="bbox 2081 4384 3660 4463">
     <span class='ocr_line' id='line_1_97' title="bbox 2081 4384 3660 4463; baseline -0.001 -21"><span class='ocrx_word' id='word_1_717' title='bbox 2081 4388 2210 4463; x_wconf 82' lang='grc' dir='ltr'>τρδς</span> <span class='ocrx_word' id='word_1_718' title='bbox 2230 4390 2453 4458; x_wconf 84' lang='grc' dir='ltr'>γέγονεν</span> <span class='ocrx_word' id='word_1_719' title='bbox 2484 4384 2634 4453; x_wconf 81' lang='grc' dir='ltr'>οἰκος</span> <span class='ocrx_word' id='word_1_720' title='bbox 2662 4390 2928 4461; x_wconf 80' lang='grc' dir='ltr'>ἐμπορίου</span> <span class='ocrx_word' id='word_1_721' title='bbox 2969 4389 3120 4460; x_wconf 86' lang='grc' dir='ltr'><strong>παρά</strong></span> <span class='ocrx_word' id='word_1_722' title='bbox 3144 4391 3258 4451; x_wconf 85' lang='grc' dir='ltr'>τοῖς</span> <span class='ocrx_word' id='word_1_723' title='bbox 3300 4389 3374 4462; x_wconf 79' lang='grc' dir='ltr'>μὴ</span> <span class='ocrx_word' id='word_1_724' title='bbox 3410 4387 3660 4458; x_wconf 71' lang='grc' dir='ltr'>ἁγιάζον-</span> 
     </span>
    </p>
   </div>
   <div class='ocr_carea' id='block_1_98' title="bbox 2011 4481 3659 4577">
    <p class='ocr_par' dir='ltr' id='par_1_98' title="bbox 2011 4481 3659 4577">
     <span class='ocr_line' id='line_1_98' title="bbox 2011 4481 3659 4577; baseline -0.001 -41"><span class='ocrx_word' id='word_1_725' title='bbox 2011 4520 2056 4577; x_wconf 82' lang='lat' dir='ltr'><strong>D</strong></span> <span class='ocrx_word' id='word_1_726' title='bbox 2086 4500 2172 4537; x_wconf 93' lang='grc' dir='ltr'><strong>σιν</strong></span> <span class='ocrx_word' id='word_1_727' title='bbox 2215 4483 2377 4539; x_wconf 85' lang='grc' dir='ltr'>αὐτόν</span> <span class='ocrx_word' id='word_1_728' title='bbox 2399 4500 2412 4514; x_wconf 78' lang='grc'><strong><em>⁸</em></strong></span> <span class='ocrx_word' id='word_1_729' title='bbox 2451 4483 2593 4537; x_wconf 74' lang='grc' dir='ltr'>οὕτω</span> <span class='ocrx_word' id='word_1_730' title='bbox 2624 4483 2717 4535; x_wconf 74' lang='grc' dir='ltr'><strong>καὶ</strong></span> <span class='ocrx_word' id='word_1_731' title='bbox 2761 4482 2821 4535; x_wconf 86' lang='grc' dir='ltr'>τὸ</span> <span class='ocrx_word' id='word_1_732' title='bbox 2852 4482 3044 4553; x_wconf 87' lang='grc' dir='ltr'>Πάσχα</span> <span class='ocrx_word' id='word_1_733' title='bbox 3077 4482 3280 4554; x_wconf 82' lang='grc' dir='ltr'>Κυρίου</span> <span class='ocrx_word' id='word_1_734' title='bbox 3308 4481 3659 4555; x_wconf 85' lang='grc' dir='ltr'>ἀνθρώπινον,</span> 
     </span>
    </p>
   </div>
   <div class='ocr_carea' id='block_1_99' title="bbox 2084 4574 3662 4647">
    <p class='ocr_par' dir='ltr' id='par_1_99' title="bbox 2084 4574 3662 4647">
     <span class='ocr_line' id='line_1_99' title="bbox 2084 4574 3662 4647; baseline -0.003 -16"><span class='ocrx_word' id='word_1_735' title='bbox 2084 4577 2179 4631; x_wconf 67' lang='grc' dir='ltr'><strong>καλ⁵</strong></span> <span class='ocrx_word' id='word_1_736' title='bbox 2232 4576 2520 4630; x_wconf 77' lang='grc' dir='ltr'>Ἰουδαϊκὸν</span> <span class='ocrx_word' id='word_1_737' title='bbox 2574 4576 2762 4647; x_wconf 85' lang='grc' dir='ltr'>Πάσχα</span> <span class='ocrx_word' id='word_1_738' title='bbox 2817 4574 2967 4647; x_wconf 73' lang='grc' dir='ltr'>παρὰ</span> <span class='ocrx_word' id='word_1_739' title='bbox 3010 4577 3121 4638; x_wconf 82' lang='grc' dir='ltr'>τοῖς</span> <span class='ocrx_word' id='word_1_740' title='bbox 3148 4575 3531 4647; x_wconf 82' lang='grc' dir='ltr'>ταπεινότερον</span> <span class='ocrx_word' id='word_1_741' title='bbox 3576 4576 3662 4628; x_wconf 74' lang='grc' dir='ltr'><strong>καὶ</strong></span> 
     </span>
    </p>
   </div>
   <div class='ocr_carea' id='block_1_100' title="bbox 2087 4666 3663 4742">
    <p class='ocr_par' dir='ltr' id='par_1_100' title="bbox 2087 4666 3663 4742">
     <span class='ocr_line' id='line_1_100' title="bbox 2087 4666 3663 4742; baseline -0.002 -18"><span class='ocrx_word' id='word_1_742' title='bbox 2087 4668 2542 4742; x_wconf 85' lang='grc' dir='ltr'>σωματικώτερον</span> <span class='ocrx_word' id='word_1_743' title='bbox 2582 4668 2717 4723; x_wconf 82' lang='grc' dir='ltr'>αὐτὸ</span> <span class='ocrx_word' id='word_1_744' title='bbox 2751 4666 3152 4738; x_wconf 79' lang='grc' dir='ltr'>ἐκλεξαμένοις.</span> <span class='ocrx_word' id='word_1_745' title='bbox 3189 4667 3589 4740; x_wconf 83' lang='grc' dir='ltr'>Εύκαιρότερον</span> <span class='ocrx_word' id='word_1_746' title='bbox 3611 4666 3663 4721; x_wconf 75' lang='grc' dir='ltr'>δὲ</span> 
     </span>
    </p>
   </div>
   <div class='ocr_carea' id='block_1_101' title="bbox 2086 4756 3661 4834">
    <p class='ocr_par' dir='ltr' id='par_1_101' title="bbox 2086 4756 3661 4834">
     <span class='ocr_line' id='line_1_101' title="bbox 2086 4756 3661 4834; baseline -0.003 -18"><span class='ocrx_word' id='word_1_747' title='bbox 2086 4765 2144 4817; x_wconf 89' lang='grc' dir='ltr'><strong>ἐν</strong></span> <span class='ocrx_word' id='word_1_748' title='bbox 2181 4763 2362 4828; x_wconf 81' lang='grc' dir='ltr'>ἄλλοις</span> <span class='ocrx_word' id='word_1_749' title='bbox 2412 4763 2562 4817; x_wconf 72' lang='grc' dir='ltr'>ἔσται</span> <span class='ocrx_word' id='word_1_750' title='bbox 2601 4762 2731 4816; x_wconf 84' lang='grc' dir='ltr'><strong>ἰδεῖν</strong></span> <span class='ocrx_word' id='word_1_751' title='bbox 2774 4762 2867 4815; x_wconf 76' lang='grc' dir='ltr'><strong>καὶ</strong></span> <span class='ocrx_word' id='word_1_752' title='bbox 2909 4763 2976 4815; x_wconf 82' lang='grc' dir='ltr'><strong>τά</strong></span> <span class='ocrx_word' id='word_1_753' title='bbox 3023 4760 3149 4834; x_wconf 74' lang='grc' dir='ltr'>περὶ</span> <span class='ocrx_word' id='word_1_754' title='bbox 3187 4758 3282 4813; x_wconf 77' lang='grc' dir='ltr'>τοῦ</span> <span class='ocrx_word' id='word_1_755' title='bbox 3327 4760 3523 4832; x_wconf 87' lang='grc' dir='ltr'>χρόνου</span> <span class='ocrx_word' id='word_1_756' title='bbox 3575 4756 3661 4812; x_wconf 79' lang='grc' dir='ltr'>τοῦ</span> 
     </span>
    </p>
   </div>
   <div class='ocr_carea' id='block_1_102' title="bbox 2086 4840 3662 4929">
    <p class='ocr_par' dir='ltr' id='par_1_102' title="bbox 2086 4840 3662 4929">
     <span class='ocr_line' id='line_1_102' title="bbox 2086 4840 3662 4929; baseline -0.003 -20"><span class='ocrx_word' id='word_1_757' title='bbox 2086 4840 2300 4929; x_wconf 84' lang='grc' dir='ltr'>Πάσχα,</span> <span class='ocrx_word' id='word_1_758' title='bbox 2340 4858 2467 4929; x_wconf 78' lang='grc' dir='ltr'>περὶ</span> <span class='ocrx_word' id='word_1_759' title='bbox 2506 4856 2605 4928; x_wconf 84' lang='grc' dir='ltr'>τὴν</span> <span class='ocrx_word' id='word_1_760' title='bbox 2639 4855 2860 4927; x_wconf 84' lang='grc' dir='ltr'>ἐαρινὴν</span> <span class='ocrx_word' id='word_1_761' title='bbox 2904 4855 3194 4928; x_wconf 81' lang='grc' dir='ltr'>ἰσημερίαν</span> <span class='ocrx_word' id='word_1_762' title='bbox 3229 4853 3538 4924; x_wconf 84' lang='grc' dir='ltr'>γινομένου,</span> <span class='ocrx_word' id='word_1_763' title='bbox 3576 4853 3662 4905; x_wconf 75' lang='grc' dir='ltr'>καὶ</span> 
     </span>
    </p>
   </div>
   <div class='ocr_carea' id='block_1_103' title="bbox 2094 4946 3660 5021">
    <p class='ocr_par' dir='ltr' id='par_1_103' title="bbox 2094 4946 3660 5021">
     <span class='ocr_line' id='line_1_103' title="bbox 2094 4946 3660 5021; baseline -0.003 -18"><span class='ocrx_word' id='word_1_764' title='bbox 2094 4950 2225 5003; x_wconf 81' lang='grc' dir='ltr'>εἴτι</span> <span class='ocrx_word' id='word_1_765' title='bbox 2262 4949 2450 5021; x_wconf 80' lang='grc' dir='ltr'>ἓτερον</span> <span class='ocrx_word' id='word_1_766' title='bbox 2484 4951 2706 5003; x_wconf 88' lang='grc' dir='ltr'>ἀπαιτεῖ</span> <span class='ocrx_word' id='word_1_767' title='bbox 2743 4948 2804 5002; x_wconf 83' lang='grc' dir='ltr'><strong>τὸ</strong></span> <span class='ocrx_word' id='word_1_768' title='bbox 2849 4948 3140 5020; x_wconf 77' lang='grc' dir='ltr'>πρόϐλημα</span> <span class='ocrx_word' id='word_1_769' title='bbox 3177 4946 3660 5018; x_wconf 81' lang='grc' dir='ltr'>ἐπεξεργάσασθαι.</span> 
     </span>
    </p>
   </div>
   <div class='ocr_carea' id='block_1_104' title="bbox 2101 5039 3665 5113">
    <p class='ocr_par' dir='ltr' id='par_1_104' title="bbox 2101 5039 3665 5113">
     <span class='ocr_line' id='line_1_104' title="bbox 2101 5039 3665 5113; baseline -0.004 -18"><span class='ocrx_word' id='word_1_770' title='bbox 2101 5042 2185 5109; x_wconf 52' lang='grc' dir='ltr'><strong>Ὀ,</strong></span> <span class='ocrx_word' id='word_1_771' title='bbox 2221 5041 2470 5113; x_wconf 83' lang='grc' dir='ltr'>μέντοιγε</span> <span class='ocrx_word' id='word_1_772' title='bbox 2538 5040 2879 5113; x_wconf 85' lang='grc' dir='ltr'>Ἡρακλέων,</span> <span class='ocrx_word' id='word_1_773' title='bbox 2931 5059 2949 5091; x_wconf 81' lang='grc' dir='ltr'><strong>ι</strong></span> <span class='ocrx_word' id='word_1_774' title='bbox 2997 5039 3167 5110; x_wconf 78' lang='grc' dir='ltr'>Αὖτη,</span> <span class='ocrx_word' id='word_1_775' title='bbox 3232 5039 3425 5111; x_wconf 79' lang='grc' dir='ltr'>φησὶν,</span> <span class='ocrx_word' id='word_1_776' title='bbox 3482 5040 3515 5109; x_wconf 78' lang='grc' dir='ltr'>ἡ</span> <span class='ocrx_word' id='word_1_777' title='bbox 3586 5052 3665 5107; x_wconf 77' lang='grc' dir='ltr'>με·</span> 
     </span>
    </p>
   </div>
   <div class='ocr_carea' id='block_1_105' title="bbox 2091 5123 3660 5206">
    <p class='ocr_par' dir='ltr' id='par_1_105' title="bbox 2091 5123 3660 5206">
     <span class='ocr_line' id='line_1_105' title="bbox 2091 5123 3660 5206; baseline -0.006 -18"><span class='ocrx_word' id='word_1_778' title='bbox 2091 5134 2231 5205; x_wconf 86' lang='grc' dir='ltr'>γάλη</span> <span class='ocrx_word' id='word_1_779' title='bbox 2264 5136 2421 5206; x_wconf 81' lang='grc' dir='ltr'>ἑορτή</span> <span class='ocrx_word' id='word_1_780' title='bbox 2446 5151 2459 5164; x_wconf 72' lang='grc' dir='ltr'><strong>ο</strong></span> <span class='ocrx_word' id='word_1_781' title='bbox 2497 5131 2589 5187; x_wconf 80' lang='grc' dir='ltr'>τοῦ</span> <span class='ocrx_word' id='word_1_782' title='bbox 2621 5134 2729 5205; x_wconf 84' lang='grc' dir='ltr'><strong>γὰρ</strong></span> <span class='ocrx_word' id='word_1_783' title='bbox 2750 5132 2955 5197; x_wconf 85' lang='grc' dir='ltr'>πάθους</span> <span class='ocrx_word' id='word_1_784' title='bbox 2981 5131 3075 5185; x_wconf 81' lang='grc' dir='ltr'>τοῦ</span> <span class='ocrx_word' id='word_1_785' title='bbox 3106 5131 3360 5204; x_wconf 85' lang='grc' dir='ltr'>Σωτῆρος</span> <span class='ocrx_word' id='word_1_786' title='bbox 3382 5129 3552 5193; x_wconf 82' lang='grc' dir='ltr'>τύπος</span> <span class='ocrx_word' id='word_1_787' title='bbox 3580 5123 3660 5199; x_wconf 81' lang='grc' dir='ltr'>ἦν,</span> 
     </span>
    </p>
   </div>
   <div class='ocr_carea' id='block_1_106' title="bbox 2093 5220 3665 5301">
    <p class='ocr_par' dir='ltr' id='par_1_106' title="bbox 2093 5220 3665 5301">
     <span class='ocr_line' id='line_1_106' title="bbox 2093 5220 3665 5301; baseline -0.005 -19"><span class='ocrx_word' id='word_1_788' title='bbox 2093 5230 2180 5282; x_wconf 83' lang='grc' dir='ltr'><strong>ὅτε</strong></span> <span class='ocrx_word' id='word_1_789' title='bbox 2218 5228 2279 5281; x_wconf 86' lang='grc' dir='ltr'><strong>ού</strong></span> <span class='ocrx_word' id='word_1_790' title='bbox 2308 5229 2468 5298; x_wconf 89' lang='grc' dir='ltr'>μόνον</span> <span class='ocrx_word' id='word_1_791' title='bbox 2511 5228 2764 5301; x_wconf 76' lang='grc' dir='ltr'>ἀνῃρεῖτο</span> <span class='ocrx_word' id='word_1_792' title='bbox 2804 5226 2865 5278; x_wconf 81' lang='grc' dir='ltr'><strong>τὸ</strong></span> <span class='ocrx_word' id='word_1_793' title='bbox 2906 5225 3197 5297; x_wconf 74' lang='grc' dir='ltr'>πρόϐατον,</span> <span class='ocrx_word' id='word_1_794' title='bbox 3239 5223 3375 5278; x_wconf 79' lang='grc' dir='ltr'>ἀλλά</span> <span class='ocrx_word' id='word_1_795' title='bbox 3407 5225 3504 5279; x_wconf 74' lang='grc' dir='ltr'><strong>ιιιαί⁵</strong></span> <span class='ocrx_word' id='word_1_796' title='bbox 3545 5220 3665 5277; x_wconf 84' lang='grc' dir='ltr'>ἀνά-</span> 
     </span>
    </p>
   </div>
   <div class='ocr_carea' id='block_1_107' title="bbox 2096 5309 3662 5394">
    <p class='ocr_par' dir='ltr' id='par_1_107' title="bbox 2096 5309 3662 5394">
     <span class='ocr_line' id='line_1_107' title="bbox 2096 5309 3662 5394; baseline -0.006 -20"><span class='ocrx_word' id='word_1_797' title='bbox 2096 5338 2293 5375; x_wconf 91' lang='grc' dir='ltr'>παυσιν</span> <span class='ocrx_word' id='word_1_798' title='bbox 2329 5324 2587 5394; x_wconf 82' lang='grc' dir='ltr'>παρεῖχεν</span> <span class='ocrx_word' id='word_1_799' title='bbox 2622 5320 2954 5391; x_wconf 83' lang='grc' dir='ltr'>ἐσθιόμενον,</span> <span class='ocrx_word' id='word_1_800' title='bbox 2998 5319 3093 5372; x_wconf 77' lang='grc' dir='ltr'>καὶ</span> <span class='ocrx_word' id='word_1_801' title='bbox 3139 5317 3395 5388; x_wconf 86' lang='grc' dir='ltr'>θυόμενον</span> <span class='ocrx_word' id='word_1_802' title='bbox 3435 5316 3536 5387; x_wconf 78' lang='grc' dir='ltr'>μὲν</span> <span class='ocrx_word' id='word_1_803' title='bbox 3576 5309 3662 5366; x_wconf 73' lang='grc' dir='ltr'>τοῦ</span> 
     </span>
    </p>
   </div>
   <div class='ocr_carea' id='block_1_108' title="bbox 2097 5403 3663 5484">
    <p class='ocr_par' dir='ltr' id='par_1_108' title="bbox 2097 5403 3663 5484">
     <span class='ocr_line' id='line_1_108' title="bbox 2097 5403 3663 5484; baseline -0.006 -17"><span class='ocrx_word' id='word_1_804' title='bbox 2097 5412 2303 5476; x_wconf 83' lang='grc' dir='ltr'>πάθους</span> <span class='ocrx_word' id='word_1_805' title='bbox 2325 5412 2419 5466; x_wconf 82' lang='grc' dir='ltr'>τοῦ</span> <span class='ocrx_word' id='word_1_806' title='bbox 2455 5413 2705 5484; x_wconf 81' lang='grc' dir='ltr'>Σωτῆρος</span> <span class='ocrx_word' id='word_1_807' title='bbox 2742 5412 2892 5465; x_wconf 78' lang='grc' dir='ltr'>τὸιὲν</span> <span class='ocrx_word' id='word_1_808' title='bbox 2926 5411 3116 5482; x_wconf 86' lang='grc' dir='ltr'>κόσμῳ</span> <span class='ocrx_word' id='word_1_809' title='bbox 3158 5410 3475 5481; x_wconf 81' lang='grc' dir='ltr'>ἐσήμαινεν,</span> <span class='ocrx_word' id='word_1_810' title='bbox 3505 5403 3663 5460; x_wconf 85' lang='grc' dir='ltr'>ἐσθιό-</span> 
     </span>
    </p>
   </div>
   <div class='ocr_carea' id='block_1_109' title="bbox 412 5497 1974 5577">
    <p class='ocr_par' dir='ltr' id='par_1_109' title="bbox 412 5499 1974 5569">
     <span class='ocr_line' id='line_1_109' title="bbox 412 5499 1974 5569; baseline 0.004 -17"><span class='ocrx_word' id='word_1_811' title='bbox 412 5503 476 5553; x_wconf 89' lang='lat' dir='ltr'><strong>ba</strong></span> <span class='ocrx_word' id='word_1_812' title='bbox 511 5499 681 5569; x_wconf 88' lang='lat' dir='ltr'><strong>ipsius</strong></span> <span class='ocrx_word' id='word_1_813' title='bbox 704 5537 721 5564; x_wconf 94' lang='lat'><strong>,</strong></span> <span class='ocrx_word' id='word_1_814' title='bbox 757 5508 813 5553; x_wconf 92' lang='lat' dir='ltr'><strong>ut</strong></span> <span class='ocrx_word' id='word_1_815' title='bbox 843 5513 964 5554; x_wconf 89' lang='lat' dir='ltr'><strong>cum</strong></span> <span class='ocrx_word' id='word_1_816' title='bbox 1001 5500 1295 5556; x_wconf 86' lang='lat' dir='ltr'><strong>viderimus</strong></span> <span class='ocrx_word' id='word_1_817' title='bbox 1325 5501 1499 5555; x_wconf 87' lang='lat' dir='ltr'><strong>virum</strong></span> <span class='ocrx_word' id='word_1_818' title='bbox 1547 5500 1688 5557; x_wconf 89' lang='lat' dir='ltr'><strong>hunc</strong></span> <span class='ocrx_word' id='word_1_819' title='bbox 1731 5503 1897 5560; x_wconf 83' lang='lat' dir='ltr'><strong>tantis</strong></span> <span class='ocrx_word' id='word_1_820' title='bbox 1934 5503 1974 5559; x_wconf 79' lang='lat' dir='ltr'><strong>it</strong></span> 
     </span>
    </p>
   </div>
   <div class='ocr_carea' id='block_1_110' title="bbox 2088 5497 3662 5577">
    <p class='ocr_par' dir='ltr' id='par_1_110' title="bbox 2100 5497 3662 5577">
     <span class='ocr_line' id='line_1_110' title="bbox 2100 5497 3662 5577; baseline -0.006 -16"><span class='ocrx_word' id='word_1_821' title='bbox 2100 5524 2262 5577; x_wconf 89' lang='grc' dir='ltr'>μενον</span> <span class='ocrx_word' id='word_1_822' title='bbox 2288 5506 2345 5561; x_wconf 75' lang='grc' dir='ltr'>δὲ</span> <span class='ocrx_word' id='word_1_823' title='bbox 2374 5507 2473 5577; x_wconf 83' lang='grc' dir='ltr'>τὴν</span> <span class='ocrx_word' id='word_1_824' title='bbox 2507 5506 2813 5560; x_wconf 86' lang='grc' dir='ltr'>ἀνάπαυσιν</span> <span class='ocrx_word' id='word_1_825' title='bbox 2834 5506 2932 5576; x_wconf 83' lang='grc' dir='ltr'><strong>τὴν</strong></span> <span class='ocrx_word' id='word_1_826' title='bbox 2955 5506 3012 5557; x_wconf 88' lang='grc' dir='ltr'><strong>ἐν</strong></span> <span class='ocrx_word' id='word_1_827' title='bbox 3043 5502 3226 5573; x_wconf 85' lang='grc' dir='ltr'>γάμῳ.</span> <span class='ocrx_word' id='word_1_828' title='bbox 3267 5521 3285 5554; x_wconf 76' lang='grc' dir='ltr'><strong>ι</strong></span> <span class='ocrx_word' id='word_1_829' title='bbox 3321 5497 3662 5574; x_wconf 78' lang='grc' dir='ltr'>Παρεθέμεθα</span> 
     </span>
    </p>
   </div>
   <div class='ocr_carea' id='block_1_111' title="bbox 485 5644 1974 5721">
    <p class='ocr_par' dir='ltr' id='par_1_111' title="bbox 485 5644 1974 5721">
     <span class='ocr_line' id='line_1_111' title="bbox 485 5644 1974 5721; baseline 0.003 -20"><span class='ocrx_word' id='word_1_830' title='bbox 485 5650 529 5678; x_wconf 76' lang='grc'><strong>⁵⁸</strong></span> <span class='ocrx_word' id='word_1_831' title='bbox 561 5646 717 5721; x_wconf 84' lang='lat' dir='ltr'><strong>Joan.</strong></span> <span class='ocrx_word' id='word_1_832' title='bbox 767 5662 827 5708; x_wconf 88' lang='grc' dir='ltr'><strong>ιι,</strong></span> <span class='ocrx_word' id='word_1_833' title='bbox 867 5645 954 5721; x_wconf 50' lang='grc' dir='ltr'><strong>ἰᾷ,</strong></span> <span class='ocrx_word' id='word_1_834' title='bbox 997 5644 1092 5721; x_wconf 53' lang='lat'><strong>133.</strong></span> <span class='ocrx_word' id='word_1_835' title='bbox 1124 5645 1207 5721; x_wconf 85' lang='lat'><strong>__”</strong></span> <span class='ocrx_word' id='word_1_836' title='bbox 1232 5644 1422 5721; x_wconf 70' lang='lat' dir='ltr'><strong>Matth.</strong></span> <span class='ocrx_word' id='word_1_837' title='bbox 1457 5663 1537 5721; x_wconf 57' lang='lat' dir='ltr'><strong>tv,</strong></span> <span class='ocrx_word' id='word_1_838' title='bbox 1570 5649 1627 5706; x_wconf 77' lang='grc' dir='ltr'>Η</span> <span class='ocrx_word' id='word_1_839' title='bbox 1667 5664 1783 5721; x_wconf 84' lang='lat' dir='ltr'><strong>seq.</strong></span> <span class='ocrx_word' id='word_1_840' title='bbox 1858 5651 1907 5684; x_wconf 76' lang='lat'><strong>“</strong></span> <span class='ocrx_word' id='word_1_841' title='bbox 1936 5651 1974 5707; x_wconf 77' lang='grc' dir='ltr'><strong>Μ</strong></span> 
     </span>
    </p>
   </div>
   <div class='ocr_carea' id='block_1_112' title="bbox 2088 5644 2471 5721">
    <p class='ocr_par' dir='ltr' id='par_1_112' title="bbox 2089 5668 2471 5719">
     <span class='ocr_line' id='line_1_112' title="bbox 2089 5668 2471 5719; baseline -0.005 -11"><span class='ocrx_word' id='word_1_842' title='bbox 2089 5670 2125 5708; x_wconf 93' lang='grc' dir='ltr'>ι.</span> <span class='ocrx_word' id='word_1_843' title='bbox 2162 5669 2217 5719; x_wconf 88' lang='lat' dir='ltr'><strong>v,</strong></span> <span class='ocrx_word' id='word_1_844' title='bbox 2263 5669 2335 5719; x_wconf 76' lang='lat' dir='ltr'><strong>vr,</strong></span> <span class='ocrx_word' id='word_1_845' title='bbox 2373 5668 2471 5708; x_wconf 83' lang='lat' dir='ltr'><strong>vn.</strong></span> 
     </span>
    </p>
   </div>
   <div class='ocr_carea' id='block_1_113' title="bbox 410 5715 1568 5781">
    <p class='ocr_par' dir='ltr' id='par_1_113' title="bbox 410 5715 1568 5781">
     <span class='ocr_line' id='line_1_113' title="bbox 410 5715 1568 5781; baseline 0.002 -9"><span class='ocrx_word' id='word_1_846' title='bbox 410 5717 455 5750; x_wconf 74' lang='lat'><strong>&#39;“</strong></span> <span class='ocrx_word' id='word_1_847' title='bbox 485 5719 670 5772; x_wconf 86' lang='lat' dir='ltr'><strong>lllatth.</strong></span> <span class='ocrx_word' id='word_1_848' title='bbox 708 5732 781 5781; x_wconf 81' lang='grc' dir='ltr'>ιι,</span> <span class='ocrx_word' id='word_1_849' title='bbox 821 5716 972 5771; x_wconf 71' lang='grc'><strong>1-56.</strong></span> <span class='ocrx_word' id='word_1_850' title='bbox 1046 5716 1092 5748; x_wconf 81' lang='grc'><strong>’⁸⁷</strong></span> <span class='ocrx_word' id='word_1_851' title='bbox 1121 5715 1307 5770; x_wconf 84' lang='lat' dir='ltr'><strong>Matth.</strong></span> <span class='ocrx_word' id='word_1_852' title='bbox 1339 5732 1486 5781; x_wconf 71' lang='grc' dir='ltr'>χχιι,</span> <span class='ocrx_word' id='word_1_853' title='bbox 1512 5717 1568 5774; x_wconf 75' lang='lat'><strong>2.</strong></span> 
     </span>
    </p>
   </div>
   <div class='ocr_carea' id='block_1_114' title="bbox 491 5852 1520 5926">
    <p class='ocr_par' dir='ltr' id='par_1_114' title="bbox 491 5852 1520 5926">
     <span class='ocr_line' id='line_1_114' title="bbox 491 5852 1520 5926; baseline -0.001 -16"><span class='ocrx_word' id='word_1_854' title='bbox 491 5856 605 5926; x_wconf 63' lang='lat'><strong>(&#39;53)</strong></span> <span class='ocrx_word' id='word_1_855' title='bbox 630 5853 808 5912; x_wconf 65' lang='lat' dir='ltr'><strong>Codex</strong></span> <span class='ocrx_word' id='word_1_856' title='bbox 837 5852 1161 5909; x_wconf 84' lang='lat' dir='ltr'><strong>Bodleianus</strong></span> <span class='ocrx_word' id='word_1_857' title='bbox 1214 5854 1520 5922; x_wconf 80' lang='grc' dir='ltr'>τυγχάνειν.</span> 
     </span>
    </p>
   </div>
   <div class='ocr_carea' id='block_1_115' title="bbox 2577 5637 3657 5715">
    <p class='ocr_par' dir='ltr' id='par_1_115' title="bbox 2577 5637 3657 5715">
     <span class='ocr_line' id='line_1_115' title="bbox 2577 5637 3657 5715; baseline -0.015 -7"><span class='ocrx_word' id='word_1_858' title='bbox 2577 5653 2623 5687; x_wconf 83' lang='grc'><strong><em>⁸⁵</em></strong></span> <span class='ocrx_word' id='word_1_859' title='bbox 2660 5650 2847 5707; x_wconf 78' lang='lat' dir='ltr'><strong>Matth.</strong></span> <span class='ocrx_word' id='word_1_860' title='bbox 2908 5663 3021 5715; x_wconf 81' lang='lat' dir='ltr'><strong>vttt,</strong></span> <span class='ocrx_word' id='word_1_861' title='bbox 3080 5649 3131 5712; x_wconf 79' lang='lat' dir='ltr'><strong>l,</strong></span> <span class='ocrx_word' id='word_1_862' title='bbox 3187 5643 3240 5709; x_wconf 83' lang='grc'>5,</span> <span class='ocrx_word' id='word_1_863' title='bbox 3296 5642 3390 5709; x_wconf 75' lang='lat'><strong>2&#39;5,</strong></span> <span class='ocrx_word' id='word_1_864' title='bbox 3434 5640 3522 5706; x_wconf 67' lang='lat'><strong>28,</strong></span> <span class='ocrx_word' id='word_1_865' title='bbox 3581 5637 3657 5693; x_wconf 66' lang='grc' dir='ltr'>δί.</span> 
     </span>
    </p>
   </div>
  </div>
