  <div class='ocr_page' id='page_1' title='image "/cluster/home/n/w/nwhite01/storage/ocr_20150623/14/hvd.32044024333478/178.png"; bbox 0 0 3816 6516; ppageno 0'>
   <div class='ocr_carea' id='block_1_1' title="bbox 97 327 2240 433">
    <p class='ocr_par' dir='ltr' id='par_1_1' title="bbox 97 327 2240 433">
     <span class='ocr_line' id='line_1_1' title="bbox 97 327 2240 433; baseline -0.023 -1"><span class='ocrx_word' id='word_1_1' title='bbox 97 377 175 433; x_wconf 80' lang='lat' dir='ltr'><strong>3H</strong></span> <span class='ocrx_word' id='word_1_2' title='bbox 1158 346 1515 409; x_wconf 72' lang='lat' dir='ltr'><strong>COMMENT.</strong></span> <span class='ocrx_word' id='word_1_3' title='bbox 1550 344 1616 403; x_wconf 79' lang='lat' dir='ltr'><strong>1N</strong></span> <span class='ocrx_word' id='word_1_4' title='bbox 1651 338 1845 398; x_wconf 79' lang='lat' dir='ltr'><strong>JOAN.</strong></span> <span class='ocrx_word' id='word_1_5' title='bbox 1887 331 2126 392; x_wconf 76' lang='lat' dir='ltr'><strong>TOMUS</strong></span> <span class='ocrx_word' id='word_1_6' title='bbox 2167 327 2240 384; x_wconf 79' lang='lat' dir='ltr'><strong>X.’</strong></span> 
     </span>
    </p>
   </div>
   <div class='ocr_carea' id='block_1_2' title="bbox 3204 306 3313 365">
    <p class='ocr_par' dir='ltr' id='par_1_2' title="bbox 3204 306 3313 365">
     <span class='ocr_line' id='line_1_2' title="bbox 3204 306 3313 365; baseline -0.055 1"><span class='ocrx_word' id='word_1_7' title='bbox 3204 306 3313 365; x_wconf 63' lang='lat' dir='ltr'><strong>3H</strong></span> 
     </span>
    </p>
   </div>
   <div class='ocr_carea' id='block_1_3' title="bbox 98 430 1677 557">
    <p class='ocr_par' dir='ltr' id='par_1_3' title="bbox 98 462 1651 557">
     <span class='ocr_line' id='line_1_3' title="bbox 98 462 1651 557; baseline -0.021 -9"><span class='ocrx_word' id='word_1_8' title='bbox 98 486 304 549; x_wconf 72' lang='grc' dir='ltr'><strong>6ὲαύτοῦ</strong></span> <span class='ocrx_word' id='word_1_9' title='bbox 344 484 445 557; x_wconf 76' lang='grc' dir='ltr'><strong>τὴν</strong></span> <span class='ocrx_word' id='word_1_10' title='bbox 484 481 653 549; x_wconf 79' lang='grc' dir='ltr'><strong>λέξιν,</strong></span> <span class='ocrx_word' id='word_1_11' title='bbox 692 478 779 532; x_wconf 79' lang='grc' dir='ltr'><strong>ἵνα</strong></span> <span class='ocrx_word' id='word_1_12' title='bbox 814 475 888 540; x_wconf 77' lang='grc' dir='ltr'><strong>ὡς</strong></span> <span class='ocrx_word' id='word_1_13' title='bbox 916 473 975 528; x_wconf 84' lang='grc' dir='ltr'><strong>ἐν</strong></span> <span class='ocrx_word' id='word_1_14' title='bbox 1016 470 1356 545; x_wconf 79' lang='grc' dir='ltr'><strong>τηλικούτοις</strong></span> <span class='ocrx_word' id='word_1_15' title='bbox 1387 462 1651 534; x_wconf 81' lang='grc' dir='ltr'><strong>ἀναστρέ-</strong></span> 
     </span>
    </p>
   </div>
   <div class='ocr_carea' id='block_1_4' title="bbox 1786 430 3320 557">
    <p class='ocr_par' dir='ltr' id='par_1_4' title="bbox 1786 430 3320 557">
     <span class='ocr_line' id='line_1_4' title="bbox 1786 430 3320 516; baseline -0.021 -4"><span class='ocrx_word' id='word_1_16' title='bbox 1786 455 1914 513; x_wconf 89' lang='lat' dir='ltr'><strong>ebus</strong></span> <span class='ocrx_word' id='word_1_17' title='bbox 1969 449 2115 505; x_wconf 92' lang='lat' dir='ltr'><strong>nullo</strong></span> <span class='ocrx_word' id='word_1_18' title='bbox 2149 449 2413 516; x_wconf 85' lang='lat' dir='ltr'><strong>apparatu</strong></span> <span class='ocrx_word' id='word_1_19' title='bbox 2445 441 2782 498; x_wconf 73' lang='lat' dir='ltr'><strong>versantem,</strong></span> <span class='ocrx_word' id='word_1_20' title='bbox 2831 431 2925 488; x_wconf 88' lang='lat' dir='ltr'><strong>sed</strong></span> <span class='ocrx_word' id='word_1_21' title='bbox 2971 430 3320 499; x_wconf 78' lang='lat' dir='ltr'><strong>contemptim</strong></span> 
     </span>
     <span class='ocr_line' id='line_1_5' title="bbox 1859 524 3058 557; baseline -0.02 15"><span class='ocrx_word' id='word_1_22' title='bbox 1859 547 1871 557; x_wconf 85' lang='grc'><strong>·</strong></span> <span class='ocrx_word' id='word_1_23' title='bbox 1987 541 2015 557; x_wconf 80' lang='grc' dir='ltr'>η</span> <span class='ocrx_word' id='word_1_24' title='bbox 2109 540 2144 557; x_wconf 73' lang='grc'><strong>⁸-</strong></span> <span class='ocrx_word' id='word_1_25' title='bbox 2188 548 2239 557; x_wconf 55' lang='grc' dir='ltr'><strong>-ι</strong></span> <span class='ocrx_word' id='word_1_26' title='bbox 2292 532 2459 557; x_wconf 70' lang='grc' dir='ltr'><strong>-.--τι.</strong></span> <span class='ocrx_word' id='word_1_27' title='bbox 2492 531 2664 557; x_wconf 56' lang='grc' dir='ltr'><strong>τιθηη.</strong></span> <span class='ocrx_word' id='word_1_28' title='bbox 2701 524 3058 557; x_wconf 60' lang='grc' dir='ltr'><strong>Ληρηςηςαηιηε</strong></span> 
     </span>
    </p>
   </div>
   <div class='ocr_carea' id='block_1_5' title="bbox 102 554 1647 656">
    <p class='ocr_par' dir='ltr' id='par_1_5' title="bbox 102 554 1647 656">
     <span class='ocr_line' id='line_1_6' title="bbox 102 554 1647 656; baseline -0.021 -17"><span class='ocrx_word' id='word_1_29' title='bbox 102 603 198 656; x_wconf 75' lang='grc' dir='ltr'><strong>φειν</strong></span> <span class='ocrx_word' id='word_1_30' title='bbox 224 581 310 634; x_wconf 78' lang='grc' dir='ltr'><strong>τὸν</strong></span> <span class='ocrx_word' id='word_1_31' title='bbox 342 554 515 649; x_wconf 80' lang='grc' dir='ltr'><strong>ἄνδρα</strong></span> <span class='ocrx_word' id='word_1_32' title='bbox 552 566 1035 645; x_wconf 76' lang='grc' dir='ltr'><strong>παρερριμμένως,</strong></span> <span class='ocrx_word' id='word_1_33' title='bbox 1086 562 1179 616; x_wconf 79' lang='grc' dir='ltr'><strong>καὶ</strong></span> <span class='ocrx_word' id='word_1_34' title='bbox 1226 558 1456 631; x_wconf 82' lang='grc' dir='ltr'><strong>ὑδαρῶς,</strong></span> <span class='ocrx_word' id='word_1_35' title='bbox 1508 554 1647 628; x_wconf 80' lang='grc' dir='ltr'><strong>μετὰ</strong></span> 
     </span>
    </p>
   </div>
   <div class='ocr_carea' id='block_1_6' title="bbox 105 643 1646 746">
    <p class='ocr_par' dir='ltr' id='par_1_6' title="bbox 105 643 1646 746">
     <span class='ocr_line' id='line_1_7' title="bbox 105 643 1646 746; baseline -0.032 -12"><span class='ocrx_word' id='word_1_36' title='bbox 323 643 828 723; x_wconf 79' lang='grc' dir='ltr'><strong>κατασκευαστικοῢ</strong></span> <span class='ocrx_word' id='word_1_37' title='bbox 860 654 1260 726; x_wconf 77' lang='grc' dir='ltr'><strong>θεωρήσαντες,</strong></span> <span class='ocrx_word' id='word_1_38' title='bbox 1306 646 1505 720; x_wconf 79' lang='grc' dir='ltr'><strong>μᾶλλον</strong></span> <span class='ocrx_word' id='word_1_39' title='bbox 1545 643 1646 699; x_wconf 72' lang='grc' dir='ltr'><strong>αὐ-</strong></span> 
     </span>
    </p>
   </div>
   <div class='ocr_carea' id='block_1_7' title="bbox 103 760 710 834">
    <p class='ocr_par' dir='ltr' id='par_1_7' title="bbox 103 760 710 834">
     <span class='ocr_line' id='line_1_8' title="bbox 103 760 710 834; baseline -0.025 -11"><span class='ocrx_word' id='word_1_40' title='bbox 103 767 176 822; x_wconf 75' lang='grc' dir='ltr'><strong>τοῦ</strong></span> <span class='ocrx_word' id='word_1_41' title='bbox 198 760 710 834; x_wconf 74' lang='grc' dir='ltr'><strong>καταφρονήσωμεν.</strong></span> 
     </span>
    </p>
   </div>
   <div class='ocr_carea' id='block_1_8' title="bbox 157 850 1651 941">
    <p class='ocr_par' dir='ltr' id='par_1_8' title="bbox 157 850 1651 941">
     <span class='ocr_line' id='line_1_9' title="bbox 157 850 1651 941; baseline -0.021 -7"><span class='ocrx_word' id='word_1_42' title='bbox 157 879 231 934; x_wconf 78' lang='grc'><strong>15.</strong></span> <span class='ocrx_word' id='word_1_43' title='bbox 268 896 287 928; x_wconf 77' lang='grc' dir='ltr'><strong>ι</strong></span> <span class='ocrx_word' id='word_1_44' title='bbox 330 876 445 930; x_wconf 72' lang='grc' dir='ltr'><strong>Καὶ</strong></span> <span class='ocrx_word' id='word_1_45' title='bbox 476 870 647 941; x_wconf 83' lang='grc' dir='ltr'><strong>ἀνέϐη</strong></span> <span class='ocrx_word' id='word_1_46' title='bbox 691 870 771 932; x_wconf 86' lang='grc' dir='ltr'><strong>είς</strong></span> <span class='ocrx_word' id='word_1_47' title='bbox 815 863 1165 937; x_wconf 86' lang='grc' dir='ltr'><strong>Ἰεροσόλυμα</strong></span> <span class='ocrx_word' id='word_1_48' title='bbox 1202 861 1232 914; x_wconf 86' lang='grc' dir='ltr'>ὁ</span> <span class='ocrx_word' id='word_1_49' title='bbox 1284 852 1517 928; x_wconf 81' lang='grc' dir='ltr'><strong>Ἰησοῦς,</strong></span> <span class='ocrx_word' id='word_1_50' title='bbox 1557 850 1651 906; x_wconf 74' lang='grc' dir='ltr'><strong>καὶ</strong></span> 
     </span>
    </p>
   </div>
   <div class='ocr_carea' id='block_1_9' title="bbox 101 946 1653 1045">
    <p class='ocr_par' dir='ltr' id='par_1_9' title="bbox 101 946 1653 1045">
     <span class='ocr_line' id='line_1_10' title="bbox 101 946 1653 1045; baseline -0.019 -18"><span class='ocrx_word' id='word_1_51' title='bbox 101 969 229 1045; x_wconf 76' lang='grc' dir='ltr'><strong>εὗρεν</strong></span> <span class='ocrx_word' id='word_1_52' title='bbox 274 971 333 1023; x_wconf 78' lang='grc' dir='ltr'><strong>ἐν</strong></span> <span class='ocrx_word' id='word_1_53' title='bbox 376 965 457 1037; x_wconf 83' lang='grc' dir='ltr'><strong>τῷ</strong></span> <span class='ocrx_word' id='word_1_54' title='bbox 492 962 625 1037; x_wconf 81' lang='grc' dir='ltr'><strong>ίερῷ</strong></span> <span class='ocrx_word' id='word_1_55' title='bbox 679 962 806 1023; x_wconf 76' lang='grc' dir='ltr'><strong>τοὺς</strong></span> <span class='ocrx_word' id='word_1_56' title='bbox 853 953 1168 1017; x_wconf 76' lang='grc' dir='ltr'>πωλοῦντας</span> <span class='ocrx_word' id='word_1_57' title='bbox 1217 951 1368 1023; x_wconf 86' lang='grc' dir='ltr'><strong>βόας,</strong></span> <span class='ocrx_word' id='word_1_58' title='bbox 1418 946 1512 1002; x_wconf 79' lang='grc' dir='ltr'><strong>καὶ</strong></span> <span class='ocrx_word' id='word_1_59' title='bbox 1555 961 1653 998; x_wconf 87' lang='grc' dir='ltr'><strong>πε-</strong></span> 
     </span>
    </p>
   </div>
   <div class='ocr_carea' id='block_1_10' title="bbox 106 1038 1651 1139">
    <p class='ocr_par' dir='ltr' id='par_1_10' title="bbox 106 1038 1651 1139">
     <span class='ocr_line' id='line_1_11' title="bbox 106 1038 1651 1139; baseline -0.019 -20"><span class='ocrx_word' id='word_1_60' title='bbox 106 1038 347 1139; x_wconf 75' lang='grc' dir='ltr'><strong>ριστερὰς,</strong></span> <span class='ocrx_word' id='word_1_61' title='bbox 408 1060 505 1114; x_wconf 67' lang='grc' dir='ltr'><strong>καὶ</strong></span> <span class='ocrx_word' id='word_1_62' title='bbox 549 1057 678 1119; x_wconf 75' lang='grc' dir='ltr'><strong>τοὺς</strong></span> <span class='ocrx_word' id='word_1_63' title='bbox 727 1047 1096 1125; x_wconf 80' lang='grc' dir='ltr'><strong>κερματιστὰς</strong></span> <span class='ocrx_word' id='word_1_64' title='bbox 1133 1043 1495 1114; x_wconf 86' lang='grc' dir='ltr'><strong>καθημένους.</strong></span> <span class='ocrx_word' id='word_1_65' title='bbox 1538 1038 1651 1093; x_wconf 78' lang='grc' dir='ltr'><strong>Καὶ</strong></span> 
     </span>
    </p>
   </div>
   <div class='ocr_carea' id='block_1_11' title="bbox 105 1128 1651 1227">
    <p class='ocr_par' dir='ltr' id='par_1_11' title="bbox 105 1128 1651 1227">
     <span class='ocr_line' id='line_1_12' title="bbox 105 1128 1651 1227; baseline -0.019 -16"><span class='ocrx_word' id='word_1_66' title='bbox 105 1128 303 1227; x_wconf 66' lang='grc' dir='ltr'><strong>ποιήσας</strong></span> <span class='ocrx_word' id='word_1_67' title='bbox 343 1147 671 1223; x_wconf 75' lang='grc' dir='ltr'><strong>φραγέλλιον</strong></span> <span class='ocrx_word' id='word_1_68' title='bbox 711 1145 777 1198; x_wconf 85' lang='grc' dir='ltr'><strong>ἐκ</strong></span> <span class='ocrx_word' id='word_1_69' title='bbox 824 1140 1078 1213; x_wconf 79' lang='grc' dir='ltr'><strong>σχοινίων</strong></span> <span class='ocrx_word' id='word_1_70' title='bbox 1121 1134 1408 1201; x_wconf 79' lang='grc' dir='ltr'><strong>ἐξέϐαλλεν</strong></span> <span class='ocrx_word' id='word_1_71' title='bbox 1444 1133 1510 1185; x_wconf 82' lang='grc' dir='ltr'><strong>ἐκ</strong></span> <span class='ocrx_word' id='word_1_72' title='bbox 1558 1128 1651 1183; x_wconf 79' lang='grc' dir='ltr'><strong>τοῦ</strong></span> 
     </span>
    </p>
   </div>
   <div class='ocr_carea' id='block_1_12' title="bbox 106 1222 1627 1321">
    <p class='ocr_par' dir='ltr' id='par_1_12' title="bbox 106 1222 1627 1321">
     <span class='ocr_line' id='line_1_13' title="bbox 106 1222 1627 1321; baseline -0.018 -19"><span class='ocrx_word' id='word_1_73' title='bbox 106 1222 225 1321; x_wconf 59' lang='grc' dir='ltr'><strong>ἱεροῖο</strong></span> <span class='ocrx_word' id='word_1_74' title='bbox 244 1246 313 1299; x_wconf 86' lang='grc' dir='ltr'><strong>τά</strong></span> <span class='ocrx_word' id='word_1_75' title='bbox 328 1222 401 1297; x_wconf 86' lang='grc' dir='ltr'><strong>τε</strong></span> <span class='ocrx_word' id='word_1_76' title='bbox 424 1240 693 1315; x_wconf 87' lang='grc' dir='ltr'><strong>πρόϐατα,</strong></span> <span class='ocrx_word' id='word_1_77' title='bbox 726 1237 821 1291; x_wconf 74' lang='grc' dir='ltr'><strong>καὶ</strong></span> <span class='ocrx_word' id='word_1_78' title='bbox 844 1236 972 1297; x_wconf 84' lang='grc' dir='ltr'><strong>τοὺς</strong></span> <span class='ocrx_word' id='word_1_79' title='bbox 1003 1231 1149 1304; x_wconf 86' lang='grc' dir='ltr'><strong>βόας,</strong></span> <span class='ocrx_word' id='word_1_80' title='bbox 1189 1228 1284 1282; x_wconf 78' lang='grc' dir='ltr'><strong>καὶ</strong></span> <span class='ocrx_word' id='word_1_81' title='bbox 1319 1225 1429 1279; x_wconf 81' lang='grc' dir='ltr'><strong>τῶν</strong></span> <span class='ocrx_word' id='word_1_82' title='bbox 1466 1222 1627 1278; x_wconf 88' lang='grc' dir='ltr'><strong>κολλυ</strong></span> 
     </span>
    </p>
   </div>
   <div class='ocr_carea' id='block_1_13' title="bbox 105 1314 1656 1405">
    <p class='ocr_par' dir='ltr' id='par_1_13' title="bbox 105 1314 1656 1405">
     <span class='ocr_line' id='line_1_14' title="bbox 105 1314 1656 1405; baseline -0.017 -11"><span class='ocrx_word' id='word_1_83' title='bbox 105 1314 272 1394; x_wconf 69' lang='grc' dir='ltr'><strong>διττῶν</strong></span> <span class='ocrx_word' id='word_1_84' title='bbox 334 1314 520 1405; x_wconf 81' lang='grc' dir='ltr'><strong>ἐξέχεε</strong></span> <span class='ocrx_word' id='word_1_85' title='bbox 578 1330 648 1385; x_wconf 79' lang='grc' dir='ltr'><strong>τά</strong></span> <span class='ocrx_word' id='word_1_86' title='bbox 717 1330 1003 1400; x_wconf 81' lang='grc' dir='ltr'><strong>κέρματα,</strong></span> <span class='ocrx_word' id='word_1_87' title='bbox 1057 1322 1155 1378; x_wconf 76' lang='grc' dir='ltr'><strong>καὶ</strong></span> <span class='ocrx_word' id='word_1_88' title='bbox 1212 1319 1312 1384; x_wconf 83' lang='grc' dir='ltr'><strong>τάς</strong></span> <span class='ocrx_word' id='word_1_89' title='bbox 1378 1314 1656 1390; x_wconf 76' lang='grc' dir='ltr'><strong>τραπέζας</strong></span> 
     </span>
    </p>
   </div>
   <div class='ocr_carea' id='block_1_14' title="bbox 106 1410 1657 1501">
    <p class='ocr_par' dir='ltr' id='par_1_14' title="bbox 106 1410 1657 1501">
     <span class='ocr_line' id='line_1_15' title="bbox 106 1410 1657 1501; baseline -0.015 -16"><span class='ocrx_word' id='word_1_90' title='bbox 106 1427 371 1501; x_wconf 66' lang='grc' dir='ltr'><strong>ἀνέστρεψε</strong></span> <span class='ocrx_word' id='word_1_91' title='bbox 410 1424 544 1497; x_wconf 60' lang='lat' dir='ltr'><strong>(54y</strong></span> <span class='ocrx_word' id='word_1_92' title='bbox 584 1424 679 1477; x_wconf 78' lang='grc' dir='ltr'><strong>καὶ</strong></span> <span class='ocrx_word' id='word_1_93' title='bbox 716 1424 830 1486; x_wconf 83' lang='grc' dir='ltr'><strong>τοῖς</strong></span> <span class='ocrx_word' id='word_1_94' title='bbox 879 1419 979 1483; x_wconf 80' lang='grc' dir='ltr'><strong>τὰς</strong></span> <span class='ocrx_word' id='word_1_95' title='bbox 1012 1414 1340 1490; x_wconf 82' lang='grc' dir='ltr'><strong>περιστερὰς</strong></span> <span class='ocrx_word' id='word_1_96' title='bbox 1385 1410 1657 1466; x_wconf 76' lang='grc' dir='ltr'><strong>πωλοῦσιν</strong></span> 
     </span>
    </p>
   </div>
   <div class='ocr_carea' id='block_1_15' title="bbox 107 1498 1659 1593">
    <p class='ocr_par' dir='ltr' id='par_1_15' title="bbox 107 1498 1659 1593">
     <span class='ocr_line' id='line_1_16' title="bbox 107 1498 1659 1593; baseline -0.015 -14"><span class='ocrx_word' id='word_1_97' title='bbox 107 1525 257 1579; x_wconf 71' lang='grc' dir='ltr'><strong>εἶπενο</strong></span> <span class='ocrx_word' id='word_1_98' title='bbox 287 1523 497 1593; x_wconf 71' lang='grc' dir='ltr'><strong>Ἄρατε</strong></span> <span class='ocrx_word' id='word_1_99' title='bbox 532 1516 707 1571; x_wconf 81' lang='grc' dir='ltr'><strong>ταῦτα</strong></span> <span class='ocrx_word' id='word_1_100' title='bbox 735 1513 1005 1576; x_wconf 77' lang='grc' dir='ltr'><strong>ἐντεῦθεν,</strong></span> <span class='ocrx_word' id='word_1_101' title='bbox 1051 1511 1124 1582; x_wconf 83' lang='grc' dir='ltr'><strong>μὴ</strong></span> <span class='ocrx_word' id='word_1_102' title='bbox 1160 1509 1361 1562; x_wconf 79' lang='grc' dir='ltr'><strong>ποιεῖτε</strong></span> <span class='ocrx_word' id='word_1_103' title='bbox 1393 1504 1484 1558; x_wconf 78' lang='grc' dir='ltr'><strong>τὸν</strong></span> <span class='ocrx_word' id='word_1_104' title='bbox 1513 1498 1659 1557; x_wconf 75' lang='grc' dir='ltr'><strong>οἶκον</strong></span> 
     </span>
    </p>
   </div>
   <div class='ocr_carea' id='block_1_16' title="bbox 106 1598 1659 1692">
    <p class='ocr_par' dir='ltr' id='par_1_16' title="bbox 106 1598 1659 1692">
     <span class='ocr_line' id='line_1_17' title="bbox 106 1598 1659 1692; baseline -0.018 -17"><span class='ocrx_word' id='word_1_105' title='bbox 106 1622 182 1675; x_wconf 76' lang='grc' dir='ltr'><strong>τοῦ</strong></span> <span class='ocrx_word' id='word_1_106' title='bbox 218 1617 428 1692; x_wconf 84' lang='grc' dir='ltr'><strong>Πατρός</strong></span> <span class='ocrx_word' id='word_1_107' title='bbox 466 1633 569 1688; x_wconf 84' lang='grc' dir='ltr'><strong>μου</strong></span> <span class='ocrx_word' id='word_1_108' title='bbox 604 1609 752 1668; x_wconf 78' lang='grc' dir='ltr'><strong>οἷκον</strong></span> <span class='ocrx_word' id='word_1_109' title='bbox 793 1606 1078 1682; x_wconf 91' lang='grc' dir='ltr'><strong>ἐμπορίου.</strong></span> <span class='ocrx_word' id='word_1_110' title='bbox 1123 1604 1259 1657; x_wconf 83' lang='grc' dir='ltr'><strong>Τότε</strong></span> <span class='ocrx_word' id='word_1_111' title='bbox 1306 1598 1659 1670; x_wconf 74' lang='grc' dir='ltr'><strong>ἐμνήσθησαν</strong></span> 
     </span>
    </p>
   </div>
   <div class='ocr_carea' id='block_1_17' title="bbox 108 1687 1660 1783">
    <p class='ocr_par' dir='ltr' id='par_1_17' title="bbox 108 1687 1660 1783">
     <span class='ocr_line' id='line_1_18' title="bbox 108 1687 1660 1783; baseline -0.017 -17"><span class='ocrx_word' id='word_1_112' title='bbox 108 1716 146 1766; x_wconf 74' lang='grc' dir='ltr'><strong>οἱ</strong></span> <span class='ocrx_word' id='word_1_113' title='bbox 172 1687 397 1783; x_wconf 71' lang='grc' dir='ltr'><strong>μαθηταὶ</strong></span> <span class='ocrx_word' id='word_1_114' title='bbox 422 1687 613 1771; x_wconf 79' lang='grc' dir='ltr'><strong>αὑτοῦ,</strong></span> <span class='ocrx_word' id='word_1_115' title='bbox 646 1706 730 1759; x_wconf 83' lang='grc' dir='ltr'><strong>ὅτι</strong></span> <span class='ocrx_word' id='word_1_116' title='bbox 770 1696 1159 1772; x_wconf 81' lang='grc' dir='ltr'><strong>γεγραμμένον</strong></span> <span class='ocrx_word' id='word_1_117' title='bbox 1183 1692 1332 1748; x_wconf 84' lang='grc' dir='ltr'><strong>ἐστίν</strong></span> <span class='ocrx_word' id='word_1_118' title='bbox 1351 1708 1364 1722; x_wconf 87' lang='grc'><strong>·</strong></span> <span class='ocrx_word' id='word_1_119' title='bbox 1410 1690 1468 1744; x_wconf 89' lang='grc' dir='ltr'>Ὀ</span> <span class='ocrx_word' id='word_1_120' title='bbox 1494 1687 1660 1758; x_wconf 79' lang='grc' dir='ltr'><strong>ζῆλος</strong></span> 
     </span>
    </p>
   </div>
   <div class='ocr_carea' id='block_1_18' title="bbox 1751 524 3081 604">
    <p class='ocr_par' dir='ltr' id='par_1_18' title="bbox 1751 524 3081 604">
     <span class='ocr_line' id='line_1_19' title="bbox 1751 524 3081 604; baseline -0.02 0"><span class='ocrx_word' id='word_1_121' title='bbox 1751 559 1805 604; x_wconf 85' lang='lat' dir='ltr'><strong>et</strong></span> <span class='ocrx_word' id='word_1_122' title='bbox 1829 547 1949 601; x_wconf 83' lang='lat' dir='ltr'><strong>sine</strong></span> <span class='ocrx_word' id='word_1_123' title='bbox 1985 540 2263 604; x_wconf 84' lang='lat' dir='ltr'><strong>firmitate,</strong></span> <span class='ocrx_word' id='word_1_124' title='bbox 2292 532 2463 603; x_wconf 86' lang='lat' dir='ltr'><strong>magis</strong></span> <span class='ocrx_word' id='word_1_125' title='bbox 2492 531 2665 602; x_wconf 92' lang='lat' dir='ltr'><strong>ipsum</strong></span> <span class='ocrx_word' id='word_1_126' title='bbox 2699 524 3081 598; x_wconf 74' lang='lat' dir='ltr'><strong>despiciemus.</strong></span> 
     </span>
    </p>
   </div>
   <div class='ocr_carea' id='block_1_19' title="bbox 1825 789 3333 881">
    <p class='ocr_par' dir='ltr' id='par_1_19' title="bbox 1825 789 3333 881">
     <span class='ocr_line' id='line_1_20' title="bbox 1825 789 3333 881; baseline -0.025 1"><span class='ocrx_word' id='word_1_127' title='bbox 1825 823 1914 881; x_wconf 81' lang='lat' dir='ltr'><strong>l5.</strong></span> <span class='ocrx_word' id='word_1_128' title='bbox 1951 841 1969 875; x_wconf 77' lang='grc' dir='ltr'><strong>ι</strong></span> <span class='ocrx_word' id='word_1_129' title='bbox 1993 819 2059 876; x_wconf 87' lang='lat' dir='ltr'><strong>Et</strong></span> <span class='ocrx_word' id='word_1_130' title='bbox 2088 812 2334 874; x_wconf 84' lang='lat' dir='ltr'><strong>ascendit</strong></span> <span class='ocrx_word' id='word_1_131' title='bbox 2369 804 2794 873; x_wconf 81' lang='lat' dir='ltr'><strong>Hierosolymam</strong></span> <span class='ocrx_word' id='word_1_132' title='bbox 2831 797 3012 861; x_wconf 84' lang='lat' dir='ltr'><strong>Jesus,</strong></span> <span class='ocrx_word' id='word_1_133' title='bbox 3043 803 3099 850; x_wconf 92' lang='lat' dir='ltr'><strong>et</strong></span> <span class='ocrx_word' id='word_1_134' title='bbox 3128 789 3333 863; x_wconf 89' lang='lat' dir='ltr'><strong>reperit</strong></span> 
     </span>
    </p>
   </div>
   <div class='ocr_carea' id='block_1_20' title="bbox 1754 892 3330 982">
    <p class='ocr_par' dir='ltr' id='par_1_20' title="bbox 1754 892 3330 982">
     <span class='ocr_line' id='line_1_21' title="bbox 1754 892 3330 982; baseline -0.025 -10"><span class='ocrx_word' id='word_1_135' title='bbox 1754 916 1808 972; x_wconf 92' lang='lat' dir='ltr'><strong>in</strong></span> <span class='ocrx_word' id='word_1_136' title='bbox 1842 912 2038 982; x_wconf 88' lang='lat' dir='ltr'><strong>templo</strong></span> <span class='ocrx_word' id='word_1_137' title='bbox 2066 923 2182 973; x_wconf 88' lang='lat' dir='ltr'><strong>eos,</strong></span> <span class='ocrx_word' id='word_1_138' title='bbox 2215 903 2307 975; x_wconf 88' lang='lat' dir='ltr'><strong>qui</strong></span> <span class='ocrx_word' id='word_1_139' title='bbox 2342 897 2646 957; x_wconf 81' lang='lat' dir='ltr'><strong>vendebant</strong></span> <span class='ocrx_word' id='word_1_140' title='bbox 2672 894 2859 954; x_wconf 83' lang='lat' dir='ltr'><strong>boves,</strong></span> <span class='ocrx_word' id='word_1_141' title='bbox 2890 896 2946 943; x_wconf 91' lang='lat' dir='ltr'><strong>et</strong></span> <span class='ocrx_word' id='word_1_142' title='bbox 2974 899 3126 950; x_wconf 92' lang='lat' dir='ltr'><strong>oves,</strong></span> <span class='ocrx_word' id='word_1_143' title='bbox 3153 892 3207 938; x_wconf 89' lang='lat' dir='ltr'><strong>et</strong></span> <span class='ocrx_word' id='word_1_144' title='bbox 3231 895 3330 935; x_wconf 91' lang='lat' dir='ltr'><strong>co-</strong></span> 
     </span>
    </p>
   </div>
   <div class='ocr_carea' id='block_1_21' title="bbox 1752 973 3333 1070">
    <p class='ocr_par' dir='ltr' id='par_1_21' title="bbox 1752 973 3333 1070">
     <span class='ocr_line' id='line_1_22' title="bbox 1752 973 3333 1070; baseline -0.025 -5"><span class='ocrx_word' id='word_1_145' title='bbox 1752 973 1987 1070; x_wconf 76' lang='lat' dir='ltr'><strong>lumbas,</strong></span> <span class='ocrx_word' id='word_1_146' title='bbox 2022 1009 2076 1059; x_wconf 86' lang='lat' dir='ltr'><strong>et</strong></span> <span class='ocrx_word' id='word_1_147' title='bbox 2110 973 2412 1055; x_wconf 72' lang='lat' dir='ltr'><strong>mensarios</strong></span> <span class='ocrx_word' id='word_1_148' title='bbox 2440 990 2716 1046; x_wconf 82' lang='lat' dir='ltr'><strong>sedentes.</strong></span> <span class='ocrx_word' id='word_1_149' title='bbox 2743 984 2811 1040; x_wconf 89' lang='lat' dir='ltr'><strong>Et</strong></span> <span class='ocrx_word' id='word_1_150' title='bbox 2838 996 2958 1037; x_wconf 89' lang='lat' dir='ltr'><strong>cum</strong></span> <span class='ocrx_word' id='word_1_151' title='bbox 2990 979 3207 1033; x_wconf 76' lang='lat' dir='ltr'><strong>fecisset</strong></span> <span class='ocrx_word' id='word_1_152' title='bbox 3235 973 3333 1027; x_wconf 82' lang='lat' dir='ltr'><strong>lla-</strong></span> 
     </span>
    </p>
   </div>
   <div class='ocr_carea' id='block_1_22' title="bbox 1756 1064 3335 1172">
    <p class='ocr_par' dir='ltr' id='par_1_22' title="bbox 1756 1064 3335 1172">
     <span class='ocr_line' id='line_1_23' title="bbox 1756 1064 3335 1172; baseline -0.025 -18"><span class='ocrx_word' id='word_1_153' title='bbox 1756 1098 1952 1172; x_wconf 85' lang='lat' dir='ltr'><strong>gellum</strong></span> <span class='ocrx_word' id='word_1_154' title='bbox 1983 1109 2014 1151; x_wconf 91' lang='lat' dir='ltr'><strong>e</strong></span> <span class='ocrx_word' id='word_1_155' title='bbox 2045 1087 2328 1152; x_wconf 82' lang='lat' dir='ltr'><strong>funiculis,</strong></span> <span class='ocrx_word' id='word_1_156' title='bbox 2380 1081 2540 1153; x_wconf 83' lang='lat' dir='ltr'><strong>ejecit</strong></span> <span class='ocrx_word' id='word_1_157' title='bbox 2588 1094 2619 1134; x_wconf 89' lang='lat' dir='ltr'><strong>e</strong></span> <span class='ocrx_word' id='word_1_158' title='bbox 2654 1073 2855 1145; x_wconf 89' lang='lat' dir='ltr'><strong>templo</strong></span> <span class='ocrx_word' id='word_1_159' title='bbox 2882 1085 3010 1128; x_wconf 88' lang='lat' dir='ltr'><strong>oves</strong></span> <span class='ocrx_word' id='word_1_160' title='bbox 3041 1064 3222 1129; x_wconf 89' lang='lat' dir='ltr'><strong>simul,</strong></span> <span class='ocrx_word' id='word_1_161' title='bbox 3267 1077 3335 1116; x_wconf 88' lang='lat' dir='ltr'><strong>ac</strong></span> 
     </span>
    </p>
   </div>
   <div class='ocr_carea' id='block_1_23' title="bbox 1757 1153 3333 1253">
    <p class='ocr_par' dir='ltr' id='par_1_23' title="bbox 1757 1153 3333 1253">
     <span class='ocr_line' id='line_1_24' title="bbox 1757 1153 3333 1253; baseline -0.026 -6"><span class='ocrx_word' id='word_1_162' title='bbox 1757 1192 1966 1253; x_wconf 80' lang='lat' dir='ltr'><strong>boves;</strong></span> <span class='ocrx_word' id='word_1_163' title='bbox 2001 1191 2057 1241; x_wconf 85' lang='lat' dir='ltr'><strong>et</strong></span> <span class='ocrx_word' id='word_1_164' title='bbox 2087 1177 2487 1239; x_wconf 88' lang='lat' dir='ltr'><strong>mensariorum</strong></span> <span class='ocrx_word' id='word_1_165' title='bbox 2514 1186 2588 1227; x_wconf 64' lang='lat' dir='ltr'><strong>res</strong></span> <span class='ocrx_word' id='word_1_166' title='bbox 2616 1168 2831 1229; x_wconf 78' lang='lat' dir='ltr'><strong>effudit,</strong></span> <span class='ocrx_word' id='word_1_167' title='bbox 2863 1173 2919 1220; x_wconf 93' lang='lat' dir='ltr'><strong>et</strong></span> <span class='ocrx_word' id='word_1_168' title='bbox 2949 1174 3169 1216; x_wconf 89' lang='lat' dir='ltr'><strong>mensas</strong></span> <span class='ocrx_word' id='word_1_169' title='bbox 3203 1153 3333 1210; x_wconf 88' lang='lat' dir='ltr'><strong>sub-</strong></span> 
     </span>
    </p>
   </div>
   <div class='ocr_carea' id='block_1_24' title="bbox 1756 1245 3336 1342">
    <p class='ocr_par' dir='ltr' id='par_1_24' title="bbox 1756 1245 3336 1342">
     <span class='ocr_line' id='line_1_25' title="bbox 1756 1245 3336 1342; baseline -0.025 -4"><span class='ocrx_word' id='word_1_170' title='bbox 1756 1281 1954 1337; x_wconf 77' lang='lat' dir='ltr'><strong>vertit:</strong></span> <span class='ocrx_word' id='word_1_171' title='bbox 1989 1287 2044 1334; x_wconf 92' lang='lat' dir='ltr'><strong>et</strong></span> <span class='ocrx_word' id='word_1_172' title='bbox 2077 1275 2185 1339; x_wconf 89' lang='lat' dir='ltr'><strong>his,</strong></span> <span class='ocrx_word' id='word_1_173' title='bbox 2222 1271 2313 1342; x_wconf 88' lang='lat' dir='ltr'><strong>qui</strong></span> <span class='ocrx_word' id='word_1_174' title='bbox 2346 1264 2627 1324; x_wconf 86' lang='lat' dir='ltr'><strong>columbas</strong></span> <span class='ocrx_word' id='word_1_175' title='bbox 2655 1257 2982 1320; x_wconf 77' lang='lat' dir='ltr'><strong>vendebant,</strong></span> <span class='ocrx_word' id='word_1_176' title='bbox 3016 1250 3183 1306; x_wconf 79' lang='lat' dir='ltr'><strong>dixit:</strong></span> <span class='ocrx_word' id='word_1_177' title='bbox 3221 1245 3336 1300; x_wconf 80' lang='lat' dir='ltr'><strong>Au-</strong></span> 
     </span>
    </p>
   </div>
   <div class='ocr_carea' id='block_1_25' title="bbox 1758 1336 3335 1429">
    <p class='ocr_par' dir='ltr' id='par_1_25' title="bbox 1758 1336 3335 1429">
     <span class='ocr_line' id='line_1_26' title="bbox 1758 1336 3335 1429; baseline -0.027 1"><span class='ocrx_word' id='word_1_178' title='bbox 1758 1373 1897 1429; x_wconf 81' lang='lat' dir='ltr'><strong>ferte</strong></span> <span class='ocrx_word' id='word_1_179' title='bbox 1929 1369 2031 1425; x_wconf 90' lang='lat' dir='ltr'><strong>ista</strong></span> <span class='ocrx_word' id='word_1_180' title='bbox 2061 1336 2214 1429; x_wconf 83' lang='lat' dir='ltr'><strong>hinc,</strong></span> <span class='ocrx_word' id='word_1_181' title='bbox 2241 1336 2345 1416; x_wconf 74' lang='lat' dir='ltr'><strong>nec</strong></span> <span class='ocrx_word' id='word_1_182' title='bbox 2376 1356 2538 1412; x_wconf 88' lang='lat' dir='ltr'><strong>facite</strong></span> <span class='ocrx_word' id='word_1_183' title='bbox 2565 1354 2785 1409; x_wconf 92' lang='lat' dir='ltr'><strong>domum</strong></span> <span class='ocrx_word' id='word_1_184' title='bbox 2833 1344 3015 1400; x_wconf 84' lang='lat' dir='ltr'><strong>Patris</strong></span> <span class='ocrx_word' id='word_1_185' title='bbox 3068 1338 3195 1404; x_wconf 89' lang='lat' dir='ltr'><strong>mei,</strong></span> <span class='ocrx_word' id='word_1_186' title='bbox 3235 1336 3335 1390; x_wconf 88' lang='lat' dir='ltr'><strong>do—</strong></span> 
     </span>
    </p>
   </div>
   <div class='ocr_carea' id='block_1_26' title="bbox 1762 1427 3339 1520">
    <p class='ocr_par' dir='ltr' id='par_1_26' title="bbox 1762 1427 3339 1520">
     <span class='ocr_line' id='line_1_27' title="bbox 1762 1427 3339 1520; baseline -0.025 0"><span class='ocrx_word' id='word_1_187' title='bbox 1762 1479 1907 1520; x_wconf 86' lang='lat' dir='ltr'><strong>mum</strong></span> <span class='ocrx_word' id='word_1_188' title='bbox 1943 1467 2240 1517; x_wconf 86' lang='lat' dir='ltr'><strong>mercatus.</strong></span> <span class='ocrx_word' id='word_1_189' title='bbox 2283 1451 2438 1506; x_wconf 92' lang='lat' dir='ltr'><strong>Tunc</strong></span> <span class='ocrx_word' id='word_1_190' title='bbox 2468 1442 2738 1503; x_wconf 87' lang='lat' dir='ltr'><strong>recordati</strong></span> <span class='ocrx_word' id='word_1_191' title='bbox 2770 1447 2894 1495; x_wconf 88' lang='lat' dir='ltr'><strong>sunt</strong></span> <span class='ocrx_word' id='word_1_192' title='bbox 2923 1430 3173 1503; x_wconf 88' lang='lat' dir='ltr'><strong>discipuli</strong></span> <span class='ocrx_word' id='word_1_193' title='bbox 3220 1427 3339 1498; x_wconf 76' lang='lat' dir='ltr'><strong>ejus</strong></span> 
     </span>
    </p>
   </div>
   <div class='ocr_carea' id='block_1_27' title="bbox 1763 1520 3337 1626">
    <p class='ocr_par' dir='ltr' id='par_1_27' title="bbox 1763 1520 3337 1626">
     <span class='ocr_line' id='line_1_28' title="bbox 1763 1520 3337 1626; baseline -0.025 -15"><span class='ocrx_word' id='word_1_194' title='bbox 1763 1556 2021 1626; x_wconf 88' lang='lat' dir='ltr'><strong>scriptum</strong></span> <span class='ocrx_word' id='word_1_195' title='bbox 2053 1562 2173 1606; x_wconf 90' lang='lat' dir='ltr'><strong>esse</strong></span> <span class='ocrx_word' id='word_1_196' title='bbox 2201 1566 2214 1602; x_wconf 91' lang='lat'><strong>:</strong></span> <span class='ocrx_word' id='word_1_197' title='bbox 2270 1542 2431 1598; x_wconf 86' lang='lat' dir='ltr'><strong>Zelus</strong></span> <span class='ocrx_word' id='word_1_198' title='bbox 2463 1541 2656 1595; x_wconf 87' lang='lat' dir='ltr'><strong>domus</strong></span> <span class='ocrx_word' id='word_1_199' title='bbox 2691 1543 2798 1588; x_wconf 83' lang='lat' dir='ltr'><strong>tuae</strong></span> <span class='ocrx_word' id='word_1_200' title='bbox 2828 1526 3064 1585; x_wconf 87' lang='lat' dir='ltr'><strong>comedit</strong></span> <span class='ocrx_word' id='word_1_201' title='bbox 3094 1536 3181 1579; x_wconf 90' lang='lat' dir='ltr'><strong>me</strong></span> <span class='ocrx_word' id='word_1_202' title='bbox 3208 1520 3279 1574; x_wconf 80' lang='grc'><strong>³⁸.</strong></span> <span class='ocrx_word' id='word_1_203' title='bbox 3317 1536 3337 1570; x_wconf 74' lang='grc' dir='ltr'><strong>ι</strong></span> 
     </span>
    </p>
   </div>
   <div class='ocr_carea' id='block_1_28' title="bbox 1763 1612 3344 1709">
    <p class='ocr_par' dir='ltr' id='par_1_28' title="bbox 1763 1612 3344 1709">
     <span class='ocr_line' id='line_1_29' title="bbox 1763 1612 3344 1709; baseline -0.025 -7"><span class='ocrx_word' id='word_1_204' title='bbox 1763 1612 2067 1701; x_wconf 74' lang='lat' dir='ltr'><strong>Notandum</strong></span> <span class='ocrx_word' id='word_1_205' title='bbox 2104 1638 2320 1709; x_wconf 85' lang='lat' dir='ltr'><strong>quidem</strong></span> <span class='ocrx_word' id='word_1_206' title='bbox 2355 1640 2441 1687; x_wconf 91' lang='lat' dir='ltr'><strong>est</strong></span> <span class='ocrx_word' id='word_1_207' title='bbox 2474 1629 2738 1686; x_wconf 81' lang='lat' dir='ltr'><strong>Joannem</strong></span> <span class='ocrx_word' id='word_1_208' title='bbox 2775 1622 3018 1678; x_wconf 88' lang='lat' dir='ltr'><strong>scribere</strong></span> <span class='ocrx_word' id='word_1_209' title='bbox 3048 1612 3344 1671; x_wconf 89' lang='lat' dir='ltr'><strong>secundum</strong></span> 
     </span>
    </p>
   </div>
   <div class='ocr_carea' id='block_1_29' title="bbox 1764 1716 3346 1803">
    <p class='ocr_par' dir='ltr' id='par_1_29' title="bbox 1764 1716 3346 1803">
     <span class='ocr_line' id='line_1_30' title="bbox 1764 1716 3346 1803; baseline -0.024 -10"><span class='ocrx_word' id='word_1_210' title='bbox 1764 1737 1893 1793; x_wconf 85' lang='lat' dir='ltr'><strong>Jesu</strong></span> <span class='ocrx_word' id='word_1_211' title='bbox 1950 1747 2088 1803; x_wconf 88' lang='lat' dir='ltr'><strong>opus</strong></span> <span class='ocrx_word' id='word_1_212' title='bbox 2139 1728 2311 1783; x_wconf 88' lang='lat' dir='ltr'><strong>fuisse</strong></span> <span class='ocrx_word' id='word_1_213' title='bbox 2339 1724 2391 1779; x_wconf 93' lang='lat' dir='ltr'><strong>id</strong></span> <span class='ocrx_word' id='word_1_214' title='bbox 2426 1719 2568 1793; x_wconf 90' lang='lat' dir='ltr'><strong>quod</strong></span> <span class='ocrx_word' id='word_1_215' title='bbox 2609 1716 2736 1773; x_wconf 86' lang='lat' dir='ltr'><strong>fecit</strong></span> <span class='ocrx_word' id='word_1_216' title='bbox 2767 1727 2895 1784; x_wconf 86' lang='lat' dir='ltr'><strong>erga</strong></span> <span class='ocrx_word' id='word_1_217' title='bbox 2943 1716 3191 1778; x_wconf 89' lang='lat' dir='ltr'><strong>repertos</strong></span> <span class='ocrx_word' id='word_1_218' title='bbox 3216 1719 3247 1757; x_wconf 89' lang='lat' dir='ltr'><strong>a</strong></span> <span class='ocrx_word' id='word_1_219' title='bbox 3287 1717 3346 1756; x_wconf 88' lang='lat' dir='ltr'><strong>se</strong></span> 
     </span>
    </p>
   </div>
   <div class='ocr_carea' id='block_1_30' title="bbox 117 1779 1677 1886">
    <p class='ocr_par' dir='ltr' id='par_1_30' title="bbox 117 1779 1662 1886">
     <span class='ocr_line' id='line_1_31' title="bbox 117 1779 1662 1886; baseline -0.021 -25"><span class='ocrx_word' id='word_1_220' title='bbox 117 1779 183 1861; x_wconf 71' lang='grc' dir='ltr'><strong>τού</strong></span> <span class='ocrx_word' id='word_1_221' title='bbox 214 1779 360 1886; x_wconf 73' lang='grc' dir='ltr'><strong>οἴκου</strong></span> <span class='ocrx_word' id='word_1_222' title='bbox 405 1820 501 1856; x_wconf 90' lang='grc' dir='ltr'><strong>σου</strong></span> <span class='ocrx_word' id='word_1_223' title='bbox 530 1792 908 1867; x_wconf 70' lang='grc' dir='ltr'><strong>καταφάγεταί</strong></span> <span class='ocrx_word' id='word_1_224' title='bbox 946 1807 1033 1863; x_wconf 89' lang='grc' dir='ltr'><strong>με.</strong></span> <span class='ocrx_word' id='word_1_225' title='bbox 1073 1807 1092 1841; x_wconf 77' lang='grc' dir='ltr'><strong>ι</strong></span> <span class='ocrx_word' id='word_1_226' title='bbox 1128 1781 1493 1857; x_wconf 85' lang='grc' dir='ltr'><strong>Σημειωτέον,</strong></span> <span class='ocrx_word' id='word_1_227' title='bbox 1524 1779 1607 1833; x_wconf 81' lang='grc' dir='ltr'><strong>ὅτι</strong></span> <span class='ocrx_word' id='word_1_228' title='bbox 1633 1779 1662 1831; x_wconf 88' lang='grc' dir='ltr'><strong>ό</strong></span> 
     </span>
    </p>
   </div>
   <div class='ocr_carea' id='block_1_31' title="bbox 1786 1779 3344 1886">
    <p class='ocr_par' dir='ltr' id='par_1_31' title="bbox 1786 1779 3344 1886">
     <span class='ocr_line' id='line_1_32' title="bbox 1786 1779 2857 1803; baseline -0.022 5"><span class='ocrx_word' id='word_1_229' title='bbox 1786 1779 1893 1792; x_wconf 63' lang='grc'><strong>’⁹⁹“¹⁵</strong></span> <span class='ocrx_word' id='word_1_230' title='bbox 1953 1779 2087 1803; x_wconf 77' lang='lat' dir='ltr'><strong>&quot;l’&quot;&#39;</strong></span> <span class='ocrx_word' id='word_1_231' title='bbox 2139 1779 2301 1783; x_wconf 54' lang='lat'><strong>&quot;“&quot;’</strong></span> <span class='ocrx_word' id='word_1_232' title='bbox 2444 1779 2459 1793; x_wconf 83' lang='grc' dir='ltr'>ι</span> <span class='ocrx_word' id='word_1_233' title='bbox 2833 1779 2857 1784; x_wconf 60' lang='grc' dir='ltr'>ν</span> 
     </span>
     <span class='ocr_line' id='line_1_33' title="bbox 1786 1795 3344 1886; baseline -0.024 -1"><span class='ocrx_word' id='word_1_234' title='bbox 1786 1846 1832 1886; x_wconf 69' lang='lat' dir='ltr'><strong>re</strong></span> <span class='ocrx_word' id='word_1_235' title='bbox 1872 1830 2063 1884; x_wconf 87' lang='lat' dir='ltr'><strong>dentes</strong></span> <span class='ocrx_word' id='word_1_236' title='bbox 2096 1835 2246 1885; x_wconf 90' lang='lat' dir='ltr'><strong>oves,</strong></span> <span class='ocrx_word' id='word_1_237' title='bbox 2279 1826 2332 1874; x_wconf 92' lang='lat' dir='ltr'><strong>et</strong></span> <span class='ocrx_word' id='word_1_238' title='bbox 2366 1817 2557 1879; x_wconf 84' lang='lat' dir='ltr'><strong>boves,</strong></span> <span class='ocrx_word' id='word_1_239' title='bbox 2605 1820 2661 1866; x_wconf 86' lang='lat' dir='ltr'><strong>et</strong></span> <span class='ocrx_word' id='word_1_240' title='bbox 2707 1804 2987 1863; x_wconf 82' lang='lat' dir='ltr'><strong>columbas</strong></span> <span class='ocrx_word' id='word_1_241' title='bbox 3019 1802 3072 1855; x_wconf 89' lang='lat' dir='ltr'><strong>in</strong></span> <span class='ocrx_word' id='word_1_242' title='bbox 3104 1795 3302 1868; x_wconf 90' lang='lat' dir='ltr'><strong>templo</strong></span> <span class='ocrx_word' id='word_1_243' title='bbox 3329 1811 3344 1861; x_wconf 88' lang='lat'><strong>;</strong></span> 
     </span>
    </p>
   </div>
   <div class='ocr_carea' id='block_1_32' title="bbox 114 1870 1665 1970">
    <p class='ocr_par' dir='ltr' id='par_1_32' title="bbox 114 1870 1665 1970">
     <span class='ocr_line' id='line_1_34' title="bbox 114 1870 1665 1970; baseline -0.02 -16"><span class='ocrx_word' id='word_1_244' title='bbox 114 1901 193 1970; x_wconf 81' lang='grc' dir='ltr'><strong>μὲν</strong></span> <span class='ocrx_word' id='word_1_245' title='bbox 214 1883 460 1969; x_wconf 76' lang='grc' dir='ltr'><strong>Ἰωάννης</strong></span> <span class='ocrx_word' id='word_1_246' title='bbox 496 1892 745 1963; x_wconf 88' lang='grc' dir='ltr'><strong>δεύτερον</strong></span> <span class='ocrx_word' id='word_1_247' title='bbox 766 1886 925 1959; x_wconf 72' lang='grc' dir='ltr'><strong>ἔργον</strong></span> <span class='ocrx_word' id='word_1_248' title='bbox 938 1882 1033 1936; x_wconf 81' lang='grc' dir='ltr'><strong>τοῦ</strong></span> <span class='ocrx_word' id='word_1_249' title='bbox 1078 1877 1253 1950; x_wconf 79' lang='grc' dir='ltr'><strong>Ἰησοῦ</strong></span> <span class='ocrx_word' id='word_1_250' title='bbox 1274 1873 1583 1946; x_wconf 79' lang='grc' dir='ltr'><strong>ἀναγράφει</strong></span> <span class='ocrx_word' id='word_1_251' title='bbox 1603 1870 1665 1923; x_wconf 82' lang='grc' dir='ltr'><strong>τὸ</strong></span> 
     </span>
    </p>
   </div>
   <div class='ocr_carea' id='block_1_33' title="bbox 113 1962 1666 2061">
    <p class='ocr_par' dir='ltr' id='par_1_33' title="bbox 113 1962 1666 2061">
     <span class='ocr_line' id='line_1_35' title="bbox 113 1962 1666 2061; baseline -0.019 -17"><span class='ocrx_word' id='word_1_252' title='bbox 113 1962 216 2061; x_wconf 70' lang='grc' dir='ltr'><strong>περὶ</strong></span> <span class='ocrx_word' id='word_1_253' title='bbox 234 1987 340 2041; x_wconf 81' lang='grc' dir='ltr'><strong>τῶν</strong></span> <span class='ocrx_word' id='word_1_254' title='bbox 376 1962 437 2040; x_wconf 82' lang='grc' dir='ltr'><strong>ἐν</strong></span> <span class='ocrx_word' id='word_1_255' title='bbox 475 1983 555 2055; x_wconf 87' lang='grc' dir='ltr'><strong>τῷ</strong></span> <span class='ocrx_word' id='word_1_256' title='bbox 582 1962 717 2053; x_wconf 73' lang='grc' dir='ltr'><strong>ἱερῷ</strong></span> <span class='ocrx_word' id='word_1_257' title='bbox 749 1976 1080 2050; x_wconf 81' lang='grc' dir='ltr'><strong>εὑρεθέντων</strong></span> <span class='ocrx_word' id='word_1_258' title='bbox 1109 1971 1200 2025; x_wconf 86' lang='grc' dir='ltr'><strong>ὑπ’</strong></span> <span class='ocrx_word' id='word_1_259' title='bbox 1232 1966 1398 2022; x_wconf 78' lang='grc' dir='ltr'><strong>αὐτοῦ</strong></span> <span class='ocrx_word' id='word_1_260' title='bbox 1428 1962 1666 2019; x_wconf 74' lang='grc' dir='ltr'><strong>πιυλούν-</strong></span> 
     </span>
    </p>
   </div>
   <div class='ocr_carea' id='block_1_34' title="bbox 112 2055 1667 2151">
    <p class='ocr_par' dir='ltr' id='par_1_34' title="bbox 112 2055 1667 2151">
     <span class='ocr_line' id='line_1_36' title="bbox 112 2055 1667 2151; baseline -0.018 -15"><span class='ocrx_word' id='word_1_261' title='bbox 112 2055 199 2135; x_wconf 71' lang='grc' dir='ltr'><strong>των</strong></span> <span class='ocrx_word' id='word_1_262' title='bbox 220 2079 362 2151; x_wconf 85' lang='grc' dir='ltr'><strong>βόας,</strong></span> <span class='ocrx_word' id='word_1_263' title='bbox 390 2076 489 2132; x_wconf 77' lang='grc' dir='ltr'><strong>καὶ</strong></span> <span class='ocrx_word' id='word_1_264' title='bbox 521 2073 789 2148; x_wconf 86' lang='grc' dir='ltr'><strong>πρόϐατα,</strong></span> <span class='ocrx_word' id='word_1_265' title='bbox 810 2070 907 2125; x_wconf 72' lang='grc' dir='ltr'><strong>καὶ</strong></span> <span class='ocrx_word' id='word_1_266' title='bbox 932 2063 1260 2141; x_wconf 87' lang='grc' dir='ltr'><strong>περιστεράς</strong></span> <span class='ocrx_word' id='word_1_267' title='bbox 1278 2079 1292 2092; x_wconf 74' lang='grc' dir='ltr'><strong>ο</strong></span> <span class='ocrx_word' id='word_1_268' title='bbox 1326 2062 1374 2114; x_wconf 88' lang='grc' dir='ltr'><strong>οί</strong></span> <span class='ocrx_word' id='word_1_269' title='bbox 1402 2058 1459 2112; x_wconf 81' lang='grc' dir='ltr'><strong>δέ</strong></span> <span class='ocrx_word' id='word_1_270' title='bbox 1490 2055 1667 2110; x_wconf 73' lang='grc' dir='ltr'><strong>λοιποὶ</strong></span> 
     </span>
    </p>
   </div>
   <div class='ocr_carea' id='block_1_35' title="bbox 115 2148 1667 2245">
    <p class='ocr_par' dir='ltr' id='par_1_35' title="bbox 115 2148 1667 2245">
     <span class='ocr_line' id='line_1_37' title="bbox 115 2148 1667 2245; baseline -0.019 -18"><span class='ocrx_word' id='word_1_271' title='bbox 306 2169 445 2245; x_wconf 79' lang='grc' dir='ltr'><strong>πρὸς</strong></span> <span class='ocrx_word' id='word_1_272' title='bbox 488 2165 569 2237; x_wconf 83' lang='grc' dir='ltr'><strong>τῷ</strong></span> <span class='ocrx_word' id='word_1_273' title='bbox 594 2164 758 2227; x_wconf 88' lang='grc' dir='ltr'><strong>τέλει,</strong></span> <span class='ocrx_word' id='word_1_274' title='bbox 799 2162 891 2215; x_wconf 74' lang='grc' dir='ltr'><strong>ἐπὶ</strong></span> <span class='ocrx_word' id='word_1_275' title='bbox 923 2158 1023 2228; x_wconf 81' lang='grc' dir='ltr'><strong>τῆς</strong></span> <span class='ocrx_word' id='word_1_276' title='bbox 1056 2154 1196 2210; x_wconf 82' lang='grc' dir='ltr'><strong>κατὰ</strong></span> <span class='ocrx_word' id='word_1_277' title='bbox 1229 2152 1291 2205; x_wconf 82' lang='grc' dir='ltr'><strong>τὸ</strong></span> <span class='ocrx_word' id='word_1_278' title='bbox 1319 2148 1488 2212; x_wconf 81' lang='grc' dir='ltr'><strong>πάθος</strong></span> <span class='ocrx_word' id='word_1_279' title='bbox 1521 2148 1667 2201; x_wconf 85' lang='grc' dir='ltr'><strong>οίκο-</strong></span> 
     </span>
    </p>
   </div>
   <div class='ocr_carea' id='block_1_36' title="bbox 114 2240 1668 2336">
    <p class='ocr_par' dir='ltr' id='par_1_36' title="bbox 114 2240 1668 2336">
     <span class='ocr_line' id='line_1_38' title="bbox 114 2240 1668 2336; baseline -0.019 -17"><span class='ocrx_word' id='word_1_280' title='bbox 114 2240 275 2336; x_wconf 14' lang='grc' dir='ltr'><strong>νοὴμίας</strong></span> <span class='ocrx_word' id='word_1_281' title='bbox 429 2257 812 2329; x_wconf 82' lang='grc' dir='ltr'><strong>παραπλήσιον</strong></span> <span class='ocrx_word' id='word_1_282' title='bbox 858 2249 1099 2305; x_wconf 80' lang='grc' dir='ltr'><strong>ποιοῦσιν</strong></span> <span class='ocrx_word' id='word_1_283' title='bbox 1116 2264 1130 2277; x_wconf 79' lang='lat'><strong>&#39;</strong></span> <span class='ocrx_word' id='word_1_284' title='bbox 1183 2245 1274 2299; x_wconf 76' lang='grc' dir='ltr'><strong>καὶ</strong></span> <span class='ocrx_word' id='word_1_285' title='bbox 1305 2244 1336 2295; x_wconf 82' lang='grc' dir='ltr'><strong>ὁ</strong></span> <span class='ocrx_word' id='word_1_286' title='bbox 1373 2242 1471 2313; x_wconf 82' lang='grc' dir='ltr'><strong>μὲν</strong></span> <span class='ocrx_word' id='word_1_287' title='bbox 1513 2240 1668 2293; x_wconf 86' lang='grc' dir='ltr'><strong>Ματ-</strong></span> 
     </span>
    </p>
   </div>
   <div class='ocr_carea' id='block_1_37' title="bbox 116 2331 1667 2419">
    <p class='ocr_par' dir='ltr' id='par_1_37' title="bbox 116 2331 1667 2419">
     <span class='ocr_line' id='line_1_39' title="bbox 116 2331 1667 2419; baseline -0.017 -9"><span class='ocrx_word' id='word_1_288' title='bbox 116 2331 237 2419; x_wconf 54' lang='lat' dir='ltr'><strong>(aio;</strong></span> <span class='ocrx_word' id='word_1_289' title='bbox 276 2354 478 2417; x_wconf 69' lang='grc' dir='ltr'><strong>οὕτως·</strong></span> <span class='ocrx_word' id='word_1_290' title='bbox 513 2371 532 2404; x_wconf 76' lang='grc' dir='ltr'><strong>ι</strong></span> <span class='ocrx_word' id='word_1_291' title='bbox 572 2350 683 2403; x_wconf 79' lang='lat' dir='ltr'><strong>Kal.</strong></span> <span class='ocrx_word' id='word_1_292' title='bbox 726 2344 1057 2406; x_wconf 76' lang='grc' dir='ltr'><strong>εἰσελθόντος</strong></span> <span class='ocrx_word' id='word_1_293' title='bbox 1091 2337 1256 2395; x_wconf 79' lang='grc' dir='ltr'><strong>αὑτοῦ</strong></span> <span class='ocrx_word' id='word_1_294' title='bbox 1304 2340 1383 2401; x_wconf 79' lang='grc' dir='ltr'><strong>εἰς</strong></span> <span class='ocrx_word' id='word_1_295' title='bbox 1438 2331 1667 2406; x_wconf 85' lang='grc' dir='ltr'><strong>Ἰεροσό-</strong></span> 
     </span>
    </p>
   </div>
   <div class='ocr_carea' id='block_1_38' title="bbox 115 2427 1671 2516">
    <p class='ocr_par' dir='ltr' id='par_1_38' title="bbox 115 2427 1671 2516">
     <span class='ocr_line' id='line_1_40' title="bbox 115 2427 1671 2516; baseline -0.014 -18"><span class='ocrx_word' id='word_1_296' title='bbox 115 2446 257 2515; x_wconf 79' lang='grc' dir='ltr'><strong>λυμα,</strong></span> <span class='ocrx_word' id='word_1_297' title='bbox 307 2443 531 2516; x_wconf 84' lang='grc' dir='ltr'><strong>ἐσείσθη</strong></span> <span class='ocrx_word' id='word_1_298' title='bbox 602 2442 752 2495; x_wconf 79' lang='grc' dir='ltr'><strong>πᾶσα</strong></span> <span class='ocrx_word' id='word_1_299' title='bbox 788 2440 823 2508; x_wconf 81' lang='grc' dir='ltr'>ἡ</span> <span class='ocrx_word' id='word_1_300' title='bbox 870 2435 1022 2498; x_wconf 82' lang='grc' dir='ltr'><strong>πόλις</strong></span> <span class='ocrx_word' id='word_1_301' title='bbox 1068 2432 1337 2501; x_wconf 76' lang='grc' dir='ltr'><strong>λέγουσαο</strong></span> <span class='ocrx_word' id='word_1_302' title='bbox 1383 2427 1481 2490; x_wconf 86' lang='grc' dir='ltr'><strong>Τίς</strong></span> <span class='ocrx_word' id='word_1_303' title='bbox 1524 2427 1671 2478; x_wconf 89' lang='grc' dir='ltr'><strong>ἐστιν</strong></span> 
     </span>
    </p>
   </div>
   <div class='ocr_carea' id='block_1_39' title="bbox 115 2519 1674 2606">
    <p class='ocr_par' dir='ltr' id='par_1_39' title="bbox 115 2519 1674 2606">
     <span class='ocr_line' id='line_1_41' title="bbox 115 2519 1674 2606; baseline -0.015 -14"><span class='ocrx_word' id='word_1_304' title='bbox 115 2530 275 2605; x_wconf 53' lang='grc' dir='ltr'><strong>οὗτος</strong></span> <span class='ocrx_word' id='word_1_305' title='bbox 302 2538 371 2590; x_wconf 87' lang='grc' dir='ltr'><strong>Οί</strong></span> <span class='ocrx_word' id='word_1_306' title='bbox 399 2535 457 2589; x_wconf 75' lang='grc' dir='ltr'><strong>δὲ</strong></span> <span class='ocrx_word' id='word_1_307' title='bbox 475 2534 622 2606; x_wconf 73' lang='grc' dir='ltr'><strong>ὄχλοι</strong></span> <span class='ocrx_word' id='word_1_308' title='bbox 641 2531 845 2600; x_wconf 60' lang='grc' dir='ltr'><strong>ἔλεγον</strong></span> <span class='ocrx_word' id='word_1_309' title='bbox 865 2522 1035 2589; x_wconf 72' lang='grc' dir='ltr'><strong>Οὗτός</strong></span> <span class='ocrx_word' id='word_1_310' title='bbox 1060 2527 1208 2578; x_wconf 87' lang='grc' dir='ltr'><strong>ἐστιν</strong></span> <span class='ocrx_word' id='word_1_311' title='bbox 1252 2519 1458 2593; x_wconf 83' lang='grc' dir='ltr'><strong>Ἰησοῦς</strong></span> <span class='ocrx_word' id='word_1_312' title='bbox 1482 2519 1512 2571; x_wconf 90' lang='grc' dir='ltr'><strong>ό</strong></span> <span class='ocrx_word' id='word_1_313' title='bbox 1540 2532 1674 2589; x_wconf 89' lang='grc' dir='ltr'><strong>προ-</strong></span> 
     </span>
    </p>
   </div>
   <div class='ocr_carea' id='block_1_40' title="bbox 119 2607 1673 2699">
    <p class='ocr_par' dir='ltr' id='par_1_40' title="bbox 119 2607 1673 2699">
     <span class='ocr_line' id='line_1_42' title="bbox 119 2607 1673 2699; baseline -0.017 -14"><span class='ocrx_word' id='word_1_314' title='bbox 119 2629 287 2699; x_wconf 69' lang='grc' dir='ltr'><strong>φήτης,</strong></span> <span class='ocrx_word' id='word_1_315' title='bbox 316 2628 346 2680; x_wconf 85' lang='grc' dir='ltr'><strong>ό</strong></span> <span class='ocrx_word' id='word_1_316' title='bbox 377 2625 490 2678; x_wconf 74' lang='grc' dir='ltr'><strong>ἀπὸ</strong></span> <span class='ocrx_word' id='word_1_317' title='bbox 516 2622 769 2693; x_wconf 76' lang='grc' dir='ltr'><strong>Ναζαρὲτ</strong></span> <span class='ocrx_word' id='word_1_318' title='bbox 799 2620 900 2689; x_wconf 76' lang='grc' dir='ltr'><strong>τῆς</strong></span> <span class='ocrx_word' id='word_1_319' title='bbox 936 2615 1224 2677; x_wconf 79' lang='grc' dir='ltr'><strong>Γαλιλαίας</strong></span> <span class='ocrx_word' id='word_1_320' title='bbox 1242 2629 1257 2645; x_wconf 75' lang='grc' dir='ltr'><strong>ο</strong></span> <span class='ocrx_word' id='word_1_321' title='bbox 1294 2612 1390 2666; x_wconf 77' lang='grc' dir='ltr'><strong>καὶ</strong></span> <span class='ocrx_word' id='word_1_322' title='bbox 1426 2607 1673 2680; x_wconf 78' lang='grc' dir='ltr'><strong>εἰσῆλθεν</strong></span> 
     </span>
    </p>
   </div>
   <div class='ocr_carea' id='block_1_41' title="bbox 128 2704 1675 2790">
    <p class='ocr_par' dir='ltr' id='par_1_41' title="bbox 128 2704 1675 2790">
     <span class='ocr_line' id='line_1_43' title="bbox 128 2704 1675 2790; baseline -0.014 -16"><span class='ocrx_word' id='word_1_323' title='bbox 128 2720 308 2790; x_wconf 78' lang='grc' dir='ltr'><strong>Ἰησοῦς</strong></span> <span class='ocrx_word' id='word_1_324' title='bbox 341 2720 423 2782; x_wconf 84' lang='grc' dir='ltr'><strong>είς</strong></span> <span class='ocrx_word' id='word_1_325' title='bbox 464 2716 527 2770; x_wconf 74' lang='grc' dir='ltr'><strong>τὸ</strong></span> <span class='ocrx_word' id='word_1_326' title='bbox 570 2715 731 2787; x_wconf 80' lang='grc' dir='ltr'><strong>ἱερὸν,</strong></span> <span class='ocrx_word' id='word_1_327' title='bbox 778 2715 871 2767; x_wconf 74' lang='grc' dir='ltr'><strong>καὶ</strong></span> <span class='ocrx_word' id='word_1_328' title='bbox 901 2708 1120 2776; x_wconf 80' lang='grc' dir='ltr'><strong>ἐξέϐαλε</strong></span> <span class='ocrx_word' id='word_1_329' title='bbox 1153 2706 1362 2769; x_wconf 84' lang='grc' dir='ltr'><strong>πάντας</strong></span> <span class='ocrx_word' id='word_1_330' title='bbox 1402 2704 1527 2766; x_wconf 75' lang='grc' dir='ltr'><strong>τοὺς</strong></span> <span class='ocrx_word' id='word_1_331' title='bbox 1558 2717 1675 2755; x_wconf 88' lang='grc' dir='ltr'><strong>πω-</strong></span> 
     </span>
    </p>
   </div>
   <div class='ocr_carea' id='block_1_42' title="bbox 118 2795 1677 2880">
    <p class='ocr_par' dir='ltr' id='par_1_42' title="bbox 118 2795 1677 2880">
     <span class='ocr_line' id='line_1_44' title="bbox 118 2795 1677 2880; baseline -0.013 -13"><span class='ocrx_word' id='word_1_332' title='bbox 118 2813 315 2877; x_wconf 70' lang='grc' dir='ltr'><strong>λοῦντας</strong></span> <span class='ocrx_word' id='word_1_333' title='bbox 341 2813 438 2865; x_wconf 71' lang='grc' dir='ltr'><strong>καὶ</strong></span> <span class='ocrx_word' id='word_1_334' title='bbox 467 2809 834 2880; x_wconf 78' lang='grc' dir='ltr'><strong>ἀγοράζοντας</strong></span> <span class='ocrx_word' id='word_1_335' title='bbox 866 2805 924 2859; x_wconf 89' lang='grc' dir='ltr'><strong>ἐν</strong></span> <span class='ocrx_word' id='word_1_336' title='bbox 955 2802 1035 2875; x_wconf 87' lang='grc' dir='ltr'><strong>τῷ</strong></span> <span class='ocrx_word' id='word_1_337' title='bbox 1068 2799 1219 2873; x_wconf 81' lang='grc' dir='ltr'><strong>ἱερῷ,</strong></span> <span class='ocrx_word' id='word_1_338' title='bbox 1266 2797 1364 2851; x_wconf 57' lang='grc' dir='ltr'><strong>καλ⁵</strong></span> <span class='ocrx_word' id='word_1_339' title='bbox 1407 2795 1509 2860; x_wconf 78' lang='grc' dir='ltr'><strong>τὰς</strong></span> <span class='ocrx_word' id='word_1_340' title='bbox 1539 2811 1677 2867; x_wconf 89' lang='grc' dir='ltr'><strong>τρα-</strong></span> 
     </span>
    </p>
   </div>
   <div class='ocr_carea' id='block_1_43' title="bbox 123 2885 1677 2968">
    <p class='ocr_par' dir='ltr' id='par_1_43' title="bbox 123 2885 1677 2968">
     <span class='ocr_line' id='line_1_45' title="bbox 123 2885 1677 2968; baseline -0.01 -14"><span class='ocrx_word' id='word_1_341' title='bbox 123 2903 265 2968; x_wconf 72' lang='grc' dir='ltr'><strong>πέζας</strong></span> <span class='ocrx_word' id='word_1_342' title='bbox 290 2902 401 2956; x_wconf 79' lang='grc' dir='ltr'><strong>τῶν</strong></span> <span class='ocrx_word' id='word_1_343' title='bbox 451 2898 814 2954; x_wconf 81' lang='grc' dir='ltr'><strong>κολλυϐιστῶν</strong></span> <span class='ocrx_word' id='word_1_344' title='bbox 865 2890 1202 2964; x_wconf 83' lang='grc' dir='ltr'><strong>κατέστρεψε</strong></span> <span class='ocrx_word' id='word_1_345' title='bbox 1256 2888 1393 2961; x_wconf 77' lang='grc'>(55),</span> <span class='ocrx_word' id='word_1_346' title='bbox 1442 2887 1538 2941; x_wconf 82' lang='grc' dir='ltr'><strong>καὶ</strong></span> <span class='ocrx_word' id='word_1_347' title='bbox 1579 2885 1677 2951; x_wconf 86' lang='grc' dir='ltr'><strong>τάς</strong></span> 
     </span>
    </p>
   </div>
   <div class='ocr_carea' id='block_1_44' title="bbox 123 2976 1678 3065">
    <p class='ocr_par' dir='ltr' id='par_1_44' title="bbox 123 2976 1678 3065">
     <span class='ocr_line' id='line_1_46' title="bbox 123 2976 1678 3065; baseline -0.012 -19"><span class='ocrx_word' id='word_1_348' title='bbox 123 2993 363 3065; x_wconf 74' lang='grc' dir='ltr'><strong>καθέδρας</strong></span> <span class='ocrx_word' id='word_1_349' title='bbox 383 2990 496 3045; x_wconf 86' lang='grc' dir='ltr'><strong>τῶν</strong></span> <span class='ocrx_word' id='word_1_350' title='bbox 529 2988 852 3043; x_wconf 81' lang='grc' dir='ltr'><strong>πωλούντων</strong></span> <span class='ocrx_word' id='word_1_351' title='bbox 880 2984 979 3049; x_wconf 84' lang='grc' dir='ltr'><strong>τὰς</strong></span> <span class='ocrx_word' id='word_1_352' title='bbox 1016 2980 1349 3054; x_wconf 87' lang='grc' dir='ltr'><strong>περιστεράς</strong></span> <span class='ocrx_word' id='word_1_353' title='bbox 1368 2996 1382 3012; x_wconf 88' lang='grc'><strong>·</strong></span> <span class='ocrx_word' id='word_1_354' title='bbox 1410 2976 1506 3033; x_wconf 83' lang='grc' dir='ltr'><strong>καὶ</strong></span> <span class='ocrx_word' id='word_1_355' title='bbox 1530 2976 1678 3046; x_wconf 81' lang='grc' dir='ltr'><strong>λέγει</strong></span> 
     </span>
    </p>
   </div>
   <div class='ocr_carea' id='block_1_45' title="bbox 124 3068 1683 3155">
    <p class='ocr_par' dir='ltr' id='par_1_45' title="bbox 124 3068 1683 3155">
     <span class='ocr_line' id='line_1_47' title="bbox 124 3068 1683 3155; baseline -0.01 -18"><span class='ocrx_word' id='word_1_356' title='bbox 124 3085 278 3149; x_wconf 73' lang='grc' dir='ltr'><strong>αὐτοῖς</strong></span> <span class='ocrx_word' id='word_1_357' title='bbox 297 3102 311 3116; x_wconf 62' lang='grc' dir='ltr'>θ</span> <span class='ocrx_word' id='word_1_358' title='bbox 343 3083 660 3155; x_wconf 83' lang='grc' dir='ltr'><strong>Γέγραπται</strong></span> <span class='ocrx_word' id='word_1_359' title='bbox 678 3097 693 3111; x_wconf 67' lang='grc' dir='ltr'><strong>θ</strong></span> <span class='ocrx_word' id='word_1_360' title='bbox 753 3079 814 3133; x_wconf 83' lang='grc'><strong>’0</strong></span> <span class='ocrx_word' id='word_1_361' title='bbox 856 3075 1004 3141; x_wconf 77' lang='grc' dir='ltr'><strong>οἶκός</strong></span> <span class='ocrx_word' id='word_1_362' title='bbox 1054 3091 1154 3147; x_wconf 88' lang='grc' dir='ltr'><strong>μου</strong></span> <span class='ocrx_word' id='word_1_363' title='bbox 1191 3070 1339 3137; x_wconf 71' lang='grc' dir='ltr'><strong>οἶκος</strong></span> <span class='ocrx_word' id='word_1_364' title='bbox 1373 3068 1683 3143; x_wconf 82' lang='grc' dir='ltr'><strong>προσευχῆς</strong></span> 
     </span>
    </p>
   </div>
   <div class='ocr_carea' id='block_1_46' title="bbox 60 3160 1751 3248">
    <p class='ocr_par' dir='ltr' id='par_1_46' title="bbox 60 3160 1751 3248">
     <span class='ocr_line' id='line_1_48' title="bbox 60 3160 1751 3248; baseline -0.01 -17"><span class='ocrx_word' id='word_1_365' title='bbox 60 3229 65 3233; x_wconf 71' lang='grc'>,</span> <span class='ocrx_word' id='word_1_366' title='bbox 126 3174 463 3247; x_wconf 65' lang='grc' dir='ltr'><strong>ιὰηθήσεται·</strong></span> <span class='ocrx_word' id='word_1_367' title='bbox 546 3174 706 3243; x_wconf 81' lang='grc' dir='ltr'><strong>ὑμεῖς</strong></span> <span class='ocrx_word' id='word_1_368' title='bbox 770 3169 827 3223; x_wconf 71' lang='grc' dir='ltr'><strong>δὲ</strong></span> <span class='ocrx_word' id='word_1_369' title='bbox 903 3166 1065 3222; x_wconf 81' lang='grc' dir='ltr'><strong>αὐτὸν</strong></span> <span class='ocrx_word' id='word_1_370' title='bbox 1141 3165 1343 3218; x_wconf 84' lang='grc' dir='ltr'><strong>ποιεῖτε</strong></span> <span class='ocrx_word' id='word_1_371' title='bbox 1415 3160 1679 3231; x_wconf 85' lang='grc' dir='ltr'><strong>σπήλαιον</strong></span> <span class='ocrx_word' id='word_1_372' title='bbox 1707 3189 1751 3248; x_wconf 74' lang='lat' dir='ltr'>c</span> 
     </span>
    </p>
   </div>
   <div class='ocr_carea' id='block_1_47' title="bbox 126 3250 1683 3339">
    <p class='ocr_par' dir='ltr' id='par_1_47' title="bbox 126 3250 1683 3339">
     <span class='ocr_line' id='line_1_49' title="bbox 126 3250 1683 3339; baseline -0.011 -20"><span class='ocrx_word' id='word_1_373' title='bbox 126 3266 330 3339; x_wconf 71' lang='grc' dir='ltr'><strong>λῃστῶν.</strong></span> <span class='ocrx_word' id='word_1_374' title='bbox 371 3284 392 3318; x_wconf 74' lang='grc' dir='ltr'><strong><em>ι</em></strong></span> <span class='ocrx_word' id='word_1_375' title='bbox 439 3265 500 3318; x_wconf 91' lang='lat'><strong>&#39;0</strong></span> <span class='ocrx_word' id='word_1_376' title='bbox 528 3263 588 3318; x_wconf 77' lang='grc' dir='ltr'><strong>δέ</strong></span> <span class='ocrx_word' id='word_1_377' title='bbox 621 3261 877 3333; x_wconf 76' lang='grc' dir='ltr'><strong>Μάρκοςο</strong></span> <span class='ocrx_word' id='word_1_378' title='bbox 920 3277 941 3311; x_wconf 71' lang='grc' dir='ltr'><strong><em>ι</em></strong></span> <span class='ocrx_word' id='word_1_379' title='bbox 980 3256 1093 3312; x_wconf 78' lang='lat' dir='ltr'><strong>Kal.</strong></span> <span class='ocrx_word' id='word_1_380' title='bbox 1117 3256 1365 3328; x_wconf 76' lang='grc' dir='ltr'><strong>ἔρχονται</strong></span> <span class='ocrx_word' id='word_1_381' title='bbox 1396 3252 1477 3314; x_wconf 79' lang='grc' dir='ltr'><strong>είς</strong></span> <span class='ocrx_word' id='word_1_382' title='bbox 1521 3250 1683 3323; x_wconf 84' lang='grc' dir='ltr'><strong>Ἰερο-</strong></span> 
     </span>
    </p>
   </div>
   <div class='ocr_carea' id='block_1_48' title="bbox 129 3343 1683 3432">
    <p class='ocr_par' dir='ltr' id='par_1_48' title="bbox 129 3343 1683 3432">
     <span class='ocr_line' id='line_1_50' title="bbox 129 3343 1683 3432; baseline -0.013 -16"><span class='ocrx_word' id='word_1_383' title='bbox 129 3362 342 3432; x_wconf 66' lang='grc' dir='ltr'><strong>τέλυμα·</strong></span> <span class='ocrx_word' id='word_1_384' title='bbox 375 3360 470 3415; x_wconf 74' lang='grc' dir='ltr'><strong>καὶ</strong></span> <span class='ocrx_word' id='word_1_385' title='bbox 502 3355 755 3412; x_wconf 75' lang='grc' dir='ltr'><strong>εἰσελθὼν</strong></span> <span class='ocrx_word' id='word_1_386' title='bbox 784 3356 864 3418; x_wconf 88' lang='grc' dir='ltr'><strong>είς</strong></span> <span class='ocrx_word' id='word_1_387' title='bbox 893 3353 955 3407; x_wconf 81' lang='grc' dir='ltr'><strong>τὸ</strong></span> <span class='ocrx_word' id='word_1_388' title='bbox 981 3351 1123 3423; x_wconf 75' lang='grc' dir='ltr'><strong>ἱερὸν</strong></span> <span class='ocrx_word' id='word_1_389' title='bbox 1158 3348 1363 3420; x_wconf 71' lang='grc' dir='ltr'><strong>ἤρξατο</strong></span> <span class='ocrx_word' id='word_1_390' title='bbox 1403 3343 1683 3400; x_wconf 77' lang='grc' dir='ltr'><strong>ἐκϐάλλειν</strong></span> 
     </span>
    </p>
   </div>
   <div class='ocr_carea' id='block_1_49' title="bbox 130 3436 1687 3519">
    <p class='ocr_par' dir='ltr' id='par_1_49' title="bbox 130 3436 1687 3519">
     <span class='ocr_line' id='line_1_51' title="bbox 130 3436 1687 3519; baseline -0.013 -8"><span class='ocrx_word' id='word_1_391' title='bbox 130 3455 235 3519; x_wconf 68' lang='grc' dir='ltr'><strong>τοὺς</strong></span> <span class='ocrx_word' id='word_1_392' title='bbox 278 3453 594 3515; x_wconf 78' lang='grc' dir='ltr'><strong>πωλοῦντας</strong></span> <span class='ocrx_word' id='word_1_393' title='bbox 642 3450 739 3505; x_wconf 75' lang='grc' dir='ltr'><strong>καὶ</strong></span> <span class='ocrx_word' id='word_1_394' title='bbox 789 3443 1158 3518; x_wconf 79' lang='grc' dir='ltr'><strong>ἀγοράζοντας</strong></span> <span class='ocrx_word' id='word_1_395' title='bbox 1196 3444 1256 3496; x_wconf 83' lang='grc' dir='ltr'><strong>ἐν</strong></span> <span class='ocrx_word' id='word_1_396' title='bbox 1285 3440 1362 3511; x_wconf 84' lang='grc' dir='ltr'><strong>τῷ</strong></span> <span class='ocrx_word' id='word_1_397' title='bbox 1392 3436 1539 3511; x_wconf 79' lang='grc' dir='ltr'><strong>ἱερῷ,</strong></span> <span class='ocrx_word' id='word_1_398' title='bbox 1589 3436 1687 3491; x_wconf 79' lang='grc' dir='ltr'><strong>καὶ</strong></span> 
     </span>
    </p>
   </div>
   <div class='ocr_carea' id='block_1_50' title="bbox 106 3528 1686 3618">
    <p class='ocr_par' dir='ltr' id='par_1_50' title="bbox 106 3528 1686 3618">
     <span class='ocr_line' id='line_1_52' title="bbox 106 3528 1686 3618; baseline -0.015 -16"><span class='ocrx_word' id='word_1_399' title='bbox 106 3548 213 3610; x_wconf 66' lang='grc' dir='ltr'><strong>’τὶς</strong></span> <span class='ocrx_word' id='word_1_400' title='bbox 242 3544 517 3618; x_wconf 75' lang='grc' dir='ltr'><strong>τραπέζας</strong></span> <span class='ocrx_word' id='word_1_401' title='bbox 544 3542 654 3596; x_wconf 85' lang='grc' dir='ltr'><strong>τῶν</strong></span> <span class='ocrx_word' id='word_1_402' title='bbox 694 3536 1058 3595; x_wconf 83' lang='grc' dir='ltr'><strong>κολλυϐιστῶν</strong></span> <span class='ocrx_word' id='word_1_403' title='bbox 1096 3530 1414 3603; x_wconf 77' lang='grc' dir='ltr'><strong>ἀνέστρεψε,</strong></span> <span class='ocrx_word' id='word_1_404' title='bbox 1451 3528 1547 3583; x_wconf 80' lang='grc' dir='ltr'><strong>καὶ</strong></span> <span class='ocrx_word' id='word_1_405' title='bbox 1586 3528 1686 3591; x_wconf 80' lang='grc' dir='ltr'><strong>τὰς</strong></span> 
     </span>
    </p>
   </div>
   <div class='ocr_carea' id='block_1_51' title="bbox 131 3618 1688 3709">
    <p class='ocr_par' dir='ltr' id='par_1_51' title="bbox 131 3618 1688 3709">
     <span class='ocr_line' id='line_1_53' title="bbox 131 3618 1688 3709; baseline -0.013 -18"><span class='ocrx_word' id='word_1_406' title='bbox 131 3637 374 3709; x_wconf 73' lang='grc' dir='ltr'><strong>καθέδρας</strong></span> <span class='ocrx_word' id='word_1_407' title='bbox 409 3634 521 3688; x_wconf 84' lang='grc' dir='ltr'><strong>τῶν</strong></span> <span class='ocrx_word' id='word_1_408' title='bbox 556 3631 882 3688; x_wconf 83' lang='grc' dir='ltr'><strong>πωλούντων</strong></span> <span class='ocrx_word' id='word_1_409' title='bbox 918 3628 1017 3692; x_wconf 83' lang='grc' dir='ltr'><strong>τὰς</strong></span> <span class='ocrx_word' id='word_1_410' title='bbox 1060 3622 1410 3697; x_wconf 85' lang='grc' dir='ltr'><strong>περιστερὰς,</strong></span> <span class='ocrx_word' id='word_1_411' title='bbox 1460 3620 1554 3673; x_wconf 74' lang='grc' dir='ltr'><strong>καὶ</strong></span> <span class='ocrx_word' id='word_1_412' title='bbox 1587 3618 1688 3672; x_wconf 81' lang='grc' dir='ltr'><strong>οὐκ</strong></span> 
     </span>
    </p>
   </div>
   <div class='ocr_carea' id='block_1_52' title="bbox 132 3710 1689 3798">
    <p class='ocr_par' dir='ltr' id='par_1_52' title="bbox 132 3710 1689 3798">
     <span class='ocr_line' id='line_1_54' title="bbox 132 3710 1689 3798; baseline -0.013 -16"><span class='ocrx_word' id='word_1_413' title='bbox 132 3730 271 3798; x_wconf 51' lang='lat' dir='ltr'><strong>llam</strong></span> <span class='ocrx_word' id='word_1_414' title='bbox 307 3729 393 3782; x_wconf 76' lang='grc' dir='ltr'><strong>ἴνα</strong></span> <span class='ocrx_word' id='word_1_415' title='bbox 433 3743 521 3790; x_wconf 88' lang='grc' dir='ltr'><strong>τις</strong></span> <span class='ocrx_word' id='word_1_416' title='bbox 567 3722 817 3794; x_wconf 79' lang='grc' dir='ltr'><strong>διενέγκῃ</strong></span> <span class='ocrx_word' id='word_1_417' title='bbox 864 3717 1057 3781; x_wconf 80' lang='grc' dir='ltr'><strong>σκεῦος</strong></span> <span class='ocrx_word' id='word_1_418' title='bbox 1103 3715 1192 3769; x_wconf 72' lang='grc' dir='ltr'><strong>διὰ</strong></span> <span class='ocrx_word' id='word_1_419' title='bbox 1222 3713 1317 3768; x_wconf 80' lang='grc' dir='ltr'><strong>τοῦ</strong></span> <span class='ocrx_word' id='word_1_420' title='bbox 1357 3710 1502 3784; x_wconf 82' lang='grc' dir='ltr'><strong>ἱεροῦ</strong></span> <span class='ocrx_word' id='word_1_421' title='bbox 1524 3727 1536 3738; x_wconf 80' lang='grc'><strong>’</strong></span> <span class='ocrx_word' id='word_1_422' title='bbox 1593 3710 1689 3763; x_wconf 75' lang='grc' dir='ltr'><strong>καὶ</strong></span> 
     </span>
    </p>
   </div>
   <div class='ocr_carea' id='block_1_53' title="bbox 136 3801 1691 3885">
    <p class='ocr_par' dir='ltr' id='par_1_53' title="bbox 136 3801 1691 3885">
     <span class='ocr_line' id='line_1_55' title="bbox 136 3801 1691 3885; baseline -0.012 -13"><span class='ocrx_word' id='word_1_423' title='bbox 136 3819 376 3884; x_wconf 77' lang='grc' dir='ltr'><strong>ἐδίδασκε,</strong></span> <span class='ocrx_word' id='word_1_424' title='bbox 425 3819 520 3873; x_wconf 77' lang='grc' dir='ltr'><strong>καὶ</strong></span> <span class='ocrx_word' id='word_1_425' title='bbox 562 3816 746 3885; x_wconf 75' lang='grc' dir='ltr'><strong>ἔλεγεν</strong></span> <span class='ocrx_word' id='word_1_426' title='bbox 786 3813 997 3876; x_wconf 74' lang='grc' dir='ltr'><strong>αὐτοῖς’</strong></span> <span class='ocrx_word' id='word_1_427' title='bbox 1042 3811 1117 3863; x_wconf 84' lang='grc' dir='ltr'><strong>Ού</strong></span> <span class='ocrx_word' id='word_1_428' title='bbox 1163 3808 1495 3878; x_wconf 85' lang='grc' dir='ltr'><strong>γέγραπται,</strong></span> <span class='ocrx_word' id='word_1_429' title='bbox 1538 3804 1621 3856; x_wconf 82' lang='grc' dir='ltr'><strong>ὅτι</strong></span> <span class='ocrx_word' id='word_1_430' title='bbox 1661 3801 1691 3854; x_wconf 84' lang='grc' dir='ltr'><strong>ό</strong></span> 
     </span>
    </p>
   </div>
   <div class='ocr_carea' id='block_1_54' title="bbox 135 3895 1691 3983">
    <p class='ocr_par' dir='ltr' id='par_1_54' title="bbox 135 3895 1691 3983">
     <span class='ocr_line' id='line_1_56' title="bbox 135 3895 1691 3983; baseline -0.013 -17"><span class='ocrx_word' id='word_1_431' title='bbox 135 3905 261 3976; x_wconf 72' lang='grc' dir='ltr'><strong>οἶκός</strong></span> <span class='ocrx_word' id='word_1_432' title='bbox 306 3930 405 3983; x_wconf 86' lang='grc' dir='ltr'><strong>μου</strong></span> <span class='ocrx_word' id='word_1_433' title='bbox 448 3906 595 3972; x_wconf 75' lang='grc' dir='ltr'><strong>οἶκος</strong></span> <span class='ocrx_word' id='word_1_434' title='bbox 645 3906 956 3980; x_wconf 76' lang='grc' dir='ltr'><strong>προσευχῆς</strong></span> <span class='ocrx_word' id='word_1_435' title='bbox 1012 3901 1344 3974; x_wconf 82' lang='grc' dir='ltr'><strong>κληθήσεται</strong></span> <span class='ocrx_word' id='word_1_436' title='bbox 1393 3898 1531 3950; x_wconf 78' lang='grc' dir='ltr'><strong>πᾶσι</strong></span> <span class='ocrx_word' id='word_1_437' title='bbox 1575 3895 1691 3957; x_wconf 87' lang='grc' dir='ltr'><strong>τοῖς</strong></span> 
     </span>
    </p>
   </div>
   <div class='ocr_carea' id='block_1_55' title="bbox 136 3985 1691 4073">
    <p class='ocr_par' dir='ltr' id='par_1_55' title="bbox 136 3985 1691 4073">
     <span class='ocr_line' id='line_1_57' title="bbox 136 3985 1691 4073; baseline -0.01 -19"><span class='ocrx_word' id='word_1_438' title='bbox 136 4002 353 4069; x_wconf 62' lang='lat' dir='ltr'><strong>lenam;</strong></span> <span class='ocrx_word' id='word_1_439' title='bbox 435 4003 627 4073; x_wconf 79' lang='grc' dir='ltr'><strong>Ὑμεῖς</strong></span> <span class='ocrx_word' id='word_1_440' title='bbox 680 4000 739 4054; x_wconf 75' lang='grc' dir='ltr'><strong>δὲ</strong></span> <span class='ocrx_word' id='word_1_441' title='bbox 809 3994 1148 4067; x_wconf 82' lang='grc' dir='ltr'><strong>πεποιήκατε</strong></span> <span class='ocrx_word' id='word_1_442' title='bbox 1208 3989 1370 4043; x_wconf 83' lang='grc' dir='ltr'><strong>αὐτὸν</strong></span> <span class='ocrx_word' id='word_1_443' title='bbox 1428 3985 1691 4058; x_wconf 85' lang='grc' dir='ltr'><strong>σπήλαιον</strong></span> 
     </span>
    </p>
   </div>
   <div class='ocr_carea' id='block_1_56' title="bbox 137 4072 1694 4162">
    <p class='ocr_par' dir='ltr' id='par_1_56' title="bbox 137 4072 1694 4162">
     <span class='ocr_line' id='line_1_58' title="bbox 137 4072 1694 4162; baseline -0.01 -19"><span class='ocrx_word' id='word_1_444' title='bbox 137 4090 346 4162; x_wconf 72' lang='grc' dir='ltr'><strong>λῃστῶν.</strong></span> <span class='ocrx_word' id='word_1_445' title='bbox 386 4111 406 4145; x_wconf 75' lang='grc' dir='ltr'><strong>ι</strong></span> <span class='ocrx_word' id='word_1_446' title='bbox 458 4072 520 4145; x_wconf 80' lang='lat'><strong>&#39;0</strong></span> <span class='ocrx_word' id='word_1_447' title='bbox 557 4090 616 4147; x_wconf 79' lang='grc' dir='ltr'><strong>δὲ</strong></span> <span class='ocrx_word' id='word_1_448' title='bbox 668 4088 908 4149; x_wconf 81' lang='grc' dir='ltr'><strong>Λουκᾶς’</strong></span> <span class='ocrx_word' id='word_1_449' title='bbox 947 4102 967 4136; x_wconf 72' lang='grc' dir='ltr'>ι</span> <span class='ocrx_word' id='word_1_450' title='bbox 1014 4083 1127 4137; x_wconf 76' lang='grc' dir='ltr'><strong>Καὶ</strong></span> <span class='ocrx_word' id='word_1_451' title='bbox 1158 4080 1234 4144; x_wconf 78' lang='grc' dir='ltr'><strong>ὡς</strong></span> <span class='ocrx_word' id='word_1_452' title='bbox 1265 4079 1512 4151; x_wconf 78' lang='grc' dir='ltr'><strong>ἤγγισεν,</strong></span> <span class='ocrx_word' id='word_1_453' title='bbox 1571 4072 1694 4128; x_wconf 86' lang='grc' dir='ltr'><strong>ίδὼν</strong></span> 
     </span>
    </p>
   </div>
   <div class='ocr_carea' id='block_1_57' title="bbox 138 4166 1695 4252">
    <p class='ocr_par' dir='ltr' id='par_1_57' title="bbox 138 4166 1695 4252">
     <span class='ocr_line' id='line_1_59' title="bbox 138 4166 1695 4252; baseline -0.012 -15"><span class='ocrx_word' id='word_1_454' title='bbox 138 4182 222 4252; x_wconf 78' lang='grc' dir='ltr'><strong>τὴν</strong></span> <span class='ocrx_word' id='word_1_455' title='bbox 251 4183 417 4247; x_wconf 78' lang='grc' dir='ltr'><strong>πόλιν,</strong></span> <span class='ocrx_word' id='word_1_456' title='bbox 454 4181 715 4235; x_wconf 75' lang='grc' dir='ltr'><strong>ἔκλαυσεν</strong></span> <span class='ocrx_word' id='word_1_457' title='bbox 749 4179 835 4234; x_wconf 86' lang='grc' dir='ltr'><strong>ἐπ’</strong></span> <span class='ocrx_word' id='word_1_458' title='bbox 871 4174 1040 4247; x_wconf 76' lang='grc' dir='ltr'><strong>αὑτὴν</strong></span> <span class='ocrx_word' id='word_1_459' title='bbox 1075 4171 1208 4245; x_wconf 77' lang='grc'><strong>(36),</strong></span> <span class='ocrx_word' id='word_1_460' title='bbox 1253 4168 1459 4237; x_wconf 86' lang='grc' dir='ltr'><strong>λέγων·</strong></span> <span class='ocrx_word' id='word_1_461' title='bbox 1497 4167 1617 4220; x_wconf 84' lang='grc' dir='ltr'><strong>Ὅτι</strong></span> <span class='ocrx_word' id='word_1_462' title='bbox 1645 4166 1695 4219; x_wconf 86' lang='grc' dir='ltr'><strong>εί</strong></span> 
     </span>
    </p>
   </div>
   <div class='ocr_carea' id='block_1_58' title="bbox 141 4257 1689 4344">
    <p class='ocr_par' dir='ltr' id='par_1_58' title="bbox 141 4257 1689 4344">
     <span class='ocr_line' id='line_1_60' title="bbox 141 4257 1689 4344; baseline -0.013 -17"><span class='ocrx_word' id='word_1_463' title='bbox 141 4272 292 4341; x_wconf 77' lang='grc' dir='ltr'><strong>ἔγνως</strong></span> <span class='ocrx_word' id='word_1_464' title='bbox 321 4276 375 4327; x_wconf 87' lang='grc' dir='ltr'><strong>ἐν</strong></span> <span class='ocrx_word' id='word_1_465' title='bbox 403 4275 471 4344; x_wconf 84' lang='grc' dir='ltr'><strong>τῇ</strong></span> <span class='ocrx_word' id='word_1_466' title='bbox 500 4270 684 4344; x_wconf 62' lang='grc' dir='ltr'><strong>ἡμέρα</strong></span> <span class='ocrx_word' id='word_1_467' title='bbox 706 4268 882 4342; x_wconf 85' lang='grc' dir='ltr'><strong>ταύτῃ</strong></span> <span class='ocrx_word' id='word_1_468' title='bbox 929 4266 1024 4319; x_wconf 76' lang='grc' dir='ltr'><strong>καὶ</strong></span> <span class='ocrx_word' id='word_1_469' title='bbox 1051 4264 1115 4317; x_wconf 82' lang='grc' dir='ltr'><strong>σὺ</strong></span> <span class='ocrx_word' id='word_1_470' title='bbox 1158 4262 1228 4316; x_wconf 83' lang='grc' dir='ltr'><strong>τὰ</strong></span> <span class='ocrx_word' id='word_1_471' title='bbox 1260 4258 1397 4331; x_wconf 71' lang='grc' dir='ltr'><strong>πρὸς</strong></span> <span class='ocrx_word' id='word_1_472' title='bbox 1436 4257 1657 4328; x_wconf 79' lang='grc' dir='ltr'><strong>εἰρήνην</strong></span> <span class='ocrx_word' id='word_1_473' title='bbox 1677 4271 1689 4286; x_wconf 70' lang='grc'><strong>⁸</strong></span> 
     </span>
    </p>
   </div>
   <div class='ocr_carea' id='block_1_59' title="bbox 72 4348 1697 4454">
    <p class='ocr_par' dir='ltr' id='par_1_59' title="bbox 72 4348 1697 4454">
     <span class='ocr_line' id='line_1_61' title="bbox 72 4348 1697 4454; baseline -0.012 -36"><span class='ocrx_word' id='word_1_474' title='bbox 72 4450 76 4454; x_wconf 17' lang='grc' dir='ltr'><strong>Δ</strong></span> <span class='ocrx_word' id='word_1_475' title='bbox 140 4364 222 4417; x_wconf 76' lang='grc' dir='ltr'><strong>νῦν</strong></span> <span class='ocrx_word' id='word_1_476' title='bbox 245 4365 299 4418; x_wconf 83' lang='grc' dir='ltr'><strong>δὲ</strong></span> <span class='ocrx_word' id='word_1_477' title='bbox 324 4363 525 4437; x_wconf 80' lang='grc' dir='ltr'><strong>ἐκρύϐη</strong></span> <span class='ocrx_word' id='word_1_478' title='bbox 550 4362 661 4417; x_wconf 81' lang='grc' dir='ltr'><strong>ἀπὸ</strong></span> <span class='ocrx_word' id='word_1_479' title='bbox 684 4359 977 4431; x_wconf 80' lang='grc' dir='ltr'><strong>ὀφθαλμῶν</strong></span> <span class='ocrx_word' id='word_1_480' title='bbox 1003 4373 1118 4418; x_wconf 91' lang='grc' dir='ltr'><strong>σου,</strong></span> <span class='ocrx_word' id='word_1_481' title='bbox 1147 4355 1229 4408; x_wconf 77' lang='grc' dir='ltr'><strong>ὅτι</strong></span> <span class='ocrx_word' id='word_1_482' title='bbox 1253 4351 1473 4423; x_wconf 78' lang='grc' dir='ltr'><strong>ἥξουσιν</strong></span> <span class='ocrx_word' id='word_1_483' title='bbox 1492 4348 1697 4420; x_wconf 78' lang='grc' dir='ltr'><strong>ἡμέραι</strong></span> 
     </span>
    </p>
   </div>
   <div class='ocr_carea' id='block_1_60' title="bbox 143 4436 1696 4525">
    <p class='ocr_par' dir='ltr' id='par_1_60' title="bbox 143 4436 1696 4525">
     <span class='ocr_line' id='line_1_62' title="bbox 143 4436 1696 4525; baseline -0.012 -18"><span class='ocrx_word' id='word_1_484' title='bbox 143 4456 222 4508; x_wconf 81' lang='grc' dir='ltr'><strong>ἐπί</strong></span> <span class='ocrx_word' id='word_1_485' title='bbox 255 4455 334 4519; x_wconf 74' lang='grc' dir='ltr'><strong>σὲ,</strong></span> <span class='ocrx_word' id='word_1_486' title='bbox 362 4456 455 4511; x_wconf 75' lang='grc' dir='ltr'><strong>καὶ</strong></span> <span class='ocrx_word' id='word_1_487' title='bbox 488 4450 983 4525; x_wconf 85' lang='grc' dir='ltr'><strong>περικυκλώσουσι,</strong></span> <span class='ocrx_word' id='word_1_488' title='bbox 1012 4446 1103 4501; x_wconf 83' lang='grc' dir='ltr'><strong>καί</strong></span> <span class='ocrx_word' id='word_1_489' title='bbox 1139 4439 1416 4506; x_wconf 79' lang='grc' dir='ltr'><strong>συνέξουσί</strong></span> <span class='ocrx_word' id='word_1_490' title='bbox 1470 4454 1531 4491; x_wconf 90' lang='grc' dir='ltr'><strong>σε</strong></span> <span class='ocrx_word' id='word_1_491' title='bbox 1559 4436 1696 4492; x_wconf 83' lang='grc' dir='ltr'><strong>πάν-</strong></span> 
     </span>
    </p>
   </div>
   <div class='ocr_carea' id='block_1_61' title="bbox 142 4526 1778 4611">
    <p class='ocr_par' dir='ltr' id='par_1_61' title="bbox 142 4526 1778 4611">
     <span class='ocr_line' id='line_1_63' title="bbox 142 4526 1778 4611; baseline -0.01 -16"><span class='ocrx_word' id='word_1_492' title='bbox 142 4541 295 4607; x_wconf 80' lang='grc' dir='ltr'><strong>τυθεν,</strong></span> <span class='ocrx_word' id='word_1_493' title='bbox 333 4544 421 4597; x_wconf 73' lang='grc' dir='ltr'><strong>καὶ</strong></span> <span class='ocrx_word' id='word_1_494' title='bbox 453 4540 732 4611; x_wconf 76' lang='grc' dir='ltr'><strong>ἐδαφιοῦσί</strong></span> <span class='ocrx_word' id='word_1_495' title='bbox 765 4556 845 4605; x_wconf 89' lang='grc' dir='ltr'><strong>σε,</strong></span> <span class='ocrx_word' id='word_1_496' title='bbox 891 4535 1079 4591; x_wconf 75' lang='grc' dir='ltr'><strong>καὶτὰ</strong></span> <span class='ocrx_word' id='word_1_497' title='bbox 1105 4534 1271 4589; x_wconf 85' lang='grc' dir='ltr'><strong>τέκνα</strong></span> <span class='ocrx_word' id='word_1_498' title='bbox 1318 4547 1433 4595; x_wconf 90' lang='grc' dir='ltr'><strong>σου,</strong></span> <span class='ocrx_word' id='word_1_499' title='bbox 1470 4528 1565 4582; x_wconf 70' lang='grc' dir='ltr'><strong>καὶ</strong></span> <span class='ocrx_word' id='word_1_500' title='bbox 1601 4526 1703 4579; x_wconf 85' lang='grc' dir='ltr'><strong>οὐκ</strong></span> <span class='ocrx_word' id='word_1_501' title='bbox 1737 4534 1778 4588; x_wconf 83' lang='grc'><strong>1)</strong></span> 
     </span>
    </p>
   </div>
   <div class='ocr_carea' id='block_1_62' title="bbox 144 4616 1697 4705">
    <p class='ocr_par' dir='ltr' id='par_1_62' title="bbox 144 4616 1697 4705">
     <span class='ocr_line' id='line_1_64' title="bbox 144 4616 1697 4705; baseline -0.012 -17"><span class='ocrx_word' id='word_1_502' title='bbox 144 4633 384 4705; x_wconf 76' lang='grc' dir='ltr'><strong>ἀφήσουσι</strong></span> <span class='ocrx_word' id='word_1_503' title='bbox 407 4633 553 4687; x_wconf 91' lang='grc' dir='ltr'><strong>λίθον</strong></span> <span class='ocrx_word' id='word_1_504' title='bbox 579 4632 674 4686; x_wconf 76' lang='grc' dir='ltr'><strong>ἐπὶ</strong></span> <span class='ocrx_word' id='word_1_505' title='bbox 703 4630 850 4684; x_wconf 86' lang='grc' dir='ltr'><strong>λίθον</strong></span> <span class='ocrx_word' id='word_1_506' title='bbox 882 4631 941 4685; x_wconf 83' lang='grc' dir='ltr'><strong>ἐν</strong></span> <span class='ocrx_word' id='word_1_507' title='bbox 975 4627 1079 4692; x_wconf 76' lang='grc' dir='ltr'><strong>σοὶ,</strong></span> <span class='ocrx_word' id='word_1_508' title='bbox 1114 4624 1228 4680; x_wconf 81' lang='grc' dir='ltr'><strong>ἀνθ’</strong></span> <span class='ocrx_word' id='word_1_509' title='bbox 1265 4616 1339 4678; x_wconf 87' lang='grc' dir='ltr'><strong>ὧν</strong></span> <span class='ocrx_word' id='word_1_510' title='bbox 1377 4621 1477 4677; x_wconf 83' lang='grc' dir='ltr'><strong>οὐκ</strong></span> <span class='ocrx_word' id='word_1_511' title='bbox 1526 4617 1697 4687; x_wconf 79' lang='grc' dir='ltr'><strong>ἔγνως</strong></span> 
     </span>
    </p>
   </div>
   <div class='ocr_carea' id='block_1_63' title="bbox 143 4708 1699 4797">
    <p class='ocr_par' dir='ltr' id='par_1_63' title="bbox 143 4708 1699 4797">
     <span class='ocr_line' id='line_1_65' title="bbox 143 4708 1699 4797; baseline -0.011 -19"><span class='ocrx_word' id='word_1_512' title='bbox 143 4726 222 4778; x_wconf 70' lang='grc' dir='ltr'><strong>τὸν</strong></span> <span class='ocrx_word' id='word_1_513' title='bbox 248 4726 425 4796; x_wconf 79' lang='grc' dir='ltr'><strong>καιρὸν</strong></span> <span class='ocrx_word' id='word_1_514' title='bbox 454 4726 555 4797; x_wconf 81' lang='grc' dir='ltr'><strong>τῆς</strong></span> <span class='ocrx_word' id='word_1_515' title='bbox 580 4722 884 4792; x_wconf 81' lang='grc' dir='ltr'><strong>ἐπισκοπῆς</strong></span> <span class='ocrx_word' id='word_1_516' title='bbox 927 4737 1040 4774; x_wconf 89' lang='grc' dir='ltr'><strong>σου.</strong></span> <span class='ocrx_word' id='word_1_517' title='bbox 1076 4718 1186 4773; x_wconf 69' lang='grc' dir='ltr'><strong>Καὶ</strong></span> <span class='ocrx_word' id='word_1_518' title='bbox 1228 4711 1485 4769; x_wconf 79' lang='grc' dir='ltr'><strong>εἰσελθὼν</strong></span> <span class='ocrx_word' id='word_1_519' title='bbox 1517 4712 1597 4774; x_wconf 87' lang='grc' dir='ltr'><strong>είς</strong></span> <span class='ocrx_word' id='word_1_520' title='bbox 1638 4708 1699 4762; x_wconf 85' lang='grc' dir='ltr'><strong>τὸ</strong></span> 
     </span>
    </p>
   </div>
   <div class='ocr_carea' id='block_1_64' title="bbox 145 4800 1697 4890">
    <p class='ocr_par' dir='ltr' id='par_1_64' title="bbox 145 4800 1697 4890">
     <span class='ocr_line' id='line_1_66' title="bbox 145 4800 1697 4890; baseline -0.011 -19"><span class='ocrx_word' id='word_1_521' title='bbox 145 4818 273 4890; x_wconf 73' lang='grc' dir='ltr'><strong>ίερον</strong></span> <span class='ocrx_word' id='word_1_522' title='bbox 297 4818 496 4890; x_wconf 66' lang='grc' dir='ltr'><strong>ἠρξατο</strong></span> <span class='ocrx_word' id='word_1_523' title='bbox 522 4815 807 4872; x_wconf 74' lang='grc' dir='ltr'><strong>ἐκϐάλλειν</strong></span> <span class='ocrx_word' id='word_1_524' title='bbox 849 4813 973 4875; x_wconf 76' lang='grc' dir='ltr'><strong>τοὺς</strong></span> <span class='ocrx_word' id='word_1_525' title='bbox 1014 4807 1348 4870; x_wconf 76' lang='grc' dir='ltr'><strong>πωλοῦντας,</strong></span> <span class='ocrx_word' id='word_1_526' title='bbox 1381 4804 1553 4873; x_wconf 82' lang='grc' dir='ltr'><strong>λέγων</strong></span> <span class='ocrx_word' id='word_1_527' title='bbox 1598 4800 1697 4854; x_wconf 86' lang='grc' dir='ltr'><strong>αὑ-</strong></span> 
     </span>
    </p>
   </div>
   <div class='ocr_carea' id='block_1_65' title="bbox 144 4892 1699 4981">
    <p class='ocr_par' dir='ltr' id='par_1_65' title="bbox 144 4892 1699 4981">
     <span class='ocr_line' id='line_1_67' title="bbox 144 4892 1699 4981; baseline -0.014 -17"><span class='ocrx_word' id='word_1_528' title='bbox 144 4910 271 4971; x_wconf 56' lang='grc' dir='ltr'><strong>τοῖς</strong></span> <span class='ocrx_word' id='word_1_529' title='bbox 302 4908 642 4981; x_wconf 77' lang='grc' dir='ltr'><strong>Γέγραπταιο</strong></span> <span class='ocrx_word' id='word_1_530' title='bbox 680 4904 789 4958; x_wconf 75' lang='grc' dir='ltr'><strong>Καὶ</strong></span> <span class='ocrx_word' id='word_1_531' title='bbox 812 4901 963 4955; x_wconf 79' lang='grc' dir='ltr'><strong>ἐσται</strong></span> <span class='ocrx_word' id='word_1_532' title='bbox 990 4900 1018 4953; x_wconf 89' lang='grc' dir='ltr'>ὁ</span> <span class='ocrx_word' id='word_1_533' title='bbox 1044 4895 1190 4962; x_wconf 75' lang='grc' dir='ltr'><strong>οἶκός</strong></span> <span class='ocrx_word' id='word_1_534' title='bbox 1233 4914 1332 4968; x_wconf 86' lang='grc' dir='ltr'><strong>μου</strong></span> <span class='ocrx_word' id='word_1_535' title='bbox 1355 4892 1502 4958; x_wconf 72' lang='grc' dir='ltr'><strong>οἶκος</strong></span> <span class='ocrx_word' id='word_1_536' title='bbox 1527 4907 1699 4965; x_wconf 86' lang='grc' dir='ltr'><strong>προσ-</strong></span> 
     </span>
    </p>
   </div>
   <div class='ocr_carea' id='block_1_66' title="bbox 148 4984 1695 5069">
    <p class='ocr_par' dir='ltr' id='par_1_66' title="bbox 148 4984 1695 5069">
     <span class='ocr_line' id='line_1_68' title="bbox 148 4984 1695 5069; baseline -0.008 -21"><span class='ocrx_word' id='word_1_537' title='bbox 148 4998 314 5067; x_wconf 69' lang='grc' dir='ltr'><strong>ευχῆςι</strong></span> <span class='ocrx_word' id='word_1_538' title='bbox 356 4999 505 5069; x_wconf 80' lang='grc' dir='ltr'><strong>ὑμεῖς</strong></span> <span class='ocrx_word' id='word_1_539' title='bbox 540 4996 600 5050; x_wconf 84' lang='grc' dir='ltr'><strong>δὲ</strong></span> <span class='ocrx_word' id='word_1_540' title='bbox 624 4995 918 5066; x_wconf 76' lang='grc' dir='ltr'><strong>ἐποιήσατε</strong></span> <span class='ocrx_word' id='word_1_541' title='bbox 942 4990 1104 5047; x_wconf 82' lang='grc' dir='ltr'><strong>αὑτὸν</strong></span> <span class='ocrx_word' id='word_1_542' title='bbox 1130 4987 1393 5060; x_wconf 86' lang='grc' dir='ltr'><strong>σπήλαιον</strong></span> <span class='ocrx_word' id='word_1_543' title='bbox 1415 4984 1647 5059; x_wconf 85' lang='grc' dir='ltr'><strong>λῃστῶν.</strong></span> <span class='ocrx_word' id='word_1_544' title='bbox 1675 5002 1695 5035; x_wconf 72' lang='grc' dir='ltr'><strong>ι</strong></span> 
     </span>
    </p>
   </div>
   <div class='ocr_carea' id='block_1_67' title="bbox 154 5073 1702 5158">
    <p class='ocr_par' dir='ltr' id='par_1_67' title="bbox 154 5073 1702 5158">
     <span class='ocr_line' id='line_1_69' title="bbox 154 5073 1702 5158; baseline -0.011 -15"><span class='ocrx_word' id='word_1_545' title='bbox 154 5090 278 5143; x_wconf 83' lang='grc' dir='ltr'><strong>Ἕτι⁹</strong></span> <span class='ocrx_word' id='word_1_546' title='bbox 302 5089 361 5143; x_wconf 81' lang='grc' dir='ltr'><strong>δὲ</strong></span> <span class='ocrx_word' id='word_1_547' title='bbox 388 5090 478 5144; x_wconf 68' lang='grc' dir='ltr'><strong>καὶ</strong></span> <span class='ocrx_word' id='word_1_548' title='bbox 516 5086 678 5142; x_wconf 77' lang='grc' dir='ltr'><strong>τοῦτο</strong></span> <span class='ocrx_word' id='word_1_549' title='bbox 722 5082 1162 5158; x_wconf 81' lang='grc' dir='ltr'><strong>παρατηρητέον,</strong></span> <span class='ocrx_word' id='word_1_550' title='bbox 1218 5078 1299 5133; x_wconf 84' lang='grc' dir='ltr'><strong>ὅτι</strong></span> <span class='ocrx_word' id='word_1_551' title='bbox 1332 5080 1445 5141; x_wconf 88' lang='grc' dir='ltr'><strong>τοῖς</strong></span> <span class='ocrx_word' id='word_1_552' title='bbox 1476 5073 1702 5147; x_wconf 71' lang='grc' dir='ltr'><strong>εἰρημέ-</strong></span> 
     </span>
    </p>
   </div>
   <div class='ocr_carea' id='block_1_68' title="bbox 150 5164 1703 5250">
    <p class='ocr_par' dir='ltr' id='par_1_68' title="bbox 150 5164 1703 5250">
     <span class='ocr_line' id='line_1_70' title="bbox 150 5164 1703 5250; baseline -0.011 -15"><span class='ocrx_word' id='word_1_553' title='bbox 150 5197 246 5243; x_wconf 81' lang='grc' dir='ltr'><strong>νοις</strong></span> <span class='ocrx_word' id='word_1_554' title='bbox 280 5180 423 5250; x_wconf 76' lang='grc' dir='ltr'><strong>παρὰ</strong></span> <span class='ocrx_word' id='word_1_555' title='bbox 446 5182 559 5242; x_wconf 77' lang='grc' dir='ltr'><strong>τοῖς</strong></span> <span class='ocrx_word' id='word_1_556' title='bbox 598 5176 777 5250; x_wconf 79' lang='grc' dir='ltr'><strong>τρισὶν</strong></span> <span class='ocrx_word' id='word_1_557' title='bbox 804 5174 899 5228; x_wconf 79' lang='grc' dir='ltr'><strong>ἐπὶ</strong></span> <span class='ocrx_word' id='word_1_558' title='bbox 925 5176 991 5247; x_wconf 82' lang='grc' dir='ltr'><strong>τῇ</strong></span> <span class='ocrx_word' id='word_1_559' title='bbox 1022 5174 1101 5236; x_wconf 87' lang='grc' dir='ltr'><strong>είς</strong></span> <span class='ocrx_word' id='word_1_560' title='bbox 1146 5168 1491 5242; x_wconf 85' lang='grc' dir='ltr'><strong>Ἰεροσόλυμα</strong></span> <span class='ocrx_word' id='word_1_561' title='bbox 1532 5164 1703 5235; x_wconf 81' lang='grc' dir='ltr'><strong>ἀνόδῳ</strong></span> 
     </span>
    </p>
   </div>
   <div class='ocr_carea' id='block_1_69' title="bbox 151 5255 1702 5342">
    <p class='ocr_par' dir='ltr' id='par_1_69' title="bbox 151 5255 1702 5342">
     <span class='ocr_line' id='line_1_71' title="bbox 151 5255 1702 5342; baseline -0.011 -17"><span class='ocrx_word' id='word_1_562' title='bbox 151 5272 232 5325; x_wconf 59' lang='grc' dir='ltr'><strong>τοῦ</strong></span> <span class='ocrx_word' id='word_1_563' title='bbox 260 5271 479 5342; x_wconf 79' lang='grc' dir='ltr'><strong>Κυρίου,</strong></span> <span class='ocrx_word' id='word_1_564' title='bbox 510 5270 634 5326; x_wconf 80' lang='grc' dir='ltr'><strong>καθ’</strong></span> <span class='ocrx_word' id='word_1_565' title='bbox 665 5270 733 5341; x_wconf 85' lang='grc' dir='ltr'><strong>ἢν</strong></span> <span class='ocrx_word' id='word_1_566' title='bbox 771 5267 946 5322; x_wconf 81' lang='grc' dir='ltr'><strong>ταῦτα</strong></span> <span class='ocrx_word' id='word_1_567' title='bbox 990 5263 1288 5334; x_wconf 84' lang='grc' dir='ltr'><strong>πεποίηκεν</strong></span> <span class='ocrx_word' id='word_1_568' title='bbox 1340 5263 1398 5314; x_wconf 82' lang='grc' dir='ltr'><strong>ἐν</strong></span> <span class='ocrx_word' id='word_1_569' title='bbox 1437 5258 1514 5329; x_wconf 84' lang='grc' dir='ltr'><strong>τῷ</strong></span> <span class='ocrx_word' id='word_1_570' title='bbox 1554 5255 1702 5332; x_wconf 85' lang='grc' dir='ltr'><strong>ἱερῷ,</strong></span> 
     </span>
    </p>
   </div>
   <div class='ocr_carea' id='block_1_70' title="bbox 153 5344 1705 5435">
    <p class='ocr_par' dir='ltr' id='par_1_70' title="bbox 153 5344 1705 5435">
     <span class='ocr_line' id='line_1_72' title="bbox 153 5344 1705 5435; baseline -0.01 -22"><span class='ocrx_word' id='word_1_571' title='bbox 153 5362 211 5413; x_wconf 72' lang='grc' dir='ltr'><strong>τὰ</strong></span> <span class='ocrx_word' id='word_1_572' title='bbox 249 5361 588 5435; x_wconf 83' lang='grc' dir='ltr'><strong>παραπλήσια</strong></span> <span class='ocrx_word' id='word_1_573' title='bbox 633 5356 942 5429; x_wconf 76' lang='grc' dir='ltr'><strong>ἀνέγραψεν</strong></span> <span class='ocrx_word' id='word_1_574' title='bbox 977 5358 1006 5410; x_wconf 82' lang='grc' dir='ltr'><strong>ὁ</strong></span> <span class='ocrx_word' id='word_1_575' title='bbox 1063 5352 1313 5423; x_wconf 88' lang='grc' dir='ltr'><strong>Ἰωάννης</strong></span> <span class='ocrx_word' id='word_1_576' title='bbox 1353 5348 1491 5421; x_wconf 85' lang='grc' dir='ltr'><strong>μετὰ</strong></span> <span class='ocrx_word' id='word_1_577' title='bbox 1534 5344 1705 5400; x_wconf 82' lang='grc' dir='ltr'><strong>πολλά</strong></span> 
     </span>
    </p>
   </div>
   <div class='ocr_carea' id='block_1_71' title="bbox 154 5441 1704 5527">
    <p class='ocr_par' dir='ltr' id='par_1_71' title="bbox 154 5441 1704 5527">
     <span class='ocr_line' id='line_1_73' title="bbox 154 5441 1704 5527; baseline -0.008 -20"><span class='ocrx_word' id='word_1_578' title='bbox 154 5455 433 5524; x_wconf 81' lang='grc' dir='ltr'><strong>γεγονέναι,</strong></span> <span class='ocrx_word' id='word_1_579' title='bbox 470 5454 607 5527; x_wconf 80' lang='grc' dir='ltr'><strong>μετὰ</strong></span> <span class='ocrx_word' id='word_1_580' title='bbox 651 5453 844 5524; x_wconf 80' lang='grc' dir='ltr'><strong>ἑτέραν</strong></span> <span class='ocrx_word' id='word_1_581' title='bbox 875 5447 1041 5505; x_wconf 80' lang='grc' dir='ltr'><strong>αὐτοῦ</strong></span> <span class='ocrx_word' id='word_1_582' title='bbox 1083 5446 1231 5520; x_wconf 63' lang='grc' dir='ltr'><strong>παρὰ</strong></span> <span class='ocrx_word' id='word_1_583' title='bbox 1278 5446 1375 5516; x_wconf 81' lang='grc' dir='ltr'><strong>τὴν</strong></span> <span class='ocrx_word' id='word_1_584' title='bbox 1413 5441 1704 5513; x_wconf 79' lang='grc' dir='ltr'><strong>ἐπιδημίαν</strong></span> 
     </span>
    </p>
   </div>
   <div class='ocr_carea' id='block_1_72' title="bbox 156 5532 1705 5620">
    <p class='ocr_par' dir='ltr' id='par_1_72' title="bbox 156 5532 1705 5620">
     <span class='ocr_line' id='line_1_74' title="bbox 156 5532 1705 5620; baseline -0.01 -21"><span class='ocrx_word' id='word_1_585' title='bbox 156 5553 255 5612; x_wconf 77' lang='grc' dir='ltr'><strong>τοῖς</strong></span> <span class='ocrx_word' id='word_1_586' title='bbox 308 5547 708 5620; x_wconf 85' lang='grc' dir='ltr'><strong>Ἰεροσολύμοις.</strong></span> <span class='ocrx_word' id='word_1_587' title='bbox 755 5542 911 5597; x_wconf 77' lang='grc' dir='ltr'><strong>Οὕτω</strong></span> <span class='ocrx_word' id='word_1_588' title='bbox 965 5541 1023 5596; x_wconf 81' lang='grc' dir='ltr'><strong>δὲ</strong></span> <span class='ocrx_word' id='word_1_589' title='bbox 1064 5535 1422 5609; x_wconf 83' lang='grc' dir='ltr'><strong>κατανοητέον</strong></span> <span class='ocrx_word' id='word_1_590' title='bbox 1453 5532 1523 5587; x_wconf 84' lang='grc' dir='ltr'><strong>τὰ</strong></span> <span class='ocrx_word' id='word_1_591' title='bbox 1553 5534 1705 5603; x_wconf 84' lang='grc' dir='ltr'><strong>εἰρη-</strong></span> 
     </span>
    </p>
   </div>
   <div class='ocr_carea' id='block_1_73' title="bbox 219 5672 1449 5754">
    <p class='ocr_par' dir='ltr' id='par_1_73' title="bbox 219 5672 1449 5754">
     <span class='ocr_line' id='line_1_75' title="bbox 219 5672 1449 5754; baseline -0.011 -13"><span class='ocrx_word' id='word_1_592' title='bbox 219 5687 409 5743; x_wconf 72' lang='lat' dir='ltr'><strong>&quot;Joan</strong></span> <span class='ocrx_word' id='word_1_593' title='bbox 444 5689 583 5754; x_wconf 68' lang='grc' dir='ltr'><strong>ιι,ἱῦ</strong></span> <span class='ocrx_word' id='word_1_594' title='bbox 606 5700 722 5754; x_wconf 89' lang='lat' dir='ltr'><strong>seq.</strong></span> <span class='ocrx_word' id='word_1_595' title='bbox 825 5682 871 5715; x_wconf 81' lang='grc'><strong>⁸⁹</strong></span> <span class='ocrx_word' id='word_1_596' title='bbox 903 5672 1302 5739; x_wconf 67' lang='lat' dir='ltr'><strong>hlatth.xxt,l0</strong></span> <span class='ocrx_word' id='word_1_597' title='bbox 1331 5686 1449 5742; x_wconf 87' lang='lat' dir='ltr'><strong>seq.</strong></span> 
     </span>
    </p>
   </div>
   <div class='ocr_carea' id='block_1_74' title="bbox 224 5792 1225 5887">
    <p class='ocr_par' dir='ltr' id='par_1_74' title="bbox 224 5792 1225 5887">
     <span class='ocr_line' id='line_1_76' title="bbox 224 5792 1225 5887; baseline -0.015 -25"><span class='ocrx_word' id='word_1_598' title='bbox 454 5805 534 5857; x_wconf 83' lang='lat' dir='ltr'><strong>lex</strong></span> <span class='ocrx_word' id='word_1_599' title='bbox 564 5799 911 5887; x_wconf 44' lang='lat' dir='ltr'><strong>Hodiernus,</strong></span> <span class='ocrx_word' id='word_1_600' title='bbox 943 5792 1225 5875; x_wconf 76' lang='grc' dir='ltr'><strong>ἀνέτρεψε.</strong></span> 
     </span>
    </p>
   </div>
   <div class='ocr_carea' id='block_1_75' title="bbox 226 5856 1628 5945">
    <p class='ocr_par' dir='ltr' id='par_1_75' title="bbox 226 5856 1628 5945">
     <span class='ocr_line' id='line_1_77' title="bbox 226 5856 1628 5945; baseline -0.011 -19"><span class='ocrx_word' id='word_1_601' title='bbox 226 5856 335 5945; x_wconf 50' lang='grc' dir='ltr'><strong>(θῦῗὴ</strong></span> <span class='ocrx_word' id='word_1_602' title='bbox 370 5874 505 5929; x_wconf 84' lang='lat' dir='ltr'><strong>ldcm</strong></span> <span class='ocrx_word' id='word_1_603' title='bbox 522 5856 697 5929; x_wconf 79' lang='lat' dir='ltr'><strong>codex</strong></span> <span class='ocrx_word' id='word_1_604' title='bbox 730 5856 1315 5929; x_wconf 66' lang='lat' dir='ltr'><strong>Bodleianus&#39;itérum,</strong></span> <span class='ocrx_word' id='word_1_605' title='bbox 1346 5856 1628 5930; x_wconf 79' lang='grc' dir='ltr'><strong>ἀνέτρεψε.</strong></span> 
     </span>
    </p>
   </div>
   <div class='ocr_carea' id='block_1_76' title="bbox 1553 5661 2104 5731">
    <p class='ocr_par' dir='ltr' id='par_1_76' title="bbox 1553 5661 2104 5731">
     <span class='ocr_line' id='line_1_78' title="bbox 1553 5661 2104 5731; baseline -0.029 -6"><span class='ocrx_word' id='word_1_606' title='bbox 1553 5670 1598 5702; x_wconf 82' lang='grc'><strong>⁶⁰</strong></span> <span class='ocrx_word' id='word_1_607' title='bbox 1612 5667 1776 5723; x_wconf 67' lang='lat' dir='ltr'><strong>ﬂare.</strong></span> <span class='ocrx_word' id='word_1_608' title='bbox 1792 5680 1868 5731; x_wconf 79' lang='lat' dir='ltr'><strong>xl,</strong></span> <span class='ocrx_word' id='word_1_609' title='bbox 1899 5661 1968 5717; x_wconf 78' lang='grc'><strong>15</strong></span> <span class='ocrx_word' id='word_1_610' title='bbox 1988 5673 2104 5729; x_wconf 87' lang='lat' dir='ltr'><strong>seq.</strong></span> 
     </span>
    </p>
   </div>
   <div class='ocr_carea' id='block_1_77' title="bbox 1771 1888 3350 1980">
    <p class='ocr_par' dir='ltr' id='par_1_77' title="bbox 1771 1888 3350 1980">
     <span class='ocr_line' id='line_1_79' title="bbox 1771 1888 3350 1980; baseline -0.026 0"><span class='ocrx_word' id='word_1_611' title='bbox 1771 1938 1894 1980; x_wconf 89' lang='lat' dir='ltr'><strong>cum</strong></span> <span class='ocrx_word' id='word_1_612' title='bbox 1924 1916 2102 1975; x_wconf 62' lang='lat' dir='ltr'><strong>caeteri</strong></span> <span class='ocrx_word' id='word_1_613' title='bbox 2151 1913 2267 1969; x_wconf 84' lang='lat' dir='ltr'><strong>fere</strong></span> <span class='ocrx_word' id='word_1_614' title='bbox 2296 1911 2350 1965; x_wconf 89' lang='lat' dir='ltr'><strong>in</strong></span> <span class='ocrx_word' id='word_1_615' title='bbox 2396 1907 2525 1972; x_wconf 81' lang='lat' dir='ltr'><strong>(lue,</strong></span> <span class='ocrx_word' id='word_1_616' title='bbox 2554 1902 2794 1958; x_wconf 89' lang='lat' dir='ltr'><strong>vicinum</strong></span> <span class='ocrx_word' id='word_1_617' title='bbox 2840 1895 2971 1953; x_wconf 89' lang='lat' dir='ltr'><strong>illud</strong></span> <span class='ocrx_word' id='word_1_618' title='bbox 3002 1891 3206 1946; x_wconf 81' lang='lat' dir='ltr'><strong>faciant</strong></span> <span class='ocrx_word' id='word_1_619' title='bbox 3236 1888 3350 1941; x_wconf 88' lang='lat' dir='ltr'><strong>dis-</strong></span> 
     </span>
    </p>
   </div>
   <div class='ocr_carea' id='block_1_78' title="bbox 1773 1982 3353 2089">
    <p class='ocr_par' dir='ltr' id='par_1_78' title="bbox 1773 1982 3353 2089">
     <span class='ocr_line' id='line_1_80' title="bbox 1773 1982 3353 2089; baseline -0.025 -16"><span class='ocrx_word' id='word_1_620' title='bbox 1773 2009 2079 2089; x_wconf 81' lang='lat' dir='ltr'><strong>pensationi</strong></span> <span class='ocrx_word' id='word_1_621' title='bbox 2108 2007 2185 2063; x_wconf 90' lang='lat' dir='ltr'><strong>illi</strong></span> <span class='ocrx_word' id='word_1_622' title='bbox 2214 2018 2334 2075; x_wconf 70' lang='lat' dir='ltr'><strong>qua:</strong></span> <span class='ocrx_word' id='word_1_623' title='bbox 2384 2010 2505 2058; x_wconf 89' lang='lat' dir='ltr'><strong>erat</strong></span> <span class='ocrx_word' id='word_1_624' title='bbox 2533 2008 2775 2067; x_wconf 91' lang='lat' dir='ltr'><strong>tempore</strong></span> <span class='ocrx_word' id='word_1_625' title='bbox 2803 1988 3108 2062; x_wconf 86' lang='lat' dir='ltr'><strong>passionis;</strong></span> <span class='ocrx_word' id='word_1_626' title='bbox 3140 1994 3194 2041; x_wconf 91' lang='lat' dir='ltr'><strong>et</strong></span> <span class='ocrx_word' id='word_1_627' title='bbox 3222 1982 3353 2037; x_wconf 80' lang='lat' dir='ltr'><strong>Mat-</strong></span> 
     </span>
    </p>
   </div>
   <div class='ocr_carea' id='block_1_79' title="bbox 1772 2076 3355 2176">
    <p class='ocr_par' dir='ltr' id='par_1_79' title="bbox 1772 2076 3355 2176">
     <span class='ocr_line' id='line_1_81' title="bbox 1772 2076 3355 2176; baseline -0.024 -10"><span class='ocrx_word' id='word_1_628' title='bbox 1772 2112 1943 2165; x_wconf 77' lang='lat' dir='ltr'><strong>thaeus</strong></span> <span class='ocrx_word' id='word_1_629' title='bbox 1967 2102 2184 2176; x_wconf 87' lang='lat' dir='ltr'><strong>quidem</strong></span> <span class='ocrx_word' id='word_1_630' title='bbox 2214 2100 2295 2153; x_wconf 92' lang='lat' dir='ltr'><strong>sic</strong></span> <span class='ocrx_word' id='word_1_631' title='bbox 2316 2095 2397 2151; x_wconf 76' lang='lat'><strong>&quot;:</strong></span> <span class='ocrx_word' id='word_1_632' title='bbox 2433 2110 2452 2144; x_wconf 75' lang='grc' dir='ltr'><strong>ι</strong></span> <span class='ocrx_word' id='word_1_633' title='bbox 2485 2092 2548 2146; x_wconf 87' lang='lat' dir='ltr'><strong>Et</strong></span> <span class='ocrx_word' id='word_1_634' title='bbox 2574 2103 2695 2144; x_wconf 90' lang='lat' dir='ltr'><strong>cum</strong></span> <span class='ocrx_word' id='word_1_635' title='bbox 2729 2086 2987 2141; x_wconf 86' lang='lat' dir='ltr'><strong>intrasset</strong></span> <span class='ocrx_word' id='word_1_636' title='bbox 3018 2081 3133 2150; x_wconf 91' lang='lat' dir='ltr'><strong>ipse</strong></span> <span class='ocrx_word' id='word_1_637' title='bbox 3163 2076 3355 2131; x_wconf 74' lang='lat' dir='ltr'><strong>llier0~</strong></span> 
     </span>
    </p>
   </div>
   <div class='ocr_carea' id='block_1_80' title="bbox 1772 2167 3353 2276">
    <p class='ocr_par' dir='ltr' id='par_1_80' title="bbox 1772 2167 3353 2276">
     <span class='ocr_line' id='line_1_82' title="bbox 1772 2167 3353 2276; baseline -0.024 -16"><span class='ocrx_word' id='word_1_638' title='bbox 1772 2205 2056 2276; x_wconf 81' lang='lat' dir='ltr'><strong>solymam,</strong></span> <span class='ocrx_word' id='word_1_639' title='bbox 2085 2202 2355 2252; x_wconf 91' lang='lat' dir='ltr'><strong>commota</strong></span> <span class='ocrx_word' id='word_1_640' title='bbox 2379 2196 2462 2243; x_wconf 91' lang='lat' dir='ltr'><strong>est</strong></span> <span class='ocrx_word' id='word_1_641' title='bbox 2486 2184 2737 2241; x_wconf 88' lang='lat' dir='ltr'><strong>universa</strong></span> <span class='ocrx_word' id='word_1_642' title='bbox 2759 2178 2974 2241; x_wconf 84' lang='lat' dir='ltr'><strong>civitas,</strong></span> <span class='ocrx_word' id='word_1_643' title='bbox 2998 2174 3182 2228; x_wconf 82' lang='lat' dir='ltr'><strong>dicens</strong></span> <span class='ocrx_word' id='word_1_644' title='bbox 3198 2167 3353 2236; x_wconf 86' lang='lat' dir='ltr'><strong>:Quis</strong></span> 
     </span>
    </p>
   </div>
   <div class='ocr_carea' id='block_1_81' title="bbox 1772 2259 3355 2354">
    <p class='ocr_par' dir='ltr' id='par_1_81' title="bbox 1772 2259 3355 2354">
     <span class='ocr_line' id='line_1_83' title="bbox 1772 2259 3355 2354; baseline -0.027 0"><span class='ocrx_word' id='word_1_645' title='bbox 1772 2259 2250 2354; x_wconf 50' lang='lat' dir='ltr'><strong>est&#39;lticl&#39;l&#39;urba:</strong></span> <span class='ocrx_word' id='word_1_646' title='bbox 2283 2291 2464 2338; x_wconf 85' lang='lat' dir='ltr'><strong>autem</strong></span> <span class='ocrx_word' id='word_1_647' title='bbox 2501 2276 2787 2333; x_wconf 88' lang='lat' dir='ltr'><strong>dicebant:</strong></span> <span class='ocrx_word' id='word_1_648' title='bbox 2819 2269 2916 2324; x_wconf 84' lang='lat' dir='ltr'><strong>llic</strong></span> <span class='ocrx_word' id='word_1_649' title='bbox 2957 2277 3040 2322; x_wconf 92' lang='lat' dir='ltr'><strong>est</strong></span> <span class='ocrx_word' id='word_1_650' title='bbox 3077 2264 3233 2321; x_wconf 84' lang='lat' dir='ltr'><strong>Jesus</strong></span> <span class='ocrx_word' id='word_1_651' title='bbox 3262 2259 3355 2316; x_wconf 86' lang='lat' dir='ltr'><strong>ille</strong></span> 
     </span>
    </p>
   </div>
   <div class='ocr_carea' id='block_1_82' title="bbox 1773 2354 3350 2468">
    <p class='ocr_par' dir='ltr' id='par_1_82' title="bbox 1773 2354 3350 2468">
     <span class='ocr_line' id='line_1_84' title="bbox 1773 2354 3350 2468; baseline -0.027 -17"><span class='ocrx_word' id='word_1_652' title='bbox 1773 2394 2038 2468; x_wconf 76' lang='lat' dir='ltr'><strong>preplieta</strong></span> <span class='ocrx_word' id='word_1_653' title='bbox 2080 2404 2108 2443; x_wconf 91' lang='lat' dir='ltr'><strong>a</strong></span> <span class='ocrx_word' id='word_1_654' title='bbox 2142 2379 2413 2440; x_wconf 76' lang='lat' dir='ltr'><strong>Nazaretli</strong></span> <span class='ocrx_word' id='word_1_655' title='bbox 2452 2372 2709 2431; x_wconf 71' lang='lat' dir='ltr'><strong>Galilzeze.</strong></span> <span class='ocrx_word' id='word_1_656' title='bbox 2747 2367 2814 2421; x_wconf 86' lang='lat' dir='ltr'><strong>Et</strong></span> <span class='ocrx_word' id='word_1_657' title='bbox 2847 2358 3074 2418; x_wconf 85' lang='lat' dir='ltr'><strong>intravit</strong></span> <span class='ocrx_word' id='word_1_658' title='bbox 3110 2357 3263 2412; x_wconf 75' lang='lat' dir='ltr'><strong>lesus</strong></span> <span class='ocrx_word' id='word_1_659' title='bbox 3294 2354 3350 2409; x_wconf 93' lang='lat' dir='ltr'><strong>in</strong></span> 
     </span>
    </p>
   </div>
   <div class='ocr_carea' id='block_1_83' title="bbox 1778 2450 3351 2557">
    <p class='ocr_par' dir='ltr' id='par_1_83' title="bbox 1778 2450 3351 2557">
     <span class='ocr_line' id='line_1_85' title="bbox 1778 2450 3351 2557; baseline -0.027 -13"><span class='ocrx_word' id='word_1_660' title='bbox 1778 2485 2032 2557; x_wconf 90' lang='lat' dir='ltr'><strong>templum</strong></span> <span class='ocrx_word' id='word_1_661' title='bbox 2061 2523 2077 2550; x_wconf 93' lang='lat'><strong>,</strong></span> <span class='ocrx_word' id='word_1_662' title='bbox 2104 2489 2159 2535; x_wconf 91' lang='lat' dir='ltr'><strong>et</strong></span> <span class='ocrx_word' id='word_1_663' title='bbox 2191 2475 2350 2548; x_wconf 85' lang='lat' dir='ltr'><strong>ejecit</strong></span> <span class='ocrx_word' id='word_1_664' title='bbox 2375 2482 2565 2527; x_wconf 87' lang='lat' dir='ltr'><strong>omnes</strong></span> <span class='ocrx_word' id='word_1_665' title='bbox 2602 2462 2900 2519; x_wconf 87' lang='lat' dir='ltr'><strong>vendentes</strong></span> <span class='ocrx_word' id='word_1_666' title='bbox 2935 2465 2988 2511; x_wconf 88' lang='lat' dir='ltr'><strong>et</strong></span> <span class='ocrx_word' id='word_1_667' title='bbox 3021 2460 3263 2509; x_wconf 86' lang='lat' dir='ltr'><strong>ementes</strong></span> <span class='ocrx_word' id='word_1_668' title='bbox 3297 2450 3351 2504; x_wconf 88' lang='lat' dir='ltr'><strong>in</strong></span> 
     </span>
    </p>
   </div>
   <div class='ocr_carea' id='block_1_84' title="bbox 1779 2542 3360 2647">
    <p class='ocr_par' dir='ltr' id='par_1_84' title="bbox 1779 2542 3360 2647">
     <span class='ocr_line' id='line_1_86' title="bbox 1779 2542 3360 2647; baseline -0.023 -13"><span class='ocrx_word' id='word_1_669' title='bbox 1779 2576 2016 2647; x_wconf 88' lang='lat' dir='ltr'><strong>templo;</strong></span> <span class='ocrx_word' id='word_1_670' title='bbox 2066 2578 2391 2636; x_wconf 87' lang='lat' dir='ltr'><strong>mensasque</strong></span> <span class='ocrx_word' id='word_1_671' title='bbox 2456 2555 2853 2616; x_wconf 88' lang='lat' dir='ltr'><strong>mensariorum</strong></span> <span class='ocrx_word' id='word_1_672' title='bbox 2888 2590 2903 2615; x_wconf 87' lang='lat'><strong>,</strong></span> <span class='ocrx_word' id='word_1_673' title='bbox 2954 2557 3008 2603; x_wconf 90' lang='lat' dir='ltr'><strong>et</strong></span> <span class='ocrx_word' id='word_1_674' title='bbox 3069 2542 3360 2601; x_wconf 87' lang='lat' dir='ltr'><strong>cathedras</strong></span> 
     </span>
    </p>
   </div>
   <div class='ocr_carea' id='block_1_85' title="bbox 1778 2636 3352 2726">
    <p class='ocr_par' dir='ltr' id='par_1_85' title="bbox 1778 2636 3352 2726">
     <span class='ocr_line' id='line_1_87' title="bbox 1778 2636 3352 2726; baseline -0.024 0"><span class='ocrx_word' id='word_1_675' title='bbox 1778 2665 2126 2726; x_wconf 84' lang='lat' dir='ltr'><strong>vendentium</strong></span> <span class='ocrx_word' id='word_1_676' title='bbox 2184 2655 2464 2716; x_wconf 87' lang='lat' dir='ltr'><strong>columbas</strong></span> <span class='ocrx_word' id='word_1_677' title='bbox 2523 2645 2789 2706; x_wconf 88' lang='lat' dir='ltr'><strong>subvertit</strong></span> <span class='ocrx_word' id='word_1_678' title='bbox 2846 2661 2860 2698; x_wconf 92' lang='lat'><strong>:</strong></span> <span class='ocrx_word' id='word_1_679' title='bbox 2922 2651 2976 2698; x_wconf 89' lang='lat' dir='ltr'><strong>et</strong></span> <span class='ocrx_word' id='word_1_680' title='bbox 3028 2638 3161 2693; x_wconf 89' lang='lat' dir='ltr'><strong>dicit</strong></span> <span class='ocrx_word' id='word_1_681' title='bbox 3197 2636 3277 2689; x_wconf 90' lang='lat' dir='ltr'><strong>eis</strong></span> <span class='ocrx_word' id='word_1_682' title='bbox 3334 2650 3352 2689; x_wconf 91' lang='lat'><strong>:</strong></span> 
     </span>
    </p>
   </div>
   <div class='ocr_carea' id='block_1_86' title="bbox 1780 2729 3363 2827">
    <p class='ocr_par' dir='ltr' id='par_1_86' title="bbox 1780 2729 3363 2827">
     <span class='ocr_line' id='line_1_88' title="bbox 1780 2729 3363 2827; baseline -0.025 -9"><span class='ocrx_word' id='word_1_683' title='bbox 1780 2759 2054 2827; x_wconf 81' lang='lat' dir='ltr'><strong>Scriptum</strong></span> <span class='ocrx_word' id='word_1_684' title='bbox 2081 2762 2199 2809; x_wconf 87' lang='lat' dir='ltr'><strong>est:</strong></span> <span class='ocrx_word' id='word_1_685' title='bbox 2220 2751 2421 2805; x_wconf 86' lang='lat' dir='ltr'><strong>Domus</strong></span> <span class='ocrx_word' id='word_1_686' title='bbox 2448 2756 2586 2806; x_wconf 84' lang='lat' dir='ltr'><strong>mea,</strong></span> <span class='ocrx_word' id='word_1_687' title='bbox 2614 2740 2805 2793; x_wconf 87' lang='lat' dir='ltr'><strong>domus</strong></span> <span class='ocrx_word' id='word_1_688' title='bbox 2838 2729 3170 2805; x_wconf 83' lang='lat' dir='ltr'><strong>precationis</strong></span> <span class='ocrx_word' id='word_1_689' title='bbox 3196 2740 3363 2781; x_wconf 81' lang='lat' dir='ltr'><strong>voca-</strong></span> 
     </span>
    </p>
   </div>
   <div class='ocr_carea' id='block_1_87' title="bbox 1780 2815 3365 2919">
    <p class='ocr_par' dir='ltr' id='par_1_87' title="bbox 1780 2815 3365 2919">
     <span class='ocr_line' id='line_1_89' title="bbox 1780 2815 3365 2919; baseline -0.023 -10"><span class='ocrx_word' id='word_1_690' title='bbox 1780 2854 1961 2919; x_wconf 78' lang='lat' dir='ltr'><strong>bitur;</strong></span> <span class='ocrx_word' id='word_1_691' title='bbox 1992 2856 2049 2904; x_wconf 90' lang='lat' dir='ltr'><strong>at</strong></span> <span class='ocrx_word' id='word_1_692' title='bbox 2072 2861 2170 2902; x_wconf 90' lang='lat' dir='ltr'><strong>vos</strong></span> <span class='ocrx_word' id='word_1_693' title='bbox 2192 2841 2372 2898; x_wconf 87' lang='lat' dir='ltr'><strong>facitis</strong></span> <span class='ocrx_word' id='word_1_694' title='bbox 2403 2837 2551 2893; x_wconf 85' lang='lat' dir='ltr'><strong>illam</strong></span> <span class='ocrx_word' id='word_1_695' title='bbox 2585 2829 2893 2901; x_wconf 89' lang='lat' dir='ltr'><strong>speluncam</strong></span> <span class='ocrx_word' id='word_1_696' title='bbox 2924 2825 3216 2878; x_wconf 89' lang='lat' dir='ltr'><strong>latronum.</strong></span> <span class='ocrx_word' id='word_1_697' title='bbox 3247 2836 3266 2870; x_wconf 76' lang='grc' dir='ltr'><strong>ι</strong></span> <span class='ocrx_word' id='word_1_698' title='bbox 3293 2815 3365 2872; x_wconf 78' lang='lat' dir='ltr'><strong>At</strong></span> 
     </span>
    </p>
   </div>
   <div class='ocr_carea' id='block_1_88' title="bbox 1782 2915 3366 3000">
    <p class='ocr_par' dir='ltr' id='par_1_88' title="bbox 1782 2915 3366 3000">
     <span class='ocr_line' id='line_1_90' title="bbox 1782 2915 3366 3000; baseline -0.023 0"><span class='ocrx_word' id='word_1_699' title='bbox 1782 2944 1994 3000; x_wconf 80' lang='lat' dir='ltr'><strong>Marcus</strong></span> <span class='ocrx_word' id='word_1_700' title='bbox 2019 2939 2099 2992; x_wconf 77' lang='lat'><strong>&#39;°:</strong></span> <span class='ocrx_word' id='word_1_701' title='bbox 2138 2955 2157 2989; x_wconf 76' lang='grc' dir='ltr'><strong>ι</strong></span> <span class='ocrx_word' id='word_1_702' title='bbox 2183 2934 2246 2990; x_wconf 84' lang='lat' dir='ltr'><strong>Et</strong></span> <span class='ocrx_word' id='word_1_703' title='bbox 2272 2930 2497 2986; x_wconf 85' lang='lat' dir='ltr'><strong>veniunt</strong></span> <span class='ocrx_word' id='word_1_704' title='bbox 2542 2918 3010 2989; x_wconf 83' lang='lat' dir='ltr'><strong>Hierosolymam:</strong></span> <span class='ocrx_word' id='word_1_705' title='bbox 3055 2915 3366 2982; x_wconf 83' lang='lat' dir='ltr'><strong>ingressus-</strong></span> 
     </span>
    </p>
   </div>
   <div class='ocr_carea' id='block_1_89' title="bbox 1782 3003 3360 3106">
    <p class='ocr_par' dir='ltr' id='par_1_89' title="bbox 1782 3003 3360 3106">
     <span class='ocr_line' id='line_1_91' title="bbox 1782 3003 3360 3106; baseline -0.025 -15"><span class='ocrx_word' id='word_1_706' title='bbox 1782 3048 1887 3106; x_wconf 86' lang='lat' dir='ltr'><strong>que</strong></span> <span class='ocrx_word' id='word_1_707' title='bbox 1935 3030 2090 3087; x_wconf 85' lang='lat' dir='ltr'><strong>Jesus</strong></span> <span class='ocrx_word' id='word_1_708' title='bbox 2120 3028 2175 3082; x_wconf 91' lang='lat' dir='ltr'><strong>in</strong></span> <span class='ocrx_word' id='word_1_709' title='bbox 2207 3020 2465 3092; x_wconf 90' lang='lat' dir='ltr'><strong>templum</strong></span> <span class='ocrx_word' id='word_1_710' title='bbox 2518 3012 2683 3083; x_wconf 70' lang='lat' dir='ltr'><strong>coepit</strong></span> <span class='ocrx_word' id='word_1_711' title='bbox 2712 3008 2912 3077; x_wconf 83' lang='lat' dir='ltr'><strong>ejicere</strong></span> <span class='ocrx_word' id='word_1_712' title='bbox 2945 3019 3039 3060; x_wconf 91' lang='lat' dir='ltr'><strong>eos</strong></span> <span class='ocrx_word' id='word_1_713' title='bbox 3079 3003 3172 3073; x_wconf 92' lang='lat' dir='ltr'><strong>qui</strong></span> <span class='ocrx_word' id='word_1_714' title='bbox 3224 3016 3360 3055; x_wconf 90' lang='lat' dir='ltr'><strong>ven-</strong></span> 
     </span>
    </p>
   </div>
   <div class='ocr_carea' id='block_1_90' title="bbox 1784 3103 3364 3185">
    <p class='ocr_par' dir='ltr' id='par_1_90' title="bbox 1784 3103 3364 3185">
     <span class='ocr_line' id='line_1_92' title="bbox 1784 3103 3364 3185; baseline -0.026 1"><span class='ocrx_word' id='word_1_715' title='bbox 1784 3103 1982 3185; x_wconf 87' lang='lat' dir='ltr'><strong>debant</strong></span> <span class='ocrx_word' id='word_1_716' title='bbox 2010 3131 2065 3179; x_wconf 87' lang='lat' dir='ltr'><strong>et</strong></span> <span class='ocrx_word' id='word_1_717' title='bbox 2094 3118 2346 3177; x_wconf 87' lang='lat' dir='ltr'><strong>emebant</strong></span> <span class='ocrx_word' id='word_1_718' title='bbox 2386 3112 2443 3167; x_wconf 92' lang='lat' dir='ltr'><strong>in</strong></span> <span class='ocrx_word' id='word_1_719' title='bbox 2494 3105 2736 3176; x_wconf 90' lang='lat' dir='ltr'><strong>templo:</strong></span> <span class='ocrx_word' id='word_1_720' title='bbox 2766 3111 2821 3157; x_wconf 89' lang='lat' dir='ltr'><strong>et</strong></span> <span class='ocrx_word' id='word_1_721' title='bbox 2862 3112 3077 3153; x_wconf 84' lang='lat' dir='ltr'><strong>mensas</strong></span> <span class='ocrx_word' id='word_1_722' title='bbox 3110 3103 3364 3165; x_wconf 83' lang='lat' dir='ltr'><strong>argenta-</strong></span> 
     </span>
    </p>
   </div>
   <div class='ocr_carea' id='block_1_91' title="bbox 1786 3184 3364 3280">
    <p class='ocr_par' dir='ltr' id='par_1_91' title="bbox 1786 3184 3364 3280">
     <span class='ocr_line' id='line_1_93' title="bbox 1786 3184 3364 3280; baseline -0.025 -4"><span class='ocrx_word' id='word_1_723' title='bbox 1786 3222 1991 3276; x_wconf 86' lang='lat' dir='ltr'><strong>riorum</strong></span> <span class='ocrx_word' id='word_1_724' title='bbox 2029 3211 2298 3280; x_wconf 84' lang='lat' dir='ltr'><strong>sellasque</strong></span> <span class='ocrx_word' id='word_1_725' title='bbox 2348 3201 2698 3259; x_wconf 88' lang='lat' dir='ltr'><strong>vendentium</strong></span> <span class='ocrx_word' id='word_1_726' title='bbox 2728 3190 3009 3249; x_wconf 85' lang='lat' dir='ltr'><strong>columbas</strong></span> <span class='ocrx_word' id='word_1_727' title='bbox 3056 3184 3364 3243; x_wconf 89' lang='lat' dir='ltr'><strong>subvertit:</strong></span> 
     </span>
    </p>
   </div>
   <div class='ocr_carea' id='block_1_92' title="bbox 1786 3283 3365 3378">
    <p class='ocr_par' dir='ltr' id='par_1_92' title="bbox 1786 3283 3365 3378">
     <span class='ocr_line' id='line_1_94' title="bbox 1786 3283 3365 3378; baseline -0.025 -9"><span class='ocrx_word' id='word_1_728' title='bbox 1786 3326 1890 3368; x_wconf 89' lang='lat' dir='ltr'><strong>nec</strong></span> <span class='ocrx_word' id='word_1_729' title='bbox 1939 3301 2286 3378; x_wconf 87' lang='lat' dir='ltr'><strong>permittebat</strong></span> <span class='ocrx_word' id='word_1_730' title='bbox 2345 3305 2405 3351; x_wconf 89' lang='lat' dir='ltr'><strong>ut</strong></span> <span class='ocrx_word' id='word_1_731' title='bbox 2453 3293 2741 3364; x_wconf 90' lang='lat' dir='ltr'><strong>quisquam</strong></span> <span class='ocrx_word' id='word_1_732' title='bbox 2784 3283 3094 3354; x_wconf 87' lang='lat' dir='ltr'><strong>deportaret</strong></span> <span class='ocrx_word' id='word_1_733' title='bbox 3126 3292 3223 3333; x_wconf 83' lang='lat' dir='ltr'><strong>vas</strong></span> <span class='ocrx_word' id='word_1_734' title='bbox 3268 3291 3365 3347; x_wconf 88' lang='lat' dir='ltr'><strong>per</strong></span> 
     </span>
    </p>
   </div>
   <div class='ocr_carea' id='block_1_93' title="bbox 1790 3371 3362 3473">
    <p class='ocr_par' dir='ltr' id='par_1_93' title="bbox 1790 3371 3362 3473">
     <span class='ocr_line' id='line_1_95' title="bbox 1790 3371 3362 3473; baseline -0.024 -15"><span class='ocrx_word' id='word_1_735' title='bbox 1790 3371 2047 3473; x_wconf 83' lang='lat' dir='ltr'><strong>templum</strong></span> <span class='ocrx_word' id='word_1_736' title='bbox 2074 3413 2089 3463; x_wconf 89' lang='lat'><strong>;</strong></span> <span class='ocrx_word' id='word_1_737' title='bbox 2121 3402 2177 3450; x_wconf 90' lang='lat' dir='ltr'><strong>et</strong></span> <span class='ocrx_word' id='word_1_738' title='bbox 2205 3390 2456 3453; x_wconf 85' lang='lat' dir='ltr'><strong>docebat,</strong></span> <span class='ocrx_word' id='word_1_739' title='bbox 2488 3386 2676 3441; x_wconf 87' lang='lat' dir='ltr'><strong>dicens</strong></span> <span class='ocrx_word' id='word_1_740' title='bbox 2706 3381 2850 3436; x_wconf 88' lang='lat' dir='ltr'><strong>illis:</strong></span> <span class='ocrx_word' id='word_1_741' title='bbox 2879 3376 3071 3432; x_wconf 84' lang='lat' dir='ltr'><strong>Nonne</strong></span> <span class='ocrx_word' id='word_1_742' title='bbox 3100 3371 3362 3441; x_wconf 91' lang='lat' dir='ltr'><strong>scriptum</strong></span> 
     </span>
    </p>
   </div>
   <div class='ocr_carea' id='block_1_94' title="bbox 1790 3465 3362 3553">
    <p class='ocr_par' dir='ltr' id='par_1_94' title="bbox 1790 3465 3362 3553">
     <span class='ocr_line' id='line_1_96' title="bbox 1790 3465 3362 3553; baseline -0.026 1"><span class='ocrx_word' id='word_1_743' title='bbox 1790 3506 1873 3553; x_wconf 90' lang='lat' dir='ltr'><strong>est</strong></span> <span class='ocrx_word' id='word_1_744' title='bbox 1897 3516 1910 3551; x_wconf 90' lang='lat'><strong>:</strong></span> <span class='ocrx_word' id='word_1_745' title='bbox 1944 3493 2145 3548; x_wconf 88' lang='lat' dir='ltr'><strong>Domus</strong></span> <span class='ocrx_word' id='word_1_746' title='bbox 2176 3499 2317 3549; x_wconf 86' lang='lat' dir='ltr'><strong>mea,</strong></span> <span class='ocrx_word' id='word_1_747' title='bbox 2359 3481 2553 3536; x_wconf 90' lang='lat' dir='ltr'><strong>domus</strong></span> <span class='ocrx_word' id='word_1_748' title='bbox 2581 3469 2909 3548; x_wconf 88' lang='lat' dir='ltr'><strong>precationis</strong></span> <span class='ocrx_word' id='word_1_749' title='bbox 2933 3465 3217 3523; x_wconf 89' lang='lat' dir='ltr'><strong>vocabitur</strong></span> <span class='ocrx_word' id='word_1_750' title='bbox 3245 3476 3362 3516; x_wconf 87' lang='lat' dir='ltr'><strong>om-</strong></span> 
     </span>
    </p>
   </div>
   <div class='ocr_carea' id='block_1_95' title="bbox 1789 3554 3363 3656">
    <p class='ocr_par' dir='ltr' id='par_1_95' title="bbox 1789 3554 3363 3656">
     <span class='ocr_line' id='line_1_97' title="bbox 1789 3554 3363 3656; baseline -0.025 -13"><span class='ocrx_word' id='word_1_751' title='bbox 1789 3588 1949 3644; x_wconf 87' lang='lat' dir='ltr'><strong>nibus</strong></span> <span class='ocrx_word' id='word_1_752' title='bbox 1973 3576 2267 3656; x_wconf 78' lang='lat' dir='ltr'><strong>gentibus?</strong></span> <span class='ocrx_word' id='word_1_753' title='bbox 2304 3572 2414 3628; x_wconf 79' lang='lat' dir='ltr'><strong>V&#39;os</strong></span> <span class='ocrx_word' id='word_1_754' title='bbox 2443 3580 2623 3624; x_wconf 89' lang='lat' dir='ltr'><strong>autem</strong></span> <span class='ocrx_word' id='word_1_755' title='bbox 2655 3562 2863 3621; x_wconf 87' lang='lat' dir='ltr'><strong>fecistis</strong></span> <span class='ocrx_word' id='word_1_756' title='bbox 2892 3574 3011 3614; x_wconf 86' lang='lat' dir='ltr'><strong>eam</strong></span> <span class='ocrx_word' id='word_1_757' title='bbox 3047 3554 3363 3626; x_wconf 86' lang='lat' dir='ltr'><strong>speluncam</strong></span> 
     </span>
    </p>
   </div>
   <div class='ocr_carea' id='block_1_96' title="bbox 1792 3646 3366 3735">
    <p class='ocr_par' dir='ltr' id='par_1_96' title="bbox 1792 3646 3366 3735">
     <span class='ocr_line' id='line_1_98' title="bbox 1792 3646 3366 3735; baseline -0.025 0"><span class='ocrx_word' id='word_1_758' title='bbox 1792 3681 2081 3735; x_wconf 79' lang='lat' dir='ltr'><strong>latronum.</strong></span> <span class='ocrx_word' id='word_1_759' title='bbox 2105 3692 2123 3725; x_wconf 79' lang='grc' dir='ltr'><strong>ι</strong></span> <span class='ocrx_word' id='word_1_760' title='bbox 2156 3670 2332 3726; x_wconf 89' lang='lat' dir='ltr'><strong>Lucas</strong></span> <span class='ocrx_word' id='word_1_761' title='bbox 2359 3679 2488 3718; x_wconf 91' lang='lat' dir='ltr'><strong>vero</strong></span> <span class='ocrx_word' id='word_1_762' title='bbox 2516 3661 2596 3714; x_wconf 78' lang='lat'><strong>“:</strong></span> <span class='ocrx_word' id='word_1_763' title='bbox 2640 3677 2658 3710; x_wconf 76' lang='grc' dir='ltr'><strong>ι</strong></span> <span class='ocrx_word' id='word_1_764' title='bbox 2695 3657 2760 3712; x_wconf 83' lang='grc' dir='ltr'><strong>Ει</strong></span> <span class='ocrx_word' id='word_1_765' title='bbox 2798 3662 2856 3709; x_wconf 88' lang='lat' dir='ltr'><strong>ut</strong></span> <span class='ocrx_word' id='word_1_766' title='bbox 2886 3646 3366 3723; x_wconf 81' lang='lat' dir='ltr'><strong>apprOpinquavit.</strong></span> 
     </span>
    </p>
   </div>
   <div class='ocr_carea' id='block_1_97' title="bbox 1790 3736 3368 3828">
    <p class='ocr_par' dir='ltr' id='par_1_97' title="bbox 1790 3736 3368 3828">
     <span class='ocr_line' id='line_1_99' title="bbox 1790 3736 3368 3828; baseline -0.025 0"><span class='ocrx_word' id='word_1_767' title='bbox 1790 3773 1982 3828; x_wconf 87' lang='lat' dir='ltr'><strong>videns</strong></span> <span class='ocrx_word' id='word_1_768' title='bbox 2009 3765 2309 3827; x_wconf 88' lang='lat' dir='ltr'><strong>civitatem,</strong></span> <span class='ocrx_word' id='word_1_769' title='bbox 2356 3755 2507 3812; x_wconf 83' lang='lat' dir='ltr'><strong>ﬂevit</strong></span> <span class='ocrx_word' id='word_1_770' title='bbox 2554 3764 2716 3821; x_wconf 91' lang='lat' dir='ltr'><strong>super</strong></span> <span class='ocrx_word' id='word_1_771' title='bbox 2761 3746 2930 3810; x_wconf 90' lang='lat' dir='ltr'><strong>illam,</strong></span> <span class='ocrx_word' id='word_1_772' title='bbox 2966 3742 3188 3798; x_wconf 90' lang='lat' dir='ltr'><strong>dicens:</strong></span> <span class='ocrx_word' id='word_1_773' title='bbox 3227 3736 3368 3803; x_wconf 83' lang='lat' dir='ltr'><strong>Quia</strong></span> 
     </span>
    </p>
   </div>
   <div class='ocr_carea' id='block_1_98' title="bbox 1793 3829 3367 3930">
    <p class='ocr_par' dir='ltr' id='par_1_98' title="bbox 1793 3829 3367 3930">
     <span class='ocr_line' id='line_1_100' title="bbox 1793 3829 3367 3930; baseline -0.024 -13"><span class='ocrx_word' id='word_1_774' title='bbox 1793 3861 1837 3917; x_wconf 89' lang='lat' dir='ltr'><strong>si</strong></span> <span class='ocrx_word' id='word_1_775' title='bbox 1860 3854 2206 3930; x_wconf 88' lang='lat' dir='ltr'><strong>cognovisses</strong></span> <span class='ocrx_word' id='word_1_776' title='bbox 2228 3857 2282 3904; x_wconf 87' lang='lat' dir='ltr'><strong>et</strong></span> <span class='ocrx_word' id='word_1_777' title='bbox 2310 3856 2367 3902; x_wconf 92' lang='lat' dir='ltr'><strong>tu</strong></span> <span class='ocrx_word' id='word_1_778' title='bbox 2398 3845 2450 3900; x_wconf 91' lang='lat' dir='ltr'><strong>iu</strong></span> <span class='ocrx_word' id='word_1_779' title='bbox 2485 3842 2571 3898; x_wconf 91' lang='lat' dir='ltr'><strong>die</strong></span> <span class='ocrx_word' id='word_1_780' title='bbox 2596 3838 2685 3894; x_wconf 88' lang='lat' dir='ltr'><strong>illa</strong></span> <span class='ocrx_word' id='word_1_781' title='bbox 2718 3850 2838 3906; x_wconf 71' lang='lat' dir='ltr'><strong>quae</strong></span> <span class='ocrx_word' id='word_1_782' title='bbox 2861 3833 2927 3889; x_wconf 90' lang='lat' dir='ltr'><strong>ad</strong></span> <span class='ocrx_word' id='word_1_783' title='bbox 2963 3829 3189 3903; x_wconf 80' lang='lat' dir='ltr'><strong>pacem!</strong></span> <span class='ocrx_word' id='word_1_784' title='bbox 3224 3841 3367 3881; x_wconf 84' lang='lat' dir='ltr'><strong>nunc</strong></span> 
     </span>
    </p>
   </div>
   <div class='ocr_carea' id='block_1_99' title="bbox 1793 3925 3369 4008">
    <p class='ocr_par' dir='ltr' id='par_1_99' title="bbox 1793 3925 3369 4008">
     <span class='ocr_line' id='line_1_101' title="bbox 1793 3925 3369 4008; baseline -0.023 1"><span class='ocrx_word' id='word_1_785' title='bbox 1793 3925 1973 4008; x_wconf 77' lang='lat' dir='ltr'><strong>autem</strong></span> <span class='ocrx_word' id='word_1_786' title='bbox 2002 3943 2274 4004; x_wconf 89' lang='lat' dir='ltr'><strong>occultata</strong></span> <span class='ocrx_word' id='word_1_787' title='bbox 2313 3946 2435 3994; x_wconf 91' lang='lat' dir='ltr'><strong>sunt</strong></span> <span class='ocrx_word' id='word_1_788' title='bbox 2465 3934 2535 3990; x_wconf 89' lang='lat' dir='ltr'><strong>ab</strong></span> <span class='ocrx_word' id='word_1_789' title='bbox 2575 3931 2748 3987; x_wconf 89' lang='lat' dir='ltr'><strong>oculis</strong></span> <span class='ocrx_word' id='word_1_790' title='bbox 2775 3928 2901 3992; x_wconf 85' lang='lat' dir='ltr'><strong>tuis,</strong></span> <span class='ocrx_word' id='word_1_791' title='bbox 2951 3925 3078 3996; x_wconf 90' lang='lat' dir='ltr'><strong>quia</strong></span> <span class='ocrx_word' id='word_1_792' title='bbox 3110 3932 3369 3989; x_wconf 89' lang='lat' dir='ltr'><strong>superve-</strong></span> 
     </span>
    </p>
   </div>
   <div class='ocr_carea' id='block_1_100' title="bbox 1795 4017 3370 4100">
    <p class='ocr_par' dir='ltr' id='par_1_100' title="bbox 1795 4017 3370 4100">
     <span class='ocr_line' id='line_1_102' title="bbox 1795 4017 3370 4100; baseline -0.023 1"><span class='ocrx_word' id='word_1_793' title='bbox 1795 4045 1945 4100; x_wconf 88' lang='lat' dir='ltr'><strong>nient</strong></span> <span class='ocrx_word' id='word_1_794' title='bbox 1979 4039 2073 4095; x_wconf 89' lang='lat' dir='ltr'><strong>tibi</strong></span> <span class='ocrx_word' id='word_1_795' title='bbox 2106 4037 2219 4092; x_wconf 91' lang='lat' dir='ltr'><strong>dies</strong></span> <span class='ocrx_word' id='word_1_796' title='bbox 2249 4072 2264 4098; x_wconf 94' lang='lat'><strong>,</strong></span> <span class='ocrx_word' id='word_1_797' title='bbox 2294 4041 2350 4086; x_wconf 86' lang='lat' dir='ltr'><strong>et</strong></span> <span class='ocrx_word' id='word_1_798' title='bbox 2383 4022 2802 4084; x_wconf 86' lang='lat' dir='ltr'><strong>circumdabunt</strong></span> <span class='ocrx_word' id='word_1_799' title='bbox 2852 4028 2924 4085; x_wconf 90' lang='lat' dir='ltr'><strong>te,</strong></span> <span class='ocrx_word' id='word_1_800' title='bbox 2953 4026 3007 4073; x_wconf 92' lang='lat' dir='ltr'><strong>et</strong></span> <span class='ocrx_word' id='word_1_801' title='bbox 3050 4017 3268 4084; x_wconf 88' lang='lat' dir='ltr'><strong>cingent</strong></span> <span class='ocrx_word' id='word_1_802' title='bbox 3317 4020 3370 4066; x_wconf 91' lang='lat' dir='ltr'><strong>te</strong></span> 
     </span>
    </p>
   </div>
   <div class='ocr_carea' id='block_1_101' title="bbox 1796 4112 3367 4205">
    <p class='ocr_par' dir='ltr' id='par_1_101' title="bbox 1796 4112 3367 4205">
     <span class='ocr_line' id='line_1_103' title="bbox 1796 4112 3367 4205; baseline -0.023 -11"><span class='ocrx_word' id='word_1_803' title='bbox 1796 4137 2054 4205; x_wconf 87' lang='lat' dir='ltr'><strong>undique,</strong></span> <span class='ocrx_word' id='word_1_804' title='bbox 2084 4137 2139 4185; x_wconf 92' lang='lat' dir='ltr'><strong>et</strong></span> <span class='ocrx_word' id='word_1_805' title='bbox 2172 4124 2287 4182; x_wconf 92' lang='lat' dir='ltr'><strong>solo</strong></span> <span class='ocrx_word' id='word_1_806' title='bbox 2315 4120 2606 4191; x_wconf 86' lang='lat' dir='ltr'><strong>aequabunt</strong></span> <span class='ocrx_word' id='word_1_807' title='bbox 2638 4124 2712 4181; x_wconf 91' lang='lat' dir='ltr'><strong>te,</strong></span> <span class='ocrx_word' id='word_1_808' title='bbox 2748 4123 2802 4169; x_wconf 94' lang='lat' dir='ltr'><strong>et</strong></span> <span class='ocrx_word' id='word_1_809' title='bbox 2833 4112 2971 4167; x_wconf 79' lang='lat' dir='ltr'><strong>illius</strong></span> <span class='ocrx_word' id='word_1_810' title='bbox 3001 4118 3141 4172; x_wconf 88' lang='lat' dir='ltr'><strong>tuos,</strong></span> <span class='ocrx_word' id='word_1_811' title='bbox 3171 4117 3226 4161; x_wconf 87' lang='lat' dir='ltr'><strong>et</strong></span> <span class='ocrx_word' id='word_1_812' title='bbox 3260 4118 3367 4159; x_wconf 90' lang='lat' dir='ltr'><strong>non</strong></span> 
     </span>
    </p>
   </div>
   <div class='ocr_carea' id='block_1_102' title="bbox 1798 4200 3374 4297">
    <p class='ocr_par' dir='ltr' id='par_1_102' title="bbox 1798 4200 3374 4297">
     <span class='ocr_line' id='line_1_104' title="bbox 1798 4200 3374 4297; baseline -0.023 -12"><span class='ocrx_word' id='word_1_813' title='bbox 1798 4200 2106 4297; x_wconf 79' lang='lat' dir='ltr'><strong>relinquent</strong></span> <span class='ocrx_word' id='word_1_814' title='bbox 2139 4218 2298 4291; x_wconf 74' lang='lat'><strong>181</strong></span> <span class='ocrx_word' id='word_1_815' title='bbox 2350 4216 2403 4269; x_wconf 90' lang='lat' dir='ltr'><strong>in</strong></span> <span class='ocrx_word' id='word_1_816' title='bbox 2450 4222 2501 4267; x_wconf 90' lang='lat' dir='ltr'><strong>te</strong></span> <span class='ocrx_word' id='word_1_817' title='bbox 2539 4208 2770 4279; x_wconf 90' lang='lat' dir='ltr'><strong>lapidem</strong></span> <span class='ocrx_word' id='word_1_818' title='bbox 2808 4218 2972 4274; x_wconf 85' lang='lat' dir='ltr'><strong>super</strong></span> <span class='ocrx_word' id='word_1_819' title='bbox 3017 4200 3274 4271; x_wconf 85' lang='lat' dir='ltr'><strong>lapidem,</strong></span> <span class='ocrx_word' id='word_1_820' title='bbox 3307 4210 3374 4252; x_wconf 90' lang='lat' dir='ltr'><strong>eo</strong></span> 
     </span>
    </p>
   </div>
   <div class='ocr_carea' id='block_1_103' title="bbox 1796 4289 3379 4393">
    <p class='ocr_par' dir='ltr' id='par_1_103' title="bbox 1796 4289 3379 4393">
     <span class='ocr_line' id='line_1_105' title="bbox 1796 4289 3379 4393; baseline -0.021 -17"><span class='ocrx_word' id='word_1_821' title='bbox 1796 4321 1940 4393; x_wconf 87' lang='lat' dir='ltr'><strong>quod</strong></span> <span class='ocrx_word' id='word_1_822' title='bbox 1972 4332 2081 4373; x_wconf 89' lang='lat' dir='ltr'><strong>non</strong></span> <span class='ocrx_word' id='word_1_823' title='bbox 2122 4306 2445 4384; x_wconf 78' lang='lat' dir='ltr'><strong>cognoveris</strong></span> <span class='ocrx_word' id='word_1_824' title='bbox 2495 4314 2707 4371; x_wconf 88' lang='lat' dir='ltr'><strong>tempus</strong></span> <span class='ocrx_word' id='word_1_825' title='bbox 2757 4293 3087 4352; x_wconf 86' lang='lat' dir='ltr'><strong>visitationis</strong></span> <span class='ocrx_word' id='word_1_826' title='bbox 3129 4301 3252 4345; x_wconf 85' lang='lat' dir='ltr'><strong>tuae.</strong></span> <span class='ocrx_word' id='word_1_827' title='bbox 3310 4289 3379 4344; x_wconf 81' lang='lat' dir='ltr'><strong>Et</strong></span> 
     </span>
    </p>
   </div>
   <div class='ocr_carea' id='block_1_104' title="bbox 1801 4385 3378 4486">
    <p class='ocr_par' dir='ltr' id='par_1_104' title="bbox 1801 4385 3378 4486">
     <span class='ocr_line' id='line_1_106' title="bbox 1801 4385 3378 4486; baseline -0.023 -16"><span class='ocrx_word' id='word_1_828' title='bbox 1801 4415 2077 4486; x_wconf 82' lang='lat' dir='ltr'><strong>ingressus</strong></span> <span class='ocrx_word' id='word_1_829' title='bbox 2112 4407 2167 4460; x_wconf 88' lang='lat' dir='ltr'><strong>in</strong></span> <span class='ocrx_word' id='word_1_830' title='bbox 2202 4400 2483 4471; x_wconf 87' lang='lat' dir='ltr'><strong>templum,</strong></span> <span class='ocrx_word' id='word_1_831' title='bbox 2512 4394 2681 4465; x_wconf 65' lang='lat' dir='ltr'><strong>etrapit</strong></span> <span class='ocrx_word' id='word_1_832' title='bbox 2710 4391 2911 4463; x_wconf 86' lang='lat' dir='ltr'><strong>ejicere</strong></span> <span class='ocrx_word' id='word_1_833' title='bbox 2933 4386 3251 4447; x_wconf 71' lang='lat' dir='ltr'><strong>vendet-tes,</strong></span> <span class='ocrx_word' id='word_1_834' title='bbox 3294 4385 3378 4435; x_wconf 82' lang='lat' dir='ltr'><strong>dt-</strong></span> 
     </span>
    </p>
   </div>
   <div class='ocr_carea' id='block_1_105' title="bbox 1803 4476 3372 4565">
    <p class='ocr_par' dir='ltr' id='par_1_105' title="bbox 1803 4476 3372 4565">
     <span class='ocr_line' id='line_1_107' title="bbox 1803 4476 3372 4565; baseline -0.024 0"><span class='ocrx_word' id='word_1_835' title='bbox 1803 4476 1935 4565; x_wconf 60' lang='lat' dir='ltr'><strong>ceiis</strong></span> <span class='ocrx_word' id='word_1_836' title='bbox 1982 4504 2127 4560; x_wconf 86' lang='lat' dir='ltr'><strong>illis:</strong></span> <span class='ocrx_word' id='word_1_837' title='bbox 2168 4498 2446 4565; x_wconf 85' lang='lat' dir='ltr'><strong>Scriptum</strong></span> <span class='ocrx_word' id='word_1_838' title='bbox 2484 4499 2567 4545; x_wconf 91' lang='lat' dir='ltr'><strong>est</strong></span> <span class='ocrx_word' id='word_1_839' title='bbox 2607 4503 2622 4541; x_wconf 90' lang='lat'><strong>:</strong></span> <span class='ocrx_word' id='word_1_840' title='bbox 2654 4485 2720 4542; x_wconf 87' lang='lat' dir='ltr'><strong>Et</strong></span> <span class='ocrx_word' id='word_1_841' title='bbox 2748 4484 2852 4538; x_wconf 84' lang='lat' dir='ltr'><strong>erit</strong></span> <span class='ocrx_word' id='word_1_842' title='bbox 2883 4482 3073 4537; x_wconf 91' lang='lat' dir='ltr'><strong>domus</strong></span> <span class='ocrx_word' id='word_1_843' title='bbox 3107 4491 3249 4543; x_wconf 89' lang='lat' dir='ltr'><strong>mea,</strong></span> <span class='ocrx_word' id='word_1_844' title='bbox 3275 4476 3372 4530; x_wconf 92' lang='lat' dir='ltr'><strong>do-</strong></span> 
     </span>
    </p>
   </div>
   <div class='ocr_carea' id='block_1_106' title="bbox 1806 4568 3374 4671">
    <p class='ocr_par' dir='ltr' id='par_1_106' title="bbox 1806 4568 3374 4671">
     <span class='ocr_line' id='line_1_108' title="bbox 1806 4568 3374 4671; baseline -0.024 -12"><span class='ocrx_word' id='word_1_845' title='bbox 1806 4618 1926 4658; x_wconf 92' lang='lat' dir='ltr'><strong>mus</strong></span> <span class='ocrx_word' id='word_1_846' title='bbox 1968 4591 2332 4671; x_wconf 82' lang='lat' dir='ltr'><strong>precationis;</strong></span> <span class='ocrx_word' id='word_1_847' title='bbox 2374 4602 2471 4642; x_wconf 92' lang='lat' dir='ltr'><strong>vos</strong></span> <span class='ocrx_word' id='word_1_848' title='bbox 2520 4593 2704 4638; x_wconf 90' lang='lat' dir='ltr'><strong>autem</strong></span> <span class='ocrx_word' id='word_1_849' title='bbox 2740 4576 2947 4634; x_wconf 87' lang='lat' dir='ltr'><strong>fecistis</strong></span> <span class='ocrx_word' id='word_1_850' title='bbox 2975 4573 3120 4629; x_wconf 90' lang='lat' dir='ltr'><strong>illam</strong></span> <span class='ocrx_word' id='word_1_851' title='bbox 3153 4568 3374 4641; x_wconf 89' lang='lat' dir='ltr'><strong>spelun-</strong></span> 
     </span>
    </p>
   </div>
   <div class='ocr_carea' id='block_1_107' title="bbox 1804 4661 3369 4750">
    <p class='ocr_par' dir='ltr' id='par_1_107' title="bbox 1804 4661 3369 4750">
     <span class='ocr_line' id='line_1_109' title="bbox 1804 4661 3369 4750; baseline -0.024 -1"><span class='ocrx_word' id='word_1_852' title='bbox 1804 4709 1923 4750; x_wconf 91' lang='lat' dir='ltr'><strong>cam</strong></span> <span class='ocrx_word' id='word_1_853' title='bbox 1955 4691 2245 4746; x_wconf 87' lang='lat' dir='ltr'><strong>latronum.</strong></span> <span class='ocrx_word' id='word_1_854' title='bbox 2280 4702 2301 4736; x_wconf 72' lang='grc' dir='ltr'><strong>ι</strong></span> <span class='ocrx_word' id='word_1_855' title='bbox 2336 4680 2607 4734; x_wconf 62' lang='lat' dir='ltr'><strong>Praeterea</strong></span> <span class='ocrx_word' id='word_1_856' title='bbox 2648 4673 2751 4729; x_wconf 87' lang='lat' dir='ltr'><strong>hoc</strong></span> <span class='ocrx_word' id='word_1_857' title='bbox 2773 4670 2936 4726; x_wconf 90' lang='lat' dir='ltr'><strong>etiam</strong></span> <span class='ocrx_word' id='word_1_858' title='bbox 2971 4661 3369 4721; x_wconf 88' lang='lat' dir='ltr'><strong>observandum</strong></span> 
     </span>
    </p>
   </div>
   <div class='ocr_carea' id='block_1_108' title="bbox 1805 4751 3373 4854">
    <p class='ocr_par' dir='ltr' id='par_1_108' title="bbox 1805 4751 3373 4854">
     <span class='ocr_line' id='line_1_110' title="bbox 1805 4751 3373 4854; baseline -0.024 -12"><span class='ocrx_word' id='word_1_859' title='bbox 1805 4793 1911 4851; x_wconf 91' lang='lat' dir='ltr'><strong>est,</strong></span> <span class='ocrx_word' id='word_1_860' title='bbox 1938 4781 2081 4854; x_wconf 92' lang='lat' dir='ltr'><strong>quod</strong></span> <span class='ocrx_word' id='word_1_861' title='bbox 2102 4778 2203 4833; x_wconf 86' lang='lat' dir='ltr'><strong>&#39;bis</strong></span> <span class='ocrx_word' id='word_1_862' title='bbox 2232 4789 2350 4845; x_wconf 72' lang='lat' dir='ltr'><strong>qua:</strong></span> <span class='ocrx_word' id='word_1_863' title='bbox 2370 4770 2514 4827; x_wconf 89' lang='lat' dir='ltr'><strong>dicta</strong></span> <span class='ocrx_word' id='word_1_864' title='bbox 2539 4775 2666 4824; x_wconf 90' lang='lat' dir='ltr'><strong>sunt</strong></span> <span class='ocrx_word' id='word_1_865' title='bbox 2688 4762 2828 4835; x_wconf 87' lang='lat' dir='ltr'><strong>apud</strong></span> <span class='ocrx_word' id='word_1_866' title='bbox 2865 4769 2976 4815; x_wconf 89' lang='lat' dir='ltr'><strong>tres</strong></span> <span class='ocrx_word' id='word_1_867' title='bbox 3009 4751 3373 4822; x_wconf 82' lang='lat' dir='ltr'><strong>evangelistas</strong></span> 
     </span>
    </p>
   </div>
   <div class='ocr_carea' id='block_1_109' title="bbox 1805 4844 3374 4935">
    <p class='ocr_par' dir='ltr' id='par_1_109' title="bbox 1805 4844 3374 4935">
     <span class='ocr_line' id='line_1_111' title="bbox 1805 4844 3374 4935; baseline -0.024 0"><span class='ocrx_word' id='word_1_868' title='bbox 1805 4880 1859 4935; x_wconf 89' lang='lat' dir='ltr'><strong>in</strong></span> <span class='ocrx_word' id='word_1_869' title='bbox 1886 4888 2113 4933; x_wconf 88' lang='lat' dir='ltr'><strong>ascensu</strong></span> <span class='ocrx_word' id='word_1_870' title='bbox 2146 4866 2358 4926; x_wconf 89' lang='lat' dir='ltr'><strong>Domini</strong></span> <span class='ocrx_word' id='word_1_871' title='bbox 2390 4865 2455 4920; x_wconf 90' lang='lat' dir='ltr'><strong>ad</strong></span> <span class='ocrx_word' id='word_1_872' title='bbox 2482 4859 2933 4928; x_wconf 82' lang='lat' dir='ltr'><strong>Hierosolymam,</strong></span> <span class='ocrx_word' id='word_1_873' title='bbox 2960 4852 3012 4905; x_wconf 93' lang='lat' dir='ltr'><strong>in</strong></span> <span class='ocrx_word' id='word_1_874' title='bbox 3031 4862 3138 4920; x_wconf 90' lang='lat' dir='ltr'><strong>quo</strong></span> <span class='ocrx_word' id='word_1_875' title='bbox 3166 4848 3280 4900; x_wconf 75' lang='lat' dir='ltr'><strong>hzec</strong></span> <span class='ocrx_word' id='word_1_876' title='bbox 3296 4844 3374 4899; x_wconf 83' lang='lat' dir='ltr'><strong>fe-</strong></span> 
     </span>
    </p>
   </div>
   <div class='ocr_carea' id='block_1_110' title="bbox 1806 4937 3372 5033">
    <p class='ocr_par' dir='ltr' id='par_1_110' title="bbox 1806 4937 3372 5033">
     <span class='ocr_line' id='line_1_112' title="bbox 1806 4937 3372 5033; baseline -0.022 -5"><span class='ocrx_word' id='word_1_877' title='bbox 1806 4973 1886 5028; x_wconf 90' lang='lat' dir='ltr'><strong>cit</strong></span> <span class='ocrx_word' id='word_1_878' title='bbox 1911 4971 1965 5025; x_wconf 87' lang='lat' dir='ltr'><strong>in</strong></span> <span class='ocrx_word' id='word_1_879' title='bbox 1996 4964 2221 5033; x_wconf 87' lang='lat' dir='ltr'><strong>templo,</strong></span> <span class='ocrx_word' id='word_1_880' title='bbox 2252 4959 2451 5017; x_wconf 89' lang='lat' dir='ltr'><strong>similia</strong></span> <span class='ocrx_word' id='word_1_881' title='bbox 2486 4952 2767 5024; x_wconf 86' lang='lat' dir='ltr'><strong>scripserit</strong></span> <span class='ocrx_word' id='word_1_882' title='bbox 2788 4947 3026 5004; x_wconf 82' lang='lat' dir='ltr'><strong>Joannes</strong></span> <span class='ocrx_word' id='word_1_883' title='bbox 3056 4948 3175 5011; x_wconf 80' lang='lat' dir='ltr'><strong>post</strong></span> <span class='ocrx_word' id='word_1_884' title='bbox 3203 4937 3372 4993; x_wconf 87' lang='lat' dir='ltr'><strong>multa</strong></span> 
     </span>
    </p>
   </div>
   <div class='ocr_carea' id='block_1_111' title="bbox 1809 5033 3373 5123">
    <p class='ocr_par' dir='ltr' id='par_1_111' title="bbox 1809 5033 3373 5123">
     <span class='ocr_line' id='line_1_113' title="bbox 1809 5033 3373 5123; baseline -0.024 -2"><span class='ocrx_word' id='word_1_885' title='bbox 1809 5064 1978 5120; x_wconf 86' lang='lat' dir='ltr'><strong>fuisse</strong></span> <span class='ocrx_word' id='word_1_886' title='bbox 2012 5059 2174 5121; x_wconf 88' lang='lat' dir='ltr'><strong>facta,</strong></span> <span class='ocrx_word' id='word_1_887' title='bbox 2211 5066 2406 5123; x_wconf 90' lang='lat' dir='ltr'><strong>nempe</strong></span> <span class='ocrx_word' id='word_1_888' title='bbox 2448 5056 2570 5119; x_wconf 90' lang='lat' dir='ltr'><strong>post</strong></span> <span class='ocrx_word' id='word_1_889' title='bbox 2602 5046 2829 5099; x_wconf 90' lang='lat' dir='ltr'><strong>alterum</strong></span> <span class='ocrx_word' id='word_1_890' title='bbox 2882 5037 3050 5108; x_wconf 90' lang='lat' dir='ltr'><strong>ipsius</strong></span> <span class='ocrx_word' id='word_1_891' title='bbox 3082 5033 3373 5088; x_wconf 90' lang='lat' dir='ltr'><strong>adventum</strong></span> 
     </span>
    </p>
   </div>
   <div class='ocr_carea' id='block_1_112' title="bbox 1811 5126 3375 5221">
    <p class='ocr_par' dir='ltr' id='par_1_112' title="bbox 1811 5126 3375 5221">
     <span class='ocr_line' id='line_1_114' title="bbox 1811 5126 3375 5221; baseline -0.024 -8"><span class='ocrx_word' id='word_1_892' title='bbox 1811 5158 1878 5213; x_wconf 87' lang='lat' dir='ltr'><strong>ad</strong></span> <span class='ocrx_word' id='word_1_893' title='bbox 1897 5149 2348 5221; x_wconf 83' lang='lat' dir='ltr'><strong>Hierosolymam,</strong></span> <span class='ocrx_word' id='word_1_894' title='bbox 2370 5158 2399 5197; x_wconf 94' lang='lat' dir='ltr'><strong>a</strong></span> <span class='ocrx_word' id='word_1_895' title='bbox 2430 5137 2677 5212; x_wconf 64' lang='lat' dir='ltr'><strong>praesenti</strong></span> <span class='ocrx_word' id='word_1_896' title='bbox 2707 5134 3001 5189; x_wconf 88' lang='lat' dir='ltr'><strong>diversum.</strong></span> <span class='ocrx_word' id='word_1_897' title='bbox 3029 5126 3166 5183; x_wconf 89' lang='lat' dir='ltr'><strong>Sunt</strong></span> <span class='ocrx_word' id='word_1_898' title='bbox 3195 5131 3375 5177; x_wconf 88' lang='lat' dir='ltr'><strong>autem</strong></span> 
     </span>
    </p>
   </div>
   <div class='ocr_carea' id='block_1_113' title="bbox 1814 5216 3378 5306">
    <p class='ocr_par' dir='ltr' id='par_1_113' title="bbox 1814 5216 3378 5306">
     <span class='ocr_line' id='line_1_115' title="bbox 1814 5216 3378 5306; baseline -0.023 1"><span class='ocrx_word' id='word_1_899' title='bbox 1814 5252 1958 5306; x_wconf 85' lang='lat' dir='ltr'><strong>hunc</strong></span> <span class='ocrx_word' id='word_1_900' title='bbox 2006 5247 2061 5301; x_wconf 92' lang='lat' dir='ltr'><strong>in</strong></span> <span class='ocrx_word' id='word_1_901' title='bbox 2115 5240 2332 5298; x_wconf 87' lang='lat' dir='ltr'><strong>modmn</strong></span> <span class='ocrx_word' id='word_1_902' title='bbox 2384 5229 2810 5290; x_wconf 83' lang='lat' dir='ltr'><strong>consideranda:</strong></span> <span class='ocrx_word' id='word_1_903' title='bbox 2866 5233 3030 5294; x_wconf 87' lang='lat' dir='ltr'><strong>atque</strong></span> <span class='ocrx_word' id='word_1_904' title='bbox 3083 5221 3138 5275; x_wconf 91' lang='lat' dir='ltr'><strong>in</strong></span> <span class='ocrx_word' id='word_1_905' title='bbox 3187 5216 3378 5289; x_wconf 85' lang='lat' dir='ltr'><strong>primis</strong></span> 
     </span>
    </p>
   </div>
   <div class='ocr_carea' id='block_1_114' title="bbox 1812 5310 3377 5417">
    <p class='ocr_par' dir='ltr' id='par_1_114' title="bbox 1812 5310 3377 5417">
     <span class='ocr_line' id='line_1_116' title="bbox 1812 5310 3377 5417; baseline -0.024 -16"><span class='ocrx_word' id='word_1_906' title='bbox 1812 5358 1932 5417; x_wconf 77' lang='lat' dir='ltr'><strong>quae</strong></span> <span class='ocrx_word' id='word_1_907' title='bbox 1967 5356 1997 5395; x_wconf 88' lang='lat' dir='ltr'><strong>a</strong></span> <span class='ocrx_word' id='word_1_908' title='bbox 2033 5337 2288 5393; x_wconf 68' lang='lat' dir='ltr'><strong>Matthmo</strong></span> <span class='ocrx_word' id='word_1_909' title='bbox 2317 5329 2602 5385; x_wconf 88' lang='lat' dir='ltr'><strong>traduntur</strong></span> <span class='ocrx_word' id='word_1_910' title='bbox 2635 5325 2715 5380; x_wconf 69' lang='grc' dir='ltr'><strong>’ἐ</strong></span> <span class='ocrx_word' id='word_1_911' title='bbox 2770 5339 2788 5374; x_wconf 75' lang='grc' dir='ltr'><strong>ι</strong></span> <span class='ocrx_word' id='word_1_912' title='bbox 2818 5319 3038 5375; x_wconf 84' lang='lat' dir='ltr'><strong>Etcum</strong></span> <span class='ocrx_word' id='word_1_913' title='bbox 3082 5310 3377 5384; x_wconf 85' lang='lat' dir='ltr'><strong>appropin-</strong></span> 
     </span>
    </p>
   </div>
   <div class='ocr_carea' id='block_1_115' title="bbox 1813 5397 3381 5507">
    <p class='ocr_par' dir='ltr' id='par_1_115' title="bbox 1813 5397 3381 5507">
     <span class='ocr_line' id='line_1_117' title="bbox 1813 5397 3381 5507; baseline -0.026 -16"><span class='ocrx_word' id='word_1_914' title='bbox 1813 5397 2070 5507; x_wconf 63' lang='lat' dir='ltr'><strong>quassent</strong></span> <span class='ocrx_word' id='word_1_915' title='bbox 2108 5417 2512 5491; x_wconf 84' lang='lat' dir='ltr'><strong>Hierosolymis,</strong></span> <span class='ocrx_word' id='word_1_916' title='bbox 2542 5423 2597 5472; x_wconf 91' lang='lat' dir='ltr'><strong>et</strong></span> <span class='ocrx_word' id='word_1_917' title='bbox 2643 5412 2920 5468; x_wconf 77' lang='lat' dir='ltr'><strong>venissent</strong></span> <span class='ocrx_word' id='word_1_918' title='bbox 2964 5402 3274 5473; x_wconf 82' lang='lat' dir='ltr'><strong>Betbphage</strong></span> <span class='ocrx_word' id='word_1_919' title='bbox 3313 5397 3381 5453; x_wconf 92' lang='lat' dir='ltr'><strong>ad</strong></span> 
     </span>
    </p>
   </div>
   <div class='ocr_carea' id='block_1_116' title="bbox 1817 5489 3379 5583">
    <p class='ocr_par' dir='ltr' id='par_1_116' title="bbox 1817 5489 3379 5583">
     <span class='ocr_line' id='line_1_118' title="bbox 1817 5489 3379 5583; baseline -0.026 0"><span class='ocrx_word' id='word_1_920' title='bbox 1817 5534 2050 5583; x_wconf 90' lang='lat' dir='ltr'><strong>montem</strong></span> <span class='ocrx_word' id='word_1_921' title='bbox 2073 5519 2371 5576; x_wconf 86' lang='lat' dir='ltr'><strong>Olivarum,</strong></span> <span class='ocrx_word' id='word_1_922' title='bbox 2398 5519 2523 5564; x_wconf 91' lang='lat' dir='ltr'><strong>tunc</strong></span> <span class='ocrx_word' id='word_1_923' title='bbox 2546 5506 2703 5564; x_wconf 75' lang='lat' dir='ltr'><strong>Jesus</strong></span> <span class='ocrx_word' id='word_1_924' title='bbox 2728 5503 2877 5558; x_wconf 86' lang='lat' dir='ltr'><strong>misit</strong></span> <span class='ocrx_word' id='word_1_925' title='bbox 2902 5500 3036 5554; x_wconf 88' lang='lat' dir='ltr'><strong>duos</strong></span> <span class='ocrx_word' id='word_1_926' title='bbox 3066 5489 3379 5560; x_wconf 89' lang='lat' dir='ltr'><strong>discipulos,</strong></span> 
     </span>
    </p>
   </div>
   <div class='ocr_carea' id='block_1_117' title="bbox 2812 5630 3381 5697">
    <p class='ocr_par' dir='ltr' id='par_1_117' title="bbox 2812 5630 3381 5697">
     <span class='ocr_line' id='line_1_119' title="bbox 2812 5630 3381 5697; baseline -0.023 -1"><span class='ocrx_word' id='word_1_927' title='bbox 2812 5642 2857 5674; x_wconf 83' lang='grc'><strong>⁶²</strong></span> <span class='ocrx_word' id='word_1_928' title='bbox 2882 5638 3073 5695; x_wconf 72' lang='lat' dir='ltr'><strong>Matth.</strong></span> <span class='ocrx_word' id='word_1_929' title='bbox 3093 5648 3203 5696; x_wconf 74' lang='lat' dir='ltr'><strong>XXI,</strong></span> <span class='ocrx_word' id='word_1_930' title='bbox 3219 5630 3246 5685; x_wconf 79' lang='grc'><strong>1</strong></span> <span class='ocrx_word' id='word_1_931' title='bbox 3264 5644 3381 5697; x_wconf 85' lang='lat' dir='ltr'><strong>seq.</strong></span> 
     </span>
    </p>
   </div>
   <div class='ocr_carea' id='block_1_118' title="bbox 1816 5752 3384 5905">
    <p class='ocr_par' dir='ltr' id='par_1_118' title="bbox 1816 5752 3384 5905">
     <span class='ocr_line' id='line_1_120' title="bbox 1816 5752 3384 5905; baseline -0.021 -69"><span class='ocrx_word' id='word_1_932' title='bbox 1816 5777 2000 5905; x_wconf 44' lang='grc' dir='ltr'><strong>αὺςῑξιϐ)</strong></span> <span class='ocrx_word' id='word_1_933' title='bbox 2047 5774 2231 5832; x_wconf 80' lang='lat' dir='ltr'><strong>Codex</strong></span> <span class='ocrx_word' id='word_1_934' title='bbox 2268 5769 2596 5827; x_wconf 86' lang='lat' dir='ltr'><strong>Budleianus</strong></span> <span class='ocrx_word' id='word_1_935' title='bbox 2628 5780 2725 5837; x_wconf 84' lang='lat' dir='ltr'><strong>pro</strong></span> <span class='ocrx_word' id='word_1_936' title='bbox 2753 5762 2839 5816; x_wconf 75' lang='grc' dir='ltr'><strong>ἐπ’</strong></span> <span class='ocrx_word' id='word_1_937' title='bbox 2875 5758 3065 5830; x_wconf 75' lang='grc' dir='ltr'><strong>αὑτήν,</strong></span> <span class='ocrx_word' id='word_1_938' title='bbox 3098 5754 3262 5809; x_wconf 86' lang='lat' dir='ltr'><strong>habet</strong></span> <span class='ocrx_word' id='word_1_939' title='bbox 3297 5752 3384 5803; x_wconf 77' lang='grc' dir='ltr'><strong>ἐπ’</strong></span> 
     </span>
    </p>
   </div>
   <div class='ocr_carea' id='block_1_119' title="bbox 2177 5648 2723 5716">
    <p class='ocr_par' dir='ltr' id='par_1_119' title="bbox 2177 5648 2723 5716">
     <span class='ocr_line' id='line_1_121' title="bbox 2177 5648 2723 5716; baseline -0.018 -6"><span class='ocrx_word' id='word_1_940' title='bbox 2177 5655 2219 5687; x_wconf 83' lang='grc'><strong>⁶¹</strong></span> <span class='ocrx_word' id='word_1_941' title='bbox 2237 5652 2366 5708; x_wconf 85' lang='lat' dir='ltr'><strong>Luc.</strong></span> <span class='ocrx_word' id='word_1_942' title='bbox 2386 5665 2502 5716; x_wconf 73' lang='lat' dir='ltr'><strong>tux,</strong></span> <span class='ocrx_word' id='word_1_943' title='bbox 2523 5648 2588 5702; x_wconf 70' lang='grc'><strong>41</strong></span> <span class='ocrx_word' id='word_1_944' title='bbox 2607 5659 2723 5714; x_wconf 88' lang='lat' dir='ltr'><strong>seq.</strong></span> 
     </span>
    </p>
   </div>
  </div>
