3866 6542
425 376 528 431 545

1908 374 2230 433 ORJGENIS

3567 379 3666 434 3M

427 492 614 545 dicens
659 491 772 546 eis:
801 490 878 546 Ite
910 492 962 546 in
991 492 1196 558 vicum,
1228 493 1317 560 qui
1356 507 1386 548 e
1422 492 1640 563 regione
1673 493 1841 548 vestri
1890 501 1996 556 est,

2104 489 2270 560 μένα·
2302 489 2396 544 καὶ
2430 489 2642 560 πρῶτόν
2683 505 2748 560 γε
2798 489 2867 545 τὰ
2911 488 3177 564 Ματθαίῳ
3208 488 3322 563 (37)
3368 490 3663 563 λεγόμεναο

425 592 480 635 et
500 582 681 636 statim
705 582 990 638 invenietis
1017 584 1222 638 asinam
1248 584 1542 654 alligatam,
1565 595 1616 640 et
1641 584 1843 655 pullum
1871 600 1993 639 cum

426 686 524 733 ea;
567 669 775 733 solvite,
812 680 866 727 et
900 674 1152 729 adducite
1184 675 1344 728 mihi:
1397 684 1450 730 et
1492 677 1538 731 si
1567 676 1694 745 quis
1727 675 1882 730 vobis
1911 674 1995 729 di-

427 762 570 816 xerit
603 780 616 815 :
659 761 795 830 Quid
824 762 1035 821 facitis?
1061 768 1290 823 dicetis:
1333 767 1594 824 Dominus
1625 767 1707 822 his
1736 782 1872 839 opus
1897 767 1994 821 ha-

430 854 558 908 izet:
604 862 660 908 et
707 855 993 912 confestim
1043 859 1278 914 dimittet
1309 874 1420 914 eos.
1468 858 1580 914 Hoc
1610 869 1790 915 autem
1826 869 1994 914 totum

431 942 631 998 factum
659 957 760 1010 est,
792 957 848 1001 ut
873 947 1188 1019 impleretur
1211 951 1352 1020 quod
1382 949 1580 1006 dictum
1623 961 1705 1006 est
1743 966 1836 1018 per
1870 965 1996 1020 pro-

431 1035 649 1102 phetam
681 1038 981 1096 dicentem:
1017 1041 1188 1097 Dicite
1214 1043 1340 1099 tilia:
1367 1043 1526 1099 Sion:
1563 1042 1699 1098 Ecce
1730 1041 1841 1096 Rex
1876 1050 1998 1099 tuus

430 1129 580 1182 venit
606 1141 949 1196 mansuetus,
981 1144 1034 1189 et
1058 1135 1252 1190 sedens
1282 1148 1444 1203 snper
1469 1135 1696 1197 asinam,
1721 1143 1774 1188 et
1797 1133 1996 1201 pullum

431 1217 600 1273 ﬁlium
635 1220 948 1293 subjugalis.
978 1222 1209 1279 ProfeCti
1243 1233 1424 1279 autem
1460 1225 1711 1296 discipuli
1753 1226 1998 1282 fecerunt

431 1311 573 1366 sicut
601 1324 931 1385 praeceperat
966 1317 1072 1372 illis
1095 1317 1272 1385 Jesus,
1301 1328 1355 1376 et
1387 1320 1728 1376 adduxerunt
1759 1322 1996 1387 asinam,

428 1411 482 1454 et
513 1403 756 1472 pullum,
796 1417 850 1462 et
901 1409 1275 1479 imposuerunt
1326 1427 1492 1482 super
1535 1431 1629 1468 eos
1675 1416 1994 1469 vestimenta

427 1510 557 1562 sua,
587 1506 644 1551 et
673 1497 872 1554 insedit
905 1500 1030 1556 illis.
1064 1501 1302 1558 Plurima
1340 1515 1521 1561 autem
1581 1507 1740 1561 turba
1785 1516 1996 1562 strave-

431 1595 552 1638 runt
593 1589 911 1645 vestitncnta
941 1607 1036 1645 sua
1064 1592 1116 1646 in
1143 1595 1249 1648 via.
1287 1595 1456 1651 Porro
1486 1598 1676 1662 turbae,
1710 1613 1828 1667 quae
1862 1613 1995 1668 pne-

425 1677 690 1731 eedebant
714 1696 857 1745 eum,
888 1693 941 1736 et
971 1685 1354 1752 sequebantur,
1382 1688 1694 1743 clamabant
1722 1689 1993 1744 dicentes:

429 1767 680 1824 llosanna
705 1772 813 1827 tilio
843 1775 1028 1842 David,
1063 1779 1382 1835 benedictus
1407 1783 1494 1851 qui
1529 1782 1671 1834 venit
1701 1783 1750 1835 in
1779 1784 1996 1836 nomine

431 1858 675 1916 Domini:
712 1861 962 1919 llosiinna
1004 1867 1056 1921 in
1085 1867 1390 1925 altissimis!
1430 1891 1447 1922 ι
1496 1872 1698 1927 Deinde
1733 1887 1864 1927 vero
1911 1887 1999 1927 se-
2027 1852 2070 1907 Β

429 1964 668 2020 quuntut‘
707 1975 718 2009 :
760 1957 866 2012 «Et
911 1975 1030 2014 cum
1087 1961 1345 2017 intrJSset
1397 1963 1510 2032 ipse
1545 1963 1994 2033 Hierosolymam,

431 2057 698 2103 (ontmota
733 2063 814 2106 est
842 2053 1088 2107 universa
1126 2055 1337 2119 civitas,
1371 2074 1389 2105 ι
1437 2069 1558 2125 qua:
1606 2055 1655 2108 in
1701 2055 2000 2126 superiori-

434 2139 532 2193 bus
563 2140 874 2199 citaviinus.
925 2143 1077 2201 Nunc
1111 2162 1240 2202 vero
1275 2149 1434 2202 verba
1489 2148 1652 2202 Marci
1687 2149 2000 2204 considere-

433 2247 550 2285 mus
574 2232 654 2288 ”:
694 2251 712 2285 ι
749 2234 812 2288 Et
844 2251 963 2290 cum
995 2240 1426 2310 apprOpinquant
1483 2240 1896 2312 Hierosolymis,
1929 2243 1997 2297 ad

432 2319 738 2394 Belbphage
784 2336 839 2380 et
866 2326 1203 2396 Bethaniam,
1232 2330 1384 2397 juxta
1415 2345 1647 2388 mentem
1693 2333 1996 2401 Olivarum,

431 2414 631 2468 emittit
680 2419 814 2472 duos
841 2434 870 2472 e
901 2421 1178 2490 discipulis
1209 2423 1321 2478 suis
1345 2462 1360 2490 ,
1399 2436 1453 2480 et
1500 2427 1629 2480 dicit
1659 2426 1801 2481 illis:
1833 2427 1998 2482 Abite

433 2507 486 2558 in
508 2506 704 2572 vicum,
729 2510 818 2580 qui
852 2525 882 2565 e
912 2513 1131 2583 regione
1160 2518 1320 2571 vestri
1374 2529 1456 2572 est
1482 2560 1496 2583 ,
1523 2530 1574 2573 et
1607 2519 1794 2574 statim
1820 2519 1999 2588 ingre-

435 2597 647 2655 dientes
675 2603 726 2656 in
764 2605 916 2660 illum
950 2607 1240 2664 invenietis
1274 2611 1472 2681 pullum
1507 2613 1805 2682 alligatum,
1837 2628 2000 2683 super

433 2706 594 2759 quem
625 2695 800 2751 nullus
834 2699 1008 2754 adhuc
1036 2701 1309 2756 hominum
1335 2703 1447 2757 sedi
1495 2723 1507 2756 :
1542 2705 1733 2757 solvite
1761 2718 1906 2770 eum,
1943 2712 1997 2758 et

433 2785 703 2841 adducite.
735 2788 801 2842 Et
831 2790 874 2845 si
903 2792 1026 2860 quis
1056 2793 1212 2848 vobis
1243 2795 1468 2850 dixerit:
1500 2797 1610 2850 Cur
1639 2795 1814 2852 facitis
1854 2798 1998 2852 hoc?

433 2878 598 2934 dicite
632 2881 770 2949 quod
812 2882 1071 2941 Dominus
1100 2901 1165 2942 eo
1215 2903 1350 2957 opus
1389 2889 1594 2955 habet,
1637 2897 1692 2944 ct
1742 2891 1998 2946 continuo

437 2966 581 3020 illmn
611 2971 783 3024 mittet
813 2972 935 3027 hnc.
968 2973 1034 3028 Et
1061 2977 1331 3046 abierunt,
1360 2990 1414 3036 et
1445 2982 1767 3036 invenerunt
1792 2984 1994 3052 pullum

431 3058 706 3128 alligatum
746 3060 899 3130 juxta
931 3063 1151 3133 januam
1199 3068 1330 3124 foris
1367 3071 1417 3124 in
1458 3072 1640 3136 bivio,
1681 3082 1736 3127 et
1783 3073 1997 3128 solvunt

2103 600 2121 632 ι
2163 581 2272 634 Καὶ
2291 581 2379 635 ὅτε
2430 582 2656 652 ῆγγισεν
2695 583 2775 646 είς
2827 582 3190 655 Ἰεροσόλυμα,
3239 583 3336 638 καὶ
3379 579 3545 655 ἦλθεν
3594 587 3670 650 είς

2097 673 2390 745 Βηθφαγὴν
2419 674 2558 745 πρὸς
2583 673 2643 727 τὺ
2673 673 2796 746 δρος
2837 673 2946 729 τῶν
3003 675 3246 740 Ἐλαιῶν,
3293 675 3418 728 τότε
3470 675 3669 746 Ἰησοῦς

2095 765 2382 821 ἀπέστειλε
2425 766 2519 820 δύο
2558 766 2826 838 μαθητὰς,
2877 767 3052 836 λέγων
3102 769 3324 832 αὐτοῖς’
3369 766 3668 838 Πορεύεσθε

2097 861 2176 924 είς
2206 859 2303 930 τὴν
2338 858 2530 931 κώμην
2560 858 2658 930 τὴν
2691 859 2952 914 ἀπέναντι
2986 859 3097 930 (58)
3133 860 3307 931 ὑμῶν,
3348 860 3445 914 καὶ
3476 858 3671 922 εὐθέως

2097 952 2355 1024 εὑρήσετε
2385 951 2506 1006 ὄνον
2524 951 2832 1023 δεδεμένην,
2858 951 2951 1006 καὶ
2984 951 3163 1005 πῶλον
3197 953 3316 1023 μετ’
3344 950 3517 1022 αὐτῆς
3537 968 3552 981 ·
3581 950 3671 1002 λύ-

2098 1060 2286 1107 σαντες
2306 1043 2540 1113 ἀγάγετέ
2568 1061 2686 1115 μοι’
2719 1045 2809 1099 καὶ
2837 1043 2931 1098 ἐάν
2956 1062 3037 1108 τις
3066 1045 3192 1115 ὑμῖν
3231 1045 3379 1116 εἴπῃ·
3405 1044 3471 1096 Τί
3509 1045 3671 1095 ποιεῖ-

2095 1153 2154 1188 τε
2185 1134 2374 1200 τοῦτο;
2402 1137 2599 1206 ἐρεῖτε,
2623 1137 2703 1190 ὅτι
2727 1137 2756 1189 6
2777 1135 2979 1206 Κύριος
3008 1135 3187 1190 αὐτῶν
3207 1135 3395 1207 χρείαν
3423 1134 3554 1204 ἔχει·
3587 1135 3667 1186 εύο

2097 1227 2192 1291 θὺς
2214 1227 2270 1281 δέ
2302 1227 2589 1282 ἀποστελεῖ
2618 1229 2832 1292 αύτούς.
2868 1228 3038 1283 Τοῦτο
3064 1229 3120 1282 δὲ
3143 1229 3384 1298 γέγονεν,
3423 1229 3512 1282 ἵνα
3539 1226 3670 1298 πλη-

2101 1320 2243 1391 ρωθῇ
2271 1321 2330 1374 τὸ
2360 1321 2524 1392 ῥηθὲν
2559 1321 2647 1376 διὰ
2677 1320 2770 1375 τοῦ
2814 1323 3091 1394 προφήτου
3133 1321 3384 1390 λέγοντος
3404 1339 3417 1351 ·
3468 1321 3670 1374 Εἴπατε

2094 1416 2162 1484 τῇ
2215 1414 2444 1485 θυγατρὶ
2493 1413 2663 1468 Σιών·
2733 1413 2862 1468 Ἰδοὺ
2919 1416 2948 1468 6
2999 1412 3252 1484 βασιλεύς
3299 1429 3394 1466 σου
3455 1411 3670 1482 ἔρχεται

2098 1505 2297 1576 πραῢς,
2333 1507 2427 1559 καὶ
2454 1503 2796 1580 ἐπισεϐηκὼς
2826 1506 2920 1560 ἐπὶ
2952 1506 3094 1569 δνον,
3135 1505 3230 1559 καὶ
3263 1503 3444 1558 πῶλον
3475 1504 3670 1567 ὑποζυ-

2095 1597 2236 1665 γίου.
2285 1598 2650 1669 Πορευθέντες
2700 1598 2758 1651 δέ
2783 1599 2851 1652 ιοί
2899 1598 3156 1669 μαθηταὶ,
3205 1596 3299 1650 καὶ
3351 1597 3672 1667 ποιήσαντες

2096 1689 2276 1752 καθὼς
2308 1688 2638 1761 προσέταξεν
2663 1691 2844 1754 αὐτοῖς
2872 1691 2901 1743 6
2938 1689 3166 1763 Ἰησοῦς,
3183 1691 3390 1761 ῆγαγον
3411 1689 3510 1760 τὴν
3532 1689 3668 1748 ὄνον,

2097 1781 2302 1836 καὶτὸν
2322 1779 2519 1847 πῶλον,
2553 1781 2647 1836 καὶ
2675 1781 2951 1854 ἐπέθηκαν
2981 1782 3065 1834 ἐπ’
3099 1782 3278 1836 αὐτῶν
3297 1781 3411 1853 (59)
3449 1780 3522 1834 τὰ
3545 1779 3668 1850 ίμάο

2099 1891 2188 1928 τια
2244 1871 2445 1937 αὐτῶν,
2506 1873 2600 1928 καὶ
2649 1871 2971 1926 ἐπεκάθισεν
3022 1872 3205 1926 ἐπάνω
3248 1872 3450 1927 αὐτῶν.
3516 1871 3574 1924 '0
3615 1870 3669 1924 δέ

2101 1967 2349 2030 πλεῖστος
2390 1965 2545 2037 ὄχλος
2589 1965 2867 2037 ἔστρωσαν
2920 1963 3127 2020 ἑαυτῶν
3157 1965 3226 2019 τὰ
3268 1964 3462 2036 ἱμάτια
3510 1965 3568 2017 ἐν
3603 1969 3668 2034 vi]

2099 2057 2228 2128 ὁδῷ·
2260 2058 2308 2111 οί
2345 2057 2402 2111 δέ
2442 2055 2588 2128 ὄχλοι
2632 2057 2684 2109 οί
2730 2057 3059 2128 προάγοντες
3105 2055 3270 2110 αὐτὸν
3314 2053 3450 2123 (40),
3501 2053 3595 2107 καὶ
3623 2054 3668 2106 oi

2098 2149 2514 2213 ἀκολουθοῦντες
2574 2149 2840 2221 ἔκραξαν·
2905 2149 3132 2204 Ὡσαννὰ
3186 2147 3263 2218 τῷ
3321 2147 3424 2219 υίῷ
3476 2143 3665 2209 Δαυῖδ,

2099 2241 2457 2311 εὐλογημένος
2484 2242 2513 2294 6
2534 2241 2824 2312 ἐργόμενος
2842 2244 2898 2294 ἐν
2921 2242 3142 2311 ὀνόματι
3169 2240 3372 2311 Κυρίου
3392 2257 3405 2269 ’
3448 2237 3668 2291 Ὡσαννὰ

2100 2333 2156 2385 ἐν
2204 2335 2317 2395 τοῖς
2363 2333 2625 2402 ὑψίστοις.
2675 2352 2692 2383 ι
2749 2332 2904 2402 Ἑξῆς
2951 2332 3007 2385 δὲ
3047 2331 3247 2386 τούτων
3293 2329 3444 2383 ἐστί’
3497 2347 3517 2380 ι
3564 2328 3670 2383 Καὶ

2098 2423 2430 2486 είσελθόντος
2465 2423 2628 2477 αὐτοῦ
2669 2425 2749 2487 εἰς
2794 2424 3156 2496 Ἱεροσόλυμα,
3199 2423 3419 2492 ἐσείσθη
3450 2423 3600 2475 πᾶσα
3636 2421 3668 2491 ἡ

2099 2515 2273 2578 πόλις,
2305 2535 2323 2568 ι
2357 2515 2514 2570 ἅτινα
2544 2515 2894 2588 παρεθέμεθα
2924 2517 2980 2571 ἐν
3007 2519 3120 2579 τοῖς
3143 2515 3248 2587 πρὸ
3277 2514 3505 2568 τούτων.
3550 2514 3671 2566 Δεύ-

2097 2626 2233 2680 τερα
2259 2608 2316 2661 δὲ
2333 2607 2401 2661 τὰ
2420 2609 2648 2678 Μάρκου
2669 2624 2682 2637 ⁸
2731 2627 2749 2658 ι
2795 2608 2902 2662 Καὶ
2925 2607 3011 2660 ὅτε
3046 2607 3356 2675 ἐγγίζουσιν
3387 2607 3469 2669 είς
3515 2605 3670 2676 Ἰερο-

2101 2701 2326 2771 σόλυμα,
2378 2703 2456 2765 είς
2497 2699 2790 2772 Βηθφαγην
2833 2700 2925 2754 καὶ
2964 2698 3254 2770 Βηθανίαν,
3284 2699 3422 2769 πρὸς
3449 2698 3510 2750 τὸ
3550 2698 3670 2768 δρός

2097 2793 2205 2847 τῶν
2261 2792 2502 2855 Ἐλαιῶν,
2559 2791 2874 2846 ἀποστέλλει
2914 2791 3007 2845 δύο
3042 2791 3146 2844 τῶν
3195 2788 3453 2861 μαθητῶν
3486 2788 3667 2852 αὑτοῦ,

2097 2889 2192 2939 καὶ
2211 2885 2357 2953 λέγει
2387 2885 2601 2949 αὐτοῖς·
2651 2885 2918 2954 Ὑπάγετε
2949 2885 3028 2947 είς
3061 2882 3157 2954 τὴν
3189 2880 3383 2952 κώμην
3405 2880 3504 2952 τῆν
3547 2895 3672 2932 κατ-

2097 2976 2275 3030 έναντι
2305 2975 2478 3046 ὑμῶν,
2506 2977 2601 3030 καὶ
2631 2975 2790 3039 εὐθὺς
2818 2975 3166 3047 πορευόμενοι
3193 2974 3272 3036 είς
3296 2973 3492 3042 αὐτὴν,
3516 2973 3672 3044 εὑρή-

2099 3085 2220 3122 σετε
2254 3067 2430 3122 πῶλον
2459 3068 2758 3140 δεδεμένον,
2785 3069 2867 3138 ἐφ’
2895 3067 2953 3121 ὃν
2986 3067 3159 3130 οὐδεὶς
3188 3065 3340 3119 οὔπω
3367 3064 3668 3136 ἀνθρώπων

433 3151 604 3206 illum.
645 3152 710 3207 Et.
747 3157 989 3211 nonnulli
1023 3173 1232 3226 eorum,
1277 3161 1370 3231 qui
1415 3164 1520 3219 illic
1555 3167 1809 3231 stabant,
1857 3168 1997 3222 dice-

2100 3158 2346 3215 ἐκὰθισε’
2382 3158 2579 3214 λύσατε
2605 3159 2787 3224 αὑτὸν,
2812 3160 2905 3214 καὶ
2939 3160 3149 3231 φέρετε.
3185 3157 3292 3210 Καὶ
3315 3156 3412 3210 ἐάν
3438 3173 3523 3220 τις
3551 3157 3670 3226 ὑμῖν

433 3243 562 3296 bant
591 3243 730 3301 illis:
767 3245 904 3313 Quid
933 3247 1108 3306 facitis
1137 3251 1406 3309 solventes
1445 3257 1647 3326 pnllutn
1669 3258 1693 3311 Υ
1719 3260 1790 3312 At
1814 3259 1888 3313 illi
1920 3260 1999 3313 di-

435 3346 632 3390 xerunt
663 3337 742 3392 eis
772 3343 1224 3408 quemadmodum
1260 3360 1588 3416 praeceperat
1620 3348 1809 3416 Jcsus;
1842 3361 1894 3406 et
1920 3351 1998 3404 si-

434 3427 635 3480 nebant
685 3428 842 3484 illos:
877 3442 930 3486 et
960 3437 1295 3491 adduxerunt
1327 3439 1529 3508 pullum
1572 3442 1639 3494 ad
1685 3440 1867 3496 Jesuin
1898 3484 1912 3508 ,
1947 3452 2002 3498 et

435 3514 736 3582 iniecerunt
779 3521 935 3592 182
991 3524 1067 3579 illi
1123 3527 1448 3583 vestimenta
1494 3545 1611 3585 sua.
1664 3532 1770 3586 Alii
1820 3542 1997 3588 autem

435 3605 656 3662 frondes
680 3613 956 3670 cwdebant
980 3617 1045 3671 de
1066 3619 1374 3685 arboribus,
1401 3633 1454 3676 et
1473 3625 1789 3678 sternebant
1811 3624 1863 3678 ili
1893 3627 1996 3681 via.

432 3696 500 3751 Ει
531 3699 621 3768 qui
653 3704 1022 3769 praecedebant
1050 3748 1065 3772 ,
1117 3712 1323 3781 quique
1359 3716 1728 3784 sequebantur
1750 3755 1766 3780 ,
1798 3717 2000 3774 clama-

433 3788 562 3845 bant
611 3792 886 3851 dicentes:
941 3797 1216 3871 Hosanna,
1272 3803 1584 3861 benedictus
1635 3808 1725 3877 qui
1769 3809 1911 3864 venit
1945 3811 1998 3864 in

435 3884 652 3940 nomine
702 3888 950 3950 Domini:
985 3892 1336 3951 Benedictum
1385 3901 1528 3968 quod
1580 3905 1722 3964 venit
1775 3916 1998 3972 regnum

433 3977 602 4044 patris
634 3983 801 4036 nostri
843 3984 1037 4041 David:
1071 3985 1326 4043 llusanna
1360 3991 1412 4043 in
1449 3991 1768 4047 altissimis!
1818 3992 1886 4048 Et
1919 3993 2003 4048 in-

431 4084 649 4138 gressus
687 4083 769 4126 est
801 4072 1223 4147 Hierosolymam
1258 4079 1310 4134 in
1349 4082 1630 4150 templum,
1660 4092 1712 4138 et
1747 4099 1866 4138 cum
1894 4084 2002 4139 cir-

435 4165 827 4234 cumspexisset
861 4170 1062 4235 omnia,
1095 4169 1319 4241 jamque
1357 4182 1570 4242 tempus
1604 4185 1745 4230 esset
1783 4191 2003 4245 vesper-

435 4257 628 4323 tinum,
680 4259 951 4330 ingressus
977 4271 1059 4316 est
1093 4263 1411 4318 Bethaniam
1440 4280 1561 4320 cum
1592 4267 1916 4336 duodecim;
1948 4279 2002 4324 et.

432 4359 648 4418 postero
676 4351 761 4406 die
787 4392 801 4416 ,
840 4368 960 4408 cum
1008 4358 1248 4410 exissent
1284 4355 1566 4424 Bethania,
1599 4360 1816 4412 esuriit.
1847 4379 1865 4413 ι
1908 4362 2002 4417 Dc-

435 4439 556 4494 imle
586 4451 706 4510 post
738 4444 870 4500 licus
905 4447 1157 4502 arefacta:
1194 4449 1529 4518 mysterium,
1561 4467 1579 4500 ‹
1621 4452 1843 4508 veniunt
1874 4455 1996 4511 llic-

2101 3250 2228 3325 εῐπῃ
2248 3269 2262 3282 ·
2305 3251 2369 3304 Τί
2395 3253 2597 3305 ποιεῖτε
2631 3249 2816 3314 τοῦτο;
2857 3251 3068 3315 είπατε,
3096 3253 3180 3307 ὅτι
3210 3250 3238 3302 6
3268 3248 3474 3320 Κύριος
3510 3245 3670 3301 αὑτοῦ

2101 3345 2290 3417 χρείαν
2336 3343 2468 3415 ἔχει,
2526 3344 2620 3398 καὶ
2678 3343 2837 3406 εὐθὺς
2883 3342 3043 3396 αὑτὸν
3092 3341 3381 3395 ἀποστελεί
3409 3335 3536 3394 ὦδε.
3568 3340 3669 3394 Καὶ

2099 3435 2362 3508 ἀπῆλθον,
2413 3435 2508 3490 καὶ⁹
2555 3429 2714 3507 εὖρον
2760 3434 2936 3488 πῶλον
2982 3433 3264 3502 δεδεμένον
3324 3431 3462 3505 πρὸς
3506 3431 3672 3503 θύραν

2099 3527 2204 3594 ἐξω
2231 3527 2322 3581 ἐπὶ
2352 3527 2448 3580 τοῦ
2475 3526 2738 3598 ἀμφόδου,
2770 3525 2862 3578 καὶ⁵
2894 3524 3108 3577 λύουσιν
3158 3522 3344 3576 αὐτόν.
3388 3522 3500 3574 Καί
3535 3537 3672 3585 τινες

2097 3620 2206 3674 τῶν
2235 3622 2349 3674 ἐκεῖ
2369 3621 2618 3674 ἑστώτων
2647 3620 2831 3686 ἐλεγον
2860 3619 3039 3680 αὐτοῖς
3057 3633 3070 3645 °
3117 3616 3181 3668 Τί
3223 3617 3426 3668 ποιεῖτε
3460 3613 3672 3675 λύοντες

2099 3714 2190 3767 τὸν
2229 3713 2442 3778 πῶλον;
2479 3714 2542 3766 Οί
2573 3712 2629 3765 δέ
2668 3707 2822 3764 εἷπον
2862 3710 3042 3771 αὐτοῖς
3079 3707 3259 3772 καθὼς
3298 3704 3453 3759 εἶπεν
3489 3709 3518 3760 6
3567 3706 3670 3775 ’1η-

2101 3805 2259 3870 σοῦς’
2308 3806 2400 3859 καὶ
2428 3805 2644 3876 ἀφῆκαν
2687 3801 2912 3866 αὐτούς’
2951 3801 3046 3856 καὶ
3091 3799 3312 3871 φέρουσι
3355 3797 3448 3852 τὸν
3502 3795 3671 3851 πῶλον

2102 3898 2237 3970 πρὸς
2265 3897 2354 3951 τὸν
2395 3896 2616 3968 Ἰησοῦν,
2649 3896 2742 3949 καὶ
2773 3893 3151 3948 ἐπιϐάλλουσιν
3199 3891 3348 3962 αὐτῷ
3385 3890 3455 3944 τὰ
3488 3890 3672 3961 ἱμάτια

2101 3995 2298 4050 αὐτῶν.
2337 3993 2521 4048 ’Δλλοι
2554 3992 2611 4047 δὲ
2633 3991 2916 4054 στοι6ἀδας
2945 3989 3207 4056 κόψαντες
3240 3990 3306 4041 ἐκ
3339 3986 3450 4039 τῶν
3492 3985 3671 4058 ἀγρῶν

2102 4087 2380 4158 ἔστρωσαν
2401 4088 2480 4150 είς
2497 4085 2595 4157 τὴν
2615 4085 2750 4139 όδόν.
2769 4085 2879 4136 Καὶ
2897 4084 2945 4136 οἱ
2974 4082 3328 4151 προάγοντες,
3360 4080 3457 4132 καὶ
3481 4081 3529 4133 oi
3557 4080 3674 4132 ἀκο-

2102 4175 2658 4249 λουθοῦντεςέκραζον
2671 4193 2684 4206 ·
2703 4174 2951 4238 Ὡσαννὰ,
2968 4171 3366 4243 εὐλογημένοςό
3385 4171 3671 4243 ἐρχόμενικς

2103 4273 2160 4324 ἐν
2188 4269 2409 4340 ὀνόματι
2431 4270 2658 4341 Κυρίουο
2685 4266 3034 4337 Εὐλογημένη
3068 4267 3102 4337 ἡ
3135 4264 3404 4337 ἐρχομένη
3433 4262 3673 4333 βασιλεία

2102 4361 2194 4416 τοῦ
2230 4362 2442 4434 Πατρὸς
2471 4361 2627 4433 ἡμῶν
2656 4359 2842 4414 Δαυῖδο
2901 4359 3130 4412 Ὡσαννὰ
3163 4360 3220 4410 ἐν
3265 4359 3378 4420 τοῖς
3411 4356 3670 4425 ὑψίστοις.
3737 4414 3740 4417 ,

2104 4453 2213 4507 Καὶ
2233 4452 2480 4522 είσῆλθεν
2506 4455 2584 4516 είς
2625 4453 2989 4523 Ἱεροσόλυμα,
3015 4451 3093 4512 είς
3113 4449 3175 4502 τὸ
3201 4448 3366 4519 ἱερὸν,
3397 4449 3494 4500 καὶ
3525 4463 3673 4518 περι-

433 4529 782 4600 rosolymam.
812 4533 878 4588 Et
905 4535 1179 4604 ingressus
1204 4537 1254 4590 in
1293 4537 1570 4607 templum,
1601 4542 1767 4612 toepit
1799 4545 1997 4615 ejicere

2107 4545 2436 4616 6λεψάμενος
2468 4545 2665 4607 πάντα,
2701 4543 2796 4614 ὀψὲ
2831 4543 2930 4614 ἤδη
2977 4540 3142 4612 οῦσης
3173 4541 3270 4611 τῆς
3307 4539 3476 4611 ὥρας,
3525 4537 3676 4604 cgna-

433 4622 744 4688 vendentes,
781 4644 800 4676 ι
837 4635 892 4676 et
920 4641 1038 4694 qua:
1082 4641 1384 4696 sequuntur
1425 4633 1569 4688 hunc
1613 4633 1668 4690 in
1704 4639 1921 4695 modum
1966 4658 1996 4698 a

430 4711 574 4767 Luca
606 4724 827 4770 narrata
848 4715 927 4774 "':
970 4735 988 4768 ι
1023 4717 1090 4773 Et
1123 4722 1325 4789 chnit,
1357 4739 1480 4779 cum
1509 4731 2001 4802 appropinquasset

436 4807 500 4857 ad
531 4805 830 4877 Bethphage
853 4821 905 4864 et
939 4810 1278 4880 Bethaniant,
1311 4815 1469 4884 juxta
1495 4831 1751 4888 montem,
1779 4827 1872 4895 qni
1903 4844 1997 4883 vo-

433 4907 587 4951 catur
612 4898 905 4964 Olivartnn,
935 4904 1232 4962 misitduos
1255 4909 1572 4979 discipulos,
1598 4915 1814 4972 dicens:
1844 4919 2002 4976 Abite

433 4991 486 5045 in
537 4992 816 5046 castellum
850 4997 993 5065 quod
1041 5007 1124 5054 est
1154 5014 1221 5056 ex
1253 5004 1506 5072 adverso,
1562 5005 1614 5060 in
1649 5010 1793 5078 quod
1830 5013 2001 5070 intro-

431 5094 622 5138 euntes
674 5083 958 5146 invenietis
1001 5093 1200 5163 pullum
1251 5096 1528 5166 alligatum
1557 5141 1572 5165 ,
1613 5103 1664 5156 in
1699 5119 1806 5172 quo
1841 5122 1999 5162 nemo

433 5191 668 5244 unquam
701 5179 975 5237 hominum
1001 5186 1180 5252 sedit;
1211 5189 1404 5246 solvite
1427 5192 1604 5258 illum,
1629 5203 1685 5246 et
1713 5195 1995 5265 adducite;

432 5280 482 5324 et
509 5271 551 5324 si
582 5272 704 5340 quis
731 5287 822 5329 vos
851 5275 1295 5348 interrogaveril:
1328 5284 1507 5352 Quare
1533 5286 1785 5341 solvitis?
1811 5289 1890 5345 sic
1913 5291 1998 5346 di-

420 5364 600 5448 lectis:
635 5365 768 5434 Quia
807 5366 1063 5424 Dominus
1102 5385 1167 5427 eo
1199 5389 1333 5444 opus
1369 5377 1554 5432 habet.
1591 5378 1862 5434 Abierunt
1903 5398 1999 5436 au-

413 5451 538 5543 gent
570 5458 841 5528 discipuli,
874 5473 927 5517 et
967 5464 1287 5522 invenerunt
1317 5470 1457 5525 sicut
1492 5471 1710 5525 dixerat
1739 5472 1839 5529 eis.
1879 5474 1998 5532 Sol-

497 5551 542 5581 ⁸³
567 5555 731 5609 Marc.
809 5572 884 5619 XI.
919 5558 941 5613 l
977 5577 1094 5632 seq.
1173 5563 1218 5598 ⁸³
1245 5562 1374 5618 Luc.
1411 5581 1522 5630 xix,
1553 5563 1624 5618 29
1663 5579 1780 5634 seq.

500 5648 611 5714 (57)
641 5650 818 5708 Codex
843 5655 1182 5720 Bodleianns,
1221 5659 1360 5715 κατά
1391 5659 1696 5714 Ματθαῶν.

500 5721 609 5793 (58)
638 5721 780 5793 idem
808 5729 972 5788 codex
1004 5727 1344 5793 Bodleianus,
1373 5731 1680 5783 κατέναντι.

500 5791 610 5864 (59)
645 5791 786 5852 Idem
827 5797 995 5858 codex
1035 5791 1378 5867 Bodleianus,
1410 5801 1497 5854 ἐπ’
1533 5798 1713 5853 αὐτόν.

2105 4639 2193 4693 θεν
2216 4641 2294 4702 είς
2311 4638 2580 4710 Βηθανίαν
2611 4639 2750 4709 μετά
2775 4635 2882 4690 τῶν
2906 4635 3134 4698 δώδεκα,
3190 4636 3286 4688 καὶ
3318 4636 3384 4703 τῇ
3418 4633 3675 4704 ἐπαύριον

2105 4731 2425 4798 ἐξελθόντων
2467 4732 2645 4787 αὐτῶν
2686 4735 2794 4789 ἀπὺ
2826 4735 3113 4807 Βηθανίας,
3153 4733 3461 4788 ἐπείνασεν.
3497 4748 3514 4780 ι
3547 4727 3678 4781 Εἶτα

2110 4825 2246 4894 μετά
2280 4825 2377 4897 τὴν
2411 4827 2509 4896 τῆς
2543 4827 2936 4898 ξηραινομένης
2965 4828 3134 4897 συκῆς
3178 4822 3512 4894 οἰκονομίαν,
3550 4841 3567 4872 ι
3598 4819 3680 4890 Ep-

2108 4937 2291 4991 χονται
2327 4923 2406 4985 εἰς
2453 4921 2816 4992 Ἰεροσόλυμα.
2870 4922 2979 4974 Καὶ
3019 4918 3271 4973 εἰσελθὼν
3309 4919 3391 4980 είς
3427 4915 3490 4969 τὸ
3537 4912 3680 4985 ἱερὸν

2107 5016 2306 5088 ῆρξατο
2331 5014 2608 5069 ἐκϐάλλειν
2639 5015 2767 5078 τοὺς
2797 5013 3132 5076 πωλοῦντας,
3161 5031 3179 5064 ι
3205 5011 3294 5065 καὶ
3319 5009 3388 5065 τὰ
3423 5010 3550 5080 ἐξῆς
3587 5006 3680 5060 τοῦ

2105 5111 2288 5164 Λουκᾶ
2335 5110 2442 5180 (41)
2493 5109 2679 5166 τοῦτον
2725 5111 2818 5164 τὸν
2849 5109 3079 5182 τρόπον’
3117 5127 3136 5159 ι
3166 5107 3277 5160 Καὶ
3327 5105 3551 5171 ἐγένετο
3604 5103 3682 5166 ὡς

2105 5203 2328 5275 ἤγγισεν
2368 5205 2446 5266 είς
2478 5203 2769 5275 Βηθφαγὴν
2813 5203 2904 5256 καὶ
2945 5201 3232 5272 Βηθανίαν,
3276 5197 3414 5270 πρὸς
3458 5198 3519 5250 τὸ
3558 5196 3684 5266 ὅρος

2105 5295 2165 5346 τὸ
2195 5295 2521 5365 καλούμενον
2571 5295 2814 5359 Ἐλαιῶν,
2849 5292 3132 5348 ἀπέστειλε
3161 5291 3252 5345 δύο
3278 5291 3387 5343 τῶν
3425 5287 3682 5359 μαθητῶν

2106 5390 2304 5457 λέγων·
2360 5389 2629 5457 Ὑπάγετε
2667 5391 2746 5453 είς
2786 5389 2882 5461 τὴν
2931 5387 3212 5442 κατέναντι
3261 5385 3495 5457 κώμην,
3543 5385 3598 5435 ἐν
3648 5377 3680 5454 ᾗ

2105 5482 2541 5552 εἰσπορευόμενοι
2582 5483 2839 5556 εὑρήσετε
2902 5481 3080 5536 πῶλον
3131 5477 3410 5550 δεδεμένον
3436 5517 3452 5544 ,
3491 5475 3576 5548 ἐφ’
3621 5474 3681 5528 ὃν

2169 5669 2282 5736 (40)
2319 5669 2498 5723 Codex
2526 5669 2877 5732 Bodleianns,
2905 5666 3087 5722 αὑτοῦ.

2169 5735 2279 5810 (Η)
2310 5739 2451 5797 Idem
2477 5741 2641 5796 codex
2675 5739 3015 5805 Bodleianus,
3040 5735 3118 5810 τῷ
3139 5735 3338 5805 Λουκᾷ.
