3866 6540
479 403 582 458 347

1897 398 2056 457 ORIG
2065 396 2217 453 ENIS

3631 381 3732 436 MS

481 523 748 590 cordiam,
780 524 1094 596 cumprimis
1128 526 1375 582 videntes
1405 525 1630 583 Joannis
1674 532 1876 581 textum
1920 525 2050 577 inci-

2172 535 2248 590 rqv
2282 519 2412 588 ἡμῖν
2444 514 2672 584 δύναμιν
2717 508 3060 582 ἐκθησόμεθα
3104 505 3318 577 τρόπον.
3371 499 3484 554 Καὶ
3521 495 3736 596 πρῶτόν

483 617 717 685 picntem
743 617 812 672 ab
838 617 943 672 illis
968 620 1147 675 verbis
1176 636 1233 689 ει
1263 619 1320 673 Et
1355 620 1599 674 ascendit
1624 617 1780 674 Jesus
1804 616 2054 670 Hieroso-

484 710 684 780 lymam
717 712 783 766 ".
808 731 826 764 ι
863 713 957 768 Est
981 715 1140 785 igitur
1169 714 1559 785 Hierosolyma,
1580 723 1636 767 ut
1658 715 1772 783 ipse
1798 711 2054 765 Dominus

486 802 645 857 docet
681 803 732 858 in
776 801 1068 868 Evangelio
1101 807 1395 859 secundum
1429 804 1740 859 Matthteum
1767 803 1835 867 ⁷⁸,
1875 820 1892 852 ι
1922 802 2057 856 civi-

489 899 572 946 tas
612 891 755 963 regis
807 894 1007 962 magni,
1037 913 1055 946 ι
1091 910 1196 947 non
1225 893 1276 947 in
1309 893 1576 954 convalle,
1613 891 1692 945 vel
1729 889 1935 945 inferne
1961 889 2056 942 ali-

490 983 614 1038 cubi
651 986 847 1054 posita,
872 986 962 1040 sed
992 986 1042 1038 in
1072 986 1181 1039 alto
1201 996 1382 1040 monte
1404 987 1689 1049 aediﬁcata,
1721 999 1783 1038 ac
1817 992 2058 1037 «montes

491 1077 544 1131 in
602 1078 828 1133 circuitu
877 1079 1023 1146 ejus,
1084 1078 1238 1147 cujus
1279 1079 1624 1148 participatio
1658 1075 1773 1142 ejus
1809 1074 1860 1128 in
1915 1073 2056 1141 idip-

493 1182 613 1222 sum
663 1171 744 1218 "z
781 1189 797 1221 ι
831 1181 906 1234 et,
979 1189 999 1222 ι
1029 1169 1153 1222 illuc
1187 1169 1549 1224 ascenderunt
1607 1167 1783 1222 tribus
1822 1165 2056 1228 Domini,

495 1260 858 1314 testimonium
911 1260 1095 1314 lsraeli
1152 1262 1219 1314 ".
1252 1278 1269 1310 ι
1329 1259 1565 1313 Vocatur
1614 1271 1792 1310 autem
1846 1257 1962 1310 haec
2007 1264 2062 1309 et

494 1351 708 1418 civitas,
745 1361 798 1403 et
831 1351 1133 1406 Jerusalem
1158 1395 1173 1417 ,
1211 1351 1278 1405 ad
1313 1365 1477 1420 quam
1527 1349 1708 1403 nullus
1743 1363 1930 1402 eorum
1969 1348 2057 1418 qui

494 1450 717 1496 manent
747 1442 797 1494 in
831 1443 1024 1506 terris,
1061 1442 1300 1496 ascendit
1333 1482 1346 1505 ,
1381 1455 1552 1509 neque
1589 1441 1930 1510 ingreditur;
1967 1438 2059 1493 sed

407 1536 414 1541 '
493 1534 743 1600 quaelibet
782 1537 983 1598 anima,
1008 1550 1128 1604 quae
1155 1535 1456 1588 naturalem
1495 1535 1655 1588 habet
1682 1534 2058 1588 celsitudinem

494 1627 710 1696 vimque
747 1635 904 1682 acute
944 1627 1278 1699 intelligendi
1314 1629 1780 1697 perspicieudiqne
1813 1627 2062 1697 intelligi-

499 1718 651 1784 bilia,
687 1720 848 1787 hujus
875 1721 1116 1775 civitatis
1139 1731 1221 1775 est
1255 1723 1411 1778 civis.
1439 1721 1581 1775 Fieri
1610 1722 1774 1775 etiam
1800 1731 1978 1790 potest
2009 1730 2065 1775 ut

498 1814 550 1868 in
583 1823 806 1884 peccato
843 1817 914 1869 sit
955 1816 1119 1870 etiam
1171 1814 1589 1886 Hierosolymita
1619 1834 1632 1868 :
1664 1816 1807 1885 quod
1855 1815 2064 1884 possint

2156 630 2219 682 γε
2245 613 2438 682 ἴδωμεν
2467 609 2562 678 τὴν
2590 605 2682 658 τοῦ
2715 605 2959 658 Ἰωάννου
2984 600 3125 665 λέξιν
3148 595 3459 668 ἀρχομένην
3484 590 3731 682 ἀπὸτοῦ·

2161 681 2313 755 ιΚαὶ
2345 698 2507 768 ἀνέϐη
2534 699 2613 760 είς
2655 693 2996 766 Ἰεροσόλυμα
3046 692 3072 743 ό
3111 687 3334 759 Ἰησοῦς.
3367 703 3384 736 ι
3445 681 3738 753 Ἱεροσόλυ-

2161 811 2233 864 μα
2260 791 2439 844 τοίνυν
2481 787 2649 848 ἐστὶν,
2683 786 2758 848 ὡς
2783 783 2942 845 αὐτὸς
2974 784 3028 834 ἐν
3061 779 3138 850 τῷ
3179 777 3319 831 κατὰ
3346 774 3633 830 Ματθαῖον
3658 772 3736 825 δι-

2155 887 2342 939 δάσκει
2386 885 2414 934 ὁ
2466 881 2684 952 Κύριος,
2732 899 2748 928 ι
2777 876 2869 930 τοῦ
2925 874 3156 946 μεγάλου
3206 869 3473 941 βασιλέως
3508 865 3682 926 πόλις,
3712 883 3729 916 ι

2157 979 2255 1029 οὐκ
2281 979 2337 1029 ἐν
2369 973 2594 1036 κοιλάδι,
2648 972 2680 1042 ἢ
2711 971 2858 1024 κάτω
2892 985 2994 1020 που
3041 964 3287 1034 κειμένη,
3322 959 3437 1013 ἀλλ’
3465 961 3527 1010 ἐν
3552 955 3736 1027 ὑψηλῷ

2157 1069 2272 1139 ὄρει
2291 1063 2706 1137 ᾡκοδομημένη,
2733 1061 2824 1113 καὶ
2855 1079 2871 1110 ι
2897 1059 3012 1148 ὅρη
3031 1055 3212 1124 κύκλῳ
3241 1051 3434 1120 αὐτῆς,
3455 1043 3526 1148 ἦᾼς
3550 1051 3583 1119 ἠ
3617 1063 3738 1148 μετῖ

2157 1138 2256 1232 οχὴ
2300 1158 2465 1227 αὐτῆς
2513 1155 2604 1208 ἐπὶ
2642 1153 2703 1206 τὸ
2755 1151 2916 1204 αὑτό·
2951 1169 2968 1200 ι
2992 1138 3135 1210 ’καὶ,
3170 1164 3187 1194 ι
3213 1145 3330 1197 ἐκεῖ
3373 1139 3653 1210 ἀνέϐησαν
3683 1138 3734 1189 αί

2161 1231 2324 1324 φυλαὶ
2356 1248 2584 1319 Κυρίου,
2616 1245 2908 1317 μαρτύριον
2943 1243 3000 1293 ἐν
3029 1239 3104 1310 τῷ
3151 1233 3384 1308 Ἰσραήλ.
3419 1253 3438 1285 ›
3480 1231 3737 1324 Καλεῖται

2159 1322 2216 1400 δὲ
2245 1347 2339 1399 καὶ
2369 1345 2402 1413 ἡ
2438 1341 2588 1403 πόλις
2623 1337 2779 1406 αὑτὴ,
2811 1336 2904 1388 καί
2947 1329 3319 1402 Ἰερουσαλὴμ,
3351 1327 3432 1389 είς
3466 1325 3536 1393 ἣν
3573 1322 3738 1383 οὐδεὶς

2159 1439 2268 1494 τῶν
2297 1437 2388 1490 ἐπὶ
2433 1433 2540 1502 γῆς
2590 1428 2884 1489 ἀναϐαίνει,
2935 1423 3053 1477 οὐδὲ
3082 1422 3418 1492 εἰσέρχεταιο
3468 1416 3568 1469 καὶ
3598 1413 3740 1466 πᾶσά

2161 1549 2224 1601 γε
2255 1533 2287 1602 ἡ
2320 1525 2543 1596 φυσικὸν
2569 1523 2763 1592 ἔχουσα
2795 1519 2997 1589 δίαρμα
3035 1513 3198 1584 ψυχὴ,
3229 1513 3322 1564 καὶ
3355 1508 3598 1602 ὀξύτητα
3625 1522 3742 1602 νοη-

2161 1626 2270 1679 τῶν
2299 1618 2630 1692 διορατικὴν,
2677 1614 2878 1682 ταύτης
2925 1612 3025 1680 τῆς
3057 1607 3261 1667 πόλεως
3311 1603 3542 1671 πολίτης
3575 1598 3742 1665 ὑπάρ-

2163 1733 2264 1786 χει.
2316 1691 2425 1766 Κάι
2456 1708 2676 1763 δυνατὸν
2706 1706 2763 1757 ἐν
2790 1699 3031 1774 ἁμαρτίᾳ
3062 1695 3199 1750 εἶναι
3251 1694 3346 1748 καὶ
3379 1693 3475 1745 τὸν
3517 1691 3741 1760 Ἰεροσο-

2166 1783 2394 1877 λυμίτην
2413 1820 2426 1833 ⁸
2462 1799 2681 1853 δυνατὸν
2723 1797 2829 1866 γὰρ
2859 1792 2953 1846 καὶ
2979 1791 3103 1852 τοὺς
3130 1783 3740 1877 εὐφυεστάτουςάμαρ-

1669 1865 1806 1885 τ---

495 1907 658 1960 etiam
681 1909 885 1977 Optimo
922 1909 1136 1978 ingenio
1171 1910 1379 1979 prazditi
1427 1922 1654 1979 peccare
1681 1948 1696 1974 ,
1745 1908 1795 1960 ni
1833 1907 2062 1962 celerius

2172 1865 2367 1959 τάῦειν,
2399 1896 2446 1947 εἰ
2494 1890 2569 1962 μὴ
2613 1885 2995 1956 ἐπιστρέψαιεί
3044 1877 3178 1950 μετὰ
3221 1875 3317 1946 τὴν
3343 1869 3628 1943 ἁμαρτίαν
3655 1865 3744 1918 τά·

2911 1976 2918 1979 -
3117 1971 3127 1979 .
3213 1969 3223 1979 .
3358 1965 3384 1976 η.
3461 1958 3742 1979 ,μομρηη

496 2006 620 2068 post
673 2012 955 2069 peccatum
1015 2001 1286 2065 redeant,
1352 2001 1639 2068 perdentes
1700 1998 2060 2070 aptitudinem

500 2087 666 2155 illam,
699 2100 753 2144 et
777 2091 942 2146 futuri
983 2093 1033 2145 in
1067 2109 1170 2146 una
1199 2108 1381 2147 earum
1419 2092 1696 2147 civitatum
1731 2107 1850 2160 qua:
1877 2089 2065 2143 aliena:

499 2189 626 2235 sunt
650 2197 675 2235 a
714 2180 921 2248 Judtea,
965 2200 1071 2238 non
1102 2183 1272 2239 solum
1323 2184 1564 2250 advenae,
1601 2199 1787 2238 verum
1821 2183 1980 2237 etiam
2012 2182 2063 2236 in

497 2289 558 2327 ca
581 2285 774 2329 nomen
792 2292 948 2330 suum
964 2278 1162 2332 daturi.
1180 2278 1430 2333 Ascendit
1443 2276 1598 2332 Iesus
1616 2277 2061 2346 Hierosolymam,

497 2373 784 2435 postquam
831 2383 986 2437 opem
1039 2367 1249 2423 tulisset
1306 2369 1390 2422 his
1438 2369 1529 2438 qui
1591 2377 1747 2422 erant
1812 2367 1862 2420 in
1921 2367 2066 2421 Cana

498 2453 765 2521 Galilzcaa;
799 2473 861 2511 ac
903 2460 1097 2514 deinde
1139 2459 1521 2530 Capharnaum
1555 2458 1853 2523 descendit,
1892 2458 2067 2512 factu-

503 2561 596 2600 rus
643 2546 1032 2620 Hierosolymis
1073 2566 1192 2621 qum
1235 2558 1360 2606 sunt
1395 2551 1612 2621 scripta.
1655 2550 1876 2620 Reperit
1909 2549 2069 2622 184

499 2652 630 2708 ergo
679 2641 731 2694 in
768 2642 1000 2710 templo,
1035 2645 1178 2713 quod
1212 2653 1266 2699 et
1313 2644 1504 2699 domus
1552 2643 1729 2698 Patris
1765 2643 2068 2698 Servatoris

499 2747 622 2788 esse
646 2735 866 2798 dicitur,
903 2736 1003 2790 hoc
1041 2747 1123 2792 est
1156 2739 1208 2792 in
1246 2736 1484 2792 Ecclesia
1509 2778 1524 2803 ,
1562 2737 1649 2792 vel
1695 2740 1746 2791 in
1780 2737 2071 2791 annuntia-

505 2824 653 2879 tione
687 2824 1038 2881 ecclesiastici
1083 2835 1136 2882 et
1193 2828 1310 2882 sani
1345 2827 1634 2889 sermonis.
1665 2827 1928 2894 quosdam
1977 2824 2068 2893 qui

498 2916 718 2970 domum
750 2915 947 2982 Patris,
979 2918 1198 2972 domum
1223 2929 1496 2973 mercatus
1521 2918 1781 2971 facerent.
1814 2917 1892 2970 Ac
1925 2930 2069 2970 sem-

500 3022 596 3076 per
622 3007 833 3075 aliquos
859 3010 1063 3079 reperit
1089 3009 1248 3066 Jesus
1285 3011 1336 3064 in
1376 3009 1599 3078 templo.
1650 3009 1878 3075 Quando
1924 3009 2068 3062 enim

501 3097 556 3150 iu
585 3111 669 3163 ea,
721 3113 843 3167 quae
889 3100 1086 3154 dicitur
1125 3101 1385 3167 Ecclesia,
1433 3116 1558 3171 qua:
1611 3111 1696 3154 est
1739 3101 1932 3154 domus
1979 3099 2069 3153 Dei

500 3188 754 3252 viventis,
789 3189 1039 3244 columna
1066 3200 1120 3244 et
1144 3191 1542 3245 firmamentum
1563 3192 1812 3244 veritatis
1842 3191 1908 3255 ",
1963 3207 2066 3244 non
2097 3214 2142 3274 ο

503 3285 628 3331 sunt
656 3277 822 3346 aliqui
858 3281 1116 3334 mensarii
1141 3281 1413 3344 sedentes,
1430 3281 1628 3349 quibus
1649 3295 1785 3349 Opus
1811 3279 2066 3350 sitplagis

502 3382 568 3422 ex
599 3367 810 3438 flagello
838 3384 868 3423 e
893 3368 1150 3425 funiculis
1174 3388 1202 3424 a
1230 3369 1355 3426 .lesu
1392 3362 1536 3425 facto
1560 3370 1584 3424 ἲ
1615 3371 1824 3424 Rursus
1852 3370 2070 3440 quando

506 3476 614 3515 non
647 3472 771 3516 sunt
818 3464 1136 3533 argentarii,
1189 3463 1382 3532 quibus
1432 3463 1502 3517 sit
1549 3478 1688 3531 opus
1733 3463 1942 3518 illorum
1996 3478 2070 3516 aes

505 3552 725 3620 elfundi,
759 3570 823 3609 ac
863 3571 1078 3610 mensas
1103 3556 1339 3626 ipsorum
1367 3553 1654 3610 subverti?
1681 3553 1911 3620 Quando
1941 3555 2068 3608 item

505 3660 612 3698 non
646 3654 772 3698 sunt
815 3645 905 3714 qui
960 3657 1325 3702 mercatorum
1387 3659 1538 3698 more
1573 3645 1816 3698 vendunt
1864 3637 2069 3710 boves,

505 3751 641 3804 quos
666 3737 908 3805 oportuit
959 3751 1184 3791 servare
1225 3736 1292 3790 ad
1341 3745 1604 3802 aratrum,
1650 3744 1710 3789 ut
1763 3735 1978 3804 injectis
2005 3737 2072 3791 ad

506 3828 683 3897 ipsum
722 3829 992 3896 manibus,
1037 3843 1139 3883 nec
1170 3829 1235 3882 ad
1268 3829 1568 3896 posteriora
1597 3831 1872 3894 conversi,
1907 3845 2072 3899 regno

505 3917 598 3974 Dei
649 3920 758 3974 sint
813 3921 965 3990 apti?
999 3921 1106 3977 Sed
1153 3922 1369 3992 quando
1407 3936 1512 3975 non
1551 3928 1677 3974 sunt
1721 3919 2075 3991 prmferentes

509 4027 868 4068 mammonam
899 4014 1202 4084 iniquitatis
1249 4013 1440 4068 ovibus
1475 4027 1596 4082 quae
1631 4013 1763 4081 ipsis
1793 4011 2073 4064 materiam

504 4117 565 4157 se
610 4107 837 4158 ornandi
891 4105 1171 4174 praebent?
1219 4106 1357 4159 Sunt
1407 4106 1571 4159 etiam
1625 4103 1934 4172 complures
1985 4103 2074 4172 qui

506 4194 876 4250 sinceritatem
909 4205 962 4250 et
997 4196 1290 4266 puritatem
1330 4197 1596 4264 privatam
1643 4195 1788 4250 omni
1817 4196 2078 4249 amaritu-

509 4287 633 4340 dine
664 4297 719 4342 et
745 4287 836 4341 bili
881 4297 1162 4357 spernant,
1210 4289 1372 4343 etiam
1421 4288 1556 4341 lucri
1612 4286 1848 4340 infelicis
1907 4301 2070 4340 causa

511 4381 805 4448 prodentes
837 4381 1174 4452 diligentiam
1208 4397 1398 4438 eorum
1446 4382 1536 4450 qui
1574 4379 1781 4448 tropice
1811 4377 2078 4433 columbae

507 4469 782 4524 dicuntur.
813 4470 946 4524 Cum
985 4473 1152 4541 igitur
1193 4473 1394 4543 reperit
1440 4471 1698 4526 Servator
1750 4469 1802 4524 in
1853 4466 2074 4537 templo,

2169 2007 2303 2061 χιον,
2333 1958 2628 2044 ἀπολόντνας
2650 1981 2747 2051 τὴν
2768 1976 3014 2046 εὐφυΐαν,
3047 1971 3137 2024 καὶ
3165 1969 3292 2040 μίαν
3317 1965 3427 2018 τῶν
3450 1958 3742 2061 ἀλλοτρίων

2165 2048 2264 2152 τῆς
2303 2075 2557 2138 Ἰουδαίας
2589 2071 2811 2130 πόλεων,
2842 2067 2901 2121 ού
2943 2065 3098 2135 μόνον
3126 2059 3586 2130 παροικήσοντας,
3619 2048 3745 2104 ἀλλὰ

2304 2163 2832 2240 ἐγγραφησομὲνους.
2878 2154 3177 2210 Ἀναϐαίνει
3225 2152 3302 2214 είς
3341 2144 3692 2240 Ἱεροσόλυμα
3719 2142 3744 2193 ὁ

2181 2231 2390 2331 Ἰησοῦς
2409 2231 2551 2327 ’μετα
2597 2231 2655 2306 rb
2701 2248 2962 2320 βοηθῆσαι
3010 2247 3120 2304 τοῖς
3153 2244 3210 2294 ἐν
3255 2239 3413 2308 Κανᾷ
3452 2236 3558 2304 τῆς
3596 2231 3746 2331 [icth-

2168 2355 2343 2418 λαίας,
2371 2353 2464 2404 καί
2496 2349 2622 2419 ἐξῆς
2657 2348 2734 2410 είς
2763 2345 2858 2414 τὴν
2885 2338 3258 2410 Καφαρναοὺμ
3285 2327 3744 2400 καταϐεϐηκέναι,

2170 2449 2257 2502 ἵνα
2302 2446 2503 2516 ποιήσῃ
2547 2444 2604 2494 ἐν
2660 2441 2768 2502 τοῖς
2823 2431 3209 2506 Ἰεροσολύμοις
3251 2426 3321 2478 τὰ
3361 2420 3744 2493 γεγραμμένα.

2171 2537 2308 2614 Εὗρε
2336 2538 2465 2609 γοῦν
2511 2539 2571 2589 ἐν
2613 2535 2691 2604 τῲ
2727 2530 2876 2603 ἱερῷ,
2909 2529 3043 2598 ὅπερ
3091 2526 3180 2578 καὶ
3221 2519 3369 2584 οἶκος
3404 2519 3501 2572 τοῦ
3537 2517 3742 2587 Πατρὶς

2171 2633 2308 2689 εῖναι
2341 2632 2555 2699 λέγεται
2593 2625 2687 2680 τοῦ
2722 2624 2988 2694 Σωτῆρος,
3023 2618 3292 2670 τουτέστιν
3325 2615 3382 2666 ὲν
3413 2613 3482 2681 τῇ
3524 2607 3747 2676 Ἐκκληο

2175 2728 2284 2798 σία,
2315 2725 2348 2795 ἢ
2377 2727 2433 2778 ἐν
2464 2725 2529 2792 τῇ
2562 2716 2864 2787 ἐπαγγελίᾳ
2896 2713 2988 2768 τοῦ
3027 2703 3484 2780 ἐκκλησιαστικοῦ
3514 2703 3611 2755 καὶ
3637 2700 3746 2768 ὑγι-

2171 2791 2408 2882 αίῦοντος
2439 2791 2622 2884 λόγου,
2648 2812 2800 2875 τινας
2827 2811 2917 2864 τὸν
2943 2805 3089 2860 οἷκον
3115 2801 3208 2856 τοῦ
3242 2798 3457 2870 Πατρὸς
3485 2791 3744 2884 ἐμπορίου

2173 2881 2454 2970 ποιοῦντας
2481 2881 2644 2958 οίκον.
2680 2902 2789 2954 Καὶ
2815 2899 2900 2952 ἀεί
2935 2911 3085 2957 τινας
3110 2890 3350 2962 εὑρίσκει
3383 2889 3413 2940 ό
3457 2881 3666 2952 Ἰησοῦς
3693 2882 3744 2932 ἐν

2173 3001 2249 3074 τῷ
2277 2998 2420 3072 ίερῷ.
2482 2995 2619 3048 Πότε
2671 2991 2775 3064 γὰρ
2808 2991 2864 3042 ἐν
2907 2989 2972 3058 τῇ
3009 2978 3384 3052 ὀνομαζομένῃ
3429 2972 3743 3074 ἐκκλησίᾳο

2172 3066 2292 3165 ῆτις
2331 3066 2489 3142 ⁷ἐστὶν
2514 3082 2660 3148 οἴκος
2699 3081 2830 3135 Θεοῦ
2878 3079 3092 3142 ζῶντος,
3133 3073 3320 3135 στῦλος
3349 3070 3446 3122 καὶ
3475 3066 3746 3165 ἑδραίωμα

2172 3185 2270 3256 τῆς
2295 3179 2565 3252 ἀληθείας,
2591 3178 2690 3230 οὐκ
2722 3173 2825 3227 εἰσί
2867 3188 3006 3233 τινες
3034 3163 3396 3240 κερματισταὶ
3428 3160 3742 3230 καθήμενοι,

2172 3250 2414 3347 δεόμενοι
2463 3269 2690 3341 πληγῶν
2742 3269 2805 3320 ἐκ
2847 3263 2940 3317 τοῦ
2991 3261 3098 3316 ἀπὸ
3150 3256 3325 3328 Ἰησοῦ
3378 3250 3745 3347 πεποιημένου

2171 3339 2498 3439 φραγελλίου
2545 3339 2609 3416 ἐκ
2652 3361 2920 3433 σχοινίων,
2958 3356 3050 3409 καὶ
3079 3351 3371 3424 χρῄζοντες
3407 3339 3748 3439 κολλυβισταὶ

2170 3461 2262 3515 τοῦ
2291 3456 2567 3530 ἐκχεῖσθαι
2599 3453 2778 3507 αὐτῶν
2811 3449 2879 3502 τὰ
2925 3448 3194 3518 κέρματα,
3243 3433 3650 3510 ἀνατρέπεσθαί
3693 3447 3746 3483 τε

2171 3523 2491 3612 αύτῶνητὰς
2523 3545 2833 3619 τραπέζαςς
2869 3541 3005 3594 Πότε
3052 3538 3094 3590 δ’
3123 3537 3222 3590 οὐκ
3252 3534 3388 3586 εἰσιν
3434 3533 3486 3583 οί
3513 3523 3750 3619 ἀποδιδό-

2176 3660 2324 3714 μενοι
2349 3643 2496 3711 ἐμπο
2506 3612 2688 3710 ρικῶς,
2717 3634 2809 3698 οὓς
2832 3631 2996 3702 ἐχρῆν
3015 3629 3196 3698 τηρεῖν
3221 3623 3304 3676 ἐπ’
3327 3623 3584 3714 ἄροτρον,
3609 3612 3747 3685 βοῦς,

2173 3709 2278 3797 ῖνα,
2313 3709 2560 3802 βαλόντες
2597 3728 2704 3799 (47)
2736 3726 2820 3779 ἐπ’
2845 3722 2974 3777 αὐτὸ
2999 3721 3096 3782 τὰς
3126 3719 3332 3787 χεῖρας,
3365 3713 3463 3765 καὶ
3495 3709 3571 3802 μὴ
3601 3721 3748 3802 στρεο
3830 3715 3831 3724 ‘

2174 3826 2396 3897 φόμενοι
2423 3825 2501 3886 εἰς
2533 3821 2600 3874 τὰ
2633 3819 2824 3880 ὀπίσω,
2873 3815 3134 3884 γένωνται
3181 3811 3246 3878 τῇ
3291 3805 3386 3859 τοῦ
3423 3801 3560 3855 Θεοῦ
3608 3799 3749 3868 βασι⁴

2322 3915 2560 3978 εῦθετοι;
2593 3912 2729 3964 Πότε
2773 3909 2830 3962 δὲ
2878 3908 2976 3959 οὐκ
3004 3904 3142 3956 εἰσὶν
3173 3902 3222 3953 οἱ
3249 3895 3628 3969 προτιμῶντες
3664 3889 3748 3987 τὸν

2175 3981 2277 4080 τῆς
2300 4007 2512 4069 ἀδικίας
2547 4002 2852 4075 μαμμωνᾶν
2885 3997 2992 4051 τῶν
3018 3995 3116 4065 τὴν
3145 3992 3276 4062 ὓλην
3305 3988 3399 4042 τοῦ
3432 3981 3748 4055 κοσμεῖσθαι

2176 4101 2358 4162 αὐτοῖς
2403 4096 2748 4168 παρεχόντων
2793 4090 3108 4164 προϐάτων;
3154 4085 3264 4137 Ἀεὶ
3313 4083 3372 4135 δὲ
3421 4076 3608 4133 πολλοί
3651 4077 3750 4127 εἱσι

2177 4192 2271 4243 καὶ
2296 4191 2344 4241 οἱ
2373 4187 2466 4240 τοῦ
2489 4166 2709 4248 -ἀδόλου,
2746 4185 2839 4236 καὶ
2863 4180 3156 4252 ἀκεραίου,
3172 4179 3297 4245 ἐστι]
3309 4192 3372 4245 ρη
3383 4172 3547 4242 μένου
3575 4185 3636 4236 γε
3659 4166 3752 4219 πάρ

2180 4299 2278 4352 σης
2307 4278 2630 4348 πικρότητος
2660 4275 2752 4328 καὶ
2781 4273 2973 4344 σχολῆς
3021 4264 3510 4339 καταφρονοῦντες,
3541 4260 3634 4312 καὶ
3658 4273 3747 4308 ταο

2179 4369 2452 4440 λαιπώρου
2486 4367 2709 4438 κέρδους
2737 4366 2920 4417 ἕνεκεν
2948 4359 3281 4432 προδιδόντες
3306 4355 3406 4425 τὴν
3436 4352 3546 4404 τῶν
3575 4364 3751 4420 τροπι-

2180 4439 2435 4533 κωτέρων
2463 4459 2767 4530 λεγομένων
2812 4451 3145 4526 περιστερῶν
3191 4447 3529 4518 ἐπιμέλειαν.
3593 4439 3749 4493 Ἐπᾶν

510 4561 654 4630 quod
685 4574 766 4617 est
797 4563 989 4620 domus
1024 4566 1223 4634 Patris,
1272 4566 1572 4620 vendentes
1603 4564 1785 4628 boves,
1823 4570 1877 4616 et
1909 4577 2069 4627 oves,

2178 4551 2271 4608 οὖν
2303 4529 2438 4624 εὕρῃ
2463 4555 2490 4604 ὁ
2523 4551 2674 4620 Σωτὴ
2684 4567 2712 4620 ρ
2735 4551 2790 4601 ἐν
2819 4547 2895 4618 τῷ
2921 4545 3068 4616 ἱερῷ,
3100 4544 3232 4612 οἴκῳ
3257 4540 3350 4592 τοῦ
3373 4536 3607 4608 Πατρὶς,
3639 4529 3751 4584 τού-

511 4664 566 4707 et
589 4655 890 4721 columbas,
920 4665 976 4712 et.
1008 4659 1308 4713 mensarios
1340 4657 1590 4710 sedentes
1611 4694 1626 4719 ,
1682 4652 1900 4724 expellit
1937 4652 2078 4714 illos,

510 4761 638 4802 usus
661 4746 872 4816 ﬂagello
899 4765 930 4804 e
955 4750 1210 4804 funiculis
1236 4765 1264 4802 a
1298 4764 1355 4804 se
1384 4748 1548 4812 facto,
1591 4761 1696 4800 una
1733 4760 1855 4800 cum
1886 4744 2080 4798 ovibus

513 4839 790 4910 bobusque
821 4841 1125 4908 venalibus,
1158 4843 1394 4912 ipsorum
1440 4841 1602 4894 etiam
1655 4838 1912 4905 pecunias
1951 4850 2082 4890 conm

506 4946 759 5005 gregatas
801 4934 1084 4990 effundens
1112 4973 1128 4998 ,
1165 4943 1420 5001 tanquam
1465 4931 1714 5000 indignas
1761 4944 1880 4997 quae
1919 4928 2080 4982 simul

512 5037 823 5082 tenerentur
845 5036 898 5081 et
928 5028 1165 5096 ipsarum
1203 5022 1548 5077 inutilitatem
1583 5019 1896 5073 ostendens.
1941 5018 2080 5073 Sub-

512 5121 675 5173 vertit
701 5121 889 5183 etiam,
915 5134 1035 5187 qua:
1069 5120 1121 5171 in
1153 5127 1450 5170 avarorum
1476 5121 1632 5164 erant
1670 5110 1889 5173 animis,
1924 5124 2080 5164 men-

515 5226 626 5275 sas,
657 5212 843 5266 dicens
868 5211 954 5266 his
977 5211 1067 5278 qui
1100 5207 1384 5262 columbas
1423 5203 1728 5258 vendebant
1765 5220 1778 5256 :
1817 5222 1835 5254 ι
1860 5203 2083 5256 Auferte

514 5301 617 5353 ista
661 5301 807 5367 hinc,
835 5320 854 5353 ι
908 5315 976 5353 ne
1010 5299 1236 5368 posthac
1287 5299 1338 5350 in
1388 5296 1587 5364 templo
1621 5295 1714 5349 Dei
1755 5296 2082 5349 vendantur.

514 5393 766 5448 Arbitror
793 5407 925 5448 vero
953 5405 1053 5461 ego
1097 5389 1281 5444 Jesum
1315 5389 1488 5459 ipsum
1517 5389 1755 5443 edidisse
1789 5389 1962 5458 signa,
1988 5403 2085 5458 per

625 5534 669 5566 "
704 5534 863 5590 Joan.
890 5547 951 5595 ιι,
979 5530 1065 5584 t5.

594 5650 706 5721 (47)
736 5649 918 5705 Codex
956 5645 1180 5714 Regius,
1215 5644 1497 5714 βάλλοντες
1521 5661 1536 5675 ο
1586 5644 1933 5711 Bodleianus,
1984 5643 2082 5713 βα-

521 5722 724 5864 1663‘).
739 5787 822 5844 Τὰ
857 5783 1271 5854 συνερχόμενα
1315 5783 1592 5856 κέρματα·
1620 5785 1712 5843 δίο
1739 5785 1905 5842 ⁰⁰⁶θ⁸
1941 5782 2079 5840 BOd'

1143 5529 1188 5560 "°
1219 5526 1406 5583 Matth.
1439 5545 1489 5596 ν,
1513 5529 1606 5586 55.
1680 5529 1724 5561 ⁷⁸
1747 5527 1886 5583 Psal.
1917 5541 2097 5591 εῖχεν,
2123 5527 2178 5580 ‘2.

2183 4664 2307 4709 τους
2335 4643 2643 4705 πωλοῦντας
2679 4641 2824 4711 βόας,
2853 4639 2945 4691 καὶ
2988 4634 3250 4706 πρόϐατα,
3281 4631 3376 4684 καὶ
3409 4623 3747 4700 περιστερὰς,

2186 4741 2279 4794 καὶ
2307 4738 2430 4800 τοὺς
2456 4733 2822 4806 κερματιστὰς
2846 4729 3202 4801 καθημένους,
3235 4721 3512 4790 ἐξελαύνει
3543 4717 3748 4777 αὐτοὺς,

2185 4833 2524 4905 χρησάμενος
2576 4827 2656 4898 τῷ
2688 4828 2751 4878 ἐκ
2798 4823 3040 4894 σχοινίων
3077 4820 3167 4873 ὑπ’
3212 4814 3373 4872 αὐτοῦ
3410 4807 3750 4880 πεποιημένῳ

2188 4901 2511 4996 ᾧράγελλίῳ,
2542 4921 2657 4990 ἅμα
2687 4919 2796 4980 τοῖς
2828 4916 3144 4986 ἐμπορικοῖς
3170 4909 3483 4982 προϐάτοις,
3515 4905 3608 4958 καὶ
3648 4901 3752 4971 βου-

2188 5021 2269 5073 σὶν
2304 5015 2503 5081 αὐτῶν,
2552 5013 2647 5066 καὶ⁸
2693 5013 2843 5081 ἐκχεῖ
2869 5009 2942 5072 ὡς
2992 5008 3064 5079 μὴ
3097 5007 3220 5072 ἄξια
3275 5003 3344 5056 τὰ
3395 4997 3750 5070 συνερχόμενα

2187 5112 2437 5183 κέρματα
2465 5107 2600 5178 (48),
2629 5105 2842 5167 δεικνὺς
2874 5101 3050 5155 αὐτῶν
3085 5099 3143 5152 τὸ
3170 5098 3463 5168 ἄχρηστον.
3509 5085 3752 5183 Ἀνατρέ·

2189 5178 2363 5261 τεεῖτε
2409 5202 2509 5265 τὰς
2555 5203 2612 5253 ἐν
2641 5201 2756 5261 ταῖς
2795 5197 2992 5266 ψυχαῖς
3037 5192 3144 5245 τῶν
3179 5186 3530 5259 φιλαργύρων
3563 5178 3753 5254 τραπέ-

2189 5297 2306 5363 ζας,
2329 5296 2500 5364 λέγων
2521 5293 2614 5346 καὶ
2631 5294 2742 5354 τοῖς
2765 5288 2861 5351 τὰς
2885 5283 3208 5356 περιστερὰς
3224 5279 3496 5339 πωλοῦσιν
3517 5295 3529 5308 ·
3562 5296 3579 5326 ι
3604 5275 3753 5364 'Apz:

2188 5408 2247 5443 τε
2275 5388 2449 5442 ταῦτα
2473 5382 2738 5446 ἐντεῦθεν,
2765 5399 2782 5432 ι
2819 5379 2903 5431 ἵνα
2936 5376 3130 5447 μηκέτι
3157 5375 3211 5425 ἐν
3239 5369 3317 5440 τῷ
3347 5366 3480 5440 ίερῷ
3504 5364 3597 5420 τοῦ
3628 5360 3752 5417 Θεοῦ

2275 5526 2322 5556 τ’
2349 5523 2489 5578 Psal.
2527 5535 2676 5583 cxxt,
2705 5516 2818 5580 3,4.
2915 5512 2965 5545 ⁷³
2994 5511 3014 5564 ι
3046 5509 3184 5564 Tim.
3210 5523 3294 5570 in,
3321 5508 3411 5562 15.

2194 5641 2432 5707 fcianus;
2498 5616 2665 5693 editio
2719 5631 2922 5696 liuetii,
2979 5626 3072 5682 τοῦ
3139 5623 3462 5696 συνέχεσθαι
3514 5621 3581 5676 τὰ
3637 5619 3728 5689 κέρ

2192 5729 2352 5785 ματα.
