3866 6534
90 375 179 428 διν
1209 374 1565 435 COMMENT.
1603 380 1670 436 IN
1711 380 1904 440 .IOAN.
1950 383 2186 442 TOMUS
2223 386 2292 441 Χ.

3270 399 3379 455 350

93 487 523 580 ἐμπορεύωνται.
581 486 763 564 Οἶμαι
788 492 865 558 δὲ,
892 494 975 548 δτι
1019 495 1111 549 καὶ
1148 500 1369 570 σημεῖον
1401 497 1687 568 πεποιηκέ-

1796 513 1859 553 ea
1912 516 2034 570 qute
2075 503 2238 570 dixit,
2285 502 2632 572 profundius,
2685 512 2745 560 ιιι
2801 520 2902 562 nos
2951 506 3377 580 intelligeremus

95 599 171 634 ναι
200 579 386 645 αὐτὸν,
418 580 516 635 διὰ
546 583 671 636 τῶν
700 586 998 657 εἰρημένων
1034 586 1347 660 βαθύτερον,
1387 588 1526 643 ὥστε
1556 590 1693 659 σύμ-

96 672 231 726 ϐολον
274 673 431 743 ἡμᾶς
464 677 628 729 νοεῖν
668 678 947 746 γεγονέναι
974 678 1147 733 ταῦτα
1189 678 1282 733 τοῦ
1325 681 1521 752 μηκέτι
1565 681 1694 753 μέλ-

95 763 193 817 λειν
216 763 315 835 τὴν
348 766 491 836 περὶ
543 766 617 819 τὸ
654 768 805 839 ἱερὸν
844 770 1015 824 ἐκεῖνο
1039 769 1291 842 λατρείαν
1317 772 1421 826 ὑπὸ
1463 772 1573 826 τῶν
1623 775 1695 828 ie-

99 856 219 927 ρέων
265 855 413 909 κατά
445 856 561 923 τὰς
595 859 873 932 αἰσθητὰς
919 861 1109 927 θυσίας
1152 864 1260 935 (49)
1310 864 1692 934 ἐπιτελεῖσθαι,

99 948 218 1018 μηδὲ
246 947 340 1000 τὸν
370 948 555 1021 νόμον
605 953 920 1023 τηρεῖσθαι,
962 954 1066 1008 κᾶν
1088 955 1163 1019 ὡς
1194 956 1473 1015 ἐϐούλοντο
1508 960 1558 1011 oi.
1593 976 1697 1012 σω-

100 1041 298 1111 ματικαὶ
332 1041 634 1110 Ἰουδαῖοι,
663 1044 922 1101 δύνασθαι
948 1046 1027 1101 ἔτι
1046 1047 1225 1113 ἀπαξ’
1269 1048 1442 1121 Ἰησοῦ
1468 1048 1578 1121 γὰρ
1607 1053 1697 1104 ἐκ-

97 1131 370 1196 ϐἀλλοντος
396 1134 543 1197 τοὺς
580 1134 746 1205 βόας,
782 1138 875 1192 καὶ
916 1137 984 1191 τά
1016 1138 1281 1210 πρόϐατα,
1317 1140 1411 1194 καὶ
1452 1140 1697 1197 κελεύον-

95 1240 176 1286 τος
200 1222 413 1277 ἐκεῖθεν
448 1224 733 1295 αἴρεσθαι
756 1227 855 1292 τάς
880 1229 1224 1301 περιστερὰς,
1253 1230 1434 1285 οὐκέτι
1459 1231 1516 1285 δὲ
1551 1231 1693 1303 βόες,

97 1316 178 1367 καὶ
206 1315 489 1385 πρόϐατα.
529 1318 637 1372 καὶ
668 1322 991 1393 περιστεραὶ
1019 1320 1114 1377 ἐπὶ
1149 1321 1282 1377 πολὺ
1308 1321 1527 1378 θύεσθαι
1557 1326 1698 1381 κατά

108 1406 357 1461 Ἰουδαίων
388 1408 500 1481 ἔθη
526 1410 791 1482 ἔμελλον.
831 1413 938 1466 Καὶ
969 1409 1079 1467 οἷόν
1108 1413 1167 1468 τέ
1196 1417 1314 1470 ἐστι
1341 1416 1408 1471 τά
1433 1419 1697 1491 νομίσμα-

97 1515 155 1552 τα
182 1497 285 1551 τῶν
337 1502 706 1571 σωματικῶν
761 1505 1105 1576 νομισμάτων
1136 1505 1271 1579 (50),
1322 1509 1417 1563 καὶ
1469 1510 1545 1582 μὴ
1597 1510 1694 1566 τοῦ

96 1590 215 1643 Θεοῦ
240 1591 494 1661 ἑχόντων
538 1594 682 1658 τοὺς
727 1597 1099 1668 χαρακτῆρας,
1139 1596 1343 1663 τύπους
1364 1602 1699 1672 τυγχάνοντα

97 1685 446 1756 ἐκκεχύσθαι,
505 1688 642 1742 ἐπεὶ
695 1691 732 1760 ἡ
779 1691 949 1763 σεμνὴ
999 1686 1139 1747 εἶναι
1185 1692 1416 1749 δοκοῦσα
1454 1696 1596 1750 κατά
1636 1695 1699 1750 τὸ

96 1777 410 1831 ἀποκτεῖναν
442 1779 570 1848 (51)
598 1780 841 1853 γράμμα
874 1783 1178 1855 νομοθεσία,
1240 1785 1412 1858 Ἰησοῦ
1447 1786 1700 1858 ἐληλυθό-

1794 592 2092 662 siguiticari
2120 610 2218 665 per
2248 597 2382 663 bmc,
2418 596 2563 661 quod
2596 612 2702 652 non
2742 599 2977 669 amplius
3003 599 3054 654 in
3102 613 3375 671 posterum

1794 682 2158 754 perﬁciettdus
2193 696 2339 742 esset
2361 686 2543 742 cultus
2579 702 2606 741 a
2656 691 3035 747 sacerdotibus
3080 692 3132 747 in
3180 696 3378 765 templo

1796 775 1909 840 illo,
1946 776 2102 846 juxta
2163 778 2349 834 cultus
2395 779 2498 834 sub
2556 794 2774 836 sensum
2842 783 3146 852 cadentes,
3205 801 3380 857 neque

1796 867 1968 935 legem
2008 870 2213 923 servari
2240 884 2398 939 posse
2425 870 2659 939 amplius
2695 881 3038 939 constanter,
3084 875 3276 931 saltem
3319 889 3377 933 ιιι

1800 957 2057 1012 volebant
2082 959 2398 1029 corporales
2449 957 2642 1016 Judai.
2690 960 2876 1031 Neque
2899 965 3044 1018 enim
3070 966 3380 1034 expellente

1795 1046 1924 1103 Jesn
1950 1048 2118 1106 boves
2145 1062 2198 1105 et
2222 1068 2382 1120 oves,
2414 1053 2753 1123 jubenteque
2787 1055 2913 1110 inde
2943 1054 3144 1113 auferri
3173 1060 3378 1113 colum-

1797 1141 1914 1203 bas,
1943 1141 2183 1196 futurum
2209 1152 2331 1199 erat
2372 1153 2429 1198 ut
2473 1145 2527 1199 in
2574 1145 2801 1199 multum
2846 1148 3104 1217 temporis
3128 1148 3379 1205 immola-

1798 1241 1990 1287 rentur
2018 1234 2208 1299 boves,
2232 1244 2288 1290 et
2305 1250 2451 1302 oves,
2479 1244 2533 1291 et
2568 1237 2854 1307 columbm,
2882 1240 3033 1308 juxta
3062 1239 3375 1297 Judzeorum

1798 1336 2025 1376 morem.
2060 1321 2203 1377 Fieri
2229 1324 2373 1378 enim
2394 1333 2571 1395 potest
2600 1335 2658 1379 ut
2686 1326 3014 1380 numismata
3036 1341 3156 1395 qu:e
3193 1327 3378 1399 figura:

1800 1421 1929 1467 sunt
1961 1415 2346 1469 uumismatum
2377 1416 2745 1486 corporalium
2770 1457 2786 1483 ,
2830 1427 2883 1473 et
2916 1433 3023 1474 non
3058 1419 3373 1475 habentium

1800 1506 1893 1562 Dei
1921 1504 2120 1560 formas
2152 1516 2207 1561 et
2254 1506 2672 1577 impressiones,
2707 1506 3074 1575 eﬂ‘undautur,
3112 1510 3373 1580 quoniam
3448 1526 3457 1531 ’

1800 1593 1935 1667 legis
1966 1598 2306 1666 constitutio,
2341 1614 2464 1669 qua:
2517 1600 2828 1655 veneranda
2885 1617 3008 1657 esse
3060 1601 3373 1670 videbatur,

1799 1698 2019 1758 propter
2050 1691 2385 1746 occidentem
2422 1691 2664 1747 litteram
2700 1692 3048 1749 dissolveuda
3093 1692 3376 1749 effunden-

1800 1782 1975 1850 daque
1996 1790 2135 1846 erat,
2162 1791 2216 1837 et
2243 1782 2562 1838 adveniente
2600 1782 2761 1854 185
2809 1781 2962 1848 Jesu,
2992 1793 3152 1853 atque
3191 1792 3377 1839 utente

97 1885 192 1932 ως,
233 1870 327 1921 καὶ
382 1872 515 1933 ταῖς
547 1870 704 1924 κατά
736 1871 832 1924 τοῦ
879 1872 1009 1927 λαοῦ
1061 1874 1279 1946 μάστιξι
1323 1877 1692 1949 χρησαμένου,

1796 1873 2056 1924 adversus
2106 1869 2363 1940 populum
2420 1870 2691 1942 ﬂagellis,
2760 1871 3197 1928 transferendum
3256 1882 3377 1929 erat

97 1959 425 2023 διαλύεσθαι,
454 1960 559 2014 καὶ⁵
587 1962 875 2033 ἐκκεῖσθαι
902 1965 1013 2035 (52)
1050 1966 1262 2036 ἔμελλε,
1298 1967 1698 2041 μεθισταμένης

96 2052 181 2121 τῆς
203 2053 536 2123 ἐπισκοπῆς
568 2054 670 2108 ἐπὶ
707 2056 837 2120 τοὺς
860 2057 967 2109 ἀπὸ
990 2057 1097 2111 τῶν
1127 2058 1295 2114 ἐθνῶν
1323 2060 1695 2126 πιστεύοντας,

100 2145 168 2205 εἰς
194 2145 324 2199 Θεὸν
362 2147 460 2201 διὰ
504 2146 764 2217 Χριστοῦ
812 2148 1181 2213 πιστεύοντας,
1233 2150 1326 2204 καὶ
1371 2150 1698 2223 αἱρουμένης

100 2238 182 2289 ἀπ’
209 2240 447 2294 ἐκείνων
496 2240 610 2310 τῆς
662 2240 941 2312 βασιλείας
988 2239 1082 2295 τοῦ
1116 2241 1271 2305 Θεοῦ,
1321 2242 1600 2315 διδομένης
1637 2260 1698 2296 τε

102 2330 151 2381 ἐν
172 2329 307 2384 ἔθνει
367 2330 635 2385 ποιοῦντι
672 2331 801 2395 τοὺς
851 2332 1095 2402 καρποὺς
1134 2332 1324 2402 αὐτῆς.
1367 2332 1598 2388 Δύναται
1641 2332 1698 2387 δὲ

98 2422 181 2474 καὶ
222 2421 391 2491 φύσει
428 2422 589 2495 ἱερὸν
629 2418 778 2477 εἶναι
822 2426 857 2495 ἡ
901 2423 1104 2495 εὐφυὴς
1158 2426 1216 2479 ἐν
1244 2424 1387 2496 λόγῳ
1410 2424 1576 2498 ψυχὴ,
1610 2426 1698 2481 διά

98 2511 177 2565 τὸν
220 2513 652 2585 συμπεφυκότα
706 2513 863 2582 λόγον
911 2514 1165 2586 ἀνωτέρω
1216 2516 1559 2586 τυγχάνουσα
1602 2515 1696 2570 τοῦ

100 2604 360 2677 σώματος,
418 2608 508 2669 είς
557 2608 632 2678 ήν
684 2606 796 2660 ἀπὸ
840 2606 940 2678 τῆς
971 2608 1366 2679 Καφαρναοὺμ,
1412 2607 1563 2662 κάτω
1596 2625 1696 2663 που

97 2699 347 2770 κειμένης
380 2699 791 2770 ταπεινότερα,
819 2697 1096 2753 ἀναϐαίνει
1120 2699 1149 2750 ὁ
1190 2698 1414 2771 Ἰησοῦς,
1442 2700 1499 2752 ἐν
1612 2701 1701 2754 εύ-

98 2790 334 2859 ρίσκεται
377 2789 454 2843 τὰ
506 2788 625 2860 πρὸ
666 2788 770 2857 τῆς
799 2789 908 2841 ἀπὸ
942 2787 1115 2859 Ἰησοῦ
1158 2788 1488 2853 παιδεύσεως
1514 2791 1695 2860 γήϊνα,

98 2880 183 2931 κα).
208 2878 441 2949 ἀνόητα,
480 2879 587 2932 καὶ¹
618 2876 838 2948 χαλεπά
864 2880 1159 2951 κινήματα,
1194 2880 1288 2935 καὶ
1317 2879 1386 2934 τά
1413 2879 1699 2952 νομιζόμε-

98 2988 175 3033 να,
202 2970 303 3023 οὐκ
330 2970 475 3024 ὄντα
504 2969 569 3024 δὲ
598 2968 771 3034 καλὰ,
808 2969 947 3042 ἅπερ
981 2969 1058 3042 τῷ
1088 2972 1444 3044 πεπλεγμένῳ
1468 2971 1528 3038 ἐξ
1559 2974 1697 3027 ἀπο-

99 3062 370 3117 δεικτικῶν
415 3061 777 3130 ὲλεγκτικῶν
809 3061 919 3134 (55)
962 3062 1248 3135 δογμάτων
1274 3063 1416 3136 λόγῳ
1449 3064 1696 3120 ἀπελαύ-

101 3172 235 3209 νεται
264 3156 372 3210 ὑπὸ
416 3155 522 3209 τοῦ
570 3153 777 3225 Ἰησοῦ,
809 3154 894 3209 ἵνα
929 3158 1124 3227 μηκέτι
1177 3159 1206 3212 ό
1229 3157 1322 3212 τοῦ
1356 3159 1571 3232 Πατρδς
1595 3163 1694 3215 αύ-

104 3246 185 3299 τοῦ
210 3244 355 3313 οἶκος
385 3243 548 3312 οἶκος
585 3244 707 3321 (54)
750 3247 1012 3320 ἐμπορίου
1058 3243 1114 3323 ᾗ,
1160 3249 1293 3303 ἀλλά
1319 3251 1565 3325 ἀπολάϐῃ
1595 3253 1695 3325 τὴν

105 3337 227 3390 κατὰ
257 3340 382 3401 τοὺς
408 3337 719 3410 οὐρανοὺς,
749 3338 841 3391 καὶ
866 3341 1263 3410 πνευματικοὺς
1286 3341 1482 3413 νόμους
1507 3344 1694 3398 ἐπιτε-

103 3426 350 3501 λουμένην
380 3430 496 3484 ύπὸ
529 3430 818 3499 σωτηρίας
842 3430 1010 3502 αὐτῆς
1036 3448 1095 3484 τε
1123 3431 1216 3485 καὶ
1249 3432 1508 3488 πλειόνων
1534 3432 1697 3507 θερα-

104 3523 248 3575 πείαν
270 3522 365 3577 τοῦ
397 3521 572 3577 Θεοῦ.
617 3521 898 3592 Σύμϐολον
921 3523 978 3576 δὲ
1004 3523 1113 3577 τῶν
1143 3526 1240 3595 μὲν
1269 3527 1471 3598 γηΐνων
1491 3528 1520 3580 ό
1544 3526 1693 3598 βοῦς,

105 3613 358 3678 γεωπόνος
406 3614 528 3684 γάρ
547 3630 564 3645 ·
620 3610 741 3665 τῶν
790 3611 847 3664 δὲ
892 3613 1131 3685 ἀνοήτων
1173 3615 1269 3668 καὶ
1307 3617 1596 3689 κτηνωδῶν
1634 3620 1696 3674 τὸ

109 3704 378 3773 πρόϐατον,
417 3702 625 3773 ἐπειδὴ
657 3702 724 3755 τὸ
751 3699 887 3765 ζῶον
908 3703 1310 3776 ἀνδραποδῶδες
1341 3706 1493 3779 παρά
1524 3707 1694 3763 πολλά

109 3794 206 3848 τῶν
224 3796 431 3864 ἀλόγων
458 3793 619 3847 ἐστί’
650 3792 765 3846 τῶν
788 3791 845 3844 δὲ
872 3792 1088 3863 κούφων
1124 3796 1218 3849 καὶ
1250 3797 1576 3869 εύριπίστων
1603 3798 1692 3853 λο-

109 3888 303 3958 γισμῶν
328 3891 361 3959 ή
391 3885 721 3960 περιστερά
740 3901 755 3915 ·
798 3884 906 3938 τῶν
936 3885 994 3939 δέ
1021 3888 1388 3959 νομιζομένων
1420 3890 1598 3945 καλῶν
1622 3891 1692 3946 τά

110 3979 359 4050 κέρματα.
424 3979 564 4033 Ἐἀν
593 3976 658 4031 δέ
694 3994 779 4041 τις
820 3979 1137 4053 προσκόπτῃ
1165 3982 1230 4052 τῇ
1259 3981 1475 4055 τοιαύτῃ
1502 3983 1695 4038 ἀποδό-

110 4087 207 4137 σει,
233 4073 318 4127 διὰ
342 4072 408 4126 τὸ
461 4069 704 4143 καθαρά
731 4066 871 4125 εἶναι
914 4070 983 4124 τά
1010 4071 1433 4142 παραληφθέντα
1478 4076 1560 4138 είς
1590 4075 1690 4146 τὴν

108 4162 310 4237 Γραφὴν
352 4162 499 4229 ζῶα,
531 4161 790 4227 λεκτέον,
822 4163 903 4217 ὅτι
933 4162 1196 4228 ἀπίθανος
1230 4163 1294 4218 ἀν
1337 4161 1407 4237 ἧν
1435 4167 1468 4238 ἡ
1503 4167 1692 4240 Γραφὴ

111 4254 239 4307 κατά
272 4253 369 4325 τὴν
409 4252 792 4324 ἐνδεχομένην
822 4252 1061 4324 ἱστορίαν
1106 4253 1388 4322 γεγονέναι
1418 4255 1694 4326 ἀπαγγελ-

109 4342 306 4413 λομένη.
358 4345 451 4397 Ἐν
480 4343 570 4414 τῷ
619 4340 739 4412 ναῷ
770 4340 879 4412 (55)
904 4339 1012 4413 γάρ
1057 4341 1149 4394 τοῦ
1179 4341 1313 4396 Θεοῦ
1354 4342 1451 4415 οὐχ
1488 4340 1601 4400 οἶόν
1632 4364 1692 4400 τε

108 4426 172 4502 ἦν
197 4432 645 4502 ἀπαγγέλλεσθαι
686 4430 965 4500 γεγονέναι
994 4430 1193 4502 ἐτέρων
1220 4432 1370 4505 παρά
1387 4433 1456 4487 τὰ
1477 4435 1692 4508 καθαρά

1795 1962 2159 2016 sacerdotium
2196 1962 2263 2017 ad
2285 1977 2381 2018 eos
2408 1964 2499 2032 qui
2539 1978 2605 2018 ex
2636 1965 2894 2035 gentibus
2932 1966 3291 2023 credidissent
3320 1968 3373 2023 in

1797 2051 1963 2106 Deum
1988 2068 2084 2123 per
2109 2052 2387 2109 Christum
2414 2069 2443 2108 a
2476 2054 2712 2121 Judaeis;
2743 2072 2773 2109 a
2801 2056 2998 2126 quibus
3022 2058 3185 2113 etiam
3217 2057 3375 2114 aufe-

1797 2145 2025 2199 rendum
2077 2160 2301 2214 regnum
2354 2146 2445 2201 Dei
2499 2146 2740 2203 dandum
2797 2158 2914 2204 erat
2966 2151 3113 2221 genti
3155 2148 3373 2206 facienti

1797 2234 2007 2291 fructus
2037 2236 2155 2308 ejus
2186 2238 2252 2292 ".
2287 2237 2432 2293 Fieri
2461 2253 2592 2293 vero
2625 2240 2794 2294 etiam
2839 2249 3017 2310 potest
3054 2252 3111 2296 ut
3147 2250 3376 2296 natura-

1796 2324 1920 2381 liter
1958 2326 2050 2382 Dei
2083 2327 2341 2397 templnm
2388 2328 2458 2383 sit
2498 2330 2677 2384 anima
2711 2330 2908 2386 rationi
2953 2332 3374 2403 obtemperans;

1796 2432 2026 2487 corpore
2053 2420 2309 2489 superior
2346 2429 2568 2492 propter
2610 2422 2913 2493 ingenitam
2954 2423 3057 2478 sibi
3105 2424 3376 2480 rationem

1796 2508 2094 2572 exsistens,
2140 2511 2207 2565 ad
2241 2524 2403 2579 quam
2454 2526 2486 2566 e
2539 2510 2869 2581 Capharnao
2918 2514 3131 2570 inferne
3176 2516 3374 2585 posita,

1798 2599 2053 2654 nimirum
2100 2602 2152 2657 in
2202 2602 2602 2671 humilioribus,
2659 2608 2909 2661 ascendit
2943 2606 3100 2664 Jesus
3132 2626 3147 2663 :
3181 2610 3234 2664 in
3267 2625 3375 2681 qua

1797 2690 2143 2759 reperiuntur
2195 2694 2421 2757 terreni,
2483 2704 2777 2764 antequam
2820 2713 2849 2749 a
2896 2695 3023 2753 Jesu
3088 2700 3376 2756 erudiatur

1797 2784 2227 2855 castigeturque,
2253 2795 2308 2840 et
2333 2785 2464 2839 fatui
2497 2795 2551 2841 et
2575 2787 2832 2841 hestiales
2866 2798 3062 2857 motus,
3097 2800 3261 2861 atque
3285 2807 3370 2858 ea,

1797 2888 1919 2942 qua:
1952 2888 2070 2939 nos,
2118 2890 2242 2930 cuin
2296 2892 2400 2930 non
2451 2875 2581 2943 sint,
2636 2876 2691 2931 in
2733 2879 2893 2934 bonis
2933 2880 3199 2950 ducimus,
3254 2899 3376 2951 quae

1797 2965 2148 3034 expelluntur
2168 2982 2196 3021 a
2219 2966 2372 3033 Jesu,
2401 2970 2615 3023 ratione
2640 2979 2897 3025 contexta
2932 2985 3000 3026 ex
3032 2972 3374 3043 dogmatibus

1800 3059 2244 3115 demonstrativis
2278 3070 2333 3115 et
2387 3060 2795 3132 ohjurgatoriis,
2847 3076 2916 3118 ne
2960 3064 3137 3118 anima
3182 3066 3374 3123 domus

1801 3150 1978 3207 Patris
2002 3152 2085 3207 sui
2109 3154 2177 3207 sit
2204 3153 2435 3222 amplius
2473 3152 2667 3207 domus
2698 3163 2989 3220 mercatus,
3025 3153 3119 3208 sed
3148 3154 3375 3225 recipiat

1798 3245 1893 3299 Dei
1921 3243 2124 3299 cultum
2154 3284 2169 3311 ,
2194 3243 2286 3315 qui
2319 3243 2594 3316 peragitur
2631 3242 2788 3313 juxta
2813 3246 3062 3302 cmlestes
3110 3246 3373 3318 spiritua-

1797 3337 1980 3407 lesque
2012 3336 2181 3408 leges,
2206 3346 2316 3390 tum
2349 3352 2449 3405 pro
2479 3352 2602 3401 sua,
2636 3344 2747 3390 tum
2782 3353 2883 3407 pro
2907 3337 3139 3409 plurium
3173 3339 3346 3395 salute

1795 3429 2039 3484 Motuum
2083 3443 2217 3484 sane
2263 3439 2598 3484 terrenorum
2634 3435 2761 3484 nota
2806 3439 2892 3485 est
2951 3430 3071 3498 bos,
3123 3447 3246 3486 cum
3305 3429 3376 3486 sit

1796 3520 2126 3591 agricultor;
2179 3520 2454 3575 fatuorum
2504 3529 2687 3575 autem
2721 3528 2779 3577 et
2821 3521 3163 3589 bestialium,
3228 3521 3371 3592 ovis,

1795 3615 2053 3683 quoniam
2094 3628 2209 3685 pra:
2256 3613 2512 3668 omnibus
2562 3613 2739 3667 brutis
2773 3613 2970 3670 servile
3012 3624 3096 3670 εει
3131 3615 3371 3684 animal;

1794 3704 1994 3760 levium
2021 3719 2153 3761 vero
2184 3714 2238 3760 et
2269 3704 2605 3759 instabilium
2629 3703 3041 3776 cogitationum,
3077 3706 3368 3773 columba;

1794 3814 1981 3857 eorum
2018 3813 2148 3853 vero
2190 3813 2310 3867 qua:
2365 3798 2417 3851 in
2473 3796 2633 3852 bouis
2678 3798 2967 3860 ducimus.
3018 3799 3367 3856 nomismata.

1794 3891 1946 3959 Quod
1985 3890 2031 3945 si
2062 3891 2185 3959 quis
2214 3888 2557 3960 expositione
2595 3887 2697 3943 hac
2724 3887 3041 3955 offenditur,
3072 3891 3197 3959 quia
3228 3905 3366 3959 pura

1793 3983 1905 4038 sint
1936 3979 2185 4036 animalia
2216 3996 2337 4051 qua:
2383 3980 2436 4034 in
2468 3978 2808 4049 Scripturam
2860 3977 3015 4035 fuere
3057 3990 3365 4048 assumpta,

1794 4073 2081 4129 dicendum
2137 4080 2222 4126 est
2290 4071 2466 4127 dubia:
2537 4069 2663 4125 fidei
2725 4069 2967 4125 futuram
3029 4070 3367 4141 Scripturam

1792 4164 2093 4221 secundum
2125 4164 2529 4235 contingentem
2560 4164 2845 4219 historiam
2869 4204 2885 4231 ,
2917 4163 2963 4220 si
2995 4174 3243 4219 narraret
3280 4164 3367 4219 in-

1792 4270 1976 4327 gressa
2006 4255 2178 4311 fuisse
2222 4255 2326 4309 alia
2368 4256 2626 4310 animalia
2659 4256 2825 4312 etiam
2877 4256 2945 4309 ad
3002 4264 3366 4310 mercaturam

1792 4358 1991 4418 praeter
2022 4362 2084 4401 ea
2118 4363 2240 4416 qua:
2272 4346 2720 4410 immolabantur,
2754 4349 2897 4417 quod
2920 4348 3023 4401 dici
3054 4362 3157 4401 non
3186 4356 3368 4417 posset

1792 4439 2024 4494 aliorum
2057 4438 2372 4492 animalium
2403 4453 2647 4510 gregem.
2685 4450 3048 4510 prmterquam
3080 4453 3363 4508 purorum,

111 4522 248 4587 ζώων
291 4525 502 4596 ἀγέλην
708 4520 931 4585 εἴσοδον,
980 4522 1074 4575 καὶ
1102 4523 1181 4586 είς
1210 4523 1475 4595 ἐμπορίαν
1515 4524 1690 4579 ἀλλων

1796 4531 1962 4587 fuisse
1987 4533 2039 4586 in
2070 4531 2268 4599 templo
2302 4532 2417 4588 Dei.
2442 4533 2782 4603 Quapropter
2818 4530 3151 4602 evangelista
3171 4571 3186 4597 ,
3217 4530 3366 4601 judi-

110 4616 244 4687 παρά
272 4617 341 4669 τά
378 4616 656 4688 θυόμενα.
699 4611 899 4685 Διόπερ
921 4612 997 4684 τῷ
1031 4612 1134 4666 ὑπὸ
1171 4615 1277 4666 τῶν
1309 4616 1567 4689 ἐμπόρων
1595 4634 1694 4671 κα-

111 4707 176 4760 τά
210 4710 326 4772 τοὺς
353 4708 469 4761 τῶν
518 4702 841 4759 Ἰουδαϊκῶν
882 4703 1082 4776 ἑορτῶν
1129 4705 1351 4777 χρόνους
1394 4707 1690 4780 γενομένῳ,

112 4799 494 4867 ἐπεισαγόντων
528 4796 615 4866 τῷ
644 4794 899 4865 ἐξωτέρω
943 4795 1209 4868 περιϐόλῳ
1239 4797 1332 4851 τοῦ
1365 4799 1493 4854 ναοῦ
1523 4799 1694 4855 ταῦτα

113 4892 174 4943 τὰ
193 4892 317 4957 ζῶα,
351 4892 647 4964 ἐχρήσατο
674 4887 704 4939 ὀ
736 4890 1141 4963 εύαγγελιστὴς,
1169 4892 1244 4957 ὠς
1282 4890 1455 4965 οἶμαι,
1487 4896 1581 4949 καὶ
1602 4913 1695 4965 γε·

114 4985 372 5056 γενημένῳ
406 4981 878 5053 συγχρησάμενος
899 4983 1202 5055 πράγματι.
1233 4986 1491 5055 Καίτοιγε
1522 4981 1567 5056 ᾧ
1598 4987 1694 5058 μέ-

114 5070 180 5124 λει
199 5074 292 5142 τῆς
318 5071 740 5148 ἀκριϐεστέρας
767 5071 1061 5137 ἐξετάσεως
1093 5074 1450 5147 ὲπισκοπήσει
1475 5078 1524 5130 εί
1549 5077 1690 5132 κατά

115 5162 165 5214 τὸ
189 5166 241 5218 ἐν
267 5166 345 5237 τῷ
378 5165 484 5238 βίῳ
515 5162 704 5234 τούτῳ
754 5162 968 5236 ἀξίωμα
992 5164 1085 5219 τοῦ
1132 5165 1305 5238 Ἰησοῦ
1351 5162 1440 5239 ἦν,
1475 5169 1692 5239 νομιζο-

123 5254 256 5321 μένου
284 5258 402 5312 υἱοῦ
432 5254 585 5313 εἶναι
617 5254 892 5320 τέκτονος,
921 5255 981 5308 τὺ
1001 5256 1286 5328 τηλικοῦτο
1316 5260 1537 5331 ποιῆσαι
1559 5261 1691 5335 θαρ-

165 5346 206 5379 ⁷δ
237 5349 427 5407 Matth.
478 5366 607 5419 xxI,
633 5348 727 5404 43.
803 5348 851 5381 ⁷⁸
879 5349 1069 5410 Matth.
1097 5368 1217 5420 xm,
1266 5355 1339 5410 55
1365 5372 1382 5423 ;
1415 5355 1578 5413 Marc.
1624 5373 1699 5427 νι,
1728 5361 1784 5419 3.

178 5440 279 5515 (Q9)
310 5443 502 5497 Codex
538 5440 895 5515 Bodleianus,
928 5440 1205 5515 λατρείας.

304 5509 750 5582 Νομισμάτων.
784 5512 858 5566 Ita
892 5509 1062 5568 codex
1115 5515 1482 5586 Bodleianus;
1515 5518 1685 5576 editio

121 5575 294 5638 liuetu.
314 5584 528 5638 νόμων.

158 5601 528 5655 unumunum.

154 5649 521 5748 Codex
571 5651 804 5723 Regius,
864 5655 1099 5710 κτεῖνον·
1149 5656 1499 5727 Bodleianus,
1542 5659 1685 5713 dim-

122 5734 495 5865 κ’ῗὲἒῖνίὶοάει
524 5793 879 5864 Bodleianus,
903 5794 1176 5867 ἐκκεῖσθαι
1199 5814 1213 5829 -
1271 5797 1490 5870 Regius,
1526 5801 1685 5854 ἐκκε-

1791 4627 1877 4679 eio
1900 4638 2041 4691 meo,
2072 4638 2201 4678 usus
2236 4634 2319 4679 est
2347 4639 2407 4679 re
2439 4625 2549 4686 illa,
2594 4639 2757 4694 quam
2786 4633 3122 4679 mercatores
3161 4622 3363 4684 fecere.

1790 4718 1883 4786 qui
1900 4717 2236 4771 advenerant
2259 4717 2596 4786 temporibus
2614 4714 2967 4773 Iudaicarum
2988 4718 3363 4781 festivitatum,

1792 4809 2231 4879 induxerantque
2276 4810 2532 4865 animalia
2568 4811 2685 4865 hate
2732 4810 2785 4863 in
2831 4807 3011 4877 templi
3040 4806 3363 4861 vestibulum

1790 4903 2055 4958 exterius.
2093 4899 2263 4955 Porro
2287 4902 2372 4956 cui
2415 4916 2558 4956 curae
2600 4909 2687 4956 est
2725 4899 3031 4954 accuratior
3058 4897 3362 4967 inquisitio,

1792 4992 2161 5051 considerabit
2180 5008 2248 5047 an
2277 4993 2429 5060 juxta
2450 4992 2765 5062 dignitatem
2789 4989 3070 5060 praesentis
3090 4989 3216 5045 vitae
3240 5000 3365 5045 erat

1794 5093 1853 5140 ut
1876 5084 2057 5149 Jesus,
2113 5084 2202 5153 qui
2241 5083 2381 5138 fabri
2411 5084 2554 5139 filius
2597 5083 2885 5153 putabatur
2915 5081 2982 5147 ",
3034 5096 3148 5136 rem
3185 5082 3361 5147 ,talem

1793 5177 2020 5233 auderet
2074 5175 2296 5244 facere;
2344 5177 2637 5231 extrudere
2692 5173 2948 5230 videlicet
2998 5184 3365 5231 mercatorum

1793 5268 2222 5336 multitudinem,
2270 5267 2363 5340 qui
2411 5268 2480 5323 ad
2535 5268 2677 5323 diem
2730 5266 2929 5325 festum
2975 5265 3367 5335 ascenderant,

1787 5453 1855 5524 χύ
1864 5452 2008 5508 σθαι.

1862 5524 1976 5594 (55)
2007 5520 2328 5594 Legendum
2372 5519 2608 5594 videtur,
2633 5519 2729 5574 καὶ
2766 5522 3118 5594 ἐλεγκτικῷν.

1861 5588 1974 5664 (54)
2006 5592 2058 5664 In
2078 5588 2261 5664 codice
2292 5591 2647 5664 Regio‘deest
2669 5588 3162 5664 secund'ntndolxoc.

1861 5659 1975 5734 (5,51
2009 5661 2434 5725 Codexttegius,
2457 5659 2563 5731 ἦὲν
2579 5659 2657 5732 τῷ
2681 5661 2819 5734 ναῷ,
2847 5664 2943 5719 sed
2967 5662 3003 5735 ή
3032 5661 3373 5733 superﬂuum

1789 5743 1893 5791 est.

1861 5802 1975 5872 μισ)
2019 5801 2290 5873 Ἀγέλην.
2323 5800 2635 5873 Legentlum
2668 5802 2889 5876 ἀγέλης,
