3816 6520
96 445 200 503 $53

1192 446 1553 507 conamur.
1595 446 1662 505 lN
1701 445 1896 506 tom.
1940 424 2177 505 rouus
2212 447 2281 503 χ.

3244 452 3349 507 55$

97 566 196 638 τὴν
250 564 413 622 πόλιν
457 565 756 637 λέγουσαν*
810 587 829 620 ι
857 568 953 633 Τίς
1002 569 1153 624 ἐστιν
1194 562 1384 638 οὗτοςς
1416 588 1435 621 ι
1488 569 1595 642 πρὸ
1636 568 1690 623 δὲ

1794 577 2124 624 commotam
2159 566 2327 622 fuisse
2351 565 2665 621 universam
2698 563 2974 623 civitatem
3002 603 3016 629 ,
3041 564 3243 621 dicenti
3261 585 3310 621 m
3339 587 3352 621 :

94 656 303 712 τούτων
336 657 610 731 διηγεῖται
650 660 719 714 τά
761 661 888 733 περὶ
918 662 1016 735 τὴν
1065 662 1186 717 ὄνον
1226 663 1319 719 καὶ
1358 662 1450 717 τὸν
1479 661 1678 725 πῶλον,

94 750 373 821 ληφθέντα
404 752 697 825 προστάξει
735 753 829 807 τοῦ
872 754 1097 827 Κυρίου,
1136 755 1242 810 ὑπὸ
1283 755 1378 810 δύο
1424 754 1681 827 μαθητῶν

95 841 520 896 ἀποσταλέντων
578 843 670 897 ὑπ’
721 842 888 897 αὑτοῦ
938 844 1047 899 ἀπὸ
1102 844 1399 918 Βηθφαγῆς
1450 846 1531 909 είς
1583 843 1681 916 τὴν

97 931 391 987 κατέναντι
425 934 598 1005 αὐτῆς
641 934 833 1007 κώμην
859 936 1155 1008 εὑρημένα,
1201 938 1343 991 ὅπου
1365 935 1460 990 καὶ
1494 935 1680 991 λύεται

95 1024 197 1078 ὑπὸ
236 1027 357 1079 τῶν
387 1026 484 1081 δύο
531 1027 787 1100 μαθητῶν
837 1030 871 1101 ἡ
916 1030 1179 1103 πρότερον
1230 1029 1486 1103 δεδεμένη
1538 1029 1678 1094 ὄνος,

93 1115 522 1183 κελευσθέντων,
547 1118 644 1175 ὲάν
673 1137 757 1183 τις
789 1120 974 1184 αὑτοῖς
1012 1120 1142 1196 εἴπῃ
1174 1138 1248 1185 τι,
1284 1120 1681 1194 ἀποκρίνασθαι

93 1204 163 1270 ὡς
195 1207 315 1279 ἄρα
348 1227 371 1260 ι
432 1209 491 1263 '0
537 1209 737 1283 Κύριος
783 1211 962 1265 αὐτῶν
994 1214 1184 1283 χρείαν
1216 1213 1351 1285 ἔχει,
1395 1215 1491 1268 xui.
1521 1211 1682 1277 εὐθὺς

94 1297 294 1362 αὑτοὺς
317 1301 633 1355 ἀποστελεῖ.
670 1322 689 1355 ι
733 1302 1090 1373 ’Ᾱπαγγέλλει
1112 1305 1167 1360 δὲ
1191 1304 1528 1379 πληροῦσθαι
1550 1322 1683 1377 προ-

96 1391 329 1462 φητείαν
373 1393 465 1449 διὰ
501 1394 703 1449 τούτων
741 1397 1115 1469 γεγενημένην
1149 1398 1261 1470 (62)
1305 1399 1405 1471 τὴν
1446 1399 1683 1469 φάσκου-

98 1499 193 1536 σαν
218 1500 236 1514 ο
276 1503 299 1537 ι
356 1486 490 1540 ’1δοὺ
521 1487 551 1539 6
580 1487 832 1558 βασιλεὺς
878 1489 1097 1562 ἔρχεται
1128 1489 1327 1562 πραῢς,
1371 1492 1461 1545 καὶ
1493 1491 1681 1544 ἐπιδε-

96 1573 285 1643 δηκὼς
312 1575 412 1628 ἐπὶ
433 1575 576 1641 ὄνον,
607 1577 700 1631 καὶ
727 1577 903 1632 πῶλον
938 1578 1052 1631 υίὸν
1086 1577 1401 1649 ὑποζυγίου,
1445 1600 1464 1632 ι
1494 1582 1682 1653 ἥντινα

97 1666 251 1739 παρὰ
274 1666 358 1739 τῷ
386 1669 635 1742 Ζαχαρία
661 1669 892 1742 εὕρομεν
910 1688 923 1701 ·
949 1671 1025 1736 ὡς
1050 1671 1110 1726 δὲ
1129 1672 1483 1743 πορευθέντες
1506 1674 1556 1726 oi
1581 1690 1683 1744 μα-

98 1758 284 1829 θηταὶ,
328 1760 429 1813 καὶ
462 1763 784 1833 ποιήσαντες
816 1762 893 1827 ὡς
926 1763 1260 1837 προσέταξεν
1291 1764 1476 1829 αὐτοῖς
1503 1768 1531 1821 6
1576 1767 1681 1838 Ὶη-

98 1849 247 1914 σοῦς,
294 1852 508 1922 ἧγαγον
550 1852 640 1906 τὸν
684 1853 803 1907 ὄνον
855 1854 949 1908 καὶ
996 1855 1089 1908 τὸν
1120 1855 1320 1919 πῶλον,
1358 1857 1452 1911 καὶ
1485 1856 1681 1929 ἐπέθη-

1792 679 1809 711 ι
1833 660 1964 728 Quis
1984 669 2070 715 est
2088 658 2175 715 hic
2197 659 2221 713 7
2242 676 2262 711 ι
2285 666 2708 728 narrantemqne
2724 663 2852 712 ante
2870 656 2984 712 huic
3010 656 3061 690 ⁸⁸
3090 658 3154 711 dc
3181 660 3354 722 asina,

1784 763 1839 809 ct
1888 752 2054 824 pullo,
2114 751 2344 822 sumptis
2389 749 2541 818 jussu
2600 749 2811 805 Domini
2854 765 2885 803 a
2935 750 3145 804 duobus
3195 751 3356 805 disii-

1783 846 1922 917 pnlis
1948 849 2017 900 ab
2043 845 2164 915 ipso
2208 844 2390 899 missis
2437 859 2467 897 a
2513 841 2860 912 Bethphage,
2910 851 2967 896 et
3022 840 3256 895 inventis
3303 840 3357 893 in

1787 936 1947 1011 187
1973 940 2093 994 vico
2123 953 2154 992 e
2182 936 2399 1007 regione
2422 935 2593 1004 ipsius
2618 934 2934 998 exsistente,
2959 933 3048 988 ubi
3083 943 3140 988 et
3166 949 3195 986 a
3222 931 3359 985 dno-

1786 1032 1885 1088 bus
1910 1029 2193 1101 discipulis
2231 1028 2462 1083 solvitur
2501 1027 2650 1082 asina
2679 1036 2835 1081 antea
2877 1027 3092 1099 alligata
3121 1043 3138 1094 ;
3166 1024 3352 1096 jussis,

1783 1124 1827 1180 si
1868 1124 1990 1193 quis
2009 1122 2142 1193 quid
2174 1121 2280 1177 illis
2317 1121 2566 1186 dixisset,
2616 1120 2944 1189 respondere
2980 1137 2995 1174 :
3033 1139 3053 1171 ι
3103 1118 3358 1174 Dominus

1785 1216 1870 1270 his
1894 1230 2040 1285 opus.
2064 1215 2250 1275 habet,
2280 1224 2338 1268 et
2361 1212 2647 1267 confestim
2671 1213 2906 1267 dimittet
2924 1208 3136 1266 eos".i
3165 1209 3359 1263 Narrat

1782 1307 1946 1362 etiam
1974 1305 2262 1361 Matthams
2280 1321 2376 1375 per
2397 1306 2510 1358 haec
2536 1304 2744 1374 impleri
2768 1301 3105 1374 prophetiam
3133 1300 3357 1368 iactam,

1782 1397 2060 1454 dicentem
2097 1415 2111 1451 ε
2153 1417 2172 1450 ι
2202 1397 2341 1452 Ecce
2370 1394 2485 1450 Rex
2526 1396 2672 1450 venit
2711 1403 3045 1457 mansuetus,
3072 1402 3128 1449 et
3161 1392 3358 1449 sedens

1783 1502 1947 1557 super
1989 1489 2227 1552 asinam,
2268 1497 2325 1542 et
2369 1487 2569 1557 pullum
2620 1486 2788 1540 lilium
2837 1484 3098 1555 subjugis,
3140 1501 3160 1539 ι
3191 1496 3354 1554 quam

1782 1581 1921 1651 apud
1962 1579 2280 1635 Zachariam
2319 1579 2712 1643 invenimus“;
2733 1587 2787 1633 et
2816 1578 3057 1648 inquit"
3081 1576 3356 1646 profectos

1782 1671 2101 1741 discipulos,
2137 1685 2260 1726 cum
2310 1670 2566 1726 fecissent
2595 1684 2715 1737 qua
2741 1668 2849 1724 illis
2882 1665 3355 1736 jussisset'Jesus,

1781 1762 1992 1818 asinam
2034 1762 2343 1827 adduxisse,
2374 1770 2428 1816 et
2457 1760 2687 1831 pullum,
2721 1768 2885 1831 atque
2911 1758 3236 1829 imposuisse
3260 1771 3358 1812 su-

1781 1870 1880 1925 per
1907 1868 2001 1910 eos
2026 1853 2347 1909 vestimenta
2370 1866 2502 1917 sua;
2533 1852 2929 1922 Dominumque
2950 1850 3076 1914 illis,
3103 1850 3355 1904 nimirum

100 1956 197 1993 καν
229 1940 371 2011 (65),
416 1942 601 2013 φησὶν,
630 1943 714 1995 ἐπ’
750 1942 931 1998 αὐτῶν
973 1943 1043 1997 τὰ
1090 1946 1281 2017 ἱμάτια
1320 1945 1560 2012 ἑαυτῶν,
1588 1946 1683 2000 καὶ

1790 1947 1954 2001 asina:
1990 1954 2050 2001 et
2094 1944 2263 2017 pullo,
2295 1944 2581 2007 insedisse,
2637 1952 2752 1997 tum
2782 1942 2993 1999 scilicet
3041 1956 3164 1997 cum
3202 1939 3357 1994 turba

99 2034 435 2090 ἑτὲκάθισεν
463 2036 649 2090 ἐπάνω
682 2037 862 2091 αὑτῶν
893 2038 923 2090 6
947 2038 1183 2111 Κύριος,
1218 2038 1373 2110 δῆλον
1405 2039 1451 2094 δ’
1480 2039 1563 2093 ὅτι
1590 2039 1686 2093 καὶ

99 2126 193 2197 τῆς
233 2127 365 2180 ὄνου
409 2127 508 2181 καὶ
545 2128 639 2182 τοῦ
670 2128 871 2194 πώλου,
904 2130 993 2183 ὅτε
1036 2131 1131 2184 καὶ
1161 2132 1190 2183 6
1237 2131 1485 2195 πλεῖστος
1532 2130 1687 2202 ὄχλος

101 2217 388 2289 ἔστρωσαν
435 2219 507 2275 τὰ
553 2221 742 2291 ἱμάτια
797 2223 856 2275 ὲν
894 2224 962 2293 τῇ
997 2222 1120 2294 ὁδῷ,
1155 2223 1304 2278 ἄλλοι
1349 2224 1405 2278 δὲ
1459 2223 1686 2278 ἔκοπτον

104 2309 331 2375 κλάδους
365 2310 477 2364 ἀπὺ
512 2311 620 2366 τῶν
650 2312 902 2385 δένδρων,
944 2314 1037 2367 καὶ
1069 2314 1349 2387 ἔστρωσαν
1383 2317 1441 2369 ὲν
1472 2318 1538 2388 τῇ
1581 2315 1686 2387 ὁδῷ

102 2400 205 2453 τῶν
248 2404 629 2473 προαγόντων,
670 2405 762 2458 καὶ
797 2405 1231 2462 ἀκολουθούντων
1264 2408 1438 2479 ὄχλων
1481 2422 1686 2481 κεκρα-

102 2494 309 2561 γότων·
354 2515 374 2546 ι
427 2497 655 2550 Ὡσαννά
681 2497 760 2568 τῷ
784 2498 886 2569 υίῷ
916 2498 1110 2551 Δαυῖδ·
1146 2499 1509 2572 εὐλογημένος
1537 2502 1566 2554 6
1595 2503 1689 2571 ὲρ-

102 2585 333 2656 χόμενος
368 2574 427 2638 έν
471 2587 694 2659 ὀνόματι
736 2588 975 2661 Κυρίου⁶
1021 2589 1250 2644 Ὡσαννά
1301 2592 1361 2643 ὲν
1393 2593 1504 2654 τοῖς
1559 2589 1688 2660 ὑψί-

108 2694 273 2742 στοις.
317 2698 338 2730 ι
389 2678 537 2752 Πλὴν
570 2679 644 2744 ὡς
687 2679 775 2733 διὰ
822 2680 995 2735 ταῦτα
1031 2681 1361 2746 εἰσελθόντος
1402 2681 1567 2737 αὑτοῦ
1606 2684 1686 2749 είς

117 2769 495 2841 Ἱεροσόλυμα,
537 2789 556 2820 ι
600 2770 819 2842 ἐσείσθη
849 2773 999 2825 πᾶσα
1025 2772 1059 2843 ἡ
1091 2771 1262 2837 πόλις,
1291 2771 1543 2841 λέγουσα’
1593 2773 1691 2838 Τίς

105 2860 253 2915 ἐστιν
296 2853 490 2925 οὖτος;
529 2862 595 2914 υἱ
639 2858 804 2932 ὄχλοι,
850 2881 868 2914 ι
919 2862 1076 2935 δῆλον
1108 2863 1190 2917 ὅτι
1233 2864 1563 2936 προάγοντες
1595 2864 1689 2920 καὶ

106 2951 554 3015 ἀείολουθοῦντες,
605 2952 970 3023 ἀπεκρίναντο
1015 2956 1128 3017 τοῖς
1174 2952 1419 3025 ἐρωτῶσι
1460 2954 1545 3019 τίς
1577 2954 1687 3027 εἵη,

107 3044 191 3096 τό’
236 3063 259 3096 s
298 3036 472 3106 οὗτός
512 3046 657 3124 ἐστιν
696 3047 725 3099 6
767 3046 1054 3117 προφήτης
1113 3044 1341 3116 Ἰησοῦς,
1374 3046 1403 3098 6
1435 3046 1545 3100 ἀπὸ
1576 3046 1690 3102 Να-

108 3136 274 3208 ζαρὲτ
300 3136 404 3209 τῆς
429 3136 736 3201 Γαλιλαίας.
769 3137 878 3191 Καὶ
908 3135 1152 3209 είσῆλθεν
1189 3136 1395 3209 Ἰησοῦς
1421 3141 1502 3203 είς
1527 3139 1589 3193 τὸ
1611 3141 1688 3195 is-

114 3228 216 3298 ρον,
249 3228 351 3282 καὶ
383 3227 609 3295 ἐξέϐαλε
634 3228 842 3291 πάντας
867 3229 995 3292 τοὺς
1029 3226 1338 3294 πωλοῦντας
1366 3229 1462 3284 καὶ
1488 3228 1690 3301 ἀγορά-

110 3318 302 3383 ζοντας
334 3322 400 3373 ὲν
439 3318 518 3391 τῷ
557 3316 705 3392 ἱερῷ,
734 3319 831 3374 καὶ
876 3320 975 3380 τὰς
1010 3319 1288 3393 τραπέζας
1335 3321 1445 3374 τῶν
1495 3319 1686 3375 κολλυ-
1713 3305 1756 3365 C

111 3412 307 3468 ειστῶν
339 3412 703 3485 κατέστρεψε,
745 3412 841 3467 καὶ
873 3411 970 3476 τὰς
1011 3412 1280 3483 καθέδρας
1307 3411 1416 3465 τῶν
1448 3410 1691 3467 πωλούν-

109 3524 211 3562 των
241 3507 347 3572 τὰς
377 3506 741 3579 περιστεράς’
780 3506 875 3559 καὶ
905 3503 1056 3573 λέγει
1085 3504 1267 3569 αὑτοῖς
1286 3520 1299 3533 ·
1335 3503 1649 3575 Γέγραπται
1672 3519 1689 3535 ⁸

124 3599 178 3652 '0
206 3594 360 3663 οἶκός
396 3614 499 3669 μου
532 3592 680 3660 οἶκος
713 3595 1020 3668 προσευχῆς
1051 3593 1415 3665 κληθήσεταιο
1447 3596 1603 3666 ὑμεῖς
1633 3594 1691 3648 δὲ

112 3691 264 3744 αὑτὸν
286 3693 498 3744 ποιεῖτε
523 3689 783 3759 σπήλαιον
807 3686 1040 3758 λῃστῶν.
1077 3704 1095 3737 ι
1126 3685 1463 3758 Πευσώμεθα
1490 3686 1554 3758 δὴ
1581 3684 1690 3740 τῶν

113 3784 251 3857 πέρα
276 3784 383 3854 τῆς
414 3780 655 3854 ἱστορίας
694 3779 856 3851 μηδὲν
885 3778 1146 3848 οἰομένων
1169 3777 1526 3849 προσκεῖσθαι
1558 3778 1693 3849 γρά-

117 3892 261 3945 φοντι
298 3873 383 3945 τῷ
425 3871 692 3942 Ματθαίῳ
734 3869 796 3924 τὺ
842 3867 1208 3938 Εὑαγγέλιον,
1243 3867 1295 3920 τί
1327 3863 1395 3939 ἦν
1427 3868 1488 3921 τὸ
1526 3886 1690 3922 κατε·-

115 3973 295 4037 τεεῖγον
317 3966 432 4037 (64)
464 3964 779 4035 πεμφθῆναι
800 3961 908 4015 τῶν
933 3959 1189 4033 μαθητῶν
1214 3959 1308 4013 δύο
1336 3960 1417 4025 είς
1437 3959 1535 4032 τὴν
1560 3978 1692 4015 κατ-

115 4061 285 4115 έναντι
336 4061 441 4130 τῆς
478 4057 773 4128 Βηθφαγῆς
823 4055 1038 4128 κώμην,
1099 4055 1240 4124 ὑπὲρ
1286 4054 1381 4109 τοῦ
1433 4057 1692 4128 εὑρόντας

116 4152 307 4216 αὐτοὺς
345 4149 637 4220 δεδεμένην
677 4148 797 4202 ὄνον
829 4147 924 4202 καὶ
957 4146 1136 4201 πῶλον
1170 4148 1288 4218 μετ’
1308 4147 1477 4218 αὐτῆς
1509 4146 1689 4216 λῦσαι,

121 4246 207 4301 u‘t
244 4247 483 4315 ἀγαγεῖν
514 4242 685 4314 αὑτῷ.
732 4241 798 4295 Τί
830 4241 888 4295 δὲ
918 4241 1066 4308 ἀξιον
1098 4242 1422 4313 ἀναγραφῆς
1447 4236 1515 4313 ἦν
1539 4242 1693 4310 γενό-

120 4354 275 4407 μενον
296 4335 376 4406 τῷ
407 4332 822 4388 ἐπικαθεσθέντι
868 4331 976 4403 ὄνῳ
1002 4332 1096 4385 καὶ
1128 4331 1314 4402 πώλῳ,
1348 4331 1442 4386 καὶ
1482 4333 1693 4404 εἰσελη-

118 4427 293 4481 λυθὸτι
320 4428 404 4491 εἰς
445 4425 546 4496 τὴν
573 4423 761 4489 πόλιν;
804 4423 869 4477 Τί
900 4422 957 4477 δὲ
992 4421 1133 4495 μετὰ
1166 4423 1295 4496 περὶ
1323 4423 1419 4477 τοῦ
1451 4422 1690 4496 Χριστοῦ

120 4517 475 4590 προφητεύων
502 4518 532 4570 6
559 4515 833 4588 Ζαχαρίας
867 4516 1032 4586 φησί’
1082 4534 1100 4568 t
1140 4517 1312 4589 Χαῖρε
1339 4517 1565 4589 σφόδρα,
1594 4517 1690 4572 θύ-

118 4627 287 4682 γατερ
314 4608 485 4664 Σιιέιν·
536 4609 807 4680 κήρυσσε,
849 4606 1087 4679 θύγατερ
1127 4606 1509 4680 Ἰερουσαλήμ·
1559 4608 1689 4664 ’ἰδοὺ

1786 2036 1981 2092 stravit
2012 2037 2338 2093 vestimenta
2374 2035 2428 2090 in
2462 2035 2572 2099 via,
2602 2043 2657 2089 et
2683 2033 2775 2090 alii
2798 2034 2866 2089 ab
2886 2032 3172 2089 arboribus
3206 2046 3358 2087 rese-

1786 2140 1905 2186 ctos
1932 2143 2114 2185 ramos
2143 2128 2197 2185 in
2236 2129 2319 2183 via
2345 2136 2676 2193 sternerent,
2724 2125 3155 2197 praecedentibus
3184 2139 3247 2179 ac
3272 2140 3364 2179 sc-

1786 2221 2083 2291 quentihus
2113 2220 2322 2286 turbis,
2347 2234 2468 2290 quae
2513 2218 2843 2274 clamarent:
2878 2236 2897 2271 ι
2938 2217 3191 2274 Hosanna
3246 2215 3360 2270 ﬁlio

1789 2313 1999 2377 David;
2030 2312 2346 2369 benedictus
2397 2312 2487 2381 qui
2533 2311 2685 2367 venit
2728 2311 2780 2365 in
2825 2309 3043 2365 nomine
3090 2307 3356 2364 Domini:

1787 2404 2040 2460 "osanna
2092 2405 2143 2459 in
2178 2405 2458 2462 altissimis
2485 2403 2562 2458 “l
2596 2421 2615 2454 ι
2653 2401 3037 2458 Verumtamen
3076 2410 3357 2471 postquam

1786 2499 2159 2569 ingressnsest
2180 2499 2371 2554 horum
2395 2501 2565 2569 gratia
2585 2497 3029 2569 Hierosolymam,
3053 2515 3073 2549 ι
3092 2505 3359 2551 commota

1785 2600 1869 2648 est
1916 2591 2166 2647 universa
2222 2591 2441 2655 civitas,
2498 2591 2686 2646 dicens
2714 2607 2730 2644 :
2764 2590 2897 2658 Quis
2939 2600 3024 2646 est
3056 2588 3211 2644 hic“
3242 2588 3266 2642 ‘P
3295 2589 3361 2643 Et

1790 2683 1979 2747 turbae,
2018 2701 2036 2735 ι
2066 2680 2313 2739 videlicet
2343 2699 2463 2753 qua:
2492 2683 2863 2752 praecedebant
2891 2691 2945 2738 et
2971 2682 3359 2752 sequebantur,

1788 2776 2184 2847 responderunt
2215 2776 2677 2844 interrogantibus
2707 2777 2830 2844 quis
2856 2784 3001 2830 esset
3031 2791 3107 2827 ιιι
3149 2773 3249 2830 llic
3277 2782 3358 2830 est

1788 2866 1878 2923 ille
1904 2864 2064 2923 Jesus
2088 2868 2374 2938 propheta,
2408 2867 2497 2922 ille
2524 2883 2554 2921 a
2586 2866 2855 2922 Nazareth
2882 2863 3140 2921 Galiltcze.
3184 2865 3252 2919 Et
3278 2866 3364 2920 in-

1790 2958 1955 3014 travit
1977 2956 2135 3014 Jesus
2165 2958 2218 3013 in
2241 2957 2522 3028 templum,
2544 2968 2600 3012 et
2630 2957 2790 3028 eiecit
2819 2972 3011 3014 onmes
3039 2959 3359 3021 vendentes,

1789 3061 1844 3106 ct
1871 3059 2119 3105 ementes
2151 3050 2204 3104 in
2244 3049 2464 3119 templo,
2501 3064 2824 3121 mensasque
2866 3049 3284 3113 mensariorum,
3308 3056 3365 3102 et

1788 3142 2079 3199 cathedras
2114 3143 2462 3199 vendentium
2496 3142 2777 3200 columbas
2800 3142 3064 3201 subvertit
3101 3158 3118 3196 :
3149 3152 3207 3198 et
3231 3142 3365 3198 dicit

1790 3237 1911 3292 eis:
1948 3236 2223 3307 Scriptum
2260 3246 2342 3292 est
2368 3251 2384 3291 :
2417 3238 2619 3293 Domus
2648 3252 2789 3302 mea,
2816 3235 3010 3292 domus
3038 3236 3366 3305 precationis

1791 3330 2124 3397 vocabitur;
2181 3340 2240 3385 at
2277 3344 2375 3385 vos
2418 3329 2598 3386 facitis
2643 3329 2787 3385 illam
2845 3328 3153 3399 speluncam
3201 3326 3364 3381 iatro—

1791 3436 1918 3475 num
1934 3420 1999 3475 ⁸⁸.
2014 3420 2444 3492 »Ιηιειτοεεηιυε
2466 3419 2629 3491 igitur
2653 3434 2748 3474 cos
2772 3420 2862 3488 qni
2887 3418 3176 3488 nihilultra
3197 3417 3367 3472 histo-

1789 3512 1927 3569 riam
1956 3514 2290 3582 propositum
2321 3511 2488 3566 fuisse
2516 3518 2702 3565 rentur
2731 3510 2983 3565 Mattlmo
3012 3504 3362 3579 Evangeiium

1791 3603 2073 3664 scribenti.
2112 3602 2241 3673 quid
2269 3601 2404 3657 illud
2430 3612 2547 3658 erat
2573 3615 2870 3673 perurgens
2905 3599 2985 3655 uti
3018 3600 3366 3655 mitterentur

1792 3695 1898 3751 duo
1928 3693 2175 3764 discipuli
2201 3694 2252 3749 in
2283 3695 2456 3749 vicum
2484 3694 2578 3763 qui
2598 3701 2718 3748 erat
2737 3692 3001 3763 eregione
3031 3689 3361 3762 Bethphage,

1790 3787 1996 3842 asinam
2018 3787 2291 3858 alligatam
2317 3794 2587 3857 repertam
2617 3794 2673 3841 et
2688 3784 2888 3854 pullum
2909 3799 3032 3839 cum
3049 3799 3110 3840 ea
3134 3784 3363 3839 soluturi

1790 3889 1845 3934 et
1880 3877 2165 3934 addacturi
2183 3879 2250 3933 ad
2277 3892 2424 3934 eum.
2451 3875 2590 3944 Quid
2615 3886 2794 3931 autem
2823 3876 3120 3946 scriptione
3140 3876 3362 3946 dignum

1792 3968 2094 4025 fecitJesus
2122 3969 2287 4024 asina:
2332 3968 2578 4023 insidens
2618 3976 2673 4023 et
2700 3967 2868 4037 pullo,
2893 3975 2949 4022 et
2987 3968 3262 4039 ingressus
3308 3969 3363 4021 in

1791 4061 2064 4117 civitatem
2084 4061 2108 4115 τ
2131 4062 2241 4117 Cur
2267 4068 2449 4117 autem
2480 4060 2811 4130 prophetans
2838 4060 3131 4115 Zacharias
3159 4076 3278 4128 ane
3300 4064 3366 4114 de

1791 4151 2008 4209 Christo
2029 4161 2217 4223 postea
2244 4161 2567 4217 evenerunt,
2598 4152 2678 4207 ait
2710 4158 2731 4207 :'
2768 4171 2788 4205 ι
2824 4151 3011 4208 Gaude
3038 4150 3215 4219 valde,
3258 4152 3313 4206 til
3336 4170 3364 4205 n

1793 4244 1923 4302 Sion
1953 4261 1970 4312 _:
1994 4246 2274 4311 annuntia,
2309 4244 2417 4300 lilia
2445 4244 2741 4301 Jerusalem
2770 4260 2784 4299 :
2819 4259 2946 4301 ecce
2976 4243 3090 4300 Rex
3119 4254 3245 4300 tuus
3270 4259 3365 4299 ve-

1792 4338 1872 4394 nit
1905 4338 2000 4394 tibi
2018 4338 2222 4408 justus,
2240 4347 2297 4394 et
2317 4353 2541 4394 servans
2571 4338 2705 4405 ipse,
2729 4345 3061 4403 mansuetus,
3091 4345 3150 4392 et
3177 4353 3367 4392 ascen-

1790 4429 1929 4486 dens
1960 4445 2125 4500 super
2154 4430 2466 4501 subiugum,
2496 4439 2552 4485 et
2580 4430 2789 4500 pullum
2824 4444 3022 4485 novum
3042 4430 3086 4463 "
3112 4429 3138 4485 ἲ
3177 4447 3200 4483 ι
3231 4429 3367 4484 Nam

1758 4521 1839 4602 .ai
1866 4521 2153 4592 prophetia
2196 4522 2311 4576 haec
2344 4531 2552 4577 tantum
2589 4521 2837 4590 pra-dicit
2870 4521 2921 4576 id
2943 4521 3088 4592 quod
3128 4536 3366 4592 evangeo

1791 4612 1929 4669 list:
1949 4611 2311 4682 corporaliter
2338 4613 3209 4683 repraesentant,consequentiam
3239 4629 3368 4684 pro-

119 4674 148 4754 6
178 4674 429 4772 βασιλεύς
464 4716 558 4753 σου
591 4674 807 4770 ἔρχεταί
854 4674 938 4751 σοι
978 4674 1214 4762 δίκαιος,
1253 4698 1343 4752 καὶ
1378 4674 1564 4764 σῶζων
1597 4699 1690 4753 αὑ-

1797 4704 1997 4775 ριιοιῦπ
2021 4714 2242 4761 servent
2271 4674 2430 4760 nobis
2463 4704 2658 4763 litterae
2691 4674 3008 4761 insistentes
3035 4706 3116 4761 sic
3162 4674 3372 4761 haben-

122 4794 227 4859 εὼς,
258 4792 459 4864 πραῢς,
493 4793 588 4845 καὶ
622 4788 968 4862 ἐπιὸεὸηκὼς
997 4790 1088 4843 ἐπὶ
1124 4788 1415 4858 ὑποζύγιον
1452 4790 1544 4844 καὶ
1577 4790 1695 4844 πῶ-

120 4886 208 4942 λον
229 4886 384 4951 νέον;
426 4906 445 4938 ι
477 4886 541 4939 Ei
577 4884 687 4956 γὰρ
720 4885 755 4955 ἡ
797 4882 1105 4955 προφητεία
1137 4880 1275 4953 αὕτη
1306 4882 1366 4935 τὺ
1397 4882 1547 4954 παρά
1583 4887 1695 4949 τοῖς

124 4978 529 5050 εὑαγγελισταῖς
576 4977 903 5049 δηλούμενον
946 4976 1257 5047 σωματικὸν
1301 4974 1461 5046 μόνον
1503 4977 1695 5049 προλέ-

125 5090 229 5141 γει,
250 5073 348 5145 τὴν
368 5070 695 5127 ἀκολουθίαν
721 5068 822 5141 τῆς
853 5068 1192 5141 προφητείας
1227 5067 1546 5134 σωζέτωσαν
1565 5070 1695 5140 ἡμῖν

124 5165 172 5217 ei
216 5164 314 5217 ἐπὶ
359 5165 452 5219 τοῦ
507 5162 832 5236 γράμματος
886 5159 1163 5232 ἱστάμενοι
1211 5159 1386 5224 οὑτως
1436 5160 1692 5232 ἔχουσαν⁸

136 5276 155 5309 ι
191 5257 304 5312 Καὶ
343 5256 711 5329 ὲξολοθρεύσει
745 5256 969 5327 ἅρματα
1005 5253 1065 5322 ἐξ
1110 5252 1370 5325 Ἐφραῖμ,
1406 5256 1500 5308 καὶ
1534 5255 1696 5309 ἵππον

132 5348 190 5413 ἐξ
236 5348 613 5421 Ἰερουσαλὴμ,
655 5348 752 5402 καὶ
792 5343 1303 5417 ὲξολοθρευθησεται
1353 5345 1504 5410 τόξον
1540 5345 1699 5400 πολε-

132 5440 311 5509 μικὺν,
341 5442 429 5495 καὶ
453 5439 679 5512 πλῆθος,
720 5440 815 5493 καὶ⁸
846 5439 1035 5510 εἰρήνη
1064 5436 1124 5502 ἐξ
1150 5437 1340 5503 ἐθνῶν,
1373 5436 1466 5490 καὶ
1496 5438 1699 5510 κατάρ-

1060 5577 1102 5610 ⁸¹
1133 5575 1264 5634 ibid.
1292 5577 1344 5632 5.

232 5579 494 5635 “Matth.
554 5595 668 5644 xxt,
721 5580 747 5634 1
802 5593 957 5649 seqq.
1060 5579 1102 5610 ⁸¹
1133 5579 1264 5634 ibid.
1292 5579 1344 5632 5.
1449 5579 1495 5609 ε’
1531 5579 1567 5632 il

232 5653 334 5704 aid.
364 5653 445 5705 10.
518 5652 567 5687 ⁸⁸
599 5650 727 5704 ibid.
766 5650 827 5704 11
860 5666 977 5713 seq.
1056 5643 1102 5677 ⁸⁷
1128 5646 1359 5702 Zachar.
1404 5662 1480 5713 ιι,
1513 5647 1567 5704 9.

131 5652 173 5689 ιι
196 5651 334 5704 ibid.
364 5653 445 5705 to.
518 5652 567 5687 ιο
599 5650 727 5704 ibid.
766 5650 827 5704 lt
860 5666 977 5720 seq.

198 5766 313 5837 (δέ)
347 5765 774 5838 Γετενημένην-

137 5841 269 5907 gius,
291 5838 688 5910 γεγενημένων.

206 5902 318 5979 (65)
356 5902 802 5974 Kui'ézéonxar.
839 5905 932 5961 Sic
963 5904 1135 5961 codex
1178 5902 1535 5971 Bodleianus;
1590 5902 1698 5959 Re-

834 5764 911 5819 Ita
964 5763 1138 5820 codex
1185 5763 1540 5830 Bodleianns;
1594 5762 1701 5821 Re-

1802 4803 1909 4852 tem
1944 4811 1960 4849 :
1995 4813 2015 4849 t
2046 4795 2112 4851 Et
2138 4796 2420 4852 exscindet
2473 4812 2671 4853 currus
2719 4796 2883 4867 188
2912 4810 2978 4852 ex
3008 4797 3285 4866 Ephraim,
3314 4806 3370 4851 et

1799 4900 1998 4955 equum
2029 4901 2097 4944 ex
2122 4886 2444 4957 Jerusalem,
2470 4898 2526 4945 et
2550 4891 2900 4947 exscindetur
2928 4904 3087 4944 arcus
3115 4888 3368 4953 bellicus,

1802 4988 1859 5033 et
1888 4978 2195 5046 multitudo,
2227 4989 2281 5037 et
2299 4998 2401 5053 pax
2424 4998 2493 5038 ex
2519 4983 2792 5053 gentibus,
2813 4990 2869 5037 et
2896 4980 3182 5050 imperabit
3211 4981 3371 5051 aquis

1802 5085 1972 5143 usque
2001 5072 2067 5126 ad
2100 5088 2271 5139 mare,
2291 5087 2348 5130 et
2373 5073 2550 5129 ﬂuviis
2583 5087 2757 5142 usque
2778 5071 2846 5126 ad
2874 5070 3055 5127 exitus
3086 5080 3244 5128 terra:
3264 5071 3364 5138 “,9

1801 5172 1860 5220 et
1905 5179 2027 5235 qua
2053 5177 2374 5237 sequuntur.
2411 5166 2700 5222 Sciendum
2738 5175 2823 5220 est
2864 5165 3034 5220 etiam
3059 5162 3372 5221 Matthaeum

1804 5271 1910 5312 non
1932 5258 2226 5327 protulisse
2255 5269 2459 5313 textum
2483 5267 2641 5328 prout
2660 5256 2807 5326 jacet
2839 5257 2979 5327 apud
3010 5258 3370 5328 prophetam;

1803 5363 1904 5419 pro
1936 5364 2002 5404 eo
2031 5364 2263 5419 namque
2295 5350 2437 5418 quod
2469 5359 2622 5404 erat:
2661 5366 2681 5401 ι
2728 5348 2950 5406 Exsulta
2996 5350 3373 5416 vehementer,

1807 5440 1915 5494 lilia
1960 5440 2125 5506 Sion;
2159 5441 2458 5508 annuntia,
2503 5441 2612 5497 lilia
2666 5441 2997 5509 Jerusalem,
3038 5459 3059 5495 ι
3105 5441 3372 5511 scripsit:

1449 5575 1688 5703 :ghids.
1707 5573 1985 5703 ?b;idZa::3:
2038 5590 2115 5642 tx,
2171 5575 2226 5632 9.
2303 5573 2348 5609 "
2374 5573 2566 5637 Matth.
2625 5590 2744 5647 ut,
2786 5576 2821 5630 6
2868 5591 2986 5649 seq.
3061 5574 3267 5632 “ibid-
3320 5574 3374 5631 9-

1808 5765 1930 5836 gins
1958 5765 2156 5820 omittit
2183 5765 2296 5836 καί.

1802 5832 2406 5975 ἑέξένξίατεπεῖγον.
2437 5835 2517 5895 Ita
2549 5835 2720 5894 codex
2756 5834 3113 5901 Bodleianus;
3153 5832 3375 5948 Regius,
