3866 6520
474 429 579 488 355

1971 438 2294 496 ORIGENIS

3640 448 3740 502 536

480 571 502 606 ι
532 551 709 610 Dicite
741 554 868 612 tilite
915 554 1092 625 Sion;
1143 576 1165 612 ι
1201 561 1534 620 abbrevians
1573 562 1895 636 illud,un
1932 578 2059 633 pro-

2179 564 2247 629 Ξει
2281 562 2488 617 ύδάτων
2527 561 2636 626 ’ἐως
2662 561 2968 635 θαλάσσης,
2995 563 3091 617 καί
3117 562 3378 635 ποταμῶν
3409 563 3479 617 δι’
3518 563 3742 632 ἐκϐολάς

479 645 643 716 pheta
682 646 914 715 dixerat,
953 651 1122 705 tacuit
1173 670 1194 704 ι
1221 650 1435 721 justus,
1468 665 1525 709 et
1573 670 1798 711 servans
1845 656 1992 725 ipse,
2035 673 2055 706 ι

478 746 536 793 et
571 739 752 807 dixit,
809 749 870 795 ut
915 743 1147 811 positum
1199 754 1313 812 est,
1345 764 1365 798 t
1407 758 1740 811 mansuetus,
1781 756 1836 802 et
1866 761 2061 801 ascen-

481 830 650 894 dens;
677 851 699 885 ι
737 842 792 888 et
822 848 920 902 pro
956 849 1024 890 eo
1055 838 1201 905 quod
1226 848 1364 902 erat,
1401 857 1420 891 ι
1458 855 1622 908 super
1660 840 1978 910 subiugum,
2009 850 2065 894 et

483 918 690 995 pullum
739 940 962 993 novum,
998 946 1019 979 ι
1051 929 1274 998 scripsit
1300 945 1318 983 :
1348 948 1369 982 ι
1401 946 1566 999 super
1588 933 1795 986 asinam
1819 974 1834 995 ,
1861 943 1917 987 et
1946 933 2064 1002 pul-

485 1015 597 1071 lum
633 1015 804 1073 ﬁlium
835 1018 1100 1089 subjugis.
1125 1041 1144 1073 »
1180 1019 1320 1087 Quin
1336 1019 1507 1076 Judmi
1532 1038 1748 1094 quoque
1769 1027 2064 1096 prophetia

483 1108 681 1163 seriem
705 1125 829 1163 cum
854 1110 941 1165 his
963 1126 1087 1179 qua:
1107 1114 1176 1166 de
1204 1111 1331 1168 Jesu
1360 1113 1564 1183 scripta
1596 1125 1744 1182 sunt,
1774 1117 2063 1173 conferen-

486 1206 590 1264 tes,
623 1214 733 1254 non
779 1200 1080 1271 vulgariter
1125 1217 1226 1258 nos
1268 1214 1485 1274 urgent,
1514 1216 1764 1275 petentes
1792 1209 2066 1277 quomodo

483 1288 642 1344 Jesus
684 1291 977 1346 exscidcrit
1018 1308 1220 1351 currus
1260 1311 1327 1351 ex
1378 1296 1635 1366 Ephraim
1676 1310 1733 1354 et
1762 1314 1961 1369 equum
1998 1316 2065 1354 ex

482 1378 811 1448 Jerusalem,
843 1385 1248 1456 exscideritque
1281 1403 1469 1444 arcum
1505 1390 1848 1455 bellicosum,
1890 1406 1956 1447 ac
1986 1391 2067 1447 fe-

483 1474 619 1528 cerit
642 1489 765 1545 quae
794 1488 1120 1547 sequuntur.
1157 1479 1265 1534 Sed
1294 1480 1565 1537 hactenus
1590 1482 1806 1551 quidem
1849 1484 1916 1539 de
1943 1499 2067 1554 pro-

485 1566 692 1637 phetia.
731 1568 887 1636 Quod
916 1571 961 1626 si
989 1570 1382 1643 longitudinem
1416 1574 1518 1628 via:
1543 1576 1901 1644 praetenderit,
1931 1577 2066 1633 nihil

487 1659 709 1728 dignum
728 1662 1068 1720 invenientes
1088 1665 1389 1720 oeconomia
1409 1664 1534 1721 Filii
1557 1666 1648 1722 Dei
1668 1666 1720 1722 in
1738 1683 1990 1724 sermone
2001 1674 2068 1725 de

485 1753 641 1807 asina
661 1763 717 1809 et
738 1754 881 1824 pullo
898 1772 914 1822 ;
930 1758 1164 1826 primum
1186 1759 1427 1829 quidem,
1443 1761 1536 1831 qui
1551 1761 1860 1831 quindecim
1875 1761 2069 1817 stadiis

488 1855 714 1901 utuntur
728 1848 1119 1904 exsistentibus
1138 1865 1302 1919 parva
1326 1853 1616 1921 distantia,
1641 1869 1746 1907 non
1775 1853 2064 1909 admodum

2165 657 2290 727 γῆς,
2344 676 2362 707 ι
2409 657 2505 709 καὶ
2532 656 2604 709 τά
2644 656 2791 728 ἐξῆς.
2842 657 3044 710 ’ἰστέον
3091 658 3362 729 μέντοιγε,
3418 658 3502 711 ὅτι
3536 659 3635 729 οὐχ
3670 659 3744 724 ὡς

2164 750 2343 801 κεῖται
2377 747 2530 819 παρά
2573 746 2653 819 τῷ
2696 750 3013 822 προφήτῃή
3058 749 3219 816 λέξις,
3263 748 3480 816 ἐξέθετο
3507 750 3677 821 αὐτὴν
3713 753 3740 803 ό

2163 839 2474 903 Ματθαῑοςο
2503 840 2624 893 ἀντὶ
2661 840 2770 912 γάρ
2803 840 2900 894 τοῦ
2921 858 2937 872 ο
2985 860 3005 892 t
3040 842 3212 913 Χαῖρε
3246 842 3474 913 σφόδρα,
3509 841 3741 914 θύγατερ

2163 929 2335 983 Σιών*
2403 934 2686 1003 κήρυσσε,
2757 932 2998 1004 θύγατερ
3086 934 3477 1005 Ἰερουσαλὴμ,
3550 952 3571 986 ι
3649 952 3742 987 πε-

2165 1022 2392 1093 ποίηκεν
2411 1040 2424 1054 ·
2468 1043 2487 1074 ι
2524 1025 2729 1078 Εἴπατε
2755 1028 2822 1096 τῇ
2846 1025 3079 1097 θυγατρὶ
3104 1026 3273 1078 Σιώνο
3304 1045 3323 1077 ι
3352 1027 3743 1097 ἐπιτεμόμενος

2163 1114 2227 1167 τὸ
2253 1116 2588 1186 προφητικὸν
2634 1117 3051 1188 παρεσιὼπησε,
3088 1135 3106 1168 t
3153 1119 3396 1183 δίκαιος,
3430 1118 3524 1171 καὶ
3560 1117 3742 1183 σώζων

2163 1206 2349 1270 αὑτός·
2382 1224 2403 1258 ι
2441 1207 2537 1260 καὶ
2557 1208 2746 1274 εἰπὼν,
2773 1209 2849 1271 ὡς
2864 1212 3067 1270 κεῖται,
3098 1209 3159 1261 τό
3181 1225 3197 1240 ⁸
3231 1227 3250 1260 t
3283 1209 3486 1281 πραῢς,
3509 1209 3604 1261 καὶ
3623 1209 3740 1260 ἐπι-

2165 1297 2448 1369 ϐεϐηκῶςο
2500 1317 2520 1350 t
2555 1300 2675 1352 ἀντὶ
2723 1299 2841 1361 τοῦ,
2884 1318 2903 1351 t
2957 1300 3051 1352 ἐπὶ
3083 1300 3398 1368 ὑποζύγιον,
3432 1302 3527 1354 καὶ
3568 1299 3742 1353 πῶλον

2131 1428 2137 1435 -
2165 1391 2304 1455 νέον,
2332 1411 2351 1443 ι
2371 1390 2675 1464 ἀνέγραψεν
2693 1408 2708 1422 ο
2750 1409 2769 1442 t
2810 1392 2903 1444 ἐπὶ
2932 1392 3053 1445 ὄνον
3080 1394 3175 1445 καὶ
3200 1392 3381 1446 πῶλον
3406 1394 3522 1446 υἱὸν
3550 1392 3742 1456 ὑποζυ-

2166 1486 2308 1554 γίου.
2362 1505 2382 1538 ι
2432 1487 2541 1539 Καὶ
2585 1485 2828 1539 Ἰουδαῖοι
2878 1485 2970 1550 δὲ,
3014 1486 3462 1553 συνεξετάζοντες
3514 1486 3607 1539 τὸν
3649 1485 3742 1555 τῆς

2170 1578 2506 1649 προφητείας
2538 1578 2729 1650 εἱρμὸν
2761 1580 2876 1641 τοίς
2919 1579 3049 1649 περὶ
3100 1578 3276 1649 Ἰησοῦ
3318 1580 3742 1648 ἀναγεγραμμὲ-
3822 1574 3823 1579 “

2168 1685 2280 1732 νοις
2351 1669 2497 1740 (65),
2552 1668 2654 1721 οὐκ
2720 1670 3211 1739 εύκαταφρονήτυκ
3271 1670 3424 1740 ἡμᾶς
3481 1667 3744 1721 ϐλίϐουσιν

2168 1759 2528 1824 ἀπαιτοῦντες
2561 1760 2677 1824 πῶς
2707 1762 2738 1813 ό
2775 1760 2986 1830 Ἰησοῦς
3013 1760 3408 1831 ἐξωλόθρευσεν
3442 1760 3663 1831 ἅρματα
3688 1757 3748 1822 ἐξ

2183 1850 2442 1923 Ἐφραῒμ,
2464 1852 2559 1905 καὶ
2577 1852 2744 1904 ἵππον
2771 1852 2832 1916 ἐξ
2866 1852 3030 1921 Ἰερου
3041 1850 3242 1923 σαλὴμ,
3264 1852 3360 1905 καὶ
3385 1850 3746 1921 ἐξωλόθρευσε

487 1950 915 1996 consentaneam
978 1941 1350 1998 defensionem
1404 1946 1505 2001 vim
1560 1945 1789 2002 aﬂerent
1823 1963 1838 2012 ;
1872 1948 2069 2003 deinde

2179 1921 2320 2008 τόξον
2350 1921 2662 2014 πολεμικὸν,
2700 1945 2794 1997 καὶ
2830 1944 2899 1996 τά
2935 1942 3065 2013 ἐξῆς
3101 1921 3393 2014 πεποίηκε.
3436 1943 3545 1995 Καὶ
3579 1939 3745 1995 ταῦτα

485 2044 618 2085 vero
668 2046 891 2087 causam
938 2032 1096 2087 nobis
1141 2032 1325 2088 dicant
1371 2038 1642 2105 quomodo
1675 2037 1743 2091 ad
1770 2037 1915 2090 viam
1959 2046 2065 2090 tam

487 2123 707 2178 brevem
734 2123 949 2180 duobus
975 2123 1239 2194 jutnentis
1278 2142 1415 2197 opus
1454 2128 1657 2183 habeat
1686 2145 1703 2184 :
1741 2145 1763 2180 ι
1803 2126 2008 2184 Insedit
2042 2148 2062 2181 ι

487 2217 655 2283 enim,
691 2217 889 2285 inquit,
933 2236 953 2270 ι
989 2218 1116 2273 illis.
1156 2236 1177 2270 ι
1209 2217 1479 2275 Praeterea
1526 2220 1655 2274 illud
1698 2222 1867 2276 etiam
1903 2238 1919 2275 :
1949 2241 1969 2274 t
2008 2222 2068 2277 Si

487 2308 613 2377 quis
645 2308 798 2364 vobis
824 2309 1025 2379 aliquid
1048 2311 1269 2377 dixerit,
1298 2312 1463 2367 dicite
1491 2314 1634 2383 quod
1684 2313 1946 2370 Dominus
1984 2315 2070 2370 his

489 2413 629 2469 opus
652 2400 834 2466 habet,
874 2402 1171 2472 statimque
1210 2403 1443 2458 dimittet
1473 2419 1600 2469 eos,
1641 2422 1661 2457 ι
1689 2420 1796 2460 non
1833 2407 2072 2461 arbitror

489 2492 711 2562 dignum
742 2505 865 2547 esse
903 2493 1287 2563 magnitudinis
1309 2495 1526 2551 deitatis
1548 2496 1694 2563 Filii,
1728 2504 1786 2551 ut
1826 2497 2072 2552 dicamus

492 2584 585 2639 tali
615 2594 825 2640 natura:
857 2585 1136 2640 fatendum
1164 2600 1286 2641 esse
1319 2588 1424 2643 sibi
1467 2604 1605 2659 opus
1631 2604 1756 2645 esse
1782 2590 1936 2645 asina
1978 2603 2070 2644 so-

489 2675 602 2733 luta
628 2693 660 2732 a
691 2678 922 2733 vinculis
948 2687 1006 2733 et
1041 2677 1190 2748 pullo
1230 2695 1354 2733 cum
1377 2696 1439 2734 ea
1494 2681 1767 2737 veniente.
1822 2682 2073 2751 Magnum

489 2770 636 2826 enim
660 2785 824 2826 omne
853 2772 925 2825 sit
954 2782 1169 2841 oportet
1191 2772 1523 2843 dignumque
1545 2774 1786 2829 bonitate
1813 2773 1953 2844 ejus,
1966 2788 2074 2844 quo

490 2862 660 2921 Filius
686 2865 775 2920 Dei
801 2879 936 2935 opus
966 2866 1186 2923 haheat.
1230 2868 1312 2920 Ad
1352 2868 1468 2922 haec
1493 2883 1624 2923 vero
1653 2869 1885 2937 plurima
1914 2869 2073 2924 turba

491 2959 815 3014 vestimenta
837 2972 933 3013 sua
969 2967 1221 3014 sternens
1249 2960 1306 3015 in
1336 2959 1421 3014 via
1453 2959 1747 3033 (tolerante
1772 2963 1891 3017 hare
1921 2960 2073 3028 Jesu,

492 3061 553 3108 et
585 3066 692 3107 non
740 3052 1083 3122 increpante,
1122 3062 1183 3107 ut
1228 3054 1575 3124 perSpicuum
1604 3064 1687 3109 est
1720 3072 1787 3110 ex
1837 3056 1922 3110 bis
1957 3070 2077 3124 qua:

492 3140 585 3195 alii
629 3150 877 3205 narrant,
925 3140 1227 3197 nimirum:
1267 3161 1286 3193 ι
1317 3141 1374 3197 Si
1415 3143 1469 3197 bi
1518 3145 1810 3212 tacuerint,
1869 3145 2076 3214 lapides

2171 2036 2269 2107 μὲν
2299 2037 2426 2108 περὶ
2454 2036 2554 2106 τῆς
2577 2034 2912 2108 προφητείας
2931 2052 2945 2066 ⁸
2988 2035 3084 2089 ἐὰν
3117 2035 3175 2087 δὲ
3202 2035 3264 2087 τὸ
3295 2035 3470 2105 μῆκος
3492 2033 3594 2102 τῆς
3626 2031 3746 2085 ὁδοῦ

2166 2127 2541 2190 αίτιάσωνται,
2584 2127 2747 2199 μηδὲν
2775 2127 2924 2192 ἀξιον
2946 2128 3045 2197 τῆς
3080 2126 3173 2179 τοῦ
3212 2124 3344 2178 Υἱοῦ
3381 2124 3476 2177 τοῦ
3508 2122 3644 2177 Θεοῦ
3671 2123 3749 2175 οἱ-

2167 2220 2427 2291 κονομίας
2480 2221 2827 2291 εὑρίσκοντες
2881 2221 2963 2283 είς
3001 2220 3092 2272 τὸν
3151 2219 3281 2289 περὶ
3328 2218 3432 2289 τῆς
3481 2217 3603 2270 ϐνου
3655 2216 3751 2268 καὶ

2169 2313 2350 2368 πώλου
2387 2312 2565 2380 λόγον,
2606 2311 2821 2384 πρῶτον
2851 2313 2948 2382 μὲν
2978 2314 3027 2365 oi
3058 2312 3121 2364 ιε’
3145 2311 3376 2370 σταδίοις
3415 2310 3605 2382 βραχεῖ
3637 2309 3753 2361 δια-

2172 2409 2410 2479 στήματι
2449 2402 2568 2460 οῦσι
2614 2404 3027 2477 προσχρώμενοι
3074 2404 3136 2457 ού
3181 2405 3322 2458 πάνυ
3364 2421 3417 2456 τι
3458 2400 3751 2467 ἀπολογίαν

2171 2501 2391 2570 εὔλογον
2436 2499 2688 2571 κομιοῦσι
2734 2499 2833 2568 τῆς
2883 2496 3042 2550 ὁδοῦ*
3088 2496 3344 2567 δεύτερον
3385 2495 3443 2547 δὲ
3501 2492 3615 2554 πῶς
3658 2490 3755 2543 δύο

2172 2589 2384 2661 κτηνῶν
2406 2591 2493 2652 ,είς
2517 2588 2615 2658 τὴν
2637 2586 2779 2640 οὕτω
2804 2586 3064 2658 βραχεῖαν
3086 2586 3254 2638 δεῖται
3279 2584 3418 2646 ὁδὸν,
3445 2584 3756 2651 λεγέτωσαν

2171 2685 2324 2753 ἡμῖν·
2367 2700 2387 2733 t
2437 2679 2760 2734 Ἐπεκάθισε
2800 2701 2819 2730 ι
2846 2679 2976 2749 γάρ,
3000 2678 3185 2747 φησὶν,
3222 2696 3240 2727 t
3278 2676 3466 2729 ἐπάνω
3494 2673 3694 2728 αὐτῶν.
3729 2693 3750 2725 ι

2176 2772 2299 2827 Ἔτι
2323 2772 2381 2827 δὲ
2408 2773 2504 2826 καὶ⁸
2524 2772 2614 2824 τό·
2662 2789 2682 2823 t
2722 2771 2851 2825 Ἐάν
2873 2787 2956 2834 τις
2988 2770 3118 2839 ὑμῖν
3142 2768 3274 2841 εἴπῃ
3294 2768 3411 2837 (66)
3438 2783 3512 2831 τι,
3554 2767 3753 2836 ἐρεῖτε,

2172 2866 2259 2919 ὅτι
2293 2866 2324 2917 ὁ
2350 2867 2555 2938 Κύριος
2585 2862 2764 2917 αὐτῶν
2802 2863 2993 2935 χρείαν
3016 2862 3148 2932 ἔχει,
3173 2859 3336 2923 εὐθὺς
3366 2856 3426 2912 δέ
3468 2857 3756 2911 ἀποστελεῖ

2176 2960 2393 3023 αὐτοὺς,
2419 2977 2438 3011 t
2466 2959 2567 3012 οὐκ
2585 2953 2738 3029 οἶμαι
2766 2957 2913 3024 ἄξιον
2930 2951 3071 3009 εἶναι
3097 2954 3190 3008 τοῦ
3225 2951 3488 3025 μεγέθους
3516 2950 3627 3022 (67)
3654 2951 3758 3022 τῆς

2174 3052 2269 3106 τοῦ
2301 3049 2429 3104 Υἱοῦ
2458 3050 2752 3120 Θειότητος,
2779 3047 2922 3101 ὥστε
2959 3049 3132 3100 είπεῖν
3166 3044 3264 3115 τὴν
3294 3041 3627 3115 τηλικαύτην
3653 3040 3759 3109 φύ-

2177 3164 2263 3201 σιν
2295 3146 2482 3219 χρείαν
2512 3143 2792 3216 ὁμολογεῖν
2823 3143 2967 3212 ἐχειν
2999 3141 3122 3194 ὄνου
3167 3138 3275 3192 ἀπὸ
3315 3135 3528 3207 δεσμῶν
3557 3132 3757 3203 λυομέ-

493 3232 809 3289 clamabunt
823 3232 952 3303 ⁸⁸)),
977 3232 1121 3287 haud
1157 3234 1271 3289 scio
1289 3251 1357 3288 an
1385 3249 1489 3288 non
1514 3235 1801 3289 ostendant
1824 3236 2073 3290 stolidam

2179 3254 2301 3308 γης,
2341 3237 2433 3291 καὶ
2462 3234 2641 3289 πώλου
2674 3233 2772 3287 σὺν
2806 3232 2943 3302 αὐτῇ
2986 3229 3314 3303 ἐρχομένου·
3362 3226 3442 3280 δεῖ
3473 3223 3580 3330 γὰρ
3616 3222 3761 3330 μέγα

494 3338 717 3382 causam
750 3324 945 3393 ipsius,
970 3324 1016 3378 si
1066 3324 1201 3379 nihil
1231 3323 1377 3378 aliud
1402 3339 1470 3378 ex
1507 3325 1594 3379 his
1621 3325 1953 3393 declaratur,
1981 3329 2074 3397 qui

2179 3328 2318 3385 εἶναι
2354 3332 2482 3395 πᾶν,
2516 3322 2578 3382 οῦ
2602 3326 2792 3399 χρείαν
2815 3325 2930 3396 ἔχει
2961 3326 2991 3376 ὁ
3019 3324 3145 3386 Tib;
3176 3320 3272 3374 τοῦ
3305 3319 3464 3384 Θεοῦ,
3487 3317 3582 3372 καὶ
3609 3313 3759 3379 ἀξιον

494 3415 569 3472 ob
596 3416 714 3471 haec
766 3415 998 3469 letatur.
1032 3413 1151 3469 Jam
1191 3430 1374 3471 ramos
1417 3417 1486 3472 ab
1543 3417 1829 3472 arboribus
1862 3419 2074 3475 excisos

2179 3424 2277 3495 τῆς
2301 3421 2668 3493 χρηστότητος
2689 3416 2875 3471 αὑτοῦ.
2900 3416 3044 3488 Πρὸς
3075 3414 3133 3468 δὲ
3160 3412 3369 3468 τούτοις
3388 3412 3418 3464 ὁ
3442 3406 3761 3480 στρωννύων

498 3507 555 3564 in
613 3506 698 3558 via
754 3505 927 3560 sterni
959 3505 1130 3560 asinis
1180 3507 1711 3575 pertranseuntibus,
1754 3518 1809 3563 et
1850 3510 2074 3580 impedi-

500 3610 684 3654 menta
718 3600 998 3669 anteponi,
1035 3598 1230 3669 injuria
1267 3600 1446 3669 potius
1472 3600 1757 3658 afﬁcientis
1786 3618 1949 3672 quam
1979 3618 2081 3659 ex-

500 3690 738 3760 c0gitata
788 3690 906 3746 laus
952 3689 1123 3746 videri
1175 3701 1373 3757 potest.
1414 3691 1684 3747 Caterutn
1729 3694 1814 3748 his
1858 3695 2078 3759 similia,

501 3782 570 3837 de
616 3782 815 3851 quibus
844 3780 1210 3837 dubitavimus
1234 3796 1424 3836 eorum
1449 3796 1636 3847 causa,
1668 3783 1761 3853 qui
1804 3798 1837 3838 e
1882 3783 2083 3855 templo

500 3873 659 3942 eiecti
697 3873 849 3928 fuere
876 3874 945 3929 ab
971 3873 1109 3944 ipso,
1133 3886 1298 3945 atque
1323 3875 1488 3930 etiam
1517 3875 1721 3942 majora
1751 3877 1853 3931 hoc
1878 3878 1931 3931 in
1962 3879 2083 3933 loco

502 3967 728 4021 dicenda
782 3975 927 4021 sunt.
965 3965 1022 4018 In
1072 3963 1364 4035 Evangelia
1402 3964 1546 4019 enim
1580 3965 1745 4036 189
1778 3965 2004 4023 Joannis
2035 3969 2082 4003 ⁸⁸

502 4068 748 4113 ementes
778 4056 947 4127 ejicit,
977 4056 1193 4113 dicente
1213 4056 1469 4112 Μαιώωο
1490 4056 1560 4124 ’³,
1592 4074 1784 4114 omnes
1814 4074 1941 4114 eum
1974 4060 2087 4130 eje-

504 4150 646 4207 cisse
673 4161 788 4206 tum
819 4150 1136 4217 vendentes,
1162 4158 1271 4204 tum
1298 4157 1542 4205 ementes
1565 4150 1621 4205 in
1658 4150 1880 4220 templo.
1899 4150 2086 4220 Longe

2180 3513 2345 3567 αὑτοῦ
2382 3510 2452 3563 τά
2509 3509 2699 3581 ἱμάτια
2738 3506 2985 3568 πλεῖστος
3013 3504 3168 3575 ὄχλος
3208 3504 3264 3555 ἐν
3316 3502 3383 3572 τῇ
3423 3497 3525 3569 ὁδῷ
3551 3496 3764 3567 (ἀνεχοο

2184 3604 2344 3676 μένου
2378 3600 2582 3655 τούτων
2619 3598 2715 3653 τοῦ
2761 3597 2961 3668 Ἰησοῦ,
2995 3598 3089 3649 κα)⁵
3137 3595 3212 3665 μὴ
3254 3585 3760 3676 ἐπιτιμῶντος-ὡς

2180 3670 2340 3765 δῆλον
2387 3695 2452 3746 ἐκ
2480 3691 2590 3745 τῶν
2626 3690 2755 3760 παρ’
2800 3687 2980 3750 ἀλλοις
3010 3685 3312 3755 κειμένων
3363 3700 3382 3733 t
3448 3680 3571 3733 Ἐὰν
3610 3670 3759 3731 οὗτοι

2185 3785 2553 3854 σιωπήσωσιν,
2587 3782 2636 3833 οἱ
2667 3778 2803 3831 λίθοι
2829 3778 3121 3850 κράξουσιν
3152 3795 3171 3826 ι
3214 3769 3334 3841 [68]
3354 3773 3396 3842 ),
3424 3772 3523 3824 οὐκ
3557 3766 3677 3821 οἶδα
3710 3767 3761 3818 εἱ

2188 3874 2264 3948 μὴ
2296 3872 2552 3945 βλακείαν
2591 3869 2712 3924 τινὰ
2737 3868 3058 3939 ἐμφαίνουσι
3089 3864 3182 3918 τοῦ
3211 3862 3305 3915 ἐπὶ
3333 3864 3444 3924 τοῖς
3464 3857 3760 3923 τοιούτοις,

2184 3970 2235 4021 εἰ
2275 3966 2441 4038 μηδὲν
2472 3964 2600 4020 ἀλλο
2638 3964 2733 4016 ἀπ’
2774 3961 2953 4015 αὐτῶν
2995 3956 3271 4029 δηλοῦται,
3310 3950 3759 4025 εύφραινομένου.

2185 4060 2298 4113 Καὶ
2330 4056 2701 4128 κοπτομένους
2742 4053 2970 4115 κλάδους
3010 4050 3118 4105 ἀπὸ
3144 4047 3251 4103 τῶν
3280 4045 3512 4117 δένδρων
3548 4040 3761 4113 στρώνο

2185 4151 2378 4207 νυσΘαι
2411 4153 2467 4204 ἐν
2497 4153 2564 4221 τῇ
2595 4147 2699 4219 ὁδῴ
2730 4146 2868 4201 ὄνων
2892 4142 3255 4216 διερχομένων
3284 4139 3519 4211 ἐμπόδια
3559 4134 3761 4206 μᾶλλον

509 4250 692 4297 autem
747 4240 947 4311 major,
992 4247 1054 4294 ut
1096 4239 1378 4311 probabile
1433 4250 1540 4307 est,
1589 4242 1884 4296 ementium
1916 4256 2074 4310 quam

2185 4241 2333 4306 δόξαι
2363 4232 2430 4295 ἂν
2478 4236 2618 4292 εἶναι
2670 4236 2766 4290 τοῦ
2824 4234 3152 4306 όχλουμένου
3201 4232 3348 4303 ἢπερ
3403 4226 3759 4297 λελογισμένη

507 4332 856 4389 vendentium
900 4341 1022 4387 erat
1057 4346 1337 4387 numerus.
1375 4331 1638 4388 Notemus
1661 4332 1852 4398 etiam,
1878 4348 1947 4388 an
1977 4349 2074 4389 non

2186 4332 2447 4402 ἀποδοχή.
2482 4332 2622 4382 ὐσα
2665 4328 2723 4382 δὲ
2768 4326 3203 4397 ἐπηπορήσαμεν
3241 4325 3307 4375 ἐκ
3341 4320 3450 4375 τῶν
3481 4319 3575 4372 τοῦ
3615 4316 3761 4389 ἱεροῦ

506 4439 673 4496 supra
701 4423 1016 4495 dignitatem
1040 4421 1167 4480 Jesu
1198 4425 1444 4495 erat,qui
1474 4423 1765 4495 putabatur
1798 4424 1940 4482 illius
1967 4439 2074 4482 esse

2188 4428 2279 4480 ὑπ’
2330 4423 2495 4478 αὑτοῦ
2541 4421 2977 4492 ἐκϐαλλομένων,
3021 4417 3194 4471 ταῦτα
3237 4417 3333 4470 καὶ
3375 4415 3456 4467 ἐτι
3490 4412 3597 4484 (69)
3641 4410 3760 4482 μεί-

509 4516 655 4573 fabri
704 4517 782 4583 ",
820 4531 1009 4572 omnes
1050 4516 1252 4585 ejicere
1288 4518 1587 4571 vendentes
1635 4526 1692 4571 et
1738 4526 1983 4573 ementes
2031 4518 2074 4571 iu

2189 4518 2318 4583 ζονα
2342 4516 2531 4570 ἐνθάδε
2556 4513 2795 4567 λεκτέον.
2839 4513 2928 4565 Ἐν
2957 4511 3053 4583 μὲν
3080 4509 3190 4580 γάρ
3219 4507 3297 4579 τῷ
3325 4506 3467 4561 κατά
3509 4504 3759 4573 Ἰωάννην

511 4609 733 4680 templo,
767 4609 869 4665 nisi
912 4607 1072 4675 forte,
1108 4618 1168 4665 ut
1194 4610 1359 4667 etiam
1404 4609 1515 4664 illic
1551 4608 1808 4673 diximus,
1846 4609 2074 4679 potentia

2191 4608 2443 4663 ἐκϐάλλει
2480 4609 2608 4669 τοὺς
2657 4605 3060 4677 ἀγοράζοντας·
3119 4602 3149 4654 ὁ
3185 4599 3243 4654 δὲ
3280 4598 3556 4660 Ματθαῖός
3600 4610 3764 4666 φησιν

511 4702 777 4758 diviniore
804 4702 1016 4770 subegit
1064 4716 1256 4757 omnes
1283 4702 1378 4772 qui
1426 4701 1716 4757 acerbiora
1763 4701 1906 4771 apud
1948 4701 2086 4758 alios

510 4793 871 4865 evangelistas
919 4807 1082 4863 quam
1135 4793 1278 4862 apud
1322 4790 1587 4848 Joannem
1643 4792 1890 4848 audiunt.
1948 4788 2084 4845 Nam

511 4895 770 4942 narrante
796 4886 1006 4942 Joanne
1036 4887 1082 4919 ”
1106 4886 1213 4942 illis
1249 4885 1452 4941 dictum
1487 4886 1655 4942 fuisse
1682 4901 1713 4939 a
1741 4883 1869 4940 Jesu
1898 4902 1957 4940 ιι
1982 4883 2088 4940 Νο-

510 4979 610 5036 lite
633 4977 811 5034 facere
844 4981 1061 5034 domum
1106 4976 1285 5032 Patris
1321 4978 1448 5042 mei,
1475 4978 1695 5033 domum
1730 4986 2021 5044 mercatus,
2062 4995 2082 5028 ι

512 5074 655 5143 apud
685 5073 820 5127 alios
847 5071 896 5105 ”
928 5072 1324 5141 redarguuntur
1351 5070 1545 5126 fecisse
1576 5071 1793 5125 domum
1817 5072 2088 5140 precatio-

516 5165 604 5219 nis
657 5165 966 5235 speluncam
1012 5164 1283 5218 latronum
1314 5203 1331 5230 ,
1363 5172 1671 5232 nequeunte
1707 5163 1868 5218 domo
1909 5163 2088 5221 Patris

517 5256 635 5311 ﬁeri
661 5254 913 5325 spelunca
935 5256 1229 5319 latronum,
1257 5253 1356 5310 sed
1384 5267 1624 5323 eousque
1651 5268 1681 5306 a
1709 5256 2086 5323 peccatoribus

519 5347 772 5413 adducta,
808 5355 868 5400 ut
897 5348 1012 5418 ipsa
1061 5345 1156 5400 (lat
1186 5356 1457 5401 mercatus
1479 5344 1692 5399 donius.
1719 5344 1834 5399 Non
1875 5356 2081 5402 tantum

590 5512 635 5545 "
671 5513 802 5569 Luc.
839 5528 953 5576 xtx,
978 5511 1068 5565 40.
1145 5512 1192 5544 ”
1223 5510 1416 5566 Joann.
1443 5526 1507 5573 tt.
1536 5510 1624 5568 l5.
1697 5511 1742 5542 ’ί
1773 5509 1966 5567 Matth.
2000 5530 2090 5570 ut

517 5584 566 5618 “
588 5581 776 5639 Matth.
831 5598 946 5648 xxt,
978 5582 1077 5649 l5;
1102 5580 1270 5637 Marc.
1305 5596 1381 5647 xt,
1423 5582 1486 5636 t7
1517 5598 1533 5649 ;
1565 5579 1697 5637 Luc.
1723 5597 1836 5649 xtx,
1870 5581 1961 5637 i6.

592 5740 707 5812 (65)
729 5740 909 5796 Codex
943 5738 1291 5812 Bodleianus.
1305 5740 1737 5812 γεγραμμένοις.

589 5810 700 5882 (66)
728 5811 908 5882 Codex
938 5810 1138 5882 Regius
1169 5819 1376 5882 tantum
1411 5810 1570 5882 habet
1602 5811 1753 5882 εζπῃ.

588 5877 704 5951 (67)
731 5879 839 5936 Τοῦ
864 5877 1175 5951 μεγέθους.
1231 5879 1391 5935 Deest
1443 5881 1497 5935 in
1536 5877 1729 5936 codice
1775 5877 2092 5948 Bodleiano,

2186 4705 2268 4758 ὅτι
2298 4700 2518 4768 ἐξέϐαλε
2562 4699 2773 4762 πάντας
2809 4699 2935 4759 τοὺς
2963 4694 3298 4760 πωλοῦντας,
3334 4693 3430 4746 καὶ
3467 4686 3764 4760 ἀγοράζον-

2186 4813 2286 4859 τας
2307 4797 2366 4849 ἐν
2400 4792 2479 4865 τῷ
2504 4792 2653 4865 ἱερῷ.
2682 4789 2869 4859 Πολλῷ
2904 4788 2981 4850 δὲ,
3019 4786 3095 4848 ὡς
3121 4785 3286 4848 εἰκὸς,
3324 4785 3354 4836 ό
3381 4780 3610 4852 ἀριθμὸς
3647 4777 3763 4830 τῶν

2190 4886 2569 4960 ἀγοραζόντων
2609 4883 2809 4937 πλείων
2838 4876 2908 4951 ἢν
2938 4877 3091 4949 παρά
3126 4877 3251 4938 τοὺς
3287 4871 3614 4933 πωλοῦντας.
3648 4869 3765 4921 Καὶ

2190 4985 2575 5055 ἐπιστήσωμεν
2603 4981 2651 5032 εί
2683 4979 2756 5049 μὴ
2783 4977 2844 5031 τὸ
2872 4975 3081 5036 πάντας
3115 4968 3472 5024 ἐκϐάλλεσθαι
3498 4966 3621 5027 τοὺς
3650 4980 3768 5016 πω-

2191 5079 2419 5142 λοῦντας
2444 5078 2539 5131 καὶ
2565 5072 2932 5145 ἀγοράζοντας
2953 5070 3010 5121 ἐν
3034 5066 3112 5139 τῷ
3141 5063 3270 5137 ίερῷ
3294 5060 3446 5135 παρά
3467 5062 3526 5113 τὸ
3548 5058 3767 5127 ἀξίωμα

2190 5168 2287 5224 τοῦ
2324 5166 2681 5239 νομιζομένου
2719 5159 2835 5213 υἱοῦ
2874 5159 3126 5221 τέκτονος
3174 5151 3313 5209 εἶναι
3358 5150 3671 5221 ἐτύγχανεν,
3715 5148 3765 5199 si

2195 5261 2269 5332 μὴ
2309 5259 2438 5333 ἄρα,
2477 5257 2554 5320 ὡς
2583 5255 2745 5308 κάκεῖ
2777 5250 3065 5321 ἐλέγομεν,
3100 5246 3347 5317 θειοτέρα
3385 5244 3607 5313 δυνάμει

2198 5330 2403 5414 πάντας
2449 5348 2759 5401 ὑπέτασσεν
2780 5384 2796 5411 ,
2826 5340 3184 5414 χαλεπίπερα
3210 5340 3334 5393 ὅσον
3376 5337 3469 5389 ἐπὶ
3498 5334 3609 5397 τοῖς
3651 5330 3769 5382 λοι-

2096 5558 2111 5585 ,
2136 5516 2224 5572 ti.
2300 5514 2345 5546 "
2379 5510 2573 5567 Matth.
2600 5524 2723 5572 xttt,
2753 5506 2864 5569 55;
2897 5502 3065 5557 Marc.
3103 5516 3175 5567 vt,
3200 5499 3255 5554 3.
3330 5499 3377 5531 "
3405 5496 3558 5552 Joan.
3590 5508 3650 5562 tt,
3682 5493 3769 5549 16.

2198 5739 2254 5792 in
2278 5749 2386 5803 quo
2417 5749 2538 5789 mox
2572 5732 2769 5803 legitur
2794 5731 2893 5801 τῆς
2913 5726 3008 5782 τοῦ
3042 5726 3198 5803 Υίοῦ-
3209 5725 3302 5779 τοῦ
3326 5725 3458 5780 Θεοῦ
3476 5723 3769 5793 θειότητος.

2273 5797 2383 5879 (66)
2413 5804 2590 5879 _C_0dex
2626 5797 2965 5879 Bodleiaims,
2994 5797 3369 5879 κεκράξονται.
3482 5865 3494 5879 _
3581 5865 3594 5879 .

2272 5860 2383 5949 (69)
2412 5874 2553 5929 ldetu
2576 5873 2770 5940 codex,
2801 5883 2968 5938 recte,
2990 5870 3072 5923 ἐτι
3091 5860 3114 5899 ·’
3139 5860 3358 5939 Regius,
3393 5865 3549 5928 male,
3578 5860 3668 5918 ἐπί
3694 5881 3768 5915 τι.
