3816 6518
120 439 220 495 $57

1221 438 1581 496 COMMENT.
1617 439 1686 497 lN
1725 440 1919 498 JOAN.
1954 441 2194 500 TOMUS
2234 442 2301 499 Χ.

3257 444 3365 501 5¹ἴ8

114 555 229 618 mi;
254 553 677 624 εὐαγγελισταίς
706 555 859 629 παρὰ
894 554 988 610 τὸν
1038 554 1290 626 Ἰωάννην
1327 555 1684 620 ἀκούσαντας.

1792 572 1922 613 vero
1955 559 2145 613 domus
2170 555 2521 628 precationis,
2550 556 2774 612 omnino
2803 555 2985 611 Patris
3025 557 3215 614 domus
3240 575 3361 614 eum

115 646 172 699 Ὀ
203 645 307 717 μὲν
336 647 448 718 γάρ
488 647 739 719 Ἰωάννης
773 647 935 717 φησιν
965 648 1147 710 αὐτοῖς
1174 645 1422 717 εἰρῆσθαι
1462 647 1567 700 ὐπὸ
1597 646 1688 701 τοῦ

117 738 324 809 Ἰησοῦ·
365 759 385 790 ε
419 739 512 812 Μὴ
549 743 750 794 ποιεῖτε
778 740 868 794 τὸν
907 735 1055 793 οἶκον
1083 737 1176 792 τοῦ
1216 738 1429 811 Πατρός
1470 756 1569 811 μου
1612 734 1690 794 οἶ-

106 846 195 883 κον
226 832 502 903 ἐμπορίου
522 848 536 863 ·
585 852 603 883 ι
633 834 682 885 oi
705 832 762 886 δὲ
789 831 964 885 λοιποὶ
1000 830 1261 902 σπήλαιον
1295 830 1508 902 λῃστῶν
1534 830 1688 901 ἐλέγ-

105 939 293 991 χονται
327 924 689 994 πεποιηκότες
719 924 812 977 τὸν
835 919 982 978 οἶκον
1005 922 1107 993 τῆς
1134 923 1460 994 προσευχῆς,
1487 924 1549 976 οὐ
1579 942 1688 995 χω-

1792 650 1885 717 sit,
1910 650 2149 719 neglecta
2183 649 2418 704 latrones
2434 648 2597 703 etiam
2624 649 2906 718 suscipiet,
2933 649 3125 704 domus
3157 650 3364 704 illorum

1796 757 1906 797 non
1960 741 2250 808 exsistens,
2283 741 2375 795 sed
2434 742 2600 796 etiam
2656 741 2913 808 spelunca
2960 739 3245 806 eﬂicietur,
3281 758 3366 795 res

1798 833 2022 887 minime
2057 832 2197 887 facta
2226 847 2255 886 a
2294 832 2566 903 diligentia
2603 833 3024 889 architectonica
3057 841 3113 888 et
3143 834 3366 888 rationis

1795 935 2065 993 compote.

105 1019 329 1090 ροῦντος
374 1019 471 1073 τοῦ
504 1021 652 1073 οἷκου
691 1017 786 1072 τοῦ
818 1019 1054 1091 Πατρὸς,
1095 1016 1234 1076 ὥστε
1276 1018 1527 1086 γενέσθαι
1568 1020 1830 1091 σπήλαιον
1881 1020 2115 1094 λῃστῶν,
2157 1019 2292 1075 ἀλλά
2334 1019 2494 1092 μέχρι
2549 1018 2803 1072 τοσούτου
2861 1019 2967 1072 ὑπὸ
3019 1018 3127 1072 τῶν
3182 1019 3363 1091 ἁμαρ-ν

102 1114 380 1167 τανόντων
441 1110 772 1183 φερομένου,
822 1109 898 1173 ὡς
946 1106 1093 1165 οἷκον
1145 1111 1408 1181 ἐμπορίου
1453 1111 1614 1165 αὐτὸν
1672 1111 1948 1181 γενέσθαι.
2014 1113 2089 1166 Οὐ
2138 1114 2297 1183 μόνον
2347 1113 2403 1166 δὲ
2464 1112 2563 1182 τῆς
2611 1110 2920 1182 προσευχῆς
2963 1111 2992 1162 ὀ
3036 1105 3184 1174 οἶκος
3231 1110 3370 1165 πάν-

101 1226 208 1273 τως
259 1208 379 1279 (70)
426 1203 575 1271 οἶκος
609 1206 706 1260 τοῦ
746 1207 958 1277 Πατρὸς
989 1205 1064 1259 ῶν
1111 1206 1407 1277 ἀμεληθεὶς
1436 1207 1529 1260 καὶ
1582 1207 1785 1281 λῃστὰς
1818 1209 2186 1280 παραδέξηται
2220 1208 2351 1280 (7i),
2392 1208 2453 1261 οὐ
2484 1206 2766 1277 γινόμενος
2806 1204 2984 1259 αὐτῶν
3025 1200 3190 1270 οἶκος,
3232 1202 3370 1260 ἀλλά

105 1303 403 1375 σπήλαιον,
440 1305 671 1375 πρᾶγμα
708 1302 807 1372 οὐχ
840 1302 946 1355 ὑπὸ
979 1302 1421 1374 ἀρχιτεκτονικῆς
1461 1304 1555 1357 καὶ
1599 1304 1820 1376 λογικῆς
1845 1307 2153 1377 ἐντρεχείας
2182 1304 2563 1375 γεγενημένον.

173 1399 265 1455 l8.
305 1400 385 1453 Τδ
428 1399 528 1470 μὲν
553 1395 647 1454 οὖν
682 1398 808 1451 ἰδεῖν
838 1398 914 1462 ὼς
947 1397 1060 1469 ἔχει
1086 1398 1260 1453 ταῦτα
1283 1400 1418 1471 (72),
1444 1402 1535 1453 νοῦ
1568 1400 1693 1472 ἀλη-

104 1491 230 1557 θοῦς
258 1490 358 1545 τοῦ
401 1490 644 1554 δοθέντος
675 1492 790 1552 τοῖς
832 1488 1082 1558 λέγουσιν
1100 1507 1115 1520 ·
1171 1509 1190 1542 ι
1244 1492 1438 1563 Ἡμεῖς
1474 1492 1530 1546 δὲ
1565 1491 1690 1546 νοῦν

105 1582 346 1655 Χριστοῦ
382 1584 599 1656 ἔχομεν,
632 1585 718 1639 ἵνα
750 1586 946 1659 ίδωμεν
981 1584 1050 1639 τὰ
1084 1582 1188 1638 ὑπὸ
1217 1582 1310 1636 τοῦ
1355 1583 1491 1637 Θεοῦ
1534 1602 1689 1656 χαρι-

107 1674 303 1728 σθέντα
349 1678 508 1745 ήμῖν,
540 1695 560 1727 ι
598 1677 779 1747 μεῖζον
813 1680 846 1750 ἢ
878 1677 1000 1732 καθ’
1024 1678 1171 1748 ἡμᾶς
1194 1672 1334 1729 εἶναι
1365 1677 1684 1749 πειθόμεθα.

104 1766 236 1819 Οὐδὲ
278 1766 394 1837 γὰρ
424 1766 692 1822 ἀθόλωτον
724 1771 756 1839 ἡ
767 1769 882 1839 μῶν
923 1771 1039 1823 ἐστι
1077 1769 1137 1822 τὸ
1171 1768 1525 1839 ἡγεμονικὸν,
1562 1771 1687 1825 οὐδὲ

1869 1403 1955 1458 l8.
2005 1403 2182 1473 Atque
2209 1403 2323 1457 haec
2361 1402 2577 1472 quidem
2614 1399 2813 1463 videre,
2855 1399 3127 1471 quomodo
3175 1414 3234 1454 se
3267 1399 3365 1453 ha-

1794 1495 1981 1561 beant,
2021 1505 2200 1551 mente
2246 1504 2409 1565 atque
2436 1492 2791 1565 intelligentia
2835 1508 2962 1548 vera
2995 1495 3115 1547 data
3151 1492 3235 1548 his
3268 1490 3361 1561 qui

1792 1588 1978 1643 dicunt
2015 1607 2028 1643 :
2060 1607 2079 1641 ι
2117 1585 2227 1642 Nos
2256 1597 2437 1641 autem
2463 1594 2695 1640 mentem
2727 1584 2931 1640 Christi
2981 1586 3272 1650 habemus,
3304 1595 3365 1639 nt

1792 1677 2072 1733 videamus
2107 1693 2227 1747 qua!
2271 1693 2301 1731 a
2330 1676 2440 1732 Deo
2487 1677 2682 1731 donata
2730 1685 2856 1730 sunt
2897 1674 3051 1730 nobis
3075 1675 3145 1742 ",
3188 1694 3206 1726 ιι
3239 1689 3363 1730 esse

1791 1771 2064 1826 credimus
2091 1785 2250 1839 supra
2304 1779 2519 1839 captqu
2571 1777 2833 1822 nostrum.
2874 1765 3058 1836 Neque
3103 1767 3248 1821 enim
3296 1780 3360 1821 ea

103 1858 147 1909 οί
178 1857 480 1929 ὀφθαλμοὶ.
519 1860 734 1925 ὁποίους
761 1861 844 1915 δεῖ
876 1858 1015 1917 εἶναι
1054 1865 1179 1928 τοὺς
1211 1864 1309 1935 τῆς
1340 1861 1509 1933 καλῆς
1547 1861 1684 1933 νύμ-

1791 1865 1983 1919 animze
2011 1878 2138 1934 pars
2165 1863 2635 1932 prastantissima,
2666 1861 3026 1930 principatum
3066 1876 3225 1931 qualn
3257 1874 3360 1915 vo-

106 1961 208 2013 φης
236 1945 484 2014 Χριστοῦ
515 1945 844 2019 ὀφθαλμοὺς,
881 1949 1009 2021 περ’*⁸
1035 1942 1112 2005 ὧν
1152 1967 1315 2021 φησιν
1350 1952 1378 2004 ό
1420 1950 1684 2021 νυμφίος-

111 2053 128 2085 ι
176 2036 489 2107 ὐιρθαλμοί
543 2055 636 2091 σου
678 2043 1019 2114 περιστεραὶ,
1064 2061 1083 2094 ι
1118 2043 1258 2113 τάχα
1316 2043 1688 2114 αἰνισσόμενος

106 2126 197 2197 τὴν
227 2127 341 2181 τῶν
371 2130 760 2200 πνευματικῶν
787 2132 1182 2205 κατανοητικῆν
1223 2133 1472 2205 δύναμιν,
1503 2134 1591 2188 διὰ
1626 2133 1690 2188 τὸ

107 2216 195 2269 καὶ
224 2216 288 2269 τὸ
322 2216 550 2289 Πνεῦμα
590 2218 653 2271 τὸ
681 2219 836 2287 ἅγιον
882 2220 958 2284 ὡς
1008 2221 1336 2294 περιστερὰν
1373 2222 1688 2293 ἐληλυθέναι

109 2314 192 2366 ἐπὶ
212 2314 309 2366 τὸν
334 2314 562 2388 Κύριον,
584 2315 678 2368 καὶ
704 2314 794 2369 τὸν
817 2317 874 2370 ὲν
903 2316 1118 2388 ἑκάστῳ
1142 2316 1371 2388 Κύριον
1402 2317 1516 2371 ἀλλ’
1539 2320 1689 2390 ὅμως

109 2406 194 2458 καὶ
247 2407 428 2471 οὕτως
474 2407 690 2478 ἔχοντες
730 2409 830 2462 οὐκ
873 2410 1276 2482 ἀποκνήσομεν,
1330 2410 1689 2483 ψηλαφῶντες

106 2500 228 2561 τοὺς
279 2499 611 2570 εἰρημένους
654 2502 753 2571 τῆς
795 2498 940 2571 ζωῆς
976 2500 1186 2569 λόγους,
1230 2502 1556 2575 πειραθῆναι
1589 2502 1688 2557 λα-

108 2588 294 2644 εὲτθαι
323 2590 510 2645 αὐτῶν
536 2592 637 2661 τῆς
666 2592 1041 2664 ἀπορρεούαης
1065 2596 1143 2658 είς
1167 2593 1257 2647 τὸν
1290 2595 1425 2665 μετά
1452 2595 1689 2660 πίστεως

110 2678 387 2750 ἁψάμενον
417 2680 719 2752 δυνάμεως.
761 2682 967 2755 Ἰησοῦς
996 2685 1175 2739 τοίνυν
1206 2686 1352 2740 ἐστὶν
1376 2688 1405 2740 ὀ
1429 2687 1524 2741 τοῦ
1550 2687 1687 2741 Θεοῦ

108 2769 283 2840 1’49;
310 2772 465 2837 ὅστις
483 2774 791 2847 εἰσέρχεται
816 2777 897 2839 είς
918 2777 1018 2848 τὴν
1054 2777 1395 2850 Ἱεροσόλυμα
1425 2779 1691 2850 καλουμέ-

110 2880 197 2934 νην
215 2864 425 2936 ψυχὴν,
449 2866 743 2937 ὀχούμενος
769 2870 835 2939 τῇ
860 2868 965 2921 ὑπὸ
991 2868 1100 2922 τῶν
1130 2869 1385 2942 μαθητῶν
1419 2870 1686 2944 λελυμένῃ

111 2955 210 3009 ἀπὺ
243 2957 357 3010 τῶν
393 2956 609 3027 δεσμῶν
642 2958 767 3029 ὄνῳ.
797 2958 957 3029 Λέγω
977 2960 1035 3014 δὲ
1060 2963 1173 3025 τοῖς
1200 2961 1422 3030 ἀφελέσι
1450 2962 1551 3032 τῆς
1579 2980 1686 3018 πα-

112 3044 266 3111 λαιᾶς
297 3047 579 3119 Διαθήκης
610 3049 920 3120 γράμμασι,
959 3052 1405 3124 σαφηνιζομένοις
1436 3054 1547 3127 (73)
1582 3057 1688 3111 ὑπὸ

1789 1970 1997 2023 camus,
2026 1954 2079 2011 in
2112 1956 2266 2011 nobis
2291 1965 2373 2011 est
2398 1972 2528 2026 pura
2558 1974 2573 2022 ;
2615 1958 2709 2013 sed
2746 1972 2811 2011 ne
2846 1955 2987 2011 oculi
3019 1954 3231 2023 quidem
3260 1969 3359 2024 pu-

1790 2049 1836 2104 ri
1859 2058 2004 2113 sunt,
2037 2048 2227 2118 quales
2247 2056 2461 2118 oportet
2497 2061 2617 2103 esse
2666 2046 2852 2103 oculos
2879 2045 3115 2117 pulchrae
3147 2057 3361 2113 sponsa:

1789 2138 2014 2204 Christi,
2044 2138 2109 2193 de
2158 2138 2361 2209 quibus
2388 2138 2562 2209 inquit
2604 2151 2836 2209 sponsus
2869 2154 2884 2191 :
2920 2153 2938 2188 ι
2979 2133 3129 2192 Oculi
3159 2134 3232 2187 tui
3265 2147 3361 2187 co—

1789 2230 1983 2288 lumbae
2007 2232 2078 2295 ",
2124 2249 2144 2284 ι
2185 2229 2418 2287 fortasse
2442 2231 2671 2285 innuens
2692 2229 2800 2283 vim
2845 2238 3019 2282 acuta:
3053 2225 3360 2295 intelligen-

1792 2324 1880 2378 tiae
1912 2338 2072 2395 quam
2108 2323 2309 2378 habent
2341 2321 2670 2392 spirituales,
2700 2328 2987 2390 propterea
3012 2317 3153 2387 quod
3191 2315 3355 2371 etiam

1788 2430 1954 2485 super
1982 2414 2267 2469 Dominum
2295 2423 2456 2484 atque
2481 2427 2646 2483 super
2678 2410 2920 2480 singulos
2943 2410 3117 2480 ipsum
3150 2407 3361 2463 haben-

1790 2518 1892 2575 tes,
1918 2504 2151 2578 Spiritus
2169 2512 2388 2562 sauctus
2412 2504 2555 2560 sicut
2580 2501 2827 2558 columba
2852 2499 3101 2556 advenit:
3120 2507 3359 2553 attamen

1789 2599 1869 2655 sic
1898 2600 2063 2655 etiam
2096 2596 2275 2653 aﬂ'ecti
2316 2611 2421 2651 nou
2460 2594 2796 2651 tardabimus
2827 2600 3233 2648 coutractantes
3277 2587 3364 2644 di-

1789 2701 1911 2747 ctos
1941 2691 2068 2746 vita:
2118 2702 2433 2755 sermones,
2464 2686 2761 2758 periculum
2812 2683 2991 2738 facere
3026 2680 3359 2751 percipiendi

1787 2783 1896 2837 vim
1931 2780 2169 2852 ipsorum
2209 2778 2539 2834 diilluentem
2573 2776 2623 2830 iu
2663 2787 2786 2829 eum
2815 2774 2907 2842 qui
2946 2786 3068 2827 cum
3108 2770 3213 2825 ﬁde
3244 2768 3365 2825 teti-

1787 2873 1946 2944 gerit.
1981 2872 2077 2927 Est
2120 2870 2285 2941 igitur
2308 2868 2470 2925 Jesus
2505 2867 2595 2922 Dei
2626 2879 2828 2929 sermo,
2852 2864 2942 2934 qui
2970 2861 3271 2931 ingreditur
3301 2860 3359 2916 in

1788 2965 2025 3019 animam
2064 2978 2185 3033 qua:
2212 2970 2438 3018 vocatur
2480 2957 2851 3028 Hierosolyma
2898 2976 2910 3011 :
2944 2964 3132 3008 vectus
3179 2950 3358 3018 asina,

1787 3072 1949 3128 quam
1980 3055 2226 3125 discipuli
2251 3069 2282 3110 a
2300 3051 2529 3109 vinculis
2557 3052 3094 3115 solverunt;vectus,
3115 3046 3360 3115 inquam,

112 3137 211 3189 τῶν
242 3138 487 3192 λυόντων
520 3138 658 3193 αὐτὰ
685 3139 942 3213 μαθητῶν
966 3141 1090 3195 δύο·
1125 3142 1221 3197 τοῦ
1248 3161 1305 3197 τε
1335 3145 1429 3199 ἐπὶ
1464 3146 1563 3219 τὴν
1595 3147 1684 3201 θε-

1791 3149 1962 3217 asina,
1997 3149 2102 3203 hoc
2137 3155 2225 3204 est
2252 3146 2451 3202 litteris
2483 3144 2692 3199 Veteris
2719 3138 3069 3197 lustrumenti
3097 3135 3361 3207 simplici-

115 3229 343 3296 ραπείαν
381 3230 482 3300 τῆς
510 3230 688 3301 ψυχῆς
729 3232 1020 3302 ἀνάγοντος
1058 3234 1128 3288 τά
1168 3236 1551 3308 γεγραμμένα,
1594 3239 1684 3293 καὶ

1793 3239 1914 3308 bus,
1927 3252 2063 3307 quas
2082 3236 2460 3308 explanarunt,
2490 3233 2607 3289 illas
2629 3232 2905 3288 solventes
2934 3226 3183 3299 discipuli
3215 3227 3354 3289 duo;

115 3322 192 3373 ἐπ’
218 3321 401 3393 αὐτὴν
427 3321 569 3376 αὺτά
600 3322 1024 3396 ἀλληγοροῦντος
1042 3342 1055 3356 ·
1084 3326 1179 3379 καὶ
1205 3326 1300 3379 τοῦ
1330 3327 1399 3381 τά
1429 3327 1684 3399 μέλλοντα

1791 3330 1966 3385 altero
1998 3328 2064 3382 ad
2093 3328 2286 3383 anima:
2318 3324 2585 3381 medelam
2619 3324 2909 3378 reduvente
2951 3336 3039 3384 ea,
3068 3333 3189 3389 qua:
3223 3316 3361 3373 scri-

114 3409 287 3477 ἁγαθά
314 3411 415 3467 καὶ
439 3412 669 3485 ἀληθινά
685 3414 773 3469 διὰ
795 3414 903 3469 τῶν
928 3418 984 3470 ὲν
1009 3419 1075 3488 τῇ
1105 3420 1234 3487 σκιᾷ
1254 3417 1521 3489 κειμένων
1552 3436 1684 3492 παρ-

1791 3430 1879 3493 pta
1903 3419 2287 3489 suut,ejusque
2316 3417 2492 3488 gratia
2517 3431 2612 3486 per
2635 3414 2921 3483 allegorias
2950 3411 3037 3466 illa
3061 3417 3357 3474 tractante;

118 3506 380 3570 ιπίιντος.
423 3510 656 3578 Ὀχεῖται
703 3509 759 3562 δὲ
810 3510 904 3563 καὶ
940 3509 1018 3582 τῷ
1054 3512 1159 3583 νέῳ
1199 3511 1384 3583 πώλῳ,
1415 3514 1480 3584 τῇ
1525 3515 1684 3585 καινῇ

1791 3514 1963 3568 altero
1994 3510 2175 3567 futura
2220 3523 2393 3581 eaque
2441 3524 2566 3564 vera
2619 3506 2757 3561 bona
2788 3519 2885 3575 per
2914 3519 2975 3560 ea
3001 3515 3121 3571 qua:
3152 3500 3205 3556 iu
3237 3514 3360 3554 um-

115 3598 387 3670 Διαθήκη·
436 3602 495 3653 ὲν
524 3599 861 3671 ἀμφοτέραις
906 3602 1017 3674 γὰρ
1070 3602 1216 3656 ἔστιν
1250 3604 1431 3674 εὑρεῖν
1467 3604 1558 3657 τὸν
1587 3621 1684 3657 κα-

1791 3605 1882 3658 hra
1914 3604 2087 3674 posita
2122 3611 2299 3665 erant,
2336 3600 2613 3656 edocente.
2644 3596 2751 3653 Sed
2783 3596 2998 3650 vehitur
3027 3594 3190 3648 etiam
3220 3605 3358 3647 novo

116 3688 365 3763 θαίροντα
397 3694 548 3763 ἡμᾶς
576 3692 675 3763 τῆς
699 3693 956 3765 ἀληθείας
982 3693 1158 3764 λόγον,
1191 3695 1286 3749 καὶ
1315 3695 1684 3750 ἀπελαύνοντα

1791 3696 1955 3767 pullo,
1991 3696 2093 3750 hoe
2120 3704 2201 3749 est
2230 3693 2377 3748 Novo
2412 3691 2813 3746 lustrutneuto;
2849 3688 2901 3742 in
2944 3689 3184 3754 utrisque
3213 3686 3357 3740 enim

114 3784 231 3846 τοὺς
254 3783 572 3849 πωλοῦντας
611 3787 707 3840 καὶ
733 3787 1102 3857 ἀγοράζοντας
1135 3789 1193 3841 ὲν
1212 3790 1342 3859 ἡμῖν
1368 3788 1574 3854 πάντας
1602 3789 1684 3843 λο-

1791 3787 2035 3843 invenire
2059 3786 2187 3841 licet
2211 3784 2456 3840 veritatis
2486 3797 2792 3839 sermonem
2835 3794 2932 3833 nos
2956 3778 3356 3847 puriticauteiu,

117 3875 362 3946 γισμούς.
409 3877 587 3942 Μόνος
632 3878 690 3932 δὲ
720 3881 801 3941 είς
834 3879 936 3951 τὴν
980 3879 1327 3952 Ἰεροσόλυμα
1364 3879 1542 3952 ψυχὴν
1586 3881 1684 3935 οὐκ

1791 3878 1950 3949 190
1995 3876 2460 3946 expellentemque
2493 3873 2855 3944 cogitationes
2896 3883 3085 3924 omnes
3116 3868 3168 3921 in
3201 3866 3357 3923 nobis

117 3963 348 4035 ἔρχεται,
374 3966 490 4021 ἀλλ’
524 3968 644 4022 οὐδὲ
674 3969 811 4040 μετά
842 3969 1036 4039 ὀλίγων
1064 3970 1243 4025 τινῶν·
1276 3969 1445 4024 πολλά
1482 3970 1588 4043 γάρ
1620 3970 1684 4025 τά

1791 3971 2076 4025 vendentes
2091 3977 2146 4023 et
2168 3973 2430 4021 ementes.
2445 3963 2604 4019 Solus
2624 3972 2804 4018 autem
2820 3960 2886 4016 ad
2904 3958 3354 4029 Hierosolymam.

118 4058 422 4128 προάγοντα
465 4059 558 4113 τὸν
600 4060 909 4115 τελειοῦντα
952 4063 1098 4133 ἡμᾶς
1129 4061 1284 4132 λόγον
1327 4062 1461 4117 Θεοῦ
1508 4063 1591 4117 δεῖ
1628 4065 1684 4118 ὲν

1791 4063 2158 4128 animam,non
2174 4059 2341 4124 venit;
2360 4058 2454 4114 sed
2472 4070 2645 4127 neque
2661 4070 2783 4122 eum
2797 4053 2985 4124 paucis
2996 4050 3317 4122 quibusdam
3332 4066 3351 4106 :

119 4150 240 4219 ἡμῖν
270 4152 548 4221 γενέσθαι,
598 4154 692 4207 καὶ
730 4154 893 4227 ἕτερα
924 4155 1152 4209 πλεῖστα
1192 4156 1290 4209 ὅσα
1331 4155 1403 4210 τά
1447 4156 1684 4228 ἑπόμενα

1791 4150 1954 4206 multa
1988 4152 2131 4205 enim
2169 4150 2280 4205 sint
2309 4149 2360 4203 in
2408 4147 2565 4203 nobis
2588 4153 2804 4215 oportet
2830 4142 3188 4214 praecedentia
3234 4155 3355 4196 ser-

118 4243 285 4314 αὒτιῖι·
324 4246 506 4299 πάντα
553 4246 805 4318 μέντοιγε
855 4248 1019 4301 αὐτὸν
1071 4248 1341 4321 ὑμνοῦντα
1385 4248 1480 4302 καὶ
1527 4247 1684 4313 δοξά-

117 4332 289 4399 ζοντα,
321 4336 418 4389 κατ.
446 4336 538 4389 τὸν
570 4336 701 4390 ίδιον
723 4338 925 4409 κόσμον
951 4338 1045 4393 καὶ
1075 4339 1365 4411 περιϐολὴν
1386 4338 1536 4410 αὑτῷ
1561 4339 1687 4392 ὑπο-

116 4425 348 4491 τιθέντα,
401 4427 491 4481 ῐνα
536 4427 701 4482 αὑτοῦ
748 4429 817 4482 τά
863 4430 1116 4501 ὀχήματα
1164 4430 1238 4501 μὴ
1292 4430 1532 4501 ἅπτηται
1582 4429 1686 4500 γῆς

119 4518 420 4586 ἔχοντα-τὸν
446 4520 739 4592 οὐρανόθεν
766 4521 878 4590 (74)
912 4520 1327 4593 καταϐεϐηκότα
1367 4523 1684 4576 ἐπαναπαυ-

120 4611 306 4679 όμενον
335 4612 537 4677 αὐτοῖς.
573 4613 689 4666 Ἵνα
716 4612 772 4666 δὲ
816 4613 897 4667 ἔτι
935 4613 1136 4685 μᾶλλον
1168 4613 1424 4686 ἀνωτέρω
1453 4613 1551 4684 τῆς
1580 4612 1684 4682 γῆς

118 4702 449 4773 τυγχάνωσιν
477 4705 527 4757 οἱ
556 4702 807 4775 ὀχοῦντες
839 4704 1000 4758 αὐτὸν
1030 4703 1246 4757 παλαιοὶ
1271 4703 1363 4755 καί
1394 4702 1569 4756 καινοὶ
1596 4701 1683 4754 λό-

119 4808 198 4859 γοι
232 4791 341 4845 τῶν
364 4793 595 4866 Γραφῶν
614 4833 629 4857 ,
662 4794 1022 4847 ἐκκόπτεσθαι
1072 4793 1298 4857 κλάδους
1337 4792 1417 4846 δεῖ
1442 4792 1551 4847 ἀπὸ
1576 4792 1682 4847 τῶν

116 4882 359 4957 δένδρων,
392 4886 482 4939 ἵνα
518 4885 774 4956 βαίνωσιν
808 4885 1028 4940 ἐπὶτῶν
1059 4886 1295 4954 εὐλόγως
1323 4886 1678 4957 ἐκκειμένων.

118 4972 370 5027 Δύνανται
396 4974 456 5029 δὲ
487 4976 535 5027 oi
567 4973 922 5047 προάγοντες,
959 4974 1053 5028 καὶ
1084 4972 1501 5037 ἀκολουθοῦντες
1533 4973 1682 5045 αὑτῷ

118 5064 253 5133 δχλοι
275 5064 464 5136 δηλοῦν
487 5067 581 5120 καὶ
600 5065 699 5129 τάς
718 5063 1016 5135 ἀγγελικάς
1039 5064 1377 5136 συνεργείας,
1400 5063 1553 5129 τινάς
1579 5064 1677 5136 μὲν

119 5155 532 5227 εὖτρεπιζοόσας
552 5157 700 5229 αὐτῷ
719 5157 819 5228 τὴν
842 5157 961 5212 ὀδδν
979 5159 1037 5210 ὲν
1059 5159 1178 5221 ταῖς
1200 5157 1398 5227 ψυχαῖς
1414 5157 1446 5228 ἡ
1454 5156 1590 5228 μῶν,
1612 5155 1678 5210 δι’

119 5239 188 5299 ὧν
240 5247 400 5300 αὐταὶ
453 5248 565 5320 (75)
618 5247 1021 5319 κεκόσμηνται·
1062 5246 1223 5301 τινῶν
1279 5245 1337 5300 δὲ
1377 5247 1681 5301 ἐπακολου-

122 5334 348 5388 θούντων
370 5340 435 5408 τῇ
463 5336 628 5391 αὐτοῦ
653 5340 710 5391 ὲν
743 5339 875 5409 ἡμῖν
910 5337 1205 5410 παρουσίᾳ,
1236 5336 1364 5408 περὶ
1389 5332 1459 5408 ἧς
1486 5337 1683 5392 πολλά-

122 5443 201 5491 κις
219 5429 500 5499 εἰρηκότες
523 5428 618 5483 νῦν
658 5430 737 5493 είς
761 5428 919 5483 τοῦτο
951 5427 1268 5501 μαρτυριῶν
1296 5428 1356 5482 οὐ
1383 5428 1677 5501 χρῄζομεν.

181 5520 226 5550 ⁸⁸
256 5520 273 5573 l
300 5518 425 5574 Cor.
456 5536 515 5583 tt,
548 5520 636 5585 16,
676 5521 762 5576 12.
834 5521 883 5553 ”
907 5518 1066 5575 Cant.
1094 5536 1131 5582 ι,
1163 5518 1250 5575 15.

184 5608 415 5695 (7ολοῠ
648 5612 723 5695 δὲ
747 5610 856 5695 ιςῆς
879 5611 1231 5695 προξευχῆς
1259 5615 1293 5668 ὁ
1309 5682 1321 5695 ⁸
1337 5612 1512 5695 οἷκοςὶ
1532 5611 1682 5694 πάτ-

122 5695 243 5744 τως.
278 5679 384 5761 Siti
402 5683 567 5761 codex
597 5679 942 5761 Burneianus.
993 5679 1216 5754 Regius,
1256 5682 1416 5755 μόνον
1467 5682 1525 5736 δὲ
1578 5682 1681 5755 τῆς

125 5749 421 5820 ¹εροεευχῆς
441 5746 585 5814 οἶκος
608 5752 672 5805 οὐ
697 5752 934 5815 πάντως.

184 5818 295 5960 gi)
331 5818 503 5900 codex
524 5820 864 5885 Bodleianus,
893 5821 1126 5887 δέξεται.

238 5888 300 5950 2)
334 5887 603 5959 ἰδεινὼς
622 5893 749 5960 ἔχει
768 5891 975 5949 ταῦτα.
995 5894 1089 5951 Sic
1115 5911 1126 5948 ι

238 5888 300 5950 2)
334 5887 603 5959 ἰδεῐνὼς
622 5893 749 5963 ἔχει
768 5891 975 5949 ταῦτα.
995 5894 1089 5951 Sic
1115 5893 1285 5950 codex
1311 5892 1671 5961 Bodleianus;

1786 4233 1998 4298 munem
2018 4256 2114 4297 nos
2132 4240 2520 4312 perﬁcientem,
2539 4237 2753 4306 aliaque
2767 4233 3156 4306 quamplurima
3178 4231 3354 4303 ipsqu

1785 4333 2088 4403 sequentia,
2123 4332 2377 4386 nimirqu
2427 4330 2613 4385 omnia
2650 4330 2826 4398 ipsum
2862 4324 3133 4381 laudantia
3164 4322 3357 4393 ctglo-

1786 4425 2072 4487 riiicantia,
2111 4423 2493 4493 propriumque
2527 4428 2904 4476 ornamentum
2930 4430 2996 4473 ac
3022 4426 3222 4472 vestem
3252 4415 3355 4486 ipsi

1787 4516 2166 4585 supponentia,
2201 4530 2312 4585 quo
2342 4513 2587 4570 vehicula
2626 4513 2794 4582 ipsius
2838 4523 3042 4568 terram
3083 4526 3188 4566 non
3236 4521 3357 4565 tau-

1788 4619 1937 4677 gaut,
1968 4607 2228 4662 habentia
2266 4621 2390 4661 eum
2419 4607 2512 4675 qui
2550 4620 2582 4661 e
2610 4605 2749 4661 ccelo
2796 4604 3074 4660 descendit
3104 4603 3155 4656 in
3183 4615 3241 4655 se
3267 4615 3353 4655 re-

1788 4701 2174 4770 quieseeutem.
2236 4699 2304 4756 Ut
2343 4710 2522 4755 autem
2561 4699 2733 4770 magis
2786 4699 2895 4754 sint
2939 4711 3100 4766 supra
3154 4705 3354 4748 terram

1790 4794 1961 4864 ipsum
2011 4794 2293 4858 vehen'es,
2327 4795 2579 4850 nimirum
2627 4792 3027 4861 Scripturarum
3074 4797 3357 4841 sermones

1789 4886 1913 4939 novi
1965 4896 2016 4941 et
2062 4881 2293 4952 veteres,
2332 4885 2721 4943 exseindantur
2772 4886 2907 4936 rami
2961 4881 3029 4933 de
3066 4875 3356 4932 arboribus

1787 4984 2022 5046 opertet,
2057 4985 2116 5029 ut
2138 4978 2434 5033 ascendant
2468 4991 2631 5047 super
2665 4989 2728 5030 ea
2759 4987 2879 5044 qua:
2921 4968 3118 5025 rationi
3159 4979 3355 5024 conve-

1784 5071 1995 5125 nienter
2023 5082 2147 5126 sunt
2190 5073 2455 5142 exposita.
2483 5070 2748 5127 Caeterum
2783 5065 3149 5135 prmeedentes
3176 5062 3352 5132 ipsum

1788 5178 1853 5219 ac
1877 5171 2163 5233 sequentes
2196 5163 2368 5219 turba:
2393 5162 2668 5218 declarare
2697 5163 2926 5228 possunt
2960 5153 3234 5226 angelicas
3262 5167 3354 5208 co-

1788 5251 2133 5317 eperatioues
2171 5265 2186 5303 :
2219 5250 2491 5319 aliquibus
2524 5247 2743 5318 quidem
2796 5242 3231 5315 prmparautibus
3272 5240 3351 5297 illi

1789 5339 1930 5394 viam
1967 5340 2021 5394 in
2049 5341 2333 5396 animabus
2359 5338 2584 5402 nostris,
2609 5336 2806 5408 quibus
2836 5336 2935 5406 ipsi
2966 5335 3348 5397 honesteutur;

1788 5431 2056 5501 aliquibus
2086 5447 2213 5487 vero
2242 5433 2530 5487 adventum
2561 5431 2731 5501 ipsius
2776 5431 2917 5484 intra
2945 5443 3042 5484 uos
3081 5428 3356 5501 sequenti-

1786 5614 2008 5683 iiegtus,
2046 5611 2205 5679 male,
2237 5610 2362 5665 ἰδεῖν
2393 5607 2505 5679 ἔχει
2536 5607 2568 5680 ἢ
2605 5607 2717 5679 ἔχει
2742 5606 2930 5660 ταῦτα.

1858 5683 1969 5735 (73)
1999 5684 2177 5735 Codex
2211 5681 2441 5735 Bestius.
2479 5678 2937 5735 σαφηνιζομιένης.
2968 5674 3071 5728 mal

1858 5678 1969 5807 (33)
1999 5678 2441 5750 Codex-Regius,
2479 5678 2937 5748 σαφηνιζομένης,
2968 5678 3126 5733 male.

1858 5760 1870 5823 ι
1914 5756 1965 5823 ι)
1995 5755 2176 5808 (iudex
2218 5752 2440 5822 Regius,
2465 5750 2694 5823 οὐρανὸν
2724 5748 2870 5823 όθεν,
2909 5747 3068 5802 litate.

1876 5760 1965 5823 74)
1995 5760 2176 5808 (ἰθύει
2218 5760 2440 5822 Regius,
2468 5760 2694 5875 οὲρανον
2725 5760 2792 5802 ου

1851 5760 1966 5897 ἱἹὸ)
1999 5824 2143 5879 idem
2189 5824 2383 5890 codex,
2416 5821 2486 5874 αὐ
2553 5838 2601 5887 ν,
2633 5820 2792 5878 male.
