3866 6524
483 429 586 486 559
1905 426 2006 492 ροιι

2217 427 2238 483 5
3633 437 3744 491 360

483 546 613 601 hns.
640 544 756 612 Qua
799 543 865 599 de
889 557 947 600 re
980 543 1177 613 smpius
1204 559 1325 600 cum
1363 544 1800 610 disseruerimus,
1828 561 1972 600 nunc
1991 561 2010 598 a

2218 545 2271 601 αὶ
2300 545 2440 618 τάχα
2464 546 2562 601 οὐκ
2594 545 2802 616 ἀλόγως
2833 543 2939 618 δνῳ
2974 545 3170 601 εῐκασα
3204 547 3315 619 (76)
3339 547 3440 613 τάς
3471 551 3745 622 περιστά-

487 639 589 693 hoc
618 637 841 692 testibus
865 653 967 691 IlOlt
988 652 1226 707 egemus.
1244 638 1322 693 Ac
1340 636 1570 693 fortasse
1585 653 1688 694 non
1717 637 1810 693 abs
1835 652 1891 692 re
1920 652 2009 693 ass

2218 657 2259 701 ις
2291 638 2474 707 φωνὰς
2504 637 2595 691 τὸν
2625 639 2824 706 ἄγοντα
2863 639 3026 692 αὐτὸν
3055 637 3167 710 (77)
3196 641 3274 705 είς
3307 641 3406 711 τὴν
3448 640 3630 711 ψυχὴν
3659 640 3745 692 λό-

487 726 669 781 tnilavi
695 727 859 781 asina:
881 741 1040 782 voces
1063 742 1180 794 qua:
1203 727 1676 783 circumsteterunt
1716 727 2014 782 Sermoneu

2218 745 2286 780 »ν’
2321 727 2623 799 ἀχθοφόρον
2651 727 2758 798 γὰρ
2795 727 2857 781 τὸ
2885 729 3044 794 ζῶον,
3086 729 3219 784 πολὺ
3260 729 3318 782 δὲ
3348 729 3408 783 τὸ
3447 730 3613 800 άχθος
3647 729 3745 782 καὶ

487 821 748 876 ducentes
782 819 953 888 ipsum
1003 820 1069 872 ad
1122 818 1356 872 animam
1391 835 1405 872 :
1438 832 1561 872 nam
1610 827 1664 874 ct
1698 817 1902 873 animal
1941 833 2014 874 es:

2218 820 2376 892 iptlov
2411 820 2548 892 βαρὺ
2581 820 2830 892 δηλοῦται
2856 821 2963 876 ἀπὸ
2989 821 3087 892 τῆς
3121 820 3339 886 λέξεως,
3379 822 3476 876 καὶ
3504 821 3745 892 μάλιστα

488 910 637 965 asina
669 925 834 967 onera
862 921 1105 980 gestans,
1136 919 1188 964 et
1240 910 1463 964 multum
1509 911 1764 980 ponderis
1811 925 2015 980 onusqu

2220 931 2258 984 ις
2300 912 2686 984 παλαιοτέρας,
2731 913 2806 978 ὡς
2838 914 2998 984 δῆλον
3042 914 3121 985 τῷ
3168 916 3449 986 ἐφιστάντι
3480 917 3594 978 τοῖς
3639 913 3747 967 ὑπὸ

488 1015 672 1069 grave,
716 999 1025 1055 declaratur
1063 1014 1128 1052 ex
1182 996 1488 1068 Scriptura,
1518 999 1817 1071 praesertim
1848 1001 2011 1056 Veter

2217 1005 2440 1060 ουδαίων
2483 1005 2806 1077 γινομένοις.
2851 1007 2963 1077 Ούχ
2999 1005 3172 1070 οὕτως
3209 1007 3264 1060 δὲ
3303 1009 3331 1060 ὁ
3366 1006 3546 1070 πῶλος
3576 1005 3744 1076 ἀχθο-

489 1091 858 1155 lnstrumenti,
880 1101 940 1146 ut
965 1090 1307 1160 perspicuum
1337 1101 1420 1145 est
1446 1090 1750 1161 inspicienti
1774 1108 1893 1162 qua:
1917 1107 2016 1162 apu

2221 1098 2350 1169 ἱρος,
2377 1096 2454 1162 ὡς
2483 1101 2516 1170 ὴ
2549 1098 2698 1162 δνος·
2728 1099 2776 1152 εἰ
2811 1098 2913 1170 γὰρ
2939 1100 3034 1153 καὶ
3065 1098 3202 1171 βαρὺ
3225 1101 3332 1153 πᾶν
3359 1099 3420 1152 τὸ
3443 1098 3538 1152 τοῦ
3563 1099 3748 1170 γράμ-

489 1178 701 1237 Judmos
742 1182 895 1237 ﬁunt.
925 1183 1028 1237 Sed
1075 1199 1183 1239 non
1219 1184 1298 1238 sic
1344 1183 1537 1252 pullus,
1574 1196 1631 1237 ut
1675 1186 1847 1246 asina,
1887 1197 2016 1252 gest:

2216 1204 2330 1251 ιτος
2359 1189 2575 1259 φορτίον
2606 1189 2740 1253 ἐστὶ,
2772 1189 2834 1242 τὸ
2857 1189 3136 1262 ἀνώφορον
3159 1190 3253 1243 καὶ
3281 1189 3615 1258 κουφότατον
3647 1188 3743 1242 τοῦ

489 1285 654 1325 onera
687 1285 700 1323 :
731 1273 975 1340 quamvis
1007 1273 1150 1326 enim
1191 1287 1353 1341 grave
1382 1276 1452 1327 sit
1481 1289 1643 1329 omne
1691 1289 1828 1328 Onus
1859 1275 2016 1328 litter;

2216 1280 2467 1350 νεύματος
2509 1283 2705 1352 χωρεῖν
2743 1280 2817 1352 μὴ
2854 1281 3205 1352 δυναμένοις,
3244 1281 3380 1335 ἀλλά
3419 1297 3485 1349 γε
3518 1280 3743 1334 ἔλαττον

491 1379 594 1417 non
618 1364 918 1419 valentibus
951 1364 1023 1428 id,
1064 1365 1204 1432 quod
1235 1365 1458 1433 spiritus
1488 1368 1666 1434 habet,
1693 1383 1908 1422 sursum
1940 1377 2018 1423 ten

2217 1387 2272 1440 ζει
2317 1369 2480 1442 βάρος
2523 1370 2586 1422 τὸ
2629 1371 2812 1424 καινὸν
2859 1373 3093 1444 γράμμα
3137 1371 3290 1444 παρά
3319 1372 3379 1424 τὸ
3432 1371 3744 1443 πρεσϐύτι-

488 1454 643 1520 dens,
683 1471 750 1507 ac
795 1454 1126 1510 levissimum
1173 1470 1389 1524 capere,
1423 1459 1604 1512 minus
1648 1468 1829 1514 tamen
1878 1474 2009 1513 oner

2225 1483 2274 1518 ν.
2323 1463 2451 1516 Οἶδα
2493 1462 2548 1516 δέ
2598 1481 2749 1528 τινας
2802 1464 2900 1536 τὴν
2950 1465 3047 1536 μὲν
3095 1464 3380 1538 δεδεμένην
3429 1465 3552 1518 δνον
3607 1465 3751 1530 ἐξει-

487 1547 648 1600 habet
696 1546 1122 1602 lnstrumcntum
1170 1547 1374 1604 Novum
1409 1567 1569 1622 quam
1608 1550 1791 1606 Vetus.
1830 1551 2014 1607 Proind

2220 1557 2399 1628 ιφότας
2452 1558 2577 1620 τοὺς
2622 1557 2686 1610 ἐκ
2740 1558 3047 1630 περιτομῆς
3093 1557 3486 1622 πιστεύοντας,
3532 1556 3747 1610 πολλῶν

485 1640 748 1709 quosdam
788 1639 933 1706 novi,
970 1640 1061 1711 qui
1107 1643 1316 1698 asinam
1368 1644 1583 1712 quidem
1617 1644 1890 1714 alligatam
1937 1661 2012 1702 es:

2222 1648 2372 1720 σμῶν
2427 1647 2530 1702 ὑπὸ
2575 1647 2686 1701 τῶν
2737 1648 2974 1721 γνησίως
3026 1648 3105 1721 τῷ
3154 1649 3297 1721 λόγῳ
3354 1648 3749 1718 πνευματικῶς

488 1731 977 1800 interpretarentur
1028 1749 1095 1789 ex
1132 1735 1550 1792 circumcisione
1593 1739 1897 1804 credentes,
1928 1753 2015 1808 qut

2223 1739 2662 1811 ίμαθητευμένων
2705 1738 3140 1810 ἀπολυομένους,
3177 1739 3268 1794 τὸν
3298 1739 3357 1794 δὲ
3404 1739 3583 1793 πῶλον
3619 1739 3750 1801 τοὺς

487 1839 518 1879 ε
551 1825 732 1880 multis
777 1826 1010 1881 vinculis
1061 1827 1355 1883 solvissent
1388 1828 1440 1884 bi
1476 1829 1568 1900 qui
1602 1829 1815 1886 sincere
1849 1846 1946 1902 per
1973 1831 2011 1886 F

2222 1829 2270 1884 τὸ
2320 1830 2428 1884 τῶν
2480 1829 2681 1894 ἐθνῶν,
2737 1829 2960 1894 ἁνὲτους
3011 1830 3139 1901 πρὶν
3189 1830 3604 1902 παραδέξωνται
3656 1828 3749 1883 τὸν

489 1917 618 1971 lium
675 1917 766 1973 Dei
817 1919 1174 1988 spiritualiter
1207 1922 1384 1976 edocti
1414 1922 1604 1989 fuere;
1649 1901 1862 1992 pullum,
1908 1939 2016 1980 verr

2219 1920 2348 1993 ησοῦ
2387 1921 2563 1990 λόγον,
2616 1922 2710 1976 καὶ
2753 1921 2856 1986 ἔξω
2906 1922 3106 1986 παντὸς
3157 1901 3507 1994 ἐπικειμένου
3551 1921 3746 1990 ζυγοῦ,

488 2008 738 2078 gentiles,
767 2009 857 2076 qui
886 2019 1178 2080 antequam
1205 2010 1331 2067 Jesu
1359 2026 1663 2068 sermonem
1693 2013 2006 2084 susciperen

2218 2012 2303 2066 ιτά
2340 2013 2402 2066 τὸ
2436 2013 2825 2082 ἀφηνιαστικὸν
2859 2014 2952 2066 καὶ
2998 2013 3274 2084 φιλήδονον
3314 2013 3745 2084 γεγενημένους.

487 2111 642 2156 extra
691 2117 850 2157 omne
899 2103 1213 2172 impositum
1251 2105 1441 2176 jugum
1501 2105 1864 2170 exsistentes,
1916 2107 2014 2162 null

2219 2107 2226 2158 ἱ
2266 2104 2361 2158 καὶ
2397 2103 2470 2175 μὴ
2515 2104 2766 2176 εἰρήκασι
2802 2103 2856 2158 δὲ
2894 2098 3037 2158 οῦτοι
3081 2105 3208 2168 τοὺς
3255 2104 3600 2176 προάγοντας
3630 2103 3746 2174 (78)

488 2192 882 2246 coercebantur
927 2191 1104 2259 freno,
1137 2195 1230 2248 sed
1276 2192 1438 2250 soluti
1478 2203 1636 2248 erant
1673 2208 1737 2249 ac
1769 2192 2009 2266 volnptat

2219 2197 2256 2248 ιι
2325 2194 2749 2259 ἀκολουθοῦντας
2818 2194 3038 2265 δχλους,
3097 2195 3197 2248 οὐκ
3256 2193 3524 2248 ἀπίθανόν
3589 2197 3746 2248 ἐστιν

489 2293 756 2338 amantes.
776 2283 1030 2351 Quamvis
1051 2291 1231 2338 autem
1255 2284 1305 2339 hi
1332 2299 1437 2340 non
1461 2284 1812 2340 disseruerim
1833 2284 1897 2339 de
1921 2299 2016 2352 pra

2219 2289 2467 2361 iappéoat
2520 2289 2646 2352 τοὺς
2699 2289 2797 2360 μὲν
2831 2288 3168 2360 προάγοντας
3207 2287 3435 2340 Μωῠσεῖ
3481 2286 3577 2339 καὶ
3628 2289 3746 2347 τοῖς

489 2374 806 2429 cedentibus
844 2383 898 2428 et
924 2375 1276 2445 sequentibus
1311 2376 1510 2444 turbis,
1555 2392 1662 2433 non
1699 2375 2016 2444 improbabil

2220 2381 2503 2452 οοφήταις,
2559 2380 2684 2444 τοὺς
2735 2378 2790 2432 δὲ
2837 2376 3335 2441 ἐπακολουθοῦντας
3398 2379 3514 2440 τοῖς
3574 2377 3747 2447 ἱεροῖς

491 2473 672 2520 tamen
733 2465 892 2522 fuerit
935 2466 1118 2522 dicere
1155 2468 1521 2535 prmcedentes
1574 2483 1695 2524 esse
1754 2466 2018 2540 Moysent

2220 2473 2513 2536 τοστόλοις-
2549 2473 2744 2536 οἵτινες
2789 2470 3024 2534 ἅπαντες
3079 2471 3414 2542 εἰσέρχονται
3460 2471 3539 2532 είς
3582 2468 3747 2520 ποίαν

489 2557 784 2627 prophetas
811 2574 826 2623 ;
857 2567 1144 2629 sequentes
1197 2573 1347 2625 vero,
1377 2570 1600 2616 sanctos
1650 2559 1921 2629 apostolos
1947 2576 1959 2611 :
1991 2559 2016 2614 d

2220 2565 2536 2636 εροσόλυμα,
2600 2565 2721 2618 ὅσον
2773 2563 2913 2617 κατά
2971 2561 3156 2616 τοῦτον
3211 2562 3302 2615 τὸν
3361 2559 3520 2629 λόγον
3572 2559 3747 2631 ζητη-

490 2651 685 2719 quihus
713 2651 985 2713 omnibus,
1016 2665 1180 2719 quam
1209 2652 1576 2722 ingrediantur
1599 2651 2017 2722 Hierosolymam

2222 2675 2301 2724 ον,
2361 2659 2455 2710 καὶ
2511 2653 2656 2710 οἷκον
2709 2657 2799 2710 τὸν
2853 2656 2962 2728 (79)
3021 2655 3210 2726 ἔχοντα
3268 2653 3588 2717 πωλοῦντας
3648 2653 3746 2705 καὶ

488 2748 545 2793 et
580 2741 632 2794 in
666 2756 825 2809 quam
859 2741 1075 2795 domum
1128 2741 1410 2796 habentem
1443 2742 1637 2798 multos
1683 2743 2015 2797 vendentesc

2218 2747 2531 2822 τοράζοντας
2598 2748 2824 2812 πολλοὺς
2912 2746 3364 2817 ἐξελαυνομένους
3453 2743 3560 2798 ὑπὸ
3647 2744 3745 2796 τοῦ

489 2842 737 2889 ementes
766 2835 1018 2904 expulsos
1047 2852 1075 2889 a
1101 2835 1237 2890 Filio
1262 2835 1376 2901 Dei,
1396 2845 1656 2904 quantum
1682 2835 1750 2889 ad
1776 2836 1919 2890 hunc
1935 2849 2016 2890 ser

2218 2841 2293 2894 ίοῦ
2350 2839 2442 2893 τοῦ
2504 2839 2662 2894 Θεοῦ.
2721 2839 2832 2892 Καὶ
2885 2839 3024 2910 τάχα
3096 2841 3130 2910 ἡ
3181 2838 3292 2892 ἀνω
3357 2835 3745 2908 Ἰερουσαλὴμ,

491 2937 704 2978 monem
733 2928 1336 2996 spectat,qu:erendum
1355 2938 1458 2981 est.
1480 2927 1545 2982 Et
1575 2928 1805 2984 fortasse
1820 2942 2016 2998 supern

2222 2951 2242 2998 ;
2294 2932 2360 3005 ἢν
2411 2931 2797 2986 ἀναϐιὸάσεται
2850 2932 2878 2985 ό
2933 2931 3154 3002 Κύριος,
3212 2928 3443 3000 ἡνιοχῶν
3499 2927 3624 2992 τοὺς
3684 2928 3749 2979 ἐκ

487 3015 788 3072 Jerusalem
810 3019 963 3089 191'
986 3021 1050 3074 ad
1073 3036 1236 3090 quam
1263 3021 1520 3077 ascendet
1547 3021 1828 3087 Dominus,
1856 3020 2014 3091 aurig:

2219 3019 2481 3090 ιριτομῆς,
2501 3020 2594 3074 καὶ
2612 3018 2781 3073 ἐθνῶν
2805 3018 3174 3082 πιστεύοντας,
3187 3018 3541 3089 προαγόντων
3557 3017 3746 3076 αὑτὸν,

490 3110 664 3165 instar
687 3112 888 3166 ducens
921 3126 1013 3166 eos
1034 3113 1126 3181 qui
1156 3128 1220 3168 ex
1249 3113 1664 3168 circumcisione
1693 3123 1748 3168 et
1780 3128 1844 3168 ex
1877 3112 2017 3184 genti

2219 3111 2256 3163 tl.
2286 3107 2739 3176 ἀκολουθούντων,
2775 3109 2892 3181 ἦτοι
2921 3107 3234 3180 προφητῶν,
3270 3110 3364 3162 καὶ
3402 3108 3746 3170 ἀποστόλων,

489 3189 598 3258 bus
617 3203 881 3269 credunt;
915 3204 1345 3268 praecedentibus
1373 3219 1494 3258 eum
1525 3187 1942 3274 et'sequentibus
1969 3218 2016 3259 Vl

2246 3200 2354 3252 τῶν
2404 3199 2792 3255 διακονούντων
2835 3200 2985 3274 αύτῷ
3041 3200 3288 3270 ἀγγέλων
3313 3200 3426 3270 (80)
3465 3196 3750 3270 (savum;

491 3293 768 3363 prophetis
797 3303 851 3348 et
898 3293 1186 3364 apostolis,
1222 3294 1303 3348 vel
1342 3257 1781 3349 ministrantibus
1811 3295 1911 3363 ipsi
1959 3309 2018 3348 an

2223 3310 2270 3363 ιρ
2296 3293 2388 3346 καὶ
2421 3292 2561 3346 οὓτω
2605 3292 2896 3364 δηλοῦσθαι
2940 3293 3048 3347 ἀπὸ
3096 3293 3204 3347 τῶν
3238 3293 3616 3365 προαγόντων,
3653 3296 3750 3346 καὶ

490 3383 627 3454 gelis
664 3384 917 3452 (possunt
960 3387 1158 3454 quippe
1214 3384 1286 3438 ita
1337 3385 1532 3454 exponi
1562 3401 1626 3438 ex
1660 3385 1726 3440 iis
1754 3385 1844 3454 qui
1879 3385 2017 3454 ipsut

2223 3383 2592 3440 εολουθούντων
2627 3384 2830 3456 αύτῷ)·
2880 3385 3095 3454 λέγεται
3138 3385 3297 3456 νῦνῆ
3333 3380 3449 3458 εἷχε
3493 3385 3602 3457 πρὸ
3647 3386 3750 3454 τῆς

491 3475 802 3545 prmcedunt
845 3485 902 3530 et
944 3476 1304 3547 sequuntur);
1335 3489 1590 3544 superna,
1633 3476 1872 3546 inquam,
1899 3473 2018 3530 Jeru

2223 3477 2348 3530 ’ὁδου
2377 3475 2542 3530 αὐτοῦ
2588 3476 2656 3530 τὰ
2692 3477 2958 3549 λεγόμενα
2995 3496 3014 3529 ι
3044 3477 3390 3549 πνευματικά
3431 3477 3533 3547 τῆς
3574 3494 3750 3545 πονη-

492 3568 659 3622 salem
697 3580 840 3624 nunc
871 3570 978 3626 dici
1009 3580 1182 3640 potest
1208 3583 1326 3639 qua
1375 3579 1502 3624 ante
1553 3569 1723 3640 ipsius
1759 3584 2019 3625 ascensum

2223 3585 2284 3630 ας
2321 3569 2377 3622 ἐν
2410 3564 2530 3631 τοῖς
2568 3569 2929 3639 ἐπουρανίοις,
2957 3589 2976 3622 ι
3001 3570 3036 3640 ἦ
3063 3570 3189 3632 τοὺς
3232 3570 3598 3632 Χαναναίους,
3653 3569 3750 3621 καὶ

493 3675 556 3715 ea
590 3661 905 3716 continebat
938 3677 1059 3730 quae
1105 3662 1362 3716 dicuntur
1411 3679 1430 3712 ι
1472 3661 1772 3730 spiritualia
1808 3661 2020 3729 nequiti:

2223 3659 2474 3723 ετταίους,
2506 3661 2598 3714 καὶ
2637 3661 3018 3731 Ἀμορραίους,
3053 3660 3148 3714 καὶ
3183 3663 3308 3726 τοὺς
3335 3661 3560 3726 λοιποὺς
3584 3661 3750 3714 πολε-

493 3753 548 3808 in
597 3751 911 3808 caelestibus
968 3753 1038 3818 "’,
1099 3771 1118 3805 ι
1152 3753 1408 3806 nimirum
1460 3753 1540 3806 vel
1594 3753 1954 3814 Chanaans,
2005 3766 2020 3804 ι

2220 3752 2320 3814 ἶους
2363 3751 2455 3803 τοῦ
2505 3749 2655 3814 λαοῦ,
2699 3752 2794 3804 καὶ
2838 3749 3172 3817 ἁπαξαπλῶς
3225 3752 3352 3815 τοὺς
3401 3750 3747 3822 ἀλλοτρίους,

492 3845 785 3911 Cbetlaaos,
817 3852 876 3898 et
903 3843 1274 3909 Amorrhaeos,
1307 3853 1361 3896 et
1412 3843 1594 3898 hostes
1623 3840 1832 3912 pepuli,
1858 3852 1912 3896 et
1943 3857 2019 3894 om

2222 3845 2325 3896 ικεῖ
2363 3859 2477 3905 πως
2511 3841 2815 3913 δυναμένης
2846 3823 2943 3912 τῆς
2977 3841 3314 3912 προφητείας
3349 3839 3749 3911 πεπληρῶσθαι

495 3934 626 3991 nino
652 3934 858 3990 alienos
885 3976 901 4002 ,
930 3949 1055 3990 cum
1089 3935 1198 3990 illic
1225 3936 1390 3990 etiam
1440 3935 1620 4002 aliquo
1654 3933 1814 3988 modo
1846 3931 2022 3999 implel

2223 3934 2456 4004 γούσηςο
2496 3953 2514 3986 ι
2549 3934 2612 3986 Ἡ
2649 3933 2719 4004 γῆ
2767 3933 2920 4004 ὑμῶν
2967 3933 3192 4005 ἔρημος,
3244 3933 3300 3985 αἱ
3351 3931 3538 3994 πόλεις
3587 3931 3750 4002 ὑμῶν

497 4040 676 4100 posset
727 4030 1007 4100 prophetia
1045 4030 1231 4084 dicens
1262 4046 1277 4082 :
1317 4047 1334 4080 ι
1371 4027 1541 4082 Terra
1579 4037 1754 4083 vestra
1805 4026 2016 4081 deserta

2224 4025 2538 4096 ›ρίκαυστοι,
2589 4025 2688 4094 τὴν
2742 4025 2922 4096 χώραν
2954 4023 3106 4094 ὑμῶν
3149 4021 3378 4077 ἐνώπιον
3405 4022 3562 4094 ὑμῶν
3591 4022 3751 4075 ἀλλό-

493 4122 744 4176 civitates
802 4129 998 4176 vestrae
1063 4122 1171 4188 igni
1243 4134 1516 4175 succensa:
1572 4136 1587 4172 :
1645 4118 1818 4188 ipsam
1872 4115 2020 4186 regio

2224 4134 2301 4169 nat
2344 4115 2721 4170 κατεσθίουσιν
2759 4117 2926 4186 αὑτήν
2976 4135 2994 4167 ι
3035 4107 3194 4168 Οὗτοι
3223 4113 3332 4186 γάρ
3377 4116 3517 4168 εἰσιν
3561 4116 3616 4168 οἱ
3658 4117 3751 4167 τὸν

493 4228 618 4268 nem
660 4223 892 4267 vestram
957 4227 1137 4267 coram
1192 4214 1341 4267 vobis
1395 4211 1557 4265 alieni
1600 4211 1868 4265 devorant
1913 4207 1983 4260 ⁸⁸.

2231 4207 2412 4278 ράνιον
2444 4206 2537 4260 τοῦ
2585 4206 2798 4276 Πατρὸς
2829 4203 2996 4272 οἷκον,
3031 4206 3129 4278 τὴν
3166 4206 3327 4275 ἁγίαν
3367 4205 3750 4278 Ἰερουσαλὴμ.

494 4305 560 4360 Hi
601 4305 745 4359 enim
798 4314 924 4359 sunt
977 4304 1068 4374 qui
1110 4303 1385 4359 cmlestem
1439 4302 1621 4357 Patris
1673 4301 1916 4366 domum,
1973 4297 2021 4354 εἰ(

2226 4317 2252 4352 ν
2279 4295 2427 4354 οἷκον
2459 4300 2557 4371 τῆς
2603 4300 2910 4372 προσευχῆς
2959 4299 3294 4370 μολύνοντες,
3336 4301 3433 4352 καὶ
3479 4299 3753 4369 σπήλαιον

501 4397 741 4452 rusalem
809 4404 1054 4452 sanctam
1100 4436 1117 4462 ,
1173 4397 1392 4451 domum
1460 4393 1793 4464 precationis
1869 4391 2021 4460 inqui

2228 4390 2376 4460 Ιστῶν
2424 4393 2768 4462 ποιήσαντες,
2813 4393 2911 4445 ούκ
2955 4391 3126 4446 ἄλλων
3153 4391 3186 4462 ἦ
3215 4390 3449 4453 ἑαυτῶν,
3483 4392 3755 4462 ἀργύριον

494 4497 684 4543 nantes
722 4525 739 4551 .
790 4487 1102 4557 speluncam
1178 4487 1342 4541 etiam
1417 4486 1665 4541 fecerunt
1700 4478 2001 4538 ‘latronum

2228 4498 2376 4574 οντες
2405 4481 2683 4554 ἀδόκιμον,
2719 4483 2812 4536 καὶ
2847 4482 3077 4546 διδόντες
3107 4481 3346 4544 ὀϐολοὺς,
3379 4481 3476 4534 καὶ
3514 4481 3755 4534 κόλλυϐα

495 4596 604 4636 non
637 4579 868 4634 aliorum
896 4595 1055 4650 quam
1084 4579 1166 4633 sui
1214 4580 1475 4649 ipsorum,
1506 4578 1598 4647 qui
1646 4585 1933 4646 argenturm
1963 4575 2022 4628 ha

2225 4572 2278 4637 νίς
2307 4573 2646 4644 προσιοῦσιν,
2693 4572 2886 4644 εὐτελῆ
2936 4573 3029 4626 καὶ
3068 4572 3524 4643 εὐκαταφρόνητα
3557 4573 3752 4644 νομίσ-

493 4672 622 4726 bent
651 4669 1031 4735 adulteratam,
1065 4669 1256 4724 dantes
1303 4667 1689 4723 accedentibus
1735 4665 1925 4721 obolos
1955 4705 1973 4732 ,
2008 4679 2020 4719 ι

2227 4683 2334 4720 ιτα.
2378 4661 2535 4720 Οὗτοί
2590 4666 2726 4718 εἰσιν
2765 4665 2814 4717 οἱ
2853 4663 3215 4734 λαμϐάνοντες
3253 4663 3359 4716 ἀπὸ
3404 4663 3514 4716 τῶν
3539 4663 3754 4733 ψυχῶν.

493 4763 727 4835 collyba,
759 4763 881 4816 vilia
911 4773 964 4816 et
996 4759 1423 4829 contemptibilia
1454 4758 1802 4812 numisntata.
1842 4755 1906 4810 lli
1935 4770 2020 4810 sur

2257 4756 2330 4828 τῷ
2357 4757 2604 4811 παλαίειν
2633 4755 2843 4819 αὐταῖς,
2877 4755 2945 4808 τὰ
2974 4753 3296 4825 τιμιώτερα,
3327 4753 3422 4806 καὶ
3458 4753 3662 4806 συλῶσι
3690 4756 3758 4806 τὰ

491 4856 585 4926 qui
613 4856 738 4909 dum
768 4870 890 4909 eum
935 4854 1224 4908 animabus
1276 4854 1568 4914 luctantur,
1621 4847 1940 4917 pretiosiora
1994 4861 2018 4900 a

2232 4847 2472 4913 »είττονα,
2485 4849 2570 4902 ἵνα
2586 4847 2716 4902 δῶσι
2732 4847 2800 4901 τὰ
2817 4846 3045 4919 μηδενὸς
3061 4845 3205 4910 ἀξια.
3224 4844 3369 4916 Πλὴν
3390 4845 3759 4918 πορευθέντες

493 4948 599 5004 illis
660 4945 909 5004 auferunt
975 4945 1465 5016 deprtndanturque
1521 4940 1942 5009 prtestantiora,
2003 4953 2020 4991 ι

2242 4940 2480 5013 μαθηταὶ
2509 4941 2822 5011 εὑρίσκουσι
2842 4938 2939 5010 τὴν
2961 4937 3248 5010 δεδεμένην
3272 4937 3414 5000 δνον,
3447 4938 3541 4991 καὶ
3563 4937 3758 4990 λύουσι

493 5044 626 5098 dent
652 5056 716 5096 ea
745 5055 866 5109 qua:
899 5039 1104 5094 nullius
1135 5045 1266 5092 sunt
1307 5034 1488 5104 pretii.
1524 5033 1778 5086 Attamen
1832 5031 2014 5099 profec

2232 5033 2256 5086 lt
2301 5033 2362 5086 τὸ
2403 5035 2746 5104 ἐπικείμενον
2789 5031 3054 5102 κάλυμμα
3092 5029 3168 5100 τῷ
3207 5029 3357 5100 νόμῳ
3410 5028 3621 5100 Ἰησοῦν
3653 5031 3759 5082 οῦκ

493 5133 744 5202 discipuli
781 5133 1062 5186 inveniunt
1091 5130 1301 5185 asinam
1339 5127 1614 5197 alligatam
1646 5163 1662 5188 ,
1714 5133 1770 5178 et
1802 5139 1908 5178 non
1958 5124 2020 5179 ha

2225 5141 2425 5194 patrav‘
2458 5127 2551 5179 καὶ
2602 5128 2630 5178 ὁ
2675 5123 2852 5187 πῶλος
2896 5122 2953 5175 δέ
2998 5119 3116 5191 μετ’
3165 5119 3335 5190 αὐτῆς
3391 5119 3752 5190 εὑρίσκεται·

496 5226 713 5281 beutem
743 5222 954 5287 Iesum,
989 5229 1210 5292 propter
1237 5219 1553 5286 impositum
1582 5214 1683 5286 legi
1711 5213 1980 5279 velamen,
2010 5230 2023 5267 ι

2232 5217 2292 5270 :el.
2321 5217 2607 5287 ἀμφότερα
2631 5217 2737 5288 πρὸ
2780 5213 2956 5287 Ἰησοῦ
2991 5213 3102 5285 (81)
3127 5208 3195 5283 ἦν
3231 5209 3578 5266 ἀπολωλότα·
3610 5208 3759 5278 λέγω

494 5319 728 5376 solvunt.
757 5315 898 5383 Quin
925 5315 1200 5370 invenitur
1225 5320 1281 5366 et
1309 5309 1488 5380 pullus
1513 5322 1636 5363 cum
1670 5319 1731 5360 ea
1759 5322 1773 5361 ;
1803 5307 2021 5375 qnoniar

2256 5309 2306 5361 oi.
2344 5310 2409 5362 ἐκ
2441 5301 2763 5381 περιτομῆς,
2803 5307 2895 5362 καλ⁵
2929 5308 2978 5360 οι
3027 5305 3134 5359 ἀπὸ
3167 5303 3272 5357 τῶν
3305 5301 3476 5355 ἐθνῶν
3525 5300 3761 5371 ὕστερον

494 5423 728 5482 utraque
759 5414 884 5464 ante
913 5407 1098 5462 Jesnm
1123 5404 1401 5474 perierant
1430 5418 1445 5456 :
1473 5399 1597 5455 dico
1624 5407 1805 5453 autem
1836 5407 1943 5450 tam
1969 5412 2021 5450 ec

2240 5400 2578 5466 στεύσαντες.
2615 5402 2740 5466 Πῶς
2767 5399 2823 5454 δὲ
2853 5394 2996 5454 οὗτοι
3024 5397 3184 5460 εὐθὺς
3208 5394 3368 5449 πάλιν
3396 5393 3763 5448 ἀποστέλλον-

564 5529 608 5562 ⁹⁷
646 5527 842 5597 Ephes.
879 5539 954 5586 vt,
986 5521 1074 5576 1‘2.
1169 5521 1214 5552 ”
1251 5519 1372 5575 Isai.
1405 5534 1444 5582 ι,
1475 5517 1528 5571 7.

562 5617 676 5687 (76)
691 5594 886 5687 Codex
909 5612 1130 5687 Regius,
1162 5610 1372 5687 εζκασε,
1402 5608 1561 5663 male.

2245 5605 2357 5687 (⁸7.9)
2386 5604 2497 5658 Καὶ
2529 5601 2700 5657 οἶκον
2730 5605 2855 5656 τόν.
2904 5601 3025 5656 Haec
3056 5599 3434 5654 desiderantur
3467 5597 3521 5650 in
3557 5594 3766 5650 codice

565 5676 1297 5757 (77)tueyn.a_ﬁ€a1;.ma|e¥
1455 5748 1466 5757 ,
1700 5749 1751 5757 ,,
1866 5747 1888 5757 -
1969 5753 1978 5757 _

831 5676 1297 5757 ῃαύτάςμιιιιιεξζ
1455 5748 1466 5757 ι
1700 5749 1751 5757 __
1866 5747 1888 5757 _
1969 5753 1978 5757 _
2177 5676 2358 5757 Regale:

916 5735 1115 5826 Regius
1133 5793 1149 5817 ,
1179 5751 1305 5812 τοὺς
1335 5748 1674 5826 προάγοντας
1700 5747 1904 5826 Μωσεῐ,
1932 5753 2062 5826 etc...

1932 5753 2062 5826 etc...
2248 5735 2361 5826 ζξυ)
2387 5745 2568 5826 βρύει
2604 5745 2826 5826 Regius,
2859 5742 2952 5826 ἀπ’
2976 5735 3439 5826 ἀγγέλωνὶμιιιιοίο.

497 5806 683 5894 εἰςῖίιῖὁ
710 5806 878 5878 multa
903 5806 1084 5876 omi’su
1116 5806 1237 5891 quae
1288 5806 1354 5874 ex
1381 5806 1702 5872 'noiueiaiio
1743 5818 1929 5872 codice
1979 5815 2024 5868 hi

1865 5830 1929 5870 ce
1979 5806 2066 5868 hic
2247 5806 2360 5888 (81)
2392 5817 2534 5871 ltlem
2568 5806 2758 5880 code},
2794 5813 2930 5884 πρὸς
2976 5806 3201 5880 Ἰησοῦν,
3233 5806 3392 5861 male.

500 5897 872 5949 restituuntur.
