3866 6510
91 454 161 509 56!
1180 455 1538 511 COMMENT.
1585 452 1650 507 IN
1690 450 1883 508 JOAN.
1928 454 2166 512 TUMUS
2205 456 2275 513 Χ.

3238 459 3343 514 36'}

92 592 155 630 ται
178 575 300 642 μετά
328 574 394 630 τὺ
433 578 888 633 ὲπικαθεσθέντα
916 577 1008 632 τδν
1050 577 1259 649 Ἰησοῦν
1280 580 1361 643 είς
1389 578 1459 632 τά
1499 579 1656 649 Ἱερο-

1766 575 1859 646 qui
1895 593 1961 633 ex
2014 579 2442 634 circumcisione
2490 593 2652 651 quam
2701 592 2796 634 eos
2828 585 2921 649 qui
2971 594 3036 635 ex
3095 580 3345 650 gentibus

92 667 255 738 σόλυμα
292 668 745 740 ἀναϐεϐηκέναι,
777 670 876 725 οὐκ
907 670 1188 725 ἀκίνδυνον
1228 672 1423 736 εἰπεῖν,
1465 688 1654 742 μυστι-

91 760 162 812 ιδν
184 757 281 830 γὰρ
313 759 603 830 ἐχόμενον
632 762 734 834 τῆς
767 760 893 834 περὶ
926 761 1032 815 τῶν
1068 762 1240 831 ἁγίων
1272 763 1352 826 είς
1390 761 1654 832 ἀγγέλους

94 850 373 921 μεταϐολῆς,
403 852 977 925 ἀποσταλησομένους
1011 852 1153 907 κατά
1176 853 1267 909 τὸν
1298 854 1434 926 μετά
1467 852 1653 909 τοῦτον

90 942 243 1003 αίῶνα.
272 943 705 1016 παραπλησίως
736 946 849 1007 τοῖς
877 945 960 1008 είς
986 943 1258 998 διακονίαν
1283 943 1654 1019 ἀποσταλησο-

92 1035 236 1105 μένοις
251 1034 437 1088 λειτου
447 1038 678 1107 ργικοῖς
701 1034 970 1107 πνεύμασι
989 1035 1076 1089 διὰ
1096 1036 1223 1100 τοὺς
1244 1036 1383 1091 κατά
1398 1053 1461 1107 γε
1480 1036 1654 1093 ταῦτα

92 1127 341 1198 μέλλοντας
356 1129 741 1201 κληρονομεῖν
766 1128 909 1199 ζωὴν
928 1127 1163 1184 αἰώνιον.
1182 1130 1245 1184 Ei
1268 1130 1324 1184 δὲ
1350 1132 1382 1201 ἠ
1413 1130 1535 1195 δνος
1560 1132 1655 1185 καὶ

88 1220 286 1284 homo;
314 1220 388 1274 τά
423 1221 655 1275 παλαιά
686 1221 779 1275 καὶ
808 1221 875 1275 τὰ
911 1220 1069 1275 καινὰ
1105 1222 1189 1294 εἴη
1217 1221 1542 1294 γράμματα,
1572 1216 1654 1287 οἷς

87 1312 269 1382 ὄΛόγος
305 1313 533 1386 ὀχεῖται
566 1313 666 1368 τοῦ
697 1313 853 1382 Θεοῦ,
894 1314 956 1369 ού
1000 1315 1138 1370 πάνυ
1167 1333 1218 1369 τι
1243 1315 1474 1387 χαλεπὸν
1502 1314 1652 1369 ἔσται

87 1403 401 1475 παραστῆσαι
440 1405 577 1469 πῶς
609 1405 1029 1461 ἀποστέλλονται
1057 1406 1151 1483 τοῦ
1174 1407 1349 1476 Λόγου
1384 1408 1444 1462 ὲν
1471 1410 1655 1472 αὐτοῖς

88 1498 325 1567 φανέντος,
359 1499 428 1552 οὐ
468 1498 546 1572 [Ῑ.
582 1498 731 1573 οὐδὲ]
775 1500 991 1571 μένουσι
1020 1501 1160 1572 μετά
1193 1501 1255 1555 τὸ
1287 1501 1547 1556 εἰσελθεῖν
1574 1505 1654 1569 είς

94 1589 411 1662 Ἰεροσόλυμα
448 1592 553 1646 τὸν
590 1593 765 1662 Λόγον
792 1595 851 1648 ὲν
876 1597 985 1660 τοῖς
1013 1595 1416 1669 ἀποϐεϐληκόσι
1446 1588 1655 1663 πάντας

86 1684 185 1748 τοῦς
212 1684 572 1752 πωλοῦντας,
614 1687 711 1740 καὶ
757 1686 1124 1757 ἀγοράζοντας
1160 1689 1470 1761 λογισμούς.
1513 1691 1656 1761 Ἐγὼ

83 1770 277 1847 δὲάμαι
306 1777 383 1850 μὴ
421 1778 619 1850 μάτην
649 1778 843 1852 κώμην
868 1796 926 1833 τε
956 1776 1093 1834 εἶναι
1120 1780 1211 1835 τὸν
1241 1782 1405 1837 τόπον
1438 1781 1655 1849 τοῦτον,

84 1871 190 1923 ὅπου
223 1866 288 1941 ἦν
324 1871 360 1942 ἡ
405 1871 690 1943 δεδεμένη
733 1872 875 1937 δνος,
908 1874 1003 1927 καὶ
1035 1874 1064 1927 6
1111 1874 1310 1940 πῶλος,
1355 1876 1451 1931 καὶ
1497 1876 1657 1930 τοῦτο

85 1960 327 2034 ἀνώνυμον
347 1979 361 1993 ⁸
401 1962 583 2035 κώμη
609 1963 720 2036 γάρ
745 1963 821 2029 ώς
854 1964 991 2037 πρὸς
1031 1965 1121 2019 τὸν
1151 1967 1210 2020 ὲν
1234 1967 1449 2040 οὐρανῷ
1482 1969 1658 2024 πάντα

86 2054 255 2126 κόσμον
293 2057 327 2128 ή
361 2056 532 2111 πᾶσά
579 2058 701 2112 ἐστι
741 2057 838 2129 γῆ,
882 2059 1014 2113 ὅπου
1065 2060 1233 2125 ἐστὶν,
1270 2062 1301 2132 ή
1336 2061 1656 2135 δεδεμένηή

87 2147 180 2209 bis;
216 2148 304 2201 καὶ
345 2151 376 2201 6
433 2147 663 2211 πῶλοςο
706 2148 801 2201 καὶ
850 2147 883 2220 ή
937 2147 1096 2221 κώμη
1151 2149 1441 2221 αὐτάρκως
1489 2151 1658 2221 χωρὶς

88 2241 367 2314 προσθήκης
391 2243 598 2314 ἐτέρου
622 2241 885 2314 ὀνόματος
910 2242 1240 2315 καλουμένη.
1279 2244 1410 2298 Ἀπὸ
1440 2243 1658 2316 Βηθφα-

89 2335 169 2405 τῆς
188 2335 242 2390 δὲ
282 2338 312 2390 ὁ
351 2335 655 2400 Ματθαῖός
686 2353 850 2407 φησιν
883 2335 1302 2391 ἀποστέλλεσθαι
1327 2337 1455 2402 τοὺς
1480 2354 1657 2409 παρα-

88 2428 391 2501 ληψομένους
438 2429 552 2500 τὴν
584 2429 713 2484 δνον
746 2430 840 2484 καὶ
885 2430 979 2484 τὸν
1020 2429 1218 2495 πῶλον,
1248 2430 1371 2502 ἥτις
1399 2430 1564 2495 τόπος
1588 2426 1657 2503 ἦν

88 2521 343 2593 ἱερατικδς,
432 2515 627 2586 Οἶκος
661 2521 966 2590 σιαγόνων
1043 2521 1494 2594 ἑρμηνευόμενος.
1548 2524 1658 2578 Καὶ

85 2612 227 2666 ταῦτα
267 2613 366 2685 μὲν
396 2612 559 2667 κατὰ
605 2613 834 2685 δύναμιν
877 2615 955 2678 είς
1000 2611 1069 2665 τὰ
1108 2611 1259 2684 παρά
1283 2610 1361 2683 τῷ
1393 2610 1657 2683 Ματθαίιρ

86 2706 288 2772 λεκτέον,
312 2706 413 2761 τοῦ
440 2706 753 2779 ὁλοκλήρου
779 2707 872 2759 καὶ
898 2703 1049 2777 παρά
1070 2704 1243 2759 ταῦτα
1263 2703 1655 2777 ἀκριϐεστέρου

85 2797 213 2867 λόγου
262 2799 704 2872 εὐκαιρότερον,
755 2799 883 2852 ὅταν
933 2798 1013 2862 είς
1065 2797 1127 2851 τὸ
1174 2796 1317 2851 κατὰ
1375 2795 1656 2851 Ματθαῖον

85 2892 191 2962 ἡμῖν
216 2891 394 2961 λέγειν
432 2890 599 2963 δοθῇ,
621 2890 1034 2962 λεχθησομένου.
1076 2889 1135 2945 '0
1165 2889 1223 2944 δὲ
1254 2889 1480 2965 Μάρκος
1506 2888 1601 2943 καὶ
1627 2889 1656 2941 6

87 2984 264 3048 Λωκᾶς
291 2983 476 3038 πῶλον
504 2982 816 3054 δεδεμένον,
841 2982 925 3051 ἐφ’
945 2982 1004 3038 ὃν
1030 2982 1205 3047 οὐδείς
1238 2996 1325 3036 πω
1354 2980 1656 3053 ἀνθρώπων

88 3072 327 3137 ἐκάθισεν,
371 3072 662 3145 εὑρῆσθαί
706 3090 836 3144 φησι
882 3072 1023 3126 κατά
1065 3073 1165 3145 τὴν
1214 3070 1509 3147 πρόσταξιν
1559 3070 1654 3125 τοῦ

88 3163 260 3235 Κυρίου
289 3166 395 3220 61:6
421 3164 542 3219 τῶν
590 3164 687 3218 δύο
719 3164 992 3237 μαθητῶν,
1027 3166 1207 3219 ὅντινα
1238 3164 1497 3229 λύσαντες
1522 3166 1657 3235 ἢγα-

1760 678 1943 738 postea
2014 671 2391 728 crediderunt.
2454 669 2657 725 Verum
2718 672 3002 728 enimvero
3071 674 3347 743 quomodo

1762 775 1884 816 mox
1918 777 2107 818 rursus
2141 763 2194 818 hi
2234 764 2546 830 mittuntur,
2574 773 2855 835 postquam
2888 765 3127 822 insidens
3177 760 3351 818 asinae

1763 851 2030 909 Dominus
2077 851 2477 925 Jerosolymam
2528 857 2816 924 ascendit,
2852 857 2956 912 dici
3011 873 3117 913 non
3167 872 3347 934 potes:

1760 946 1878 1003 sine
1937 948 2205 1018 periculo,
2257 964 2348 1005 res
2384 951 2586 1024 alioqui
2626 950 2852 1024 mystica
2880 992 2896 1019 ,
2950 961 3004 1006 et
3049 951 3341 1023 conjuncta

1761 1040 2050 1097 mutationi
2090 1051 2406 1098 sanctorum
2442 1042 2497 1098 in
2532 1044 2759 1114 angelos
2807 1043 3101 1099 mittendos
3150 1043 3202 1097 in
3255 1041 3341 1096 fu-

1763 1145 1885 1192 turo
1914 1135 2132 1200 saeculo,
2167 1136 2396 1207 perinde
2421 1144 2586 1208 atque
2617 1136 2695 1191 illi
2741 1135 3200 1191 administratorii
3232 1136 3345 1206 spi-

1761 1228 1902 1283 ritus
1928 1228 1996 1293 ⁸⁸,
2029 1227 2123 1299 qui
2173 1228 2464 1283 mittuntur
2510 1228 2564 1284 in
2601 1228 2961 1283 ministerium
3011 1242 3199 1283 eorum
3248 1228 3339 1296 qui

1760 1320 2136 1376 haereditatem
2189 1320 2491 1377 sortientur
2519 1322 2644 1376 vitae
2670 1330 2897 1377 aeterna:
2928 1333 3154 1391 propter
3202 1322 3338 1375 haec.

1761 1408 1912 1475 Quod
1965 1410 2009 1464 si
2068 1409 2218 1463 asina
2274 1419 2329 1465 et
2389 1408 2582 1485 pullus.
2619 1407 2815 1463 litterm
2848 1418 3065 1463 veteres
3099 1418 3152 1462 et
3185 1419 3342 1461 novae

1761 1510 1929 1566 sunt,
1975 1502 2171 1571 quibus
2202 1500 2396 1557 Sermo
2427 1501 2515 1557 ille
2565 1501 2656 1556 Dei
2691 1500 2929 1566 vehitur,
2972 1499 3113 1554 haud
3147 1500 3340 1553 admo-
3452 1552 3471 1563 κ

1763 1594 1888 1651 dum
1921 1593 2142 1650 diﬂicile
2178 1592 2340 1647 fuerit
2368 1594 2657 1648 ostendere
2682 1634 2697 1659 ,
2748 1602 3035 1664 postquam
3082 1592 3344 1648 insederit

1763 1701 1926 1756 super
1953 1685 2063 1740 illis
2102 1684 2319 1753 Sermo,
2346 1694 2401 1741 et
2429 1694 2716 1755 postquam
2750 1684 3030 1755 ingressus
3055 1684 3219 1740 fuerit
3247 1682 3343 1739 Je-

1763 1778 2116 1850 rosolymam,
2175 1778 2450 1847 quomodo
2502 1776 2853 1832 remittantur
2898 1791 3006 1831 non
3063 1785 3345 1830 manentes

1764 1873 1913 1929 inter
1946 1886 2042 1928 eos
2090 1870 2183 1942 qui
2230 1871 2509 1942 eiecerunt
2557 1885 2587 1925 a
2640 1884 2700 1925 se
2745 1869 3105 1940 cogitationes
3153 1883 3346 1925 omnes
3446 1928 3447 1931 η

1693 1943 1732 2000 Β
1762 1965 2059 2020 vendentes
2106 1972 2161 2018 et
2194 1970 2460 2019 ementes.
2496 1960 2751 2019 Arbitror
2789 1976 2919 2019 vero
2948 1974 3050 2031 ego
3077 1977 3185 2016 non
3223 1960 3341 2016 fru-

1759 2068 1871 2112 stra
1910 2058 2075 2113 etiam
2109 2056 2313 2124 vicum,
2342 2070 2573 2128 eumque
2599 2056 2719 2110 sine
2748 2056 2987 2118 nomine,
3018 2070 3138 2111 esse
3160 2055 3340 2110 locum

1760 2151 1930 2217 hunc,
1962 2149 2051 2205 ubi
2079 2149 2293 2220 alligata
2327 2149 2479 2205 asina
2522 2158 2643 2204 erat
2671 2157 2725 2203 et
2756 2148 2955 2217 pullus.
2994 2145 3159 2202 Vicus
3193 2146 3340 2202 enim

1760 2243 2171 2313 comparatione
2229 2243 2399 2298 totius
2428 2251 2679 2306 ornatus,
2711 2242 2802 2311 qui
2834 2240 2995 2296 estin
3028 2240 3189 2304 ctrlo,
3222 2239 3344 2292 uni-

1760 2350 1918 2391 versa
1948 2347 2033 2390 est
2065 2344 2234 2401 terra,
2268 2334 2358 2389 ubi
2386 2344 2467 2391 est
2510 2333 2731 2405 alligata
2763 2334 2916 2389 asina
2944 2340 2999 2388 et
3031 2332 3207 2403 pullus
3242 2346 3257 2385 :
3290 2338 3346 2384 et

1760 2431 1915 2486 vicus
1948 2438 2244 2486 contentus
2277 2429 2462 2485 vocari
2512 2429 2717 2499 absque
2767 2427 3069 2496 adjectione
3115 2424 3344 2482 alterius

1760 2523 2022 2578 nominis.
2055 2522 2097 2577 Α
2130 2521 2445 2594 Bethphage
2469 2536 2599 2577 vero
2629 2519 2916 2576 Matthaaus
2938 2519 3115 2589 inquit
3139 2517 3184 2550 "
3212 2517 3346 2572 mis-

1759 2628 1848 2669 sos
1879 2613 2037 2684 192
2071 2611 2257 2678 fuisse,
2288 2613 2380 2683 qui
2412 2620 2754 2667 assumercnt
2785 2608 2993 2664 asinam
3026 2617 3079 2663 et
3114 2605 3341 2678 pullum.

1765 2705 1911 2763 Sane
1943 2707 2057 2762 hmo
2088 2705 2401 2777 Bethpbage
2454 2704 2605 2759 locus
2653 2710 2738 2758 est
2768 2699 3145 2768 sacerdotalis,
3177 2713 3340 2772 quem
3400 2773 3409 2777 -

1759 2798 1806 2853 si
1877 2796 2256 2867 interpreteris
2285 2838 2301 2863 ,
2354 2810 2553 2852 vocare
2596 2796 2777 2866 possis
2826 2794 3040 2848 domum
3090 2793 3343 2846 maxilla-

1761 2903 1899 2943 rum.
1936 2887 2002 2942 Et
2032 2887 2145 2942 haec
2168 2886 2386 2957 quidem
2419 2884 2732 2949 habuimus,
2782 2896 2904 2953 qua:
2948 2880 3343 2936 dissereremus

1760 2997 1857 3054 pro
1888 2979 2031 3037 virili
2065 2980 2133 3035 de
2165 2980 2252 3035 his
2296 2994 2419 3049 qua:
2448 2987 2574 3033 sunt
2626 2975 2770 3048 apud
2818 2972 3133 3029 Mattheum
3164 2986 3182 3038 ;
3220 2971 3342 3041 ple-

1759 3077 1968 3132 niorem
2019 3082 2185 3143 atque
2242 3070 2639 3127 accuratiorem
2695 3080 3007 3124 sermonem
3071 3061 3338 3125 habituri,

1760 3170 1904 3226 nacti
1924 3165 2351 3224 commodiorem
2370 3162 2718 3218 occasionem
2741 3157 3137 3230 interpretandi
3164 3156 3341 3211 Evan-

88 3272 165 3322 γον
194 3257 322 3330 πρὸς
351 3259 450 3312 τὸν
503 3256 739 3329 Κύριον.
793 3256 1125 3329 Προστίθησι
1153 3257 1209 3312 δὲ
1237 3259 1266 3312 6
1292 3259 1540 3331 Μάρκος,
1570 3258 1653 3312 ὅτι

1759 3261 1956 3333 gelium
1981 3275 2012 3314 ιι
2044 3257 2299 3313 Μειιιιαιο
2332 3255 2612 3311 traditum.
2645 3253 2718 3309 At
2748 3252 2963 3307 Marcus
2992 3260 3046 3307 et
3078 3249 3257 3308 Lucas
3290 3248 3337 3282 "

92 3345 218 3420 εὖρον
252 3351 344 3404 τὸν
384 3351 577 3405 πῶλον
608 3349 890 3421 δεδεμένον
918 3351 1056 3424 πρὸς
1084 3349 1253 3422 θύραν
1282 3351 1387 3417 ἔξω
1437 3353 1529 3406 ἐπὶ
1559 3351 1654 3406 τοῦ

1759 3353 1965 3425 pullum
1992 3349 2271 3423 alligatum
2296 3389 2315 3417 ,
2344 3361 2507 3417 super
2550 3360 2712 3417 quem
2753 3343 2932 3400 nullus
2960 3356 3198 3413 unquam
3234 3341 3338 3395 ho-

92 3442 319 3511 ἀμξόδου.
363 3444 466 3506 Τίς
520 3444 583 3497 δὲ
636 3443 772 3510 Ego);
801 3444 850 3497 οί
885 3443 993 3497 ἀπὸ
1037 3442 1146 3496 τῶν
1187 3442 1378 3508 ἐθνῶν,
1419 3444 1469 3497 οἳ
1515 3440 1656 3516 ἦσαν

1758 3446 1966 3501 minum
2017 3443 2294 3507 sedisset,
2359 3448 2635 3511 repertum
2690 3436 2881 3492 dicunt
2920 3433 3075 3505 juxta
3122 3430 3337 3489 Domini

96 3525 209 3590 ξένοι
238 3530 341 3584 τῶν
384 3531 711 3603 Διαθηκῶν,
743 3532 836 3585 καὶ
869 3532 1136 3604 ἀλλότριοι
1194 3534 1289 3603 τῆς
1324 3534 1655 3603 ἐπαγγελίας

1759 3539 2056 3609 iussionem
2084 3550 2114 3591 a
2146 3534 2358 3591 duobus
2402 3529 2685 3599 discipulis
2706 3570 2723 3596 ,
2754 3540 2915 3599 quem
2969 3524 3209 3582 solutum
3265 3523 3334 3576 ad

91 3620 165 3672 τοῦ
185 3620 330 3683 Θεοῦ,
376 3624 474 3676 ἐπὶ
504 3622 609 3677 τοῦ
651 3625 917 3694 ἀμφόδου,
949 3625 1043 3679 καὶ
1076 3625 1196 3695 ούχὶ
1240 3625 1346 3678 ὑπὸ
1388 3626 1587 3696 στέγην
1620 3626 1653 3697 ἦ

91 3711 239 3763 οὶκίαν
258 3714 698 3787 ἀναπαυόμενοι,
719 3715 985 3786 δεδεμένοι
1012 3718 1133 3780 ταῖς
1160 3715 1316 3780 ἰδίαις
1339 3716 1653 3789 ἁμαρτίαις,

94 3804 170 3855 καὶ
193 3805 434 3877 λυόμενοι
462 3809 577 3862 61:6
619 3808 719 3880 τῆς
761 3810 1164 3882 προειρημένης
1206 3809 1401 3880 διπλῆς
1435 3809 1658 3880 ἐπιστή-

98 3913 183 3965 μης
202 3898 301 3953 τῶν
343 3900 525 3965 Ἰησοῦ
555 3901 872 3973 γνωρίμων.
905 3903 968 3956 Ol
1000 3901 1055 3955 δὲ
1087 3902 1278 3973 δεσμοὶ
1310 3901 1405 3955 τοῦ
1434 3901 1656 3974 δεδεμέ-

94 4006 167 4041 νου
194 3991 387 4061 πώλου,
418 3996 517 4049 καὶ
553 3995 616 4049 αἱ
663 3994 927 4069 ἁμαρτίαι
970 3996 1099 4067 περὶ
1138 3995 1248 4066 (82)
1276 3995 1367 4049 τὸν
1400 3995 1529 4067 ὑγιῆ
1563 4013 1655 4066 γε-

92 4085 356 4155 γενημέναι
382 4088 550 4157 λόγον
583 4087 937 4158 ὲλεγχόμεναι
968 4089 1059 4142 ὑπ’
1087 4086 1278 4152 αὐτοῦ,
1311 4088 1482 4160 θύρας
1524 4106 1656 4158 τυγ-

92 4173 314 4243 liam-co;
339 4176 509 4252 ζωῆς,
544 4179 687 4251 πρὸς
713 4180 927 4251 ἐκείνην
956 4179 1099 4250 λέγω
1128 4179 1193 4252 δὴ
1225 4180 1323 4252 τῆς
1355 4179 1525 4252 θύρας
1543 4176 1652 4251 (85)

92 4258 208 4331 ἦσαν
235 4269 330 4323 ούκ
355 4271 529 4334 ἔνδον,
563 4270 683 4325 ἀλλ’
713 4269 846 4334 ἔξωο
878 4271 1021 4342 τάχα
1045 4271 1155 4344 γὰρ
1187 4270 1332 4324 ἔνδον
1363 4271 1463 4342 τῆς
1485 4271 1656 4345 θύρας

94 4356 264 4430 δεσμὸς
287 4362 543 4432 γενέσθαι
587 4362 691 4433 τῆς
734 4364 930 4428 κακίας
979 4365 1042 4418 οὐ
1077 4363 1320 4418 δύναται.
1359 4365 1655 4436 Έστήκασι

94 4449 138 4503 δέ
172 4470 306 4519 τινες
351 4456 505 4529 παρά
558 4454 643 4527 τῷ
697 4456 961 4529 δεδεμένῳ
1010 4456 1196 4529 πώλῳ,
1236 4456 1313 4522 ὡς
1365 4460 1394 4511 6
1427 4457 1655 4530 Μάρκος

94 4546 265 4615 φησὶν,
310 4545 487 4620 οἶμαι,
521 4551 611 4605 ὃτι
653 4552 703 4604 οἱ
751 4550 1011 4623 δήσαντες
1059 4552 1257 4615 αὑτὸν,
1314 4552 1390 4615 ὡς
1439 4553 1656 4618 Λουκᾶς

1760 3630 2046 3685 Dominum
2084 3625 2357 3681 duxerint.
2394 3622 2560 3679 Addit
2591 3629 2773 3677 autem
2806 3618 3025 3673 Marcus
3063 3622 3339 3687 repertum

1758 3722 1966 3793 pullum
2004 3718 2286 3791 alligatum
2339 3717 2406 3772 ad
2453 3716 2683 3786 januam
2740 3712 2875 3768 foris
2912 3711 2967 3767 in
3026 3710 3194 3767 bivio.
3232 3706 3338 3763 Sed

1756 3817 1879 3887 quis
1911 3814 2044 3871 foris
2073 3822 2217 3883 erat,
2253 3810 2357 3866 nisi
2382 3808 2632 3882 gentiles,
2664 3804 2913 3862 extranei
2943 3819 2974 3858 a
3016 3801 3342 3858 Testamen-

1756 3911 1849 3974 tis,
1882 3916 1937 3962 et
1973 3906 2136 3961 alieni
2194 3920 2223 3960 a
2268 3902 2638 3974 promissione
2673 3899 2767 3953 Dei
2797 3898 2877 3962 ”;
2923 3897 2975 3950 in
3008 3895 3181 3961 bivio,
3229 3910 3336 3949 non

1755 4004 1856 4060 sub
1892 4012 2034 4057 tecto
2063 4002 2294 4056 domove
2326 3996 2748 4068 acquiescentes
2773 4032 2790 4058 ,
2830 3988 3069 4062 propriis
3100 3990 3339 4056 peccatis

1754 4092 1942 4154 vincti,
1976 4102 2029 4147 et
2061 4089 2222 4146 soluti
2252 4103 2282 4143 a
2308 4086 2571 4159 praedicta
2606 4082 2811 4153 duplici
2836 4079 3065 4137 scientia
3094 4077 3339 4133 familiar

1757 4185 1898 4240 rium
1948 4180 2127 4237 Jesu?
2178 4177 2407 4234 Vincula
2441 4191 2574 4233 vero
2623 4174 2862 4247 alligata:
2906 4171 3098 4252 asing,
3124 4179 3185 4228 et
3218 4185 3342 4242 pec-

1757 4284 1877 4331 cata
1915 4273 2054 4329 facta
2113 4272 2261 4328 circa
2316 4285 2506 4325 sanam
2561 4268 2866 4324 doctrinam
2916 4265 3210 4336 redarguta
3270 4265 3341 4317 ah

1758 4368 1897 4437 ipso,
1933 4366 2025 4436 qui
2060 4374 2182 4419 erat
2224 4362 2394 4432 janua
2427 4360 2553 4416 vitae
2583 4358 2654 4423 “,
2688 4366 2937 4429 respectu
2984 4356 3135 4411 illius
3158 4354 3341 4424 jannze

1760 4460 1904 4524 vitae,
1938 4474 2044 4513 non
2088 4464 2247 4512 erant
2280 4455 2421 4508 intra
2452 4449 2701 4523 ianuam,
2742 4449 2836 4506 sed
2870 4445 3023 4504 foris.
3054 4444 3191 4502 Nam
3231 4444 3341 4499 for-

1760 4551 1926 4609 tassis
1955 4551 2095 4604 intra
2126 4546 2350 4617 januam
2398 4544 2515 4600 ﬁeri
2559 4542 2753 4613 nequit
2792 4539 3069 4595 vinculum
3116 4536 3340 4594 vitiosi-

94 4636 394 4712 ἀναγράφει,
439 4640 614 4698 εἶπαν
658 4644 709 4697 οἱ
750 4642 927 4716 κύριοι
970 4643 1062 4697 τοῦ
1113 4644 1294 4698 πώλου
1338 4644 1476 4717 πρὸς
1525 4646 1652 4710 τοὺς

1760 4645 1909 4698 tatis.
1944 4640 2233 4696 Steterunt
2264 4645 2466 4701 autem,
2517 4642 2576 4689 ut
2623 4631 2839 4689 Marcus
2870 4629 3084 4693 scribit,
3118 4628 3339 4699 quidam

98 4728 334 4801 μαθητάς·
385 4735 493 4789 «Τί
539 4734 704 4789 λύετε
748 4735 838 4789 τὸν
891 4735 1141 4804 πῶλονμ
1189 4735 1385 4809 Κύριοι
1435 4738 1544 4810 γὰρ
1599 4739 1651 4792 οἱ

95 4818 449 4892 ὑποτάξαντες,
482 4829 584 4881 καὶ
612 4827 875 4897 δήσαντες
901 4827 992 4882 τὸν
1018 4829 1395 4901 ἡμαρτηκότα,
1424 4831 1654 4902 παράνο-

96 4928 185 4977 μοι.
199 4917 393 4984 οἵτινες
415 4920 478 4973 ού
511 4919 771 4974 δύνανται
792 4919 1105 4991 ἀντιϐλέψαι
1128 4920 1207 4992 τῷ
1230 4921 1445 4993 ἀληθῶς
1459 4923 1652 4995 Κυρίῳ

94 5001 353 5066 εςςέλκοντι
401 5007 497 5062 τοῦ
552 5006 760 5079 δεσμοῦ
810 5008 988 5064 αὐτῶν
1024 5009 1116 5063 τὸν
1157 5008 1355 5065 πῶλον.
1394 5012 1516 5065 Ὅτι
1560 5008 1654 5067 οὖν

94 5106 234 5157 φασιν
257 5100 305 5151 oi
338 5099 620 5173 μαθηταί’
657 5118 678 5152 ι
718 5100 776 5153 '0
814 5101 1017 5173 Κύριος
1046 5100 1213 5156 αὑτοῦ
1257 5100 1446 5173 χρείαν
1472 5101 1605 5173 ἔχει,
1628 5123 1647 5155 ι

96 5185 239 5253 μηᾶν
254 5189 595 5263 δυνηθέντων
616 5190 725 5245 τῶν
743 5192 991 5265 πονηρῶν
1012 5191 1217 5265 κυρίων
1237 5192 1650 5266 ἀποκρίνεσθαι,

91 5272 259 5340 ἆτουσι
299 5283 436 5354 πρὸς
476 5284 574 5337 τὸν
631 5281 841 5352 Ἰησοῦν
869 5283 958 5338 τὸν
1005 5283 1180 5338 πῶλον
1221 5284 1450 5356 γυμνὸν,
1495 5287 1653 5359 ἑπιρ-

96 5362 314 5427 ρίπτουσι
350 5375 444 5428 τὸν
469 5375 608 5429 ἴδιον
637 5373 864 5443 κόσμον,
892 5375 977 5429 ἵνα
1012 5379 1127 5440 τοῖς
1170 5375 1513 5448 ἐπιϐληθεῖσι
1543 5379 1652 5433 τῶν

96 5454 345 5526 μαθητῶν
362 5468 606 5538 ἱματίοις
636 5466 1016 5531 ἑπικαθεσθεὶς
1045 5470 1074 5521 6
1101 5467 1305 5539 Κύριος
1332 5469 1651 5541 ἀναπαύση-

91 5554 181 5596 ται-
201 5548 350 5607 Τάδὲ
368 5557 532 5613 λοιπὰ
555 5560 626 5612 ὲκ
651 5557 764 5611 τῶν
789 5559 1087 5630 εἰρημένων
1113 5560 1264 5633 παρὰ
1290 5560 1369 5631 τῷ
1384 5560 1647 5635 Ματθαίῳ

180 5641 223 5674 ⁸⁸
252 5646 415 5710 Hebr.

95 5707 131 5736 "
153 5709 295 5770 30:".
328 5739 384 5789 χ,
400 5707 465 5780 '9.

152 5807 256 5949 (Si;
272 5815 452 5897 Codex
481 5818 837 5896 Bodleianus,
877 5818 1002 5888 περί
1027 5835 1040 5849 ο
1073 5817 1274 5884 Regius
1294 5860 1310 5883 ,
1340 5819 1513 5891 παρά.

153 5879 237 5944 (33
289 5888 404 5949 7ης
431 5891 644 5949 θύρας.
713 5885 1064 5943 Scribe-dum
1123 5889 1355 5949 videtur.
1402 5890 1501 5949 τὴν

153 5879 256 5949 (⁸5)
289 5886 404 5954 Τῆς
431 5891 644 5956 θύρας.
713 5879 1064 5943 Scribe-dum
1123 5879 1355 5955 videtur,
1402 5879 1501 5959 τὴν
1553 5884 1744 5957 θύραν.

307 5978 580 6040 Panos.
629 5978 758 6041 Gn.
797 5976 965 6039 XIV.

1763 4733 1905 4803 apud
1959 4730 2240 4801 alligatum
2292 4726 2537 4798 pullum,
2588 4724 2850 4781 nimirum
2888 4722 2982 4794 qui
3035 4721 3342 4791 ligaverunt

1760 4828 1962 4899 ipsum,
2000 4822 2131 4893 pulli
2168 4820 2396 4887 domini,
2429 4828 2489 4874 ut
2526 4817 2701 4873 Lucas
2730 4814 2944 4881 scribit,
2981 4813 3342 4881 dixeruntque

1762 4920 1831 4977 ad
1847 4916 2145 4987 discipulos
2174 4933 2188 4969 :
2225 4933 2244 4967 ι
2270 4911 2380 4969 Cur
2406 4909 2608 4982 pullum
2637 4906 2885 4963 solvitis?
2906 4925 2924 4956 ι
2952 4901 3166 4958 Domini
3192 4900 3337 4956 enim

1763 5016 1855 5087 qui
1887 5012 2234 5083 subiecerant
2264 5015 2319 5063 et
2339 5005 2647 5077 ligaverant
2674 5006 3041 5087 peccatorem,
3086 4992 3265 5087 iniqui
3286 5000 3341 5046 et

1760 5082 2165 5176 exlegesrsunt,
2197 5098 2290 5170 qui
2314 5095 2594 5164 respicere
2624 5085 2987 5176 ncqueuntgin
3011 5082 3341 5176 verum‘Do-

1763 5169 1970 5253 mitium
1999 5169 2322 5247 liberantem
2351 5183 2555 5256 pullum
2591 5194 2621 5233 a
2649 5174 3167 5245 vinculisipsorum.
3200 5169 3343 5239 Quo.

1761 5289 1911 5347 niam
1944 5298 2076 5355 ergo
2110 5281 2363 5350 inquiunt
2394 5269 2646 5343 discipuli
2681 5287 2699 5324 :
2740 5285 2760 5320 ι
2792 5266 3057 5322 Dominus
3084 5262 3179 5318 ilio
3205 5274 3342 5355 Opus

1763 5377 1955 5443 habet,
1994 5350 2035 5428 ί
2051 5371 2185 5427 nihil
2219 5364 2529 5423 valentibus
2571 5359 2754 5432 pravis
2777 5356 3013 5414 dominis
3045 5350 3341 5423 responde-

1758 5489 1842 5537 re,
1875 5471 2088 5525 ducunt
2136 5464 2203 5521 ad
2252 5460 2433 5517 Iesum
2465 5455 2669 5527 pullum
2709 5453 2939 5514 nudum,
2990 5457 3049 5505 et
3092 5446 3343 5502 subster-

1756 5573 1892 5621 nunt
1917 5560 2192 5633 proprium
2219 5560 2622 5615 ornamentum,
2645 5559 2705 5604 ut
2736 5548 2954 5620 injectis
3005 5540 3345 5598 vestimentis

466 5670 505 5718 ι,
544 5654 640 5707 14.
731 5653 779 5691 ε¹⁷
812 5652 994 5711 Matth.
1027 5670 1153 5723 xxi,
1188 5657 1242 5723 t,
1269 5655 1330 5711 2.
1415 5656 1461 5689 ⁸⁸
1484 5654 1656 5719 Marc.

1759 5704 1772 5730 ,
1809 5661 1866 5727 Ξ,
1902 5658 1959 5724 4,
1993 5657 2065 5725 7;
2100 5653 2231 5708 Luc.
2264 5664 2379 5715 six,
2404 5645 2499 5715 ‘50,
2537 5644 2631 5712 '52,
2659 5644 2752 5700 55.
2856 5642 2905 5676 "
2937 5640 3139 5711 Eplies.
3162 5652 3221 5699 ιι.
3252 5638 3341 5693 12.

2987 5960 3061 6020 1'2
