3816 6570
483 428 584 482 563
1955 440 1990 497 Ο

2208 441 2283 498 IIS
3633 442 3715 498 ’δεδι

480 546 865 618 discipulorum
890 550 1134 610 insidens
1155 552 1312 611 Jesns
1340 555 1606 626 quiescat.
1637 556 1845 614 Caetera
1878 573 1940 613 ex
1966 560 1987 614 ι

2308 560 2392 614 iw
2427 578 2479 615 τι
2510 561 2665 616 ἔσται
2696 561 2906 632 ἀσαφῆ,
2939 561 3059 615 τίνα
3098 561 3300 634 τρίπον
3343 578 3362 612 ι
3387 558 3640 633 ἔρχονται
3658 566 3719 625 εἰς
3813 574 3815 603 τ

478 654 597 709 quae
632 641 776 697 dicta
813 653 941 701 sunt
995 647 1136 715 apud
1173 646 1489 719 Matthmnm
1523 690 1538 717 ,
1597 665 1701 705 non
1754 652 1985 708 admodn

2308 653 2533 724 σόλυμα,
2568 654 2663 709 καὶ
2707 652 2965 708 εἰσελθὼν
3005 655 3087 718 εἰς
3123 652 3187 707 τὸ
3223 636 3368 724 ίερδν
3408 650 3620 725 ἧρξατο
3650 654 3720 705 ἐκ-
3813 654 3815 699 i

474 732 704 802 obscura
764 747 973 791 erunt:
1014 752 1210 807 nempe
1260 755 1501 810 quonam
1551 752 1710 813 pacto
1769 762 1786 794 ι
1828 744 1981 798 venin

2308 766 2368 801 ;tv
2418 750 2546 812 τοὺς
2601 746 2917 812 πωλοῦντας
2990 746 3086 801 καὶ
3144 744 3521 818 ἀγοράζοντας
3561 746 3623 798 ἐν
3656 745 3719 815 τῷ
3813 764 3815 787 :

472 821 865 896 Jerosolymam
894 825 962 892 ⁶¹,
988 837 1045 882 et
1073 828 1351 899 ingressus
1388 833 1438 885 in
1467 833 1724 902 templmn
1758 835 1924 905 rtepit
1955 851 1979 888 ε

2333 861 2351 893 ι
2375 841 2408 912 ἢ
2433 861 2451 892 ι
2480 841 2556 905 ὡς
2586 840 2833 911 ηγγισεν,
2870 838 2993 893 ιδὼν
3028 839 3129 911 την
3157 838 3331 903 πόλιν,
3362 836 3630 892 ἔκλαυσεν
3651 836 3720 891 ἐπ’
3813 860 3815 883 ι

475 931 602 972 cere
655 918 958 974 vendentes
1033 928 1088 975 et
1142 932 1385 979 ementes
1430 924 1482 977 in
1521 925 1763 994 templn:
1809 942 1827 978 ι
1867 925 1982 980 vel‘

2212 934 2342 1006 ντὴν,
2371 933 2466 987 καὶ
2504 930 2760 986 εἰσελθὼν
2794 932 2875 994 εἰς
2906 929 2968 984 τὸ
3006 929 3172 1001 ἱερὸν,
3209 929 3417 1001 ἧρξατο
3453 926 3719 981 ἐκϐάλλειν

478 1026 499 1059 ι
542 1018 602 1063 ut
634 1011 1115 1081 appropinquavit,
1157 1013 1388 1071 intuitus
1436 1016 1739 1083 civitatem,
1777 1019 1928 1073 ﬂevit
1954 1034 1981 1074 ε

2214 1024 2275 1089 bc;
2306 1021 2637 1086 πωλοῦντας.
2662 1041 2681 1072 ι
2731 1022 2819 1075 Ἐν
2847 1013 2929 1083 οἷς
2958 1019 3057 1091 μὲν
3090 1018 3200 1089 γὰρ
3230 1016 3341 1071 τῶν
3376 1015 3616 1087 ἐχόντων
3629 1014 3721 1083 (8i)

472 1112 571 1168 per
617 1100 798 1168 illam;
834 1118 1067 1172 cumque
1123 1104 1406 1176 ingressus
1437 1118 1587 1164 esset
1637 1110 1690 1164 in
1741 1109 1979 1180 templun

2236 1116 2381 1189 ἱερὸν
2407 1118 2464 1170 ἐν
2494 1115 2698 1179 αὐτοῖς,
2741 1111 2993 1167 ἐκϐάλλει
3023 1113 3232 1175 πάντας
3259 1110 3387 1173 τοὺς
3416 1106 3720 1170 πωλοῦντας

471 1194 641 1264 capit
670 1193 873 1265 ejicere
895 1196 1213 1254 vendentes.
1258 1219 1276 1251 ι
1314 1199 1370 1254 ln
1406 1199 1679 1271 aliquibus
1723 1202 1922 1257 etenim
1949 1203 1978 1256 h

2213 1210 2244 1262 ιὶ
2270 1205 2640 1280 ἀγοράζοντας
2666 1207 2722 1258 ἐν
2750 1203 2827 1275 τῷ
2859 1201 2991 1275 ἱερῷ
3010 1218 3025 1234 ⁸
3061 1202 3120 1255 ἐν
3163 1201 3374 1273 ἑτέροις
3406 1200 3469 1254 δέ
3507 1199 3587 1272 μὴ
3610 1198 3720 1268 σεῖό-

469 1286 724 1342 bentibus
765 1287 821 1343 in
865 1303 924 1343 se
948 1288 1236 1360 templum,
1272 1290 1421 1359 cjicit
1451 1308 1642 1349 omnes
1670 1295 1963 1351 vendentes

2215 1313 2249 1348 α
2276 1293 2616 1364 πειθομένοις
2647 1291 2724 1363 τῷ
2762 1292 2906 1363 λόγῳ
2934 1290 3027 1345 τοῦ
3069 1289 3205 1344 Θεοῦ
3243 1290 3402 1362 μόνον
3433 1289 3540 1362 τὴν
3569 1289 3721 1360 ἀρχὴν

467 1392 713 1439 ementes
746 1383 803 1439 in
855 1385 1091 1455 templo;
1131 1385 1183 1440 in
1228 1385 1350 1441 aliis
1403 1402 1536 1442 vero
1589 1403 1695 1443 non
1748 1388 1974 1445 admodr:

2308 1402 2382 1439 ται
2417 1384 2512 1438 τοῦ
2558 1383 2838 1438 ἐκϐάλλειν
2878 1381 3006 1446 τοὺς
3048 1380 3365 1445 πωλοῦντας
3395 1381 3497 1434 καὶ
3541 1380 3724 1453 ἀγορᾶο
3813 1405 3815 1410 ε

466 1474 787 1544 parentibus
833 1475 1073 1530 sermoni
1126 1475 1241 1540 Dei,
1279 1487 1488 1532 tantum
1520 1479 1651 1535 facit
1687 1479 1900 1535 initium
1940 1495 1973 1549 e

2217 1493 2358 1540 ντας.
2393 1475 2576 1549 Τρίτοι
2613 1475 2669 1529 δέ
2714 1477 2818 1529 εἰσι
2855 1472 3008 1546 παρὰ
3032 1472 3280 1539 τούτους,
3323 1475 3383 1527 ἐν
3417 1467 3509 1537 οἷς
3541 1472 3724 1545 ἦρξατο

459 1564 643 1619 ciendi
700 1565 1001 1622 vendentes
1043 1575 1103 1622 et
1163 1578 1434 1625 ementes.
1486 1568 1693 1625 Praeter
1755 1570 1855 1626 hos
1912 1585 1966 1626 ve

2308 1567 2428 1620 .lztv
2457 1567 2653 1638 μόνους
2679 1568 2805 1632 τοὺς
2852 1564 3189 1630 πωλοῦντας,
3223 1564 3346 1636 οὐχὶ
3390 1565 3451 1618 δὲ
3491 1565 3595 1619 καὶ
3617 1566 3724 1629 τοὺς
3814 1594 3815 1599 η

464 1665 596 1712 sunt
631 1659 793 1712 etiam
838 1660 1006 1724 tertii,
1056 1662 1109 1715 in
1157 1662 1354 1731 quibus
1404 1666 1569 1732 cmpit
1594 1662 1793 1734 ejicere
1829 1672 1971 1718 tanta

2217 1658 2533 1732 λοράξοντας.
2586 1660 2649 1714 Ol
2688 1660 2744 1713 δὲ
2778 1658 2928 1732 παρὰ
2970 1658 3050 1729 τῷ
3095 1658 3318 1732 Ἰωάννῃ
3358 1656 3575 1722 πάντες
3623 1658 3724 1728 ἄμα

466 1751 788 1814 vendentes,
820 1750 984 1822 193
1019 1768 1126 1807 non
1157 1756 1317 1809 etiam
1355 1764 1621 1811 ementes.
1666 1755 1867 1811 Verum
1896 1771 1973 1826 api

2219 1756 2258 1819 ἴς
2285 1752 2578 1826 προϐάτοις
2612 1752 2707 1807 καὶ
2738 1755 2849 1817 τοῖς
2882 1751 3036 1823 βουσὶ
3077 1749 3155 1822 τῷ
3188 1750 3452 1805 πλακέντι
3497 1751 3568 1804 ἐκ
3599 1768 3726 1822 σχοι-

460 1840 728 1899 Joannem
779 1843 826 1877 ”
875 1861 1066 1902 omnes
1109 1844 1397 1914 ejiciuntur
1432 1846 1646 1917 ﬂagello
1671 1852 1739 1903 ex
1784 1846 1967 1905 funicu

2219 1864 2272 1901 ev
2296 1847 2605 1919 φραγελλίῳ
2620 1845 2989 1900 ἐκϐάλλονται.
3017 1844 3339 1915 Ἑπίστησον
3358 1845 3413 1898 δὲ
3434 1844 3726 1917 ἐπιμελῶς,

460 1932 698 2003 plicato,
757 1950 863 1990 una
913 1950 1037 1991 cum
1085 1935 1278 1992 ovibus
1315 1945 1370 1991 et
1419 1936 1610 1994 bobus.
1651 1937 1864 2009 lnSpice
1909 1954 1967 1994 vc

2219 1940 2442 1995 δυνατὸν
2482 1939 2558 2003 ὡς
2599 1939 2697 2003 τάς
2725 1955 2788 2007 γε
2810 1937 3103 2008 ἐναλλαγάς
3143 1937 3253 1992 τῶν
3299 1937 3726 2009 γεγραμμένων,

459 2024 753 2095 diligenter
783 2043 850 2081 an
876 2026 1233 2083 alterationes
1279 2042 1460 2083 rerum
1501 2030 1828 2099 scriptarum
1862 2030 1966 2087 diss

2223 2050 2233 2085 ι
2264 2030 2363 2095 τὰς
2395 2030 2692 2101 διαφωνίας
2725 2028 3036 2083 διαλύεσθαι
3079 2029 3229 2101 παρά
3259 2028 3351 2085 τὸν
3383 2028 3492 2100 τῆς
3524 2029 3730 2097 ἀναγω-

434 2115 768 2186 ‘nantizeque
798 2117 1018 2172 dissolvi
1066 2117 1275 2188 possint
1320 2126 1476 2188 tropo
1509 2119 1808 2190 anagogico
1839 2133 1856 2174 :
1882 2120 1935 2175 ni

2221 2140 2242 2187 ;
2266 2122 2487 2195 τρόπον,
2519 2120 2750 2175 ἑκάστου
2780 2119 2886 2174 τῶν
2914 2119 3313 2190 εὐαγγελιστῶν
3333 2119 3458 2189 διαγ
3470 2119 3728 2190 ράςρονιος

457 2220 574 2260 rum
626 2222 954 2279 unoquoque
998 2208 1454 2280 evangelistarum
1506 2210 1752 2267 diversas
1786 2211 1964 2267 action

2226 2213 2425 2286 φόρους
2460 2213 2552 2267 τοῦ
2589 2212 2762 2282 Λόγου
2809 2211 3091 2286 ἐνεργείας
3136 2212 3196 2264 ἐν
3241 2209 3531 2283 διαφόροις
3583 2208 3730 2282 ηθεσι

455 2294 739 2355 Sermonis
766 2297 1111 2356 describente
1159 2300 1211 2354 in
1243 2299 1478 2357 diversis
1517 2302 1829 2357 animarum
1858 2318 1962 2358 mo:

2223 2307 2340 2377 (ὧν,
2380 2307 2441 2361 οὑ
2482 2306 2548 2361 τά
2586 2305 2746 2366 αὐτὰ,
2790 2304 2933 2359 ἀλλά
2962 2321 3089 2359 τινα
3131 2303 3504 2376 παραπλήσια
3554 2305 3730 2357 ἐπιτε-

454 2388 584 2457 bus,
626 2406 733 2444 non
764 2392 975 2459 eadem,
1009 2392 1103 2448 sed
1149 2392 1349 2448 similia
1381 2394 1629 2464 qumdam
1660 2394 1961 2465 perﬁcienti

2234 2415 2351 2462 σας.
2388 2398 2500 2452 Καὶ
2537 2398 2570 2469 ή
2603 2396 2834 2451 δοκοῦσα
2872 2396 2930 2450 δέ
2955 2394 3191 2467 διακοπὴ
3235 2393 3346 2448 τῶν
3371 2396 3457 2459 είς
3505 2393 3733 2466 Ἰεροσό-

452 2479 594 2549 Quin
656 2480 965 2538 ditl‘erentia
1021 2485 1189 2540 etiam
1245 2483 1334 2539 illa
1391 2500 1515 2555 quae
1562 2486 1778 2542 videtur
1810 2502 1933 2543 esse

2223 2508 2276 2544 ια
2305 2490 2506 2544 ἀνόδων
2528 2487 2622 2543 τοῦ
2664 2487 2836 2561 Ἰησοῦ
2872 2487 3022 2560 παρά
3053 2485 3133 2558 τῷ
3163 2487 3224 2540 τὸ
3250 2487 3307 2540 ἐν
3333 2486 3533 2558 χερσὶν
3555 2486 3730 2553 Εὐαγ-

452 2574 868 2633 ascensionibus
922 2578 1138 2633 Domini
1172 2578 1239 2633 ad
1263 2576 1660 2651 Jerosolymam
1694 2580 1836 2650 apud
1864 2577 1959 2635 Joa

2223 2597 2309 2634 ,ιον
2354 2578 2730 2651 ἀναγράψαντι
2781 2577 2986 2650 ἐτέρως
3032 2576 3187 2649 παρά
3237 2577 3367 2640 τοὺς
3414 2580 3603 2648 τρεῖς,
3660 2575 3730 2640 ὡς

452 2681 598 2730 nem,
630 2668 720 2737 qui
755 2668 1130 2739 Evangelium,
1166 2670 1315 2740 quod
1349 2670 1403 2726 in
1447 2671 1698 2727 manibus
1738 2672 1958 2728 habemi

2225 2668 2430 2742 θέμεθα
2470 2669 2570 2734 τὰς
2610 2669 2783 2735 λέξεις
2816 2667 3019 2731 αὐτῶν,
3045 2667 3189 2722 οὕτω
3240 2666 3416 2739 μόνως
3453 2666 3732 2732 σώζεσθαι

452 2756 614 2813 aliter
645 2773 806 2829 quam
842 2770 975 2826 tres,
1004 2761 1240 2832 scripsit,
1274 2771 1333 2817 ut
1370 2762 1725 2832 exposuimus
1756 2763 1809 2818 in
1848 2765 1959 2819 verl

2308 2779 2348 2814 ιι
2390 2764 2504 2824 τοῖς
2547 2760 2955 2832 παραπλησίοις
2994 2759 3315 2832 πράγμασιν
3364 2758 3733 2822 ἐπιπεσόντος
3814 2830 3815 2833 η

448 2854 712 2922 ipsorum.
730 2851 809 2908 sic
833 2852 1004 2908 solum
1029 2853 1231 2908 servari
1259 2863 1457 2922 potest,
1479 2852 1691 2911 Joanne
1717 2855 1913 2911 similia
1940 2875 1955 2911 ι

2268 2851 2536 2916 Ἰωάννου,
2564 2852 2686 2905 ἀντὶ
2705 2850 2815 2904 τῶν
2838 2851 3189 2922 κοπτομένων
3219 2848 3326 2904 ἀπὸ
3351 2848 3463 2903 τῶν
3492 2849 3736 2922 δένδρων

434 2957 682 3009 serente,
715 2954 767 3001 et
801 2946 1038 3011 dicente,
1072 2959 1169 3015 pro
1190 2944 1392 3001 excisis
1416 2945 1484 3000 ab
1524 2947 1815 3003 arboribus
1836 2963 1941 3004 ram

2309 2961 2359 3007 ν,
2387 2943 2420 3015 ἢ
2452 2941 2714 2996 στιϐάδων
2749 2944 2814 2995 ἐκ
2845 2941 2955 2995 τῶν
2993 2941 3199 3014 ἀγρῶν,
3233 2942 3326 2995 καὶ
3366 2941 3734 3012 στρωννυμέ-
3814 2988 3815 2997 η

438 3038 530 3092 vel
566 3036 847 3093 frondibus
871 3052 935 3091 ex
976 3037 1120 3106 agris
1147 3044 1202 3092 et
1227 3037 1415 3093 stratis
1462 3036 1516 3090 iu
1557 3037 1666 3105 via,
1699 3053 1885 3095 ramos
1910 3054 1944 3110 p

2308 3055 2320 3089 ρ
2348 3039 2414 3109 τῇ
2445 3035 2570 3107 ὁδῷ,
2603 3034 2732 3106 βάῖα
2764 3035 2874 3089 τῶν
2908 3037 3167 3106 φοινίκων
3199 3034 3511 3106 εἰληφέναι,
3539 3035 3739 3104 λέγον·
3814 3084 3815 3089 η

442 3144 657 3185 marum
689 3130 913 3184 multam
957 3129 1196 3195 turbam,
1252 3142 1373 3196 qua:
1406 3138 1633 3184 venerat
1665 3131 1732 3185 ad
1767 3131 1908 3186 diem
1945 3140 1949 3186 1

2308 3130 2357 3183 δν
2403 3129 2570 3183 πολὺν
2617 3127 2997 3200 ἐξεληλυθέναι
3045 3130 3125 3192 είς
3169 3126 3267 3199 τὴν
3301 3125 3502 3199 ἑορτὴν
3545 3125 3736 3198 ὄχλον,
3814 3188 3815 3211 γ

441 3232 585 3279 stum
617 3221 684 3289 “,
746 3222 1020 3290 accepisse
1071 3229 1127 3276 et
1185 3219 1523 3289 processisse
1570 3222 1784 3277 obviam
1833 3223 1882 3278 ei
1917 3239 1946 3280 c

2196 3221 2220 3275 l.
2272 3219 2652 3293 ἐξεληλυθέναι
2707 3220 2788 3282 είς
2830 3218 3135 3289 ἀπάντησιν
3184 3216 3334 3289 αύτῷ
3365 3217 3703 3290 κεκραγότα

441 3325 680 3370 mentem
710 3328 725 3367 :
762 3332 783 3366 ι
822 3313 1147 3368 Benedictus
1174 3312 1268 3380 qui
1312 3312 1461 3366 venit
1492 3312 1545 3366 in
1581 3313 1802 3370 nomine
1837 3316 1948 3370 Don

2308 3315 2547 3391 γημένος
2572 3317 2600 3368 ὁ
2628 3314 2923 3387 ἐρχόμενος
2938 3315 2995 3366 ἐν
3028 3313 3252 3384 ὀνόματι
3275 3311 3507 3384 Κυρίου,
3553 3330 3574 3360 ι
3609 3311 3733 3376 καὶ,

442 3408 520 3473 ni,
546 3424 565 3459 ι
587 3415 641 3462 et
663 3423 677 3459 :
703 3424 722 3458 ι
740 3402 855 3459 Rex
880 3404 968 3459 ille
994 3403 1211 3459 lsraelis
1227 3403 1294 3458 ιη.
1327 3425 1347 3454 ο
1368 3401 1633 3458 Caeterum
1656 3405 1725 3460 ab
1755 3405 1870 3476 ipso
1888 3402 1949 3464 ιο

2308 3405 2544 3469 ιασιλεὺς
2566 3403 2661 3458 τοῦ
2707 3403 2943 3476 Ἰσραήλ.
2969 3423 2987 3454 ι
3021 3402 3166 3475 Πλὴν
3194 3397 3349 3466 οὗτος
3398 3401 3498 3456 ὑπ’
3554 3401 3741 3454 αὑτοῦ
3814 3422 3815 3469 ς

436 3498 618 3570 inquit
661 3497 904 3553 Joannes
962 3496 1008 3527 “
1051 3505 1326 3566 repertum
1369 3494 1625 3563 asellum,
1658 3511 1820 3566 super
1857 3513 1943 3569 qui

2231 3516 2254 3553 ἰ
2282 3498 2377 3554 τοῦ
2415 3496 2589 3571 Ἰησοῦ
2621 3497 2971 3570 εὑρίσκεσθαι
3004 3497 3066 3550 τὸ
3099 3497 3334 3568 ὀνάριον,
3392 3496 3484 3565 ἐφ’
3526 3494 3561 3548 ὃ
3591 3496 3738 3549 κλο-

438 3592 578 3645 sedit
599 3590 886 3653 Christus;
920 3587 1094 3655 majus
1128 3587 1384 3659 quiddam
1421 3586 1576 3642 nobis
1609 3589 1680 3645 ob
1715 3589 1945 3661 oculos;

2236 3609 2301 3646 ἀι
2347 3592 2376 3645 ό
2408 3590 2663 3664 Χριστὸς,
2708 3589 2869 3646 πλέον
2904 3608 2956 3643 τι
2985 3590 3113 3661 περὶ
3159 3588 3350 3641 τούτου
3381 3586 3502 3657 (85)
3526 3604 3743 3659 τροπι-

438 3697 576 3738 nens
605 3697 698 3753 per
757 3681 901 3737 hunc
933 3679 1164 3736 asellum
1195 3679 1273 3736 sic
1323 3680 1531 3751 tropice
1560 3680 1765 3738 dictum
1797 3684 1890 3752 qui
1921 3684 1945 3739 ι

2308 3700 2357 3737 ον
2385 3683 2717 3755 δηλουμένου
2744 3680 2962 3753 ὀναρίου
2989 3678 3281 3753 παριστὰς,
3308 3677 3536 3751 μείζονα
3561 3678 3742 3748 εὺερ-
3814 3694 3815 3747 ς

438 3775 690 3833 nelicium
727 3775 898 3844 majus
925 3775 1136 3846 accepit
1173 3791 1193 3825 ι
1232 3787 1340 3831 non
1373 3773 1443 3828 ab
1473 3773 1800 3843 hominibus,
1840 3789 1945 3846 neq

2332 3775 2683 3848 χωρήσαντος
2704 3774 2804 3845 τὴν
2827 3792 2845 3824 ι
2874 3773 2974 3826 οὐκ
2997 3773 3106 3826 ἀπὸ
3135 3770 3464 3844 ἀνθρώπων⁹
3488 3770 3631 3823 οὐδὲ
3662 3770 3743 3823 δια

433 3884 531 3941 per
575 3869 821 3926 homines
849 3909 864 3937 ,
900 3869 994 3924 sed
1025 3882 1123 3939 per
1169 3868 1356 3927 Jesum
1402 3871 1679 3928 Christum
1710 3868 1778 3922 ⁸⁷.
1818 3887 1837 3922 ι
1868 3868 1940 3937 Qu

2308 3884 2439 3930 πων,
2478 3864 2613 3919 ἀλλὰ
2650 3863 2743 3918 διὰ
2793 3862 2970 3935 Ἰησοῦ
3000 3861 3260 3936 Χριστοῦ.
3285 3881 3302 3913 ι
3347 3861 3487 3915 Οὐδὲ
3523 3862 3742 3915 Ὶωάν-

433 3979 504 4019 ne
530 3961 768 4020 Joannes
795 3962 1013 4033 quidem
1044 3963 1161 4034 ipse
1187 3964 1417 4035 protulit
1440 3964 1785 4036 prophetiam
1818 3964 1940 4020 iisdt

2250 3957 2306 4010 δὲ
2351 3957 2628 4024 αύτολεξεὶ
2670 3956 2732 4010 τὸ
2780 3957 3117 4027 προφητικὸν
3147 3954 3384 4020 ἐξέθετο,
3427 3952 3551 4007 ἀλλ’
3606 3955 3740 4009 ἀντ’

429 4054 634 4122 verbis,
662 4056 758 4111 sed
790 4070 887 4124 pro
916 4069 979 4107 ea
1009 4054 1149 4110 dixit
1180 4073 1195 4111 :
1235 4075 1254 4108 ι
1289 4056 1407 4113 Noli
1439 4057 1656 4123 timere,
1691 4055 1802 4110 tilia
1833 4053 1936 4110 Sio:

2234 4048 2278 4102 δῦ
2317 4049 2405 4102 τό*
2445 4050 2577 4121 «Μὴ
2610 4050 2797 4119 φοϐοῦ,
2835 4050 3073 4122 θύγατερ
3106 4048 3267 4111 Σιὼν,
3314 4048 3427 4101 ἰὼὺ
3476 4048 3506 4101 ὀ
3554 4046 3741 4116 βασι-

428 4162 559 4206 ecce
589 4164 686 4205 rex
714 4157 838 4203 tuus
864 4149 1013 4204 venit
1041 4149 1240 4205 sedens
1260 4164 1425 4220 super
1452 4148 1657 4219 pullum
1691 4149 1860 4204 asina:
1887 4147 1934 4180 “

2272 4158 2364 4194 σου
2395 4141 2636 4213 ἔρχεται,
2667 4142 2999 4214 καθήμενος,
3028 4162 3045 4192 ι
3080 4140 3204 4195 ἀντὶ
3244 4139 3337 4193 τοῦ
3361 4157 3375 4170 ο
3419 4157 3440 4189 ι
3487 4138 3747 4193 1372:65-

429 4250 530 4306 pro
570 4250 657 4300 eo.
687 4236 831 4304 quod
856 4245 940 4291 est
969 4253 984 4291 :
1013 4253 1033 4288 ι
1080 4236 1400 4293 Ascendens
1434 4253 1601 4308 super
1646 4238 1936 4309 subjugalen

2237 4233 2297 4297 In;
2319 4233 2455 4305 (85‘)
2491 4234 2586 4287 ἐπὶ
2614 4233 2791 4288 πῶλον
2827 4234 2974 4300 ὄνου,
3021 4233 3116 4288 καὶ
3153 4232 3246 4286 ἐπὶ
3281 4230 3590 4301 ὑποζύγιον
3632 4235 3744 4286 καὶ

426 4336 484 4383 et
530 4326 735 4396 pullum
767 4343 968 4383 novum
1000 4328 1092 4383 η’.
1129 4347 1148 4380 ι
1185 4328 1320 4384 Illud
1350 4344 1516 4384 vero:
1557 4347 1576 4381 ι
1614 4329 1732 4384 Noli
1771 4332 1931 4386 timer

2231 4344 2288 4381 ον
2321 4327 2458 4381 νέον.
2488 4346 2506 4378 ι
2551 4327 2624 4380 Τὸ
2656 4327 2743 4381 δέ’
2798 4349 2816 4378 ι
2843 4327 2934 4397 Μὴ
2968 4324 3158 4395 φοϐοῦ,
3205 4324 3446 4393 θύγατερ
3482 4325 3673 4388 Σιὼν,
3714 4345 3738 4377 ι

425 4418 538 4473 tilia
588 4418 746 4486 Sion,
786 4438 806 4472 ι
844 4420 1260 4491 haudquaquam
1310 4420 1519 4476 dictum
1570 4431 1675 4478 est.
1718 4421 1932 4478 Verumi

2247 4419 2385 4480 ὅλως
2436 4421 2669 4492 εἴρηται.
2715 4419 2860 4492 Πλὴν
2901 4415 3106 4491 ἴδωμεν
3145 4417 3252 4472 ὑπὸ
3289 4418 3512 4472 πάντων
3550 4420 3746 4473 ἐκτε-

424 4522 553 4584 men
585 4523 708 4564 cum
738 4510 1095 4580 exposueriut
1140 4526 1333 4567 omnes
1381 4511 1763 4583 propheticum
1796 4528 1931 4570 scrin

2241 4528 2292 4576 ag
2322 4510 2419 4565 τοῦ
2454 4511 2796 4584 προφητικοῦ
2841 4511 3023 4581 λόγου,
3060 4513 3109 4564 εί
3139 4510 3215 4582 μὴ
3244 4510 3459 4582 χαίρειν
3493 4511 3748 4584 σφόδρα

423 4616 549 4658 nem
572 4641 588 4667 ,
634 4601 917 4659 videamus
945 4618 1014 4659 an
1042 4618 1149 4659 non
1182 4606 1497 4663 necessario
1549 4607 1896 4678 gaudendum
1929 4651 1930 4658 η

2241 4605 2380 4677 ιτέρα
2401 4604 2541 4660 Σιὼν
2573 4605 2869 4674 ἀναγκαῖον
2888 4620 2902 4634 ο
2931 4603 3029 4675 τὴν
3067 4602 3125 4656 δὲ
3161 4603 3449 4675 κρείττονα
3496 4602 3748 4675 ταύτης

420 4693 549 4749 tiliae
582 4693 737 4762 Sion,
775 4704 938 4765 atque
984 4694 1086 4750 hac
1130 4698 1499 4766 praestantiori
1539 4697 1662 4753 tilia:
1698 4697 1927 4755 Jerusalt

2237 4698 2385 4769 ιτέρα
2420 4696 2779 4769 Ἰερουσαλὴμ
2799 4697 2859 4750 ού
2887 4696 3047 4768 μόνον
3074 4695 3283 4767 χαίρειν
3310 4694 3542 4768 σφόδρα,
3564 4696 3744 4751 ἀλλὰ

422 4800 529 4841 non
580 4783 754 4841 solum
783 4783 941 4840 valde
967 4786 1211 4857 gaudere
1233 4825 1250 4850 ,
1281 4801 1472 4843 verum
1500 4789 1666 4845 etiam
1700 4790 1929 4860 praedica

2237 4789 2527 4862 κηρύσσειν
2556 4788 2637 4843 δεῖ
2658 4789 2751 4842 τοῦ
2789 4787 3051 4859 βασιλέως
3081 4787 3251 4859 αὐτῆς
3274 4788 3580 4859 ἐρχομένου
3618 4790 3744 4844 τοῦ

416 4891 644 4934 necesse
670 4877 744 4932 sit
768 4889 953 4946 regem
1002 4890 1160 4931 suum
1206 4877 1614 4945 advenientem,
1661 4879 1890 4952 justum,

2238 4882 2336 4948 ίου,
2359 4881 2456 4935 καὶ
2483 4879 2767 4945 σώζοντος,
2790 4881 2885 4935 καὶ
2907 4879 3105 4953 πράου,
3128 4879 3215 4933 διὰ
3241 4879 3338 4933 τοῦ
3365 4879 3745 4951 ἐπιϐεϐηκὲ-

414 4979 746 5039 servantem,
775 4979 831 5026 et
866 4978 1233 5036 mansuetum,
1267 4984 1333 5025 eo
1372 4971 1515 5041 quod
1544 4986 1710 5041 super
1742 4972 1921 5045 subjug

2241 4973 2295 5044 τῷ
2320 4974 2600 5045 ὑποζυγίῳ
2629 4974 2723 5027 καὶ
2746 4973 2824 5041 τῷ
2851 4973 2954 5044 νέῳ
2978 4972 3161 5044 πώλῳ.
3190 4972 3304 5037 Πᾶς
3334 4971 3468 5040 γοῦν
3492 4973 3522 5024 ὁ
3545 4973 3748 5041 δεξά-

410 5058 521 5115 lem
564 5070 617 5116 et
662 5061 872 5131 pullum
922 5078 1123 5119 novum
1172 5062 1509 5120 ascenderit.
1541 5062 1801 5135 Quisquis
1830 5065 1917 5135 igit

2239 5083 2264 5130 ς
2288 5067 2449 5119 αὐτὸν
2473 5066 2657 5120 ούκέτι
2684 5065 3049 5137 φοϐηθήσεται
3074 5067 3200 5129 τοὺς
3230 5064 3338 5118 τῶν
3364 5064 3745 5134 ἑτεροδόξων

412 5150 589 5221 ipsum
641 5154 928 5222 receperit,
985 5169 1091 5209 non
1141 5154 1194 5208 iu
1242 5162 1524 5222 posterum
1564 5155 1919 5212 formidabiti

2241 5159 2478 5230 epévoug
2517 5162 2631 5223 τοῖς
2664 5160 2909 5224 πιθανοῖς
2947 5159 3145 5229 λόγοις,
3181 5157 3409 5230 ἅρματα
3448 5158 3748 5235 Ἐφραὶμ.

410 5256 587 5300 versae
615 5251 782 5298 sectae
807 5242 1059 5301 homines
1102 5245 1432 5316 eloquentia:
1485 5246 1695 5302 viribus
1722 5260 1917 5305 armati

2238 5267 2388 5321 μενα,
2430 5250 2536 5304 ὑπὸ
2564 5250 2659 5304 τοῦ
2698 5251 2902 5323 Κυρίου
2948 5249 3424 5321 ἐξολοθρευόμενα,
3448 5250 3577 5303 οὐδὲ
3615 5254 3745 5307 τὸν

408 5331 504 5403 qui
527 5345 726 5388 currus
757 5329 1013 5402 prraim
1046 5334 1326 5402 dicuntur,
1348 5346 1409 5391 et
1434 5351 1463 5391 a
1492 5336 1606 5392 Deo
1645 5338 1893 5394 exscindi

2241 5343 2267 5414 ἦ
2293 5344 2460 5398 ἵππον
2486 5344 2567 5408 εἰς
2603 5345 2899 5416 σωτηρίαν,
2935 5344 3215 5416 θηλυμανῆ
3249 5344 3548 5415 ἐπιθυμίαν
3577 5351 3748 5411 τοῖς

407 5423 615 5495 quique
661 5423 864 5501 multos
896 5424 1095 5482 laedunt
1120 5466 1136 5494 ,
1176 5427 1480 5486 Jerusalem
1529 5429 1778 5487 habitare
1806 5441 1863 5487 et
1898 5434 1912 5489 i

2308 5438 2373 5498 δίς
2397 5435 2775 5507 οἱκειωμένην,
2804 5435 2901 5489 καὶ
2930 5434 3158 5498 πολλοὺς
3182 5433 3294 5489 τῶν
3316 5435 3378 5489 ἐν
3410 5435 3741 5504 Ἰερουσα-
3814 5423 3815 5465 Ῑ

407 5515 632 5572 tendere
679 5514 921 5572 volentes
967 5532 1114 5575 sana:
1159 5522 1423 5578 doctrinae
1469 5540 1483 5578 :
1520 5535 1629 5579 non
1670 5521 1914 5579 formida!

2235 5527 2402 5580 οἰκεῖν
2432 5524 2717 5588 θελόντων,
2763 5527 2858 5580 καὶ
2886 5525 2964 5597 τῷ
2997 5527 3142 5596 ὑγιεῖ
3173 5525 3318 5597 λόγῳ
3364 5522 3742 5594 προσέχειν,

479 5636 523 5709 9f
559 5636 971 5709 _Marc.ixt,15.
1062 5641 1109 5674 “
1158 5639 1291 5695 Luc.
1327 5655 1441 5702 xix.
1465 5640 1555 5703 41,
1582 5638 1675 5698 45.
1754 5640 1800 5673 ⁸³
1833 5640 1986 5698 Joan.

2313 5646 2358 5678 “
2389 5645 2547 5701 Joan.
2582 5661 2693 5708 xu,
2737 5646 2827 5699 Η..
2919 5645 2964 5680 ⁸⁸
3004 5645 3134 5700 ibid.
3172 5644 3260 5699 l5.
3336 5643 3383 5676 “
3420 5644 3550 5698 ibid.
3596 5647 3732 5709 14.

407 5708 453 5739 ⁶¹’
475 5706 649 5762 Galat.
674 5725 715 5773 ι,
745 5708 800 5763 l.
875 5710 920 5743 ⁸⁸
947 5708 1107 5767 Juan.
1142 5726 1241 5776 xu,
1270 5710 1356 5765 l5.
1435 5710 1503 5742 "‘
1534 5709 1702 5767 Zach.
1732 5713 1868 5778 tx,9.

784 5745 800 5763 .
875 5710 920 5743 ⁸⁸
947 5708 1107 5767 Juan.
1142 5726 1241 5776 xu,
1270 5710 1356 5765 l5.
1435 5710 1503 5742 "‘
1534 5709 1702 5767 Zach.
1732 5713 1868 5778 tx,9.
1961 5714 2004 5747 θ’
2037 5706 2166 5771 ibid.
2199 5716 2286 5770 10.

480 5818 593 5891 (8t)
652 5820 975 5901 ’E;gfrr_wr._
1017 5822 1105 5879 Sic
1159 5824 1326 5880 codex
1386 5824 1746 5894 Bodleianus,
1798 5836 1979 5894 recte;

2166 5827 2281 5901 (85)
2307 5830 2484 5884 Codex
2517 5828 2864 5901 deleianus,
2905 5829 3093 5885 τούτου
3116 5829 3388 5901 (Regius,
3416 5827 3621 5886 τοῦτο.

406 5887 626 5958 Regius,
655 5887 816 5960 male,
843 5892 1132 5965 ἀρχόντων.
1732 5887 1743 5894 ’

2329 5902 2508 5957 Codex
2538 5899 2767 5970 Regius,
2805 5887 3214 5972 μεταϐεϐηκὼς.
3240 5887 3308 5941 3'—
3330 5887 3509 5955 Locus
3550 5910 3750 5960 lur—
3814 5916 3815 5965 ξ
