3816 6522
31 419 130 478 5ὐ5

1150 423 1510 481 COMMENT.
1548 423 1616 480 IN
1651 423 1845 482 JOAN.
1890 425 2126 481 'IOMUS
2169 427 2234 484 Χ.

3202 431 3304 488 566

25 550 342 619 βλάπτοντα
363 547 548 620 (85“).
573 549 729 604 Ἔστι
752 548 810 604 δέ
833 547 1044 622 χαίρειν
1069 547 1219 613 ἄξιον
1243 547 1336 601 ἐπὶ
1357 547 1434 619 τῷ
1459 546 1607 615 ὲξολο

1739 548 1905 602 etiam
1937 563 2135 617 equum
2175 547 2426 604 fallacem
2465 549 2531 603 ad
2565 548 2796 605 salutem
2823 548 2894 616 ",
2947 549 3049 604 hoc
3099 557 3182 604 est
3215 549 3310 604 de«

22 640 319 713 θρεύεσθαι
364 643 476 696 ὑπὸ
513 641 609 696 τοῦ
641 643 936 714 ὀχουμένου
969 641 1048 712 τῷ
1077 640 1376 710 ὑποζυγίῳ,
1417 641 1513 693 καὶ
1547 638 1626 710 τῷ

23 735 118 804 νέῳ
150 733 334 805 πώλῳ
385 736 496 788 πᾶν
527 733 682 799 τόξον
713 733 1028 805 πολεμικὸν,
1073 734 1257 786 οὐκέτι
1290 731 1398 785 τῶν
1452 749 1626 786 πεπυ-

24 826 285 896 ρωμένων
317 825 498 897 βελῶν
525 825 620 880 τοῦ
654 825 849 898 ἐχθροῦ
877 824 1277 896 κατισχυόντων
1311 823 1402 877 τοῦ
1448 841 1625 896 παρα-

17 917 315 988 δεξαμένου
358 919 457 973 τδν
517 917 726 989 Ἰησοῦν
755 920 836 981 είς
863 917 924 971 τὸ
954 916 1153 970 ἐαυτοῦ
1187 916 1357 989 ἱερόν”
1387 915 1538 970 ἔσται
1567 915 1623 970 δέ

18 1012 101 1063 καὶ
131 1011 355 1082 πλῆθος
384 1011 528 1082 μετὰ
551 1012 774 1084 εἰρήνης
801 1010 909 1064 ἀπὸ
929 1009 1035 1063 τῶν
1055 1009 1224 1063 ἐθνῶν
1246 1010 1304 1063 ἐν
1325 1011 1391 1080 τῇ
1429 1009 1624 1081 Ἰερου-

21 1101 191 1171 σαλήμ
219 1101 326 1154 τοῦ
365 1102 624 1172 Σωτῆρος
653 1101 937 1172 ἐπιδημίᾳ,
959 1100 1217 1172 ἄρχοντος
1250 1099 1358 1153 τῶν
1389 1099 1619 1164 ὑδάτων,

17 1191 94 1243 ἵνα
133 1190 426 1262 συντρίψει
467 1191 567 1253 τὰς
617 1189 862 1259 κεφαλὰς
903 1189 1010 1242 τῶν
1049 1188 1356 1258 δρακόντων
1398 1187 1490 1240 ἐπὶ
1523 1187 1619 1242 τοῦ

17 1283 219 1348 ὓδατος,
275 1285 390 1338 καὶ
437 1285 770 1356 πατήσωμεν
806 1282 877 1336 τὰ
913 1280 1133 1352 κύματα
1180 1281 1279 1352 τῆς
1322 1281 1616 1354 Θαλάσσης,

16 1374 308 1443 φθάνοντες
359 1376 475 1442 ἕως
509 1375 617 1430 τῶν
655 1373 946 1428 διεκϐολῶν
995 1371 1212 1427 πάντων
1238 1373 1345 1426 τῶν
1385 1372 1478 1426 ἐπὶ
1517 1375 1619 1445 γῆς

17 1466 296 1537 ποταμῶν.
334 1470 414 1521 ‘0
449 1468 697 1539 μέντοιγε
720 1467 947 1537 Μάρκος
972 1465 1101 1537 περὶ
1123 1465 1221 1536 τῆς
1244 1465 1364 1518 ὄνου
1392 1465 1618 1536 γράφων

15 1558 170 1626 φησιν
195 1557 318 1629 (86)
349 1559 614 1630 εἰρῆσθαι
644 1557 750 1612 ὑπὸ
769 1555 862 1610 τοῦ
894 1555 1120 1628 Κυρίου,
1152 1575 1171 1608 ι
1207 1557 1321 1626 Ἐφ’
1351 1556 1409 1610 ὃν
1445 1557 1618 1621 οὐδεὶς

12 1649 154 1701 οὔπω
183 1648 518 1720 ἀνθρώπων
550 1649 792 1713 ἐκάθισε,
819 1668 838 1701 ι
886 1649 1037 1702 δοκεῖ
1065 1665 1157 1719 μοι
1197 1647 1528 1701 αἰνίττεσθαι
1555 1648 1617 1701 τὸ

17 1741 232 1811 μηδέπω
277 1741 429 1794 ποτὲ
473 1740 617 1811 λόγῳ
667 1739 1062 1812 ὐποτεταχέναι
1105 1740 1332 1803 ἑαυτοὺς
1369 1739 1476 1811 πρὸ
1518 1740 1616 1812 τῆς

25 1835 187 1905 Ἰησοῦ
228 1835 354 1906 (87)
409 1837 469 1889 ἐν
512 1836 697 1898 αὐτοῖς
741 1833 1038 1906 ἐπιδημίας
1080 1833 1205 1896 τοὺς
1247 1831 1470 1904 ὕστερον
1518 1849 1616 1886 πε-

15 1904 410 1993 πιστευκότας.
447 1929 604 2001 Τάχα
642 1928 750 2001 γὰρ
790 1904 1094 1999 ἀνθρώπων
1141 1924 1242 1996 μὲν
1297 1924 1471 1988 οὐδείς
1525 1943 1612 1978 πω
1645 1904 1687 1962 θ

13 2023 232 2086 καθίσας
258 2025 364 2076 ἐπὶ⁵
389 2023 485 2078 τὸν
510 2021 685 2076 πῶλον
701 2017 790 2093 ἦν,
814 2019 1021 2092 θηρίων
1044 2015 1101 2070 δὲ
1128 2017 1160 2088 ἦ
1190 2016 1296 2070 τῶν
1319 2016 1613 2089 ἀλλοτρίων

15 2115 93 2168 τοῦ
117 2115 281 2183 λόγου
310 2113 613 2185 δυνάμεών
635 2129 779 2176 τινες
798 2109 1159 2166 ἐπεκάθισανο
1187 2109 1310 2162 ἐπεὶ
1332 2110 1360 2161 ὁ
1385 2107 1614 2172 πλοῦτος

13 2210 109 2260 τῶν
138 2208 564 2280 άντιηιμένων
595 2206 880 2277 δυνάμεων
912 2205 1006 2258 καὶ
1046 2201 1196 2275 παρὰ
1239 2201 1318 2273 τῷ
1358 2203 1612 2275 προφήτῃ

27 2303 210 2373 Ἦσαῐᾳ
242 2304 347 2356 ἐπὶ
385 2301 532 2354 δνων
568 2298 830 2372 φέρεσθαι
865 2296 958 2350 καὶ
991 2295 1251 2367 καμήλων
1283 2294 1496 2364 λέγεται
1525 2293 1613 2347 διά

15 2395 240 2447 τούτων’
283 2411 304 2445 ι
331 2393 435 2446 Ἐν
465 2394 535 2463 τῇ
570 2390 745 2460 θλίψει
781 2389 875 2444 καὶ
906 2390 973 2460 τῇ
1007 2387 1339 2458 στενοχωρίᾳ
1357 2385 1494 2439 λέων
1518 2384 1614 2438 καὶ

15 2486 238 2555 σκύμνος
265 2525 283 2549 ,
363 2483 583 2538 ἐκεῖθεν
642 2483 734 2535 καὶ
803 2481 1000 2550 ἔκγονα
1059 2479 1303 2533 ἀσπίδων
1379 2477 1611 2548 πετομέ-

13 2599 123 2643 νων,
140 2582 190 2634 οἳ
213 2580 432 2652 ἕτερον
453 2576 550 2630 ἐπὶ
569 2574 704 2628 ὖνων
731 2573 827 2627 καὶ
852 2572 1113 2644 καμήλων
1143 2571 1234 2625 τὸν
1268 2571 1494 2626 πλοῦτον
1516 2571 1613 2624 αὑ-

13 2673 122 2727 τῶν.
136 2671 431 2726 »Πυστέον
445 2669 502 2723 δὲ
521 2667 682 2721 πάλιν
696 2666 805 2720 τῶν
821 2665 951 2736 ψιλῇ
969 2667 1034 2736 τῇ
1053 2663 1194 2728 λέξει
1216 2665 1609 2738 προσεχόντων,

14 2768 54 2818 εἰ
83 2766 155 2837 μὴ
184 2767 318 2820 κατ’
359 2762 569 2825 αὐτοὺς
611 2759 855 2832 ματαίως
897 2758 964 2812 ἂν
996 2757 1146 2824 δόξαι
1181 2755 1488 2828 γεγράφθαι
1517 2756 1607 2809 τό*

19 2858 160 2927 ιἘφ’
193 2857 259 2911 ὃν
300 2855 497 2918 οὐδεὶς
529 2852 682 2906 οὔπω
712 2850 1015 2923 ἀνθρώπων
1055 2847 1330 2904 ἐκάθισε..
1377 2849 1474 2912 Τίς
1504 2848 1614 2920 γὰρ

15 2949 147 3021 παρὰ
191 2947 508 3019 ἂνθρωπον
557 2942 848 3009 καθέζεται
899 2941 994 2996 ἐπὶ⁵
1047 2940 1256 3007 πῶλονς
1286 2941 1396 2996 Καὶ
1441 2939 1616 2995 ταῦτα

18 3042 100 3109 μὲν
129 3042 199 3095 τὰ
226 3040 519 3112 ἡμέτερα.

1731 643 1995 698 siderium
2032 645 2280 698 insanum
2317 653 2369 698 et
2407 643 2568 698 rebus
2593 643 2692 698 sub
2738 659 2957 699 sensum
2989 643 3308 700 cadentibus

1731 733 2026 789 familiare.
2063 735 2146 789 Ad
2176 734 2289 789 lucc
2320 735 2558 804 gaudere
2587 735 2808 803 dignum
2841 743 2946 798 est,
2977 749 3042 788 eo
3069 736 3214 804 quod
3241 738 3308 788 ab

1729 842 1794 882 eo
1821 827 2187 882 exscindatur
2218 843 2378 882 arcus
2408 827 2635 882 bellicus
2664 829 2733 894 ⁷³,
2769 828 2862 898 qui
2894 828 3114 881 vehitur
3147 841 3307 896 super

1729 918 2098 989 subjugalem,
2127 927 2182 972 et
2212 917 2417 988 pullum
2463 933 2686 983 novum,
2723 933 2827 972 non
2857 917 3160 974 valentibus
3194 931 3308 970 atu-

1726 1012 1865 1081 plius
1894 1011 2100 1065 inimici
2133 1011 2321 1079 ignitis
2356 1010 2572 1082 sagittis
2605 1011 2869 1066 adversus
2902 1026 3046 1072 eum,
3085 1012 3176 1080 qui
3217 1025 3306 1065 re-

1724 1101 1933 1171 ceperit
1973 1100 2135 1174 194
2166 1100 2353 1157 Jesum
2383 1103 2434 1157 in
2469 1119 2624 1158 suum
2660 1101 2940 1172 templum.
2972 1101 3094 1156 Erit
3119 1111 3303 1157 autem

1724 1191 1777 1246 in
1825 1190 2130 1248 Jerusalem
2178 1193 2471 1250 multitudo
2518 1210 2582 1251 ex
2629 1195 2883 1265 gentibus
2917 1210 3042 1250 cum
3075 1209 3206 1263 pace
3229 1194 3304 1258 "'.

1725 1282 2040 1342 Servatoris
2066 1285 2331 1352 adventu,
2365 1287 2684 1356 imperantis
2716 1286 2873 1356 aquis
2897 1325 2912 1352 ,
2966 1295 3026 1340 ut
3052 1294 3306 1341 conterat

1728 1377 1904 1447 capita
1941 1379 2238 1434 draconum
2274 1379 2327 1434 in
2357 1394 2496 1448 aqua
2528 1379 2594 1444 ⁷³,
2627 1386 2683 1434 et
2731 1387 2788 1431 ut
2821 1377 3102 1432 calcentur
3143 1377 3305 1431 unda:

1723 1469 1889 1525 maris
1919 1485 1948 1524 a
1998 1471 2156 1526 nobis
2201 1470 2644 1540 pervenientibus
2678 1485 2848 1539 usque
2879 1470 2944 1523 ad
2991 1471 3173 1524 exitus
3201 1467 3303 1522 litt-

1721 1562 1932 1617 viorum
1987 1564 2230 1619 omnium
2270 1565 2363 1634 qui
2394 1573 2520 1619 sunt
2551 1580 2716 1633 super
2771 1574 2997 1619 terram.
3029 1562 3300 1618 Caeterum

1719 1655 1862 1724 quod
1893 1654 2108 1711 Marcus
2136 1655 2205 1710 de
2240 1656 2386 1726 pullo
2433 1655 2686 1712 scribens
2735 1671 2764 1710 a
2815 1655 3045 1710 Domino
3095 1654 3298 1708 dictum

1719 1742 1893 1801 fuisse
1931 1745 2110 1816 inquit
2143 1763 2158 1800 :
2194 1765 2212 1798 ι
2251 1746 2427 1816 Super
2460 1762 2622 1817 quem
2655 1760 2819 1800 nemo
2848 1759 3085 1814 unquam
3123 1743 3302 1798 homi-

1721 1854 1850 1894 num
1902 1830 2136 1905 sedit",
2178 1858 2196 1892 ι
2231 1839 2461 1894 inuuere
2499 1837 2631 1892 tnihi
2678 1838 2891 1892 videtur
2921 1837 3064 1906 quod
3099 1836 3156 1891 bi
3207 1834 3302 1905 qui

1716 1940 1901 2001 podea
1929 1932 2305 1996 crediderunt,
2337 1946 2615 2002 nunquam
2646 1930 2848 1987 rationi
2898 1940 3061 1984 antea
3089 1928 3302 1998 seipsos

1716 2019 2089 2076 subdidissent
2115 2037 2276 2092 quam
2302 2020 2460 2078 Jesus
2490 2023 2632 2077 inter
2665 2022 2809 2093 ipsos
2833 2020 3136 2076 adveniret.
3161 2018 3298 2074 Nam

1717 2110 1971 2165 fortassis
2029 2112 2314 2166 hominum
2367 2125 2527 2167 nemo
2559 2127 2795 2181 unquam
2829 2111 3102 2167 insederat
3128 2111 3295 2182 pullo,

1714 2215 1836 2256 cum
1867 2202 2069 2273 alioqui
2101 2219 2170 2258 ex
2220 2203 2356 2259 feris
2391 2204 2474 2260 vel
2501 2219 2568 2260 ex
2610 2205 2694 2260 his
2725 2203 3084 2274 potesmtibus
3115 2218 3237 2274 quae
3264 2218 3297 2259 a

1717 2294 1931 2349 ratione
1965 2295 2158 2351 alienae
2188 2304 2369 2365 erant,
2400 2297 2595 2367 aliqua:
2645 2297 2974 2353 insedissent
3007 2313 3024 2352 :
3052 2297 3300 2368 quando-

1713 2385 1934 2456 quidem
1979 2387 2185 2442 divitias
2233 2389 2671 2444 adversariarum
2721 2390 3089 2460 p0tcutiarum
3132 2387 3296 2443 etiam

1713 2475 1854 2546 apud
1880 2475 2076 2531 Isaiam
2100 2478 2423 2548 prophetam
2448 2494 2613 2549 super
2639 2480 2822 2536 asinos
2842 2479 3149 2535 etcamelos
3167 2478 3299 2534 ferri

1715 2567 1969 2622 dicantur
2000 2569 2085 2624 his
2122 2570 2307 2626 verbis
2345 2588 2358 2625 :
2398 2589 2417 2624 ι
2459 2571 2516 2626 lu
2555 2571 2926 2640 tribulatione,
2959 2581 3013 2628 et
3046 2576 3300 2644 augUstia

1718 2657 1824 2723 leo,
1845 2669 1898 2716 et
1919 2663 2130 2717 catulus
2145 2662 2342 2730 leonis,
2365 2662 2490 2718 inde
2511 2664 2673 2718 etiam
2701 2665 2976 2734 genimina
3000 2665 3296 2720 volantium

1711 2752 1984 2822 aspidum,
2006 2751 2298 2808 ferentium
2323 2769 2490 2825 super
2517 2755 2699 2810 asinos
2725 2766 2782 2810 et
2815 2755 3054 2812 camelos
3077 2756 3297 2811 divitias

1712 2843 1920 2898 suas".
1950 2862 1969 2896 ›
1999 2843 2238 2900 Proinde
2261 2861 2474 2901 rursum
2499 2847 2866 2918 interrogandi
2889 2848 3298 2917 suntquinuda:

1716 2934 1908 2990 littera:
1933 2947 2062 2992 sunt
2085 2936 2305 3005 intenti,
2332 2953 2401 2993 an
2433 2955 2538 2995 non
2563 2939 2774 3008 judicio
2802 2955 2902 2996 suo
2924 2939 3127 2995 frustra
3160 2939 3299 2995 scri-

1715 3038 1865 3099 ptum
1919 3027 2087 3086 fuisse
2139 3031 2437 3086 videatur:
2481 3049 2499 3084 ‹
2560 3029 2734 3102 Super
2771 3047 2936 3102 quem
2986 3046 3147 3088 nemo
3191 3047 3298 3087 uu-

13 3149 156 3203 quam
185 3136 493 3190 hominum
544 3130 706 3187 sedit.
754 3149 773 3182 ›
805 3127 938 3196 Quis
966 3128 1134 3195 enim,
1165 3137 1363 3199 praeter
1397 3126 1694 3194 hominem,
1731 3139 1894 3194 super
1931 3126 2108 3197 pullos
2148 3127 2425 3182 asinorum
2457 3128 2655 3184 sedet?
2690 3127 2757 3183 Et
2790 3143 2888 3184 nos
2931 3128 3148 3198 quidem
3193 3128 3299 3183 sic.

77 3233 156 3287 19.
182 3231 438 3302 Ἰδωμεν
460 3230 518 3282 δέ
539 3227 722 3282 καὶτὰ
750 3225 1145 3299 Ἡρακλέωνος,
1165 3225 1225 3290 ὃς
1243 3240 1377 3294 φησι
1405 3223 1502 3294 τὴν
1535 3223 1607 3286 εἰς

1794 3221 1884 3278 19.
1907 3223 2198 3278 Videamus
2218 3237 2348 3278 vero
2373 3238 2494 3291 quae.
2525 3223 2824 3280 lleracleon
2847 3222 3010 3286 dicat,
3047 3221 3300 3292 inquiens

25 3325 373 3395 Ἰεροσόλυμα
401 3321 515 3391 (88)
547 3319 731 3373 ἄνοδον
767 3317 1050 3390 σημαίνειν
1081 3315 1194 3388 (89)
1221 3315 1319 3388 τὴν
1359 3313 1468 3369 ἀπὸ
1503 3313 1611 3366 τῶν

17 3418 195 3471 ὑλιῑῶν
227 3418 317 3480 εἰς
343 3415 448 3468 τὸν
468 3412 700 3483 ψυχικὸν
724 3411 910 3477 τόπον,
939 3410 1281 3481 τυγχάνοντα
1303 3407 1490 3462 εἰκόνα
1514 3407 1612 3477 τῆς

26 3508 406 3578 Ἰερουσαλὴμ,
455 3504 720 3558 ἀνάϐασιν
760 3501 854 3556 τοῦ
903 3502 1132 3573 Κυρίου.
1160 3500 1233 3554 Τὸ
1261 3500 1351 3554 δέ·
1394 3519 1413 3551 ι
1438 3494 1613 3568 Εὗρεν

17 3603 62 3653 ὲν
83 3603 154 3673 τῷ
179 3601 346 3673 ἱερῷ,
373 3618 395 3651 ι
435 3599 531 3652 καὶ
554 3597 675 3668 οὐχὶ
703 3597 812 3650 τῶν
839 3597 952 3650 ἄνω
977 3595 1146 3649 οἴεται
1173 3593 1443 3666 εἰρῆσθαι,
1472 3593 1612 3665 ὑπὲρ

19 3691 95 3744 τοῦ
125 3693 197 3763 μὴ
234 3694 347 3762 τὴν
399 3689 597 3760 κλῆσιν
629 3687 799 3759 μόνην
829 3685 1088 3758 νοηθῆναι
1115 3683 1212 3755 τὴν
1245 3683 1412 3755 χωρὶς
1442 3681 1611 3734 Πνεύ-

21 3803 170 3853 ματκ
215 3782 552 3856 βοηθεῖσθαι
596 3781 703 3834 ὑπὸ
749 3778 839 3832 τοῦ
882 3777 1108 3850 Κυρίου·
1145 3779 1358 3847 ήγείται
1397 3773 1506 3846 γὰρ
1542 3773 1614 3827 τά

132 3877 305 3945 ’Δγια
348 3873 470 3927 τῶν
504 3871 677 3940 ἁγίων
709 3867 849 3924 εἶναι
889 3870 948 3923 τὸ
997 3869 1162 3940 ἱερὸν,
1203 3868 1282 3932 είς
1315 3866 1350 3921 ἂ
1386 3867 1546 3938 μόνος
1583 3868 1612 3919 ὁ

17 3967 296 4037 ἀρχιερεὺς
321 3964 533 4035 εἰσῄει,
559 3963 686 4016 ἔνθα
707 3963 889 4033 οἴομαι
913 3960 1076 4015 αὐτὸν
1099 3958 1278 4026 λέγειν
1309 3959 1436 4020 τοὺς
1458 3973 1613 4011 πνευ-

19 4061 267 4126 ματικοὺς
311 4061 543 4129 χωρεῖν·
578 4055 647 4109 τὰ
688 4054 745 4107 δὲ
793 4052 886 4107 τοῦ
939 4052 1199 4125 προνάου,
1246 4051 1379 4104 ὅπου
1423 4049 1518 4102 καὶ
1560 4048 1609 4102 oi

17 4148 240 4216 Λευῖται,
283 4149 571 4221 σύμϐολον
621 4142 762 4200 εἶναι
807 4145 914 4200 τῶν
963 4145 1068 4212 ἔξω
1114 4142 1208 4197 τοῦ
1237 4141 1611 4215 Πληρώαατος

17 4243 247 4313 rga-ima»
276 4242 428 4312 (90),
467 4237 874 4311 εὑρισκομένων
917 4237 975 4288 ἐν
1017 4235 1287 4307 σωτηρίᾳ·
1323 4233 1459 4306 πρὸς
1490 4231 1611 4286 τού-

17 4352 113 4396 τοις
135 4337 266 4399 τοὺς
289 4331 732 4405 εὑρισκομένους
756 4333 812 4384 ἐν
831 4328 910 4400 τῷ
933 4327 1084 4400 ίερῷ,
1113 4327 1429 4390 πωλοῦντας
1458 4326 1606 4397 βόας,

19 4429 98 4479 ul.
137 4427 430 4499 πρόσει-τα,
462 4424 558 4479 καὶ
589 4421 943 4495 περιστερὰς,
979 4420 1227 4483 καὶτοὺς
1266 4417 1610 4492 καθημένους

1717 3314 1931 3370 Domini
1951 3330 2240 3370 ascensum
2263 3318 2329 3370 ad
2343 3311 2744 3388 Jerosolymam
2769 3314 3082 3386 signiﬁcare
3107 3329 3300 3369 ascen-

1715 3420 1832 3460 sum
1863 3421 1892 3459 a
1926 3405 2302 3460 materialibus
2332 3405 2400 3460 ad
2423 3405 2716 3461 animalem
2763 3405 2964 3471 locum,
3003 3404 3298 3476 imaginem

1717 3497 2077 3553 exsistentem
2108 3496 2503 3570 Jerosoiymm:
2537 3498 2668 3554 illud
2699 3499 2864 3555 etiam
2903 3515 2918 3555 :
2955 3517 2974 3552 ι
3003 3499 3212 3554 Invenit
3245 3499 3300 3554 in

1717 3589 1917 3659 templo
1946 3589 2016 3656 ",
2057 3609 2077 3643 ι
2111 3603 2215 3644 non
2247 3590 2448 3646 dictum
2481 3589 2650 3647 fuisse
2693 3591 3017 3648 existimans
3063 3591 3129 3647 de
3165 3591 3302 3648 locis

1715 3681 1987 3750 supernis,
2021 3695 2092 3736 ne
2126 3679 2553 3750 intelligeremus
2591 3681 2928 3738 vocationem
2960 3682 3158 3749 solam,
3181 3681 3304 3738 sine

1715 3771 1951 3841 Spiritus
1980 3787 2104 3843 ope,
2137 3771 2384 3841 adjuvari
2427 3789 2456 3826 a
2512 3773 2768 3828 Domino.
2819 3773 3111 3829 Existimat
3151 3773 3301 3828 enim

1717 3862 1978 3932 templum
2007 3877 2132 3919 esse
2160 3861 2362 3918 Sancta
2385 3873 2720 3930 sanctorum,
2751 3866 2803 3920 in
2827 3880 2950 3936 quae
2977 3864 3130 3921 solus
3152 3878 3302 3920 sum-

1715 3973 1836 4013 mus
1884 3957 2130 4028 pontifex
2176 3957 2606 4027 ingrediebatur,
2652 3973 2762 4028 quo
2809 3959 2976 4014 etiam
3022 3955 3300 4028 proﬁcisci

1712 4049 2025 4117 spirituales
2050 4049 2293 4106 arbitror
2324 4047 2474 4103 illum
2506 4049 2724 4118 dicere;
2777 4049 3103 4106 vestibulum
3132 4051 3298 4119 ivero,

1713 4141 1804 4196 ubi
1838 4141 2002 4196 etiam
2034 4139 2237 4197 Levitse
2265 4151 2444 4207 erant,
2477 4142 2786 4198 arbitratur
2834 4151 3022 4198 notam
3057 4155 3180 4198 esse
3208 4155 3302 4196 ea-
3353 4195 3359 4202 ,

1713 4249 1832 4288 rum
1857 4234 2164 4290 animarum
2190 4249 2316 4306 qua:
2345 4234 2700 4291 inveniuntur
2723 4235 2780 4290 in
2807 4237 2988 4290 salute
3009 4245 3164 4289 extra
3188 4232 3303 4288 Ple-

1713 4341 1887 4382 roma.
1929 4327 2012 4382 Ad
2041 4327 2157 4383 haec
2191 4328 2439 4384 inventos
2465 4328 2517 4382 in
2553 4327 2754 4397 templo
2783 4330 3084 4383 vendentes
3109 4327 3299 4391 boves,

1711 4428 1766 4474 et
1785 4433 1942 4486 oves,
1972 4433 2028 4476 et
2065 4419 2368 4488 columbas,
2415 4431 2470 4477 et
2518 4422 2777 4478 sedentes
2811 4421 3118 4476 mensarios
3144 4461 3160 4486 ,
3197 4421 3302 4476 dici

18 4519 426 4594 κερματιστὰς,
476 4516 760 4586 ἐξεδέξατο
800 4513 1054 4584 λέγεσθαι
1110 4513 1230 4567 ἀντὶ
1284 4511 1392 4565 τῶν
1441 4511 1607 4583 μηδὲν

1723 4512 1967 4582 exposuit
1995 4527 2094 4583 pro
2127 4513 2212 4568 his
2237 4514 2331 4584 qui
2364 4513 2497 4568 nihil
2529 4514 2718 4586 gratia:
2747 4515 3016 4580 tribuunt,
3040 4513 3134 4569 sed
3159 4527 3304 4568 mer-

19 4593 180 4685 χάᾳτι
203 4613 498 4673 διδόντων,
547 4607 666 4662 ἀλλ’
717 4603 988 4676 ἐμπορίαν
1019 4603 1116 4656 καὶ
1144 4600 1336 4674 κέρδος
1362 4600 1461 4671 τὴν
1498 4599 1607 4654 τῶν

1723 4613 1957 4657 saturam
2004 4614 2197 4674 putant
2235 4615 2291 4660 et
2323 4604 2535 4660 lucrum
2573 4606 2882 4675 ingressum
2911 4618 3301 4662 extraneorum

21 4705 165 4771 ξένων
192 4708 278 4770 είς
301 4702 374 4756 τὺ
405 4701 556 4775 ἱερὸν
581 4699 785 4753 εἴσοδον
807 4695 1158 4768 νομιζόντων,
1187 4692 1281 4748 τοῦ
1309 4691 1436 4746 ἰδίου
1479 4691 1607 4763 κέρ-

1723 4692 1770 4748 ἱιι
1823 4695 2106 4765 templum,
2155 4695 2446 4761 victimas,
2495 4696 2701 4768 proprii
2762 4696 2897 4754 lucri
2954 4707 3011 4753 et
3060 4695 3302 4751 avaritia:

23 4796 124 4861 57:;
160 4799 256 4851 καὶ
297 4792 680 4865 φιλαργυρίας
710 4791 915 4856 ἕνεκεν,
963 4788 1060 4852 τὰς
1101 4788 1181 4850 είς
1211 4785 1310 4855 τὴν
1353 4783 1607 4856 λατρείαν

1723 4799 1907 4850 causa,
1941 4789 2007 4843 ad
2051 4787 2256 4843 cultum
2305 4788 2400 4844 Dei
2445 4791 2877 4862 suppeditantes.
2939 4789 3077 4857 Quin
3135 4787 3299 4842 etiam

23 4888 100 4941 τοῦ
133 4888 272 4942 Θεοῦ
315 4885 518 4948 θυσίας
557 4880 938 4956 χορηγούντων
958 4895 971 4908 ·
998 4877 1093 4932 καὶ
1118 4876 1179 4929 τὸ
1201 4872 1528 4947 φραγέλλιον
1553 4873 1607 4926 δέ

1723 4875 1906 4931 Iesum
1958 4894 1990 4934 e
2040 4877 2294 4936 funiculis
2350 4881 2547 4938 fecisse
2589 4882 2884 4954 flagellum,
2937 4895 3044 4935 non
3081 4880 3150 4932 ab
3195 4877 3301 4931 alio

79 5011 122 5040 "
151 5007 299 5063 Psal.
341 5018 529 5068 xxx",
560 5001 650 5058 17.
726 5002 769 5033 ⁷¹
800 5000 967 5056 Zach.
997 5013 1075 5062 Ix,
1107 4994 1196 5050 10.
1292 4995 1337 5026 ⁷⁸
1379 4994 1508 5050 ibid.

1723 4997 1832 5053 ’sal.
1866 5013 2062 5065 Lxxm,
2097 4999 2184 5054 15.
2293 5000 2342 5032 "
2382 5001 2550 5057 Marc.
2577 5016 2653 5067 xt,
2690 5000 2744 5054 2.

26 5079 64 5111 π
83 5079 231 5136 Joatl.
266 5094 336 5144 ιι,
373 5075 467 5129 14.

28 5177 192 5237 italus.
219 5185 282 5229 at
305 5173 558 5234 videtur,
585 5183 763 5240 eoque
789 5167 950 5226 modo
974 5165 1350 5240 restituendus
1373 5177 1483 5240 quo
1523 5160 1604 5216 le—

29 5250 89 5314 git
125 5235 431 5314 interpres,
473 5235 833 5314 nempe:sic:
878 5258 896 5290 ι
919 5239 1025 5314 -Μῂ
1072 5235 1333 5314 φο-ὅοῦτ..
1363 5235 1608 5314 Δέρχεται

344 5314 448 5366 ἐπὶ
473 5303 820 5388 πῷλὸν-δνου,
848 5329 876 5388 Α»
908 5303 1029 5388 ἀντί
1060 5303 1232 5388 τοῦ,“ι
1262 5303 1608 5384 ἐπιϐεϐηκὼς

133 5377 443 5452 δ’ποζῦγιον
472 5382 566 5434 καὶ
597 5380 778 5435 πῶλον
805 5381 941 5433 κέον.
980 5379 1136 5452 Enn.
1171 5377 1412 5452 Ρλῃιοιη
1605 5379 1611 5384 ’

87 5445 368 5526 ιδὸἽὙῷ
409 5452 588 5526 Apris?
614 5452 778 5526 τλόγῳ
809 5448 1182 5526 προσέχειν,
1224 5445 1608 5526 βλάπτοντα.

33 5515 238 5583 Ita-cmi].
272 5515 723 5592 Bodl.;'ﬂegius,
773 5515 1240 5589 cavumquov
1289 5515 1604 5588 προσέχειν,

1608 4995 1655 5028 ’⁸
1685 4995 1832 5053 Psal.
1866 5013 2062 5065 Lxxm,
2097 4999 2184 5054 15.
2293 5000 2342 5032 "
2382 5001 2550 5057 Marc.
2577 5016 2653 5065 xt,
2690 5000 2744 5054 2.
2851 4998 2897 5030 ⁷⁸
2932 4994 3036 5050 lsa-
3068 5007 3204 5058 XXX.
3245 4991 3299 5047 6ο

1782 5156 1896 5228 (89)
1933 5157 2113 5228 codex
2145 5158 2364 5228 Regius,
2395 5159 2556 5221 male,
2591 5156 2866 5228 σημαίνει.

1778 5226 1890 5300 (90)
1923 5227 2045 5282 Τῶν
2073 5229 2188 5300 ἔξω
2212 5225 2319 5282 ἰοῦ
2346 5225 2736 5298 Πληρώμαξος
2771 5225 3068 5294 ψυχικῶν.
3106 5226 3304 5300 Βολέςι-

1713 5297 2144 5355 leutinianorum
2170 5297 2494 5363 Pleromate,
2516 5311 2569 5353 et
2602 5301 2667 5350 iis
2692 5315 2812 5366 quae
2833 5309 2958 5351 sunt
2991 5305 3143 5351 extra
3180 5297 3302 5352 Ple-

1712 5385 1864 5425 roma
1897 5371 2116 5424 disserit
2160 5369 2496 5438 Epiphanius
2524 5368 2836 5430 exlreumo,
2891 5370 3082 5421 ha3t'es.
3145 5385 3297 5432 χχχι,

1715 5456 1838 5508 cap.
1864 5441 1964 5504 i6;
2003 5440 2379 5494 Tertulliauus
2424 5439 2849 5494 Universitatetu
2885 5438 3139 5507 appellat,
3171 5441 3296 5491 mlv.

1730 5509 2016 5573 Valentin.,
2040 5512 2215 5581 deque
2241 5525 2301 5563 ea
2326 5512 2437 5579 agit
2457 5525 2588 5581 cum
2624 5510 2745 5572 hoc,
2775 5525 2936 5580 quem
2965 5509 3295 5581 dicu,__t_ibrp,

35 5576 407 5664 agiagi",
432 5576 469 5588 “’
502 5663 524 5664 7
583 5576 612 5592 ’³
687 5576 723 5664 μ’
863 5659 897 5664 __
941 5576 953 5588 ’
1102 5657 1115 5664 Α
1157 5576 1168 5586 ’
1283 5657 1295 5664 _
1336 5576 1348 5588 ’
1467 5576 1498 5584 ”
1551 5576 1597 5664 _'
1711 5591 1823 5662 tum
1846 5582 2009 5664 etiam
2036 5576 2138 5634 lib.
2156 5579 2227 5632 De
2247 5576 2545 5664 pra’icript.
2571 5576 3198 5664 adversflutrre‘tf,ellib;
3223 5578 3300 5664 De

94 5645 196 5737 iis}
219 5645 467 5733 ⁷σιῖνησίν.
498 5663 658 5718 Deest
685 5661 741 5715 in
775 5659 966 5714 codice
989 5657 1176 5728 Regio,
1203 5657 1296 5713 sed
1337 5664 1520 5712 exstat
1551 5655 1606 5709 in
1711 5649 2208 5737 quint..HllilI‘la.l.lU|lll
2231 5645 2408 5737 autem
2435 5645 2606 5717 genus
2635 5649 2685 5702 in
2717 5659 2827 5733 tres
2852 5649 3074 5737 ordines
3095 5645 3299 5737 γέιιωξ-

33 5718 333 5791 seruatas:
1068 5718 1097 5728 “
1160 5718 1174 5726 ’

1723 5721 1903 5774 uuiatti
1931 5721 2368 5791 distribuebant:
2399 5718 2828 5791 πνευματικούς,
2857 5720 2907 5771 in
2933 5733 3166 5791 quorum
3201 5733 3300 5791 nu-

94 5785 471 5881 [ἷῆ-ίίῆὰοῦ.
521 5801 876 5858 Desideratur
938 5799 992 5854 in
1059 5797 1250 5870 Regio,
1304 5796 1502 5866 legitur
1551 5795 1605 5848 in
1712 5807 1922 5881 literal}:
1963 5790 2251 5881 ερῇρδξιξς
2287 5785 2582 5881 ρηοξιίοιξε
2629 5790 2985 5881 Γθῖετθεηηίξξ
3007 5785 3292 5881 limiti???

37 5857 331 5932 Bo‘dciatté.
1141 5857 1171 5870 υ

1723 5865 1784 5915 de
1806 5862 2011 5932 quibus
2032 5861 2118 5912 hic
2143 5859 2468 5932 Heracleon;
2495 5872 2547 5912 et
2567 5858 2887 5932 σαρκικούς.
2914 5857 3147 5932 Consule
3175 5857 3300 5922 Epi-

99 5927 338 6014 ᾧέῖὲὶξ
385 5943 788 6014 Ἱεροσόλυμα.
818 5940 977 6000 Deest
999 5943 1079 6004 ei;
1115 5940 1168 5996 in
1193 5938 1379 5996 codice
1407 5935 1595 6005 Regio.

1723 5927 1966 6003 )ltanium
2003 5929 2195 5987 haeresi
2229 5945 2381 5998 xxxi,
2411 5945 2531 6001 cap.
2565 5931 2594 5982 7
2627 5927 2682 5988 et
2716 5932 2778 5988 19
2802 5941 2857 5988 et
2887 5943 3003 5999 seq.
3032 5927 3293 5982 llusrtus.
