3866 6522
71 423 156 476 569
1202 421 1560 476 COMMENT.
1601 421 1664 474 IN
1700 419 1897 478 JOAN.
1944 419 2179 476 TOMUS
2216 420 2283 479 Χ.

3241 423 3346 476 5ἷο

69 537 302 591 τοιούτων
336 537 458 592 ἀπὸ
488 537 615 592 τῶν
645 538 886 612 Γραφῶν
921 537 1113 610 φωνῶν
1136 577 1152 604 ,
1187 536 1330 594 κατὰ
1357 537 1662 610 μεταφορὰν

1777 538 1960 592 animo
1990 538 2123 593 tales
2153 536 2562 608 Scripturarum
2597 551 2756 592 voces
2791 538 3064 599 audimus,
3112 552 3141 590 a
3189 537 3349 591 rebus

69 629 360 700 simpévmv
419 629 545 684 ἀπὸ
597 631 715 686 τῶν
767 634 1158 706 ἀνθρωπίνων,
1201 633 1282 695 είς
1334 633 1672 702 παράστασιν

69 721 145 774 τοῦ
184 719 357 790 μηδὲν
389 721 706 796 ἀλλότριον
759 725 1044 796 βούλεσθαι
1072 725 1162 778 τὸν
1203 723 1336 776 Θεὸν
1377 725 1670 796 ἐπιμίγνυ-

76 812 174 867 σΊαι
196 809 293 866 τοῦ
323 811 701 886 βουλήματος
733 817 899 871 αὐτοῦ
923 821 988 889 τῇ
1019 817 1163 889 ψυχῇ
1201 817 1418 870 πάντων
1451 817 1549 889 μὲν
1579 820 1673 872 ἀν-

69 904 305 976 θρώπων,
348 904 680 980 ἐξαιρέτως
729 909 787 964 δὲ
833 909 942 964 τῶν
992 909 1062 963 τὰ
1101 911 1200 980 τῆς
1231 908 1515 980 θειοτάτης
1558 910 1670 979 (98)

70 997 284 1060 ria-rem;
319 998 767 1068 παραδέξασθαι
801 1000 1080 1055 θελόντων.
1123 999 1269 1072 Πλὴν
1297 999 1388 1054 τὸν
1431 999 1512 1070 ξη⁸
1537 999 1674 1069 ψαλ-

71 1089 153 1157 μὸν
177 1087 289 1158 (99)
316 1088 533 1159 ἔχοντα
568 1092 669 1146 τό·
715 1112 734 1145 ι
785 1093 842 1149 '0
871 1093 1033 1164 ζῆλος
1053 1092 1148 1147 τοῦ
1182 1093 1332 1147 οἴκου
1377 1109 1471 1146 σου
1504 1111 1670 1148 κατα-

69 1181 276 1250 σὰγεταί
329 1201 404 1252 με
428 1224 444 1248 ,
489 1203 508 1235 ι
569 1186 672 1239 καὶ
728 1187 848 1257 μετ’
905 1187 1089 1256 ὀλίγαν
1148 1206 1167 1234 ε
1210 1186 1461 1240 Ἐδωκαν
1503 1187 1583 1250 είς
1611 1185 1671 1239 τὸ

69 1271 245 1343 βρῶμά
275 1291 386 1344 μου
418 1275 636 1348 χολὴν,
667 1279 767 1332 καὶ
814 1280 894 1342 εἰς
937 1279 1036 1348 τὴν
1083 1277 1240 1348 δίψαν
1277 1295 1378 1350 μου
1413 1277 1670 1331 ἐπότισάν

71 1385 124 1436 με
170 1367 290 1434 ὖξος
339 1388 359 1419 ›
427 1369 763 1443 (ἀμφότερα
809 1373 869 1425 ὲν
909 1374 1022 1435 τοῖς
1074 1371 1426 1440 Εὐαγγελίοις
1471 1371 1668 1441 ἀναγε-

68 1462 392 1530 γραμμένα),
415 1463 612 1518 ίστέον
634 1466 702 1518 ἐκ
723 1463 1012 1536 προσώπου
1030 1463 1281 1533 λέγεσθαι
1298 1463 1390 1518 τοῦ
1409 1462 1668 1534 Χριστοῦ,

66 1549 302 1619 οζοδεμίαν
337 1552 708 1622 ἐμφαίνοντα
746 1553 842 1607 τοῦ
873 1553 1124 1622 λέγοντος
1165 1553 1458 1626 προσώπου
1500 1571 1668 1626 μετα-

67 1642 228 1711 ίολήν.
256 1643 487 1717 Σφόδρα
509 1645 575 1699 δὲ
601 1646 1052 1719 ἀπαρατηρήτως
1083 1649 1112 1702 ὁ
1156 1647 1474 1719 Ἡρακλέων
1501 1647 1668 1702 οἴεται

65 1734 133 1786 τό·
149 1754 166 1785 ι
189 1735 244 1788 '0
265 1735 434 1806 ζῆλος
454 1736 563 1790 τοῦ
586 1737 742 1792 οἴκου
767 1755 862 1793 σου
878 1739 1254 1809 καταφάγεταί
1278 1757 1367 1811 με,
1389 1758 1407 1792 ι
1425 1741 1489 1794 ὲκ
1509 1758 1668 1812 προσ·

1779 628 2036 685 humanis
2083 643 2180 700 per
2232 629 2606 698 metaphoram
2638 629 2976 698 desumptas,
3011 628 3076 683 ad
3121 628 3350 683 demon-

1777 721 2066 776 strandum
2113 721 2258 790 quod
2295 720 2434 776 Deus
2484 719 2616 775 nolit
2650 719 2812 775 alieni
2863 718 3162 790 quidquam
3195 734 3224 773 a
3257 734 3352 775 vo—

1776 813 1984 870 luutate
2009 829 2104 871 sua
2145 813 2436 870 admisceri
2481 815 2674 869 anima:
2719 813 2959 868 omnium
2993 813 3215 883 quidem
3247 813 3350 868 ho-

1777 910 2006 976 minum,
2043 909 2138 964 sed
2182 908 2454 979 praecipue
2482 924 2672 970 eorum
2707 908 2798 978 qui
2841 907 3132 962 admittere
3163 905 3352 961 volunt

1774 985 2173 1058 divinissimam
2223 1001 2403 1057 fidem.
2446 1003 2697 1058 Attamen
2743 1001 3024 1057 sciendum
3063 1011 3168 1066 est,
3205 999 3351 1068 psal-

1777 1110 1922 1150 mum
1949 1103 2202 1151 octarum
2229 1104 2282 1149 et
2307 1095 2728 1164 sexagesimum,
2764 1093 3052 1150 habentem
3094 1111 3107 1146 :
3143 1112 3161 1145 ι
3191 1091 3352 1148 Zelus

1775 1185 1972 1240 domus
2004 1195 2109 1240 tum
2135 1183 2374 1240 comedit
2405 1200 2510 1250 me,
2547 1203 2566 1238 ι
2606 1193 2660 1240 et
2691 1193 2815 1254 post
2853 1199 3024 1254 pauca
3069 1201 3082 1238 :
3119 1203 3140 1235 ι
3180 1183 3352 1238 Dede-

1777 1287 1904 1332 runt
1940 1275 1994 1330 in
2026 1289 2208 1331 escam
2251 1288 2428 1330 meam
2461 1275 2554 1344 fel,
2586 1284 2640 1332 et
2671 1276 2724 1332 in
2756 1275 2846 1330 siti
2881 1291 2997 1332 mea
3026 1283 3353 1345 potaverunt

1777 1380 1862 1420 me
1888 1374 2050 1420 aceto
2097 1384 2117 1418 ι
2164 1367 2308 1437 (qua:
2343 1377 2578 1435 utraque
2610 1366 2665 1422 in
2703 1367 3011 1437 Erangeliis
3052 1375 3182 1422 sunt
3217 1363 3352 1420 seri.-

1773 1469 1863 1528 pta
1893 1457 1966 1530 ⁸³)
1999 1473 2066 1515 ex
2095 1475 2326 1530 persona
2357 1458 2566 1515 Christi
2594 1459 2724 1524 dici,
2757 1459 2960 1514 nullam
2997 1471 3245 1528 persona:
3271 1455 3352 1510 lo-

1774 1550 1994 1620 quentis
2025 1551 2396 1606 ostendentem
2434 1551 2810 1607 mutationem.
2838 1551 3008 1606 Valde
3037 1558 3219 1604 autem
3267 1548 3352 1602 in-

1772 1644 2134 1700 observanter
2168 1641 2470 1700 Heracleon
2524 1642 2653 1698 illud
2697 1657 2713 1699 :
2761 1662 2780 1696 ι
2821 1642 2982 1700 Zelus
3015 1642 3209 1698 domus
3248 1649 3353 1698 tuae

1772 1736 2009 1792 comedit
2033 1749 2139 1801 me,
2173 1754 2193 1789 ι
2223 1735 2326 1791 dici
2361 1743 2517 1806 putat
2556 1749 2626 1790 ex
2668 1749 2899 1805 persona
2934 1748 3124 1789 earum
3163 1743 3354 1804 poten-

62 1823 197 1878 ιὲιπου
241 1826 354 1880 τῶν
406 1828 818 1901 ἐκϐληθέντων
860 1831 952 1885 καὶ
1003 1831 1389 1886 ἀναλωθέντων
1433 1832 1538 1886 ὑπὸ
1573 1832 1662 1885 τοῦ

1776 1831 1972 1884 tiarum
2001 1843 2120 1900 qua:
2147 1828 2334 1896 eiectae
2366 1827 2590 1883 fuerunt
2622 1838 2674 1884 et
2700 1836 3038 1899 consumpta;
3077 1843 3109 1882 a
3155 1827 3354 1883 Serva-

67 1919 296 1991 Σωτῆρος
325 1898 642 1993 δυνάμεων
677 1922 965 1992 λέγεσθαι,
998 1923 1071 1995 μὴ
1110 1923 1407 1995 δυνάμενος
1437 1924 1528 1978 τὸν
1555 1925 1662 1996 εἱρ-

1777 1931 1912 1986 tore,
1944 1898 2048 1974 non
2079 1919 2265 1975 valens
2313 1919 2366 1974 in
2403 1918 2610 1990 psalmo
2652 1919 2851 1975 seriem
2892 1898 3193 1989 prophetia:
3235 1930 3358 1976 seri

67 2009 152 2079 μὸν
174 2012 272 2082 τῆς
297 2015 357 2066 ἐν
391 2013 481 2086 τῷ
516 2014 740 2086 ψαλμῷ
768 2016 1096 2088 προφητείας
1127 2016 1385 2088 τηρῆσαι.
1428 2016 1671 2086 Νοουμέ-

65 2121 156 2156 νων
210 2104 284 2176 (ί)
339 2105 460 2178 γὰρ
514 2108 593 2160 ὲκ
649 2106 946 2178 προσώπου
995 2108 1102 2161 τῶν
1150 2108 1522 2180 ἐκϐληθέντων
1576 2109 1670 2162 καὶ

66 2198 432 2254 ἀναλωθέντων
459 2201 773 2272 δυνάμεων
795 2201 1069 2270 λέγεσθαι,
1091 2203 1383 2258 ἀκόλουθόν
1409 2205 1527 2258 ἐστι
1549 2207 1668 2258 κατ’

63 2290 209 2341 αὑτὸν
243 2291 332 2343 καὶ
371 2291 462 2344 τό’
506 2311 528 2344 ί
569 2293 833 2346 Ἔδωκαν
868 2293 946 2352 είς
977 2294 1035 2346 τὸ
1064 2295 1260 2367 βρῶμά
1294 2313 1396 2367 μου
1431 2297 1614 2369 χολὴν,
1644 2318 1663 2350 ι

64 2380 145 2432 καὶ
185 2381 278 2432 ἀπ’
327 2383 592 2438 ἐκείνων
640 2384 720 2454 (2)
765 2384 1050 2453 λέγεσθαι,
1090 2389 1148 2440 ὲν
1177 2387 1253 2459 τῷ
1286 2389 1436 2461 αὐτῷ
1473 2391 1670 2460 ἀναγε-

61 2477 354 2546 γραμμένον
385 2477 657 2548 ψαλμῷ·
689 2479 808 2532 ἀλλ’
836 2479 910 2544 ὡς
934 2481 1081 2545 εἰκὸς
1103 2482 1364 2554 ἐτάραξεν
1391 2485 1551 2539 αὑτὸν
1573 2485 1634 2539 τό
1651 2505 1666 2520 ο

62 2568 454 2638 καταφάγεταί
484 2587 618 2640 με,
679 2570 757 2634 ώς
803 2571 876 2643 μὴ
927 2573 1224 2644 δυνάμενον
1273 2575 1380 2628 ὑπὸ
1432 2578 1669 2649 Χριστοῦ

62 2659 526 2728 ἀπαγγέλλεσθαι,
561 2660 670 2731 οὐχ
708 2661 920 2732 ὁρῶντα
953 2664 1028 2732 (ὅ)
1064 2663 1125 2718 τὸ
1155 2664 1278 2730 ἔθος
1307 2666 1418 2720 τῶν
1458 2667 1669 2741 ἀνθρω-

63 2751 308 2804 ποπαθῶν
334 2754 476 2827 περὶ
504 2753 660 2807 Θεοῦ
691 2755 788 2808 καὶ
810 2755 1047 2825 Χριστοῦ
1077 2755 1271 2824 λόγων.

121 2842 206 2896 20.
243 2862 262 2895 ι
324 2844 767 2916 Ἀπεκρίθησαν
811 2841 905 2900 οὖν
950 2848 1000 2900 οἱ
1060 2847 1338 2912 Ἰουδαῖοι,
1391 2853 1483 2905 καὶ
1508 2846 1668 2907 εἶπαν

64 2935 196 3005 αὒτῷ
216 2953 231 2967 ·
269 2938 338 2990 Τί
371 2941 621 3010 σημεῖον
644 2939 914 3006 δεικνύεις
943 2943 1074 3014 ἡμῖν
1098 2983 1112 3008 ,
1137 2944 1219 2997 ὅτι
1253 2943 1426 2998 ταῦτα
1457 2948 1665 3012 ποιεῖςς

74 3030 362 3104 Ἀπεκρίθη
441 3033 699 3105 Ἰησοῦς,
736 3034 833 3088 καὶ
884 3033 1034 3089 εἶπεν
1069 3037 1284 3102 αὐτοῖς’
1321 3038 1534 3094 Λύσατε
1577 3038 1670 3094 τδν

64 3125 172 3176 ναὸν
196 3126 430 3192 τοῦτον,
483 3129 590 3181 καὶ
619 3130 682 3182 ἐν
720 3127 900 3198 τρισὶν
933 3130 1172 3202 ἡμέραις
1207 3131 1384 3201 ἐγερῶ
1418 3131 1600 3186 αὐτόν.
1645 3153 1662 3185 ι

1775 2028 1922 2069 vare.
1955 2011 2088 2066 Nam
2128 2011 2283 2067 nobis
2324 2011 2752 2080 intelligentibus
2792 2013 2907 2068 haec
2944 2025 3009 2069 ex
3051 2012 3350 2080 ejectarum

1771 2117 1828 2160 et
1863 2114 2308 2174 consumptarum
2345 2104 2712 2174 potentiarum
2743 2119 2974 2174 persona
2998 2105 3126 2172 dici,
3159 2119 3345 2160 conse-

1772 2213 1946 2267 quens
1971 2206 2074 2262 est,
2104 2197 2310 2268 judicio
2346 2213 2466 2263 suo,
2508 2207 2568 2252 ut
2619 2198 2687 2252 ab
2731 2197 2839 2253 illis
2886 2197 3051 2254 etiam
3099 2198 3353 2253 dicantur

1774 2288 1936 2343 verba
1981 2287 2112 2343 illa:
2153 2307 2170 2340 ι
2208 2286 2482 2342 Dederunt
2515 2288 2566 2342 in
2598 2302 2780 2344 escam
2816 2303 2992 2342 meam
3042 2287 3134 2354 fel,
3171 2308 3190 2342 ι
3233 2303 3352 2358 qua:

1773 2381 1825 2436 in
1858 2382 2046 2437 eodem
2095 2381 2299 2450 scripta
2348 2391 2475 2436 sunt
2525 2380 2735 2451 psalmo
2774 2399 2786 2446 ;
2830 2384 2949 2448 sed,
2984 2390 3039 2436 ut
3075 2381 3352 2451 probabile

1771 2481 1874 2538 est,
1917 2473 2068 2528 illum
2109 2473 2346 2528 turbavit
2385 2489 2485 2529 vox
2532 2476 2757 2529 comedit
2797 2490 2877 2528 me
2905 2473 3152 2546 (perinde
3188 2474 3348 2543 quasi

1773 2581 1803 2621 a
1831 2565 2048 2623 Christo
2093 2565 2194 2620 dici
2250 2583 2353 2623 non
2407 2566 2636 2637 posset),
2688 2581 2792 2621 non
2827 2566 3096 2622 videntem
3141 2579 3348 2621 morem

1772 2660 2178 2731 Scripturarum
2237 2662 2516 2717 hominum
2577 2658 2802 2717 allectus
2856 2661 2966 2715 Deo
3025 2670 3080 2716 et
3131 2660 3352 2716 Christo

1773 2753 2148 2809 tribuentium.

1841 2846 1933 2902 20.
1970 2867 1988 2900 ι
2023 2847 2445 2919 Responderunt
2498 2863 2630 2920 ergo
2671 2847 2866 2916 Judaei,
2891 2858 2946 2905 et
2974 2849 3230 2904 dixerunt
3255 2847 3350 2916 ei:

1771 2940 1924 3008 Quod
1974 2941 2188 3018 signum
2243 2943 2488 3000 ostendis
2543 2942 2720 3010 nobis,
2774 2943 2920 3013 quod
2981 2945 3084 2998 ista
3134 2942 3350 2998 facias?

1777 3033 2077 3104 Respondit
2108 3032 2286 3102 Jesus,
2325 3044 2382 3092 et
2425 3035 2564 3090 dixit
2608 3036 2689 3090 eis
2721 3055 2734 3090 :
2767 3035 3041 3092 Destruite
3088 3034 3349 3106 templum

1772 3125 1896 3190 hoc,
1935 3137 1990 3181 et
2025 3127 2076 3183 in
2105 3130 2280 3184 tribus
2307 3128 2502 3184 diebus
2535 3131 2741 3198 erigant
2766 3129 2894 3186 illud
2924 3130 2991 3183 ⁸³.
3036 3148 3055 3182 ι
3088 3128 3352 3199 Corporis

68 3221 120 3270 Οἱ
147 3222 464 3290 σωματικοὶ
514 3223 618 3276 καὶ
663 3226 780 3289 τοῖς
812 3225 1091 3296 αἰσθητοῖς
1143 3225 1288 3294 φίλοι
1319 3225 1538 3280 δοκοῦσί
1579 3243 1662 3298 μοι

1776 3228 2028 3276 amantes
2061 3235 2125 3276 ac
2155 3235 2336 3276 rerqu
2373 3221 2731 3289 sensibilium,
2767 3238 2911 3279 nunc
2948 3222 3059 3294 jam
3109 3222 3239 3278 mihi
3269 3220 3349 3276 vi-

66 3311 146 3362 νῦν
186 3313 250 3384 δὴ
286 3314 408 3367 τῶν
449 3314 742 3370 Ἰουδαίων
787 3315 863 3388 (4)
910 3316 1236 3386 δηλοῦσθαι·
1290 3318 1522 3384 οἵτινες,
1571 3318 1666 3373 ἐπὶ

65 3408 158 3468 τοῖς
189 3405 298 3459 ὑπὸ
328 3407 436 3459 τοῦ
491 3405 677 3478 Ἰησοῦ
713 3406 1196 3479 ἀπελαυνομένοις,
1230 3407 1477 3462 ποιοῦσιν
1517 3404 1664 3463 οἷκον

67 3496 313 3568 ἐμπορίου
370 3500 470 3553 τὸν
537 3497 694 3553 οἷκον
747 3499 841 3554 τοῦ
896 3501 1143 3573 Πατρὸς,
1203 3502 1661 3571 ἀγανακτοῦντες,

66 3590 377 3661 πράγμασιν
411 3591 510 3645 ὑπ’
537 3591 727 3646 αὐτῶν
756 3594 1169 3665 περιεπομένοις
1211 3594 1326 3666 (5),
1373 3595 1663 3650 ἀπαιτοῦσι

69 3684 272 3749 σημεῖον
291 3724 308 3748 ,
362 3684 512 3738 καθὸ
562 3687 798 3756 σημεῖον
827 3685 1146 3757 πρεπόντως
1172 3687 1472 3758 φανήσεται
1504 3687 1533 3740 ὁ
1563 3688 1666 3742 Λό-

66 3785 162 3834 γος,
187 3771 246 3824 ὃν
276 3773 356 3846 μὴ
377 3774 798 3848 παραδέχονται
824 3777 1045 3839 ἐκεῖνοι,
1072 3777 1245 3830 ταῦτα
1272 3775 1460 3832 ποιῶν.
1491 3778 1662 3833 Συνά-

68 3880 196 3916 πτων
221 3867 280 3920 δὲ
315 3871 346 3922 ὁ
372 3869 584 3939 Σωτὴρ
612 3868 692 3933 ώς
724 3869 823 3923 ἕνα
852 3870 960 3924 τῶν
995 3871 1121 3943 περὶ
1145 3870 1241 3926 τοῦ
1276 3871 1423 3944 ἱεροῦ
1455 3872 1661 3927 ἐκείνου

67 3954 142 4006 τὸν
167 3959 295 4030 περὶ
333 3959 415 4028 (6)
449 3960 554 4014 τοῦ
597 3960 736 4015 ἰδίου
789 3960 1038 4033 σώματος
1065 3963 1222 4032 λόγον
1247 4003 1262 4027 ,
1309 3963 1663 4036 ἀποκρίνεται

69 4049 184 4116 ape;
209 4052 301 4103 τόο
342 4070 362 4102 ι
391 4052 462 4106 Τί
485 4055 726 4123 σημεῖον
751 4052 1048 4119 δεικνύεις,
1081 4056 1163 4109 ὄτι
1188 4053 1364 4110 ταῦτα
1399 4059 1606 4122 ποιεῖς;
1639 4076 1656 4109 ι

69 4141 143 4192 τό·
177 4160 195 4193 ι
221 4143 448 4198 Λύσατε
484 4144 583 4198 τὸν
617 4143 748 4198 ναὸν
781 4145 991 4210 τοῦτον,
1027 4148 1120 4201 καὶ
1141 4149 1199 4201 ὲν
1222 4149 1398 4221 τρισὶν
1427 4149 1663 4221 ἡμέραις

65 4233 222 4304 ἐγερῶ
250 4235 445 4292 αὐτόν.
477 4257 498 4288 ι
561 4239 629 4290 Ei
667 4236 781 4308 γὰρ
813 4240 908 4292 καὶ
945 4239 1111 4311 μυρία
1160 4240 1259 4293 ὅσα
1289 4244 1488 4312 σημεῖα
1529 4243 1664 4298 ἄλλα

63 4323 322 4381 δεικνύναι
377 4325 499 4392 οἷός
545 4346 612 4382 τε
641 4325 749 4400 ἦν,
790 4330 904 4384 ἀλλ’
949 4330 1065 4384 οῦτι
1095 4348 1160 4400 γε
1195 4333 1331 4404 πρὸς
1366 4332 1447 4394 τὸ,
1488 4353 1505 4384 ι
1541 4335 1662 4388 Ὅτι

65 4418 216 4472 ταῦτα
244 4423 453 4485 ποιεῖς,
494 4441 513 4472 ι
541 4420 740 4492 ἔτερόν
767 4437 843 4487 τι,
873 4421 1006 4475 ἀλλὰ
1025 4423 1096 4476 τὰ
1131 4423 1274 4477 κατὰ
1303 4423 1395 4479 τὸν
1425 4423 1503 4496 (7)
1537 4426 1662 4479 ναὸν

67 4512 370 4579 πρεπόντως
402 4514 532 4568 ἀντὶ
561 4512 680 4567 τῶν
711 4511 912 4586 ἐτέρων
945 4515 1098 4586 παρὰ
1120 4516 1212 4570 τὸν
1249 4516 1378 4570 ναὸν
1420 4518 1662 4596 σημείων

1771 3313 1974 3371 dentur
2023 3315 2175 3376 innui
2227 3313 2426 3380 Judaei,
2481 3317 2573 3384 qui
2619 3331 2764 3387 aegre
2815 3314 3053 3371 ferentes
3093 3315 3352 3386 expulsos

1774 3408 1942 3465 fuisse
1973 3423 2004 3463 a
2037 3407 2168 3466 Jesu
2215 3423 2312 3465 eos
2339 3409 2433 3479 qui
2467 3410 2690 3464 domum
2731 3408 2910 3464 Patris
2943 3407 3218 3464 faciebant
3242 3406 3350 3464 do-

1773 3519 1921 3560 mum
1972 3512 2249 3558 mercatus
2295 3502 2461 3557 rebus
2491 3502 2558 3558 ab
2587 3502 2721 3571 ipsis
2750 3501 2945 3572 gestis,
2989 3501 3207 3572 signum
3249 3513 3350 3571 po-

1770 3595 1997 3661 stulant,
2047 3609 2114 3650 ex
2155 3608 2262 3663 quo
2295 3593 2454 3664 signo
2481 3591 2651 3648 Filius
2679 3590 2800 3658 Dei,
2831 3607 2991 3662 quem
3017 3591 3096 3646 illi
3125 3607 3234 3648 non
3266 3606 3356 3648 re-

1772 3688 2004 3759 cipiunt,
2037 3686 2290 3742 videatur
2319 3687 2434 3740 haec
2467 3685 2725 3741 decenter
2745 3684 2952 3741 facere.
2981 3683 3090 3742 Sed
3121 3686 3350 3759 conjun-

1771 3794 1904 3850 gens
1933 3777 2198 3834 Servator
2235 3791 2545 3833 sermonem
2582 3777 2649 3833 de
2692 3792 2924 3847 corpore
2959 3793 3082 3845 suo,
3125 3780 3351 3848 perinde

1769 3871 1926 3941 quasi
1963 3870 2282 3941 loqueretur
2315 3870 2383 3926 de
2419 3870 2620 3940 templo
2665 3870 2782 3935 illo,
2838 3870 3304 3942 interrogantibus
3328 3889 3347 3926 :

1776 3979 1796 4014 ι
1825 3961 1982 4030 Quod
2020 3962 2236 4032 signum
2291 3962 2562 4029 ostendis,
2594 3963 2738 4032 quod
2786 3962 2906 4016 hac
2949 3961 3140 4025 facias,
3176 3979 3196 4013 ι
3265 3976 3353 4016 re-

1770 4054 1998 4124 spondet
2027 4071 2043 4109 :
2079 4073 2100 4108 ι
2133 4054 2408 4111 Destruite
2425 4055 2684 4126 templum
2709 4053 2834 4120 hoc,
2863 4064 2918 4110 et
2946 4054 2996 4108 in
3026 4053 3201 4110 tribus
3231 4054 3349 4110 die—

1772 4151 1872 4205 bus
1921 4147 2123 4218 erigam
2161 4147 2319 4202 illud.
2376 4167 2396 4202 ι
2444 4146 2580 4202 Nam
2629 4147 2880 4218 quamvis
2925 4157 3186 4204 sexcenta
3241 4147 3348 4202 alia

1772 4241 1924 4313 signa
1966 4249 2176 4312 poterat
2229 4241 2564 4304 ostendere,
2619 4250 2768 4296 certe
2825 4241 2892 4296 ad
2941 4239 3096 4309 illud,
3145 4258 3164 4292 ι
3208 4239 3351 4308 quod

1773 4334 1888 4388 haec
1933 4331 2129 4399 facias,
2185 4350 2206 4385 ι
2267 4332 2474 4388 nullum
2527 4332 2673 4388 aliud
2727 4334 3019 4389 ostendere
3069 4341 3287 4398 poterat
3333 4349 3347 4387 :

1771 4424 2000 4492 proinde
2039 4439 2102 4480 ea
2153 4440 2276 4495 quae
2321 4425 2389 4481 ad
2435 4426 2695 4496 templum
2731 4425 3103 4495 pertinebant,
3147 4439 3348 4481 conve-

1772 4518 1984 4571 nienter
2023 4517 2328 4586 respondit,
2378 4533 2476 4588 pro
2522 4519 2647 4574 aliis
2693 4520 2886 4589 signis,
2925 4535 3046 4590 quze
3088 4519 3348 4589 templum

63 4601 409 4672 ἀπεκρίνατο.
455 4604 786 4676 Ἀμφότερα
819 4605 1087 4676 μέντοιγε,
1121 4607 1184 4660 τό
1223 4623 1283 4660 τε
1326 4607 1470 4677 ἱερὸν
1495 4650 1508 4674 ,
1567 4608 1662 4662 καὶ

1776 4608 1993 4662 minime
2044 4610 2386 4678 spectabant.
2433 4611 2692 4667 Attamen
2744 4622 2998 4682 utraque,
3052 4622 3163 4666 tum
3213 4621 3352 4665 tem-

66 4689 110 4740 ?)
133 4692 284 4762 σῶμα
315 4693 422 4747 τοῦ
473 4693 684 4764 Ἰησοῦ,
730 4694 871 4748 κατὰ
917 4694 1043 4765 μίαν
1066 4696 1176 4750 τῶν
1204 4696 1443 4768 ἐκδοχῶν
1490 4697 1660 4762 τύπος

68 4797 141 4845 μοι
167 4780 305 4837 εἶναι
340 4786 613 4854 φαίνεται
641 4786 747 4857 τῆς
791 4787 1134 4858 Ἐκκλησίας,
1165 4787 1225 4842 τὸ
1251 4790 1315 4842 ἐκ
1337 4788 1500 4844 λίθων
1525 4789 1660 4855 ζών-

67 4886 152 4923 των
191 4877 623 4948 οἰκοδομεῖσθαι
661 4877 869 4950 αὐτὴν,
919 4896 938 4930 ι
966 4875 1112 4933 οἷκον
1169 4881 1538 4952 πνευματικὸν
1581 4884 1660 4948 είς

120 5021 160 5054 ⁸⁸
194 5021 361 5084 Joan.
412 5033 482 5091 ll,
525 5025 640 5092 l7;
677 5041 792 5092 nx,
823 5026 915 5094 28,
949 5026 1040 5082 30.
1127 5029 1173 5062 ⁸³
1198 5026 1357 5085 Joan.
1391 5045 1453 5093 ιι,
1486 5028 1571 5096 18,
1602 5030 1688 5085 19.

124 5140 227 5217 (98)
271 5142 406 5198 Τῶν
452 5144 533 5217 Id
577 5142 696 5217 τῆς
733 5143 1057 5217 θειοτάτης.
1093 5145 1186 5203 Sic
1230 5145 1436 5217 Optime
1484 5147 1652 5203 codex

69 5207 416 5288 ίλκὲιςξίειρμε)
453 5207 822 5288 ﬁerinisi»
854 5207 1155 5288 θειοέάτης-
1266 5207 1283 5217 ’
1496 5251 1500 5260 ·

124 5280 227 5364 (99)
264 5280 462 5353 Πλὴν
523 5280 641 5337 τὸν
691 5283 784 5352 ξη¹
819 5280 1226 5362 ψαλμόνξίὸἰε
1282 5296 1431 5343 recte
1481 5287 1652 5341 codex

69 5347 374 5409 Bodleianus
401 5371 421 5411 :
478 5353 694 5411 Regius
735 5371 1044 5411 perperam.
1080 5357 1218 5411 πλὴν
1264 5357 1373 5410 τῶν
1407 5357 1488 5411 En'
1515 5357 1652 5411 ψαλ-

71 5357 421 5485 Ὲιεὶαηυκ
478 5357 694 5424 Regius
734 5360 1044 5428 perperam,
1080 5357 1218 5428 πλὴν
1264 5357 1373 5410 τῶν
1407 5357 1488 5430 ξη¹
1515 5357 1654 5428 ψαλ-

125 5490 191 5560 (l)
219 5493 611 5564 [νοουμένων
631 5492 767 5564 γάρ,
788 5504 891 5549 etc.
917 5494 1008 5552 Sic
1035 5497 1195 5553 habet
1215 5497 1382 5552 codex
1407 5497 1656 5552 Bodleia-

71 5574 185 5638 ηιςΑῆ
216 5566 363 5638 male
388 5563 536 5638 vero
573 5563 1111 5638 Regius,_voo'.ipsvov
1138 5569 1202 5621 ὲκ
1223 5569 1539 5638 προσώπου.

127 5632 195 5704 (Ξ)
230 5633 427 5688 Codex
466 5633 831 5704 Regiustért'
860 5632 1100 5691 ἐκείνων.

37 5687 46 5758 ἓ
233 5687 1387 5784 0121dpebarta.'lta’codea—llodleianus;
1431 5709 1652 5782 Regius,

69 5785 117 5820 6::
143 5790 458 5844 χωρουντα.

79 5842 483 5958 *τῶν
522 5842 853 5900 Ἰουδαίων.
878 5845 1037 5903 Forte
1065 5847 1412 5906 scribendum
1437 5851 1525 5906 διὰ
1548 5851 1657 5906 τῶν

111 5929 223 5964 ἯἏ
229 5933 324 5968 ιων
331 5954 344 5966 .

1769 4700 1940 4771 plum,
1974 4701 2136 4773 197
2170 4713 2285 4758 tum
2315 4719 2517 4774 corpus
2549 4705 2700 4771 Jesu,
2747 4706 2900 4776 juxta
2943 4719 3104 4759 unam
3150 4701 3353 4758 intelli-

1769 4795 2034 4863 gentiam,
2085 4795 2258 4867 figura
2307 4799 2440 4854 mihi
2479 4815 2601 4856 esse
2653 4800 2907 4854 videntur
2947 4795 3244 4860 Ecclesiae;
3283 4809 3350 4850 eo

1769 4888 1913 4956 quod
1961 4887 2078 4943 haec
2122 4890 2391 4947 aedificata
2445 4893 2518 4948 sit
2558 4907 2624 4948 ex
2673 4892 2980 4947 viventibus
3030 4885 3345 4958 lapidibus;

1834 5151 1912 5223 (5)
1949 5151 2304 5222 Πράγμασιν
2340 5153 2443 5206 ὑπ’
2469 5151 2667 5205 αὐτῶν
2709 5151 3181 5218 περιεπομένοις.
3212 5151 3346 5210 Fer-

1766 5223 1945 5293 rarius
1976 5222 2170 5293 legisse
2201 5223 2420 5293 videtur
2448 5222 2538 5293 ὑπ’
2566 5221 2751 5273 αὐτοῦ.
2782 5218 3062 5293 maluisset
3090 5222 3344 5292 liuetius,

1765 5289 2085 5364 πράγμασὶν
2116 5293 2206 5346 ὑπ’
2227 5291 2406 5345 αὐτῶν
2443 5291 2516 5362 μὴ
2550 5289 2986 5361 περιεπομένοις.

1836 5385 1914 5454 (6)
1966 5385 2059 5452 Ὠς
2097 5385 2206 5439 ἕνα
2249 5383 2369 5438 τῶν
2420 5383 2553 5454 περὶ
2590 5382 2697 5437 τοῦ
2738 5383 2899 5454 ἱεροῦ
2948 5383 3184 5441 ἐκείνου
3240 5387 3364 5454 τὸν,

1766 5451 1922 5534 περί,
1959 5451 2066 5534 etc.
2110 5455 2205 5534 ita
2240 5455 2410 5534 coges
2459 5451 2822 5534 llodleianus:
2867 5453 3090 5534 Regius,
3125 5455 3227 5534 (bc‘
3247 5451 3367 5534 Eva)

1834 5149 1912 5233 (ξι)
1949 5150 2304 5233 ῌρᾴγμαιῖιι
2340 5153 2443 5206 ὑπ’
2457 5149 2667 5233 ,αὐταῖν
2702 5148 3069 5233 μεθιεῐτρμέν

1763 5522 2138 5597 τὸν-περὶτοῦ
2191 5522 2358 5597 ἱεροῦ*
2387 5523 2595 5597 εκείνου
2629 5522 2742 5597 τοῦ.
2789 5522 3148 5597 Scribendum
3203 5522 3366 5597 forte?

1760 5595 1836 5659 ώς
1862 5591 2078 5649 ἔνατον
2110 5591 2361 5666 περὶτοῦ
2398 5591 2541 5666 ἱεροῦ
2575 5593 2782 5648 ἐκείνου
2810 5592 2889 5665 τῷ
2920 5596 3070 5666 περί,
3101 5606 3208 5650 etc.

1833 5686 1912 5765 (7)
1952 5686 2134 5765 Codex
2179 5684 2380 5765 Regius
2429 5699 2714 5765 perperam
2769 5685 2931 5765 habet
2977 5686 3093 5740 ἀλλ’
3122 5685 3238 5765 οὔτι
3278 5703 3376 5756 γε·

1762 5754 1900 5828 πρὸς
1921 5756 2033 5828 τδ,«
2048 5757 2169 5810 Ὅτι
2191 5754 2362 5828 ταῦτα
2385 5757 2579 5819 ποιεῖς,
2595 5754 2688 5808 »τὰ
2703 5755 2844 5828 κατᾲ
2867 5756 2981 5828 τόν,
3003 5766 3136 5820 εις..
3155 5754 3342 5828 sicque

1765 5827 2020 5911 noimulla
2051 5827 2241 5911 omisit
2261 5841 2383 5894 qua:
2419 5841 2520 5882 nos
2550 5842 2580 5882 e
2614 5828 2775 5884 codd.
2807 5827 3098 5902 Bodleiano
3127 5837 3183 5883 et
3216 5827 3340 5882 Βατ-
3371 5860 3397 5911 κ

1765 5901 1954 5954 berin
1987 5901 2344 5952 rcstituimus.
3103 5913 3120 5923 '
