3816 6510
519 392 618 448 571

1979 377 2301 438 ORIGENIS

3692 376 3784 436 ῦῖἐ

522 515 666 570 facta
721 528 740 563 ι
800 510 992 567 domus
1059 508 1360 578 spiritualis
1422 508 1476 562 in
1535 507 1907 563 sacerdotium
1978 520 2100 561 san-

2211 502 2508 576 ἱεράτευμα
2539 507 2694 576 ἆγιον
2720 528 2737 558 ι
2765 507 3076 580 γινομένην,
3102 504 3641 578 ἐποικοδομουμένην
3670 525 3688 557 ι
3707 507 3786 558 ἐπὶ

521 617 668 661 ctum
707 602 755 637 “
799 621 813 664 :
853 621 872 654 ι
913 601 1346 673 ευρειαιὰἰθοοιιι
1405 619 1425 652 ι
1473 615 1634 671 supra
1685 599 2103 654 fundamentum

522 697 894 769 apostolorum
930 707 984 750 et
1024 695 1439 765 prophetarum,
1484 708 1700 750 summo
1739 691 1988 761 angulari
2024 690 2105 744 la-

524 790 652 860 pide
683 789 908 844 Christo
955 786 1080 843 Jesu
1101 787 1169 852 ⁸⁸,
1207 806 1226 840 ι
1267 801 1457 843 revera
1496 785 1753 854 templum
1784 783 2104 840 exsistente.

524 881 619 936 Sin
653 894 782 936 vero
812 891 1036 950 propter
1069 877 1198 933 illud
1227 897 1240 933 :
1290 895 1309 929 ι
1365 878 1468 934 Vos
1498 887 1678 932 autem
1733 878 1868 932 estis
1907 888 2108 946 corpus

520 970 750 1037 Christi,
782 981 835 1025 et
865 969 1109 1024 membra
1143 983 1208 1023 ex
1240 978 1396 1039 parte
1427 968 1494 1033 ⁸⁸,
1535 987 1554 1020 ι
1579 967 1826 1022 videatur
1851 963 2105 1034 iunctura

521 1072 576 1118 et
604 1061 982 1119 convenientia
1014 1059 1256 1130 lapidum
1307 1060 1492 1131 templi
1535 1059 1768 1122 destrui,
1818 1057 2104 1125 dissipari-

522 1168 651 1224 que,
677 1164 736 1209 ut
763 1154 816 1210 in
842 1153 1018 1223 primo
1037 1161 1090 1207 et
1110 1153 1372 1207 vicesimo
1399 1153 1666 1221 scriptum
1691 1160 1777 1206 est
1803 1149 2013 1221 psalmo
2034 1149 2103 1216 ⁸⁷,
2143 1221 2146 1224 _

521 1246 704 1301 omnia
733 1244 936 1301 Christi
973 1259 1094 1300 ossa
1134 1242 1205 1298 ab
1232 1243 1447 1299 insidiis
1472 1258 1591 1312 quae
1617 1252 1743 1298 sunt
1771 1243 1822 1296 in
1855 1257 2104 1313 persecu-

528 1338 772 1393 tionibus
805 1348 860 1394 et
900 1336 1367 1404 tribulationibus,
1413 1344 1468 1392 et
1524 1335 1594 1390 ab
1639 1335 1726 1390 his
1763 1336 1856 1405 qui
1906 1335 2106 1389 bellum

524 1431 769 1486 inferunt
802 1430 999 1487 unitati
1049 1429 1233 1500 templi
1279 1431 1348 1486 ob
1396 1430 1833 1500 persecutiones,
1871 1427 2109 1498 erigetur

529 1523 823 1592 templum,
872 1533 928 1579 et
981 1519 1339 1578 suscitabitur
1387 1534 1587 1590 corpus
1642 1519 1802 1574 tertia
1849 1517 1936 1572 die
1987 1526 2107 1586 post

522 1612 668 1667 diem
720 1612 943 1667 malitia;
987 1613 1041 1666 in
1079 1612 1197 1682 ipso
1228 1610 1543 1676 instantem,
1595 1619 1760 1678 atque
1803 1617 1926 1679 post
1965 1608 2106 1662 diem

523 1704 1016 1760 consummationis
1069 1706 1172 1760 hac
1207 1705 1568 1775 pos'.eriorem
1619 1704 1684 1758 ⁸⁸.
1728 1701 1912 1756 Tertia
1961 1703 2105 1756 enim

524 1797 581 1852 in
607 1797 746 1854 coelo
781 1813 945 1862 novo,
978 1807 1032 1853 et
1063 1807 1212 1853 terra
1267 1811 1402 1854 nova
1452 1797 1679 1852 instabit
1720 1796 1853 1860 dies,
1886 1795 2105 1866 quando

525 1903 646 1944 ossa
675 1892 790 1943 haec
815 1889 882 1954 δ’,
918 1903 1113 1958 nempe
1162 1888 1342 1943 omnis
1375 1889 1570 1944 domus
1598 1886 1786 1954 Israel,
1821 1887 1874 1941 in
1909 1900 2104 1955 magna

523 1981 802 2036 Dominica
855 1981 1264 2046 excitabuntur,
1321 1990 1500 2036 morte
1547 1979 1799 2046 devicta,
1861 1980 1995 2035 adeo
2049 1987 2106 2032 ut

522 2074 666 2129 facta
714 2071 1046 2130 resurrectio
1082 2071 1285 2127 Christi
1332 2087 1361 2126 a
1409 2073 1593 2128 crucis
1634 2072 1903 2142 passione,
1931 2069 2108 2126 conti-

526 2174 652 2219 neat
733 2167 1056 2236 mysterium
1121 2164 1546 2220 resurrectionis
1617 2165 1790 2218 totius
1856 2161 2105 2233 corporis

520 2258 750 2314 Christi.
784 2256 853 2313 Ut
899 2267 1078 2313 autem
1131 2272 1334 2328 corpus
1379 2257 1511 2312 illud
1544 2255 1696 2321 Jesu,
1726 2258 1979 2312 sensibus
2009 2255 2106 2310 ob-

521 2351 773 2418 noxium,
799 2350 947 2406 cruci
978 2348 1194 2404 aﬂixum
1241 2359 1328 2406 est
1375 2349 1776 2419 sepultumque,
1818 2358 1873 2406 et
1916 2359 2104 2420 postea

524 2444 784 2508 excitum,
816 2443 897 2500 sic
939 2453 1108 2500 totum
1145 2452 1465 2520 sanctorum
1497 2442 1704 2498 Christi
1737 2458 1935 2514 corpus
1980 2460 2104 2500 cum

521 2535 744 2593 Christo
773 2537 918 2592 cruci
949 2536 1165 2592 alﬁxum
1201 2545 1287 2592 est
1332 2545 1387 2591 et
1439 2551 1581 2591 nunc
1619 2551 1725 2591 non
1758 2536 1990 2608 amplius
2025 2537 2103 2592 vi-

521 2631 619 2684 vit.
651 2630 1034 2702 UnusquiSqne
1061 2631 1209 2686 enim
1244 2631 1481 2694 illorum,
1512 2630 1734 2697 perinde
1767 2639 1930 2700 atque
1965 2629 2105 2684 Pau-

521 2719 629 2785 lus,
668 2721 720 2775 in
757 2721 902 2775 nulla
933 2737 991 2776 re
1019 2723 1122 2776 alia
1153 2721 1420 2791 gloriatur
1447 2730 1818 2791 praeterquam
1849 2722 1902 2777 in
1941 2737 2106 2778 cruce

524 2813 736 2868 Domini
769 2813 938 2869 nostri
971 2812 1098 2868 Jesu
1129 2814 1354 2878 Christi,
1407 2828 1503 2884 per
1544 2829 1705 2884 quem
1739 2815 1854 2884 ipse
1903 2816 2106 2870 mundo

520 2905 816 2961 crucilixus
861 2914 950 2962 est
985 2917 1038 2960 et
1085 2906 1320 2962 mundus
1364 2905 1440 2960 illi
1477 2905 1544 2960 ὀ.
1579 2905 1951 2973 Quamobrem
1997 2922 2104 2961 non

521 3007 735 3054 tantum
762 3013 868 3054 una
893 3014 1016 3055 cum
1037 2997 1255 3056 Christo
1283 2998 1432 3055 cruci
1469 2998 1570 3054 fuit
1597 2998 1789 3055 allixus
1806 2999 2105 3070 unusquis-

523 3105 634 3161 que
683 3105 748 3146 ae
789 3091 1009 3158 mundo,
1052 3092 1148 3148 sed
1197 3093 1360 3148 etiam
1392 3106 1500 3147 una
1534 3107 1656 3146 cum
1693 3090 1912 3147 Christo
1945 3105 2104 3161 sepe-

2208 594 2287 666 τῷ
2315 594 2551 668 θεμελίῳ
2587 597 2696 651 τῶν
2743 598 3058 652 ἀποστόλων
3079 638 3095 662 ,
3153 599 3249 653 καὶ
3280 597 3583 670 προφητῶν
3603 636 3618 659 ,
3651 597 3787 662 ὀντος

2209 687 2606 758 ἀκρογωνιαίου
2634 691 2874 762 Χριστοῦ
2892 691 3087 762 Ἰησοῦ,
3121 711 3139 743 ι
3177 689 3632 762 χρηματίζουσαν
3655 691 3786 744 ναόν.

2208 777 2307 831 Διά
2332 778 2389 831 δὲ
2418 778 2532 832 τοῦ·
2565 798 2584 832 ι
2621 781 2809 852 Ὑμεῖς
2834 781 2894 835 δέ
2920 782 3044 835 ἐστε
3068 781 3228 853 σῶμα
3249 780 3515 853 Χριστοῦ,
3547 782 3642 834 καὶ
3666 780 3787 851 μέλη

2208 867 2273 922 ἐκ
2309 869 2540 940 μέρους,
2581 889 2598 921 ι
2649 870 2750 924 κᾶν
2774 870 2997 925 λύεσθαι
3039 872 3154 944 δέή
3190 872 3300 926 τῶν
3324 871 3492 924 λίθων
3531 870 3631 924 τοῦ
3670 870 3786 922 ναοῦ

2209 961 2444 1033 ἁρμονία
2468 961 2596 1034 δοκῇ
2626 964 2718 1017 καὶ
2742 963 3225 1036 διασκορπίζεσθαι
3246 1006 3261 1030 ,
3290 966 3365 1029 ὡς
3397 966 3456 1018 ἐν
3483 972 3575 1018 κα¹
3603 963 3789 1034 ψαλμῷ

2208 1050 2540 1122 γέγραπται,
2590 1053 2767 1107 πάντα
2813 1054 2883 1108 τὰ
2924 1057 3060 1109 ὀστᾶ
3105 1055 3204 1109 τοῦ
3240 1055 3485 1129 Χριστοῦ
3537 1056 3646 1108 ὑπὸ
3693 1056 3789 1107 τῶν

2209 1145 2266 1196 ἐν
2294 1144 2555 1215 διωγμοῖς
2583 1147 2677 1200 καὶ
2716 1146 2960 1217 θλίψεσιν
2988 1148 3317 1212 ἐπιϐουλῶν,
3347 1149 3459 1204 ἀπὸ
3489 1147 3603 1202 τῶν
3636 1165 3789 1221 προσ-

2210 1237 2588 1308 πολεμούντων
2641 1241 2703 1310 τῇ
2768 1239 2982 1309 ἐνότητι
3046 1240 3142 1294 τοῦ
3199 1241 3333 1295 ναοῦ
3399 1243 3462 1296 ἐν
3513 1241 3786 1311 διωγμοῖς,

2209 1329 2569 1402 ἐγερθήσεται
2613 1334 2641 1385 ὀ
2683 1333 2842 1396 ναδς,
2898 1335 2989 1386 καὶ
3041 1335 3408 1404 ἀναστήσεται
3441 1336 3507 1388 τὸ
3541 1336 3702 1406 σῶμα
3731 1339 3787 1405 τῇ

2207 1423 2367 1496 τρίτῃ
2395 1424 2582 1496 ἡμέρα
2615 1424 2752 1496 μετά
2774 1425 2872 1497 τὴν
2916 1428 3273 1496 ἐνεστηκυῖαν
3315 1428 3375 1480 ἐν
3418 1427 3580 1497 αὐτῷ
3610 1429 3792 1491 κακίας

2209 1517 2446 1588 ἡμέραν,
2481 1519 2574 1570 καὶ
2605 1518 2705 1590 τὴν
2741 1519 2880 1590 μετά
2907 1518 3114 1591 ταύτην
3138 1521 3234 1591 τῆς
3266 1520 3618 1585 συντελείας·
3649 1521 3790 1592 τρίτη

2209 1609 2318 1680 γὰρ
2353 1611 2412 1663 ἐν
2451 1609 2528 1681 τῷ
2564 1610 2735 1682 καινῷ
2777 1611 2992 1683 οὐρανῷ
3019 1613 3112 1666 καί⁸
3145 1615 3304 1682 καινῇ
3339 1615 3413 1684 γῇ
3451 1613 3791 1682 ἐνστήσεται,

2207 1704 2296 1760 ὅτε
2326 1703 2394 1757 τὰ
2423 1706 2557 1759 ὀστᾶ
2583 1705 2772 1769 ταῦτα,
2813 1707 2918 1770 πᾶς
2949 1701 3096 1770 οἶκος
3142 1705 3357 1777 Ἰσραὴλ
3385 1708 3443 1759 ἐν
3485 1708 3559 1776 τῇ
3596 1706 3793 1776 μεγάλῃ

2210 1799 2445 1868 κυριακῇ
2517 1797 2904 1869 ἐγερθήσεται,
2968 1796 3064 1851 τοῦ
3113 1797 3346 1852 θανάτου
3415 1797 3793 1868 νενικημένου,

2208 1887 2349 1942 ὥστε
2383 1889 2475 1942 καὶ
2505 1888 2600 1961 τήν
2631 1889 2928 1960 γενομένην
2955 1889 3253 1943 ἀνάστασιν
3285 1888 3380 1942 τοῦ
3419 1888 3674 1961 Χριστοῦ
3703 1889 3795 1941 ἀπὸ

2207 1981 2300 2035 τοῦ
2337 1981 2477 2035 κατά
2525 1982 2614 2036 τὸν
2641 1982 2873 2055 σταυρὸν
2923 1981 3128 2046 πάθους
3173 1982 3448 2055 περιέχειν
3507 1985 3798 2053 μυστήριον

2208 2073 2306 2143 τῆς
2363 2072 2715 2137 ἀναστάσεως
2777 2071 2871 2126 τοῦ
2949 2072 3150 2135 παντὸς
3209 2070 3454 2143 Χριστοῦ
3531 2069 3794 2141 σώματος.

2211 2167 2420 2237 Ὥσπερ
2447 2167 2504 2220 δέ
2527 2168 2702 2221 ἐκεῖνο
2730 2165 2792 2219 τὸ
2822 2165 3076 2234 αἰσθητὸν
3105 2165 3198 2218 τοῦ
3255 2164 3430 2236 Ἰησοῦ
3469 2165 3644 2236 σῶμα
3674 2165 3799 2236 Χρι-

2210 2256 2319 2327 στῷ
2343 2257 2479 2329 (8-9)
2509 2257 2872 2329 ἐσταύρωται,
2910 2257 3000 2310 καὶ
3028 2254 3317 2321 τέθαπται,
3346 2258 3440 2310 καὶ
3477 2257 3632 2328 μετά
3657 2254 3802 2308 τοῦτο

2209 2347 2528 2417 ἐγήγερται,
2558 2346 2730 2410 οὕτως
2775 2347 2835 2400 τὸ
2873 2346 2990 2400 ὅλον
3019 2347 3128 2400 τῶν
3162 2345 3333 2416 ἁγίων
3366 2346 3628 2418 Χριστοῦ
3654 2344 3802 2416 σῶμα

2211 2439 2685 2511 συνεσταύρωται,
2749 2441 2842 2494 καὶ
2897 2439 2998 2495 νῦν
3039 2440 3224 2494 οὐκέτι
3274 2439 3373 2511 ζῇ·
3418 2441 3673 2504 ἕκαστος
3705 2440 3802 2509 γὰρ

2208 2533 2315 2588 τῶν
2345 2534 2482 2604 (ιοξ,
2501 2534 2576 2598 ὡς
2599 2533 2824 2598 Παῦλος,
2854 2536 2914 2587 ἐν
2936 2533 3110 2587 οὐδενὶ
3142 2532 3287 2604 ἄλλῳ
3332 2535 3627 2604 καυχᾶται
3672 2534 3707 2604 ἦ
3752 2534 3804 2584 ἐν

2207 2623 2284 2695 τῷ
2308 2625 2525 2697 σταυρῷ
2553 2625 2646 2678 τοῦ
2671 2625 2876 2697 Κυρίου
2901 2623 3056 2696 ήμῶν
3081 2623 3319 2696 Χριστοῦ
3362 2625 3553 2694 Ἰησοῦ
3575 2666 3596 2689 ,
3634 2625 3703 2679 δι’
3750 2617 3803 2676 οὗ

2209 2716 2370 2777 αὐτὸς
2395 2716 2584 2788 κόσμῳ
2605 2715 2968 2787 ἐσταύρωται,
3000 2715 3094 2770 καὶ
3136 2717 3338 2787 κόσμος
3371 2715 3558 2786 αὐτῷ.
3596 2717 3675 2769 Οὐ
3721 2716 3804 2786 μὸ-

2211 2824 2300 2862 νον
2331 2804 2424 2862 οὖν
2457 2808 2678 2880 Χριστῷ
2703 2806 3143 2879 συνεσταύρωται
3170 2807 3265 2861 καὶ
3299 2807 3497 2878 κόσμῳ
3531 2809 3806 2879 ἐσταύρω-

2208 2919 2320 2966 ται,
2348 2901 2487 2955 ἀλλὰ
2518 2902 2612 2955 καὶ
2647 2901 2868 2972 Χριστῷ
2902 2900 3299 2956 συνθάπτεται·
3341 2922 3360 2954 ι
3405 2903 3806 2974 Συνετάσημεν

2209 2991 2336 3064 γὰρ,
2373 2995 2527 3065 φησὶ,
2579 2993 2658 3065 τῷ
2686 2992 2929 3066 Χριστῷ,
2967 3014 2985 3046 ι
3023 2996 3052 3050 ὀ
3085 2994 3321 3060 Παῦλος·
3374 2995 3508 3059 καὶ,
3568 2997 3809 3067 ὡσπερεὶ

2210 3087 2268 3141 ἔν
2292 3105 2398 3142 τινι
2430 3087 2710 3161 ἀρραϐῶνι
2751 3088 3103 3154 ἀναστάσεως
3147 3089 3439 3161 γενόμενος
3461 3132 3478 3154 ,
3515 3089 3678 3160 λέγει
3721 3092 3804 3142 τό·

522 3182 704 3238 litur:
753 3201 774 3236 ι
813 3183 1125 3253 Consepulti
1177 3184 1326 3238 enim
1381 3198 1570 3238 sumus
1618 3197 1743 3237 cum
1798 3182 2039 3250 Christo,
2076 3201 2100 3239 ι

2215 3197 2234 3231 ι
2275 3179 2688 3252 Συηνέστημεν
2738 3180 2918 3251 αὐτῷ·
2959 3200 2977 3233 ι
3031 3181 3154 3234 ἐπεὶ⁸
3205 3183 3262 3237 ἐν
3323 3172 3629 3256 καινότητι
3674 3184 3809 3252 ζωῆς

520 3274 702 3345 inquit
729 3274 932 3332 Paulus
955 3277 1027 3340 ",
1062 3276 1267 3330 addens
1289 3274 1478 3339 etiam,
1507 3273 1668 3328 veluti
1697 3273 1763 3328 ad
1795 3276 2104 3346 quempiam

520 3369 944 3424 resurrectionis
1036 3367 1397 3422 arrhabonem
1479 3367 1868 3436 pervenisset,
1943 3385 1966 3420 ι
2039 3368 2107 3423 Et

523 3475 648 3516 cum
695 3462 815 3531 ipso
868 3461 1314 3517 consurreximus
1357 3461 1404 3492 "
1439 3477 1455 3526 ;
1497 3478 1516 3512 ι
1559 3470 1745 3530 postea
1782 3461 1834 3515 in
1871 3462 2104 3532 quadam

522 3555 766 3608 novitate
811 3555 934 3608 vitae
988 3553 1254 3618 ambulat,
1302 3563 1564 3623 tanquam
1596 3553 1687 3623 qui
1738 3554 1895 3610 beata
1931 3555 2020 3610 illa
2051 3565 2106 3611 et

523 3645 764 3715 perlecta
790 3647 1186 3701 resurrectione
1217 3647 1454 3702 nondum
1489 3647 1870 3704 resurrexerit.
1896 3646 1987 3702 Vel
2006 3648 2107 3720 igi-

523 3743 614 3790 tur
649 3752 791 3792 nune
830 3737 1049 3806 quidem
1097 3740 1394 3794 cruciﬁxus
1423 3737 1545 3801 fuit,
1575 3748 1758 3808 postea
1792 3753 1920 3794 vero
1946 3753 2104 3809 sepe-

521 3827 690 3895 litur;
744 3830 825 3884 vel
871 3845 1012 3884 nunc
1058 3831 1316 3900 sepelitur
1341 3833 1584 3887 sublatus
1621 3834 1788 3887 etiam
1838 3849 1870 3887 e
1917 3848 2102 3900 cruce,

521 3920 836 3990 aliquando,
886 3931 1156 3992 quatenus
1199 3923 1444 3993 sepultus
1473 3939 1617 3980 nunc
1651 3925 1774 3992 fuit,
1808 3928 2104 3980 resuscita-

523 4023 698 4068 tnrus.
747 4012 1016 4068 Caeterum
1049 4028 1307 4082 magnum
1336 4025 1420 4070 est
1451 4016 1872 4071 resurrectionis
1904 4027 2104 4072 nostrae

519 4106 840 4175 mysterium
886 4121 1218 4176 prorsusque
1259 4107 1625 4178 contemplatu
1651 4108 1906 4176 dillicile;
1957 4111 2103 4180 quod

519 4212 644 4250 cum
677 4197 731 4250 in
761 4198 884 4253 aliis
934 4197 1118 4253 multis
1166 4199 1574 4269 Scripturarum
1621 4200 1776 4268 locis,
1821 4209 1936 4256 tum
1973 4217 2102 4259 vero

519 4290 685 4344 etiam
718 4292 860 4358 apud
896 4289 1236 4346 Ezechielem
1271 4291 1356 4347 his
1392 4292 1576 4347 verbis
1613 4295 1968 4348 annuntiatur
2005 4295 2052 4328 ”
2081 4313 2096 4351 :

527 4401 545 4432 ι
581 4380 647 4434 Ει
675 4380 817 4436 facta
853 4391 936 4436 est
974 4397 1138 4450 super
1179 4397 1265 4437 tne
1315 4398 1506 4439 manus
1533 4384 1775 4449 Domini,
1818 4394 1871 4439 et
1912 4385 2100 4441 eduxit

521 4487 610 4528 me
640 4474 692 4527 in
721 4473 928 4543 Spiritu
972 4474 1204 4538 Domini,
1229 4484 1284 4530 et
1305 4476 1484 4545 posuit
1511 4491 1595 4530 me
1623 4477 1674 4531 in
1695 4477 1872 4532 medio
1894 4477 2094 4548 campi,

2209 3291 2316 3327 τινι
2361 3275 2672 3344 περιπατεῖ,
2703 3273 2778 3336 ὡς
2822 3273 2964 3328 κατὰ
2986 3275 3085 3346 τὴν
3106 3275 3474 3346 ἐλπιζομένην
3505 3280 3808 3348 μακαρίαν,

2209 3367 2304 3420 καὶ
2331 3367 2540 3421 τελείαν
2567 3367 2864 3422 ἀνάστασιν
2889 3368 3119 3440 μηδέπω
3133 3370 3394 3433 ἀναστάς.
3410 3371 3588 3424 Ἤτοι
3612 3367 3710 3426 οὖν
3727 3371 3813 3423 νῦν

2211 3459 2311 3531 μὲν
2359 3459 2736 3532 ἐσταύρωται,
2793 3458 2932 3532 μετά
2977 3461 3033 3515 δέ
3067 3461 3243 3516 ταῦτα
3276 3461 3592 3518 θάπτεται·
3651 3464 3686 3535 ἦ
3726 3464 3811 3516 νῦν

2209 3551 2473 3608 θάπτεται
2498 3555 2592 3608 καὶ
2619 3554 2806 3626 ἀρθεὶς
2838 3553 2946 3608 ἀπὸ
2978 3554 3073 3609 τοῦ
3106 3555 3364 3629 σταυροῦ,
3397 3557 3545 3610 ποτὲ
3569 3558 3660 3620 δὲ,
3690 3559 3812 3610 me.

2207 3646 2302 3708 νῦν
2347 3647 2649 3713 τέθαπται,
2703 3649 3088 3719 ἀναστήσεται.
3134 3649 3292 3717 Μέγα
3340 3647 3397 3702 δέ
3433 3650 3569 3704 ἐστι
3619 3651 3687 3705 τὸ
3725 3652 3810 3720 τῆς

2207 3739 2577 3804 ἀναστάσεως,
2634 3739 2730 3794 καὶ
2776 3739 3152 3813 δυσθεώρητον
3205 3745 3318 3806 τοῖς
3366 3743 3606 3808 πολλοῖς
3664 3747 3810 3816 ἡμιῖνι

2209 3835 2531 3904 μυστήριον,
2566 3834 2706 3904 ὅπερ
2741 3835 2835 3887 καὶ
2857 3837 2915 3888 ἐν
2943 3835 3124 3900 ἄλλοις
3163 3836 3380 3900 πολλοῖς
3425 3836 3670 3906 λέγεται
3711 3838 3810 3889 τῶν

2207 3922 2441 3992 Γραφῶν
2470 3923 2654 3988 τόποις
2678 3964 2693 3987 ,
2727 3925 2826 3996 οὐχ
2871 3921 3034 3998 ἧττον
3073 3927 3167 3981 καὶ
3208 3928 3266 3981 ἐν
3297 3925 3376 3998 τῷ
3425 3928 3708 4001 Ἐζεκιὴλ
3735 3930 3808 3982 δάε

2205 4017 2410 4070 τούτων
2444 4017 2879 4085 ἀπαγγέλλεται·
2921 4037 2939 4070 ι
2983 4019 3094 4073 Καὶ
3133 4020 3350 4088 ἐγένετο
3392 4021 3484 4073 ἐπ’
3539 4023 3653 4092 ἐμὲ
3701 4025 3808 4092 κεἰει

2206 4111 2414 4180 Κυρίου
2437 4151 2452 4174 ,
2500 4113 2595 4165 καὶ
2641 4111 2876 4184 ἐξήγαγὲ
2909 4129 2977 4183 με
3024 4113 3082 4166 ἐν
3113 4112 3388 4183 πνεύματι
3419 4114 3652 4187 Κυρίου
3675 4157 3691 4177 ,
3729 4121 3797 4169 κα

2206 4201 2373 4272 ἔθηκέ
2400 4219 2468 4272 με
2502 4204 2560 4254 ἐν
2592 4203 2745 4274 μέσῳ
2774 4202 2868 4256 τοῦ
2899 4203 3108 4267 πεδίου,
3155 4205 3251 4257 καὶ
3295 4202 3454 4258 τοῦτο
3505 4201 3581 4278 ἦν
3613 4209 3795 4278 μεστό·

2203 4292 2377 4346 ὀστῶν
2409 4293 2783 4366 ἀνθρωπίνων·
2817 4295 2912 4348 καὶ
2941 4295 3246 4367 περιήγαγέ
3279 4313 3345 4366 με
3392 4297 3488 4351 ἐπ’
3525 4300 3684 4355 αύτά
3727 4317 3795 4354 κν

2204 4383 2394 4438 κλόθεν
2426 4384 2633 4456 κύκλῳ,
2669 4387 2765 4440 καὶ
2801 4385 2911 4440 ἰδοὺ
2943 4385 3114 4440 πολλὰ
3135 4387 3340 4459 σφόδρα
3371 4388 3469 4440 ἐπὶ
3501 4391 3793 4461 προσώπω

2204 4477 2298 4531 τοῦ
2328 4478 2537 4542 πεδίου,
2567 4479 2662 4532 καὶ
2693 4479 2800 4532 ἰδοὺ
2822 4478 2966 4551 ξηρά
2988 4479 3222 4552 σφόδρα·
3252 4480 3346 4533 καὶ
3376 4475 3510 4534 εἷπε
3534 4483 3689 4556 πρὸς

519 4573 576 4620 et
609 4564 696 4618 hic
735 4574 854 4618 erat
892 4564 1082 4634 plenus
1128 4569 1342 4624 ossibus
1388 4569 1668 4623 hominum
1721 4590 1732 4624 :
1770 4578 1825 4624 et
1857 4570 2098 4626 circurn-

2203 4567 2300 4621 Υίέ
2335 4566 2642 4640 ἀνθρώπου,
2673 4571 2722 4623 εί
2757 4541 2978 4641 ζήσεται
3007 4541 3076 4624 τὰ
3102 4541 3238 4624 ὀστᾶ
3263 4569 3434 4625 ταῦτα
3459 4587 3477 4637 ;
3507 4541 3629 4626 κᾶι

520 4656 675 4710 duxit
710 4670 795 4710 me
821 4671 921 4723 per
948 4671 1009 4710 ea
1049 4656 1100 4710 in
1135 4673 1348 4728 gyrum,
1384 4670 1440 4715 et
1467 4675 1594 4717 ecce
1628 4661 1792 4717 multa
1825 4663 1983 4718 valde
2007 4679 2098 4718 su-

516 4764 617 4819 per
658 4747 849 4802 faciem
890 4747 1094 4816 campi,
1131 4749 1386 4818 siccaque
1418 4752 1768 4806 vehementer
1816 4771 1828 4806 :
1871 4763 1926 4808 et
1962 4753 2100 4808 dixit

517 4840 584 4893 ad
615 4855 698 4894 me
727 4857 740 4893 :
775 4837 919 4911 [Fili
951 4838 1213 4904 hominis,
1242 4840 1286 4894 si
1317 4841 1498 4896 vivent
1521 4857 1641 4897 ossa
1672 4843 1828 4898 haec?
1854 4844 1918 4898 Et
1945 4846 2054 4900 dixi
2082 4865 2094 4901 ε

517 4931 774 4994 Domine,
837 4931 998 5001 198
1060 4931 1306 4998 Domine,
1356 4943 1408 4987 tu
1469 4934 1579 4988 scis
1633 4935 1769 4990 hzec.
1834 4936 1899 4991 Et
1958 4938 2097 4993 dixit

516 5021 650 5088 mihi
677 5038 691 5076 :
721 5021 742 5094 ]
783 5022 1086 5077 Vaticinare
1135 5023 1203 5076 de
1243 5023 1460 5078 ossibus
1511 5026 1654 5091 istis,
1696 5036 1752 5082 et
1783 5027 1933 5083 dices
1965 5031 2043 5085 eis
2078 5051 2090 5085 :

515 5109 652 5166 Ossa
701 5109 888 5179 arida,
946 5113 1132 5168 audite
1183 5114 1405 5168 verbum
1454 5114 1666 5169 Domini
1709 5132 1724 5180 ;
1784 5136 1805 5170 ι
1862 5130 1917 5172 et
1971 5131 2094 5188 post

513 5215 687 5270 pauca
717 5199 764 5231 ’⁵
799 5219 812 5256 :
845 5219 864 5253 ι
901 5202 966 5257 Ει
992 5203 1206 5258 locutus
1232 5212 1318 5258 est
1347 5205 1412 5258 ad
1447 5219 1531 5258 me
1560 5207 1839 5274 Dominus,
1868 5210 2090 5268 dicens:

514 5290 620 5345 Fili
662 5291 924 5359 hominis,
949 5308 1073 5348 ossa
1104 5295 1238 5361 haec,
1265 5296 1460 5350 domus
1492 5308 1576 5350 est
1606 5300 1858 5354 universa
1892 5303 2088 5360 Israel:

511 5392 567 5437 et
600 5384 697 5444 lusi
730 5383 960 5440 dicunt:
992 5387 1268 5442 Aruerunt
1314 5402 1440 5445 ossa
1495 5399 1703 5453 nostra,
1749 5393 1910 5459 periit
1963 5412 2086 5454 sues

707 5522 853 5611 Peltr.
886 5524 1040 5611 ιιζη5ίζ
1087 5525 1152 5611 ἐξ
1184 5528 1382 5611 Ephes:
1413 5531 1595 5611 ll.__'29,
1623 5533 1714 5593 2|.
1791 5534 1882 5611 “l
1907 5535 2035 5611 Co_r.
2065 5559 2093 5596 x

2194 5544 2269 5598 27.
2345 5543 2390 5575 ⁸⁷
2415 5559 2561 5598 vers.
2589 5542 2677 5596 l5.

513 5609 722 5660 xxxvn,
767 5593 853 5648 il.
930 5593 975 5629 '°
1002 5594 1180 5650 Galat.
1209 5593 1282 5665 vt,
1317 5601 1402 5654 l4.
1467 5602 1510 5633 ⁹¹
1538 5593 1695 5658 Rom.
1728 5620 1802 5670 νι,
1843 5606 1898 5660 4.

517 5785 527 5795 _
585 5714 730 5795 (§-9_)_
766 5715 1018 5795 Χριστῷ.
1052 5716 1210 5770 Deest
1252 5717 1304 5770 in
1338 5721 1524 5776 codice
1559 5721 1744 5794 Regio,
1782 5725 1874 5780 sed
1906 5735 2086 5784 exstat

514 5787 566 5836 in
608 5787 915 5841 Bodleiano.

585 5853 696 5910 llOl
739 5856 1283 5934 Tér._§cribendum
1314 5858 1537 5914 τούτων.

2201 4656 2396 4728 Κύριε,
2429 4658 2621 4730 Κύριε,
2659 4658 2724 4711 σὺ
2756 4659 2955 4730 ἐπίστῃ
2981 4657 3176 4713 ταῦτα.
3206 4659 3315 4713 Καὶ
3343 4657 3470 4713 εἷπε
3502 4663 3662 4733 πρὸς
3707 4665 3782 4736 μὲ

2201 4751 2584 4822 Προφήτευσον
2613 4752 2708 4805 ἐπὶ
2737 4750 2809 4804 τά
2831 4751 2967 4806 ὀστᾶ
2987 4752 3162 4808 ταῦτα
3185 4793 3200 4818 ,
3249 4754 3343 4806 καὶ
3385 4755 3544 4824 ἐρεῖς
3574 4759 3789 4826 αὐτοῖς

2199 4843 2282 4896 Τά
2326 4845 2460 4898 ὀστᾶ
2508 4844 2670 4917 ξηρὰ,
2732 4845 3005 4900 ἀκούσατε
3037 4847 3193 4916 λόγον
3225 4848 3456 4920 Κυρίου·
3489 4869 3510 4901 ι
3535 4851 3647 4904 καὶ

2208 4865 2282 4896 ια
2326 4865 2460 4898 οστα
2508 4865 2670 4917 ςηρα,
2732 4865 3005 4900 ακουσατε
3038 4865 3193 4916 λογον
3227 4865 3456 4920 Κυριου·
3489 4869 3510 4901 ι
3535 4865 3647 4904 και

2198 4936 2354 5004 ὀλίγα
2373 4953 2386 4967 ·
2423 4955 2441 4987 ι
2483 4937 2591 4990 Καὶ
2629 4936 2861 5008 ἐλάλησε
2890 4937 3094 5010 Κύριος
3129 4939 3267 5009 πρὸς
3303 4940 3370 5010 μέ
3390 4979 3406 5004 ,
3435 4940 3636 5010 λέγων
3660 4962 3676 4975 ·
3702 4865 3790 5010 Ἦ

2197 5026 2508 5099 ἀνθρώπου,
2563 5028 2632 5081 τὰ
2679 5029 2815 5082 ὀστᾶ
2839 5029 3014 5083 ταῦτα
3058 5032 3166 5095 πᾶς
3191 5028 3336 5096 οϊκος
3383 5033 3621 5104 Ἰσραήλ
3651 5017 3787 5092 ἐστέ

2195 5121 2290 5173 καὶ
2322 5120 2476 5173 αὐτοὶ⁹
2501 5119 2721 5190 λέγουσι
2739 5137 2750 5151 ·
2783 5120 2937 5193 Ξηρά
2950 5121 3143 5190 γέγονε
3165 5121 3236 5176 τὰ
3257 5124 3392 5178 ὀστᾶ
3414 5124 3613 5195 ήμῶν,
3652 5111 3787 5195 and

2195 5125 2290 5173 καὶ
2322 5125 2476 5173 αὐτοὶ
2501 5125 2721 5190 λέγουσι
2739 5137 2750 5151 ·
2783 5125 2937 5193 Ξηρά
2950 5125 3143 5190 γέγονε
3165 5125 3236 5176 τὰ
3257 5125 3392 5178 ὀστᾶ
3414 5125 3613 5195 ήμῶν,
3652 5125 3788 5280 ἁπΊ

2193 5213 2328 5267 ωλεν
2365 5214 2398 5283 ή
2434 5214 2590 5278 ἐλπὶς
2614 5213 2792 5288 ἡμῶν,
2831 5213 3352 5288 διαπεφωνήπαμεν.
3396 5235 3415 5269 ι
3462 5218 3675 5285 Ποίοις
3707 5221 3774 5292 (ί,

2192 5307 2302 5378 γὰρ
2351 5307 2529 5370 ὀστοῖς
2573 5305 2822 5375 λέγεται·
2884 5328 2902 5360 ι
2951 5307 3249 5362 Ἀκούσατε
3301 5309 3462 5379 λόγον
3495 5295 3785 5386 Κυρίου]

2204 5341 2302 5378 χλιιι
2351 5341 2525 5370 υυιιυιιι,
2575 5341 2790 5375 "clonus
2884 5341 2902 5360 I
2968 5341 3249 5362 nnvvuubc
3303 5341 3462 5379 Αξδχυν
3496 5341 3766 5386 ηυριυυ,

2195 5399 2272 5464 ὡς
2301 5399 2716 5471 αἰσθανομένοις
2756 5399 2916 5470 λόγου
2950 5400 3156 5473 Κυρίου
3181 5443 3195 5467 ,
3247 5403 3342 5457 ἇτε
3377 5399 3532 5458 οὖσιν
3571 5407 3645 5460 ἐν
3683 5341 3784 5488 οίᾶ

2771 5541 2819 5574 ⁸⁸
2846 5540 2890 5596 ll
2908 5541 3055 5597 Petr.
3074 5544 3219 5624 "n.5,
3237 5541 3326 5623 ιο,
3344 5541 3430 5596 i3.
3507 5542 3554 5574 ⁸³
3591 5541 3782 5662 Exeo!

2771 5629 2797 5662 :.
2844 5615 2863 5662 i
2905 5627 3022 5662 seu.
3097 5613 3145 5645 ⁸⁵
3192 5611 3322 5662 ibid.
3375 5612 3463 5662 il.

1974 5609 2177 5669 "ibid.
2257 5616 2302 5647 ’³
2351 5613 2552 5668 Ezech.
2589 5628 2797 5678 χχχιιι,
2844 5615 2863 5666 l
2905 5627 3022 5682 seq.
3097 5613 3145 5645 ⁸⁵
3192 5611 3322 5667 ibid.
3375 5612 3463 5665 il.

2228 5732 2381 5822 Ἀρι)
2424 5730 2643 5798 Πιιίοις-
2712 5730 2804 5786 Sit:
2877 5729 3047 5784 codex
3120 5728 3486 5795 Bodleianus;
3543 5701 3781 5822 Regini

2196 5818 2345 5866 οιοις.
3770 5818 3772 5840 ε
