3816 6526
93 385 195 442 373

1212 379 1563 440 COMMENT.
1606 381 1672 437 IN
1711 381 1906 437 .I'OAN.
1951 380 2192 438 TOMUS
2232 379 2298 434 Χ.

3259 378 3368 435 δη

104 498 341 573 Ἰσραὴλ,
397 499 542 572 ῆτῷ
592 499 828 573 Χριστοῦ
875 499 1124 571 σώματι,
1176 503 1304 573 περ)⁸
1353 495 1414 556 οῦ
1443 502 1662 570 ἐλεγενι

1790 510 1994 565 nostra,
2029 501 2251 554 abscissi
2281 513 2489 552 sumus.
2529 516 2546 548 ο
2583 497 2792 563 Quibus
2817 497 2961 550 enim
2990 496 3204 552 ossibus
3231 499 3367 552 dici-
3395 521 3401 532 ι

93 593 293 664 Κύριος
318 611 330 623 ·
371 613 388 645 ι
426 593 828 667 Διεσκορπίσθη
867 595 1042 648 πάντα
1075 593 1143 646 τὰ
1173 595 1307 648 ὀστᾶ
1338 614 1438 666 μου
1461 636 1474 659 ,
1514 615 1532 646 ι
1577 594 1684 648 τῶν

95 684 427 754 ωυματικῶν
459 687 664 741 ὀστέων
691 687 855 740 αὑτοῦ
893 686 967 758 μὴ
1000 687 1516 751 διασκεδασθέντων,
1550 688 1686 742 ἀλλὰ

94 775 222 846 μηδὲ
259 778 644 852 συντριϐέντος
683 779 828 841 τινὸς
863 779 923 844 ἐξ
971 778 1151 833 αὐτῶν
1177 797 1191 845 ;
1220 771 1350 834 "Ore
1380 780 1436 834 δὲ
1466 781 1675 849 γίνεται

91 867 218 938 αὑτὴ
254 870 288 940 ἡ
311 870 616 934 ἀνάστασις
639 869 734 922 τοῦ
764 870 1020 942 ἀληθινοῦ
1051 873 1144 926 καλ⁸
1176 872 1516 944 τελειοτέρου
1550 874 1685 944 Χρι-

92 959 210 1013 στοῦ
253 961 552 1032 σώματος,
597 962 719 1014 τότε
770 963 840 1016 τὰ
887 962 1026 1034 μέλη
1068 962 1160 1016 τοῦ
1189 962 1426 1034 Χριστοῦ
1460 963 1529 1017 τὰ
1563 964 1680 1028 νῦν,

89 1053 157 1116 ὡς
187 1052 337 1124 πρὸς
362 1053 426 1106 τὸ
456 1053 671 1124 μέλλον,
702 1053 845 1125 ξηρὰ
872 1053 1007 1108 ὀστᾶ
1041 1054 1460 1126 συναχθήσεται,
1491 1055 1682 1109 ὀστοῦν

91 1144 223 1214 πρὸς
259 1144 494 1209 ὀστοῦν,
535 1145 630 1199 καὶ
661 1145 900 1216 ἁρμονία
945 1148 1081 1216 πρὸς
1124 1145 1426 1216 ἁρμονίαν,
1469 1146 1682 1211 οὐδενὸς

90 1235 188 1288 τῶν
247 1237 642 1310 ἐστερημένων
683 1238 949 1308 ἁρμονίας
998 1238 1428 1310 καταντήσοντος
1473 1239 1554 1301 είς
1596 1237 1684 1290 τέεο

90 1338 219 1381 λειον
259 1329 456 1399 ἄνδρα,
492 1349 510 1380 ‹
538 1330 618 1392 εἰς
645 1329 706 1382 τὸ
736 1329 933 1400 μέτρον
963 1329 1063 1399 τῆς
1094 1329 1308 1399 ἡλικίας
1342 1327 1436 1382 τοῦ
1471 1327 1683 1398 πληρώ-

91 1436 254 1489 ματπ
280 1420 382 1473 τοῦ
433 1419 681 1492 σώματος
721 1420 814 1475 τοῦ
854 1421 1091 1493 Χριστοῦ
1116 1437 1129 1452 ⁸
1169 1441 1188 1474 ι
1219 1422 1313 1475 καὶ
1358 1421 1478 1476 τότε
1511 1420 1680 1474 πολλὰ

91 1511 216 1582 μέλη
245 1512 311 1564 τὸ
347 1512 408 1564 ἓν
443 1512 596 1565 ἔσται
631 1512 790 1583 σῶμα
811 1553 826 1576 ,
880 1515 1099 1568 πάντων
1140 1513 1235 1567 τοῦ
1287 1513 1538 1585 σώματος
1587 1531 1682 1586 με·

88 1601 186 1655 λῶν
218 1604 443 1657 πολλῶν
475 1605 646 1658 ὄντων
679 1605 978 1676 γινομένων
1013 1605 1131 1668 ἑνὸς
1163 1605 1444 1676 σώματος’
1487 1610 1591 1678 τὴν
1624 1607 1681 1660 δὲ

88 1694 264 1765 κρίσιν
299 1698 470 1761 ποδὸς
491 1739 506 1762 ,
538 1699 631 1751 καὶ
661 1699 843 1771 χειρὸς
865 1739 879 1763 ,
917 1699 1011 1752 καὶ
1035 1698 1336 1770 ὀφθαλμοῦ,
1369 1700 1462 1752 καὶ
1486 1701 1677 1770 ἀκοῆς,

88 1790 172 1840 καὶ
208 1789 545 1860 ὀσερρήσεως
575 1789 682 1844 τῶν
710 1789 1174 1862 συμπληρούντων
1210 1790 1315 1862 ἰδίᾳ
1345 1791 1443 1860 μὲν
1466 1790 1564 1862 τὴν
1589 1808 1681 1844 κε-

90 1881 277 1951 φαλὴν,
325 1881 437 1952 ἰδία
465 1882 520 1936 δὲ
549 1884 674 1946 τοὺς
701 1884 889 1947 πόδας,
921 1885 1015 1937 καὶ
1046 1883 1116 1938 τὰ
1145 1883 1304 1937 λοιπὰ
1333 1884 1441 1937 τῶν
1475 1885 1674 1955 μελῶν,
1711 1867 1754 1926 Β

87 1973 149 2028 1i
179 1991 235 2027 τε
263 1975 665 2047 ἀσθενέστερα,
701 1979 793 2030 καὶ
823 1978 1182 2050 ταπεινότερα
1203 2019 1216 2042 ,
1251 1980 1344 2032 καὶ
1369 1979 1673 2050 ἀσχήμονα.

87 2066 174 2117 καὶ
223 2065 584 2136 εὐσχήμονα,
643 2068 805 2137 μόνου
859 2068 991 2122 Θεοῦ
1042 2071 1156 2122 ἐστι
1205 2069 1570 2139 ποιήσασθαι,
1617 2070 1676 2133 ὃς

91 2158 423 2230 συγκεράσει
457 2158 519 2211 τὸ
569 2159 764 2231 σῶμα·
806 2161 899 2212 καὶ
937 2161 1059 2214 τότε
1102 2160 1303 2232 μᾶλλον
1333 2161 1427 2214 τοῦ
1463 2160 1557 2214 νῦν
1597 2161 1676 2232 τῷ

91 2247 410 2319 ὑστεροῦντι
443 2251 837 2323 περισσοτέραν
857 2251 1036 2315 διδοὺς
1071 2253 1258 2323 τιμὴν,
1296 2253 1382 2306 ἵνα
1417 2253 1679 2323 μηδαμῶς

89 2335 118 2412 ᾗ
143 2342 358 2412 σχίσμα
387 2343 444 2394 ἐν
477 2341 556 2413 τῷ
584 2343 824 2414 σώματι,
855 2344 992 2399 ἀλλὰ
1019 2345 1080 2398 τὸ
1109 2346 1240 2398 αὐτὸ
1273 2346 1413 2417 ὑπὲρ
1444 2345 1558 2416 (12)
1586 2346 1680 2400 ἁλ-

89 2430 252 2500 λήλων
304 2427 620 2503 μεριμνῶσι
666 2433 738 2487 τὰ
779 2433 951 2504 μέλη,
988 2435 1081 2488 καὶ
1115 2434 1171 2486 εί
1214 2451 1336 2486 τινα
1380 2432 1678 2488 εὐπάθειαν

89 2524 190 2592 ἔχει
236 2524 446 2594 μέλος,
491 2526 876 2599 συνευπαθήση
910 2528 1088 2581 πάντα
1130 2528 1197 2582 τὰ
1232 2528 1367 2599 μέλη
1390 2567 1404 2590 ,
1453 2527 1563 2582 εἴτε
1592 2528 1676 2582 δο-

90 2614 302 2678 ξάζεται
327 2655 344 2678 ,
395 2617 667 2690 συγχαίρῃ
699 2617 768 2670 τὰ
793 2619 992 2674 πάντα.
1236 2655 1240 2659 -

1791 604 1877 648 tur
1918 611 1930 646 :
1971 611 1988 642 ι
2025 591 2221 645 Audite
2274 591 2497 643 verbum
2563 590 2795 655 Domini,
2857 609 2873 641 ι
2933 597 3190 658 tanquam
3245 607 3367 660 qua:

1788 683 2026 737 sentiant
2074 681 2298 734 verbum
2348 680 2580 741 Dotnini,
2617 691 2979 748 tanquamque
3019 695 3141 748 quae
3170 680 3277 733 sint
3313 682 3364 734 in

1788 777 1948 831 domo
1980 775 2166 840 Israel,
2215 774 2316 830 nisi
2359 774 2560 830 Christi
2614 775 2849 844 corpori,
2895 775 2962 828 de
3013 790 3121 844 quo
3152 774 3368 830 dicebat

1787 867 2049 922 Dominus
2093 869 2140 900 "
2187 887 2201 922 :
2259 887 2276 918 ι
2318 867 2581 936 Dissipata
2616 878 2742 920 sunt
2773 867 2954 921 omnia
2989 881 3112 922 ossa
3153 882 3296 930 utea,
3342 885 3361 918 ι

1785 978 1907 1018 cum
1960 962 2161 1032 alioqui
2218 977 2339 1015 ossa
2392 961 2560 1029 ipsius
2614 961 2918 1031 corporalia
2966 961 3226 1029 dissipata
3257 975 3364 1012 non

1785 1057 2012 1119 fuerint,
2040 1057 2134 1112 sed
2188 1072 2254 1110 ne
2309 1071 2472 1108 unum
2501 1055 2718 1124 quidem
2760 1070 2825 1108 ex
2863 1053 2992 1124 ipsis
3021 1049 3367 1106 contritum?

1784 1147 2019 1202 Proinde
2045 1163 2168 1202 cum
2201 1148 2438 1203 etIicitur
2471 1147 2800 1202 resurrectio
2837 1147 2950 1200 haec
2988 1145 3101 1200 veri
3141 1153 3195 1197 et
3242 1158 3366 1212 per-

1785 1239 2029 1294 fectioris
2073 1240 2323 1308 corporis
2373 1239 2600 1301 Clu-isti,
2655 1248 2782 1291 tunc
2838 1237 3079 1292 membra
3136 1233 3360 1298 Christi,

1786 1331 2040 1386 nimirum
2075 1344 2197 1383 ossa
2231 1346 2292 1385 ea
2328 1346 2447 1398 qua».
2499 1334 2550 1383 in
2590 1329 2902 1399 prasentia,
2937 1329 3102 1382 futuri
3144 1342 3367 1396 compa-

1788 1424 2021 1488 ratione,
2052 1433 2176 1477 sunt
2213 1424 2390 1486 arida,
2423 1422 2840 1491 conjungentur,
2873 1436 2934 1476 os
2963 1421 3170 1476 scilicet
3205 1420 3271 1474 ad
3303 1433 3365 1473 os

1783 1532 1963 1581 suum,
1998 1525 2052 1571 et
2085 1515 2338 1586 junctura
2368 1518 2434 1570 ad
2458 1515 2770 1582 juncturam
2797 1515 2915 1548 9"”
2949 1532 2964 1570 :
2997 1515 3237 1579 nemine,
3269 1513 3362 1584 qui

1784 1609 2023 1679 privatus
2059 1609 2130 1662 sit
2172 1607 2456 1676 junctura,
2503 1623 2803 1663 occursuro
2844 1607 2897 1661 in
2958 1607 3140 1664 virum
3184 1605 3364 1676 perfe-

1782 1710 1950 1764 ctum,
1991 1717 2008 1750 t
2054 1700 2105 1752 in
2155 1716 2463 1754 mensuram
2498 1697 2674 1755 aetatis
2709 1699 3062 1768 plenitudinis
3114 1699 3363 1768 corporis

1783 1789 1983 1844 Christi
2003 1790 2126 1849 ¹ο⁸⁷ς
2153 1810 2170 1842 ι
2193 1799 2244 1843 et
2273 1799 2396 1844 tunc
2421 1790 2660 1844 membra
2685 1789 2850 1843 multa
2875 1806 3038 1843 unum
3061 1798 3221 1844 erunt
3243 1803 3365 1845 cor-

1783 1896 1902 1951 pus,
1965 1897 2088 1934 cum
2143 1882 2324 1934 onmia
2385 1881 2632 1950 corporis
2680 1881 2963 1948 membra,
3022 1897 3143 1952 qnze
3195 1885 3363 1936 multa

1785 1983 1930 2038 sunt,
1970 1976 2098 2029 lient
2145 1976 2308 2029 unius
2339 1975 2584 2043 corporis
2631 1975 2698 2028 ³⁸.
2748 1976 2817 2030 At
2868 1975 3162 2031 discrimen
3211 1975 3364 2044 pedis

1783 2080 2104 2134 manusque,
2135 2074 2299 2135 atque
2352 2065 2516 2131 oculi,
2551 2081 2614 2120 ac
2641 2066 2872 2136 denique
2896 2068 3113 2122 auditus
3135 2077 3190 2123 et
3219 2065 3361 2122 olfa-

1782 2165 1928 2221 ctus,
1955 2157 2152 2226 quibus
2179 2158 2522 2228 complentur
2569 2158 2880 2228 singulatim
2909 2159 3128 2228 quidem
3171 2169 3362 2230 caput,

1781 2245 2093 2315 singulatim
2158 2261 2288 2302 vero
2336 2248 2502 2315 pedes
2549 2258 2604 2303 et
2659 2259 2856 2303 cetera
2911 2249 3192 2314 membra,
3247 2259 3362 2304 tum

1783 2337 2162 2401 imbecilliora.
2215 2349 2324 2394 tum
2360 2340 2676 2410 abjectiera,
2738 2355 2800 2395 ac
2837 2356 2899 2396 ea
2931 2357 3052 2412 qua:
3101 2351 3363 2412 putantur

1780 2432 2058 2497 indecora,
2091 2442 2146 2487 et
2169 2432 2394 2498 decora,
2419 2433 2589 2490 solius
2618 2435 2709 2491 Dei
2739 2445 2819 2491 est
2847 2436 3053 2500 facere,
3081 2436 3172 2505 qui
3197 2437 3362 2490 simul

1783 2523 2107 2596 temperabit
2135 2540 2358 2596 corpus,
2391 2527 2555 2581 etiam
2598 2527 2770 2598 magis
2803 2542 2968 2597 quam
3000 2543 3146 2582 nunc
3172 2527 3362 2596 copio-

1781 2623 1984 2678 siorem
2023 2624 2289 2679 honorem
2326 2623 2535 2680 addens
2561 2625 2610 2679 ei
2638 2624 2705 2690 ”,
2739 2624 2823 2679 cui
2861 2623 3060 2690 deerit,
3102 2638 3170 2679 ne
3202 2623 3365 2679 dissi-

89 2710 222 2762 dium
253 2711 330 2764 sit
367 2713 419 2764 in
452 2727 700 2781 corpore,
731 2713 826 2768 sed
880 2713 1109 2769 invicem
1160 2714 1265 2767 alia
1315 2730 1414 2784 pro
1458 2714 1580 2772 aliis
1627 2715 2049 2775 sollicitudinem
2106 2721 2353 2774 eamdem
2402 2730 2594 2790 gerant
2625 2721 2864 2776 membra
2893 2736 2910 2786 ;
2943 2729 2998 2776 et
3027 2721 3071 2776 si
3103 2719 3230 2792 quid
3265 2735 3364 2790 pa-

90 2806 210 2858 titur
261 2823 439 2861 unum
498 2809 848 2873 membrum,
905 2809 1069 2864 simul
1133 2810 1408 2880 patientur
1476 2815 1656 2868 omnia
1699 2815 1960 2880 membra,
2031 2817 2145 2872 sive
2184 2816 2518 2888 gloriﬁcatur
2574 2831 2740 2870 unum
2783 2817 3132 2882 membrum,
3200 2813 3363 2870 simul

90 2905 310 2970 gaudeb'
340 2912 406 2958 nt
439 2905 620 2958 omnia
663 2906 928 2962 membra.

148 2998 234 3051 2|.
271 2999 472 3054 Ταῦτά
504 3018 596 3070 μοι
621 3002 722 3054 οὐκ
749 3001 1047 3073 ἀλλοτρίως
1084 3001 1178 3056 τοῦ
1213 3003 1394 3075 ἱεροῦ,
1443 3003 1538 3057 καὶ
1563 3002 1662 3058 τῶι

1845 3004 1938 3059 2i.
1977 3001 2104 3058 llaec
2135 3011 2261 3056 sunt
2287 3017 2314 3054 a
2345 3016 2429 3054 me
2456 3000 2622 3066 dicta,
2656 3013 2754 3054 nec
2800 3007 2998 3068 praeter
3021 2998 3356 3063 institutum,

88 3089 170 3139 ἀπ’
209 3087 388 3142 αὐτοῦ
437 3089 906 3160 ἐξελαυνομένων,
943 3091 1070 3161 περὶ
1117 3085 1179 3144 οῦ
1212 3091 1354 3160 λέγει
1390 3091 1419 3144 ὀ
1449 3091 1668 3164 Σωτήρ·

96 3200 109 3228 ι
147 3181 201 3233 Ὀ
232 3180 404 3250 ζῆλος
426 3180 527 3233 τοῦ
565 3180 718 3233 οἴκου
752 3197 845 3234 σου
878 3181 1254 3252 καταφάγεταί
1304 3199 1372 3253 με
1395 3221 1409 3247 ,
1451 3201 1470 3234 ι
1521 3183 1671 3256 εἴρη-

89 3283 196 3330 ται,
245 3267 367 3320 τῶν
417 3284 479 3320 τε
509 3265 806 3321 αἰτούντων
853 3272 1080 3341 σημεῖον
1163 3270 1436 3324 Ἰουδαίων
1483 3273 1670 3337 αὐτοῖς

87 3359 356 3430 δειχθῆναι
377 3401 392 3424 ,
423 3361 516 3412 καὶ
542 3359 640 3430 τῆς
673 3359 769 3413 τοῦ
801 3361 1006 3432 Κυρίου
1041 3362 1177 3433 πρὸς
1209 3362 1408 3426 αὐτοὺς
1439 3364 1672 3436 ἀποκρί-

91 3469 248 3517 σεως,
284 3456 654 3519 συνάπτοντος
684 3455 775 3509 τὸν
819 3454 912 3510 τοῦ
952 3455 1081 3510 ναοῦ
1123 3456 1279 3525 λόγον
1316 3456 1394 3528 τῷ
1430 3457 1524 3512 τοῦ
1557 3457 1667 3530 (15)

91 3543 208 3598 ίόίου
249 3544 531 3616 σώματος,
587 3547 681 3599 καὶ⁵
714 3547 1017 3617 φάσκοντος
1040 3564 1053 3577 °
1081 3568 1100 3600 ι
1142 3549 1356 3603 Λύσατε
1404 3549 1494 3602 τὸν
1541 3549 1670 3607 ναὸν

87 3635 294 3700 τοῦτον,
366 3638 460 3690 καὶ
524 3639 701 3708 τρισὶν
769 3638 1005 3710 ἡμέραις
1073 3639 1249 3710 ἐγερῶ
1314 3639 1495 3693 αὐτόν.
1538 3639 1670 3692 ’Λπὸ

90 3729 185 3797 γὰρ
238 3729 436 3783 τούτου
490 3729 586 3783 τοῦ
649 3729 818 3796 ναοῦ,
891 3731 1044 3796 δντος
1091 3730 1344 3802 σώματος
1404 3731 1667 3802 Χριστοῦ,

93 3820 163 3873 δεῖ
203 3823 608 3877 ἀπελαύνεσθαι
640 3824 812 3879 ταῦτα
842 3823 970 3877 ὄντα
1022 3824 1131 3894 (Η)
1180 3825 1348 3894 ἄλογα
1370 3865 1385 3889 ,
1419 3826 1512 3878 καὶ
1568 3828 1668 3896 ἐμ-

92 3913 314 3984 πορικὰ,
359 3916 445 3968 ἶνα
481 3914 679 3986 μηκέτι
717 3909 865 3979 οἶκος
911 3915 1176 3987 ἐμπορίου
1321 3917 1433 3970 Καὶ
1483 3916 1668 3970 τοῦτον

87 4007 169 4056 τόν
205 4007 336 4060 ναὸν
389 4007 618 4078 λυθῆναι
669 4009 752 4062 δεῖ
797 4008 903 4061 ὑπὸ
955 4008 1063 4061 τῶν
1099 4008 1557 4062 ἐπιϐουλευόντων
1590 4009 1668 4080 τῷ

91 4095 218 4168 λόγῳ
258 4099 359 4153 τοῦ
405 4100 580 4166 Θεοῦ,
630 4102 727 4154 κοιλ⁵
784 4100 925 4172 μετὰ
971 4101 1034 4154 τὸ
1088 4100 1318 4171 λυθῆναι
1352 4103 1419 4172 τῇ
1477 4118 1666 4172 προει-

93 4187 294 4261 ρημένῃ
352 4191 484 4261 ἡμῖν
539 4193 696 4262 τρίτῃ
753 4191 938 4264 ἡμέριι
1005 4191 1118 4262 (15)
1176 4191 1507 4262 ἐγερθῆναι·
1577 4193 1667 4246 ὅτε

91 4282 173 4331 zz".
195 4281 243 4333 oi
275 4282 539 4352 μαθηταὶ,
584 4283 665 4336 ὃτι
703 4283 853 4352 ἔλεγε
886 4285 1014 4354 πρὶν
1041 4283 1268 4354 λυθῆναι
1289 4283 1379 4337 τὸν
1414 4283 1540 4338 ναὸν
1571 4284 1667 4338 τοῦ

1776 3098 1843 3150 de
1875 3095 2098 3163 templo,
2124 3095 2298 3164 deque
2329 3109 2394 3147 ex
2429 3092 2545 3162 ipso
2568 3091 2832 3162 expulsis,
2862 3090 2930 3146 de
2958 3106 3065 3160 quo
3095 3091 3358 3145 Servatur

1775 3187 1904 3242 dicit
1937 3205 1950 3240 :
1985 3205 2003 3238 ι
2039 3185 2200 3240 Zelus
2237 3185 2430 3240 domus
2462 3192 2568 3238 tua:
2601 3184 2834 3238 comedit
2881 3198 2968 3238 me
3014 3183 3060 3213 ‘°
3089 3199 3105 3245 ς
3140 3201 3160 3235 ι
3192 3191 3359 3250 atque

1773 3279 1938 3332 etiam
1973 3277 2038 3331 de
2059 3276 2262 3332 Judzeis
2294 3275 2606 3346 petentibus
2641 3274 2856 3344 signum
2887 3273 2993 3329 sibi
3023 3273 3264 3339 ostendi,
3293 3287 3358 3328 ac

1772 3371 2008 3440 denique
2041 3371 2107 3425 de
2136 3369 2345 3424 Domini
2381 3369 2447 3423 ad
2497 3369 2646 3438 ipsos
2697 3366 3074 3438 responsione,
3126 3365 3358 3435 conjun-

1773 3464 1952 3532 gentis
1991 3476 2302 3518 sermonem
2340 3461 2526 3531 templi
2577 3449 2814 3516 sermoni
2846 3460 3051 3530 preprii
3081 3460 3355 3530 corporis,

1771 3564 1827 3609 et
1863 3554 2096 3608 dicentis
2127 3572 2139 3608 :
2183 3569 2203 3604 ι
2251 3553 2526 3608 Destruite
2555 3553 2811 3622 templum
2858 3553 2986 3617 hoc,
3021 3551 3149 3607 etin
3185 3551 3358 3605 tribus

1773 3647 1964 3701 diebus
2009 3649 2218 3716 erigam
2270 3646 2401 3700 illud
2456 3645 2525 3700 δι.
2583 3665 2602 3698 ι
2655 3646 2738 3699 Ab
2779 3646 2880 3700 boc
2930 3645 3077 3699 enim
3132 3644 3354 3712 templo,

1772 3738 1915 3807 quod
1950 3748 2037 3792 est
2081 3751 2280 3806 corpus
2324 3735 2552 3800 Christi,
2583 3735 2925 3805 expelluntur
2974 3734 3090 3789 haec
3141 3741 3358 3802 oportet

1771 3846 1890 3901 qua:
1931 3830 2162 3885 rationis
2187 3829 2409 3897 capacia
2442 3845 2546 3884 non
2585 3838 2713 3885 sunt
2751 3842 2805 3884 et
2837 3845 2958 3900 qua:
2987 3836 3354 3883 mercaturam

1770 3932 2048 3991 execcent,
2071 3935 2130 3978 ut
2155 3938 2260 3977 non
2288 3923 2341 3976 in
2371 3934 2646 3994 posterum
2676 3923 2748 3978 sit
2768 3926 2960 3978 domus
2987 3929 3352 3976 mercaturam

1770 4016 2167 4071 exercentium.
2195 4015 2409 4071 Destrui
2441 4015 2605 4069 etiam
2635 4015 2739 4070 boc
2768 4012 3023 4084 templum
3049 4014 3118 4067 ab
3143 4011 3228 4066 bis
3253 4012 3348 4080 qui

1771 4107 2096 4162 insidiantur
2115 4109 2353 4164 sermoni
2381 4107 2470 4163 Dei
2491 4121 2714 4163 necesse
2731 4115 2834 4174 est,
2853 4119 3088 4174 cumque
3109 4103 3351 4158 dirutum

1771 4199 1958 4264 fuerit,
1981 4200 2137 4255 tertia
2151 4239 2165 4266 ,
2189 4215 2350 4270 quam
2370 4200 2742 4270 praediximus,
2760 4199 2846 4254 die
2860 4197 3111 4266 excitari;
3129 4195 3351 4266 quando

1773 4289 1935 4361 199
1963 4290 2128 4344 etiam
2176 4289 2428 4360 discipuli
2469 4291 2589 4361 ejus
2621 4289 3059 4345 recordabuntur
3090 4286 3234 4354 quod
3266 4286 3350 4340 di-

91 4370 211 4422 θεοῦ
238 4375 268 4424 ὁ
299 4373 494 4441 Λόγος,
516 4374 682 4427 αὐτοῦ
716 4374 1115 4446 μνησθήσονται
1149 4370 1211 4428 οῦ
1245 4374 1418 4443 ἔλεγε,
1448 4374 1544 4428 καὶ
1578 4393 1662 4428 πι-

1781 4383 1912 4434 κειοίι
1936 4380 2106 4436 Filius
2135 4381 2227 4436 Dei
2254 4421 2271 4448 ,
2305 4391 2600 4451 antequam
2633 4380 3018 4435 destrueretur
3061 4377 3348 4448 templum,

94 4463 362 4517 στεύσουσι
390 4464 528 4537 (16),
568 4467 950 4537 τελειουμένης
993 4466 1170 4520 αὐτῶν
1214 4466 1336 4520 τότε
1383 4466 1522 4536 μετὰ
1563 4467 1664 4536 τῆς

91 4557 331 4622 γνώσεως
364 4561 459 4613 καὶ
482 4562 582 4632 τῆς
603 4562 858 4626 πίστεως,
893 4561 1026 4616 ἀλλὰ
1052 4564 1142 4616 καὶ
1166 4561 1244 4633 τῷ
1261 4561 1402 4632 λόγῳ
1425 4563 1484 4616 ὃν
1513 4558 1664 4616 εἶπεν

91 4649 114 4697 ὁ
150 4649 373 4719 Ἰησοῦς.
407 4653 519 4705 Καὶ
543 4652 771 4717 ἕκαστος
796 4653 853 4706 δὲ
887 4653 995 4706 τῶν
1016 4653 1257 4716 τοιῶνδε,
1303 4653 1478 4724 Ἰησοῦ
1502 4655 1663 4708 αὑτὸν

93 4740 450 4811 καθαίροντος,
484 4744 818 4814 ἀποθέμενος
845 4745 914 4799 τὰ
939 4744 1105 4812 ἄλογα
1135 4745 1228 4798 καὶ
1259 4745 1326 4798 τὰ
1360 4745 1664 4810 πωλοῦντα,

92 4830 167 4883 διὰ
194 4832 284 4886 τὸν
306 4835 399 4888 τοῦ
427 4837 486 4888 ἐν
498 4836 682 4900 αὐτοῖς
701 4838 875 4907 Λόγου
904 4837 1060 4908 ζῆλον
1088 4837 1541 4908 καταλυθήσεται,
1573 4841 1666 4892 ἐπὶ

92 4920 159 4989 τῷ
185 4922 289 4975 ὑπὸ
345 4926 518 4997 Ἰησοῦ
567 4928 878 4999 ἐγερθῆναι,
911 4931 971 4982 ού
1004 4934 1068 5002 τῇ
1109 4931 1268 5004 τρίτῃ
1299 4932 1506 5005 ἡμέρα,
1540 4936 1666 4989 ὅσον

95 5011 174 5062 ἐπὶ
207 5018 271 5084 τῇ
317 5019 650 5090 προκειμένῃ
690 5019 854 5087 λέξει’
895 5023 956 5075 ού
995 5023 1104 5091 γὰρ
1133 5022 1463 5094 γέγραπται·
1508 5045 1526 5076 ι
1564 5027 1666 5079 Λύ-

96 5117 207 5155 σιτε
252 5107 349 5158 τὸν
382 5108 508 5161 ναόν
557 5110 778 5176 τοῦτον,
816 5113 917 5168 καὶ
949 5111 1024 5180 τῇ
1046 5114 1209 5182 τρίτῃ
1241 5117 1426 5186 ἡμέρᾳ
1485 5118 1663 5187 ἐγερῶ

96 5191 263 5260 αὐτόν,
306 5215 326 5247 ι
355 5197 462 5275 ἀλλ’
505 5200 578 5252 ὲν
617 5202 819 5269 τρισὶν
848 5203 1117 5273 ἡμέραις.
1167 5205 1465 5278 Ἐγείρεται
1497 5207 1662 5280 γάρῆ

1770 4472 2008 4540 perfecta
2036 4480 2163 4526 tunc
2191 4486 2312 4525 cum
2357 4472 2670 4539 cognitione
2699 4471 2804 4526 lide
2857 4471 3023 4526 etiam
3061 4470 3305 4542 ipsorum
3333 4510 3348 4536 ,

1771 4575 1824 4617 et
1851 4564 2076 4618 credent
2112 4565 2373 4626 sermoni,
2401 4579 2562 4632 quem
2591 4564 2789 4618 dixerit
2811 4560 2988 4618 Jesus.
3024 4561 3163 4630 Quin
3193 4576 3353 4616 unus-

1772 4655 2008 4725 quisque
2031 4657 2124 4723 qui
2159 4656 2270 4710 erit
2305 4654 2644 4726 bujusmodi,
2670 4653 2800 4710 Jesu
2825 4653 2978 4708 illum
3006 4653 3348 4724 puriﬁcante.

1771 4761 1895 4800 cum
1927 4747 2230 4815 deposuerit
2261 4761 2381 4816 qua:
2413 4746 2592 4801 aliena
2628 4755 2758 4802 sunt
2788 4760 2817 4800 a
2845 4748 3077 4812 ratione,
3117 4760 3181 4799 ac
3213 4759 3347 4799 ven-

1772 4839 1976 4902 dentia,
2002 4848 2224 4909 propter
2261 4839 2623 4894 iubabitantis
2657 4839 2711 4894 in
2743 4854 2804 4896 se
2828 4839 2951 4896 Filii
3002 4839 3095 4894 Dei
3143 4839 3346 4906 zelum,

1771 4931 2099 4996 destruetur,
2132 4940 2189 4987 ut
2220 4949 2250 4986 a
2287 4932 2416 4989 Jesu
2441 4933 2680 5004 erigatur
2711 4950 2726 4988 :
2755 4947 2862 4988 non
2891 4933 3044 4988 tertia
3069 4931 3178 4997 die,
3204 4933 3349 5000 quod

1769 5025 1837 5077 ad
1871 5025 2201 5093 propositam
2250 5024 2537 5080 lectionem
2586 5024 2823 5088 attinet;
2869 5038 2970 5078 nec
3015 5023 3160 5077 enim
3219 5023 3351 5076 seri-

1770 5124 1918 5183 ptum
1943 5125 2069 5172 est:
2107 5136 2124 5168 ι
2159 5116 2428 5171 Destruite
2475 5115 2729 5184 templum
2768 5114 2894 5176 hoc.
2948 5123 3005 5168 et
3059 5112 3216 5169 tertia
3259 5114 3346 5167 die

1765 5204 1898 5262 illud
1941 5207 2232 5278 erigam,»-
2272 5212 2367 5269 sed
2391 5245 2406 5272 ,
2474 5230 2492 5262 ι
2521 5212 2570 5264 in
2601 5210 2772 5264 tribus
2809 5208 3024 5265 diebus.
3056 5228 3075 5261 ι
3108 5209 3348 5280 Erigitur

3375 4985 3382 5034 l

155 5379 200 5464 ’ξ
250 5381 391 5464 Rati.
442 5386 670 5464 xxr,j5.
701 5388 865 5464 ff”
914 5387 1106 5464 Ezecb.
1139 5405 1342 5457 xxxvu,
1371 5392 1423 5446 7.
1505 5393 1594 5427 ¹⁸³⁷
1629 5393 1662 5448 Ε

1783 5409 1828 5445 s.
1868 5407 1943 5456 tv,
1975 5391 2062 5446 l3.
2141 5392 2190 5425 ⁸⁸
2234 5392 2251 5446 l
2286 5393 2416 5446 Cor.
2449 5408 2546 5455 ιιι,
2591 5391 2674 5455 12,
2703 5405 2819 5460 seq.
2897 5389 2943 5422 ³⁹
2969 5390 3100 5445 ibid.
3129 5387 3198 5442 26
3227 5403 3342 5457 seq.

97 5445 138 5480 δ’
161 5449 299 5508 Psal.
324 5469 510 5513 vant.
539 5445 622 5510 i0.
699 5458 741 5489 “
764 5457 919 5512 Juan.
954 5476 1010 5523 ιι,
1046 5461 1131 5516 l9.

100 5545 264 5668 θ’(ὁίξ)
317 5549 500 5618 Ὑπέρ.
541 5550 614 5606 Ita
649 5553 788 5608 idem
829 5557 998 5610 codex
1045 5557 1401 5623 Bodleianus;
1434 5558 1656 5629 Regius,

103 5645 209 5668 υι-υ.

147 5688 265 5761 itii)
292 5687 398 5767 -11};
442 5689 568 5743 τοῦ.
627 5692 720 5747 Sic
776 5697 950 5750 codex
1005 5695 1368 5763 Bodleianus;
1425 5698 1656 5768 Regius,

103 5771 192 5803 τω)
223 5775 338 5803 τὴν-

153 5778 192 5804 .Η
223 5778 338 5809 ἴθι).

161 5827 202 5886 tl
224 5829 267 5894 ἱ)
321 5832 505 5885 'lh'ra.
539 5834 628 5888 Sic
661 5835 829 5889 codex
863 5836 1214 5907 Bodlt-ianus;
1251 5837 1472 5910 Regius,
1498 5841 1584 5896 τά.

1837 5559 1952 5623 (l5)
1995 5558 2220 5627 Ἡμέρᾳ.
2251 5558 2323 5612 Ita
2358 5559 2498 5612 idem
2529 5559 2694 5612 codex
2724 5559 3076 5624 Bodleianus;
3116 5554 3341 5624 Regius,

1764 5645 2048 5701 [tet-perant
2069 5672 2084 5690 ,
2120 5630 2276 5701 μετά.

1835 5692 1949 5770 (ὶϐ)
1991 5692 2416 5770 Πισξεύσουσι.
2465 5698 2557 5752 Sic
2608 5701 2782 5754 codex
2829 5697 3190 5758 Bodleianus;
3235 5692 3344 5760 Re-

1769 5767 1908 5841 gius,
1944 5767 2278 5820 πιστεύουσι.
