3826 6554
442 378 550 433 375

1924 366 2249 425 ORIGENIS

3600 358 3707 415 376

442 495 589 551 enim
621 490 803 562 templi
832 490 1059 557 erectio,
1118 499 1416 561 postquam
1446 488 1781 544 destructum
1822 486 2009 551 fuerit,

2157 484 2210 539 οῦ
2241 485 2371 540 ναοῦ
2416 488 2484 556 τῇ
2519 481 2710 555 πρώτῃ
2762 480 2901 552 μετά
2944 479 3005 532 τδ
3035 478 3259 551 λυθῆναι
3292 476 3479 549 ἡμέρᾳ
3505 476 3600 529 καὶ
3640 476 3706 546 τῇ

444 585 621 656 prima
678 592 736 638 et
788 581 1025 638 secunda
1083 581 1209 647 die;
1263 580 1546 650 perficitur
1578 587 1760 634 autem
1808 577 1861 653 in
1894 578 2021 633 totis

2157 576 2375 649 ευτέρᾳ,
2408 574 2708 630 τελειοῦται
2737 572 2794 626 δὲ
2822 568 2991 625 αὐτοῦ
3018 571 3053 639 ἡ
3084 568 3301 642 έγερσις
3333 569 3393 621 ἐν
3424 567 3572 629 ὅλαις
3591 568 3711 656 ταῖς

449 675 626 730 tribus
661 673 876 729 diebus.
904 671 1294 740 Quamobrem,
1317 683 1371 727 et
1400 671 1544 726 facta
1567 681 1652 726 est
1673 670 2020 735 resurrectio,

446 773 503 817 et
535 763 645 823 erit
673 762 1024 826 resurrectio,
1062 761 1330 831 siquidem
1365 778 1385 814 ι
1409 777 1532 816 cum
1571 760 1791 816 Christo
1829 773 2021 815 conse-

448 851 580 922 pulti
614 867 822 917 sumus,
857 861 913 907 et
957 866 1082 906 cum
1128 851 1245 921 ipso
1293 851 1741 906 consurreximus
1792 850 1859 905 “.
1886 868 1905 903 ι
1959 848 2024 904 Et

447 943 704 1006 quoniam
733 958 835 998 non
871 942 1008 999 satis
1034 951 1117 996 est
1141 942 1207 995 ad
1251 940 1521 1011 integram
1571 940 2021 997 resurrectionem

449 1016 580 1091 illud
629 1036 873 1102 verbum,
931 1053 950 1086 ι
992 1025 1458 1096 consurreximus,
1505 1054 1524 1087 ι
1588 1033 1810 1088 additur
1848 1050 1861 1087 :
1901 1051 1921 1085 ι
1967 1032 2021 1087 In

449 1128 671 1184 Chrisro
701 1142 893 1184 omnes
928 1126 1367 1192 vivificabuntur,
1418 1128 1793 1196 unusquisque
1844 1133 2023 1180 autem

449 1220 504 1274 in
536 1235 638 1275 suo
666 1222 857 1276 ordine
895 1236 909 1274 :
940 1219 1192 1289 primitiae
1225 1218 1514 1282 Christus,
1553 1217 1747 1273 deinde
1775 1218 1864 1287 qui
1901 1225 2028 1271 sunt

454 1313 691 1379 Christi,
721 1313 773 1366 iu
822 1312 1054 1366 adventu
1105 1309 1223 1379 ejus
1266 1328 1279 1364 :
1317 1317 1591 1380 postremo
1626 1308 1750 1362 linis
1771 1307 1836 1362 ".
1870 1325 1888 1359 ι
1924 1307 2020 1362 Re-

456 1400 815 1457 snrreclionis
848 1402 993 1456 enim
1030 1400 1158 1454 illud
1182 1407 1285 1464 est,
1327 1396 1497 1469 prima
1545 1398 1633 1452 die
1678 1398 1731 1452 in
1775 1397 2027 1468 paradiso

451 1506 574 1546 esse
612 1490 741 1558 Dei;
782 1488 1197 1545 resurrectionis
1240 1487 1393 1552 item,
1447 1488 1667 1557 quando
1727 1501 2019 1557 apparens,

458 1582 636 1652 inquit
670 1598 685 1636 :
734 1599 751 1633 ι
782 1580 860 1637 Ne
892 1596 978 1637 me
1015 1591 1229 1649 tangas,
1259 1579 1493 1634 nondum
1531 1580 1675 1636 enim
1697 1578 1916 1636 ascendi
1959 1580 2028 1633 ad

455 1674 669 1729 Patrem
692 1673 778 1741 “;
805 1692 825 1725 ι
859 1682 916 1728 at
944 1672 1186 1743 perfecta
1233 1682 1318 1724 est
1347 1672 1676 1728 resurrectio
1715 1686 1839 1726 cum
1882 1671 2030 1726 vadit

456 1771 521 1820 ad
555 1766 796 1821 Patrem.
839 1763 1106 1833 Quoniam
1156 1779 1287 1818 vero
1323 1764 1544 1832 quidam
1594 1763 2026 1829 confumlnntm,

2118 667 2300 739 τρισὶν
2324 665 2581 737 ἡμέραις.
2604 663 2704 717 Διά
2733 661 2891 716 τοῦτο
2914 660 3009 714 καὶ
3031 659 3253 729 γέγονεν
3279 657 3597 723 ἀνάστασις,
3616 655 3710 709 καὶ

2121 757 2274 812 ἔσται
2299 756 2619 819 ἀνάστασις,
2645 753 2777 822 εἴγε
2799 772 2817 805 ι
2855 751 3234 822 συνετάφημεν
3250 750 3329 821 τῷ
3354 747 3599 821 Χριστῷ,
3616 747 3712 801 καὶ

2127 848 2529 919 συνανέστημεν
2567 844 2736 916 αὐτῷ.
2781 863 2801 897 ι
2836 844 2950 900 Καὶ
2997 842 3118 896 ἐπεὶ
3155 843 3255 896 ούκ
3282 842 3445 913 ἀρκεῖ
3477 839 3589 911 (17)
3632 839 3710 902 είς

2124 940 2223 1012 τὴν
2254 938 2381 1010 ὃλην
2399 937 2690 992 ἀνάστασιν
2720 934 2801 999 τὸ,
2826 932 3308 1002 συνανέστημεν,
3330 951 3350 984 ι
3388 934 3451 985 ἐν
3481 929 3561 1001 τῷ
3582 930 3713 1000 Χρι-

2128 1031 2245 1104 στῷ
2275 1032 2476 1094 πάντες
2501 1027 3018 1100 ζωοποιηθήσονται,
3064 1024 3292 1090 ἕκαστος
3322 1024 3381 1078 δὲ
3408 1025 3469 1077 ἐν
3493 1022 3573 1094 τῷ
3603 1020 3716 1091 ἰδίῳ

2124 1124 2389 1195 τάγματυ
2414 1119 2639 1191 ἀπαρχὴ
2671 1119 2927 1191 Χριστὸς,
2961 1116 3151 1171 ἔπειτα
3184 1117 3235 1170 οἱ
3262 1113 3357 1169 τοῦ
3385 1111 3629 1186 Χριστοῦ
3657 1114 3715 1165 ἐν

2110 1218 2193 1287 στῇ
2216 1213 2485 1287 παρουσία
2518 1211 2705 1276 αὑτοῦ,
2735 1206 2855 1265 εἶτα
2876 1210 2939 1263 τὸ
2953 1208 3125 1272 τέλος.
3157 1226 3178 1260 ι
3216 1206 3594 1269 Ἀναστάσεως
3608 1203 3715 1275 γὰρ

2124 1303 2193 1379 ἦν
2209 1306 2301 1360 καὶ
2324 1305 2385 1359 τὸ
2429 1307 2487 1359 ἐν
2517 1306 2584 1376 τῇ
2615 1301 2803 1375 πρώτῃ
2833 1301 3019 1373 ἡμέρᾳ
3044 1297 3300 1369 γενέσθαι
3334 1297 3393 1350 ἐν
3428 1296 3508 1368 τῷ
3540 1313 3717 1367 παρα-

2125 1398 2288 1468 δείσῳ
2309 1394 2403 1450 τοῦ
2426 1392 2585 1448 Θεοῦ*
2618 1392 2966 1455 ἀναστάσεως
2986 1389 3065 1455 δέ,
3084 1388 3180 1443 καὶ
3198 1388 3286 1442 ὅτε
3317 1385 3433 1459 (18)
3467 1385 3720 1457 φαινόμε-

2128 1489 2217 1551 νός
2248 1502 2401 1559 φησιο
2442 1503 2461 1536 ι
2500 1484 2592 1555 Μή
2637 1500 2738 1554 μου
2796 1482 2990 1546 ἅπτου,
3040 1479 3193 1534 οὔπω
3237 1479 3345 1552 γὰρ
3396 1476 3721 1548 ἀναὸέὸηκα

2129 1580 2267 1652 πρὸς
2295 1578 2385 1631 τὸν
2415 1576 2650 1649 Πατέρα·
2689 1593 2707 1627 ι
2742 1576 2802 1628 τὸ
2833 1573 2889 1628 δὲ
2909 1572 3111 1627 τέλειον
3138 1573 3235 1644 τῆς
3249 1570 3603 1633 ἀναστάσεως
3628 1564 3717 1640 ἦν,

2129 1672 2220 1725 ὅτε
2239 1670 2448 1740 γίνεται
2474 1669 2610 1741 πρὸς
2628 1668 2718 1722 τὸν
2748 1665 2989 1737 Πατέρα.
3026 1664 3251 1717 Ἐπεὶδέ
3283 1665 3332 1717 οί
3361 1661 3720 1733 συγχεόμενοι

2134 1765 2192 1816 ἐν
2241 1760 2319 1832 τῷ
2360 1759 2488 1831 περὶ
2524 1758 2737 1831 Πατρὸς
2775 1757 2873 1811 καὶ
2916 1754 3045 1809 Υίοῦ
3075 1754 3246 1826 τόπῳ,
3280 1753 3608 1823 συνάγοντες
3639 1752 3718 1805 τό·

457 1873 581 1912 eum
604 1857 856 1913 venerint
880 1856 948 1911 ad
997 1856 1174 1914 locum
1203 1856 1271 1911 de
1302 1855 1463 1911 Patre
1493 1866 1545 1912 et
1571 1856 1731 1918 Filio.
1765 1857 2033 1912 adducere

2157 1874 2159 1902 :
2200 1850 2582 1925 Εύρισκόμεθα
2623 1850 2680 1903 δέ
2708 1850 2801 1904 καὶ
2827 1847 3276 1920 ψευδομάρτυρες
3314 1844 3413 1899 τοῦ
3452 1842 3612 1909 Θεοῦ,
3643 1844 3723 1897 ὅτι

459 1959 541 2005 tes
576 1948 707 2004 illud
743 1964 755 2000 :
796 1965 814 1998 ι
845 1948 1161 2003 lnvcnimur
1209 1956 1391 2003 autem
1434 1956 1488 2002 et
1546 1947 1663 2003 falsi
1702 1957 1868 2005 testes
1916 1948 2031 2013 Dei,

458 2041 603 2107 quod
635 2041 817 2096 testati
853 2040 1117 2094 fuerimus
1138 2038 1401 2095 adversus
1428 2039 1594 2094 Deum
1618 2079 1633 2105 ,
1660 2040 1801 2109 quod
1830 2040 2035 2094 excita-

460 2133 602 2188 verit
655 2132 934 2188 Christum
982 2146 1147 2201 quem
1195 2147 1301 2186 non
1348 2132 1605 2186 excitavit
1659 2132 1793 2195 “:9
1844 2142 1898 2187 et
1950 2133 2034 2187 his

459 2228 658 2283 similia
690 2226 1027 2283 declarantia
1053 2227 1217 2280 alium
1241 2239 1364 2280 esse
1402 2240 1526 2280 eum
1564 2227 1655 2295 qui
1688 2226 2035 2282 excitavitab

460 2336 526 2372 eo
552 2319 642 2389 qui
668 2320 947 2375 excitatus
975 2318 1081 2373 fuit
1106 2335 1121 2384 ;
1151 2328 1208 2374 et
1235 2319 1363 2373 illud
1392 2335 1407 2372 :
1439 2319 1744 2377 «Destruite
1778 2321 2033 2390 templum

462 2413 589 2476 hoc,
614 2420 669 2467 et
698 2412 752 2466 in
788 2413 961 2467 tribus
1004 2411 1193 2468 diebus
1227 2413 1434 2483 erigam
1470 2412 1621 2478 illud,
1650 2432 1667 2466 ι
1724 2413 2038 2469 existiman-

468 2515 548 2558 tes
570 2519 637 2559 ex
667 2503 754 2559 his
770 2502 987 2561 ostendi
1013 2519 1244 2559 numero
1267 2520 1375 2560 non
1409 2503 1625 2560 differre
1653 2506 1849 2562 Filium
1872 2522 1903 2562 ε
1932 2507 2036 2563 Pa-

464 2606 570 2662 tre,
592 2595 691 2651 sed
718 2606 1007 2667 utrumque
1033 2612 1138 2651 non
1174 2597 1351 2654 solum
1385 2599 1709 2663 substantia,
1757 2601 1850 2655 sed
1872 2600 2034 2655 etiam

462 2689 709 2758 subjecto
753 2703 917 2743 unum
945 2729 961 2755 ,
990 2688 1290 2743 secundum
1337 2690 1597 2759 quasdam
1630 2692 2034 2762 intelligendas,

465 2794 570 2833 non
599 2781 897 2835 secundum
933 2780 1263 2850 hypustasim
1296 2781 1546 2837 diversos
1598 2782 1702 2837 dici
1740 2781 1952 2838 Patrem
1986 2790 2040 2837 et

440 2871 659 2931 ,Filium
700 2890 713 2925 :
751 2872 858 2926 illis
910 2872 1246 2941 respondere
1282 2872 1565 2939 debemus,
1606 2874 1657 2928 iu
1696 2874 1886 2943 primis
1913 2876 2037 2944 qni-

464 2965 585 3019 dem
614 2978 678 3019 ea
710 2967 876 3020 verba
924 2982 1045 3037 quae
1078 2969 1357 3039 przecipue
1404 2977 1650 3023 astruant
1703 2969 1864 3024 alium
1916 2985 2038 3025 esse

463 3058 658 3112 Filium
685 3073 714 3111 a
750 3058 935 3125 Patre,
960 3068 1014 3113 et
1047 3061 1192 3127 quod
1220 3060 1534 3115 necessario
1563 3059 1732 3116 Filius
1760 3064 1834 3116 sit
1860 3060 2036 3116 Patris

2137 1945 2600 2017 ἐμαρτυρήσαμεν
2633 1942 2774 1995 κατά
2802 1939 2894 1994 τοῦ
2925 1937 3082 2003 Θεοῦ,
3118 1939 3200 1991 ὅτι
3234 1937 3424 2009 ἥγειρε
3459 1937 3551 1989 τὸν
3588 1936 3726 2005 Χρι-

2137 2038 2280 2101 στὸν,
2309 2036 2367 2090 ὃν
2395 2035 2496 2089 οὐκ
2522 2034 2731 2105 ἧγειρε·
2765 2052 2784 2085 ι
2815 2031 2908 2085 καὶ⁵
2938 2028 3007 2083 τά
3045 2028 3253 2092 τούτοις
3278 2029 3441 2099 ὃμοια
3461 2025 3728 2098 δηλοῦντα

2133 2130 2320 2203 ἕτερον
2336 2124 2474 2182 εἶναι
2496 2126 2586 2181 τὸν
2610 2126 2899 2197 ἐγείραντα
2920 2121 3072 2195 παρὰ
3096 2122 3186 2174 τὸν
3206 2119 3601 2193 ἐγηγερμένον·
3634 2117 3729 2170 καὶ

2133 2226 2214 2280 τό·
2246 2241 2265 2276 ι
2300 2220 2511 2276 Λύσατε
2561 2219 2653 2273 τὸν
2689 2217 2814 2270 ναὸν
2843 2214 3054 2279 τοῦτον,
3078 2213 3173 2267 καὶ
3201 2214 3258 2266 ἐν
3292 2211 3471 2281 τρισὶν
3491 2209 3728 2281 ἡμέραις

2135 2312 2311 2384 ἐγερῶ
2331 2310 2512 2366 αὐτόν·
2550 2328 2569 2361 ι
2590 2302 2700 2362 οἷον
2716 2305 2902 2377 τὸ(19)
2932 2307 2997 2358 ἐκ
3015 2302 3219 2357 τούτων
3246 2299 3611 2371 παρίστασθαι
3652 2298 3729 2369 μὴ

2134 2405 2412 2477 διαφέρειν
2444 2400 2521 2472 τῷ
2551 2397 2770 2472 ἀριθμῷ
2797 2397 2887 2451 τὸν
2922 2395 3050 2449 Υἱδν
3081 2392 3177 2448 τοῦ
3210 2392 3448 2464 Πατρδς,
3496 2389 3611 2444 ἀλλ’
3648 2389 3729 2454 ἐν,

2135 2499 2196 2553 ού
2231 2496 2389 2570 μόνον
2419 2493 2598 2564 οὐσίᾳ,
2646 2489 2782 2545 ἀλλά
2833 2487 2929 2541 καὶ
2965 2485 3312 2556 ὑποκειμένῳ
3356 2482 3733 2570 τυγχάνοντας

2136 2569 2499 2655 ἀμφοτέρους,
2524 2577 2666 2632 κατά
2688 2592 2839 2638 τινας
2878 2574 3120 2637 ἐπινοίας
3150 2572 3463 2643 διαφόρους.
3488 2571 3550 2624 ού
3587 2569 3732 2624 κατά

2138 2674 2435 2731 ὑπόστασιν
2474 2667 2729 2740 λέγεσθαι
2761 2665 2981 2736 Πατέρα
3022 2665 3117 2719 καὶ
3149 2664 3298 2717 Υἱόν·
3333 2662 3557 2717 λεκτέον
3590 2660 3732 2733 πρὸς

2138 2768 2335 2830 αὐτοὺς
2352 2763 2566 2836 πρῶτον
2603 2761 2700 2834 μὲν
2726 2760 2793 2814 τὰ
2830 2756 3258 2830 προηγουμένως
3285 2771 3733 2809 κατασκευαστι-

2138 2859 2212 2915 κὰ
2246 2857 2385 2930 ρητά
2409 2856 2504 2910 τοῦ
2536 2856 2721 2924 ἕτερον
2745 2848 2880 2904 εἶναι
2915 2848 3006 2902 τὸν
3034 2847 3161 2901 Υίὸν
3192 2845 3460 2918 παρὼτδν
3486 2844 3729 2917 Πατέρα,

2139 2953 2233 3007 καὶ
2268 2953 2351 3005 ὅτι
2385 2947 2598 3017 ἀνάγκη
2624 2944 2715 2998 τὸν
2744 2941 2871 2996 Υίδν
2907 2938 3122 3012 Πατρὸς
3143 2932 3283 2991 εἶναι
3319 2937 3474 2999 Υἱὸν,
3519 2936 3615 2990 καὶ
3640 2936 3735 2988 τὸν

2138 3042 2358 3114 Πατέρα
2386 3037 2518 3093 Υἱοῦ
2543 3036 2778 3108 Πατέρα.
2808 3034 2965 3088 Μετά
2991 3031 3047 3086 δὲ
3070 3030 3227 3086 τοῦτο
3253 3030 3356 3083 οὐκ
3381 3028 3581 3082 ἄτοπόν
3614 3026 3735 3080 ἐστι

462 3147 652 3214 Filius,
699 3160 755 3207 et
810 3148 971 3205 Pater
1026 3151 1146 3205 Filii
1195 3151 1267 3205 sit
1311 3151 1510 3215 Pater;
1570 3161 1682 3206 tum
1739 3168 1868 3208 vero
1922 3167 2031 3207 nou

2157 3137 2236 3194 τὸν
2276 3131 2639 3208 ὁμολογοῦντα
2684 3127 2861 3227 μηδὲν
2881 3123 3160 3235 δύνασθαικ
3179 3123 3382 3235 ἐποιεῖν,
3420 3119 3518 3235 ἑὰν
3553 3119 3659 3235 μὲι
3682 3134 3734 3235 1:

464 3241 757 3295 absurdum
778 3255 916 3308 esse,
937 3256 1058 3297 cum
1082 3242 1173 3312 qui
1201 3243 1433 3298 fateatur
1452 3258 1513 3300 se
1534 3244 1667 3299 nihil
1685 3259 1844 3314 posse
1868 3244 2038 3301 facere

2157 3206 2326 3301 βλέπη
2347 3223 2438 3278 τὸν
2460 3220 2678 3292 Πατέρα
2711 3215 2987 3279 ποιοῦντα,
3020 3213 3116 3268 καὶ
3141 3212 3389 3281 λέγοντα,
3418 3209 3503 3263 ὅτι
3530 3227 3549 3261 ι
3588 3210 3659 3262 Ὃ
3689 3206 3734 3259 δ’

462 3332 567 3387 nisi
597 3336 740 3400 quod
759 3332 958 3386 viderit
988 3333 1202 3386 Patrem
1229 3332 1518 3388 facientem
1542 3334 1610 3399 “,
1631 3335 1836 3404 quique
1859 3334 2001 3389 dicat
2028 3354 2041 3392 :

470 3442 488 3473 ι
511 3421 788 3490 Quidquid
820 3431 1003 3477 autem
1028 3422 1195 3477 Pater
1223 3423 1374 3487 facit,
1413 3424 1665 3479 similiter
1687 3425 1849 3478 etiam
1879 3424 2046 3482 Filius

467 3511 604 3568 facit
645 3513 714 3577 ",
746 3532 765 3566 ι
819 3529 1019 3583 corpus
1074 3518 1218 3585 quod
1269 3524 1542 3570 mortuum
1585 3523 1704 3571 erat
1749 3518 2043 3584 excitasse,

465 3604 630 3659 Patre
664 3605 767 3659 hoc
796 3604 872 3660 illi
906 3605 1186 3662 donante:
1224 3606 1315 3678 qui
1358 3605 1517 3663 Pater
1554 3608 1823 3678 praecipue
1864 3609 2047 3665 dicen-

467 3696 571 3751 dus
606 3705 692 3750 est
716 3694 997 3751 Christum
1031 3696 1303 3752 excitasse
1332 3713 1363 3752 e
1404 3699 1654 3753 mortals.
1693 3699 1835 3754 Sane
1879 3698 2047 3754 Hera-

466 3787 626 3842 cleon
661 3787 853 3858 inquit,
890 3806 907 3839 ι
942 3788 992 3841 in
1018 3787 1210 3855 tribus,
1244 3807 1263 3841 ι
1313 3775 1478 3860 2m
1508 3805 1603 3860 pro
1638 3807 1702 3845 eo
1753 3792 1898 3861 quod
1937 3802 2043 3859 est,

462 3885 517 3937 in
551 3879 734 3945 tertia,
773 3896 877 3935 non
907 3893 1284 3957 perscrutatus
1324 3883 1607 3954 (quamvis
1635 3884 1838 3938 notarit
1878 3900 2042 3939 vocu-

468 3973 572 4035 las,
597 3970 651 4024 iu
679 3971 870 4042 tribus)
901 3973 1176 4043 quomodo
1225 3972 1279 4027 iu
1331 3972 1508 4028 tribus
1539 3972 1729 4028 diebus
1754 3982 2046 4043 peragatur

468 4067 820 4120 resurrectio.
848 4067 1041 4120 Adhuc
1075 4075 1254 4121 autem
1294 4076 1348 4121 et
1372 4067 1586 4121 tertiam
1629 4065 1770 4120 diem
1807 4064 2048 4134 appellat

469 4154 829 4224 spiritualem,
860 4158 909 4209 in
927 4172 1030 4225 qua
1066 4156 1342 4213 declarari
1368 4164 1556 4226 putant
1586 4155 1840 4210 Ecclesiae
1865 4170 2047 4210 resur-

471 4246 793 4302 rectionem.
857 4247 952 4301 llis
1000 4261 1126 4301 vero
1156 4263 1495 4316 consequens
1514 4256 1601 4302 est
1632 4258 1689 4301 ut
1726 4247 1899 4317 prima
1929 4246 2045 4303 dies

474 4338 772 4399 terrestris,
803 4338 1039 4392 secunda
1077 4337 1328 4393 animalis
1353 4338 1587 4403 dicatur,
1619 4353 1726 4392 non
1764 4336 1901 4391 facta
1938 4335 2044 4391 Ec-

474 4427 653 4482 clesia:
683 4428 1084 4483 resurrectione
1116 4428 1166 4481 in
1193 4428 1345 4496 ipsis.
1368 4428 1629 4483 Videntur
1654 4428 1905 4497 equidem
1925 4441 2046 4497 quae

2151 3319 2217 3375 ἂν
2239 3321 2268 3372 ὁ
2300 3313 2487 3386 Πατὴρ
2514 3313 2676 3377 ποιεῖ,
2724 3308 2897 3363 ταῦτα
2923 3305 3124 3377 ὁμοίως
3150 3304 3245 3358 καὶ
3283 3304 3313 3355 ὁ
3344 3302 3476 3365 Υἱὸς
3504 3302 3673 3365 ποιεῖ,
3711 3318 3730 3349 ι

2153 3409 2243 3465 τὸν
2278 3406 2489 3479 νεκρὸν,
2512 3405 2649 3475 ὅπερ
2672 3401 2733 3454 τὸ
2764 3397 2922 3470 σῶμα
2951 3392 3039 3469 ἦν,
3075 3392 3460 3468 ἐγηγερκέναι,
3495 3391 3589 3445 τοῦ
3623 3391 3736 3444 Πα-

2152 3499 2278 3573 τρδς
2305 3496 2455 3569 αύτῷ
2475 3496 2584 3569 (20)
2623 3492 2782 3548 τοῦτο
2814 3487 3193 3563 χαριζομένου,
3219 3486 3279 3540 ὃν
3305 3481 3739 3573 προηγουμένως

2152 3571 2369 3645 λεκτέον
2399 3581 2861 3657 ἐγηγερκέναιτὸν
2892 3576 3127 3652 Χριστὸν
3157 3577 3221 3630 ἐκ
3250 3573 3482 3645 νεκρῶν.
3524 3574 3581 3626 '0
3604 3571 3738 3644 μέν-

2151 3698 2298 3751 τοιγε
2324 3677 2636 3751 ’Πρακλέων
2668 3671 2750 3737 τὸ,
2788 3671 2859 3725 ἐν
2907 3670 3086 3740 τρισί,
3123 3668 3307 3740 φησὶν,
3352 3665 3477 3721 ἀντὶ
3514 3664 3632 3731 τοῦ,
3679 3664 3738 3717 ἐν

2150 3773 2331 3845 τρίτῃ,
2367 3768 2441 3841 μὴ
2474 3767 2793 3839 ἐρευνήσας,
2824 3761 3066 3830 καίτοιγε
3098 3759 3397 3829 ἐπιστήσας
3424 3755 3505 3827 τῷ
3527 3754 3640 3845 (2i)
3667 3755 3733 3809 ἐν

2152 3844 2331 3931 τρισὶ,
2349 3857 2466 3921 πῶς
2492 3858 2549 3910 ἐν
2567 3853 2744 3927 τρισὶν
2772 3850 3114 3923 ήάνάστασις
3142 3849 3447 3919 ἐνεργεῖται
3473 3844 3735 3931 ἡμέραις.

2156 3957 2275 4009 Ἔτι
2311 3953 2367 4007 δὲ
2408 3951 2501 4005 καὶ
2539 3949 2637 4020 τὴν
2677 3944 2866 4018 τρίτην
2895 3943 3027 4014 φησὶ
3054 3941 3155 4012 τὴν
3197 3938 3575 4009 πνευματικὴν
3597 3935 3739 4007 ἠμέν

2154 4062 2276 4119 ραν,
2311 4045 2368 4096 ἐν
2465 4039 2664 4093 οἴονται
2689 4029 3089 4105 δηλοῦσθαιτὴν
3117 4027 3218 4098 τῆς
3250 4026 3579 4119 Ἐκκλησίας
3607 4025 3742 4119 ἀνςὲ.

2154 4113 2363 4190 στασιν.
2399 4129 2615 4184 Τούτων
2647 4127 2705 4181 δὲ
2739 4121 3026 4179 ἀκόλουθόν
3051 4122 3167 4173 ἐστι
3192 4117 3420 4191 πρώτην
3456 4117 3637 4187 λέγειν
3660 4113 3740 4170 εἷ-

2153 4247 2240 4284 ναι
2256 4226 2353 4298 τὴν
2368 4222 2555 4296 χοῖκὴν
2582 4223 2616 4291 ἡ
2624 4220 2690 4291 μέ
2699 4234 2815 4291 ραν,
2841 4215 2937 4269 καὶ
2949 4212 3047 4285 τὴν
3062 4211 3322 4282 δευτέραν
3344 4208 3443 4280 τὴν
3475 4207 3737 4279 ψυχικὴν,

2152 4322 2212 4376 ού
2252 4315 2623 4389 γεγενημένης
2650 4311 2751 4382 τῆς
2790 4306 3137 4366 ἀναστάσεως
3168 4300 3267 4371 τῆς
3305 4299 3635 4372 Ἐκκλησίας
3681 4301 3740 4353 ἐν

2152 4415 2362 4476 αὑταῖς.
2403 4410 2587 4462 Ἕοικε
2621 4404 2716 4475 μὲν
2755 4401 2935 4455 τοίνυν
2984 4398 3053 4452 τὰ
3088 4397 3193 4451 ὑπὸ
3222 4396 3331 4449 τῶν
3361 4395 3421 4447 ἐν
3458 4394 3540 4465 τῷ
3592 4392 3742 4446 κατὰ

472 4521 678 4589 scripta
707 4521 910 4575 suntin
943 4520 1234 4590 Evangelio
1282 4522 1581 4576 secundum
1632 4519 1940 4576 Mattitzeum
1990 4528 2038 4574 el

2157 4504 2431 4562 Ματθαῖον
2446 4499 2541 4554 καὶ
2560 4497 2785 4569 Μάρκον
2802 4488 3267 4590 ἀναγεγραμμένα
3282 4484 3602 4590 Εύαγγελὶῳ
3620 4482 3739 4555 (22)

473 4610 716 4667 Marcum
742 4613 809 4667 de
847 4611 1003 4667 falsis
1032 4612 1282 4678 tesaibus,
1328 4612 1380 4666 in
1411 4612 1518 4668 ﬁne
1564 4610 1843 4680 Evangelii
1876 4625 2042 4666 accu-

472 4705 726 4762 santibus
756 4704 1043 4760 Dominqu
1081 4714 1326 4761 nostrum
1349 4702 1532 4759 Jesutn
1570 4702 1870 4767 Christum,
1902 4702 2045 4756 rela-

476 4794 675 4850 tionem
704 4795 906 4849 habere
939 4794 1005 4848 ad
1039 4794 1167 4849 illud
1198 4809 1210 4843 :
1253 4813 1272 4846 ι
1296 4793 1568 4848 Destruite
1619 4776 1878 4859 templum
1917 4790 2044 4853 hoc,

470 4895 525 4940 et
549 4900 650 4954 ego
677 4886 730 4940 in
766 4887 943 4942 tribus
969 4886 1160 4942 diebus
1187 4885 1394 4956 erigam
1424 4884 1582 4938 illud.
1616 4902 1634 4935 ι
1672 4882 1767 4935 ille
1803 4881 1947 4936 enim
1976 4880 2043 4934 de

472 4980 672 5049 templo
719 4980 964 5049 corporis
1015 4980 1097 5034 sui
1132 4978 1345 5033 dicebat
1372 5018 1388 5043 ,
1447 4992 1569 5046 qua:
1600 4974 1671 5029 illi
1705 4974 2048 5043 suspicantes

473 5074 540 5124 dc
561 5087 626 5126 eo
657 5071 853 5140 templo
881 5072 986 5128 dici
1010 5075 1156 5144 quod
1178 5088 1240 5129 ex
1268 5070 1540 5141 lapidibus
1566 5065 1893 5121 aedificatum
1932 5062 2049 5118 fue-

2149 4583 2608 4670 ψευδομαρτύρων
2643 4588 2779 4660 πρὸς
2804 4584 2883 4655 τῷ
2901 4584 3047 4638 τέλει
3070 4580 3164 4635 τοῦ
3197 4579 3538 4670 Εὐαγγελίου
3567 4592 3741 4670 κατη-

2150 4669 2456 4762 γορούντων
2480 4681 2572 4736 τοῦ
2596 4679 2802 4751 Κυρίου
2829 4676 2987 4749 ἡμῶν
3018 4671 3192 4746 Ἰησοῦ
3218 4670 3459 4762 Χριστοῦ
3490 4669 3587 4742 τὴν
3608 4669 3740 4762 exva.-

2152 4758 2325 4852 (ροράν
2351 4776 2494 4847 ἔχειν
2517 4772 2610 4825 ἐπὶ
2642 4770 2722 4824 τό*
2765 4787 2784 4819 ι
2822 4766 3038 4821 Λύσατε
3069 4765 3160 4818 τὸν
3183 4763 3307 4817 ναὸν
3337 4761 3551 4823 τοῦτον,
3579 4758 3741 4828 κάγώ

2152 4876 2209 4926 ἐν
2243 4869 2420 4943 τρισὶν
2462 4864 2695 4938 ἡμέραις
2742 4859 2920 4931 ἐγερῶ
2955 4856 3134 4911 αὐτόν·
3184 4875 3205 4907 ι
3240 4856 3269 4908 ὁ
3303 4854 3405 4926 μὲν
3440 4854 3550 4925 γάρ
3582 4853 3739 4921 ἐλεγε

2152 4964 2282 5036 περὶ
2309 4961 2400 5015 τοῦ
2425 4958 2550 5012 ναοῦ
2589 4953 2684 5009 τοῦ
2720 4951 2970 5022 σώματος
2994 4948 3182 5012 αὑτοῦ,
3218 4948 3268 5000 οἱ
3300 4947 3345 4999 δ’
3381 4944 3738 5007 ὑπονοοῦντες

2156 5034 2284 5128 περὶ
2311 5052 2404 5108 τοῦ
2444 5053 2509 5105 ἐκ
2535 5047 2697 5102 λίθων
2740 5042 3183 5115 οἰκοδομηθέντος
3211 5038 3340 5093 ναοῦ
3386 5036 3643 5108 λέγεσθαι
3672 5034 3745 5088 τά

542 5235 589 5267 ⁵³
628 5236 787 5293 Rom.
823 5256 894 5306 \'t,
921 5241 974 5295 4.
1050 5241 1098 5273 ⁸³
1130 5239 1148 5293 1
1180 5240 1287 5295 Cor
1331 5253 1421 5302 xv,
1463 5234 1535 5289 εξ
1586 5245 1741 5303 seqq.
1812 5228 1863 5265 “
1888 5230 2038 5288 Joan.

2175 5229 2262 5282 i7.
2337 5223 2426 5276 M‘l
2458 5221 2585 5276 Cor.
2619 5231 2710 5281 xv,
2741 5211 2827 5267 l5.
2906 5210 2952 5243 “
2978 5207 3135 5264 Joan.
3169 5222 3226 5270 v,
3249 5203 3342 5259 19.
3418 5202 3465 5235 ⁸⁷
3502 5199 3634 5257 ibid.

542 5375 656 5445 (l7)
691 5376 814 5445 Οὐκ
846 5372 1030 5441 ἀρκεῖ.
1066 5374 1145 5428 Ita
1176 5372 1317 5427 idem
1348 5370 1518 5426 codex
1553 5366 1912 5434 Bodleiauus;
1945 5365 2044 5422 Re-

471 5445 519 5513 gi
530 5461 612 5507 ns,
640 5444 701 5498 ού
734 5444 915 5513 κάκεῖ.

542 5505 657 5583 (18)
698 5514 809 5583 Καὶ
876 5512 993 5566 ὅτε.
1048 5511 1140 5567 Sic
1192 5511 1363 5566 codex
1419 5508 1788 5574 Bodleianus;
1852 5505 2054 5577 Regius
2102 5533 2105 5536 -

474 5582 660 5638 omisit
692 5582 807 5637 καί.

548 5652 661 5724 (19)
704 5648 842 5706 olor
857 5649 1371 5724 ‘td._Scribentlum
1387 5650 1626 5724 ὀῖοιρτᾳι.

526 5717 663 5846 .0260}
716 5721 903 5786 Αὐτῷ.
969 5719 1061 5777 Sic
1137 5721 1305 5774 codex
1384 5720 1750 5785 Burneianus;
1812 5717 2050 5789 Regius,

480 5811 578 5844 αυτ
620 5831 633 5846 ο

2253 5364 2347 5426 2|)
2391 5359 2496 5426 Τῷ.
2531 5357 2624 5413 Sic
2650 5354 2821 5426 codex
2864 5343 3486 5426 Biidl_eian_us§-l}egius,
3633 5410 3647 5426 g

2253 5365 2314 5418 2|
2391 5364 2496 5426 Τῷ.
2531 5364 2624 5413 Sic
2650 5364 2821 5409 codex
2865 5364 3219 5409 Budtetauus;
3262 5364 3486 5413 negtus,
3516 5364 3595 5394 το.
3633 5410 3647 5422 .

2252 5364 2347 5503 22;
2385 5426 2748 5503 Εὺατγελιφλ
2794 5423 2872 5476 ita
2904 5413 3740 5503 codexparile-ianusiliegtuﬁ

2160 5485 2676 5569 riualis,lEiiayy'é').tq,
2698 5485 2977 5569 Caeterum
3004 5487 3231 5569 distorta
3275 5486 3393 5538 tunc
3437 5491 3744 5569 sunt-,"qnze

2158 5551 2675 5636 Si'é,".if5.i.‘.6mii
2711 5558 3265 5636 llttctius,_dit_-i_ger1da
3310 5563 3471 5636 erant
3509 5551 3744 5636 ὶςξίοικε

2294 5620 2588 5714 ⁷τά
2629 5631 2808 5714 ἐν’-τῷ
2859 5620 3004 5714 κατὰ
3049 5620 3326 5714 Ματθαξον

2161 5694 2630 5782 ἀναγεγραμμένα
2680 5694 2996 5771 Εύςὶγγελίῳ
3032 5699 3159 5769 περὶ
3201 5694 3308 5748 τῶν
3365 5694 3744 5765 ψευδομαρτύ-

2170 5801 2301 5855 ρων,
2328 5798 2425 5838 ιτιικ
