3826 6534
483 359 591 416 579

1956 360 2276 420 ORIGENIS

3645 364 3742 418 580

481 477 713 544 homini,
751 478 848 535 sed
891 479 1118 536 Domino
1176 480 1286 537 Deo
1327 481 1578 538 adiﬁcat.
1626 480 1934 552 Prmparavi
1978 480 2035 536 ill

2159 479 2389 550 δύναμιν
2415 478 2692 552 ἡτοίμακα
2719 481 2800 546 είς
2830 473 2979 534 οἷκον
3009 479 3145 534 Θεοῦ
3175 495 3278 551 μου
3303 478 3556 552 χρυσίον,
3585 481 3745 552 ἀργύο

479 587 580 642 pro
617 571 824 628 viribus
850 573 986 629 meis
1020 574 1086 629 ad
1107 573 1329 629 domum
1361 573 1455 630 Dei
1485 574 1587 629 mei
1609 575 2054 635 construendum,

480 680 702 732 aurum,
733 677 1045 736 argentum,
1099 681 1174 721 aes
1203 675 1259 720 et
1291 665 1520 732 ferrum,
1557 666 1761 737 lignum
1783 707 1800 734 ,
1852 665 2058 735 lapides

481 756 672 827 30cm,
704 768 762 815 et
783 759 1158 828 plenitudinis,
1205 759 1518 829 lapidesque
1567 768 1953 828 sumptuosos,
2002 766 2058 812 et

481 853 688 919 varios,
725 862 781 908 et
812 866 1030 909 omnem
1053 851 1289 922 lapidem
1320 852 1621 923 pretiosum
1655 891 1673 918 ,
1734 859 1789 904 et
1832 849 2052 904 Parium

483 945 732 1003 multum.
779 945 971 1000 Adhuc
1018 946 1212 1010 etiam,
1271 954 1331 1001 ut
1383 943 1782 1013 complacerem
1811 944 1862 998 in
1895 943 2056 998 domo

485 1036 579 1091 Dei
627 1037 756 1100 mei,
819 1046 906 1092 est
957 1037 1112 1102 mihi,
1167 1037 1310 1106 quod
1377 1036 1687 1106 acquisivi,
1735 1051 1928 1090 aurum
2001 1045 2056 1090 et

481 1137 764 1199 argentum
795 1147 811 1185 :
840 1137 896 1184 et
923 1144 1052 1183 cccc
1087 1129 1207 1183 dedi
1241 1129 1293 1182 in
1319 1127 1541 1182 domum
1575 1127 1666 1182 Dei
1707 1127 1808 1180 mei
1848 1127 1898 1179 in
1931 1125 2056 1180 alti-

481 1219 726 1274 tudinem
761 1237 775 1274 :
807 1235 872 1274 ex
916 1226 993 1272 tot
1020 1218 1320 1288 prmparavi
1375 1217 1428 1271 in
1475 1219 1692 1298 domum
1741 1227 2054 1270 sanctorum

481 1311 582 1366 tria
617 1311 786 1366 millia
818 1311 1144 1366 talentorum
1176 1311 1296 1365 auri
1345 1325 1412 1365 ex
1468 1309 1696 1380 Suphir,
1743 1319 1798 1363 et
1845 1318 2052 1379 septem

479 1407 644 1461 millia
693 1407 1018 1461 talentorum
1060 1407 1272 1477 argenti
1308 1404 1564 1477 probati,
1615 1413 1672 1458 ut
1719 1405 2054 1459 incrustetur

473 1512 539 1550 ex
573 1498 705 1568 ipsis
736 1497 927 1553 domus
959 1497 1051 1552 Dei
1087 1511 1186 1568 per
1216 1512 1417 1552 manus
1445 1496 1742 1551 artiﬁcum.
1777 1516 1796 1550 ι
1835 1495 2052 1569 Regna-

472 1590 550 1643 vit
601 1590 746 1644 enim
789 1588 958 1644 David
997 1589 1158 1644 annis
1194 1599 1403 1659 septem
1452 1589 1505 1643 in
1562 1588 1801 1653 Hebron,
1841 1599 1897 1645 et
1951 1591 2048 1644 tria

473 1695 634 1750 supra
663 1681 884 1750 triginta
911 1680 964 1734 in
996 1679 1299 1736 Jerusalem
1324 1679 1390 1732 ⁸⁷.
1417 1677 1598 1746 Quare
1629 1680 1672 1734 si
1704 1680 1902 1750 poterit
1927 1681 2050 1750 quis

471 1769 762 1825 ostendere
809 1769 1136 1841 principium
1171 1770 1582 1841 praeparationis
1627 1770 1810 1840 templi
1845 1770 2045 1836 fuisse,

2162 586 2298 641 ριον,
2339 568 2556 639 χαλκὸν,
2601 573 2693 624 καὶ
2736 571 2978 642 σίδηρον,
3023 569 3202 636 ξύλον,
3240 569 3425 633 λίθους
3459 570 3627 642 Σοὸμ,
3658 574 3740 626 καὶ

2160 659 2515 732 πληρώσεως,
2555 662 2650 714 καὶ
2681 662 2864 726 λίθους
2895 661 3210 724 πολυτελεῖς
3262 661 3398 730 (55),
3447 660 3544 714 καὶ
3577 663 3742 715 ποικί-

2157 752 2301 816 λους,
2335 754 2429 806 κα),
2456 753 2632 807 πάντα
2657 753 2802 808 λίθον
2831 754 3033 825 τίμιον,
3069 753 3165 806 καὶ
3193 751 3398 824 Πάριον
3430 751 3588 806 πολύ.
3631 753 3738 806 Ἔτι

2157 846 2214 897 ὲν
2240 844 2316 916 τῷ
2345 845 2631 918 εύδοκῆσαί
2657 863 2724 917 με
2755 849 2814 900 έν
2843 847 2978 917 οἴκῳ
3008 844 3144 898 Θεοῦ
3183 863 3306 916 μου,
3336 845 3452 898 ἐστι
3480 862 3570 916 μοι
3599 844 3628 896 ὃ
3655 861 3735 897 πε-

2159 938 2520 1010 ριπεποίημαι
2554 939 2794 1010 χρυσίον,
2828 940 2924 992 καὶ
2955 937 3239 1010 ἀργύριονο
3276 937 3372 990 καὶ
3397 937 3508 990 ίδοὺ
3545 936 3738 989 δέδωκα

2154 1031 2236 1093 είς
2252 1025 2406 1082 οἷκον
2429 1031 2633 1100 Κυρίου
2654 1048 2754 1102 μου
2777 1033 2856 1094 είς
2880 1031 3032 1101 ὕψος·
3064 1033 3128 1083 ὲκ
3145 1029 3318 1084 τόσων
3343 1029 3622 1100 ήτοίμασα
3638 1027 3735 1097 (54)

2155 1123 2234 1184 είς
2255 1122 2343 1174 τὸν
2365 1139 2392 1174 ο
2418 1139 2511 1175 κον
2531 1123 2640 1175 τῶν
2661 1123 2830 1191 ἁγίων
2849 1122 3120 1194 τρισχίλια
3133 1122 3372 1176 τάλαντα
3400 1120 3630 1192 χρυσίου
3649 1119 3734 1173 τοῦ

2153 1215 2218 1266 ὲκ
2254 1214 2504 1286 Σουςρεὶρ,
2540 1216 2634 1269 καὶ
2672 1216 3056 1286 ἑπτακισχίλια
3089 1215 3326 1268 τάλαντα
3365 1214 3634 1286 ἀργυρίου
3660 1212 3736 1266 δο-

2153 1306 2336 1377 κίμου,
2361 1307 2716 1378 ὲπαλειφῆναι
2745 1309 2801 1362 ἐν
2824 1308 3144 1371 αὐτοῖςτοὺς
3166 1307 3350 1370 οἴκους
3373 1305 3468 1358 τοῦ
3494 1303 3632 1358 Θεοῦ
3656 1304 3734 1358 διὰ

2152 1393 2330 1464 χειρὸς
2347 1395 2620 1464 τεχνιτῶν.
2653 1416 2671 1448 ι
2723 1396 3068 1449 Ἐϐασίλευσε
3095 1397 3203 1468 γάρ
3225 1398 3253 1450 ὁ
3284 1395 3448 1448 Δαυῒδ
3481 1394 3623 1447 έπτά
3646 1393 3732 1465 ἔτη

2150 1485 2208 1536 έν
2241 1485 2486 1556 Χεϐρὼν,
2516 1487 2610 1539 καὶ
2633 1487 2712 1556 λγ¹
2735 1489 2791 1540 έν
2827 1487 3201 1560 Ἰερουσαλήμ.
3256 1487 3382 1540 Ἐἀν
3407 1481 3502 1539 οὖν
3535 1484 3728 1556 δυνηθῇ

2151 1575 2429 1640 ἀποδεῖξαι
2458 1575 2554 1647 τὴν
2601 1577 2772 1650 ἀρχὴν
2815 1579 2915 1647 τῆς
2954 1577 3201 1650 περὶτοῦ
3238 1576 3370 1632 ναοῦ
3395 1577 3730 1647 κατασκευῆς

2147 1669 2427 1737 γεγονέναι
2459 1670 2779 1738 συνάγοντος
2808 1671 2972 1725 αὑτοῦ
3003 1670 3100 1742 τὴν
3127 1671 3438 1742 ἐπιτήδειον
3473 1669 3608 1739 ῦλην
3634 1670 3732 1722 ἀπὸ

2147 1760 2240 1813 τοῦ
2265 1766 2304 1811 ε’
2333 1761 2523 1831 χρόνου
2548 1763 2644 1832 τῆς
2676 1762 2954 1832 βασιλείας
2983 1763 3170 1828 αὑτοῦ,
3211 1763 3504 1835 δυνήσεται
3553 1763 3731 1833 βιασά-

470 1861 757 1933 colligente
788 1878 853 1919 eo
903 1864 1189 1918 materiam
1241 1863 1658 1918 convenientem
1715 1879 1744 1918 a
1805 1872 2035 1933 tempan

2157 1869 2312 1923 μενος
2365 1854 2492 1924 περὶ
2534 1853 2643 1922 (53)
2673 1852 2780 1905 τῶν
2814 1860 2909 1924 pg’
2933 1853 3070 1906 ἐτῶν
3099 1850 3296 1908 είπεῖν.
3345 1853 3543 1917 Ἀλλος
3575 1853 3632 1907 δέ
3655 1871 3731 1916 τις

468 1952 644 2022 quinti
699 1953 827 2008 anni
873 1954 1028 2024 regni
1073 1953 1182 2018 sui,
1214 1953 1435 2022 poterit.
1479 1955 1523 2009 si
1556 1963 1830 2023 urgeatur,
1866 1955 2049 2010 dicere

467 2045 538 2099 de
580 2045 942 2115 quadraginta
999 2061 1094 2100 sex
1147 2046 1327 2100 annis.
1390 2045 1545 2101 Alius
1591 2061 1720 2101 vero
1776 2047 2043 2116 quispiam

475 2137 623 2192 dicet
649 2137 908 2208 templum
966 2136 1109 2204 quod
1165 2138 1488 2202 ostenditur,
1531 2154 1636 2194 non
1691 2153 1810 2194 esse
1850 2139 1978 2193 illud
2013 2155 2043 2192 a

468 2228 762 2285 Salomone
799 2238 1162 2296 exstructum,
1205 2245 1327 2284 nam
1370 2246 1618 2286 eversum
1662 2229 1760 2286 fuit
1797 2246 1828 2286 e
1869 2231 2046 2301 capti-

464 2321 647 2376 vitatis
702 2321 1040 2392 temporibus
1091 2321 1160 2387 ⁸³,
1215 2323 1310 2378 sed
1372 2324 1514 2393 quod
1567 2323 1765 2378 Esdras
1802 2324 2042 2378 aediﬁca-

463 2413 607 2468 verit
635 2414 679 2447 ³⁹
715 2431 731 2478 ;
769 2415 836 2470 de
879 2429 988 2485 quo
1021 2428 1128 2470 non
1187 2429 1472 2485 possumus
1523 2426 1707 2486 aperte
1755 2418 2042 2473 ostendere

461 2505 760 2563 orationem
802 2523 931 2563 vera
982 2519 1296 2565 narrantem
1331 2509 1400 2564 de
1440 2509 1797 2578 quadraginta
1852 2519 1906 2564 et
1945 2524 2039 2564 sex

461 2599 642 2654 annis.
673 2599 915 2668 Apparet
941 2600 1109 2656 etiam
1142 2601 1283 2670 apud
1315 2599 1660 2655 Machahaica
1714 2600 1760 2633 °°
1811 2600 2036 2655 multam

462 2689 911 2759 inconstantiam,
975 2701 1034 2748 et
1091 2691 1468 2748 confusionem
1513 2691 1867 2768 luisse/circa
1903 2705 2039 2750 tem-

458 2780 627 2850 plum,
679 2792 734 2837 et
787 2782 933 2839 circa
986 2784 1275 2854 populum;
1327 2794 1378 2840 et
1430 2784 1572 2838 haud
1603 2785 1738 2849 scio,
1787 2801 1854 2840 an
1910 2795 2038 2842 tunc

456 2873 844 2930 reaadilicatum
893 2876 1058 2932 fuerit
1117 2887 1197 2933 tot
1255 2876 1435 2932 annis.
1505 2877 1650 2933 Sane
1709 2877 2032 2947 Hcracleon,

455 2962 616 3033 202
673 2979 742 3020 ne
789 2965 1036 3035 inspecta
1093 2965 1310 3036 quidem
1355 2966 1628 3031 historia,
1687 2965 2033 3022 Salomonem

455 3055 632 3126 inquit
653 3057 1014 3127 quadraginta
1044 3067 1098 3112 et
1118 3072 1215 3112 sex
1242 3057 1400 3111 annis
1420 3056 1722 3113 aediﬁcasse
1747 3058 2030 3128 templum,

453 3149 598 3217 quod
632 3157 756 3204 erat
785 3148 963 3220 imago
988 3146 1296 3206 Servatoris
1326 3167 1340 3204 :
1370 3165 1436 3205 ac
1484 3165 1580 3206 sex
1634 3166 1918 3206 numerum
1962 3151 2030 3206 ad

454 3241 787 3307 materiam,
820 3242 871 3295 id
907 3253 993 3297 est
1039 3243 1106 3297 ad
1156 3242 1498 3298 elfectionem
1553 3242 1755 3310 refert;
1791 3243 2031 3313 quadra-

451 3335 598 3403 ginta
633 3343 815 3388 autem
851 3349 1162 3402 numerum,
1209 3336 1303 3405 qui
1337 3346 1441 3400 est,
1489 3337 1696 3406 inquit,
1745 3339 2032 3407 quaternio

450 3425 693 3497 copulari
728 3425 964 3492 nescius,
992 3427 1060 3481 ad
1089 3427 1508 3483 insuﬂlationetn
1542 3443 1838 3499 semenque
1861 3428 2032 3484 insul-

451 3517 712 3575 llationis.
747 3517 827 3574 Tu
884 3531 1016 3574 vero
1064 3519 1184 3574 vide
1234 3537 1361 3575 num
1409 3521 1584 3591 possis
1639 3521 1891 3593 accipere
1935 3536 2033 3592 per

449 3609 942 3681 quadragenarium
967 3626 1250 3667 numerum
1269 3625 1502 3683 quatuor
1521 3613 1787 3669 elementa
1818 3614 2027 3682 numdi,

450 3716 571 3770 quae
636 3711 914 3772 ponuntur
968 3703 1021 3758 in
1081 3705 1294 3775 angulis
1321 3706 1534 3775 templi;
1589 3721 1688 3777 per
1747 3707 2028 3763 senarium

448 3807 598 3858 vero,
632 3795 908 3850 hominem
931 3807 1086 3852 sexta
1121 3797 1210 3854 die
1234 3796 1461 3854 factum.

518 3883 612 3938 25.
649 3903 668 3936 ι
700 3885 769 3940 At
797 3885 887 3941 ille
916 3885 1136 3942 dicebat
1163 3888 1230 3943 de
1263 3888 1463 3958 templo
1487 3891 1732 3959 corporis
1762 3890 1865 3946 sui.
1891 3889 2024 3945 Cum

442 3989 576 4048 ergo
607 3979 847 4034 surrexit
893 3993 924 4034 e
962 3981 1230 4046 mortuis,
1277 3982 1546 4038 recordati
1595 3991 1724 4038 sunt
1771 3983 2024 4052 discipuli

441 4066 562 4138 ejus
593 4070 738 4138 quod
784 4069 890 4124 hoc
937 4070 1183 4136 dixisset,
1226 4081 1280 4126 et
1323 4071 1672 4128 crediderunt
1701 4072 2022 4142 Scriptum,

442 4168 499 4213 et
527 4161 763 4215 sermoni
790 4175 950 4230 quem
987 4161 1201 4216 dixerat
1231 4161 1388 4218 Jesus
1415 4163 1484 4228 “,
1515 4181 1534 4216 ι
1585 4179 1777 4234 nempe
1827 4180 2024 4234 corpus

444 4249 568 4306 Filii
602 4253 786 4308 vocari
826 4253 1086 4324 templum
1117 4255 1256 4324 ejus.
1303 4256 1540 4322 Quaesitu
1575 4265 1760 4311 autem
1794 4257 2022 4327 dignum

443 4351 528 4397 est
556 4341 948 4412 simpliciterne
990 4344 1087 4398 hoc
1122 4337 1501 4416 accipiendum
1550 4347 1641 4410 sit,
1678 4361 1745 4400 an
1793 4356 2022 4400 conten-

442 4431 676 4487 dendum
731 4433 804 4487 sit
857 4433 1070 4505 singula
1133 4452 1254 4506 quae
1305 4437 1373 4492 de
1425 4437 1629 4506 templo
1687 4438 2019 4505 scribuntur,

2149 1944 2266 2011 ἐρεῖ
2289 1943 2380 1996 τὸν
2409 1943 2758 2014 δεικνύμενον
2793 1944 2868 2016 μὴ
2898 1945 2990 1997 τὸν
3024 1945 3129 1998 ὑπὸ
3164 1943 3511 2015 Σολομῶντος
3545 1944 3735 2015 ᾠκοδο-

2151 2035 2394 2106 μημένον
2427 2029 2586 2097 εἶναι,
2630 2037 2838 2090 ἐκεῖνον
2871 2035 2979 2109 γάρ
3011 2036 3418 2108 κατεστράφθαι
3460 2037 3574 2106 (56)
3601 2034 3732 2089 κατά

2145 2127 2272 2188 τοὺς
2294 2125 2395 2196 τῆς
2423 2127 2800 2196 αίχμαλωσίας
2827 2128 3074 2199 χρόνους,
3107 2127 3241 2180 ἀλλά
3281 2127 3374 2180 τὸν
3409 2127 3506 2179 ἐπὶ
3533 2125 3734 2196 Ἕσδρᾳ

2142 2217 2582 2289 οἰκοδομηθένταο
2631 2220 2757 2290 περὶ
2787 2212 2847 2273 οὗ
2877 2220 2978 2272 οὐκ
3030 2219 3225 2290 ἔχομεν
3256 2218 3471 2291 τρανῶς
3499 2219 3591 2271 τὸν
3630 2217 3732 2269 τῶν

2141 2311 2548 2382 τεσσαράκοντα
2589 2313 2684 2366 καὶ
2715 2311 2774 2377 ἒξ
2821 2313 2958 2366 ἐτῶν
3003 2312 3285 2379 ἀποδεῖξαι
3336 2311 3734 2384 ἀληθευόμενον

2141 2399 2316 2470 λόγον.
2349 2403 2531 2454 Ἐοικε
2553 2401 2609 2455 δὲ
2639 2403 2732 2456 καὶ
2766 2403 2908 2456 κατά
2945 2403 3014 2456 τά
3044 2402 3422 2456 Μακκαϐαῖκά
3449 2402 3620 2471 πολλή
3653 2419 3733 2464 τις

2140 2493 2518 2547 ἀκαταστασία
2562 2494 2840 2562 γεγονέναι
2888 2496 3016 2565 περ).
3054 2493 3146 2548 τὸν
3167 2495 3295 2548 λαὸν
3335 2496 3431 2548 καὶ
3463 2493 3556 2546 τὸν
3587 2493 3730 2547 ναόν·

2139 2585 2235 2638 καὶ
2267 2586 2367 2639 οὐκ
2393 2580 2510 2639 οῖδα
2535 2584 2587 2638 εί
2613 2603 2742 2639 ποτε
2771 2586 3164 2658 ἀνῳκοδομήθη
3195 2587 3472 2651 τοσούτοις
3506 2587 3681 2640 ἔτεσιν
3706 2587 3734 2639 ὁ

2139 2677 2284 2741 ναός.
2337 2679 2396 2732 '0
2446 2679 2697 2749 μέντοιγε
2756 2680 3088 2750 Ἡρακλέων,
3138 2680 3273 2750 μηδὲ
3324 2681 3629 2751 ἐπιστήσας
3665 2681 3729 2749 τῇ

2139 2766 2371 2840 ἱστορίᾳ,
2409 2769 2542 2839 φησὶ
2585 2768 2676 2821 τὸν
2726 2767 3048 2840 Σολομῶντα
3076 2769 3492 2841 τεσσαράκοντα
3538 2773 3635 2826 καὶ
3676 2772 3734 2836 ἓξ

2135 2857 2280 2911 ἔτεσι
2305 2857 2872 2912 κατεσκευακέναιτὸν
2899 2859 3046 2921 ναὸν,
3066 2858 3248 2911 εἰκόνα
3275 2861 3618 2929 τυγχάνοντα
3639 2860 3731 2913 τοῦ

2135 2947 2410 3019 Σωτῆροςο
2448 2949 2544 3002 καὶ
2573 2948 2662 3002 τὸν
2698 2948 2753 3013 ς’
2796 2948 3028 3020 ἀριθμὸν
3055 2951 3134 3012 είς
3167 2949 3266 3020 τὴν
3303 2949 3460 3020 ὕλην,
3486 2952 3731 3004 τουτέστι

2132 3040 2194 3093 τὸ
2224 3040 2447 3111 πλάσμα
2493 3040 2773 3113 ἀναφέρει·
2807 3041 2955 3095 τόνδε
2982 3041 3091 3094 τῶν
3122 3043 3557 3112 τεσσαράκοντα,
3588 3043 3617 3096 ὃ
3647 3060 3732 3098 τε·

2135 3133 2270 3206 τράς
2296 3134 2433 3198 ἐστι,
2468 3133 2652 3205 φησὶν,
2684 3135 2717 3205 ἡ
2769 3133 3168 3206 ἀπρόσπλοκος,
3198 3135 3278 3197 είς
3311 3135 3373 3187 τὸ
3401 3135 3728 3206 ὲμφύσημα,

2137 3223 2311 3276 καὶτὸ
2343 3225 2400 3276 ὲν
2432 3222 2508 3294 τῷ
2536 3225 2888 3294 ὲμφυσήματι
2913 3223 3158 3295 σπέρμα.
3180 3224 3322 3296 Ὀρα
3345 3225 3402 3278 ξε
3427 3227 3476 3278 εἰ
3504 3224 3729 3278 δυνατὸν

2134 3315 2226 3368 τὸν
2257 3315 2356 3386 μὲν
2392 3321 2442 3386 μ’
2483 3315 2571 3368 διὰ
2620 3314 2689 3368 τά
2720 3315 2966 3388 τέσσαρα
3005 3314 3098 3368 τοῦ
3145 3316 3355 3387 κόσμου
3388 3319 3629 3387 στοιχεῖα
3673 3315 3730 3369 έν

2133 3409 2244 3469 τοῖς
2265 3407 2660 3477 ἠγωνισμένοις
2686 3405 2796 3476 (57)
2819 3408 2899 3468 είς
2932 3406 3024 3458 τὸν
3049 3405 3175 3458 ναὸν
3199 3405 3729 3476 ἐγκατατασσόμενα

2133 3498 2451 3570 λαμϐάνεινο
2472 3498 2564 3552 τὸν
2598 3498 2654 3552 δὲ
2686 3505 2738 3563 ς’
2765 3499 2853 3552 διὰ
2879 3498 2940 3550 τὸ
2965 3501 3029 3569 τῇ
3062 3498 3198 3570 ἕκτῃ
3222 3496 3410 3569 ἡμέρᾳ
3446 3496 3729 3567 γεγονέναι

2131 3592 2224 3646 τὸν
2257 3591 2567 3664 ἄνθρωπον.

2195 3899 2286 3953 25.
2325 3917 2344 3949 ι
2391 3898 2626 3962 Ἐκεῖνος
2650 3898 2706 3951 δὲ
2736 3898 2887 3968 ἔλεγε
2923 3898 3166 3970 περὶτοῦ
3193 3899 3324 3953 ναοῦ
3350 3899 3445 3952 τοῦ
3468 3897 3726 3970 σώματος

2126 3988 2312 4044 αὑτοῦ.
2340 3991 2468 4042 Ὅτε
2505 3985 2598 4043 οὖν
2639 3989 2844 4061 ἠγέρθη
2893 3992 2957 4044 ὲκ
2998 3990 3229 4055 νεκοῶν,
3265 3991 3620 4062 ἐμνήσθησαν
3671 3991 3722 4043 oi

2129 4080 2371 4151 μαθηταὶ
2405 4079 2593 4144 αὑτοῦ,
2631 4081 2713 4133 ὃτι
2737 4079 2895 4134 τοῦτο
2941 4077 3113 4150 ἔλεγε,
3150 4093 3244 4134 και
3283 4081 3618 4150 ἐπίστευσαν
3652 4084 3722 4152 τῇ

2124 4174 2336 4244 Γραφῇ,
2365 4175 2459 4227 καὶ
2482 4173 2560 4244 τῷ
2601 4173 2764 4244 λόγῳ,
2796 4173 2852 4226 ὃν
2878 4169 3030 4228 εἶπεν
3062 4179 3090 4230 ό
3132 4175 3341 4247 Ἰησοῦς
3381 4196 3399 4229 ι
3439 4177 3517 4238 είς
3552 4175 3618 4228 τὸ
3643 4177 3726 4230 ὃτι

2122 4265 2183 4318 τὸ
2215 4264 2371 4335 σῶμα
2413 4266 2525 4336 (58)
2554 4263 2648 4318 τοῦ
2696 4265 2825 4318 Υίοῦ
2854 4267 2984 4330 ναὸς
3016 4267 3181 4321 αὑτοῦ
3207 4267 3444 4339 εἴρηται.
3476 4267 3727 4339 Ζητῆσαι

2122 4357 2178 4410 δὲ
2204 4357 2353 4422 ἄξιον
2382 4359 2608 4430 πότερον
2631 4358 2996 4428 ἁπλούστερον
3025 4360 3182 4414 τοῦτο
3199 4360 3500 4431 ὲκληπτέον
3518 4360 3660 4430 (59),
3687 4359 3724 4431 ἢ

2123 4449 2350 4503 ἕκαστον
2371 4450 2480 4503 τῶν
2502 4450 3006 4522 ἀναγεγραμμένων
3032 4451 3270 4522 περὶτοῦ
3292 4452 3423 4506 ναοῦ
3441 4453 3730 4522 φιλοτιμη-

443 4519 650 4577 referre
690 4525 758 4578 ad
806 4539 1110 4582 sermonem
1169 4529 1234 4582 de
1285 4541 1518 4596 corpore
1546 4526 1710 4595 Jesu,
1767 4530 2021 4585 videlicet

2159 4543 2246 4596 έον
2269 4543 2491 4612 ἀνάγειν
2515 4545 2593 4608 είς
2616 4519 2860 4616 τὸν-’περὶ
2891 4544 2986 4598 τοῦ
3018 4519 3272 4616 σώματος
3315 4519 3491 4617 Ἰησοῦ
3535 4519 3726 4615 λόγον,

439 4614 582 4683 quod
613 4614 730 4686 ipse
755 4632 822 4672 ex
862 4615 1082 4688 Virgine
1127 4621 1380 4690 sumpsit,
1435 4619 1521 4674 vel
1572 4622 1640 4676 ad
1693 4620 2012 4688 Ecclesiam,

438 4719 560 4775 quae
585 4704 701 4775 ipsa
729 4707 893 4763 etiam
927 4723 1126 4780 corpus
1154 4709 1357 4766 Christi
1399 4711 1623 4779 dicitur,
1658 4720 1713 4766 et
1742 4712 1812 4767 ob
1853 4728 2018 4782 quam

439 4815 539 4855 nos
559 4799 723 4854 etiam
747 4801 993 4856 membra
1021 4802 1192 4872 ipsius
1221 4801 1428 4858 Christi
1461 4805 1604 4874 apud
1630 4805 1952 4874 Apostolum
1973 4812 2018 4844 "

441 4891 817 4947 nominamur.
846 4893 1026 4963 Atque
1053 4893 1321 4949 ntolestiis
1350 4895 1574 4962 quidem
1606 4897 1845 4967 seipsmn
1880 4902 2018 4958 libe-

440 4997 570 5039 rans
599 4982 818 5054 aliquis,
849 4994 906 5040 et
933 4985 1273 5054 desperando
1303 4985 1517 5057 singula
1551 4987 1757 5043 referre
1780 5005 1839 5046 se
1861 5007 2018 5061 posse

437 5091 558 5144 quae
585 5076 654 5132 de
685 5080 886 5147 templo
925 5078 1183 5134 dicuntur
1213 5077 1282 5133 ad
1317 5094 1539 5150 corpus,
1572 5081 1831 5140 utrolibet
1857 5091 2016 5148 modo

508 5188 871 5285 "Ll—llnﬁgg.
900 5209 994 5285 Ωιι,
1041 5195 1160 5285 1!...
1191 5192 1640 5285 :Lllhl’aralip.
1697 5213 1884 5270 xum,
1919 5207 2006 5264 l9.
2085 5211 2133 5243 "
2176 5211 2242 5266 Ill
2293 5213 2450 5268 Esdr.
2489 5230 2561 5280 Vl,
2598 5215 2620 5270 ι
2651 5229 2808 5285 seqq.

435 5263 478 5296 ⁶¹
507 5260 664 5318 Joan.
691 5277 751 5330 ιι,
781 5260 874 5330 ﬁt,
900 5260 994 5320 22.
1073 5263 1160 5319 "l
1191 5265 1317 5322 Cor.
1358 5282 1455 5331 xu,
1499 5260 1590 5323 ‘27.

655 5380 800 5458 l_d_et_‘n
828 5383 1006 5458 co_dex‘
1025 5384 1253 5458 Regius,
1282 5387 1653 5458 πολυτελείας.

656 5453 840 5532 Codex
875 5452 1284 5532 Ιξοςίυείὲκτὸς
1311 5452 1386 5513 ὧν
1415 5452 1711 5532 ἡτοίμασα.

503 5519 619 5658 ξ55)
659 5521 844 5580 Codex
880 5519 1107 5594 Regius,
1141 5544 1224 5591 τις
1259 5519 1356 5596 pro
1390 5519 1539 5603 περί.

526 5593 618 5658 56)
654 5591 836 5649 Codex
879 5595 1105 5658 Regius.
1127 5597 1539 5658 ᾠκοδομημένοι

526 5593 618 5663 56)
654 5591 836 5672 Codex
876 5591 1105 5672 Elaﬁus,
1127 5591 1549 5672 ᾠκοδομημένον
1580 5597 1720 5654 εἶναι
1750 5599 1844 5657 τὸν
1873 5604 2014 5658 έκεῖ-

435 5676 541 5736 νο,
564 5663 984 5736 κατεστρέφθαι.

472 5733 619 5814 .(37)
642 5733 1148 5814 _Hyiowqpéroc§_,
1183 5737 1275 5793 Sic
1301 5741 1472 5814 codex
1504 5740 1830 5814 Bodleinntts
1850 5783 1867 5809 ,
1904 5744 2008 5798 Rc-

433 5805 586 5874 gius,
630 5805 1044 5877 άγωνισμένοις.
1097 5807 1384 5868 Ferrarius
1435 5813 1645 5868 videtur
1705 5805 1898 5884 legisse
1947 5815 2003 5869 ἐν

2125 4638 2244 4707 ἦτοι
2273 4631 2334 4690 οὗ
2361 4636 2582 4706 εἴληφεν
2618 4638 2682 4690 ἐκ
2714 4637 2814 4707 τῆς
2853 4638 3153 4709 Παρθένου,
3185 4637 3218 4709 ἢ
3247 4637 3346 4709 τῆς
3388 4636 3727 4708 Ἐκκλησίας

2118 4724 2370 4796 σώματος
2413 4725 2576 4779 αὑτοῦ
2623 4725 2922 4797 λεγομένης
2963 4723 3124 4790 εἶναι,
3157 4726 3232 4790 ὡς
3265 4726 3360 4779 καὶ
3396 4727 3544 4796 ἡμᾶς
3580 4724 3726 4796 μέλη

2114 4818 2209 4872 τοῦ
2242 4818 2490 4888 σώματος
2511 4818 2676 4872 αὐτοῦ
2696 4818 2848 4890 παρά
2875 4820 2955 4890 τῷ
2998 4820 3306 4888 Ἀποστόλῳ
3327 4816 3724 4890 ὀνομάζεσθαι.

2136 4911 2195 4964 Ὀ
2233 4911 2331 4982 μὲν
2355 4907 2448 4965 οὖν
2489 4929 2594 4976 τις,
2632 4913 2974 4983 πραγμάτων
3024 4914 3188 4966 αὐτὸν
3225 4912 3588 4966 ἀπαλλάττων
3647 4912 3729 4983 τῷ

2125 5003 2524 5072 ἀπογινώσκειν
2579 5005 2809 5058 ἕκαστον
2846 5005 3104 5059 δύνασθαι
3136 5005 3246 5058 τῶν
3277 5003 3424 5058 κατά
3455 5004 3546 5057 τὸν
3593 5005 3729 5059 ναὸν

2123 5097 2415 5169 ἀναφέρειν
2455 5097 2548 5150 ἐπὶ
2596 5097 2658 5151 τὸ
2708 5099 2896 5170 σῶμα,
2924 5098 3201 5170 ὁποτέρως
3243 5097 3310 5151 ἂν
3356 5096 3476 5169 ἔχῃ,
3520 5097 3628 5150 ἐπὶ
3666 5098 3730 5150 τὸ

2909 5215 2955 5248 ⁸⁸
3001 5213 3021 5268 l
3059 5215 3306 5271 Machab.
3345 5228 3384 5280 ι,
3433 5213 3505 5266 22
3557 5229 3728 5286 seqq.

2113 5400 2240 5472 ταῖς
2259 5399 2514 5472 γωνίαις,
2539 5400 2638 5472 rel
2662 5401 3122 5472 γεγωνιωμένοις.

2191 5470 2302 5538 (58)
2342 5472 2448 5535 Εἰς
2492 5469 2556 5523 τὸ
2605 5469 2695 5524 ὅτι
2737 5469 2803 5524 τὸ
2834 5469 3025 5540 σῶμα,
3068 5481 3176 5525 etc.
3210 5471 3302 5526 Sic
3340 5485 3490 5528 recte
3550 5475 3733 5531 habet

2115 5539 2674 5620 colle‘xollodleianus;
2703 5540 2847 5620 male
2874 5539 3055 5620 autem
3086 5540 3421 5620 ngiIIS,_§l;
3451 5545 3513 5598 τὸ
3551 5546 3732 5620 σῶμα

2114 5603 2536 5683 τοῦῌΥξοῦίναὸς
2564 5603 2730 5683 αὑτοῦ
2754 5612 2990 5683 εἴρηται,
3023 5603 3258 5682 ζητῆσαι
3293 5603 3467 5678 ἀξιον.

2121 5751 2144 5804 ἐ
2187 5679 2750 5805 ἑδωέἘκληπτέον.
2779 5679 2874 5740 Sic
2895 5683 3065 5739 codex
3079 5679 3443 5754 Budleianus;
3481 5684 3730 5760 Regius,

2152 5768 2184 5804 κ
2218 5768 2315 5805 εκτ
2349 5768 2427 5805 ον.

2152 5768 2427 5807 κλεκτεον.
