3826 6520
161 429 241 488 581
1234 420 1596 480 COMMENT.
1638 419 1691 476 Ib

1794 418 1936 478 )AN.
1973 420 2214 480 TOMUS
2242 419 2314 478 Χ.

3292 415 3402 474 38%

161 539 485 611 ἁπλούστερον
517 537 960 610 καταφεύξεται,
1015 535 1188 604 λέγων
1227 535 1316 589 διὰ
1360 535 1516 588 τοῦτο
1561 533 1691 605 σῶμι

1794 549 1883 594 se
1927 537 2149 602 habeat,
2210 535 2278 590 ad
2333 531 2747 604 intelligentiam
2778 533 3162 605 shnpliciorem
3208 537 3403 592 coniu-

161 629 397 700 ἑκατέρως
422 626 726 697 νοούμενον
754 628 844 682 τὸν
879 626 1006 681 ναὸν
1032 624 1365 696 ὠνομάσθαι,
1389 625 1512 678 ἐπεὶ
1531 623 1719 696 ὥσπερ

159 719 306 782 ὁνσὺς
334 719 483 784 δόξαν
516 714 642 788 εἶχε
679 718 817 772 Θεοῦ
856 717 1304 788 κατασκηνςῦσαν
1338 718 1396 770 ὲν
1424 715 1592 786 αύτῷ,
1627 714 1720 769 οῦ-

160 829 245 876 τως
263 810 432 863 εἰκόνα
455 809 553 863 καί⁸
580 810 750 876 δόξαν
766 808 899 863 Θεοῦ
925 809 1235 882 ὑπάρχοντα
1257 809 1348 862 τὸν
1371 809 1719 881 Πρωτότοκον

160 904 310 973 πάσης
351 902 608 966 κτίσεως,
653 902 719 956 τὸ
753 901 929 972 σῶμα,
966 902 1000 973 ἢ
1038 901 1136 973 τὴν
1185 900 1508 972 Ἐκκλησίαν
1551 899 1719 969 ἀγαλ-

161 993 534 1064 ματοροροῦντα
563 994 704 1048 ναὸν
725 994 960 1063 εὐλόγως
983 991 1233 1066 εἰρῆσθαι
1264 991 1420 1044 Θεοῦ·
1447 992 1608 1062 ἡμεῖς
1635 990 1713 1054 δὲ,

153 1085 202 1136 τὸ
225 1086 308 1155 μὲν
329 1086 452 1156 περ).
479 1085 727 1140 ἑκάστου
756 1085 862 1140 τῶν
889 1088 944 1139 ὲν
970 1088 1036 1156 τῇ
1063 1085 1222 1157 τρίτῃ
1262 1083 1370 1138 τῶν
1420 1083 1715 1138 Βασιλειῶν

156 1179 261 1249 περὶ
291 1176 378 1229 τοῦ
407 1176 537 1230 ναοῦ
571 1181 757 1231 εἰπεῖν
788 1177 1142 1249 δυσδιήγητον
1173 1176 1428 1248 ὁρῶντες,
1465 1175 1560 1229 καὶ
1589 1175 1715 1228 πολ-

151 1271 214 1340 λῷ
234 1270 321 1340 τῆς
348 1269 546 1336 λέξεως
574 1269 742 1342 ήμῶν
775 1269 976 1340 μεῖζον,
1005 1269 1180 1331 ἄλλως
1228 1286 1288 1320 τε
1325 1269 1420 1320 καὶ
1465 1267 1526 1320 ού
1570 1267 1712 1321 κατὰ

151 1362 231 1433 τὴν
260 1359 529 1431 παροῦσαν
561 1361 813 1431 γραφὴν,
853 1359 1278 1434 ὑπερτιθέμεθα.
1323 1359 1469 1430 Πλὴν
1503 1360 1562 1413 ὲν
1599 1360 1712 1422 τοῖς

149 1451 392 1515 τοιούτοις,
438 1452 686 1523 μάλιστα
709 1452 798 1506 διὰ
823 1452 882 1504 τὸ
911 1453 1050 1524 ὑπὲρ
1073 1453 1171 1524 τὴν
1206 1451 1550 1523 ἀνθρωπίνην
1571 1444 1710 1504 εἶναι

150 1543 302 1614 φύσιν,
347 1543 439 1597 καὶ
496 1544 649 1598 κατὰ
697 1543 796 1614 τὴν
843 1542 938 1597 τοῦ
993 1543 1127 1597 Θεοῦ
1177 1543 1398 1612 σοφίαν,
1456 1541 1516 1595 τὸ
1571 1542 1708 1598 ἴδιον

146 1637 225 1703 τῆς
264 1635 623 1688 θεοπνεύστου
685 1635 910 1706 Γραφῆς
953 1634 1308 1706 ἐμφαίνεσθαι
1373 1634 1706 1705 πειθόμενοι,

147 1727 308 1794 σοςρίαν
363 1727 420 1778 ὲν
468 1725 770 1797 μυστηρίῳ
809 1725 905 1796 τὴν
955 1725 1484 1796 άποκεκρυμμένην,
1519 1725 1586 1796 ἠν
1619 1724 1709 1776 ού-

258 1819 357 1873 τῶν
381 1820 671 1891 ἀρχόντων
703 1820 798 1874 τοῦ
831 1819 1024 1883 αἰῶνος
1059 1819 1246 1873 τούτου
1275 1819 1500 1887 ἔγνωκε,
1537 1835 1704 1888 παρι-

1821 629 1955 699 giet,
1985 627 2172 684 dicens
2214 627 2421 683 idcirco
2459 641 2662 697 corpus
2714 636 2944 696 utroque
2975 627 3136 684 modo
3183 629 3398 685 intelle-

1820 727 1990 785 ctum,
2034 717 2294 787 templum
2349 724 2720 786 nuncupatum
2775 715 2962 783 fuisse,
3016 721 3162 786 quod
3209 733 3398 787 quem-

1819 809 2109 865 admodum
2173 808 2434 878 templum
2486 806 2616 863 illud
2654 807 2883 878 gloriam
2922 810 3015 864 Dei
3059 809 3291 865 habebat
3341 813 3394 866 iu

1817 901 1996 969 seipse
2021 899 2382 966 habitantem,
2409 899 2482 954 ita
2515 899 2716 970 imago,
2748 909 2801 954 et
2827 899 2996 970 gloria
3015 899 3110 954 Dei
3129 901 3396 955 exsisteus

1816 984 2217 1056 Primogenitus
2243 988 2424 1044 omnis
2464 999 2727 1044 creaturae
2755 988 2800 1021 ⁸³
2829 999 3227 1059 repraesentans
3271 1006 3398 1044 cor-

1816 1095 1915 1150 pus
1943 1094 2100 1134 suum
2135 1079 2214 1135 vel
2240 1078 2562 1146 Ec'clesiam,
2598 1080 2852 1152 templum
2879 1081 2971 1136 Dei
3001 1081 3396 1138 rationabiliter

1817 1170 2236 1228 fueritdictum.
2289 1171 2399 1228 Nos
2434 1188 2586 1240 vero,
2620 1173 2864 1229 videntes
2911 1173 3130 1244 quidem
3177 1171 3393 1229 diﬁicile

1813 1277 1935 1318 esse
1982 1263 2048 1318 de
2093 1263 2322 1334 singulis
2370 1265 2536 1320 rebus
2583 1265 2766 1334 templi
2828 1265 3099 1321 disserere
3154 1281 3274 1334 qua:
3337 1266 3389 1320 in

1811 1355 2021 1426 Regum
2052 1364 2214 1414 tertio
2245 1358 2290 1391 “
2314 1359 2593 1424 dicuntur,
2639 1358 2902 1430 longeque
2941 1360 3113 1430 majus
3140 1359 3391 1415 oratione

1813 1460 2024 1514 nostra,
2074 1449 2275 1521 alioqui
2323 1451 2487 1505 etiam
2545 1449 2611 1504 ad
2646 1460 2970 1519 praesentem
3030 1450 3420 1520 scriptiouem’

1810 1555 1917 1595 non
1949 1543 2248 1612 pertinens,
2285 1539 2606 1597 diﬁ‘erimus.
2651 1541 2923 1596 Caeterum
2974 1543 3024 1596 in
3076 1541 3386 1613 hujusmodi

1811 1632 1972 1687 rebus
2007 1648 2325 1702 persuasum
2351 1635 2617 1690 habentes
2641 1637 2704 1689 ad
2731 1635 2822 1689 Dei
2857 1635 3184 1705 sapientiam
3217 1637 3386 1705 perti-

1809 1737 1940 1776 nere
2007 1725 2371 1793 proprietates
2427 1726 2703 1794 esplicare
2765 1724 3032 1780 divinitus
3105 1725 3384 1796 inspirata:

1811 1814 2148 1884 Scriptura,
2219 1831 2340 1884 quae
2394 1817 2714 1885 sapientiam
2773 1817 2932 1871 docet
3003 1818 3054 1871 in
3127 1818 3386 1888 mysterio

146 1910 356 1979 στάσης,
415 1889 513 1963 καὶ
592 1909 1112 1981 καταλαμϐάνοντες
1191 1909 1489 1979 ὲξαιρέτου,
1533 1908 1691 1961 Ilvati-

1807 1905 2183 1973 recouditam,
2229 1922 2389 1976 quam
2425 1908 2605 1962 nullus
2655 1908 2958 1978 principum
3009 1907 3192 1964 saeculi
3226 1908 3385 1978 hujus

143 2019 282 2072 ματος
327 2001 518 2071 σοφίας
571 2003 808 2066 ἑαυτοὺς
841 2002 1148 2072 δεομένους,
1186 2001 1322 2071 πρὸς
1359 2000 1420 2053 τὸ
1440 2000 1506 2053 τὰ
1552 2000 1703 2070 τηλι-

140 2094 286 2147 καῦτα
309 2094 661 2166 ἱεροπρεπῶς
693 2095 904 2166 νοῆσαι,
935 2095 1010 2159 ὡς
1032 2095 1109 2148 ἔνι
1141 2094 1375 2166 μάλιστα
1414 2093 1480 2147 δι’
1505 2092 1700 2161 ὀλίγων

136 2185 216 2256 τὴν
243 2186 512 2257 περίνοιαν
545 2185 662 2239 τῶν
690 2185 833 2238 κατὰ
877 2185 967 2238 τὸν
998 2185 1160 2240 τόπον
1183 2184 1478 2256 διαγράψαι
1502 2201 1698 2256 πειρα-

139 2275 332 2345 σόμεθα,
380 2275 544 2346 σῶμα
587 2275 707 2347 (40)
739 2275 837 2346 τὴν
881 2275 1222 2345 Ἐκκλησίαν,
1261 2275 1352 2328 καὶ
1381 2271 1529 2328 οἷκον
1561 2272 1696 2326 Θεοῦ

135 2368 186 2420 ἐκ
209 2366 354 2419 λίθων
387 2365 617 2432 ζώντων
642 2365 1113 2437 οἰκοδομούμενον,
1145 2362 1290 2419 οἰκον
1330 2365 1698 2436 πνευματικὸν

136 2461 197 2522 εἰς
232 2460 520 2530 ἱεράτευμα
577 2460 740 2528 ἆγιον
781 2457 1139 2528 μανθάνοντες
1186 2457 1296 2511 ἀπὸ
1341 2457 1435 2510 τοῦ
1489 2458 1695 2528 Πέτρου

133 2550 384 2620 τυγχάνον,
418 2550 497 2615 ὡς
531 2551 632 2604 τὸν
671 2547 1057 2619 οἰκοδομοῦντα
1101 2548 1192 2602 τὸν
1225 2548 1350 2604 ναὸν
1390 2548 1502 2602 υἱὸν
1534 2549 1695 2603 Δαυῒδ

132 2643 249 2695 κατὰ
274 2642 427 2696 τοῦτο
477 2642 733 2714 Χριστοῦ
776 2638 915 2696 εἶναι
955 2640 1141 2705 τύπον,
1185 2640 1324 2711 μετὰ
1367 2642 1493 2704 τοὺς
1537 2641 1694 2695 πολέ-

132 2751 260 2803 μους,
285 2737 506 2807 είρήνης
537 2735 854 2806 βαθυτάτης
889 2733 1277 2805 γεγενημένης,
1309 2733 1693 2804 οἰκοδομοῦντα

129 2825 194 2889 εἰς
212 2825 354 2892 δόξαν
379 2827 476 2880 τοῦ
520 2827 666 2881 Θεοῦ
706 2827 799 2880 τὸν
830 2826 952 2880 ναὸν
993 2826 1051 2878 ὲν
1077 2828 1142 2896 τῇ
1172 2825 1395 2896 ὲπιγείῳ
1428 2827 1693 2898 Ἰερουσα-

129 2914 237 2987 λήμ,
252 2919 333 2971 ἵνα
351 2919 554 2990 μηκέτι
578 2917 738 2988 παρὰ
763 2916 1102 2990 μετακινητῷ
1124 2916 1407 2988 πράγματι
1429 2921 1494 2990 τῇ
1517 2922 1687 2992 σκηνῇ

128 3005 321 3077 λατρεία
345 3009 698 3080 ὲπιτελῆται,
721 3009 948 3062 ἕκαστον
963 3007 1068 3061 τῶν
1093 3007 1336 3062 κατὰτὺν
1347 3009 1472 3064 ναὸν
1489 3011 1568 3074 είς
1593 3010 1690 3082 τήν

138 3095 432 3171 Ἐκκλησίαν
465 3101 588 3172 (ΑΗ)
627 3101 852 3170 ἀνάγειν
868 3099 1253 3172 πειρασόμεθα.
1274 3101 1425 3171 Τάχα
1451 3100 1558 3174 γὰρ
1593 3103 1688 3158 ἐὰν

1803 1997 2054 2065 cognovit
2098 1995 2182 2063 ⁶⁵;
2240 2013 2363 2051 cum
2413 1998 2464 2052 id
2519 1999 2824 2068 praesertim
2879 2008 3089 2054 natura:
3134 2000 3383 2055 humanae

1801 2098 2017 2160 captum
2097 2100 2355 2158 superet;
2432 2089 2900 2160 deprehendentcs
2991 2091 3211 2161 insuper
3282 2107 3383 2148 nos

1801 2181 1948 2252 ipsos
1995 2182 2177 2238 eximii
2217 2180 2450 2252 Spiritus
2499 2183 2764 2252 sapientia
2821 2198 3003 2255 egere,
3052 2183 3120 2239 ad
3174 2184 3378 2238 intelli-

1798 2272 2030 2342 gendum
2095 2271 2267 2336 talia,
2355 2279 2414 2326 ut
2493 2272 2837 2326 sacerdotem
2930 2274 3124 2336 decet;
3169 2303 3175 2307 -
3216 2287 3379 2342 quam

1796 2363 2136 2433 paucissimis
2158 2363 2474 2433 poterimus,
2500 2363 2813 2420 describere
2844 2364 3005 2432 hujus
3039 2364 3142 2419 loci
3179 2365 3381 2419 intelli-

1796 2457 2034 2527 gentiam
2105 2456 2480 2522 tentabimus,
2542 2456 2720 2511 edocti
2791 2471 2821 2510 a
2877 2455 3038 2511 Petro
3089 2456 3137 2488 “
3191 2455 3380 2512 Eccle-

1795 2549 1928 2605 siam
1994 2564 2191 2618 corpus
2245 2563 2366 2605 esse
2414 2558 2469 2604 et
2532 2550 2751 2605 domum
2823 2551 2918 2606 Dei
2969 2567 3033 2606 ex
3109 2551 3379 2622 lapidibus

1794 2639 2097 2695 viventibus
2135 2641 2480 2706 aediﬁcatam,
2535 2643 2750 2697 domum
2812 2643 3148 2714 spiritualem
3215 2644 3376 2716 203

1794 2731 1850 2786 in
1903 2732 2265 2787 sacerdotium
2320 2743 2601 2799 sanctum,
2651 2733 2726 2789 ita
2761 2743 2818 2788 ut
2859 2733 3078 2789 Davidis
3109 2735 3250 2791 ﬁlius
3305 2738 3377 2791 sit

1793 2821 1932 2876 hanc
1960 2822 2028 2877 ob
2051 2835 2269 2876 causam
2301 2821 2500 2878 Christi
2529 2823 2723 2892 ﬁgura,
2753 2823 3027 2879 aediﬁcans
3075 2825 3330 2894 templum
3354 2843 3372 2895 ;

1791 2913 1881 2983 qui
1941 2923 2063 2984 post
2106 2912 2279 2979 bella,
2336 2928 2467 2983 pace
2526 2914 2789 2971 altissima
2826 2914 3000 2981 facta,
3039 2916 3271 2972 aediﬁcat
3303 2919 3370 2972 ad

1790 3005 2018 3076 gloriam
2047 3005 2139 3059 Dei
2170 3005 2423 3075 templum
2450 3006 2502 3060 in
2528 3008 2773 3062 terrestri
2798 3006 3098 3063 Jerusalem
3117 3010 3182 3075 ",
3215 3023 3282 3063 ne
3316 3010 3368 3064 in

1789 3106 2064 3166 posterum
2112 3095 2288 3152 cultus
2323 3097 2415 3151 Dei
2449 3097 2762 3167 perﬁciatur
2789 3099 2842 3154 in
2873 3101 3110 3156 tentorio
3141 3097 3371 3156 subinde

126 3188 293 3256 πάντες
312 3194 358 3244 οἰ
379 3192 577 3266 ἐχθροὶ
613 3191 1184 3261 ὑποπόδιονγέδωνται
1199 3191 1308 3246 τῶν
1340 3194 1575 3266 Χριστοῦ
1592 3213 1689 3251 πο-

1794 3189 2058 3256 mutabili,
2093 3190 2334 3260 singulas
2383 3205 2468 3246 res
2512 3192 2695 3263 templi
2727 3193 2794 3250 ad
2836 3193 3132 3249 Ecclesiam
3163 3193 3372 3250 referre

125 3277 226 3342 δῶν,
247 3282 334 3334 καὶ
367 3285 396 3336 6
427 3284 670 3355 ἔσχατος
702 3283 896 3355 ἐχθρὸς
927 3281 1150 3346 θάνατος
1179 3283 1528 3356 καταργηθῇ,
1553 3287 1586 3357 ή
1612 3303 1690 3340 τε·

124 3367 337 3444 λειοτάτη
384 3376 589 3447 εἰρήνη
649 3375 805 3430 ἔσται
837 3378 924 3431 ὅτε
958 3379 1193 3446 Χριστὸς
1225 3379 1379 3431 ἔσται
1412 3377 1686 3450 Σολομὼν,

123 3460 235 3535 ὅπερ
266 3466 658 3537 ἑρμηνεύεται,
682 3470 998 3537 εἰρηνικός,
1029 3470 1408 3543 πληρουμένης
1437 3471 1534 3541 τῆς
1562 3488 1690 3544 προ-

121 3558 317 3623 φητείας
340 3561 421 3622 είς
457 3559 634 3614 αὑτὸν
666 3559 932 3633 λεγούσης
952 3579 966 3592 ·
1001 3583 1019 3616 ι
1061 3565 1216 3619 Μετὰ
1244 3564 1352 3618 τῶν
1387 3564 1688 3635 μισούντων

122 3645 200 3713 τὴν
225 3649 438 3720 εἰρήνην
467 3651 627 3723 ἢμην
657 3653 951 3724 εἰρηνικός.
985 3674 1004 3706 ι
1025 3656 1135 3709 Καὶ
1168 3655 1285 3709 τότε
1320 3656 1547 3720 ἕκαστος
1579 3657 1686 3711 τῶν

121 3734 303 3799 ζώντων
355 3741 547 3810 λίθων,
593 3747 740 3799 κατά
779 3747 876 3818 τὴν
919 3747 1076 3813 ἀξίαν
1117 3747 1213 3802 τοῦ
1267 3748 1497 3804 ἐνταῦθα
1543 3749 1683 3820 βίου⁹

120 3828 244 3886 ἔσται
271 3834 363 3888 τοῦ
395 3836 535 3890 ναοῦ
569 3837 722 3902 λίθος
741 3856 754 3869 ·
786 3841 813 3893 6
841 3839 940 3910 μέν
972 3858 1056 3904 τις
1084 3842 1143 3896 ὲν
1169 3842 1244 3914 τῷ
1280 3842 1513 3914 θεμελίῳ
1546 3842 1683 3897 ἀπύ-

118 3922 294 3987 ητολος,
333 3926 366 3997 ἢ
411 3931 715 4000 προφήτης
765 3929 1047 4000 βαστάζων
1097 3935 1223 3996 τοὺς
1271 3934 1678 4004 ἐπικειμένουςο

118 4010 142 4061 6
164 4011 212 4064 δέ
235 4031 312 4078 τις
352 4018 494 4086 μετὰ
519 4021 656 4082 τοὺς
697 4019 755 4072 ὲν
779 4019 854 4090 τῷ
876 4019 1107 4093 θεμελίῳ
1140 4023 1244 4077 ύπὺ
1278 4023 1376 4094 μὲν
1411 4023 1518 4077 τῶν
1545 4025 1682 4076 ἀπο-

117 4106 288 4160 στόλων
321 4109 760 4183 βασταζόμενος,
796 4116 889 4167 καὶ
919 4115 1078 4180 αὐτὸς
1110 4117 1206 4170 σὺν
1232 4119 1343 4181 τοῖς
1366 4117 1682 4181 ἀποστόλοις

115 4198 487 4266 συμύαστάζων
538 4203 674 4265 τοὺς
726 4205 1176 4278 ὑποδεεστέρους·
1231 4209 1327 4261 καὶ
1379 4208 1408 4260 6
1453 4207 1550 4278 μέν
1598 4224 1682 4270 τις

109 4283 237 4340 ἔσται
267 4289 411 4356 λίθος
452 4292 570 4346 τῶν
617 4289 939 4361 ὲνδιτάτων,
979 4296 1106 4352 ἔνθα
1144 4299 1176 4370 ή
1207 4297 1455 4361 κιϐωτὸς,
1485 4299 1579 4351 καὶ
1612 4297 1679 4351 τὰ

109 4381 366 4452 χερουῶμ,
408 4385 509 4438 καὶ
536 4383 602 4439 τὺ
638 4385 973 4457 ἱλαστήριον·
1008 4387 1192 4458 ἕτερος
1228 4387 1284 4441 δὲ
1325 4387 1417 4442 τοῦ
1462 4388 1681 4460 περιὸό-

108 4465 202 4535 λου,
238 4475 325 4528 καὶ
356 4477 524 4541 ἄλλος
569 4477 654 4530 ἔτι
706 4478 810 4542 ἔξω
841 4479 933 4532 τοῦ
968 4480 1252 4550 περιϐόλου
1289 4480 1395 4534 τῶν
1438 4481 1678 4535 Λευιτῶν

1796 3280 2138 3336 tentabimus.
2182 3279 2452 3338 Fortassis
2488 3283 2632 3338 enim
2671 3285 2718 3339 si
2752 3285 2955 3340 inimici
3014 3300 3205 3341 omnes
3237 3285 3369 3340 sub-

1791 3371 2000 3427 sellium
2047 3370 2179 3427 ﬁant
2215 3374 2411 3443 pedum
2452 3374 2679 3442 Christi,
2731 3384 2788 3430 et
2837 3375 3058 3432 ultimus
3097 3379 3367 3444 inimicus,

1789 3479 1981 3534 nempe
2021 3479 2190 3531 mors,
2223 3466 2500 3522 aboleatur
2529 3468 2608 3535 ⁶⁸;
2651 3467 3053 3538 perfectissima
3096 3485 3201 3540 pax
3239 3470 3365 3538 erit,

1786 3557 2001 3625 quando
2033 3555 2282 3612 Christus
2317 3557 2424 3612 erit
2467 3557 2745 3624 Salomon,
2773 3573 2933 3629 quem
2961 3560 3004 3615 si
3041 3560 3366 3630 interprete-

1787 3645 1885 3709 ris,
1903 3654 1989 3700 est
2018 3647 2273 3716 paciﬁcus
2296 3649 2376 3714 “;
2410 3647 2628 3718 impleta
2653 3648 2704 3703 in
2728 3649 2900 3720 ipsum
2934 3653 3215 3722 prophetia
3246 3667 3368 3723 qua:

1786 3737 1917 3792 dicit
1937 3737 2017 3792 "z
2057 3757 2076 3791 ι
2113 3739 2246 3794 Cum
2277 3739 2362 3795 his
2391 3739 2483 3810 qui
2516 3741 2646 3796 odio
2672 3741 2940 3798 habebant
2971 3759 3183 3814 pacem,
3213 3760 3363 3800 eram

1783 3830 2065 3899 paciﬁcus.
2113 3849 2134 3885 ι
2175 3832 2254 3886 Ac
2285 3841 2413 3886 tunc
2453 3834 2824 3903 unusquisque
2870 3837 3057 3890 vivens
3093 3836 3230 3906 lapis
3267 3852 3366 3907 pro

1784 3920 2046 3990 dignitate
2095 3923 2377 3991 praesentis
2417 3923 2542 3978 vitae
2595 3923 2703 3979 erit
2754 3925 2936 3995 templi
2991 3926 3128 3996 lapis
3175 3927 3364 3983 :alter

1782 4011 2000 4080 quidem
2042 4011 2096 4066 in
2140 4011 2488 4070 [ululatuento
2520 4016 2794 4085 apostolus
2825 4017 2909 4072 vel
2947 4019 3206 4088 prapheta
3235 4036 3362 4090 por-

1784 4113 1905 4158 tans
1949 4107 2436 4177 superimpositos;
2467 4108 2604 4163 alter
2638 4124 2767 4164 vero
2809 4120 2930 4179 post
2973 4125 3070 4166 eos
3100 4113 3192 4182 qui
3233 4122 3362 4168 sunt

1781 4197 1834 4252 in
1879 4197 2246 4265 fuudameuto,
2277 4210 2520 4270 portatus
2554 4201 2769 4271 quidem
2799 4214 2852 4256 et
2885 4203 2998 4271 ipse
3026 4203 3093 4258 ab
3140 4215 3358 4274 aposto-

1780 4287 1866 4354 lis,
1886 4287 2022 4344 alios
2040 4291 2133 4345 sed
2161 4291 2276 4361 ipse
2295 4292 2460 4346 etiam
2485 4301 2706 4362 portans
2727 4291 3056 4349 inﬁrmiores
3081 4309 3204 4350 cum
3226 4311 3358 4365 apo-

1778 4381 1932 4463 stolis
1961 4397 1977 4447 ;
2009 4389 2174 4451 atque
2206 4383 2370 4437 etiam
2410 4382 2546 4438 alter
2577 4384 2794 4454 quidem
2827 4385 2962 4454 lapis
2987 4387 3094 4441 erit
3137 4387 3360 4456 penitis-

1778 4472 1970 4538 simus,
1997 4473 2087 4529 ubi
2121 4489 2247 4528 area
2271 4484 2326 4528 et
2350 4474 2630 4530 cherubim
2671 4485 2776 4540 est,
2808 4488 2863 4531 et
2886 4477 3354 4546 pr0pitiatorium;

108 4561 184 4612 καὶ
208 4565 411 4636 ἱερέων,
443 4568 606 4632 λίθος
639 4568 737 4622 τοῦ
783 4567 1164 4642 θυσιαστηρίου
1209 4571 1315 4625 τῶν
1358 4572 1673 4644 όλοκαρπω-

1794 4560 1914 4616 tlter
1947 4577 2074 4616 vero
2110 4562 2250 4634 lapis
2299 4565 2571 4630 vestibuli,
2594 4575 2650 4620 et
2697 4566 2837 4622 alius
2877 4567 3051 4622 adhuc
3081 4577 3234 4622 extra
3261 4583 3355 4622 ve-

107 4645 287 4711 μάτων.
317 4653 429 4726 Τὴν
475 4655 537 4708 δὲ
578 4656 712 4726 περὶ
741 4655 942 4711 τούτων
969 4659 1278 4729 οἰκονομίαν
1313 4661 1404 4714 καὶ
1437 4660 1679 4734 λειτουρ-

106 4735 208 4799 γίαν
234 4741 751 4815 ὲγχειρισθήσονται
777 4746 927 4814 ἂγιαι
957 4747 1230 4819 δυνάμεις,
1265 4749 1484 4818 ἄγγελοι
1517 4750 1672 4816 Θεοῦ,

103 4828 149 4878 σί
173 4829 262 4900 μέν
290 4850 436 4898 τινες
467 4831 637 4889 οὖσαι
676 4837 1012 4910 κυριότητες,
1049 4839 1304 4912 ἢθρόνοι,
1341 4842 1374 4913 ἢ
1407 4843 1592 4914 ἀρχαὶ,
1636 4843 1671 4914 ἢ

101 4917 325 4983 ὶξουσίαι·
344 4927 470 4980 αἰδὲ
488 4927 711 4990 τούτοις
728 4927 1180 5002 ὑποτεταγμέναι,
1197 4925 1272 4987 ὧν
1287 4933 1510 4986 τύποιοί
1529 4951 1673 5004 τρισ-

102 5009 231 5077 χῦιιοι
248 5017 337 5068 καὶ
361 5016 648 5082 ἑξακόσιοι
674 5017 932 5089 ἄρχοντες
950 5021 1256 5088 ἐπιστάται,
1281 5021 1668 5093 καθεσταμένοι

101 5100 281 5159 ἐπὶτῶν
296 5106 482 5180 ἔργων
502 5109 620 5162 τῶν
649 5109 918 5180 Σολομὼν,
941 5112 1034 5164 καὶ
1053 5112 1419 5184 ἐϐδομήκοντα
1437 5113 1668 5185 χιλιάδες

1775 4652 2029 4706 stibulum
2060 4652 2375 4710 Levitarum
2406 4664 2461 4711 et
2483 4657 2849 4724 sacerdotum,
2891 4657 3028 4728 lapis
3058 4658 3263 4723 altaris,
3299 4659 3353 4713 in

1777 4758 1882 4813 quo
1926 4743 2232 4801 offeruntur
2279 4747 2556 4804 fructuum
2606 4748 2931 4805 oblationes.
2960 4749 3130 4805 Porro
3157 4751 3351 4804 harum

1775 4849 1956 4889 rerum
1996 4838 2294 4891 oeconomia
2345 4848 2396 4894 et
2444 4839 2807 4895 ministerium
2841 4841 3194 4896 concredetur
3219 4854 3349 4894 sau-

1773 4926 1877 4982 ctis
1904 4927 2194 4984 virtutibus
2216 4969 2232 4995 ,
2263 4945 2460 5000 nempe
2509 4934 2714 5004 angelis
2756 4933 2872 4996 Dei,
2901 4945 3128 5002 quarum
3158 4931 3350 5002 aliquae

1770 5019 1987 5088 quidem
2028 5031 2152 5078 sunt
2188 5021 2587 5080 dominationes
2609 5063 2624 5090 ,
2656 5023 2736 5078 vel
2779 5023 2980 5091 throni,
3009 5023 3094 5078 vel
3142 5024 3349 5094 princi-

1769 5117 1948 5178 patus,
2000 5109 2086 5164 vel
2120 5120 2449 5180 potestates;
2495 5114 2688 5184 aliqua:
2744 5129 2871 5169 vero
2911 5115 2996 5170 his
3043 5115 3344 5185 subjectae;

98 5211 186 5246 wn
208 5198 470 5268 αἰρόντων
494 5202 686 5272 ἄρσιν,
726 5203 818 5256 καὶ
844 5204 900 5256 ai
926 5205 1034 5258 τῶν
1070 5204 1318 5276 λατόμων
1340 5206 1668 5282 ὀγδοήκοντα

1794 5216 1995 5271 [uarum
2027 5202 2251 5272 ﬁguram
2290 5214 2484 5275 gerunt
2515 5207 2752 5262 sexcenti
2790 5207 2864 5261 illi
2899 5221 3060 5277 supra
3087 5208 3189 5262 tria
3228 5207 3348 5263 mil-

97 5282 301 5350 χιλιάδες
332 5292 394 5343 ὲν
426 5291 514 5362 τῷ
543 5292 689 5363 ὄρει,
713 5294 762 5346 οἰ
792 5294 1066 5360 ποιοῦντες
1095 5295 1166 5350 τὰ
1204 5296 1363 5368 ἔργα,
1393 5297 1490 5350 καὶ
1520 5297 1662 5351 ἐτοι-

97 5373 330 5444 ιιάζοντες
353 5383 472 5455 (42)
505 5385 641 5447 τοὺς
675 5383 856 5450 λίθους
893 5387 989 5442 καὶ
1027 5387 1096 5442 τὰ
1137 5388 1288 5454 ξύλα.
1331 5390 1662 5461 Παρατηρη-

180 5514 453 5588 ‘fColoss.
492 5537 534 5582 ι.
573 5521 660 5575 15.
777 5523 824 5552 ⁸⁸
863 5521 926 5575 Ill
959 5523 1090 5586 Reg.
1119 5540 1191 5588 vt,
1225 5540 1320 5587 vlt,
1373 5541 1489 5579 vm.

1603 5524 1648 5556 “
1691 5523 1710 5576 l
1748 5523 1872 5580 Cor.
1900 5540 1960 5588 ιι,
1992 5525 2045 5590 7,
2087 5524 2141 5580 8.

1771 5292 1840 5347 lia
1887 5293 2168 5362 praefecti,
2223 5295 2460 5364 praefecti
2527 5298 2799 5368 principes
2855 5301 3134 5356 constituti
3183 5314 3350 5369 super

1769 5401 1930 5458 Opera
1961 5385 2312 5454 Salomonis;
2359 5397 2412 5443 et
2455 5390 2794 5461 septuaginta
2825 5391 3087 5448 chiliades
3127 5400 3344 5461 gestan-

2249 5524 2295 5556 ⁶⁶
2321 5521 2343 5593 l
2370 5520 2518 5580 Petr.
2550 5539 2612 5592 ιι,
2644 5524 2702 5581 5.
2813 5526 2858 5560 ⁸⁷
2883 5526 2952 5583 lll
2972 5529 3106 5600 Reg.
3133 5544 3190 5600 ν,
3221 5531 3344 5588 σεε.

103 5575 168 5636 “t
196 5585 315 5642 Cor.
344 5604 441 5657 xv,
475 5575 578 5656 2'5,
613 5591 710 5646 se.
785 5592 828 5626 ο·
855 5594 870 5646 ι
900 5575 1130 5664 psam.
1155 5575 1392 5660 ’ixrifa.’
1411 5575 1505 5627 "5°
1537 5595 1678 5650 l’sal.

1797 5575 1852 5663 ἱ,
1862 5575 1871 5578 ⁷
1883 5575 1970 5650 73'.

136 5703 252 5786 μθ)
288 5709 897 5786 Σᾶῃέα.ηι)βείἀει“οιιιι-
932 5712 984 5768 in
1019 5715 1205 5770 codice
1235 5714 1424 5786 Regio,
1453 5716 1546 5772 sed
1581 5731 1658 5770 rc-

93 5780 303 5828 llituitttr
328 5796 361 5831 e
397 5780 736 5836 Bodleiano.

143 5842 241 5914 (Η)
280 5850 386 5915 Εἰς
415 5849 541 5918 τὴν
585 5850 970 5918 Ἐκκλησίαν.
995 5853 1070 5912 Ita
1096 5854 1264 5912 codex
1295 5855 1653 5922 Bodleianus;

1764 5716 1894 5790 Regi
1903 5733 2005 5790 us,
2020 5716 2114 5769 καὶ
2147 5715 2631 5790 τὴν-Ἐκκλησίαν.

1831 5788 1942 5851 (ιε)
1995 5785 2588 5858 Ἑτοιμὰζαντες.’8ἱο
2621 5788 2791 5848 codex
2829 5789 3185 5858 Bodleianus;
3233 5793 3342 5848 Be-

1761 5857 1899 5925 gius,
1940 5857 2348 5927 ἑτοιμάσαντες.
