3816 6530
110 439 201 496 585
1185 434 1542 492 COMMENT.
1582 435 1650 491 IN
1682 436 1876 494 JOAN.
1919 437 2160 498 TOMUS
2192 441 2259 497 Χ.

3258 451 3362 507 386

107 549 403 624 θεμελίωσιν
435 547 530 603 τοῦ
561 548 712 602 οίκου
745 546 840 602 τοῦ
872 547 1102 620 Κυρίου.
1151 547 1396 618 Ὀγδοάδι
1424 549 1669 621 μέντοιγε

1794 561 1910 607 iant
1950 553 2184 623 grandes
2219 563 2269 610 et
2324 555 2594 626 pretiosos
2647 556 2854 627 lapides
2907 569 3110 615 sanctae
3146 562 3363 618 demns-

107 643 222 697 ἐτῶν
246 641 350 713 (46)
396 640 727 694 συντελεῖται
775 641 804 692 ὁ
849 633 1000 702 οἶκος
1038 637 1117 709 τῷ
1170 637 1344 714 ὀγδόῳ
1400 639 1532 711 μηνὶ
1583 637 1678 695 τοῦ

107 733 268 805 ὀγδόου
307 733 465 801 ἔτους
489 732 600 786 ἀπὸ
631 732 732 804 τῆς
771 729 1174 804 θεμελιώσεως.

161 1012 242 1068 ει.
281 1012 449 1068 οὐδὲν
489 1013 546 1066 δὲ
580 1012 781 1067 ἀτοπον
826 1013 982 1067 ἔσται
1027 1011 1115 1067 διὰ
1158 1012 1325 1084 μέσου
1360 1014 1476 1078 τοῖς
1507 1013 1677 1088 μηδὲν

105 1107 228 1176 πέρα
263 1106 363 1176 τῆς
411 1105 652 1178 ἱστορίας
692 1105 960 1177 οἰομένοις
999 1105 1088 1160 διὰ
1136 1106 1341 1160 τούτων
1387 1103 1678 1178 δηλοῦσθαι

102 1199 492 1268 δυσωπητικοὺς
524 1198 716 1267 λόγους
745 1201 1114 1270 προσαγαγεῖν
1147 1199 1282 1270 πρὸς
1313 1199 1374 1252 τὸ
1404 1199 1480 1264 ὡς
1506 1199 1677 1253 Πνεύ-

107 1306 255 1360 ματος
285 1289 630 1361 γραμμάτων
677 1290 910 1362 ζητῆσαι
960 1289 1053 1344 τοῦ
1099 1290 1418 1362 Πνεύματος
1458 1289 1584 1345 νοῦν
1617 1291 1677 1344 ὲν

102 1382 288 1446 τούτοις
328 1381 500 1446 ἀξιον.
537 1378 684 1453 Ἀρα
715 1383 825 1454 γὰρ
875 1385 924 1436 οἱ
966 1383 1073 1438 τῶν
1120 1384 1384 1454 βασιλέων
1425 1385 1532 1438 υίο).
1561 1383 1676 1454 (47)

102 1475 367 1546 ἐσχόλαζον
400 1479 468 1546 τῇ
497 1476 788 1547 πελεκήσει
818 1476 925 1531 τῶν
962 1479 1212 1548 μεγάλων
1249 1478 1342 1531 καὶ
1367 1479 1565 1550 τιμίων
1595 1478 1676 1530 λί-

101 1567 210 1630 θων,
259 1567 736 1638 ἀναλαμϐάνοντες
799 1569 995 1641 τέχνην
1063 1569 1347 1641 βασιλικῆς
1395 1571 1676 1639 εὐγενείας

101 1659 393 1730 ἀλλοτρίαν;
431 1661 542 1714 Καὶ
564 1662 592 1713 ό
619 1661 849 1732 ἀριθμὸς
885 1662 992 1714 τῶν
1019 1664 1358 1734 νωτοψόρων,
1391 1665 1485 1717 καὶ
1514 1662 1674 1716 λατό-

101 1770 220 1821 μων,
247 1749 340 1807 καλ
378 1755 712 1820 ἐπιστατῶν,
745 1754 838 1808 τοῦ
888 1771 951 1824 γε
995 1756 1189 1826 χρόνου
1222 1757 1318 1827 τῆς
1359 1756 1675 1827 ὲτοιμασίας

97 1843 189 1896 τῶν
219 1843 402 1908 λίθων,
440 1847 535 1900 καὶ
566 1846 664 1917 τῆς
705 1846 1154 1919 ἐπισημειώσεως
1183 1848 1293 1918 (48)
1318 1849 1427 1902 τῶν
1471 1850 1673 1920 ὁμοίων

97 1934 160 1997 ὡς
189 1935 370 2007 ἔτυχεν
400 1937 851 2010 ἀναγέγραπται;
892 1939 1088 2012 Ἐχρῆν
1120 1939 1178 1994 δὲ
1201 1941 1291 1994 τὸν
1325 1941 1478 2010 ἅγιον
1507 1944 1565 1996 ὲν

99 2027 218 2098 ρήνῃ
245 2029 798 2102 κατασκευαζόμενον
831 2027 979 2086 οἷκον
1018 2032 1095 2104 τῷ
1129 2033 1248 2104 Θεῷ
1289 2033 1672 2108 ᾠκοδομῆσθαι

97 2122 246 2192 χωρὶς
278 2123 516 2195 σφύρας,
565 2125 660 2178 καὶ
711 2124 1008 2191 πελέκεως,
1049 2127 1144 2180 καὶ
1199 2127 1401 2190 παντὸς
1449 2125 1669 2200 σιδηροῦ

97 2213 326 2279 σκεύους,
358 2217 450 2270 ἴνα
486 2216 652 2286 μηδὲν
691 2216 959 2290 ἀκολουθῇ
1010 2217 1312 2291 θορυϐῶδες
1353 2221 1411 2273 ὲν
1451 2218 1528 2290 τῷ
1558 2218 1673 2290 ναῷ

95 2299 172 2353 τοῦ
200 2303 355 2357 Θεοῦ.
389 2303 562 2359 Πάλιν
607 2304 664 2357 δὲ
711 2305 904 2377 ἀπορῶ
943 2307 1083 2379 πρὸς
1117 2309 1244 2373 τοὺς
1275 2312 1341 2380 τῇ
1384 2308 1524 2374 λέξει
1549 2309 1671 2363 δου-

94 2393 347 2468 λεύοντας,
381 2396 505 2461 πῶς
552 2396 794 2464 δυνατὸν,
839 2397 1168 2472 ὀγδοήκοντα
1217 2401 1469 2472 χιλιάδων
1517 2401 1674 2456 λατόυ

99 2502 194 2551 μων
219 2488 607 2557 τυγχανουσῶν
631 2489 740 2560 (49)
767 2489 935 2554 λίθοις
961 2491 1289 2563 ἀκροτόμοις
1322 2495 1510 2565 ἀργοῖς
1535 2494 1673 2565 timo.

91 2574 340 2646 ὁομῆσθαι
366 2579 464 2631 τὸν
496 2574 646 2632 οἷκον
680 2580 774 2634 τοῦ
813 2581 971 2645 Θεοῦ,
1009 2582 1220 2654 σφύρας
1250 2584 1344 2636 κα).
1375 2583 1668 2648 πελέκεως,

73 2669 174 2726 ,καὶ
210 2669 410 2735 παντὸς
465 2672 691 2735 σκεύους
733 2672 953 2745 σιδηροῦ
982 2674 1080 2728 ούκ
1117 2674 1474 2740 ἀκουσθέν-σος
1507 2676 1564 2731 ἐν
1595 2675 1672 2748 τῷ

92 2760 206 2832 οἴκῳ
232 2763 423 2827 αὐτοῦ,
473 2767 530 2817 ὲν
571 2763 648 2835 τῷ
686 2766 1083 2836 οἰκοδομεῖσθαι
1125 2765 1317 2832 αὖτόνς
1363 2769 1521 2822 Ἀλλά
1563 2772 1669 2841 μή-

96 2870 201 2906 ποτε
233 2855 281 2907 οἱ
310 2854 715 2927 λατομούμενω
742 2857 879 2911 λίθοι
907 2857 1108 2922 ζῶντες
1140 2860 1382 2932 ἀψοφητὶ
1410 2862 1502 2914 καὶ
1539 2863 1672 2914 ἀτα-

97 2945 255 3016 ράχως
282 2947 649 3018 λατομοῦνται
675 2949 780 3016 ἔξω
825 2967 926 3002 που
957 2951 1099 3004 κατά
1132 2949 1243 3023 (50)
1278 2953 1369 3006 τὸν
1403 2952 1550 3018 ναὸν,
1584 2955 1670 3008 ἵνα

95 3037 277 3108 ἕτοιμοι
321 3039 558 3094 ἔλθωσιν
598 3042 690 3094 ἐπὶ
730 3041 790 3094 τὸ
828 3043 1066 3114 ἀρμόζον
1101 3045 1282 3109 αὐτοῖς
1324 3045 1425 3116 τῆς
1466 3047 1670 3101 οἰκοδο-

96 3129 185 3198 μῆς
214 3131 436 3203 χωρίον.
477 3134 586 3186 Καὶ
614 3133 876 3198 ἀνάϐασις
907 3134 964 3187 δέ
987 3153 1069 3199 τις
1091 3135 1218 3208 περὶ
1249 3137 1338 3192 τὸν
1386 3133 1534 3193 οἷκον
1575 3139 1668 3193 τοῦ

93 3221 204 3276 Θεοῦ
241 3226 314 3297 μὴ
359 3228 775 3300 γεγωνιωμένη,
813 3228 1138 3293 ἀνακλάσεις
1180 3228 1405 3284 εὐθειῶν
1449 3230 1667 3302 ἔχουσα.

95 3311 390 3386 Γέγραπται
433 3319 575 3391 γάρ·
614 3339 631 3370 ι
675 3321 784 3373 Καὶ
829 3320 1012 3392 ἑλικτὴ
1063 3320 1327 3386 ἀνάϐασις
1360 3323 1441 3385 είς
1480 3323 1540 3375 τὸ
1575 3322 1671 3393 μέ-

94 3422 189 3469 σον,
225 3410 318 3462 καὶ
347 3411 418 3463 ἐκ
459 3411 556 3481 ¹τῆς
587 3412 763 3483 μέσης
792 3413 885 3464 ἐπὶ
918 3413 986 3466 τὰ
1018 3414 1307 3486 τριόροφαο
1349 3431 1368 3465 ι
1404 3413 1670 3485 ἑλικοειδῆ

94 3497 184 3568 γὰρ
224 3501 401 3572 ἐχρῆν
435 3498 576 3555 εἶναι
628 3502 726 3576 τὴν
767 3505 827 3556 ὲν
877 3503 954 3574 τῷ
1001 3503 1112 3574 ναῷ
1155 3505 1250 3558 τοῦ
1297 3505 1430 3558 Θεοῦ
1485 3503 1672 3560 ἄνοδον

91 3592 174 3661 τῆς
222 3595 407 3659 ἕλικος
451 3597 715 3651 ἀναϐάσει
748 3598 840 3650 τὸν
876 3600 1149 3653 ίσαίτατον
1175 3601 1372 3654 κύκλον
1406 3602 1674 3673 μιμουμέ-

92 3701 193 3755 νης.
221 3689 337 3741 Ἰνα
370 3689 431 3742 δὲ
477 3685 629 3752 οὗτος
674 3693 702 3744 ὁ
741 3687 887 3755 οἶκος
917 3692 1132 3762 βέϐαιος
1161 3689 1216 3766 ᾗ,
1251 3693 1328 3755 ὠς
1370 3692 1450 3746 ἔνι
1485 3693 1671 3746 κάλλι-

94 3793 178 3829 στα
209 3778 340 3848 (51),
377 3780 793 3850 οίκοδομοῦνται
836 3781 1027 3852 δεσμοὶ
1077 3781 1188 3853 (52)
1236 3783 1386 3854 αὐτῷ
1433 3783 1502 3838 δι’
1549 3784 1670 3839 ὅλου

92 3871 221 3922 οἴκου
249 3871 416 3925 πέντε
449 3874 508 3925 έν
543 3874 706 3944 πήχει
735 3873 795 3927 τὸ
824 3873 977 3944 ὕψος,
1017 3875 1104 3928 ἵνα
1129 3875 1161 3946 ὴ
1187 3874 1294 3928 ἀπὸ
1329 3875 1438 3928 τῶν
1477 3875 1671 3948 αἰσθη-

92 3962 183 4014 τῶν
210 3965 299 4016 ἐπὶ
321 3964 428 4027 τὰς
461 3964 804 4036 καλουμένας
845 3966 995 4030 θείας
1037 3966 1321 4038 αἰσθήσεις
1361 3969 1546 4032 ἄνοδος
1580 3968 1674 4040 δη-

94 4053 217 4125 λωθῇ
245 4057 301 4108 έν
327 4055 463 4126 ὕψει
489 4057 852 4126 τυγχάνουσα,
887 4058 1023 4129 πρὸς
1060 4060 1386 4130 κατανόησιν
1412 4061 1520 4115 τῶν
1556 4079 1675 4134 νοη-

91 4145 201 4196 τῶν.
223 4147 681 4218 Μακαριωτέρων
716 4147 773 4200 δὲ
802 4147 967 4202 λίθων
1017 4150 1216 4220 χωρίον
1242 4150 1416 4204 ἔοικεν
1449 4148 1587 4206 εἶναι
1612 4154 1673 4208 τὸ

95 4240 410 4311 καλούμενον
472 4242 706 4312 Δαϐεὶρ,
748 4242 876 4296 ἔνθα
913 4245 944 4314 ἡ
987 4244 1218 4309 κιϐωτὸς
1257 4246 1354 4317 τῆς
1396 4247 1673 4321 Διαθήκης

90 4332 168 4383 ττιῦ
191 4335 392 4404 Κυρίου
416 4329 508 4404 ἦν,
543 4333 608 4386 ἶν’
629 4332 803 4397 οὕτως
837 4334 997 4400 εἴπω,
1029 4339 1090 4389 τὸ
1121 4337 1482 4410 χειρόγραφον
1515 4339 1674 4408 ἐτύγ-

93 4441 203 4490 χανε
245 4427 341 4480 τοῦ
386 4427 552 4491 Θεοῦ,
588 4429 646 4482 αἱ
691 4429 898 4493 πλάκες
922 4430 1300 4502 γεγραμμέναι
1323 4429 1402 4502 τῷ
1427 4431 1672 4503 δακτύλῳ

93 4517 258 4571 αὐτοῦ.
296 4520 357 4572 Ὀ
401 4520 464 4573 δὲ
524 4515 672 4585 οἶκος
711 4521 831 4585 ὅλος
881 4522 1210 4594 χρυσοῦται·
1258 4545 1277 4576 ι
1332 4524 1491 4578 Ὄλον
1540 4524 1670 4597 γὰρ,

1596 1944 1674 1996 εί·
1705 1908 1748 1963 Β

1781 643 1948 699 etiam
1982 644 2034 698 in
2065 652 2261 715 quarto
2293 657 2458 712 anno,
2486 645 2741 703 sedentes
2779 649 2846 704 ad
2871 647 3242 707 fundationem
3272 655 3368 708 do-

1779 748 1903 788 mus
1959 732 2076 789 Dei.
2130 732 2402 791 Caeterum
2459 738 2743 792 octonario
2800 753 3028 795 numero
3099 755 3367 797 annorum

1779 823 2084 896 completur
2108 825 2323 894 domus,
2355 836 2551 884 octavo
2591 841 2775 884 mense
2811 830 2990 886 octavi
3022 831 3148 888 anni
3180 847 3212 888 a
3245 832 3368 888 fun-

1780 915 2002 972 datione
2032 916 2100 971 ".

1847 1009 1938 1064 9.4.
1971 1006 2116 1066 Nihil
2154 1019 2334 1065 autem
2367 1005 2586 1068 abStirdi
2622 1011 2726 1068 erit
2752 1013 3193 1073 existimantibus
3227 1031 3367 1088 prm-

1779 1107 1864 1155 tcr
1887 1100 2168 1156 historiam
2218 1099 2483 1156 declarari
2521 1116 2616 1172 per
2646 1103 2759 1158 haec
2789 1105 2936 1160 aliud
2979 1105 3134 1172 nihil,
3164 1105 3216 1160 in
3250 1122 3366 1161 me-

1777 1191 1868 1248 dio
1895 1208 2146 1249 sermone
2177 1195 2340 1250 verba
2375 1194 2654 1260 adhibere,
2678 1199 2876 1266 quibus
2907 1201 3112 1268 pudore
3147 1197 3367 1269 perfun-

1777 1285 1991 1347 dantur,
2015 1295 2069 1341 et
2098 1285 2386 1340 ﬂectantur
2423 1288 2490 1342 ad
2521 1291 2869 1358 qumremlum
2917 1290 2967 1345 in
3003 1293 3108 1358 his,
3145 1307 3242 1346 ceu
3277 1292 3366 1345 lit-

1778 1380 1907 1432 teris
1950 1377 2221 1448 Spiritus,
2268 1395 2488 1435 sensum
2546 1375 2752 1450 Spiritn
2795 1383 3039 1453 dignum.
3067 1387 3146 1438 An
3178 1399 3365 1454 regunt

1778 1469 1870 1523 lilii
1907 1471 2173 1525 vacabant
2226 1471 2514 1541 scalptioni
2567 1475 2857 1544 grandiutn
2899 1484 2955 1528 et
3004 1475 3363 1545 pretioSorum

1777 1560 2042 1632 lapidum,
2076 1572 2289 1631 sumpta
2315 1576 2434 1620 arte
2465 1581 2496 1620 a
2529 1567 2676 1635 regia
2707 1566 3073 1636 generositate
3095 1575 3148 1622 et
3171 1567 3363 1622 nobili-

1779 1660 1888 1706 tate
1940 1651 2171 1707 aliena?
2223 1655 2306 1708 An
2364 1655 2527 1710 etiam
2588 1673 2847 1712 numerus
2902 1656 3064 1727 205
3125 1657 3368 1714 humeris

1773 1755 1939 1800 enera
1968 1749 2319 1818 gestantiuin,
2348 1760 2404 1804 et
2437 1749 2816 1818 lapicidarnm,
2859 1762 2915 1806 et
2961 1750 3364 1820 praefectorum,

1776 1852 1840 1892 ac
1864 1850 2138 1908 postremo
2164 1842 2425 1910 temporis
2457 1843 2873 1912 prmparationis
2895 1841 3129 1912 lapidum
3157 1856 3369 1899 rerum-

1773 1949 1879 2004 que
1913 1931 2171 1990 similium
2211 1929 2508 2008 vulgarlter
2537 1937 2836 2008 inscriptus
2857 1949 2941 1996 εει
2964 1938 2987 1992 ?
3014 1937 3233 1994 Scilicet
3257 1937 3369 1992 Deo

1775 2027 2030 2083 a-dilleari
2062 2044 2289 2085 necesse
2315 2042 2434 2086 erat
2457 2032 2674 2086 domum
2703 2041 2970 2098 sanctam,
2997 2048 3116 2102 qnze
3146 2033 3196 2086 in
3235 2047 3367 2102 pace

1774 2116 2211 2180 construebatur,
2243 2116 2360 2172 sine
2387 2119 2580 2174 malleo
2609 2128 2664 2176 et
2700 2121 2876 2176 securi
2905 2132 2961 2178 et
3001 2123 3191 2194 quovis
3224 2125 3352 2182 ferri

1775 2206 2175 2275 instrumento,
2229 2221 2288 2266 ut
2338 2213 2705 2269 turbulentum
2753 2215 2890 2272 nihil
2939 2226 3259 2288 sequeretur
3297 2222 3349 2276 in

1774 2303 1977 2372 templo
2004 2302 2120 2359 Del.
2156 2304 2389 2361 Proinde
2431 2321 2619 2363 rursus
2658 2317 2843 2365 contra
2876 2310 2974 2366 hos
3018 2311 3110 2380 qui
3159 2313 3350 2370 littera:

1775 2394 2040 2460 serviunt,
2081 2395 2434 2464 quaestionem
2469 2410 2661 2452 moveo
2692 2412 2706 2448 :
2739 2395 2842 2464 Qui
2890 2397 3008 2454 ﬁeri
3060 2407 3275 2468 poterat
3309 2407 3366 2451 nt

1775 2487 2041 2542 chillades
2071 2488 2350 2556 octoginta
2399 2485 2755 2557 lapicidarnm
2787 2503 2910 2544 cum
2938 2498 3150 2555 essent,
3191 2491 3364 2546 aedili-

1775 2588 1997 2632 caretur
2027 2578 2218 2632 domus
2248 2576 2342 2632 Dei
2384 2578 2653 2650 lapidibus
2683 2580 2856 2645 duris,
2899 2579 3166 2650 candidis,
3194 2597 3366 2652 neque

1776 2671 1991 2737 malleo,
2031 2685 2207 2741 neque
2239 2672 2440 2737 securi,
2473 2685 2568 2728 seu
2601 2672 2786 2744 aliquo
2833 2673 2965 2730 ferri
2999 2676 3365 2731 instrumento

1775 2763 1966 2818 audito
2001 2762 2054 2817 in
2085 2764 2244 2818 domo
2284 2763 2477 2831 ipsius,
2507 2764 2634 2819 dum
2669 2764 2782 2833 ipsa
2808 2765 3210 2822 aediﬁcaretur?
3233 2766 3364 2821 Vide

1775 2871 1930 2921 vero,
1965 2871 2035 2911 ne
2057 2855 2202 2911 forte
2237 2857 2484 2912 viventes
2517 2856 2770 2924 lapicidis
2810 2857 3038 2927 lapides,
3070 2859 3186 2913 sine
3215 2865 3361 2914 stre-

1774 2950 1886 3020 pitu
1938 2951 2073 3007 secti
2128 2959 2184 3006 et
2229 2948 2486 3014 tumultu,
2529 2950 2925 3006 exscindantur
2957 2950 3158 3006 alicubi
3205 2961 3360 3008 extra

1777 3041 2064 3113 templum,
2097 3052 2158 3097 ut
2211 3043 2385 3112 parati
2445 3042 2665 3095 veniant
2717 3041 2783 3095 ad
2838 3050 3130 3097 structurae
3185 3042 3360 3099 locum

1774 3138 2208 3192 convenientem.
2252 3135 2389 3204 inn
2422 3149 2683 3190 ascensus
2713 3134 2930 3204 quidam
2971 3145 3055 3190 εει
3097 3134 3242 3190 circa
3268 3137 3363 3191 do-

1779 3237 1924 3279 mum
1963 3225 2057 3281 Dei
2088 3242 2192 3282 non
2225 3225 2433 3281 habens
2469 3221 2716 3296 angulos,
2749 3225 2844 3280 sed
2886 3223 3148 3282 ﬂexiones
3187 3236 3362 3282 reeta-

1778 3336 1893 3373 rum
1929 3320 2216 3374 linearum.
2269 3316 2547 3386 Scriptum
2591 3325 2677 3372 est
2716 3317 2861 3372 enim
2895 3333 2908 3370 :
2945 3333 2966 3368 ι
2995 3317 3061 3371 Ει
3105 3329 3363 3373 ascensus

1773 3412 2046 3465 llimtosus
2080 3420 2198 3463 erat
2242 3411 2313 3462 ad
2363 3408 2600 3462 medium
2651 3405 2949 3462 thalamum
2987 3422 3003 3472 ;
3035 3416 3090 3461 et
3119 3419 3148 3461 a
3185 3407 3364 3462 medio

1775 3516 1946 3572 usque
1995 3501 2062 3555 ad
2121 3501 2341 3555 tertium
2375 3499 2635 3568 laqueare
2663 3498 2731 3554 ".
2774 3517 2793 3550 ι
2828 3497 3158 3552 Flexnosum
3217 3498 3363 3554 enim

1774 3607 1894 3649 esse
1923 3609 2146 3650 necesse
2175 3593 2374 3648 eratin
2425 3589 2519 3645 Dei
2569 3590 2770 3662 templo
2816 3605 3102 3646 ascensum
3139 3590 3312 3661 ipsnnt
3343 3606 3359 3658 ;

1775 3685 1915 3739 linea
1939 3686 2158 3755 obliqua
2185 3699 2420 3739 ascensu
2450 3684 2568 3752 ipso
2601 3683 2848 3737 imitante
2872 3683 3136 3738 circulum
3162 3682 3365 3751 aequis-

1774 3777 2130 3832 sinnnn..lam
2161 3791 2288 3830 vero
2310 3787 2369 3830 ut
2408 3776 2602 3831 domus
2633 3775 2743 3830 hare
2775 3775 2845 3830 sit
2881 3777 3060 3840 ﬁrma,
3088 3777 3367 3832 aediﬁcan-

1777 3880 1864 3925 tur
1887 3870 1962 3925 illi
1991 3885 2152 3939 quatn
2207 3867 2572 3938 pulcherrime
2623 3866 2836 3920 vincula
2869 3867 3112 3938 quinque
3135 3879 3234 3938 per
3275 3877 3364 3924 to-

1775 3973 1884 4018 tam
1918 3963 2136 4018 domum
2176 3961 2336 4016 unius
2365 3961 2532 4016 cubiti
2557 3961 2844 4016 altitudine
2869 3961 2958 4028 ";
3009 3972 3068 4017 ut
3109 3962 3367 4018 innuatur

1773 4055 1970 4111 debere
1997 4068 2097 4109 nos
2125 4053 2420 4108 ascendere
2449 4053 2504 4108 in
2542 4053 2776 4108 sublime
2812 4069 2842 4107 ιι
2878 4053 3040 4109 rebus
3083 4054 3362 4109 sensibili-

1773 4147 1876 4203 bus
1908 4147 1975 4201 ad
2003 4160 2096 4202 eos
2122 4159 2318 4201 sensus
2341 4160 2480 4216 quos
2516 4145 2731 4202 divinos
2774 4156 2992 4209 vocant,
3045 4147 3362 4212 cuntuendi,

1772 4255 1838 4297 ac
1871 4238 2268 4310 contemplandi
2305 4253 2468 4294 causa
2510 4253 2598 4294 res
2635 4254 2729 4294 eas
2759 4252 2881 4309 qua:
2919 4239 3103 4294 animo
3131 4253 3364 4294 cernuno

1778 4345 1884 4388 tur.
1914 4331 2084 4388 Porro
2116 4333 2420 4386 beatiorum
2467 4329 2704 4400 lapidum
2740 4331 2896 4386 locus
2931 4329 3022 4386 ille
3054 4343 3176 4388 esse
3209 4331 3356 4388 vide-

1777 4437 1864 4482 tur
1891 4425 1982 4496 qui
2010 4432 2237 4478 vocatur
2271 4421 2433 4477 Dabir
2460 4423 2542 4489 ";
2577 4423 2666 4478 ubi
2713 4437 2840 4479 arca
2875 4422 3212 4479 Testamenti
3258 4423 3366 4478 Do-

1776 4515 1904 4569 mini
1960 4521 2202 4577 erat,et
2256 4513 2708 4584 chirographum,
2762 4527 2823 4571 ut
2878 4518 2952 4571 ita
3013 4517 3219 4581 dicam,
3249 4515 3366 4579 Dei,

94 4612 229 4677 φησὶ,
278 4612 372 4666 τὸν
419 4609 573 4666 οἷκον
611 4615 928 4687 περιέχρισε
957 4616 1186 4688 χρυσίῳ,
1220 4617 1324 4680 ἓως
1365 4617 1669 4681 συντελείας

1794 4619 1974 4674 riempe
2022 4603 2219 4659 tabulae
2243 4604 2460 4673 scripta:
2494 4606 2661 4675 digito
2699 4607 2870 4678 ipsius
2902 4607 2970 4663 ⁸ο.
3014 4609 3088 4665 At
3123 4617 3237 4664 tota
3269 4611 3366 4664 do-

94 4705 273 4768 παντὸς
301 4705 400 4759 τοῦ
430 4705 604 4761 οἴκου.
632 4727 650 4759 ι
674 4709 753 4762 Τά
779 4709 961 4780 μέντοι
987 4709 1080 4763 δύο
1101 4709 1364 4781 χερουϐὶμ
1386 4712 1444 4764 ὲν
1465 4709 1544 4781 τῷ
1561 4711 1669 4764 Δα-

1794 4719 1900 4760 unus
1939 4705 2275 4758 inauratur:
2316 4719 2336 4755 ι
2379 4700 2573 4758 Totam
2633 4705 2818 4775 enim,
2880 4704 3092 4777 inquit,
3144 4705 3361 4761 domum

95 4793 197 4865 ίεὶρ
233 4793 323 4868 ἦν,
355 4799 504 4868 ὅπερ
547 4799 609 4852 οῦ
656 4799 970 4872 δεδύνηνται
1011 4803 1344 4874 ἑρμηνεῦσαι
1389 4805 1593 4876 κυρίως
1621 4805 1669 4859 οί

1794 4813 1915 4851 ιιιτο
1955 4797 2387 4866 circumquaque
2418 4795 2636 4851 auravit
2681 4813 2854 4867 usque
2879 4799 2946 4853 ad
2973 4797 3362 4869 perfectionem

98 4889 594 4962 μεταλαμϐάνοντες
631 4895 712 4956 είς
743 4893 1093 4965 Ἑλληνισμὸν
1133 4895 1201 4948 τὰ
1241 4896 1526 4968 Ἐϐραίων.
1558 4899 1669 4951 Κα-

1794 4892 2046 4945 miversa:
2077 4890 2270 4944 domus
2292 4888 2355 4944 ⁸⁸.
2383 4907 2404 4942 ι
2435 4888 2702 4946 Praeterea
2733 4891 2839 4947 duo
2869 4893 3147 4947 cherubim
3171 4892 3224 4946 in
3260 4891 3360 4946 Da.

95 4983 598 5056 τιχρτιστικὼτερον
628 4985 686 5038 δέ
717 5003 861 5049 τινες
905 4986 1031 5040 ναὸν
1072 4986 1237 5042 αὑτὸν
1274 4988 1531 5060 εἰρήκασι
1575 4988 1669 5042 τοῦ

1794 4988 1868 5041 bir
1890 4992 2046 5040 erant
2072 4983 2140 5050 ⁸³,
2189 4983 2335 5054 quod
2366 4983 2586 5054 proprie
2635 4982 2981 5054 interpretari
3023 4999 3130 5040 non
3167 4993 3362 5054 potue-

154 5103 196 5134 τ’
221 5102 282 5156 Ill
311 5103 460 5172 Reg.
482 5119 559 5168 Vl,
590 5106 642 5170 1,
671 5104 762 5170 57,
784 5106 874 5164 58.
972 5105 1020 5139 ’⁷
1047 5105 1180 5162 ibid.
1209 5105 1264 5163 2.
1363 5107 1410 5140 ’⁸
1429 5106 1556 5164 ibid.
1583 5106 1669 5165 10.

1799 5108 1820 5140 ⁹
1847 5106 1980 5165 ibid.
2015 5103 2098 5173 16,
2139 5103 2228 5160 19.
2331 5101 2378 5135 ⁸ο
2421 5102 2592 5160 Exod.
2630 5119 2785 5170 xui,
2823 5098 2922 5170 18;
2973 5101 3130 5158 Deut.
3159 5119 3238 5172 ιι,
3270 5102 3361 5160 10.

97 5168 133 5200 ιι
159 5173 214 5228 ιιι
238 5173 374 5242 Reg.
400 5168 486 5239 in,
516 5168 636 5231 at;
681 5176 727 5209 ι’
749 5168 891 5233 ibid.
918 5176 1010 5233 εδ.

103 5288 306 5368 llnetins
351 5291 713 5346 scribendum
760 5293 1010 5357 censuit,
1051 5293 1131 5364 τῷ
1165 5293 1305 5366 ἁγίῳ
1336 5291 1448 5365 ναῷ
1491 5293 1550 5346 ὲν
1589 5290 1668 5363 τῷ

1796 5289 1837 5344 11
1885 5287 2022 5359 Reg.
2051 5305 2106 5368 v_,
2138 5288 2224 5368 l_8,
2260 5289 2402 5368 unde
2436 5286 2602 5368 locus“
2634 5284 2725 5368 ille
2768 5285 2877 5341 τῶν
2911 5286 2966 5341 0'
3003 5286 3360 5358 depromptns

99 5360 341 5431 τετάρτῳ.
372 5372 489 5415 etc.
557 5430 560 5431 ν
998 5355 1005 5357 “
1101 5355 1114 5364 ’
1213 5355 1225 5363 ’
1275 5355 1288 5366 ’
1420 5355 1432 5365 ’
1637 5355 1651 5363 ⁷
1776 5370 1892 5426 est;
1934 5355 2258 5431 vocabulum
2297 5355 2678 5431 qtt_ipp(_3__i”tld
2729 5372 2833 5431 pro
2893 5355 3363 5431 punctorutn’va-

161 5426 596 5508 (66):’Or60¢_£6t
643 5432 1150 5508 μέντοιγε-ἐτῶν,
1201 5443 1308 5488 etc.
1372 5431 1669 5508 Undecimo

1794 5431 1976 5508 ’ἱυιςιιο
2001 5429 2086 5508 vel
2119 5430 2261 5496 ﬁ'ios
2296 5426 2375 5508 vel!
2412 5426 3085 5508 (telliﬁcaLOi'es_sigtiiticat.
3123 5427 3200 5482 In.
3259 5498 3293 5508 η

1851 5500 1974 5580 (ίί8)
2025 5493 2556 5567 Ἑζτέισημειώσεως.
2624 5493 2980 5553 Βθδιιίθιῖιιιιι·
3039 5497 3094 5552 in
3171 5498 3365 5558 codice

1779 5571 2092 5626 Bodleiano.

2103 5641 2185 5719 lex
2219 5637 2566 5719 Dodleiantts.
2597 5639 3002 5719 τυγχανόντων.

103 5515 226 5556 anno
251 5505 320 5557 ab
353 5505 648 5570 auspicato
663 5502 982 5574 iSalomOnis
1009 5521 1195 5574 regno,
1227 5512 1419 5558 octavo
1449 5519 1477 5557 a
1507 5503 1672 5572 jactis

107 5575 267 5640 tciitpli
320 5573 744 5644 fundamentis:
775 5573 1299 5644 septennio’qnippe
1347 5574 1536 5643 ingens
1583 5574 1669 5627 illa

103 5645 292 5720 εεσιιιίςίἰ
328 5644 511 5720 moles
543 5643 793 5720 absoluta
824 5656 930 5700 est.
960 5643 1306 5716 Jnseph.’lib.
1335 5659 1431 5700 vttt
1465 5645 1669 5715 Antiq.,
2103 5643 2185 5720 lex
2219 5643 2345 5720 liud!

104 5729 202 5776 ιξῖιιι.
229 5714 285 5778 2,
313 5731 370 5769 n.
401 5718 441 5768 4
469 5724 525 5769 et
555 5713 606 5767 5.
649 5713 908 5770 "uenus.
1091 5708 1109 5716 ’
1604 5708 1614 5715 ’

1852 5708 1966 5778 (51³)
2007 5708 2183 5764 Codex
2219 5710 2438 5776 Iit-gius,
2475 5708 2580 5774 ἔξω
2613 5709 2706 5762 τοῦ
2730 5708 2900 5764 κατά.

160 5782 263 5864 (ῙΠ)
303 5781 462 5854 Ἆρα
629 5788 688 5864 ρί
729 5785 851 5864 τῷν
881 5785 1196 5864 βασᾳέωις
1224 5785 1366 5864 υἱοί.
1393 5792 1499 5864 etc.
1529 5783 1669 5864 LX);

2005 5781 2183 5864 (‘jodex
2211 5779 2443 5864 'lle'g'ins,
2480 5779 2743 5864 μάλιστα..¹
2786 5853 2798 5864 ⁸
3009 5850 3049 5864 “
3129 5851 3140 5862 ⁸

105 5850 590 5927 εςιῖιιὲετιιῖιιςκαὶ
621 5857 968 5927 ίὲπελέκησαν
1011 5859 1061 5910 οἱ
1103 5856 1208 5910 υἱοὶ
1245 5854 1529 5927 Σαλομὼν,
1577 5856 1669 5909 καὶ

1794 5924 1800 5927 5
1853 5850 1966 5922 (59.)
2004 5852 2240 5922 Δεσμοί.
2288 5853 2378 5906 Sic
2411 5855 2576 5910 codex
2615 5851 2974 5919 llodlcianus;
3009 5850 3233 5922 Regius,
3275 5851 3362 5908 έν-

107 5925 144 5970 sl
175 5927 271 5978 υἱοὶ
307 5926 557 5998 Χειράμ.
595 5926 807 5983 Feiellit
845 5924 938 5983 eos
973 5944 1072 5982 vos
1103 5935 1217 5993 ω,
1260 5924 1399 5997 quae
1446 5925 1669 5982 habetur

1794 5924 1989 5995 Ξεσμοι.
