3826 6534
395 410 498 466 εει

1863 395 2190 454 01116ΕΝΙΒ

3583 406 3682 466 588

393 539 541 593 runt,
577 526 669 600 αἰιί
715 539 806 584 res
845 525 1146 584 Hebraicas
1193 523 1249 579 in
1279 521 1528 578 Gratcum
1562 515 1976 576 transtulerunt.

2159 514 2235 581 οῦ,
2269 514 2598 586 τιμιώτερον
2647 514 2985 586 τυγχάνοντα
3035 515 3169 586 (55).
3204 517 3394 574 Πάντα
3443 517 3688 592 μέντοιγε

391 622 630 676 Ahusive
662 631 844 676 antem
878 620 1100 688 quidam
1139 617 1284 672 hunc
1315 615 1494 671 locum
1541 613 1796 668 dixerunt
1843 618 1987 665 tem-

393 715 538 782 plum
566 715 711 784 quod
752 712 1127 769 honorabilius
1151 710 1352 781 templo
1383 707 1691 764 exsisteret.
1717 701 1988 758 Craterum

393 819 513 874 qua:
538 805 592 860 in
618 805 777 860 domo
794 803 1001 869 sunt”,
1030 801 1165 856 fiunt
1189 808 1302 856 tota
1325 813 1508 864 aurea,
1535 797 1587 852 in
1611 795 1823 866 signum
1846 791 1991 862 quod

397 915 554 956 meus
581 896 1080 969 omniuoperfecta
1109 901 1422 950 accuratam
1459 887 1851 946 discretionem
1886 887 1988 940 ha-

395 993 524 1050 beat
569 1007 752 1048 rerum
808 1006 932 1062 qua:
988 996 1168 1044 mente
1228 985 1641 1057 percipiuntur;
1687 993 1810 1049 qua:
1866 992 1995 1046 quo-

396 1086 542 1140 niam
571 1085 796 1142 omnino
839 1083 1024 1156 pervia
1057 1090 1114 1138 et
1155 1075 1549 1150 coguoscibilia
1579 1087 1686 1129 non
1729 1078 1878 1136 sunt,
1913 1067 1996 1122 fa-

2097 605 2297 678 χρυσὸς
2338 606 2406 659 τὰ
2460 607 2600 660 κατὰ
2641 607 2732 661 τὸν
2774 603 2925 662 οἷκον
2968 609 3277 680 γεγένηται,
3310 611 3393 674 είς
3425 609 3687 683 σύμϐολον

2096 698 2191 754 τοῦ
2233 698 2611 769 τελειουμένου
2654 700 2873 766 πάντως
2909 700 3000 756 νοῦ
3036 702 3174 774 πρὸς
3209 704 3312 775 τὴν
3345 703 3458 758 τῶν
3489 705 3688 774 νοητῶν

2098 792 2304 865 ἀκριϐῆ
2333 791 2595 859 άπὸταξιν
2635 792 2744 863 (54)
2765 809 2780 826 ⁸
2817 793 2941 847 ἐπεὶ
2983 794 3040 847 δὲ
3075 795 3422 850 παντάπασιν
3451 795 3554 850 οὐκ
3579 796 3688 852 ἔστι

2101 885 2238 957 βατὰ
2261 885 2354 938 καὶ
2389 884 2624 954 γνωστὰ,
2653 885 3014 957 οἰκοδομεῖται
3046 889 3450 961 καταπέτασμα
3471 888 3571 961 τῆς
3600 889 3690 942 αὑ-

2098 977 2216 1050 λῆς,
2250 979 2363 1041 τοῖς
2406 976 2620 1041 πολλοῖς
2645 975 2754 1032 τῶν
2787 976 2980 1050 ἱερέων
3010 980 3105 1034 καὶ
3147 980 3396 1036 Λευιτῶν
3425 980 3530 1036 οὐκ
3565 981 3689 1036 ἀπο-

2103 1069 2528 1141 καλυπτομένων
2549 1069 2658 1123 τῶν
2690 1069 2979 1124 ἐνδοτάτω.

395 1179 640 1236 bricatnr
690 1177 934 1232 velamen
985 1172 1154 1240 aulae,
1203 1166 1558 1242 penitissimis
1607 1180 1714 1221 non
1768 1161 1988 1218 retectis
2019 1161 2329 1218 Levitarum
2359 1171 2415 1216 et
2446 1161 2794 1216 sacerdotum
2828 1163 3226 1232 compluribus.

391 1285 396 1330 ὲ
464 1274 630 1346 206
668 1273 758 1330 25.
804 1273 1049 1342 Quaesitu
1079 1283 1261 1327 autem
1311 1269 1533 1339 dignum
1582 1274 1666 1322 est
1721 1263 1990 1335 quomodo

398 1375 654 1438 tanquam
700 1381 797 1422 rex
841 1367 1057 1422 dicatur
1092 1363 1348 1420 Salomon
1382 1360 1653 1416 aedificare
1698 1356 1986 1426 templum,

395 1467 451 1516 et
480 1457 702 1514 Chiram
749 1465 1012 1527 tanquam
1056 1454 1392 1510 architectus
1417 1451 1465 1482 ⁸⁸
1499 1465 1513 1502 :
1558 1463 1718 1521 quem
1751 1447 1988 1501 accitum

396 1550 600 1621 recepit
623 1547 881 1604 Salomon
915 1548 1086 1603 filium
1129 1544 1376 1616 conjugis
1420 1543 1595 1598 vidua:
1627 1556 1693 1596 ex
1723 1539 1870 1611 Tyro
1892 1579 1906 1604 ,
1935 1547 1992 1593 et

397 1651 552 1710 patre
591 1639 777 1712 Tyrio,
817 1647 872 1694 et
899 1651 932 1693 e
962 1637 1107 1692 tribu
1149 1635 1534 1706 Nephthalim;
1560 1632 1714 1688 faber
1739 1630 1989 1696 aerarius,

397 1741 453 1786 et
482 1731 668 1801 plenus
704 1729 970 1800 sapientia
1005 1738 1060 1784 et
1085 1727 1362 1800 agnitione
1387 1729 1454 1780 ad
1490 1723 1794 1778 faciendum
1827 1736 1991 1776 omne

397 1834 534 1890 opus
570 1835 638 1876 ex
672 1835 810 1888 aere;
841 1819 934 1890 qui
983 1833 1111 1874 cum
1143 1817 1411 1872 adductus
1443 1812 1637 1868 fuisset
1687 1811 1754 1866 ad
1809 1825 1989 1881 regem

2165 1261 2258 1316 25.
2297 1258 2480 1324 ’Ἄξιον
2507 1258 2564 1312 δὲ
2597 1258 2830 1330 ζητῆσαι
2866 1259 2983 1324 πῶς
3014 1260 3090 1325 ὼς
3122 1261 3221 1333 μὲν
3253 1262 3513 1334 βασιλεὺς
3539 1265 3688 1320 Σολο-

2098 1353 2216 1426 μὼν
2261 1354 2356 1408 καὶ
2396 1352 2696 1424 οἰκοδομεῖν
2728 1352 2818 1406 τὸν
2851 1352 2976 1408 ναὸν
3020 1354 3256 1424 λέγεται,
3290 1357 3368 1422 ὡς
3395 1358 3443 1412 δ’
3475 1360 3689 1432 ἀρχιτέ-

2093 1464 2238 1501 κτων
2284 1446 2343 1500 ὃν
2389 1445 2577 1500 ἐλαϐεν
2626 1445 2952 1510 ἀποστείλας
2997 1448 3027 1500 ὁ
3066 1447 3320 1519 Σολομὼν
3365 1451 3588 1523 Χειρὰμ
3627 1453 3690 1507 ἐκ

2095 1540 2294 1612 Τύρου,
2333 1539 2444 1592 υἱὸν
2473 1539 2729 1608 γυναικὸς
2762 1540 2957 1610 χήρας,
2988 1541 3082 1594 καὶ
3112 1537 3267 1606 οὗτος
3296 1541 3408 1596 ἀπὸ
3449 1543 3554 1614 τῆς
3596 1562 3689 1614 cpu-

2095 1634 2193 1705 λῆς
2227 1631 2563 1702 Νεφθαλεὶμ,
2612 1632 2705 1686 καὶ
2744 1633 2772 1684 ὁ
2817 1633 2998 1706 πατὴρ
3027 1633 3190 1687 αὐτοῦ
3225 1634 3447 1706 Τύριος,
3487 1635 3688 1690 τέκτων

2096 1724 2322 1797 χαλκοῦ,
2352 1726 2446 1778 καὶ
2478 1723 2908 1796 πεπληρωμένος
2932 1725 3030 1796 τῆς
3054 1727 3321 1792 συνέσεως
3343 1728 3440 1780 καὶ
3463 1727 3691 1796 ἐπιγνώ-

2098 1833 2255 1880 σεως,
2295 1813 2388 1868 τοῦ
2439 1816 2614 1867 ποιεῖν
2663 1817 2771 1869 πᾶν
2820 1818 2978 1886 ἔργον
3021 1817 3080 1869 ἐν
3131 1816 3338 1888 χαλκῷ,
3367 1818 3427 1882 ὃς
3462 1819 3686 1892 εἰσήχθη

400 1909 766 1975 Salomonem,
811 1910 942 1966 fecit
990 1909 1174 1965 omnia
1207 1921 1394 1978 opera.
1441 1905 1682 1960 Proinde
1724 1903 1980 1974 inspicito

2159 1907 2224 1970 ὡς
2253 1906 2343 1959 τὸν
2381 1905 2603 1976 βασιλέα
2638 1906 2913 1978 Σολομῶν,
2969 1907 3064 1961 καὶ
3115 1910 3341 1981 ἐποίησε
3390 1910 3578 1965 πάντα
3623 1911 3690 1964 τά

397 2019 467 2060 an
497 2004 636 2059 forte
659 2004 915 2060 Salomon
941 2003 1113 2073 accipi
1137 2001 1308 2072 possit
1335 2000 1388 2054 in
1417 1997 1844 2066 Primogenitum
1866 2011 1986 2050 om-

399 2099 484 2156 nis
513 2109 779 2156 creatura:
804 2098 872 2166 ⁸⁸,
892 2098 1114 2154 Chiram
1145 2111 1275 2152 vero
1308 2095 1362 2150 in
1400 2094 1676 2150 hominem
1705 2105 1864 2162 quem
1898 2089 1988 2145 hic

396 2191 799 2262 Primogcuitus
828 2189 1122 2260 assumpsit
1155 2189 1223 2244 ab
1255 2187 1538 2244 hominum
1567 2184 1986 2256 congregatione

396 2287 579 2356 (sonat
599 2285 741 2340 enim
774 2283 947 2356 Tyrii,
971 2283 1018 2338 si
1049 2297 1144 2338 eos
1163 2281 1611 2352 interpretemur,
1634 2275 1982 2338 continentes)

397 2377 670 2432 hominem
721 2385 914 2430 natura
957 2389 1132 2445 genus
1173 2374 1570 2438 continentem,
1599 2370 1692 2438 qui
1731 2369 1988 2440 impletus

396 2467 545 2522 onmi
590 2476 730 2531 arte,
769 2474 824 2521 et
858 2465 1110 2530 scientia,
1141 2474 1198 2520 et
1234 2464 1533 2536 agnitione,
1571 2463 1834 2518 adductus
1881 2470 1987 2528 est,

396 2574 700 2632 conperans
730 2557 1100 2630 Primogenito
1138 2558 1318 2614 omnis
1345 2564 1634 2623 creaturae,
1668 2563 1728 2609 ut
1756 2553 1989 2608 aedificet

400 2651 664 2724 templum
699 2651 752 2706 in
786 2666 896 2721 quo
932 2659 1220 2706 struuntur
1261 2649 1426 2705 etiam
1448 2647 1718 2718 ;fenest'ra:
1763 2643 1990 2700 occultae

402 2745 622 2816 oblique
645 2759 711 2799 ex
740 2744 849 2799 alto
881 2742 1322 2814 introspicientes
1346 2742 1414 2806 ⁸⁸,
1440 2748 1499 2794 ιιι
1517 2739 1834 2811 splendores
1854 2736 1990 2792 locis

399 2836 495 2892 Dei
527 2836 645 2907 capi
681 2836 912 2905 possint,
939 2847 994 2891 et
1022 2843 1082 2891 ut
1116 2834 1360 2890 Ecclesia
1399 2833 1550 2904 (quid
1594 2832 1738 2886 enim
1773 2836 1990 2900 oportet

399 2943 486 2984 me
517 2927 723 2999 singula
754 2941 1040 2984 recensere
1061 2927 1128 2997 ?),
1159 2926 1424 2981 rationem
1459 2922 1664 2978 habens
1690 2919 1988 2992 spiritualis

399 3020 593 3076 domus
615 3029 672 3075 et
697 3018 878 3089 templi
915 3019 1030 3085 Dei,
1072 3018 1382 3072 inveniatur
1417 3029 1616 3085 corpus
1655 3012 1879 3069 Christi.
1917 3009 1989 3067 Ut

397 3112 543 3167 enim
575 3112 822 3182 pradixi,
848 3109 1118 3181 sapientia
1142 3122 1368 3180 egemus
1395 3122 1458 3162 ea
1491 3121 1611 3176 qua:
1637 3105 1688 3160 in
1726 3103 1988 3174 mysterio

399 3213 487 3258 est
517 3201 795 3258 recondita
821 3200 891 3265 ⁸⁷,
912 3211 966 3255 et
991 3215 1113 3269 qua:
1137 3199 1236 3254 soli
1265 3197 1341 3252 illi
1373 3207 1454 3252 est
1490 3195 1864 3266 perceptibilis
1892 3192 1987 3265 qui

399 3298 585 3354 dicere
614 3305 836 3367 potest:
875 3311 894 3346 ι
936 3293 1046 3349 Nos
1077 3303 1258 3348 autem
1296 3299 1530 3346 mentem
1575 3288 1778 3344 Christi
1823 3287 1990 3342 habe-
2016 3269 2058 3327 (ἶ

399 3405 522 3446 mus
546 3387 613 3457 ",
652 3406 671 3441 ι
698 3397 758 3442 ιιι
790 3385 1000 3456 singula
1029 3400 1148 3454 qua:
1177 3385 1324 3440 dicta
1356 3393 1482 3438 sunt
1517 3381 1874 3452 spiritualiter
1905 3379 1991 3433 in-

399 3489 764 3552 terpretemur
786 3477 940 3548 juxta
973 3477 1118 3532 illius
1153 3475 1486 3531 voluntatem
1509 3473 1602 3544 qui
1631 3471 1900 3540 diSposuit
1933 3477 1991 3524 ut

398 3573 517 3629 haec
541 3571 938 3628 scriberentur.
971 3567 1188 3638 Alioqui
1219 3567 1382 3623 etiam
1429 3564 1638 3635 singula
1678 3563 1795 3618 haec
1819 3577 1989 3631 expo-

397 3680 530 3722 nere
550 3681 657 3721 non
687 3668 788 3720 est
811 3661 1096 3733 prmsentis
1140 3659 1407 3716 lectionis.
1443 3655 1808 3727 Quamobrem
1843 3652 1990 3710 sum-

399 3759 550 3814 ciaut
586 3760 703 3813 htec
729 3756 796 3811 ad
847 3754 1134 3810 videndum
1167 3752 1442 3823 quomodo
1481 3769 1501 3804 ι
1542 3750 1632 3806 ille
1675 3750 1890 3806 dicebat
1923 3749 1989 3805 de

398 3849 600 3920 templo
627 3847 874 3919 corporis
904 3848 987 3902 sui
1013 3845 1082 3902 ⁸³.
1125 3865 1144 3897 ι

467 4037 558 4092 26.
587 4036 856 4092 Czeterum
888 4033 1110 4106 dignum
1137 4041 1222 4088 est
1255 4039 1314 4086 ut
1344 4040 1465 4102 post
1485 4031 1602 4086 haec
1631 4029 1986 4100 inspiciamus

398 4141 467 4180 an
509 4124 669 4180 facile
717 4125 862 4178 factu
906 4123 999 4188 sit,
1050 4132 1106 4176 ut
1147 4123 1262 4176 haec
1289 4138 1408 4191 quae
1435 4123 1661 4176 historia
1700 4120 1867 4176 refert
1901 4120 1986 4174 fa-

398 4227 484 4270 cta
512 4214 678 4268 fuisse
715 4214 769 4268 in
803 4212 1024 4282 templo,
1063 4212 1344 4267 evenerint
1373 4211 1668 4282 aliquando
1693 4226 1786 4266 seu
1823 4225 1990 4266 even-

401 4317 523 4361 tura
570 4305 682 4360 sint
737 4304 888 4358 circa
939 4303 1157 4358 domum
1211 4302 1569 4371 spiritualetn.
1598 4299 1825 4356 Videtur
1855 4317 1986 4356 vero

400 4413 506 4455 nos
552 4398 804 4466 utrinque
844 4409 1037 4464 urgere
1073 4395 1246 4457 ratio;
1280 4409 1402 4448 nam
1444 4393 1560 4449 sive
1594 4394 1838 4449 dicamus
1870 4394 1985 4450 ﬁeri

401 4503 562 4560 posse
593 4497 652 4542 ut
690 4488 806 4542 hzec
838 4487 992 4550 fiant,
1019 4487 1104 4540 vel
1135 4488 1367 4556 quadam
1396 4489 1607 4542 ratione
1651 4486 1791 4542 facta
1817 4487 1986 4544 fuisse

2086 1999 2245 2071 ἔργα.
2294 1997 2587 2069 Ἐφίστημι
2630 1998 2688 2052 δέ
2724 1999 2800 2071 μή
2817 2016 2934 2053 τοτε
2968 2000 2997 2052 ὁ
3031 2001 3130 2071 μὲν
3172 2001 3428 2073 Σολομὼν
3481 2004 3562 2068 είς
3601 2003 3689 2056 τὸν

2087 2092 2437 2164 Πρωτότοκον
2477 2091 2658 2163 πάσης
2691 2093 2921 2156 κτίσεως
2958 2092 3330 2164 Μμὸάνεσθαι
3377 2095 3623 2164 δύναται,
3658 2098 3691 2152 ὁ

2085 2184 2142 2239 δέ
2176 2186 2416 2258 Χειρὰμ,
2451 2187 2531 2250 είς
2577 2185 2636 2238 ὃν
2681 2185 2975 2256 ἀνείληφεν
3020 2179 3196 2254 οὗτος,
3242 2187 3535 2260 άνθρωπον
3580 2189 3690 2244 ἀπὸ

2085 2275 2188 2348 τῆς
2219 2277 2330 2330 τῶν
2371 2277 2674 2350 ἀνθρώπων
2717 2276 2947 2347 συνοχῆς
2975 2276 3186 2350 (Τύριοι
3218 2277 3328 2351 γὰρ
3362 2280 3694 2352 ἑρμηνεύον-

2087 2385 2176 2422 ται
2192 2371 2560 2439 συνέχοντες
2583 2367 2745 2442 [55]),
2771 2372 2839 2440 τῇ
2864 2369 3020 2439 φύσει
3047 2370 3110 2423 τὺ
3127 2371 3286 2439 γένος
3301 2371 3518 2440 έχοντα,
3543 2373 3692 2437 ὅστις

2089 2463 2518 2534 πεπληρωμένος
2571 2461 2753 2533 πάσης
2803 2461 3022 2532 τέχνης,
3080 2463 3175 2516 καὶ
3229 2463 3542 2529 συνέσεως,
3594 2464 3694 2520 καὶ

2089 2550 2456 2620 ἐπιγνώσεως,
2493 2553 2743 2624 εἰσήχθη,
2789 2552 3064 2625 συνεργῶν
3095 2553 3174 2624 τῷ
3213 2554 3558 2628 Πρωτοτόκῳ
3587 2555 3694 2612 πά-

2091 2661 2191 2717 σης
2221 2646 2471 2711 κτίσεως,
2501 2646 2588 2700 ἵνα
2616 2646 2946 2719 οίκοδομήσῃ
2973 2647 3066 2701 τὸν
3095 2647 3241 2715 ναὸν,
3275 2650 3335 2702 ἐν
3379 2641 3426 2716 ᾧ
3454 2651 3553 2704 καὶ
3594 2650 3692 2704 θυ-

2093 2739 2234 2810 ρίδες
2290 2739 2780 2810 παρακύπτόμεναι
2845 2741 3084 2810 κρυπταὶ
3142 2741 3684 2806 κατασκευάζονται,

2090 2831 2227 2902 πρὸς
2261 2831 2358 2896 τὰς
2382 2831 2679 2902 ἐλλάμψεις
2723 2831 2816 2885 τοῦ
2865 2831 3042 2902 φωτὸς
3083 2827 3180 2886 τοῦ
3224 2831 3364 2886 Θεοῦ
3403 2835 3693 2906 σωτηρίως

2088 2922 2382 2994 δυνηθῆναι
2407 2924 2801 2996 χωρῆσαι,(καὶ
2820 2924 2873 2976 τί
2900 2942 2966 2996 με
2991 2925 3073 2978 δεῖ
3091 2924 3270 2994 λέγειν
3291 2926 3396 2980 καθ
3408 2925 3629 2983 ἑκαστον
3646 2927 3693 3001 ς)

2091 3015 2178 3072 ῖνα
2206 3016 2403 3088 εὑρεθῇ
2433 3018 2494 3069 τὸ
2530 3015 2690 3088 σῶμα
2735 3017 2974 3088 Χριστοῦ
3003 3019 3036 3088 ἡ
3083 3019 3381 3090 Ἐκκλησία
3414 3018 3508 3074 τὸν
3535 3020 3694 3088 λόγον

2089 3108 2289 3180 ἔχουσα
2320 3109 2412 3162 τοῦ
2447 3108 2813 3180 πνευματικοῦ
2868 3112 3021 3164 οῐκου
3071 3112 3166 3165 καὶ
3205 3112 3337 3166 ναοῦ
3385 3111 3484 3166 τοῦ
3531 3111 3691 3168 Θεοῦ.

2101 3201 2192 3267 Ὠς
2219 3202 2327 3272 γὰρ
2362 3205 2642 3275 προεῖπον,
2675 3202 2774 3274 τῆς
2820 3204 2879 3256 ἐν
2923 3204 3210 3275 μυστηρίῳ
3254 3205 3697 3277 ἀποκεκρυμμὲ-

2092 3313 2190 3369 νης
2221 3296 2452 3367 δεόμεθα
2473 3296 2605 3367 (56),
2627 3295 2820 3365 σοφίας
2851 3297 3106 3368 χωρητῆς
3134 3297 3518 3370 τυγχανούσης
3545 3298 3695 3370 μόνῳ

2091 3389 2170 3460 τῷ
2195 3389 2473 3460 δυναμένῳ
2497 3391 2701 3442 εἰπεῖν·
2745 3408 2761 3440 ι
2814 3388 3005 3460 Ἡμεῖς
3044 3389 3102 3442 δὲ
3140 3389 3262 3443 νοῦν
3287 3391 3533 3463 Χριστοῦ
3568 3391 3694 3464 ἔχο-

2095 3499 2215 3554 μεν,
2244 3503 2262 3534 ι
2287 3483 2374 3536 ῖνα
2399 3481 2541 3536 κατὰ
2561 3481 2623 3535 τὸ
2645 3481 2891 3553 βούλημα
2913 3483 3007 3537 τοῦ
3035 3486 3499 3554 οίκονομήσαντος
3518 3485 3697 3540 ταῦτα

2091 3575 2369 3648 γραφῆναι
2398 3575 2782 3646 πνευματικῶς
2803 3576 3123 3647 ἐκλάϐωμεν
3150 3577 3382 3630 ἕκαστον
3413 3578 3523 3632 τῶν
3549 3580 3699 3650 εἰρη-

2095 3667 2292 3737 μένων.
2326 3665 2534 3730 ’Λλλως
2563 3667 2620 3719 δὲ
2653 3666 2748 3720 καὶ
2777 3666 2838 3718 ού
2870 3667 3010 3720 κατὰ
3057 3667 3118 3720 τὸ
3155 3669 3330 3740 παρόν
3371 3671 3528 3723 ἐστιν
3557 3671 3697 3724 ἀνά-

2091 3769 2322 3824 γνωσμα
2347 3753 2576 3806 ’ἑκαστον
2613 3754 2815 3806 τούτων
2846 3755 3184 3810 ἀναπλῶσαι.
3233 3759 3345 3812 Καὶ
3385 3759 3565 3814 ταῦτα
3602 3757 3698 3816 οὖν

2091 3844 2338 3916 αὐτάρκη
2391 3845 2528 3916 πρὸς
2579 3845 2639 3898 τὸ
2695 3846 2820 3899 ἰδεῖν
2869 3846 2987 3910 πῶς
3045 3866 3065 3899 ι
3117 3849 3325 3913 ἐκεῖνος
3391 3850 3448 3904 δὲ
3506 3851 3698 3922 ἔλεγεν

2091 3938 2220 4010 περὶ
2249 3937 2344 3991 τοῦ
2376 3937 2506 3992 ναοῦ
2536 3937 2631 3991 τοῦ
2666 3937 2919 4010 σώματος
2944 3939 3132 3995 αὑτοῦ.
3177 3959 3195 3992 ι

2159 4030 2250 4085 26.
2284 4030 2464 4097 Ἀξιον
2489 4031 2547 4083 δὲ
2577 4030 2715 4102 μετὰ
2739 4030 2911 4084 ταῦτα
2942 4031 3070 4085 ίδείν
3101 4036 3149 4086 εἰ
3192 4034 3420 4088 δυνατὸν
3449 4035 3516 4090 τὰ
3548 4036 3701 4091 ἱστο-

2090 4121 2329 4194 ρούμενα
2347 4122 2629 4192 γεγονέναι
2655 4123 2795 4176 κατὰ
2823 4123 2914 4176 τὸν
2943 4124 3068 4177 ναὸν
3096 4125 3506 4197 συμϐεϐηκέναι
3534 4127 3696 4195 ποτὲ,

2088 4215 2121 4285 ἢ
2159 4215 2535 4287 συμϐήσεσθαι
2564 4215 2694 4285 περ)¹
2725 4215 2816 4268 τὸν
2849 4219 3220 4286 πνευματικὸν
3253 4214 3422 4272 οἷκον.
3453 4219 3616 4286 Δόξει
3640 4220 3700 4275 δὲ

2088 4309 2116 4360 ὁ
2153 4306 2310 4376 λόγος
2339 4307 2541 4360 θλίϐειν
2580 4306 2920 4379 ἑκατέρωθεν
2941 4323 2955 4339 ⁶
2993 4308 3048 4361 εί
3075 4325 3134 4361 τε
3171 4308 3280 4380 γὰρ
3310 4309 3548 4381 ἐροῦμεν
3581 4307 3700 4366 οἷόν

2085 4419 2146 4455 τε
2169 4400 2444 4470 γενέσθαι,
2468 4401 2502 4472 ἢ
2529 4399 2810 4469 γεγονέναι
2837 4400 2960 4454 τινὰ
2973 4400 3129 4470 λόγον
3147 4405 3260 4466 τοῖς
3279 4403 3420 4456 κατὰ
3445 4403 3546 4476 τὴν
3575 4405 3698 4476 (57)

2090 4493 2330 4565 ἱστορίαν
2360 4494 2489 4565 περὶ
2533 4492 2624 4546 τὸν
2671 4491 2820 4555 ναὸν,
2887 4492 3161 4557 δυσόκνως
3193 4495 3547 4566 μετάπτωσιν
3578 4496 3700 4552 τῶν

403 4582 456 4636 in
484 4582 649 4636 domo
679 4579 969 4650 spirituali,
1016 4591 1236 4650 gravate
1268 4581 1576 4646 admittant,
1616 4581 1706 4652 qui
1734 4583 1979 4646 audiunt,

2159 4583 2422 4638 λικούτων
2491 4583 2714 4651 ἀγαθῶν
2783 4583 3176 4655 παραδέξονται
3235 4588 3283 4640 οἱ
3353 4587 3694 4654 ἀκούοντεςθ

402 4671 589 4727 talium
613 4672 878 4728 bonorum
909 4671 1450 4738 trausmutatiouem;
1476 4673 1708 4743 primum
1739 4675 1980 4744 quidem,

399 4767 524 4834 quia
557 4766 664 4821 illis
693 4765 772 4822 sic
799 4781 904 4820 non
935 4765 1150 4828 lubeat,
1179 4765 1374 4821 deinde
1403 4768 1546 4836 quod
1573 4767 1979 4823 dissentaneum

397 4859 470 4914 sit
496 4859 761 4920 bonorum
788 4863 1298 4916 transmutationem
1328 4859 1564 4914 futuram
1589 4860 1730 4916 esSe.
1767 4858 1862 4912 Sin
1898 4874 1988 4912 ve-

2091 4677 2303 4750 πρῶτον
2339 4677 2438 4747 μὲν
2470 4677 2559 4731 διὰ
2586 4677 2645 4728 τὸ
2677 4675 2751 4746 μὴ
2783 4673 3088 4744 βούλεσθαι,
3117 4677 3368 4750 δεύτερον
3403 4679 3461 4732 δὲ
3499 4680 3595 4734 διὰ
3633 4683 3699 4735 τὸ

2087 4769 2454 4841 άπεμφαίνειν
2479 4769 2686 4841 τροπὴν
2713 4767 2821 4822 τῶν
2847 4769 3067 4838 ἀγαθῶν
3096 4770 3330 4826 ἔσεσθαι.
3365 4773 3430 4825 El
3458 4772 3540 4838 δὲ,
3574 4773 3701 4843 βου-

2085 4862 2299 4934 λόμενοι
2330 4863 2576 4934 ἄτρεπτα
2608 4866 2796 4934 τηρεῖν
2829 4863 2898 4916 τὰ
2932 4862 3080 4929 ἅπαξ
3107 4864 3328 4918 δοθέντα
3361 4867 3477 4929 τοῖς
3511 4867 3700 4934 ἁγίοις

400 4965 463 5004 ro
481 4953 723 5010 volentes
752 4955 1113 5011 immutabilia
1143 4965 1386 5015 servare,
1422 4965 1540 5020 qua:
1579 4950 1744 5005 semel
1779 4950 1980 5005 sanctis

2159 4954 2282 5020 αθὰ,
2327 4955 2428 5008 οὐκ
2473 4953 2862 5027 ἐφαρμόσομεν
2909 4955 2979 5010 τὰ
3013 4955 3115 5026 τῆς
3164 4958 3426 5030 ἱστορίας,
3456 4958 3698 5030 δόξομεν

399 5041 525 5099 data
547 5045 764 5102 fuerunt
792 5049 956 5115 bona,
985 5062 1089 5103 non
1115 5043 1650 5100 accommodahimus
1668 5057 1786 5112 quae
1813 5043 1980 5097 histo-

2159 5047 2259 5102 οιόν
2287 5065 2339 5101 τι
2366 5050 2480 5111 τοῖς
2508 5047 2616 5100 ἀπὸ
2645 5046 2754 5100 τῶν
2775 5044 2888 5118 (58)
2910 5048 3176 5119 αἱρέσεων
3201 5049 3259 5102 ἐν
3281 5048 3458 5120 τούτῳ
3483 5053 3694 5117 ποιεῖν,

401 5137 484 5193 ria
539 5150 761 5206 narrat;
807 5143 1063 5210 quiddam
1117 5138 1388 5194 hmreticis
1445 5133 1624 5192 simile
1673 5135 1976 5190 videbimur

2159 5157 2173 5193 ρ
2225 5140 2546 5212 συμφωνίαν
2581 5139 2680 5211 τῆς
2722 5139 3033 5210 διηγήσεως
3075 5141 3200 5211 τῶν,
3225 5141 3460 5213 Γραφῶν
3507 5143 3694 5215 άρχῆο

473 5251 519 5282 ⁸³
538 5251 602 5305 ill
635 5251 709 5305 Re

402 5322 449 5355 ⁸⁸
481 5320 632 5376 Joau.
681 5320 745 5384 tt,
773 5323 865 5376 21.

715 5267 873 5330 3.311,
903 5253 997 5308 22.
1069 5251 1119 5285 ⁸⁵
1148 5252 1214 5308 ill
1237 5251 1371 5324 Reg.
1397 5267 1494 5317 vn,
1529 5249 1618 5316 15,
1645 5249 1732 5304 14.
1809 5249 1856 5282 ⁸³
1874 5249 1980 5306 ϐοιε

2175 5257 2262 5312 15.
2341 5256 2388 5288 ⁸⁸
2406 5255 2473 5312 ΙΙΙ
2492 5257 2628 5330 Reg.
2646 5273 2719 5325 Vt,
2742 5259 2798 5314 4.
2873 5261 2919 5293 ⁸⁷
2945 5258 3112 5316 lCor.
3146 5274 3208 5325 ιι,
3230 5259 3285 5316 7.
3357 5258 3405 5289 "
3430 5257 3568 5312 ibid.
3598 5257 3692 5314 16.

475 5443 588 5514 (55)
632 5443 862 5525 Regius,
874 5444 1159 5525 τυγχάνον.
1180 5443 1386 5499 Ibidem
1419 5443 1762 5506 Bodleiauus,
1789 5441 1977 5497 Πάντα

2313 5457 2417 5525 non
2445 5450 2725 5523 comparet
2751 5441 2804 5495 in
2832 5435 3157 5525 potlleiano.

404 5513 654 5588 μένῑφιγς
686 5513 990 5588 χρνσῖιμτάέ
1010 5526 1121 5588 ειε-

641 5582 970 5667 Ἄξᾴταξιν.
999 5582 1169 5667 ‘Forte
1203 5584 1548 5667 scribendum
1576 5583 1867 5667 διάκρισιν.

512 5653 613 5722 55)
693 5655 887 5722 Τύριοι
949 5653 1060 5724 γὰρ
1132 5653 1562 5724 (mpm-etiamm
1639 5653 1973 5724 συνέχοντες.

403 5722 539 5780 Vide
595 5735 711 5778 not.
771 5722 1065 5794 supra'ad
1120 5722 1372 5794 Origenis
1424 5722 1873 5779 Commentariun:
1921 5725 1977 5776 in

411 5795 600 5850 Matth.
628 5811 717 5856 xv.
747 5794 836 5847 21.

472 5866 587 5936 (56)
628 5866 810 5920 Codex
836 5864 1054 5936 Regius,
1076 5863 1583 5935 ἀποκεκρυμμένης
1614 5860 1680 5936 ἦς
1711 5864 1974 5937 δεόμεθα,

2157 5515 2270 5584 (57)
2311 5517 2506 5584 Λόγον
2535 5509 2660 5578 τοῖς
2703 5511 2855 5584 κατὰ
2898 5513 3034 5581 τήν,
3062 5525 3166 5567 etc.
3228 5510 3529 5584 Siemtlex
3583 5509 3695 5584 Bo-

2086 5581 2360 5659 dleianns;
2387 5581 2587 5659 Regius
2616 5584 2776 5659 habet
2798 5581 3088 5659 λόγοντοῖς
3111 5581 3262 5659 παρὰ
3282 5583 3403 5652 τήν,
3425 5591 3566 5645 etc.,
3591 5582 3693 5636 seti

2088 5653 2402 5718 in'utroque
2432 5653 2622 5724 codice
2654 5653 2870 5724 videtur
2900 5655 3104 5724 aliquid
3139 5653 3348 5708 (leesse.

2157 5725 2293 5796 (58),
2323 5725 2477 5796 iam),
2505 5722 2641 5778 τῶν.
2682 5721 2774 5778 Sic
2809 5721 3007 5780 codcx'
3033 5724 3394 5788 Bodh-ianus;
3450 5722 3688 5796 Reg-ins,

2087 5796 2246 5860 male,
2275 5795 2380 5847 ὑπὸ
2412 5795 2542 5851 τῶν.
