3826 6516
106 433 188 488 589
1181 437 1542 498 (IOMMENT.
1578 443 1644 498 IN
1683 442 1879 502 .IOAN.
1918 442 2154 498 TOMIJS
2191 442 2254 496 X.
3249 447 3360 510 390

108 557 177 602 θεν
198 549 341 620 μέχρι
362 549 554 615 τέλους
586 553 670 625 μὴ
691 553 1064 623 φυλάττοντες.
1097 555 1157 608 Εἰ
1183 557 1430 626 μέντοιγε
1455 557 1529 627 μὴ
1555 556 1640 628 μέ)

1745 556 1880 615 _hac
1935 556 1985 608 in
2045 573 2100 609 re
2147 555 2344 618 facere,
2375 549 2741 610 enarrationis
2791 554 3200 624 Scripturarum
3225 575 3361 616 cnn-

104 643 233 712 ὶομεν
255 643 514 713 γραωδῶς
537 645 645 698 καὶ
679 647 983 711 Ἰουδαϊκῶς
1010 646 1107 710 τὰς
1140 647 1290 719 παρά
1324 651 1436 712 τοῖς
1459 651 1640 721 προφή

1783 648 2086 702 sonantiam
2165 665 2269 702 non
2348 647 2690 703 servantibus
2758 662 2789 702 a
2853 649 3121 720 principio
3191 667 3362 723 usque

104 749 212 796 ταις,
236 734 463 804 μάλιστα
483 736 544 789 δέ
577 736 665 807 τῷ
692 738 892 810 Ἡσαΐᾳ
919 739 1418 811 ἀναγεγραμμένας
1441 741 1640 810 ἐπαγγε

1783 738 1848 792 ad
1920 738 2102 793 ﬁnem.
2167 737 2281 793 Nisi
2351 739 2569 792 aniliter
2635 747 2856 806 tamen,
2918 750 3100 810 atque-
3151 739 3338 797 Judwo

103 828 200 889 λίας
223 829 378 885 νοεῖν.
409 827 488 890 ώς
512 829 789 900 ἐσομένας
807 831 915 900 (59)
946 835 1074 903 περὶ
1101 831 1198 903 τὴν
1229 833 1322 887 ἐπὶ
1349 833 1455 903 γῆς
1475 833 1640 905 Ἰερου

1779 845 1899 884 rum
1977 846 2174 897 more,
2234 830 2626 899 promissiones
2689 844 2785 886 eas
2843 845 2964 900 qua:
3026 831 3167 903 apud
3235 849 3334 901 pro

103 918 269 989 πλὴμ,
298 919 518 991 ἀνάγκη
543 921 654 989 ἔτι,
683 925 732 976 εἰ
765 923 901 992 μετά
920 924 1019 994 τὴν
1048 925 1424 996 αἰχμαλωσίαν
1449 927 1543 980 κα),
1574 926 1638 998 τὴ

1777 923 1970 994 phetas
2021 932 2072 978 et
2136 923 2440 994 praesertim
2513 922 2708 979 Isaiam
2741 925 2962 996 scriptas
3012 936 3160 994 sunt,
3196 926 3354 997 207

1777 1025 2034 1083 tanquam
2095 1024 2388 1069 eventuras
2443 1022 2674 1070 terrena:
2745 1014 3088 1082 Jerusalem,
3147 1017 3359 1072 intelle-

1772 1107 1914 1162 cturi
1941 1121 2153 1174 sumus,
2183 1106 2322 1179 [(60)
2357 1106 2402 1162 si
2435 1116 2557 1176 post
2584 1108 2957 1177 captivitatem
2983 1109 3357 1166 eversionem-

1771 1213 1877 1268 qne
1932 1199 2118 1269 tc-mpli
2171 1199 2429 1254 nonnulla
2480 1199 2736 1269 praeclara
2795 1201 3044 1256 evenisse
3099 1201 3167 1256 ad
3217 1211 3356 1256 tent-

1769 1289 1840 1358 pli
1894 1290 2316 1345 ardiﬁcationem
2371 1291 2662 1361 pupulique
2689 1300 2889 1346 statum
2920 1301 2975 1346 et
3009 1292 3356 1348 constitutio-

1768 1397 1889 1436 nem
1949 1397 1978 1435 a
2031 1383 2352 1451 captivitate
2402 1382 2704 1448 dicantur,
2760 1383 2966 1456 dicere]
3022 1399 3121 1440 nos
3182 1383 3351 1440 fuisse

99 1011 445 1096 καταστροφὴν
497 1009 599 1066 τοῦ
629 1015 758 1068 ναοῦ
792 1015 1008 1084 λέγεταί
1057 1036 1175 1072 τινα
1219 1018 1406 1084 ἔνδοξα
1465 1022 1669 1092 συμϐε-

98 1103 260 1171 ϐἧσθαι
292 1105 369 1167 εἰς
393 1105 698 1178 οἰκοδομὴν
728 1107 823 1161 τοῦ
849 1109 999 1175 ναοῦ,
1031 1110 1125 1163 καὶ
1157 1110 1253 1182 τὴν
1283 1113 1667 1167 ἀποκατάστα-

98 1213 164 1249 σιν
193 1195 276 1249 τοῦ
309 1195 442 1250 λαοῦ
479 1199 596 1252 ἀπὸ
626 1200 730 1272 τῆς
763 1202 1160 1272 αἰχμαλωσίας,
1194 1202 1372 1272 λέγειν
1397 1206 1543 1275 ἡμᾶς
1573 1223 1664 1274 γε-

95 1288 275 1355 γονέναι
326 1289 419 1341 τὸν
469 1291 605 1344 ναὸν
637 1333 652 1355 ,
709 1293 804 1346 καὶ
862 1294 1314 1364 ῂχμαλωτεῦσθαι
1358 1296 1449 1350 τὸν
1488 1297 1612 1352 λαὸν
1643 1339 1657 1363 ,

95 1380 522 1436 ἐπανελεύσεσθαι
556 1384 618 1437 δέ
654 1385 748 1437 ἐπὶ
773 1385 872 1456 τὴν
895 1387 1180 1453 Ἰουδαίαν,
1205 1390 1301 1442 καὶ
1330 1388 1429 1460 τὴν
1456 1389 1658 1462 Ἰερου-

96 1475 243 1546 σαλὴμ
272 1517 286 1538 ,
343 1478 440 1530 καὶ
493 1479 1024 1553 οἰκοδομηθήσεσθαι
1077 1485 1187 1546 τοῖς
1220 1483 1460 1554 ἐντίμοις
1491 1483 1640 1546 λίθοις

1765 1473 2022 1542 templum
2079 1488 2306 1530 necesse
2355 1483 2462 1538 est.
2515 1483 2569 1528 et
2603 1475 2934 1544 captivatum
2985 1475 3155 1532 fuisse
3178 1491 3349 1546 popu-

94 1565 170 1635 τὴν
204 1566 580 1641 Ἰερουσαλήμ.
644 1572 760 1625 Οὐκ
818 1571 935 1627 οἶδα
988 1574 1042 1628 δὲ
1092 1577 1140 1628 εί
1177 1579 1417 1648 μακραῖς
1450 1577 1640 1649 χρόνωι

1765 1565 1894 1630 lum,
1925 1565 2017 1620 sed
2051 1567 2354 1620 rediturum
2384 1567 2452 1621 ad
2473 1565 2713 1621 Judaeum
2743 1575 2800 1621 et
2825 1564 3153 1634 Jerusalem,
3183 1578 3348 1639 atque

92 1658 322 1727 περιόδοις
365 1661 884 1734 ἀνακυκλουμέναις
953 1665 1020 1720 τὰ
1079 1669 1438 1740 παραπλήσια
1495 1671 1640 1724 πάλιι

1764 1656 2031 1726 lapidibus
2059 1659 2310 1728 pretiosis
2361 1658 2667 1714 Jerusalem
2719 1661 2890 1731 ipsam
2946 1663 3344 1718 aediﬁcandam.

88 1748 277 1803 δυνατὸν
318 1753 607 1820 γενέσθαι,
655 1756 732 1820 ώς
771 1744 862 1810 ἐπι
908 1757 968 1812 τὸ
1027 1762 1227 1830 χεῖρον.
1267 1761 1420 1832 Ἔχει
1471 1763 1528 1816 δέ
1585 1763 1640 1817 td

1762 1749 1914 1805 llaud
1947 1752 2060 1807 scio
2093 1760 2273 1807 autem
2307 1769 2376 1808 an
2415 1763 2723 1823 temporum
2751 1753 2992 1823 periodis
3020 1754 3196 1825 longis
3253 1769 3342 1811 re-

88 1838 173 1890 τιῖιν
203 1841 546 1910 ἐπαγγελιῶν
608 1846 668 1898 ἐν
720 1844 800 1916 τῷ
853 1846 1052 1919 Ἡσαΐᾳ
1092 1848 1296 1913 οὕτως’
1341 1869 1359 1901 t
1383 1850 1512 1906 Ἰδοὺ
1543 1851 1640 1921 ἐγιὶ

1760 1843 1958 1899 volutis
2003 1844 2208 1900 similia
2241 1845 2358 1902 ﬁeri
2388 1846 2622 1916 possint,
2654 1846 2826 1902 veluti
2877 1847 2930 1902 in
2986 1848 3168 1920 pejus.
3230 1848 3340 1904 Ha-

88 1933 321 2004 ἑτοιμάζω
352 1952 436 1989 σοι
464 1935 727 2008 ἄνθρακα
760 1938 851 1992 τὸν
879 1938 1024 1992 λίθον
1058 1958 1172 2004 σου,
1223 1942 1317 1997 καὶ
1366 1942 1436 1996 τά
1491 1942 1640 2014 θεμέ-

1759 1933 1887 1990 bent
1923 1944 2104 1990 autem
2137 1937 2532 2006 promissiones
2562 1937 2704 2008 apud
2731 1936 2925 1994 Isaiam
2959 1939 3104 1996 hunc
3131 1942 3185 1995 in
3219 1956 3341 1995 mo-

86 2025 156 2078 λιά
193 2043 280 2079 σου
343 2028 697 2100 σάπφειρονο
738 2029 832 2084 καὶ
889 2030 1039 2102 θήσω
1095 2031 1194 2096 τάς
1250 2032 1503 2098 ἐπάλξεις
1560 2051 1653 2088 σου

88 2118 268 2184 ἴασπιν,
310 2121 406 2173 καὶ
439 2120 544 2184 τάς
583 2121 764 2185 πύλας
799 2139 894 2176 σου
934 2122 1116 2188 λίθους
1157 2126 1513 2194 κρυστάλλου,
1561 2127 1654 2180 καὶ

85 2211 156 2263 τὸν
183 2213 457 2284 περίϐολὸν
495 2231 596 2268 σου
627 2215 807 2279 λίθους
835 2215 1144 2282 ἐκλεκτοὺς,
1174 2221 1268 2272 καὶ
1295 2219 1501 2284 πάντας
1527 2221 1654 2284 τοὺς

87 2302 204 2365 υἱούς
229 2319 314 2355 σου
345 2304 645 2368 διδακτοὺς
679 2306 816 2359 Θεοῦ
838 2322 852 2337 ⁸
886 2307 981 2360 καὶ
1031 2308 1088 2360 ἐν
1145 2307 1312 2378 πολλῇ
1362 2309 1554 2380 εἰρήνῃ
1585 2307 1653 2362 τὰ

84 2395 224 2449 τέκνα
259 2414 348 2450 σου
370 2437 386 2461 ,
428 2399 531 2450 καὶ
565 2398 630 2450 ἐν
671 2397 988 2472 δικαιοσύνῃ
1021 2399 1440 2472 οἰκοδομηθήσῃ.
1482 2420 1500 2450 ι
1542 2399 1651 2453 Kal

86 2487 178 2556 μετ’
203 2489 348 2555 ὀλίγα
397 2490 545 2562 πρὸς
593 2490 696 2560 τὴν
741 2491 912 2561 αὐτὴν
959 2491 1334 2563 Ἰερουσαλήμ·
1403 2510 1421 2542 ι
1456 2493 1564 2545 Kal.
1617 2493 1650 2562 ή

81 2578 180 2642 δόξα
203 2579 288 2633 τοῦ
317 2580 562 2634 Λιϐάνου
621 2582 759 2651 πρὸς
795 2581 854 2634 σὲ
895 2581 1014 2653 ἥξει
1066 2582 1123 2634 ἐν
1171 2583 1518 2654 κυπαρίσσῳ.
1551 2586 1646 2639 καὶ

84 2671 246 2741 πεύκη,
283 2673 376 2724 καὶ
438 2673 637 2745 κέδρῳ
688 2673 803 2744 ἅμα
851 2673 1135 2738 δοξάσουσι
1172 2675 1266 2727 τὸν
1299 2675 1462 2729 τόπον
1494 2675 1650 2745 ἅγιόν

84 2779 182 2830 μου.
210 2764 312 2817 Καὶ
343 2765 723 2836 πορεύσονται
751 2765 888 2836 πρὸς
916 2766 975 2818 σὲ
1001 2765 1296 2829 δεδοικότες
1326 2767 1430 2819 υἱοὶ
1457 2783 1650 2820 ταπει-

81 2855 325 2909 νωσάντων
353 2858 452 2910 καὶ
499 2857 932 2928 παροξυνάντων
957 2874 1016 2909 σε
1042 2877 1054 2888 υ
1087 2857 1180 2911 καὶ
1219 2857 1464 2931 κληθήσῃ
1497 2857 1649 2922 πόλις

81 2945 248 3015 Κυρίου
300 2947 440 3002 Σιὼν
481 2949 654 3017 ἁγίου
702 2949 920 3021 Ἰσραὴλ
943 2989 958 3013 ,
991 2947 1078 3002 διά
1113 2948 1173 3002 τὸ
1206 2949 1533 3020 γεγενῆσθαί
1578 2966 1639 3003 σε

81 3035 651 3108 ἑγκαταλελειμμένην,
689 3039 783 3090 καὶ
817 3039 1217 3110 μεμισημένην,
1253 3039 1346 3092 καί
1375 3040 1474 3092 οὐκ
1505 3035 1572 3111 ἦν
1615 3041 1645 3094 ὀ

81 3123 269 3197 βληθῶν.
316 3131 429 3184 Καὶ
470 3130 636 3201 θήσω
680 3148 740 3183 σε
799 3131 1110 3201 ἀγαλλίαμα
1157 3130 1407 3197 αἰώνιον,
1445 3132 1644 3205 εὐφρο-

80 3219 210 3289 σύνην
255 3221 459 3290 γενεῶν
516 3225 776 3290 γενεαίςο
810 3222 905 3275 καὶ
938 3222 1194 3293 θηλάσεις
1239 3223 1380 3292 γάλα
1425 3223 1596 3279 ἐθνῶν
1627 3264 1642 3289 ,

79 3310 149 3365 καί
171 3312 386 3368 πλοῦτον
417 3314 704 3386 βασιλέων
734 3314 991 3384 φάγεσαι,
1028 3316 1120 3368 καὶ
1162 3316 1346 3388 γνώσῃ
1369 3357 1384 3382 ,
1417 3316 1498 3370 ὅτι
1531 3316 1643 3386 ἐγὼ

78 3402 242 3474 Κύριος
283 3408 311 3459 δ
367 3406 576 3472 σώζων
634 3423 693 3458 σε
722 3445 737 3470 ,
810 3407 902 3460 καὶ
966 3404 1348 3478 ἐξαιρούμενός
1401 3423 1461 3460 σε
1510 3407 1642 3473 Θεὸς

86 3494 278 3570 Ἰσραήλ.
315 3501 427 3554 Kal
461 3499 598 3553 ἀντὶ
645 3495 850 3568 χαλκοῦ
879 3497 1008 3551 οίσω
1039 3515 1120 3551 σοι
1153 3498 1398 3569 χρυσίον,
1429 3498 1552 3552 ἀντὶ
1584 3499 1642 3552 δὲ

79 3589 254 3660 σιδήρου
300 3591 434 3644 οἴσω
464 3607 558 3643 σοι
588 3589 886 3662 ἀργύριονο
929 3590 1053 3643 ἀντὶ
1095 3589 1152 3642 δὲ
1196 3589 1368 3654 ξύλων
1396 3591 1527 3644 οῖσω
1557 3608 1640 3644 σοι

78 3681 256 3747 χαλκὸν,
288 3685 409 3737 ἀντὶ
456 3683 527 3737 δὲ
567 3682 736 3736 λίθων
777 3681 1027 3753 σίδηρον·
1063 3682 1158 3734 καὶ
1191 3679 1347 3734 δώσω
1385 3681 1512 3744 τοὺς
1544 3683 1642 3754 ἀρ-

76 3774 226 3839 χοντάς
252 3778 419 3829 σουέν
457 3776 689 3846 εἰρήνῃ,
746 3773 840 3827 καὶ
897 3773 1024 3836 τοὺς
1071 3773 1403 3837 ἐπισκόπους
1455 3790 1546 3826 σου
1581 3774 1638 3826 ἐν

75 3860 341 3938 δικαιοσύνη
364 3883 378 3896 ·
415 3867 525 3921 καὶ
565 3867 672 3918 ούκ
703 3863 1102 3935 ἀκουσθήσεται
1139 3863 1218 3918 ἔτι
1257 3864 1439 3919 ἀδικία
1473 3865 1530 3917 ἐν
1567 3867 1634 3936 τῇ

75 3955 127 4022 γῇ
147 3957 375 4019 massa
408 3957 747 4027 σύντριμμα
768 3955 863 4008 καὶ
887 3954 1230 4026 ταλαιπωρία
1259 3956 1441 4018 ἐντοῖς
1467 3955 1635 4024 ὁρίοις

79 4060 186 4097 σου”
231 4049 360 4102 ἀλλὰ
408 4047 764 4120 κληθήσεται
819 4047 1079 4118 σωτήριον
1147 4046 1215 4099 τὰ
1277 4046 1428 4117 τείχη
1504 4063 1631 4110 σου,

74 4139 149 4190 καὶ
179 4143 227 4193 αἱ
258 4143 422 4196 πύλαι
475 4160 580 4196 σου
617 4141 870 4210 γλύμμα.
912 4139 1017 4193 Καὶ
1061 4139 1161 4192 οὐκ
1193 4138 1344 4192 ἔσται
1378 4155 1459 4191 σοι
1492 4138 1572 4192 ἔτι
1605 4141 1634 4192 ὁ

73 4228 189 4298 ἣλιος
219 4235 291 4297 είς
318 4234 436 4304 φῶς
465 4237 502 4305 ή
519 4233 722 4304 μέρας,
752 4231 872 4284 οὐδὲ
904 4231 1135 4302 ἀνατολὴ
1168 4229 1395 4301 σελήνης
1443 4232 1635 4298 φωτιεῖ

73 4336 133 4373 σοι
282 4325 454 4379 νύκτα
474 4344 488 4356 ·
529 4323 650 4377 ἀλλ’
693 4322 846 4375 ἐσται
879 4339 959 4375 σοι
985 4321 1218 4393 Χριστὸς
1245 4321 1360 4392 φῶς
1391 4321 1628 4384 αἰώνιον,

73 4415 145 4464 καὶ
170 4418 194 4467 ὁ
223 4417 349 4481 Θεὸς
377 4418 513 4484 δόξα
551 4433 640 4468 σοι
661 4432 676 4444 ⁸
705 4416 766 4468 οὐ
792 4414 898 4486 γὰρ
922 4413 1138 4467 δύσεταί
1170 4431 1252 4467 σοι
1277 4415 1306 4466 ὁ
1334 4413 1504 4484 ἥλιος,
1535 4415 1630 4467 καὶ

70 4507 292 4580 ἠσελήνη
329 4529 414 4565 σοι
458 4511 568 4564 οὐκ
603 4507 881 4577 ἐκλείψει·
933 4507 1084 4560 ἔσται
1141 4507 1248 4578 γάρ
1289 4505 1493 4578 Κύριός
1545 4523 1628 4559 σοι

1756 2026 1883 2080 dum
1919 2025 2006 2080 ’δε
2045 2045 2064 2078 ι
2103 2026 2179 2082 En
2214 2042 2317 2099 ego
2365 2044 2609 2099 pracparo
2637 2028 2735 2085 tibi
2767 2031 3154 2088 carbunculum
3204 2033 3340 2102 lapi-

1757 2118 1876 2172 dem
1907 2128 2081 2186 tuum,
2103 2129 2157 2175 et
2180 2120 2530 2177 fundamenta
2564 2132 2654 2176 tua
2685 2123 3038 2193 sapphirum:
3061 2136 3116 2180 et
3141 2139 3336 2195 ponant

1755 2212 2158 2282 pr0pugnacula
2208 2224 2298 2268 tua
2344 2213 2569 2283 jaspin,
2620 2222 2676 2269 et
2718 2225 2907 2285 portas
2963 2225 3086 2271 tuas
3130 2215 3338 2285 lapides

1754 2299 2024 2369 crystalli,
2057 2310 2112 2356 et
2142 2300 2368 2357 loricam
2403 2317 2685 2357 murorum
2733 2312 2950 2358 tuorum
2994 2304 3202 2372 lapides
3225 2305 3337 2360 ele-

1753 2402 1890 2457 ctos,
1922 2403 1977 2448 et
2003 2407 2195 2450 omnes
2244 2395 2383 2450 lilios
2413 2405 2532 2452 tuos
2561 2412 2589 2451 a
2634 2396 2741 2451 Deo
2774 2396 2965 2452 doctos
2995 2415 3008 2452 :
3037 2407 3094 2452 et
3119 2396 3172 2452 in
3197 2412 3337 2464 pace

1755 2483 1924 2539 multa
1955 2484 2048 2540 lilii
2079 2485 2176 2551 tui,
2208 2496 2264 2541 et
2295 2488 2349 2541 in
2377 2486 2586 2556 justitia
2619 2487 2999 2544 aediﬁcaberis.
3032 2507 3051 2541 ι
3083 2488 3149 2542 Et
3173 2489 3336 2560 paulo

1751 2583 1874 2643 post
1905 2575 1972 2628 ad
2026 2576 2195 2646 ipsam
2219 2577 2520 2633 Jerusalem
2547 2578 2590 2610 ”
2633 2595 2649 2635 :
2685 2597 2704 2630 ι
2739 2579 2806 2634 Ει
2833 2579 3009 2650 gloria
3039 2579 3230 2636 Libani
3266 2581 3334 2635 ad

1751 2676 1805 2724 te
1849 2669 2030 2724 veniet
2074 2671 2128 2726 in
2181 2671 2483 2743 cyparisso,
2516 2682 2572 2728 et
2604 2673 2749 2742 pino,
2785 2683 2840 2730 et
2873 2675 3041 2730 cedro
3068 2689 3172 2729 una
3205 2691 3330 2732 cum

1749 2761 2186 2830 gloriﬁcantibug
2214 2763 2393 2818 locum
2437 2773 2691 2820 sanctum
2743 2780 2945 2820 meum.
2984 2767 3050 2822 Et
3075 2767 3234 2822 ibunt
3261 2767 3330 2823 ad

1751 2863 1806 2908 te
1853 2851 2221 2911 timenteslilii
2244 2869 2460 2922 eorum,
2491 2856 2582 2926 qui
2618 2867 2668 2912 te
2703 2856 3148 2922 humiliaverunt,
3175 2868 3231 2915 et
3252 2860 3314 2916 ir-

1750 2945 2052 3000 ritaverunt
2103 2957 2284 3002 tezet
2340 2949 2628 3003 vocaberis
2679 2948 2876 3004 civitas
2921 2948 3137 3005 Domini
3190 2949 3325 3007 Sion

1749 3039 1924 3092 sancti
1961 3038 2219 3106 lsraelis,
2268 3053 2366 3108 pro
2417 3052 2483 3094 eo
2517 3040 2664 3110 quod
2713 3039 2888 3096 fueris
2935 3040 3221 3107 derelicta,
3273 3051 3329 3097 et

1749 3129 1873 3184 odio
1929 3130 2137 3197 habita,
2190 3145 2290 3185 nec
2325 3140 2512 3196 esset,
2567 3131 2657 3201 qui
2715 3132 2809 3187 tibi
2847 3147 3004 3204 opem
3038 3131 3229 3189 ferret.
3260 3134 3328 3189 Et

1749 3236 1942 3291 ponam
1974 3230 2026 3276 te
2053 3223 2470 3278 exsultationem
2492 3223 3322 3294 sempiternam,iucunditatem

1747 3314 2154 3384 generationum
2205 3314 2698 3385 generationibus:
2731 3325 2786 3369 et
2837 3331 3001 3385 suges
3052 3315 3134 3372 lac
3186 3331 3323 3388 gen-

1745 3402 1901 3466 tium,
1932 3412 1987 3457 et
2019 3418 2206 3474 regum
2232 3404 2450 3458 divitias
2476 3404 2751 3467 eomedes,
2776 3414 2829 3459 et
2860 3419 3158 3477 cognosces
3179 3407 3324 3477 quod

1742 3505 1845 3562 ego
1877 3491 2141 3548 Dominus
2184 3509 2414 3550 servans
2445 3503 2523 3560 te,
2557 3503 2612 3549 et
2639 3510 2840 3552 eruens
2883 3506 2934 3552 te
2961 3499 3102 3552 Deus
3131 3496 3320 3556 Israel.

1746 3584 1812 3638 Et
1841 3600 1941 3654 pro
1969 3601 2078 3640 arre
2104 3585 2330 3640 all'eram
2362 3588 2458 3641 tibi
2496 3601 2711 3655 aurum,
2753 3598 2806 3642 et
2839 3605 2938 3659 pro
2974 3589 3120 3646 ferro
3153 3591 3324 3646 addit-

1742 3691 1860 3730 cam
1893 3677 1987 3730 tibi
2020 3688 2306 3748 argentum
2341 3697 2356 3738 :
2388 3695 2486 3750 pro
2527 3680 2686 3750 lignis
2732 3692 2914 3736 autem
2963 3680 3188 3736 aﬂ‘eram
3222 3683 3319 3738 tibi

1739 3783 1832 3830 tes,
1867 3778 1922 3822 et
1971 3783 2071 3837 pro
2124 3770 2394 3840 lapidibus
2447 3772 2697 3828 ferrum:
2732 3781 2789 3827 et
2843 3773 2986 3828 dabo
3041 3774 3316 3844 principes

1741 3867 1860 3914 tuos
1887 3857 1944 3912 in
1973 3873 2129 3928 pace,
2177 3871 2231 3914 et
2260 3862 2547 3932 episcopos
2578 3871 2700 3918 tuos
2749 3863 2800 3916 in
2833 3863 3086 3933 iustitia:
3121 3873 3176 3920 et
3203 3865 3312 3920 ini-

1737 3951 1916 4020 quitas
1947 3965 2051 4005 non
2082 3952 2333 4007 audietur
2364 3953 2503 4008 ultra
2537 3955 2589 4008 in
2623 3963 2767 4010 terra
2802 3965 2888 4009 tua
2911 3994 2928 4022 ,
2963 3955 3137 4025 neque
3176 3970 3315 4011 con-

1739 4042 1906 4107 tritio,
1937 4053 1991 4097 et
2027 4043 2247 4097 miseria
2285 4043 2336 4098 in
2370 4045 2623 4101 terminis
2652 4045 2757 4101 tuis
2787 4063 2802 4102 :
2836 4047 2933 4101 sed
2970 4048 3316 4102 vocabuntur

1734 4135 1974 4191 salutare
2025 4135 2168 4190 muri
2209 4136 2282 4189 ιιιί
2309 4175 2324 4201 ,
2360 4145 2414 4192 et
2446 4146 2620 4208 portae
2672 4150 2777 4195 tua:
2808 4138 3109 4208 sculptura.
3136 4137 3203 4194 Et
3233 4137 3316 4196 sol

1734 4242 1839 4282 non
1869 4228 1976 4283 erit
2012 4227 2103 4282 tibi
2149 4227 2289 4283 ultra
2319 4229 2372 4283 in
2403 4229 2574 4284 lucem
2606 4230 2737 4296 diei,
2781 4245 2963 4301 neque
2990 4239 3141 4286 ortus
3173 4229 3314 4287 luna:

1733 4319 1915 4376 lumen
1964 4321 2225 4390 praebebit
2272 4321 2368 4376 tibi
2407 4331 2569 4378 noctu
2603 4325 2737 4380 :sed
2769 4325 2877 4380 erit
2911 4324 3008 4379 tibi
3058 4323 3312 4379 Christus

1731 4413 1821 4468 lux
1857 4399 2212 4483 sempiterna,
2249 4421 2305 4468 et
2351 4413 2491 4468 Deus
2517 4412 2690 4485 gloria
2731 4423 2823 4470 tua
2857 4432 2873 4470 :
2901 4428 3010 4468 non
3035 4413 3180 4467 enim
3213 4427 3300 4466 oc-

1729 4503 1876 4559 cidet
1906 4503 2004 4557 tibi
2055 4501 2136 4556 sol
2163 4542 2178 4568 ,
2209 4511 2264 4557 et
2311 4503 2436 4558 luna
2476 4512 2567 4559 tua
2599 4520 2707 4560 non
2743 4504 2966 4560 deliciet
2994 4521 3008 4558 :
3036 4503 3142 4559 erit
3165 4503 3309 4558 enim

72 4596 161 4663 φῶς
203 4600 412 4655 αἰώνιον
447 4641 463 4666 ,
517 4601 622 4654 καὶ
686 4598 1137 4669 πληρωθήσονται
1179 4599 1236 4652 αἱ
1286 4598 1494 4670 ἡμέραι
1533 4598 1628 4653 τοῦ

1745 4593 1998 4648 Dominus
2028 4592 2124 4647 tibi
2161 4592 2248 4646 lux
2275 4594 2631 4661 sempiterna,
2673 4603 2728 4650 et
2752 4593 3171 4663 complebantur
3194 4591 3312 4646 dies

71 4688 258 4755 πένθους
285 4711 436 4748 σου.)
469 4692 667 4747 Ταῦτα
697 4690 808 4761 γάρ
840 4689 1022 4759 σαφῶς
1058 4689 1187 4760 περὶ
1217 4688 1312 4742 τοῦ
1349 4689 1632 4760 μέλλοντος

71 4779 227 4846 αἰῶνος
254 4785 675 4855 προφητεύεται
709 4784 821 4845 τοῖς
847 4783 905 4835 ἐν
945 4781 1288 4852 αἰχμαλωσίᾳ
1319 4777 1468 4834 οὖσιν
1497 4783 1632 4844 υἱοῖς

77 4867 281 4944 Ἰςραὴλ,
317 4877 403 4945 ἐφ’
437 4874 540 4939 οὓς
587 4870 758 4945 ἦλθεν
801 4870 912 4943 (61)
961 4870 1288 4934 ἀποσταλεὶς
1331 4871 1360 4922 ὁ
1414 4869 1586 4939 λέγων
1611 4887 1624 4902 ·

75 4963 211 5018 «Οὐκ
234 4967 555 5038 ἀπεστάλην
591 4967 643 5018 εί
683 4963 759 5034 μὴ
811 4964 890 5026 είς
931 4961 1003 5016 τὰ
1053 4961 1301 5033 πρόϐατα
1326 4961 1394 5014 τὰ
1419 4961 1629 5015 ἀπολω-

69 5050 328 5111 λάταοίκου
371 5054 628 5128 Ἰσραήλ.
666 5072 685 5105 ι
719 5053 783 5105 Εἰ
807 5051 865 5106 δὲ
901 5050 1238 5122 αἰχμάλωτοι
1270 5050 1422 5113 ὄντες
1457 5049 1630 5104 ταῦτα
1672 5107 1674 5110 ,

69 5140 113 5190 ιν
150 5147 207 5214 τῇ
246 5145 466 5217 πατρίδι
516 5141 707 5198 αὐτῶν
740 5139 1132 5212 ἀπολήψονται,
1181 5138 1270 5192 ὅτε
1299 5138 1395 5191 καὶ
1426 5138 1633 5210 προσή-

69 5231 180 5288 λυτοι
215 5236 685 5309 προσελεύσονται
733 5234 920 5296 αὐτοῖς
973 5231 1064 5285 διὰ
1107 5229 1202 5284 τοῦ
1235 5229 1504 5301 Χριστοῦ,
1535 5231 1630 5284 καὶ

71 5322 132 5374 ἐπ’
167 5330 348 5394 αὐτοὺς
373 5326 824 5398 καταφεύξονται
854 5322 997 5378 κατά
1027 5323 1088 5376 τὸ
1119 5321 1426 5392 λεγόμενονο
1458 5340 1475 5372 ι
1499 5320 1626 5374 Ἰδοὺ

72 5417 350 5490 προσήλυτοι
380 5414 855 5492 προσελεύσονταί
887 5431 969 5467 σοι
994 5413 1061 5467 δι’
1101 5411 1264 5484 ἐμοῦ,
1312 5412 1406 5465 καὶ
1443 5411 1537 5464 ἐπὶ
1566 5411 1626 5464 σὲ

73 5510 482 5578 ιπαφεύξονται,
505 5530 524 5562 ι
552 5509 719 5579 δῆλον
736 5545 751 5570 ,
787 5505 870 5559 ὅτι
904 5505 1033 5577 περὶ
1060 5504 1152 5558 τὸν
1179 5503 1305 5558 ναὸν
1327 5503 1623 5574 τυγχάνον-

72 5595 136 5659 ιές
182 5617 299 5656 mli
355 5605 406 5658 οί
469 5597 1054 5674 αἰχμαλωτευθέντες,
1102 5596 1197 5650 καὶ
1231 5594 1395 5650 πάλιν
1443 5596 1622 5648 ἐκεῖσε

122 5690 268 5748 “Isa.
299 5712 414 5758 Ltv,
450 5698 516 5751 ll
551 5709 675 5764 seq.
772 5693 816 5726 ’ί
843 5691 941 5746 Isa.
978 5707 1070 5758 1.x,
1105 5691 1172 5745 15
1206 5704 1322 5758 seq.

118 5783 209 5855 (59)
257 5787 613 5859 ’anyéraq.
652 5784 749 5839 Sic
777 5785 942 5840 codex
981 5782 1344 5848 Bodleianus;
1386 5779 1610 5851 Regius,

65 5867 305 5923 perperam
318 5900 332 5924 ,
368 5857 724 5929 σεσωμένας.

1732 4685 1910 4740 luctus
1939 4687 2038 4738 tui.
2096 4703 2116 4736 ι
2153 4683 2279 4740 Haec
2325 4685 2470 4740 enim
2522 4695 2713 4758 aperte
2756 4687 2823 4741 de
2866 4685 3048 4741 futuro
3108 4681 3309 4738 saeculo

1733 4776 2022 4844 prophetat
2052 4773 2179 4830 (iliis
2219 4774 2384 4829 Israel
2423 4775 2473 4829 in
2512 4775 2831 4846 captivitate
2860 4773 3211 4844 degentibus,
3237 4772 3306 4824 ad

1730 4879 1866 4932 quos
1895 4865 2097 4918 missus
2127 4863 2282 4918 venit
2326 4864 2418 4920 ille
2473 4867 2564 4934 qni
2619 4866 2832 4920 dicebat
2860 4865 2952 4917 ἰι
2996 4879 3015 4914 ι
3055 4861 3166 4932 Ego
3197 4875 3307 4917 non

1729 4971 1849 5012 sum
1885 4957 2106 5022 missus,
2153 4957 2260 5012 nisi
2291 4957 2358 5011 ad
2394 4971 2526 5013 oves
2557 4956 2803 5028 perditas
2833 4955 3026 5010 domus
3058 4951 3243 5007 Israel.
3278 4969 3301 5006 ο

1731 5047 1886 5115 Quod
1917 5047 1961 5103 si
1997 5048 2198 5118 captivi
2229 5049 2559 5105 exsisteutes
2603 5049 2717 5102 haac
2751 5047 2803 5100 in
2828 5044 3005 5116 patria
3033 5059 3127 5100 sua
3165 5043 3307 5098 reci-

1733 5139 1903 5209 pient,
1932 5139 2152 5210 quando
2186 5139 2350 5195 etiam
2378 5137 2638 5208 proselyti
2668 5136 2734 5190 ad
2771 5135 2916 5205 ipsos
2943 5132 3168 5189 venient
3204 5147 3308 5202 per

1730 5230 2034 5294 Christum,
2087 5238 2142 5284 et
2169 5229 2236 5284 ad
2270 5228 2418 5298 ipsos
2449 5227 2615 5297 208
2658 5223 2960 5294 diﬁugient,
3005 5221 3304 5278 secundum

1729 5321 1874 5392 quod
1907 5322 2107 5376 dicitur
2135 5320 2181 5352 ⁸³
2210 5337 2225 5374 :
2259 5337 2278 5370 ι
2315 5318 2454 5373 Ecce
2481 5316 2742 5388 proselyti
2771 5316 2838 5370 ad
2875 5325 2927 5371 te
2953 5313 3176 5370 venient
3206 5327 3306 5383 per

1730 5423 1818 5464 me
1843 5447 1859 5475 ,
1893 5417 1949 5463 et
1995 5409 2063 5464 ad
2116 5417 2168 5462 te
2218 5405 2496 5478 dill‘ngient
2523 5445 2538 5471 ,
2580 5424 2600 5458 ι
2654 5405 3002 5477 perspicuum
3036 5411 3123 5463 est
3154 5402 3301 5473 quod

1725 5502 1925 5572 captivi
1963 5501 2056 5570 qui
2107 5500 2162 5555 in
2218 5498 2419 5568 templo
2457 5497 2610 5553 fuere
2657 5498 2971 5568 aliquando,
3015 5495 3182 5551 etiam
3230 5493 3299 5547 ad

1731 5594 1864 5650 illud
1901 5608 2092 5649 rursus
2143 5591 2394 5646 redibunt
2453 5590 2854 5657 remdilicandi,
2909 5584 3298 5660 pretiosissimi

1418 5688 1463 5720 ⁰¹
1496 5687 1690 5744 Matth.
1721 5701 1816 5752 xv,
1839 5685 1932 5742 24.
2007 5685 2054 5718 ³³
2079 5683 2184 5741 Isa.
2217 5698 2326 5747 Ltv,
2364 5683 2452 5738 15.

1794 5777 1908 5845 (60)
1950 5776 2075 5845 Ilaec
2105 5775 2471 5844 supplovimus
2494 5789 2559 5829 ex
2598 5774 2870 5830 Perionio.

1791 5841 1907 5922 (61)
1947 5841 2580 5912 Ἦλθενζ’,Οοείάοτειμιιο
2620 5847 2671 5902 ἰιι
2705 5847 2895 5902 codice
2926 5841 3244 5899 Bodleiano.
