3826 6526
496 431 593 493 591

1987 411 2314 470 ORIGENIS

3650 381 3748 437 392

497 549 707 621 lapides
735 544 887 602 facti.
920 542 1054 600 Nam
1093 542 1316 597 vincens
1360 538 1628 610 quispiam
1671 533 2069 606 inApocalyps-i

2177 529 2633 584 ἐπανελεύσονται
2657 529 3302 603 ἀνοικοδομηθησόμενοι,
3331 530 3641 602 τιμιιέιτατοι
3657 542 3716 602 γε

496 642 639 714 apud
663 639 929 698 Joannem
953 638 1024 704 ’⁸,
1057 633 1472 706 promissionem
1526 632 1691 687 habet
1733 638 1794 683 ut
1836 628 1908 683 sit
1935 626 2077 683 colu-

495 749 627 791 mna
668 733 721 789 in
757 731 853 787 Dei
905 728 1128 800 templo,
1161 735 1318 783 extra
1349 740 1457 780 non
1510 724 1774 778 exiturus.
1806 720 2074 792 Caeterum

494 828 615 883 haec
641 824 822 881 omnia
845 839 874 876 a
909 837 995 876 me
1022 820 1165 876 dicta
1203 824 1352 883 sunt,
1382 826 1461 883 ut,
1493 816 1716 872 brevem
1766 813 1958 869 saltem
1987 812 2076 868 in—

498 918 860 988 telligentiam
911 916 1210 970 habeamus
1261 925 1442 967 rerum
1496 908 1721 979 templi,
1776 917 1836 963 et
1881 907 2078 962 domus

497 1012 616 1076 Dei,
650 1020 706 1064 et
741 1006 1037 1070 Ecclesia,
1067 1013 1124 1060 et
1150 1001 1481 1066 Jerusalem,
1507 1001 1573 1055 de
1603 1000 1802 1069 quibus
1831 998 2077 1070 singula-

499 1104 594 1157 tim
631 1101 813 1156 dicere
844 1113 951 1154 non
987 1106 1073 1153 est
1112 1094 1398 1167 praesentis
1429 1091 1707 1162 temporis.
1740 1088 1810 1147 At
1845 1105 2073 1144 accura-

498 1196 763 1250 tissimam
801 1191 1227 1261 diligentemque
1268 1186 1351 1242 vel
1380 1186 1446 1240 ad
1475 1184 1756 1255 vulgarem
1788 1197 1960 1253 usque
1992 1182 2076 1234 iu-

493 1281 843 1354 quisilionem
876 1280 1023 1332 circa
1056 1277 1171 1332 hac
1223 1275 1428 1329 faciant
1465 1274 1520 1328 hi
1579 1288 1804 1329 necesse
1848 1281 1935 1328 est
1983 1270 2074 1339 qui

492 1390 600 1430 nou
637 1372 1010 1441 defatigantur
1032 1366 1259 1438 legendo
1286 1365 1598 1437 prophetias
1630 1376 1874 1435 quaerere
1908 1363 1959 1418 in
1995 1362 2076 1417 eis

490 1465 832 1537 spiritualem
889 1478 1132 1520 sensum.
1182 1459 1293 1516 Sed
1356 1458 1621 1515 hactenus
1673 1474 1695 1510 ι
1752 1458 1821 1513 de
1872 1455 2075 1527 templo

495 1560 748 1630 corporis
779 1557 864 1615 sui
892 1557 962 1613 ".
989 1575 1020 1643 ι.

573 1736 663 1790 27.
684 1733 886 1787 Verum
910 1729 1187 1785 enimvero
1208 1726 1460 1798 quoniam
1488 1745 1506 1778 ι
1533 1724 1873 1796 simulatque
1892 1739 2067 1781 surre-

506 1825 585 1884 xit
607 1840 637 1878 e
663 1822 907 1887 mortuis,
936 1818 1199 1875 recordati
1224 1826 1353 1872 sunt
1376 1816 1623 1887 discipuli
1649 1816 1766 1886 ejus
1791 1816 1935 1886 quod
1964 1817 2067 1871 hoc

508 1914 722 1979 dixerit,
759 1922 815 1968 et
844 1881 1191 1967 crediderunt
1215 1881 1530 1979 Scriptum,
1553 1918 1609 1964 et
1638 1881 1875 1965 sermoni
1907 1922 2067 1977 quem
2100 1881 2145 1939 Β

508 2007 644 2062 dixit
671 2005 828 2060 Jesus
859 2004 927 2068 “,
970 2021 987 2053 ι
1023 2001 1427 2074 intelligendum
1461 2008 1571 2064 est,
1597 1999 1739 2069 quod
1768 1999 1835 2055 ad
1867 2008 2068 2054 textum

509 2097 721 2161 attinet,
752 2093 1063 2175 discipulos,
1093 2101 1375 2162 postquam
1406 2089 1667 2145 Dominus
1688 2104 1719 2145 e
1747 2089 1974 2144 mortuis
1994 2105 2071 2144 re-

509 2185 912 2250 resurrexisset,
931 2182 1260 2239 intellexisse
1276 2195 1395 2251 qua:
1405 2179 1471 2235 de
1484 2178 1684 2250 templo
1699 2178 1838 2235 dicta
1859 2178 2073 2234 fuerant

498 2292 700 2349 referri
745 2291 812 2346 ad
840 2290 1144 2361 passionem
1174 2289 1293 2358 ejus
1319 2296 1377 2343 et
1404 2286 1883 2350 resurrectionem,
1909 2299 2068 2355 repe-

508 2392 685 2439 tentes
712 2383 855 2453 quod
901 2382 1066 2437 verba
1108 2381 1193 2435 illa
1226 2397 1241 2434 :
1276 2400 1294 2433 ι
1327 2379 1386 2433 In
1434 2378 1605 2434 tribus
1639 2377 1830 2433 diebus
1869 2375 2069 2446 erigam

508 2473 639 2528 illud
659 2474 725 2538 ’⁷,
759 2491 778 2525 ι
800 2472 1245 2527 resurrectionem
1267 2471 1609 2527 declarabant
1636 2487 1650 2524 :
1675 2469 1888 2540 quando
1908 2468 2069 2523 etiam

508 2565 858 2621 crediderunt
882 2563 1174 2633 Scriptura:
1199 2571 1254 2617 et
1288 2559 1522 2619 sermoni
1560 2574 1720 2630 quem
1745 2558 1953 2614 dixerat
1978 2556 2072 2611 Je-

508 2671 621 2721 sus,
643 2672 764 2712 cum
789 2664 945 2711 antea
968 2655 1095 2710 dicti
1120 2670 1228 2709 non
1251 2652 1453 2708 fuerint
1472 2651 1764 2707 credidisse
1784 2647 2074 2719 Scriptura:

506 2766 564 2811 et
591 2757 849 2821 sermoni,
880 2774 1042 2828 quem
1068 2758 1201 2813 dixit
1219 2757 1395 2814 Iesus.
1426 2757 1560 2812 Nam
1594 2756 1730 2812 ﬁdes
1760 2757 1977 2828 proprie
2010 2756 2073 2811 il-

506 2847 613 2901 lius
639 2856 721 2902 est
749 2848 843 2918 qui
871 2857 981 2903 tota
1008 2847 1187 2903 anima
1219 2847 1453 2904 admittit
1492 2848 1621 2903 illud
1649 2848 1793 2918 quod
1832 2847 2073 2903 creditur

507 2939 564 2995 iu
593 2938 882 3010 baptismo.
911 2938 1068 3006 Quod
1105 2948 1287 2995 autem
1314 2941 1379 2995 ad
1405 2938 1739 3009 superiorem
1772 2938 2074 3009 intelligen-

507 3030 636 3086 tiam
659 3031 868 3095 attinet,
893 3031 1146 3100 quoniam
1172 3031 1426 3100 praedicta
1448 3029 1550 3085 fuit
1573 3030 1728 3083 nobis
1751 3027 2075 3084 resurrectio

511 3122 674 3176 totius
707 3122 948 3191 corporis
995 3121 1202 3175 Domini
1248 3137 1278 3175 e
1309 3121 1560 3182 mortuis,
1597 3121 1831 3175 sciamus
1861 3130 2075 3189 oportet

509 3212 654 3281 quod
694 3212 955 3268 admoniti
999 3212 1249 3282 discipuli
1306 3228 1405 3281 per
1453 3212 1680 3267 effectus
1740 3211 2070 3282 Scriptura,
2098 3238 2143 3299 α

510 3319 672 3380 quam
708 3313 887 3367 antea,
920 3304 1139 3373 quando
1188 3310 1344 3357 erant
1391 3301 1447 3356 in
1494 3302 1622 3367 vita,
1664 3311 1915 3356 accurate
1962 3317 2072 3356 non

512 3392 912 3461 intelligehant,
944 3392 1046 3445 sub
1088 3400 1363 3460 aspectum
1406 3391 1560 3445 factae
1598 3400 1653 3446 et
1697 3391 2071 3459 manifestata,

513 3483 881 3552 admonitique
927 3499 1156 3552 quorum
1205 3483 1504 3538 cmlestium
1545 3483 1786 3553 exempla
1833 3494 1985 3538 erant
2016 3493 2074 3541 et

514 3573 705 3627 umbra
733 3574 800 3639 ",
825 3574 987 3627 rebus
1028 3573 1133 3627 illis
1173 3573 1523 3628 crediderunt
1551 3573 1746 3643 quibus
1769 3584 1923 3629 antea
1962 3588 2069 3629 non

508 3666 870 3732 crediderant,
901 3677 1064 3737 atque
1103 3670 1337 3724 sermoni
1363 3668 1516 3735 Jesu,
1546 3685 1708 3740 quem
1740 3679 1865 3727 ante
1891 3687 2073 3727 resur-

512 3758 829 3825 rectionem,
853 3760 932 3815 sic
958 3760 1173 3816 volente
1199 3761 1291 3816 illo
1312 3762 1403 3831 qui
1426 3762 1766 3832 loquebatur,
1788 3779 1897 3817 non
1919 3763 2073 3819 intel-

510 3848 775 3905 lexerunt.
809 3849 912 3916 Qui
947 3851 1092 3906 enim
1123 3851 1239 3907 ﬁeri
1264 3851 1453 3922 potest
1476 3861 1536 3907 ut
1564 3854 1780 3924 proprie
1808 3854 1929 3924 quis
1950 3871 2073 3910 cre-

508 3939 637 3995 dere
657 3928 948 4011 Scriptum
970 3943 1181 3999 dicatur
1201 3960 1311 4000 non
1328 3945 1699 4014 contemplans
1718 3961 1937 4002 sensum
1956 3946 2072 4017 Spi-

507 4028 643 4083 ritus
665 4030 840 4088 sancti
867 4030 1037 4100 quiin
1065 4032 1178 4101 ipsa
1204 4042 1305 4097 est,
1331 4048 1492 4103 quem
1522 4034 1667 4088 credi
1692 4036 1898 4090 mavult
1925 4037 2070 4091 Deus

507 4128 670 4184 quam
698 4117 891 4173 littera:
914 4119 1280 4175 voluntatem?
1305 4119 1464 4175 Juxta
1494 4121 1634 4177 hanc
1661 4122 2068 4194 intelligentiam

509 4207 692 4261 nullus
711 4222 777 4262 ex
802 4208 889 4263 his
914 4208 1006 4279 qui
1035 4209 1333 4265 secundum
1363 4225 1579 4265 carnem
1620 4212 1916 4278 ambulant,
1949 4229 2072 4270 cre-

508 4297 637 4352 dere
664 4298 925 4355 dicendus
953 4307 1036 4355 est
1059 4300 1221 4355 rebus
1245 4299 1615 4371 spiritualibus
1653 4303 1810 4375 legis,
1835 4319 2067 4375 quarum

2179 623 2474 694 γενημένοι
2488 623 2670 678 λίθων·
2690 624 2857 679 νικῶν
2889 624 3000 696 γάρ
3030 641 3116 687 τις
3142 624 3235 678 καὶ
3256 623 3407 696 παρὰ
3424 622 3502 695 τῷ
3539 625 3744 698 Ἰωάννῃ

2178 715 2238 768 ἐν
2272 717 2340 786 τῇ
2378 714 2744 786 Ἀποκαλύψει
2775 715 3111 784 ἐπαγγελίαν
3156 713 3267 785 ἔχει
3311 712 3501 778 στῦλος
3543 714 3744 770 ἔσεσθαι

2178 809 2236 861 ὲν
2266 806 2348 879 τῷ
2379 806 2496 879 ναῷ
2526 807 2621 861 τοῦ
2665 806 2824 871 Θεοῦ,
2863 806 2939 879 μὴ
2971 805 3383 878 ὲξελευσόμενος
3420 806 3542 873 ἔξω.
3575 807 3744 863 Ταῦτα

2176 897 2234 952 δέ
2270 916 2360 970 μοι
2392 898 2571 953 πάντα
2598 898 2813 973 εἴρηται
2847 898 2991 970 ὑπὲρ
3023 898 3119 952 τοῦ
3150 898 3253 952 κᾶν
3285 899 3343 952 ὲν
3386 898 3614 972 βραχείᾳ
3660 917 3743 952 πε-

2179 990 2355 1062 ρινοίᾳ
2381 990 2632 1059 γενέσθαι
2661 992 2810 1063 ἡμᾶς
2842 989 2955 1043 τῶν
2994 989 3137 1045 κατὰ
3180 989 3271 1044 τὸν
3323 990 3475 1053 ναὸν,
3528 990 3620 1045 καὶ
3664 991 3743 1045 τὸν

2176 1078 2321 1137 οἷκον
2349 1081 2444 1138 τοῦ
2470 1083 2626 1149 Θεοῦ,
2655 1083 2750 1137 κα)⁵
2779 1082 2877 1155 τὴν
2919 1081 3244 1153 Ἐκκλησίαν
3263 1123 3279 1150 ,
3311 1083 3407 1138 καὶ⁵
3432 1083 3532 1157 τὴν
3566 1085 3743 1159 Ἰερου-

2178 1174 2361 1247 σαλὴμ
2388 1176 2752 1247 πραγμάτων,
2784 1175 2915 1246 περὶ¹
2942 1168 3017 1227 ὧν
3042 1175 3141 1227 οὐκ
3167 1173 3281 1229 ἐστι
3301 1174 3396 1228 νῦν
3417 1175 3597 1245 λέγειν
3619 1181 3742 1233 κατὰ

2180 1267 2363 1339 μέρος.
2400 1268 2511 1340 Τὴν
2545 1268 2603 1322 δὲ
2632 1257 3041 1341 ’ἀκριὸεστάτην
3071 1268 3167 1321 καὶ
3194 1267 3355 1340 μέχρι
3383 1267 3478 1322 τοῦ
3507 1269 3741 1339 τυχόντος

2176 1375 2243 1412 πε
2253 1360 2306 1431 pi.
2327 1360 2497 1413 ταῦτα
2521 1361 2756 1433 ἐπιμελῆ
2784 1359 3030 1428 ἐξέτασιν
3056 1363 3309 1434 ποιητέον
3336 1366 3450 1427 τοῖς
3481 1363 3554 1436 μὴ
3577 1365 3739 1419 ἀπαυ-

2175 1450 2309 1505 δῶσι
2339 1451 2477 1524 πρὸς
2498 1453 2625 1516 τοὺς
2653 1453 2711 1506 ὲν
2743 1451 2822 1524 τῷ
2860 1452 3209 1523 ἐντυγχάνειν
3247 1456 3367 1518 ταῖς
3399 1456 3740 1526 προφητείαις

2175 1543 2358 1615 ζητεῖν
2395 1542 2488 1597 τὸν
2527 1545 2585 1598 ὲν
2621 1545 2813 1608 αὑταῖς
2872 1543 3240 1615 πνευματικὸν
3281 1544 3406 1598 νοῦν
3456 1546 3736 1616 καμάτους.

2172 1634 2284 1690 Καὶ
2306 1634 2480 1688 ταῦτα
2505 1634 2605 1705 μὲν
2628 1653 2646 1685 ι
2677 1633 2806 1706 περὶ
2836 1633 2932 1689 τοῦ
2961 1632 3091 1688 ναοῦ
3120 1631 3214 1687 τοῦ
3251 1634 3503 1705 σώματος
3530 1635 3733 1689 αὑτοῦ.»

2243 1724 2335 1780 27.
2378 1725 2534 1779 Ἐπεὶ
2565 1724 2621 1778 δὲ
2655 1742 2674 1776 ι
2703 1725 2793 1779 ὅτε
2816 1723 3027 1795 ἠγέρθη
3056 1725 3120 1778 ὲκ
3149 1724 3379 1797 νεκρῶν,
3410 1726 3738 1799 ἐμνήσθησαν

2170 1815 2220 1868 οἱ
2252 1813 2492 1886 μαθηταὶ
2524 1813 2690 1867 αὑτοῦ
2712 1853 2727 1875 ,
2760 1812 2842 1867 ὅτι
2889 1811 3049 1866 τοῦτο
3080 1811 3231 1880 ἔλεγε
3254 1853 3270 1875 ,
3306 1812 3402 1865 καὶ
3433 1812 3741 1865 ἐπίστευσαν

2172 1908 2241 1978 τῇ
2289 1907 2480 1979 Γραφῇ
2507 1945 2522 1964 .
2564 1905 2659 1960 καὶ
2702 1904 2780 1977 τῷ
2821 1903 2984 1975 λόγῳ,
3014 1902 3072 1958 ὃν
3098 1898 3251 1958 εἶπεν
3279 1906 3308 1957 ὁ
3348 1903 3575 1975 Ἰησοῦς,
3605 1924 3623 1954 ι
3657 1907 3739 1957 ἐκ-

2173 1999 2393 2055 δεκτέον
2415 2039 2430 2064 ,
2459 1999 2536 2064 ὼς
2570 1997 2712 2053 κατὰ
2740 1997 2839 2067 τὴν
2866 1996 3032 2062 λέξιν,
3063 1998 3147 2051 ὅτι
3179 1997 3229 2049 οἱ
3261 1995 3502 2068 μαθηταὶ
3533 1995 3666 2066 μετᾶ
3687 1996 3739 2049 τὸ

2172 2090 2475 2164 ὲγηγέρθαι
2512 2093 2577 2144 ὲκ
2611 2090 2821 2163 νεκρῶν
2854 2089 2947 2142 τὸν
2980 2088 3203 2160 Κύριον,
3237 2088 3477 2159 συνῆκαν
3522 2087 3589 2141 τά
3626 2088 3739 2160 περὶ

2173 2183 2268 2238 τοῦ
2297 2182 2426 2239 ναοῦ
2453 2181 2721 2255 εἰρημένα
2748 2179 3117 2250 ἀναφέρεσθαι
3144 2181 3223 2244 εἰς
3247 2179 3307 2233 τὸ
3340 2178 3510 2243 πάθος
3543 2179 3698 2233 αὑτοῦ
3722 2218 3737 2242 ,

2174 2276 2271 2332 καὶ
2295 2276 2393 2349 τὴν
2420 2275 2742 2334 ἀνάστασιν,
2779 2270 3218 2343 ὑπομνησθέντες
3247 2270 3383 2342 (62),
3409 2272 3491 2324 ὅτι
3512 2270 3588 2324 τό·
3619 2288 3637 2321 ι
3660 2271 3737 2323 Ἐν

2174 2358 2352 2437 τρισὶν
2384 2364 2623 2438 ἡμέραις
2655 2361 2833 2436 ἐγερῶ
2872 2362 3032 2415 αὐτὸν
3051 2401 3068 2428 ,
3104 2380 3122 2413 ι
3168 2361 3268 2433 τὴν
3300 2360 3595 2415 ἀνάστασιν
3624 2360 3736 2431 est]-

2173 2460 2267 2514 λου
2289 2477 2303 2490 ο
2334 2459 2426 2513 ὅτε
2457 2458 2548 2511 καὶ
2577 2456 2904 2510 ἐπίστευσαν
2943 2458 3009 2527 τῇ
3041 2455 3257 2524 Γραφῇ,
3289 2453 3382 2508 καὶ
3423 2452 3499 2524 τῷ
3525 2452 3661 2524 λόγῳ
3687 2452 3739 2505 ὃν

2173 2547 2327 2606 εἶπεν
2368 2552 2397 2605 ό
2439 2549 2677 2623 Ἰησοῦς,
2711 2541 2977 2621 πρότερον
3022 2547 3083 2600 ού
3131 2544 3610 2618 μεμαρτυρημένοι
3652 2562 3740 2598 περ

2174 2642 2527 2699 πιστευκέναι
2561 2645 2628 2715 τῇ
2661 2642 2850 2713 Γραφῇ
2877 2680 2893 2706 ,
2940 2639 3061 2693 οὐδὲ
3090 2638 3168 2710 τῷ
3195 2639 3339 2709 λόγῳ
3368 2637 3542 2708 τούτῳ
3572 2637 3632 2691 ὃν
3672 2633 3741 2690 εἷ-

2173 2754 2277 2792 πεν
2323 2738 2352 2790 ό
2419 2734 2661 2807 Ἰησοῦς⁸
2698 2734 2904 2807 κυρίως
2949 2732 3058 2805 γὰρ
3102 2732 3285 2794 πίστις
3332 2731 3451 2783 ἐστὶ
3494 2729 3634 2783 κατὰ
3684 2729 3740 2781 τὸ

2174 2828 2459 2901 βάπτισμα
2485 2826 2580 2880 τοῦ
2612 2825 2709 2900 ὅλῃ
2736 2824 2880 2896 ψυχῇ
2915 2822 3357 2895 παραδεχομένου
3398 2821 3461 2874 τὸ
3507 2820 3741 2874 πιστευό-

2176 2938 2335 2993 μενον
2356 2936 2370 2951 ⁸
2402 2918 2478 2983 ὡς
2510 2918 2567 2973 δὲ
2613 2917 2751 2989 πρὸς
2782 2917 2881 2988 τὴν
2911 2915 3233 2987 ἀναγωγὴν,
3273 2913 3396 2967 ἐπεὶ
3430 2912 3738 2986 προείρηται

2172 3016 2306 3087 ἡμῖν
2333 3016 2367 3087 ἡ
2395 3015 2461 3067 ὲκ
2485 3010 2694 3083 νεκρῶν
2735 3007 3031 3071 ἀνάστασις
3070 3006 3163 3060 τοῦ
3193 3005 3393 3070 παντὸς
3420 3004 3513 3059 τοῦ
3542 3005 3739 3076 Κυρίου

2175 3105 2449 3179 σώματος,
2478 3104 2677 3158 εἰδέναι
2711 3101 2838 3174 χρὴ,
2867 3101 2951 3154 ὅτι
2973 3102 3021 3154 οἱ
3054 3097 3293 3169 μαθηταὶ
3319 3095 3741 3169 ὑπομνησθέντες

2173 3198 2264 3254 διὰ
2313 3196 2422 3251 τῶν
2473 3192 2930 3262 ἀποτελεσμάτων
2973 3190 3105 3260 τῆς,
3133 3190 3221 3242 ὅτε
3248 3183 3388 3260 ἦσαν
3434 3189 3491 3241 ὲν
3518 3185 3594 3256 τῷ
3624 3185 3739 3256 βίῳ,

2176 3290 2253 3361 μὴ
2285 3285 2673 3360 ἡκριόωμένης
2713 3283 2898 3345 αὐτοῖς
2932 3278 3041 3352 (65)
3071 3278 3313 3350 Γραφῆς,
3346 3276 3450 3330 ὑπὸ
3499 3275 3619 3346 big/tv
3660 3292 3739 3344 γι·-

2171 3379 2405 3450 νομένης
2430 3416 2446 3441 ,
2503 3375 2596 3430 καὶ
2628 3372 3072 3446 φανερουμένης,
3123 3370 3282 3423 τίνων
3321 3385 3381 3421 τε
3416 3366 3743 3438 ἐπουρανίων

2174 3471 2480 3541 ὑπόδειγμα
2506 3469 2600 3522 καὶ
2631 3466 2759 3521 σκιά
2790 3466 3074 3537 ἐτύγχανε,
3101 3462 3448 3516 πιστεύουσιν
3477 3461 3525 3513 οἳ
3557 3459 3744 3532 πρότε-

2175 3578 2266 3635 ρον
2291 3560 2393 3615 ούκ
2422 3558 2740 3622 ἐπίστευον,
2772 3556 2867 3612 καὶ
2897 3554 2974 3626 τῷ
3000 3553 3143 3624 λόγῳ
3170 3552 3261 3605 τοῦ
3299 3547 3497 3623 Ἰησοῦ,
3539 3547 3600 3602 ὃν
3643 3546 3743 3619 πρὸ

2169 3653 2269 3725 τῆς
2298 3651 2673 3714 ἀναστάσεως,
2706 3648 2783 3712 ὼς
2817 3646 3068 3701 ἐϐούλετο
3099 3647 3127 3699 ὀ
3160 3642 3352 3711 λέγων,
3379 3641 3438 3695 οὐ
3477 3640 3740 3693 συνίεσαν,

2172 3745 2297 3809 Πῶς
2325 3744 2435 3816 γὰρ
2465 3741 2688 3797 δύναταί
2711 3759 2796 3805 τις
2828 3739 3103 3795 πιστεύειν
3153 3736 3353 3809 κυρίως
3391 3732 3641 3805 λέγεσθαι
3679 3734 3741 3802 τῇ

2172 3835 2363 3906 Γραφῇ
2385 3876 2400 3901 ,
2433 3833 2526 3888 τὸν
2555 3833 2612 3885 ὲν
2646 3831 2785 3903 αὐτῇ
2818 3830 2929 3901 (64)
2957 3828 3051 3882 τοῦ
3094 3826 3249 3897 ἁγίου
3284 3826 3594 3897 Πνεύματος
3622 3823 3743 3877 νοῦν

2177 3928 2253 4001 μὴ
2286 3925 2526 3999 θεωρῶν,
2561 3924 2619 3979 ὃν
2646 3920 2998 3977 πιστεύεσθαι
3038 3919 3237 3992 μᾶλλον
3268 3921 3296 3973 ὁ
3320 3919 3452 3982 Θεὸς
3481 3915 3741 3987 βούλεται,

2172 4024 2207 4096 ἢ
2240 4023 2302 4078 τὸ
2330 4021 2423 4076 τοῦ
2440 4020 2766 4093 γράμματος
2790 4015 3023 4086 θέλημα;
3048 4010 3204 4068 Κατά
3223 4010 3381 4065 τοῦτο
3398 4008 3617 4064 λεκτέον
3645 4026 3745 4079 μη-

2172 4115 2301 4171 δένα
2332 4113 2442 4168 τῶν
2472 4111 2616 4167 κατὰ
2640 4109 2821 4183 σάρκα
2850 4103 3293 4180 περιπατούντων
3326 4099 3602 4155 πιστεύειν
3637 4101 3743 4160 τοῖς

2173 4206 2564 4279 πνευματικοῖς
2593 4203 2688 4257 τοῦ
2718 4201 2910 4272 νόμου,
2949 4193 3029 4264 οἷς
3063 4198 3198 4272 μηδὲ
3226 4198 3325 4271 τὴν
3352 4195 3523 4271 ἀρχὴν
3547 4194 3745 4265 φαντά-

2173 4298 2349 4365 ζεται.
2415 4296 2588 4369 Πλὴν,
2627 4296 2761 4368 φασὶ
2818 4291 3262 4366 μακαριωτέρους
3316 4285 3455 4344 εἶναι
3506 4289 3629 4351 τοὺς
3672 4284 3742 4357 μὴ

511 4385 832 4457 principium
890 4403 961 4443 ue
1015 4389 1335 4460 imaginatur
1383 4391 1619 4461 quidem.
1666 4391 1858 4448 Verum
1910 4396 2069 4467 209

2178 4391 2387 4456 ἰδόντας
2430 4388 2527 4444 καὶ
2578 4387 2978 4450 πιστεύσαντας
3005 4385 3115 4438 τῶν
3145 4383 3467 4455 ἑωρακότων
3509 4381 3601 4434 καὶ
3646 4395 3740 4432 πε-

510 4476 779 4532 heatiores
805 4477 894 4547 qui
929 4492 1039 4532 non
1073 4478 1326 4534 viderunt
1353 4488 1409 4535 et
1440 4475 1820 4547 crediderunt,
1853 4485 1938 4539 his
1977 4486 2069 4556 qui

2176 4481 2549 4537 πιστευκότων
2576 4519 2591 4544 ,
2643 4477 3103 4551 παρεκδεξάμενοι
3125 4475 3186 4529 τὸ
3207 4476 3266 4529 ὲν
3289 4473 3368 4546 τῷ
3395 4474 3534 4529 κατὰ
3571 4470 3743 4526 Ἰωάν-

509 4566 763 4622 viderunt
824 4576 880 4623 et
932 4567 1314 4630 crediderunt.
1358 4568 1644 4640 inquiunt;
1686 4573 1741 4627 hi
1783 4589 2065 4644 perperam

2176 4594 2272 4649 νην
2302 4575 2395 4630 ἐπὶ
2437 4574 2584 4628 τέλει
2635 4570 2924 4643 εἰρημένον
2966 4567 3103 4640 πρὸς
3133 4564 3224 4619 τὸν
3263 4564 3467 4635 Θωμᾶν
3499 4560 3600 4615 ὑπὸ
3650 4558 3741 4613 τοῦ

499 4672 829 4733 acceperunt
854 4667 1000 4735 quod
1022 4666 1077 4721 in
1103 4668 1210 4723 line
1245 4671 1516 4744 Evangelii
1551 4673 1776 4731 Joannis
1798 4678 1928 4734 dicit
1957 4679 2061 4735 Do-

498 4752 680 4808 minus
721 4753 791 4809 ad
832 4753 1095 4811 Thomam
1135 4775 1149 4812 :
1187 4778 1205 4811 ι
1249 4760 1400 4816 Beati
1443 4764 1535 4833 qui
1582 4781 1691 4819 non
1718 4767 1972 4825 viderunt
2004 4779 2061 4825 et

498 4843 844 4900 crediderunt
870 4847 938 4900 ”.
988 4865 1007 4897 ι
1036 4847 1142 4903 Sed
1179 4864 1290 4904 non
1336 4850 1601 4909 beatiores
1641 4855 1815 4926 inquit
1842 4873 1937 4914 eos
1966 4858 2058 4929 qui

498 4948 608 4989 non
642 4935 895 4993 viderunt
937 4947 994 4993 et
1037 4940 1401 5006 crediderunt,
1446 4943 1532 5000 his
1574 4946 1667 5016 qui
1711 4947 1963 5005 viderunt
2004 4962 2060 5007 et

498 5026 873 5098 crediderunt;
900 5030 1118 5101 alioqui,
1140 5032 1294 5103 juxta
1315 5034 1453 5091 hanc
1479 5035 1909 5111 intelligentiam,
1935 5055 2060 5111 apo-

492 5135 646 5191 stolis
688 5137 1020 5206 posteriores
1069 5138 1342 5192 beatiores
1390 5145 1519 5194 sunt
1568 5137 1832 5206 apostolis
1886 5139 2019 5212 ipsis
2050 5181 2067 5209 ,

493 5228 639 5297 quod
686 5240 768 5285 est
802 5229 1170 5287 fatuissimum
1202 5231 1465 5287 omnium.
1500 5230 1738 5287 Proinde
1771 5243 1957 5289 mente
1983 5236 2064 5291 vi-

489 5320 619 5379 deat
642 5328 859 5399 Oportet
888 5333 1013 5390 quaa
1043 5323 1343 5377 creduntur
1363 5321 1457 5393 qui
1491 5322 1688 5377 beatus
1713 5320 1928 5381 futurus
1953 5335 2061 5392 est,

2176 4669 2413 4743 Κυρίου·
2444 4686 2462 4719 ι
2500 4665 2778 4735 Μακάριοι
2801 4663 2851 4717 οι
2882 4661 2957 4734 μὴ
2978 4660 3170 4723 ἰδόντες
3191 4657 3285 4712 καί
3303 4654 3737 4716 πιστεύσαντεςί

2174 4765 2237 4820 ού
2268 4762 2379 4835 γὰρ
2433 4757 2882 4832 μακαριωτέρους
2937 4754 3046 4827 (65)
3084 4748 3221 4806 εἶναι
3267 4751 3394 4815 τοὺς
3441 4748 3514 4820 μὴ
3542 4746 3745 4807 ἰδόντας

2175 4858 2270 4914 καὶ
2319 4853 2716 4915 πιστεύσαντας
2762 4847 2870 4904 τῶν
2909 4847 3227 4919 ἑωρακότων
3267 4843 3360 4895 καὶ
3393 4835 3745 4895 πεπιστευκό-

2174 4970 2284 5008 των
2303 4967 2317 4982 ο
2348 4947 2493 5004 κατά
2518 4944 2649 5017 γοῦν
2677 4942 2775 5015 τὴν
2802 4939 3028 5012 ἐκδοχὴν
3060 4936 3239 4992 αὐτῶν
3284 4934 3393 4989 τῶν
3440 4929 3746 4987 ἀποστόλων

2177 5044 2584 5118 μακαριώτεροι
2623 5039 2674 5091 oi
2709 5033 2847 5108 μετὰ
2874 5032 3003 5097 τοὺς
3043 5028 3372 5093 ἀποστόλους
3411 5025 3565 5091 εἰσιν,
3595 5023 3747 5118 Δὸπερ

2173 5113 2293 5194 ἐστι
2335 5113 2562 5191 *πάντων
2618 5126 2992 5202 ὴλιθιώτατον.
3038 5124 3183 5178 Ἰδεῖν
3210 5121 3268 5176 δὲ
3294 5119 3372 5192 τῷ
3406 5117 3517 5190 (66)
3553 5114 3633 5187 vis.
3682 5113 3749 5167 τὰ

2174 5227 2540 5300 πιστευόμενα
2564 5222 2658 5277 τὸν
2696 5221 2953 5292 ἐσόμενον
2986 5216 3272 5290 μακάριον,
3322 5213 3400 5276 ὡς
3433 5211 3480 5264 οἱ
3515 5205 3746 5300 ἀπό-ποῖ

2169 5324 2287 5388 λοι,
2318 5295 2615 5390 δυνηθέντα
2651 5311 2872 5370 ἀκούειν
2895 5311 2987 5365 τό’
3019 5327 3039 5362 ι
3075 5305 3354 5378 Μακάριοι
3394 5303 3443 5356 οἱ
3483 5295 3747 5370 ὀφθαλμοὶ

2102 5468 2148 5512 ιτ
2185 5458 2321 5518 ibid.
2372 5452 2463 5510 l9.
2562 5451 2609 5485 ⁸⁸
2635 5449 2800 5505 ilebr.
2831 5462 2948 5508 vm,
2981 5444 3035 5500 5.
3128 5441 3174 5474 ”
3195 5438 3356 5495 Joan.
3390 5451 3483 5499 xx,
3511 5432 3604 5487 29.

2246 5570 2361 5645 <65)
2405 5570 2510 5645 οὐ-
2533 5567 2646 5645 γὰρ
2691 5544 3743 5645 μακαριωῖέρςνςοἐξερηὲιιρέἑῐὶἳὶἱῖιὶῗ¹

2174 5624 2511 5723 φησίξιιυοιι
2541 5624 2788 5693 Ἰοίιειέεθ
2814 5624 3187 5723 supplendum
3205 5624 3422 5693 reliquit
3457 5624 3743 5687 Origenes,

2170 5704 2256 5771 {rei
2290 5704 2544 5767 librarius
2575 5704 2940 5778 praetermisit.
2976 5770 2996 5778 _
3126 5714 3133 5720 ‘
3179 5715 3236 5778 _'
3327 5763 3350 5778 _
3413 5768 3551 5778 LM-
3619 5754 3721 5778 ,λε

2245 5754 3577 5855 1675'"iééiv'éi'éiiiﬂii“899999197935”
3618 5754 3746 5811 εδεῖν

2171 5855 2230 5911 δὲ
2251 5836 2354 5908 “δεῐ’
2375 5851 2454 5922 τῷ
2486 5848 2591 5922 νῷ·
2624 5836 2824 5916 alioqui
2862 5836 2968 5899 non
2999 5836 3271 5897 constabit
3298 5844 3513 5891 sensus.

560 5461 612 5495 ”
631 5459 803 5529 Apoc.
835 5474 919 5528 ιιι,
950 5459 1039 5514 12.
1127 5461 1172 5493 ’⁸
1202 5458 1357 5534 Joan.
1401 5478 1456 5528 ιι,
1484 5460 1575 5516 2|.
1677 5461 1724 5493 "
1787 5461 1914 5518 ibid.
1960 5465 2030 5521 22

527 5573 677 5699 i($62)
729 5572 1259 5643 Ὑπομνησθέντες.
1284 5576 1633 5633 Desideratur
1666 5576 1719 5631 in
1739 5577 1931 5634 codice
1960 5577 2067 5634 Ile-

530 5664 678 5784 Ἵθὸ)
715 5713 948 5782 Αὐτοῖς.
986 5712 1148 5784 Deest
1175 5713 1229 5767 in
1257 5717 1441 5771 codice
1470 5716 1781 5771 Bodleiano.

563 5781 678 5860 (ϐξ)
722 5784 836 5860 Τὸν
976 5781 1243 5860 αὐτῇιμιιι
1282 5787 1467 5860 codice
1499 5785 1680 5860 Regio
1712 5788 1864 5844 deest
1903 5788 2063 5860 αὐτῇ,

491 5855 638 5927 quad
673 5857 979 5914 restituitur
1003 5870 1035 5912 e
1064 5855 1251 5912 codice
1284 5856 1607 5912 Barheriuo.
