3806 6536
127 412 217 473 503
1192 399 1548 460 COMMENT.
1580 398 1649 456 ΙΝ
1679 397 1874 456 JOAN.
1920 395 2159 453 TOMUS
2198 395 2263 451 Χ.

3242 393 3348 449 594

128 508 273 578 ὑμῶν,
301 504 385 559 ὅτι
422 503 697 574 βλέπουσι,
718 501 813 555 xui.
831 499 901 554 τὰ
925 493 1041 553 ὦτα
1071 498 1225 571 ὑμῶν
1256 500 1338 553 ὅτι
1361 497 1635 552 ἀκούουσι·
1653 517 1670 546 ι

1788 495 2004 565 perinde
2028 504 2194 564 atque
2221 492 2454 560 apostoli
2488 490 2618 545 illud
2643 489 2831 545 audire
2869 478 3054 545 valens
3085 509 3098 544 :
3133 507 3152 541 ι
3194 489 3347 546 Beati

128 599 205 653 καὶ
237 597 318 650 τό·
349 614 367 646 ι
393 594 587 648 Πολλοὶ
617 593 889 664 προφῆται
921 592 1018 645 καὶ
1066 590 1264 644 δίκαιοι
1321 588 1673 660 ὲπεθύμησαν

128 691 232 746 ἰδεῖν
254 690 287 742 ἃ
322 687 570 758 βλέπετε,
601 685 695 739 καὶ
729 685 830 738 οῦκ
860 678 1019 748 εἶδον,
1053 682 1146 737 καὶ
1178 682 1409 736 ἀκοῦσαι
1434 681 1468 736 ἆ
1492 680 1678 735 ἀκούε-

126 798 189 843 τε,
218 780 304 833 καὶ
331 779 436 832 οὐκ
466 777 721 849 ήκουσαν.
752 793 773 827 ι
824 773 1129 846 Ἀγαπητδν
1173 773 1231 826 δὲ
1273 773 1369 827 καὶ
1402 770 1494 825 τὸν
1544 772 1678 825 ὑπο-

121 872 371 942 δεέστερον
404 869 592 924 λαϐεῖν
640 867 987 941 μακαρισμὸν
1038 867 1289 937 λέγονταο
1350 885 1369 917 ι
1400 864 1676 936 Μακάριοι

120 964 161 1017 σί
181 961 246 1034 μὴ
280 961 480 1025 [δόντες
501 961 596 1015 καὶ
630 959 1034 1022 πιστεύσαντες.
1069 979 1087 1010 ι
1126 958 1250 1022 Πῶς
1294 957 1351 1011 δὲ
1396 956 1676 1028 μακαριώ-

120 1070 243 1126 τεροι
268 1055 315 1107 οἱ
351 1051 622 1124 ὀφθαλμοὶ
651 1053 701 1107 οἱ
739 1052 845 1106 ὑπὸ
877 1052 970 1106 τοῦ
1017 1049 1195 1123 Ἰησοῦ
1226 1050 1334 1123 (67)
1375 1047 1676 1121 μακαριζό-

123 1165 249 1219 μενοι
287 1147 382 1200 ἐπὶ
416 1148 529 1210 τοῖς
558 1144 987 1217 τεθεωρημένοις
1013 1186 1028 1209 ,
1078 1143 1188 1197 τῶν
1226 1143 1300 1215 μὴ
1351 1142 1674 1212 φθασάντων

120 1239 195 1292 ἐπὶ
215 1239 306 1311 τὴν
331 1236 445 1292 τῶν
468 1236 725 1291 τοιούτων
760 1237 887 1290 θέαν
908 1254 921 1266 ·
966 1237 1025 1288 '0
1048 1235 1104 1290 δὲ
1125 1233 1350 1306 Συμεὼν
1373 1234 1562 1305 ἀγαπᾷ
1595 1236 1675 1296 είς

118 1330 200 1391 τὰς
224 1328 467 1398 ἀγκάλας
501 1326 682 1382 λαϐὼν
706 1327 767 1381 τὸ
800 1328 1067 1399 σωτήριον
1087 1324 1182 1379 τοῦ
1216 1324 1374 1390 Θεοῦ,
1419 1325 1512 1380 καὶ
1548 1323 1676 1378 θεα-

119 1419 325 1491 σάμενος
356 1422 492 1475 αὐτὸ
530 1417 651 1475 εἷπε
670 1438 683 1451 ο
724 1439 743 1472 ι
772 1418 888 1474 Νῦν
916 1418 1171 1482 ἀπολύεις
1206 1418 1297 1472 τὸν
1326 1416 1511 1472 δοῦλόν
1556 1434 1672 1482 σου,

116 1515 355 1577 Δέσποτα,
389 1513 533 1568 κατά
569 1514 631 1567 rb
655 1513 808 1586 ῥῆμά
855 1529 970 1578 σου,
1012 1512 1070 1566 ὲν
1102 1512 1316 1585 εἰρήνῃ·
1341 1510 1423 1563 ὅτι
1452 1507 1590 1563 εἶδον
1623 1511 1672 1563 oi

112 1603 353 1675 ὀφθαλμοί
393 1621 496 1675 μου
512 1605 572 1658 rb
597 1604 860 1675 σωτήριόν
886 1621 998 1658 σου.
1026 1623 1044 1657 ι
1070 1604 1268 1675 Διόπερ
1297 1601 1675 1674 φιλοτιμητέον

115 1695 323 1763 ἀνοίγειν
366 1695 497 1760 τοὺς
535 1695 866 1768 ὀφθαλμοὺς,
896 1694 1036 1750 κατὰ
1066 1695 1157 1749 τὸν
1188 1693 1507 1766 Σολομῶντα
1530 1734 1545 1758 ,
1588 1692 1676 1745 ἵνα

112 1786 267 1859 ἀρτων
301 1766 732 1860 ὲμπλησθῶμεν.
788 1788 928 1861 Φησὶ
974 1766 1116 1860 γᾶρ·
1182 1805 1201 1839 ι
1228 1785 1501 1852 Διὰνοιξον
1549 1785 1675 1847 τοὺς

1778 587 1918 641 oculi
1954 586 2115 640 vestri
2145 584 2271 654 quia
2299 585 2503 648 vident,
2533 592 2588 638 et
2619 595 2786 637 aures
2837 590 3031 637 vestra:
3077 582 3205 652 quia
3259 597 3351 638 au-

1780 674 1936 729 diunt
1971 673 2026 739 ¹;
2066 692 2084 725 ι
2122 683 2176 727 et
2206 670 2381 727 illud:
2424 690 2442 723 ι
2484 670 2637 725 Multi
2669 671 2946 742 prophetae
2982 678 3038 726 et
3076 669 3209 740 justi
3254 686 3351 728 cu-

1779 765 1995 834 pierunt
2024 764 2207 818 videre
2234 778 2357 832 qua:
2389 763 2602 828 videtis,
2627 770 2683 819 et
2708 778 2812 817 non
2847 764 3132 831 viderunt;
3163 772 3221 818 et
3250 777 3351 819 au-

1780 855 1899 911 dire
1928 869 2049 926 quae
2095 854 2318 921 auditis,
2348 866 2403 909 et
2439 871 2547 909 non
2604 854 2894 910 audierunt
2928 857 2971 913 ².
3034 874 3053 908 ι
3103 854 3353 911 Αιιιιιιιὶιιι

1782 955 1963 1001 tamen
2018 947 2184 1002 etiam
2219 956 2303 1002 est
2356 947 2622 1001 minorem
2657 948 2906 1017 accipere
2960 947 3352 1003 beatitudinem

1779 1039 2053 1094 dicentem
2085 1056 2100 1095 :
2138 1057 2156 1089 ι
2199 1038 2347 1094 Beati
2392 1039 2484 1109 qui
2536 1054 2642 1093 non
2688 1040 2941 1094 viderunt
2999 1050 3054 1095 et
3107 1040 3354 1094 credide-

1779 1142 1907 1185 runt
1942 1131 1984 1183 ⁸.
2031 1148 2049 1183 ι
2084 1130 2368 1198 Quomodo
2414 1130 2559 1185 enim
2599 1148 2704 1187 non
2738 1131 3012 1189 beatiores
3061 1132 3203 1187 oculi
3261 1133 3353 1202 qui

1778 1237 1808 1277 a
1841 1221 1968 1278 Jesu
2004 1222 2387 1279 beatiﬁcantur
2410 1224 2479 1279 ob
2511 1237 2598 1279 res
2632 1224 2801 1292 visas,
2837 1223 2922 1280 his
2951 1224 3043 1295 qui
3089 1240 3195 1279 non
3231 1240 3356 1295 pcr-

1779 1322 2048 1367 venerunt
2075 1313 2142 1367 ad
2178 1312 2365 1368 talium
2421 1328 2604 1368 rerum
2635 1314 2944 1371 visionem?
2980 1316 3199 1373 Simeon
3248 1317 3354 1379 igi-

1781 1414 1888 1468 tur,
1932 1412 2224 1459 conteutus
2253 1405 2555 1474 sumpsisse
2583 1406 2637 1460 in
2669 1406 2829 1462 ulnas
2859 1409 3098 1466 salutare
3140 1408 3260 1475 Dei,
3290 1409 3356 1466 il-

1780 1493 1986 1567 ludque
2017 1496 2422 1567 contemplatus
2450 1535 2466 1563 ,
2520 1496 2662 1553 dixit
2694 1517 2707 1554 :
2753 1517 2771 1551 ι
2803 1497 2955 1556 Nunc
2986 1501 3214 1556 dimittis
3240 1516 3357 1557 ser-

1777 1605 1904 1643 vum
1955 1598 2106 1644 tuum
2130 1629 2146 1655 ,
2188 1591 2419 1645 Domine
2442 1631 2458 1657 ,
2508 1592 2803 1646 secundum
2837 1594 3060 1649 verbum
3115 1603 3266 1650 tuum
3299 1596 3355 1650 in

1780 1696 1942 1752 pace;
1969 1681 2225 1752 quoniam
2259 1683 2671 1737 videruntoculi
2699 1683 2803 1738 mei
2828 1686 3065 1739 salutare
3089 1694 3238 1741 tuum
3254 1684 3297 1740 ⁵.
3329 1705 3351 1740 ι

1781 1773 2049 1839 Quocirca
2086 1775 2479 1828 contendamus
2519 1789 2741 1830 necesse
2785 1787 2870 1831 est
2899 1778 3115 1846 aperire
3146 1776 3356 1842 oculos,

112 1876 400 1949 ὀφθαλμούς
432 1896 547 1943 σου,
579 1878 671 1933 καὶ
706 1878 1051 1950 ἑμπλήσθητι
1086 1877 1319 1950 ἄρτων.»
1355 1876 1465 1931 Καὶ
1496 1874 1670 1930 ταῦτά

1797 1875 1921 1919 uxta
1970 1863 2342 1933 Salomonem,
2376 1876 2438 1921 ut
2485 1867 2813 1937 impleamur
2877 1870 3128 1939 panibus.
3177 1867 3358 1940 lnquit

115 1987 189 2039 μοι
217 1969 301 2023 διὰ
329 1969 417 2023 τόο
443 1989 461 2023 ι
482 1970 841 2028 Ἐπίστευσαν
865 1971 930 2042 τῇ
963 1971 1175 2042 Γραφῇ,
1212 1969 1308 2023 καὶ
1322 1967 1402 2039 τῷ
1423 1966 1588 2038 λόγῳ,
1611 1965 1671 2019 ὃν

111 2055 293 2113 εἶπενὸ
325 2059 541 2133 Ἰησοῦς
563 2101 579 2125 ,
612 2080 631 2111 ι
656 2060 893 2134 εἰρήσθω
914 2076 928 2091 ⁸
958 2061 1046 2114 ίνα
1090 2060 1153 2114 rb
1193 2059 1395 2113 τέλειον
1438 2059 1538 2131 τῆς
1576 2057 1669 2111 πί-

111 2167 259 2215 στεως
302 2154 370 2207 ὲκ
405 2151 519 2205 τῶν
547 2152 675 2224 περὶ
715 2153 953 2217 πίστεως
999 2152 1384 2223 ὲξητασμένων
1436 2150 1672 2204 καταλά-

110 2244 269 2316 ϐωμεν
321 2246 461 2316 ήμῖν
510 2243 830 2316 δοθήσεσθαι
884 2248 942 2299 ὲν
991 2249 1057 2317 τῇ
1096 2244 1309 2318 μεγάλῃ
1359 2246 1425 2298 ἐκ
1460 2242 1671 2315 νεκρῶν

111 2337 382 2392 ἀναστάσει
430 2337 523 2391 τοῦ
564 2339 765 2403 παντὸς
819 2337 994 2407 Ἰησοῦ
1054 2335 1337 2409 σώματος,
1375 2335 1477 2407 τῆς
1510 2335 1673 2406 ἁγίας

118 2430 427 2502 Ἐκκλησίας
458 2430 646 2485 αὐτοῦ.
678 2431 859 2502 Ὅπερ
886 2429 995 2501 γὰρ
1026 2429 1118 2484 ἐπὶ
1152 2428 1407 2498 γνώσεως
1432 2428 1665 2500 εἴρηται·

112 2522 293 2594 (Ἄρτι
342 2521 607 2591 γινώσκω
650 2524 715 2577 ὲκ
761 2523 981 2595 μέρους,
1012 2541 1031 2575 ι
1067 2521 1187 2576 τόδε
1230 2522 1325 2576 καὶ
1352 2521 1444 2575 ἐπὶ
1471 2520 1672 2585 παντὸς

107 2612 251 2667 καλοῦ
294 2614 591 2668 ἀκόλουθον
632 2611 784 2685 οἶμαι
818 2614 1030 2684 λέγειν·
1078 2613 1136 2667 ἓν
1182 2613 1240 2667 δὲ
1282 2612 1393 2667 τῶν
1433 2613 1608 2669 ἄλλων
1636 2614 1670 2683 ή

108 2706 284 2770 πίστις.
314 2707 542 2780 Διόπερ,
580 2726 598 2759 ι
634 2707 793 2779 Ἀρτι
831 2726 850 2759 ι
880 2688 1157 2760 πιστεύω(
1196 2708 1262 2758 ὲκ
1291 2708 1509 2777 μέρους
1543 2705 1672 2757 ὅταν

103 2793 291 2870 δἐέλθῃ
322 2797 389 2851 rb
432 2798 641 2852 τέλειον
680 2818 699 2851 ι
751 2799 851 2871 τῆς
902 2798 1169 2862 πίστεως,
1199 2814 1217 2849 ι
1266 2796 1329 2850 rb
1370 2798 1436 2850 ὲκ
1474 2796 1673 2869 μέρους

105 2889 630 2963 καταργηθήσεται.)
683 2890 783 2963 τῆς
829 2889 919 2945 διὰ
974 2889 1148 2953 εἴδους
1201 2887 1439 2952 πίστεως
1491 2888 1672 2960 πολλῷ

103 2979 451 3055 διαφερούσης
480 2983 604 3053 τῆς,
633 2983 699 3036 ἵν’
721 2980 892 3047 οῦτως
917 2980 1077 3048 εἴπω,
1104 2981 1170 3036 δι’
1203 2981 1467 3055 ἐσόπτρου
1490 2981 1588 3037 καὶ
1614 2983 1672 3036 ὲν

105 3073 390 3146 αἰνίγματι,
417 3075 623 3147 ὁμοίως
648 3077 714 3147 τῇ
749 3074 845 3128 νῦν
884 3073 1105 3144 γνώσει,
1129 3074 1385 3139 πίστεως.

162 3347 243 3404 28.
278 3369 297 3400 ι
325 3350 417 3413 Ὠς
434 3349 490 3402 δὲ
521 3345 590 3421 ἦν
627 3351 684 3402 ὲν
717 3353 827 3414 τοῖς
855 3350 1249 3423 Ἱεροσολύμοις
1277 3352 1335 3403 ὲν
1360 3349 1438 3421 τῷ
1463 3350 1675 3422 Πάσχα,

105 3441 153 3493 ὲν
168 3445 228 3513 τῇ
256 3444 449 3514 ἑορτῇ,
499 3442 683 3496 πολλοὶ
726 3443 1051 3496 ἐπίστευσαν
1080 3445 1159 3506 είς
1188 3441 1250 3495 τὸ
1282 3440 1452 3513 ὄνομα
1486 3441 1677 3506 αὑτοῦ,

105 3532 422 3607 θεωροῦντες
466 3535 633 3590 αὐτοῦ
669 3537 736 3591 τὰ
777 3538 981 3607 σημεῖα
1001 3575 1016 3599 ,
1050 3534 1085 3589 ἃ
1117 3536 1310 3589 ἐποίει.
1353 3534 1527 3598 Αὐτὸς
1559 3535 1620 3588 δὲ
1651 3538 1680 3589 ὁ

114 3624 303 3697 Ἰησοῦς
331 3629 439 3681 οὐκ
475 3627 793 3682 ἐπίστευσεν
836 3628 1000 3682 αὐτὸν
1053 3628 1236 3690 αὐτοῖς
1290 3625 1380 3680 διὰ
1423 3627 1484 3680 rb
1515 3625 1679 3680 αὑτὸν

104 3718 377 3784 γινώσκειν
409 3719 622 3784 πάντας
642 3759 656 3783 ,
709 3719 803 3773 καὶ
841 3719 925 3774 ὃτι
955 3721 1017 3773 ού
1058 3720 1246 3791 χρείαν
1274 3717 1438 3790 εἶχεν,
1475 3718 1563 3774 ἵνα
1595 3736 1679 3783 τις

106 3812 422 3884 μαρτυρήσῃ
452 3813 582 3882 περῖ⁵
613 3809 921 3882 ἀνθρώπου.
957 3810 1127 3874 Αὐτὸς
1177 3809 1286 3882 γὰρ
1332 3809 1597 3879 ἐγίνωσκε
1625 3810 1678 3864 τί

106 3895 163 3973 ἦν
190 3904 244 3958 ἐν
271 3904 351 3975 τῷ
384 3902 661 3976 ἀνθρώπῳ
694 3902 826 3973 (68).
869 3921 886 3953 ι
936 3902 1176 3974 Ζητήσαι
1204 3918 1287 3965 τις
1318 3900 1385 3954 ἂν
1419 3899 1537 3964 πῶς
1568 3901 1682 3964 τοῖς

108 3995 612 4068 μεμαρτυρημένοις
659 3995 970 4058 πιστεύειν,
1018 3992 1209 4047 ἑαυτὸν
1258 3991 1360 4045 οὐκ
1396 3990 1681 4044 ἐπίστευεν

106 4084 200 4157 (69)
223 4089 251 4141 ὁ
288 4087 527 4159 Ἰησοῦς.
556 4085 789 4141 Λεκτέον
813 4085 872 4140 δὲ
901 4084 1038 4157 πρὸς
1069 4084 1245 4149 τοῦτο,
1294 4084 1377 4139 ὅτι
1421 4083 1544 4155 οὐχὶ
1570 4084 1682 4147 τοῖς

104 4181 446 4233 πιστεύουσιν
473 4179 555 4242 εἰς
583 4177 747 4231 αὐτὸν
777 4177 837 4231 οὐ
871 4175 1118 4230 πιστεύει
1154 4177 1345 4229 ἑαυτὸν
1383 4177 1411 4226 ὁ
1452 4173 1680 4247 Ἰησοῦς,

104 4269 224 4324 ἀλλὰ
269 4274 388 4336 τοῖς
446 4269 794 4324 πιστεύουσιν
820 4271 900 4331 είς
936 4268 997 4321 rb
1022 4270 1191 4340 ὄνομα
1216 4266 1402 4323 αὐτοῦ·
1434 4266 1683 4339 διαφέρει

102 4362 197 4433 γὰρ
223 4364 318 4418 τοῦ
369 4364 651 4417 πιστεύειν
698 4365 777 4426 είς
809 4362 972 4416 αὑτὸν
999 4362 1061 4415 rb
1095 4361 1369 4415 πιστεύειν
1401 4362 1480 4423 είς
1512 4360 1683 4431 ὄνομα

103 4456 274 4510 αὑτοῦ.
320 4457 384 4511 ’0
410 4455 545 4526 γοῦν
576 4456 666 4509 διὰ
699 4456 882 4509 πίστιν
927 4455 1002 4527 μὴ
1031 4455 1426 4528 κριθησόμενος
1478 4454 1555 4527 τῷ
1605 4457 1685 4518 είς

104 4546 249 4599 αὐτὸν
301 4546 587 4600 πιστεύειν
628 4545 689 4599 οὐ
737 4546 1001 4619 κρίνεται,
1034 4548 1155 4617 οὐχὶ
1196 4547 1252 4600 δὲ
1292 4547 1373 4610 εἰς
1413 4546 1474 4600 rb
1513 4546 1685 4618 ὄνομα

102 4638 270 4692 αὖτοῦο
306 4639 449 4711 φησὶ
474 4638 583 4711 γὰρ
607 4640 636 4691 ὁ
666 4638 868 4710 Κύριος
887 4656 899 4669 ·
933 4660 950 4689 ι
990 4639 1048 4692 Ὀ
1083 4640 1351 4694 πιστεύων
1384 4639 1463 4703 εἰς
1491 4638 1591 4710 ἐμὲ
1617 4639 1679 4692 οὒ

102 4729 366 4797 κρίνεται’
412 4749 432 4781 ι
465 4730 586 4800 οὐχὶ
615 4728 692 4793 δὲ,
733 4728 792 4783 Ὀ
821 4730 1091 4784 πιστεύων
1136 4732 1214 4796 εἰς
1252 4731 1312 4784 rb
1358 4729 1530 4801 ὄνομά
1577 4748 1679 4801 μου

103 4819 154 4870 οὗ
182 4822 431 4893 κρίνεται
452 4840 465 4853 ’
512 4824 694 4878 οὐκέτι
742 4824 799 4878 δέ
832 4840 1016 4894 φησιν,
1064 4824 1122 4877 Ὀ
1164 4822 1433 4876 πιστεύων
1468 4823 1549 4886 εἰς
1581 4823 1680 4894 ἐμὲ

102 4909 189 4985 ἢδη
221 4916 512 4987 κέκριται·
558 4918 701 4987 τάχα
748 4916 857 4988 γὰρ
884 4917 912 4970 ὁ
946 4916 1216 4970 πιστεύων
1265 4917 1348 4980 είς
1392 4916 1454 4969 τὸ
1508 4916 1680 4988 ὄνομα

105 5005 253 5058 αὐτοῦ
287 5007 544 5061 πιστεύει
577 5009 696 5079 μὲν,
730 5009 919 5080 διόπερ
952 5009 1053 5062 οὐκ
1090 5007 1238 5061 ἐστιν
1276 5007 1426 5074 ἄξιος
1454 5006 1554 5079 ’ήδη
1591 5025 1683 5061 κε-

104 5097 331 5165 κρίσθαι,
365 5098 610 5151 ἐλάττων
639 5098 748 5170 (70)
797 5100 857 5154 δέ
894 5101 1009 5153 ἐστι
1059 5098 1151 5153 τοῦ
1212 5098 1557 5164 πιστεύοντος
1603 5101 1683 5166 εἰς

106 5187 270 5243 αῦτόν.
317 5191 427 5245 Διά
460 5188 619 5243 τοῦτο
656 5193 734 5265 τῷ
768 5189 1077 5245 πιστεύοντι
1111 5191 1191 5256 εἰς
1219 5190 1280 5244 rb
1311 5190 1483 5261 ὄνομα
1516 5191 1681 5246 αὐτοῦ

104 5277 278 5335 ἑαυτὸν
310 5284 376 5337 ού
432 5285 680 5340 πιστεύει
711 5286 741 5339 ὁ
783 5282 1009 5356 Ἰησοῦς.
1045 5281 1217 5336 Αὐτοῦ
1271 5281 1450 5337 τοίνυν
1482 5282 1681 5354 μᾶλλον

167 5424 183 5449 ⁸
209 5420 403 5479 “null.
438 5441 559 5485 xm.
592 5425 677 5479 Hi.
799 5425 820 5455 '
843 5424 971 5479 ibid.
998 5424 1090 5480 24.

103 5487 119 5515 ²
152 5489 319 5548 lCor.
353 5510 484 5560 xm,
514 5495 605 5551 ιε.
700 5495 723 5528 ⁸
759 5495 890 5551 ibid.
928 5495 1014 5552 10.
1092 5495 1114 5528 ⁸
1141 5495 1276 5551 ibid.
1307 5495 1396 5549 12.

101 5604 273 5729 θεὲἓη
325 5608 555 5675 Ἰησοῦ.
620 5608 714 5664 Sic
782 5608 954 5664 codex
1015 5606 1380 5674 Bodleianus;
1442 5606 1679 5678 Regius,

164 5694 273 5816 ῗὲέ)
326 5747 436 5801 Ἐν
492 5746 573 5813 τῷ
620 5746 929 5818 ἀνθρώπῳ.
981 5748 1335 5803 Desideratur
1381 5748 1435 5803 in
1489 5749 1678 5805 codice

108 5812 280 5888 Regio,
308 5820 414 5874 sed
451 5812 757 5873 restituitur
782 5834 814 5873 e
841 5812 1032 5874 codice
1063 5818 1369 5875 Bodleiano.

367 5912 654 5974 Pnaoo.
668 5911 807 5995 _Gtt.
839 5912 1013 5977 XIV.

1189 5424 1221 5461 '-
1245 5422 1400 5481 Joan.
1437 5439 1531 5486 xx.
1558 5424 1647 5478 29.

1746 5427 1769 5456 ⁸
1800 5423 1930 5479 Luc.
1964 5440 2028 5489 lt,
2059 5425 2153 5491 29,
2186 5424 2275 5480 50.
2373 5424 2396 5458 ⁸
2421 5423 2574 5479 Prov.
2605 5436 2698 5489 xx,
2731 5424 2820 5478 i3.

1497 5495 1539 5527 “
1567 5494 1727 5551 Joan.
1765 5512 1822 5559 ιι,
1849 5494 1919 5549 ‘25
1955 5512 2072 5566 seq.

1777 1958 1922 2012 enim
1954 1972 1969 2010 :
2008 1975 2026 2009 ι
2058 1958 2222 2028 Aperi
2248 1957 2453 2025 oculos,
2486 1968 2538 2015 et
2574 1963 2815 2031 repleare
2841 1964 3070 2032 panibus
3100 1964 3144 2019 ⁸.
3185 1983 3204 2015 ι
3250 1963 3355 2019 Sed

1778 2050 2039 2106 hactenus
2076 2050 2144 2105 de
2171 2066 2237 2106 eo
2259 2090 2275 2117 ,
2307 2051 2450 2121 quod
2481 2053 2680 2108 dicitur
2708 2072 2723 2111 :
2762 2074 2780 2106 ι
2816 2055 3177 2113 Crediderunt
3203 2055 3357 2113 Scri-

1779 2150 1948 2208 ptura:
1973 2181 1988 2201 ,
2021 2151 2074 2195 et
2122 2142 2365 2197 sermoni
2396 2158 2558 2213 quem
2590 2145 2726 2199 dixit
2765 2143 2923 2201 Jesus
2952 2146 2994 2211 ‘,
3030 2164 3050 2198 ι
3090 2155 3149 2202 ιιι
3172 2162 3240 2201 ex
3273 2148 3360 2204 his

1779 2248 1899 2301 quae
1930 2234 1994 2288 de
2035 2232 2143 2289 ﬁde
2172 2236 2574 2305 quuisivimus
2599 2281 2613 2306 ,
2648 2237 3039 2308 perfectionem
3072 2241 3197 2297 ﬁdei
3241 2242 3359 2298 dari

1745 2325 1940 2380 ‘nobis
1997 2327 2533 2396 comprehendamus
2588 2332 2641 2386 in
2702 2346 2899 2403 magna
2961 2335 3360 2389 resurrectione

1783 2420 1951 2474 totius
1990 2420 2236 2490 corporis
2272 2420 2498 2491 Christi,
2554 2442 2748 2497 nempe
2797 2437 3002 2483 sanctae
3049 2428 3219 2497 ipsius
3257 2427 3360 2482 Ec-

1780 2509 1982 2564 clesiae.
2041 2508 2175 2564 Nam
2242 2513 2385 2580 quod
2442 2514 2510 2570 de
2567 2517 2878 2586 cognitione
2933 2527 3019 2573 est
3088 2517 3294 2573 dictum
3343 2535 3360 2574 :

1784 2618 1804 2651 ι
1841 2600 1994 2657 Nunc
2024 2617 2295 2672 cognosco
2323 2620 2392 2659 ex
2422 2615 2576 2675 parte
2603 2608 2647 2674 ⁷,
2681 2627 2700 2661 ι
2734 2608 2787 2664 id
2828 2610 2995 2664 etiam
3024 2626 3365 2682 consequen-

1781 2705 1863 2750 ter
1894 2697 1963 2752 de
1991 2697 2185 2767 quovis
2218 2697 2364 2752 bono
2381 2698 2486 2753 dici
2521 2698 2784 2767 arbitror,
2815 2718 3048 2772 quorum
3077 2719 3244 2758 unum
3276 2715 3364 2761 ess

1778 2790 1945 2844 etiam
1975 2791 2129 2847 ﬁdes.
2183 2789 2574 2859 Quamobrem,
2619 2794 2784 2849 credo
2820 2813 2839 2846 ι
2876 2809 3019 2849 lianc
3056 2810 3123 2850 ex
3156 2806 3311 2866 parte
3344 2813 3364 2851 ι

1779 2897 1905 2949 cum
1962 2897 2095 2938 vero
2143 2885 2354 2940 venerit
2405 2884 2668 2956 perfectio
2705 2905 2723 2939 ι
2763 2886 2930 2953 ﬁdei,
2980 2906 3000 2940 ι
3044 2889 3361 2944 destruetur

1780 2973 1925 3045 quod
1970 2992 2035 3031 ex
2075 2985 2232 3046 parte
2271 2987 2355 3033 est
2382 2978 2439 3045 ’ς
2480 2996 2500 3030 ι
2536 2980 2641 3035 ﬁde
2699 2995 2762 3034 ea
2818 2995 2939 3050 quae
2992 2997 3091 3052 per
3128 2981 3362 3038 formam

1779 3066 2051 3132 subsistit,
2082 3066 2244 3138 longe
2290 3068 2635 3139 praecedente
2668 3069 2758 3125 illa
2800 3070 2906 3126 ﬁde
2936 3087 3058 3143 quae
3108 3089 3206 3145 per
3233 3090 3364 3145 spe-

1779 3158 1987 3226 culum,
2020 3168 2080 3215 ut
2111 3160 2186 3215 ita
2214 3160 2431 3232 loquar,
2454 3173 2560 3228 est,
2601 3164 2723 3217 etin
2761 3166 3108 3235 aenigmate“,
3139 3168 3365 3237 perinde

1697 3243 1743 3301 C
1778 3259 1942 3322 atque
1973 3266 2219 3323 prasens
2247 3256 2511 3326 cognitio.

1848 3344 1942 3401 28.
1980 3362 1998 3396 ι
2039 3345 2177 3400 Cum
2208 3357 2388 3402 autem
2419 3357 2565 3403 esset
2612 3347 2972 3418 Jerosolymis
3021 3349 3074 3403 in
3128 3348 3359 3415 Pascha,

1781 3437 1836 3491 in
1886 3437 1977 3493 die
2008 3438 2170 3504 festo,
2202 3438 2357 3495 multi
2390 3441 2743 3497 crediderunt
2778 3444 2829 3496 in
2859 3443 3077 3498 nomine
3105 3443 3248 3514 ejus,
3283 3458 3365 3497 vr-

1781 3530 1975 3587 deutes
2023 3530 2197 3601 ipsius
2249 3532 2399 3602 signa
2431 3547 2553 3603 quae
2583 3532 2842 3588 faciebat.
2891 3534 3010 3604 Ipse
3048 3550 3177 3593 vero
3201 3532 3368 3592 Jesus

1781 3639 1890 3679 non
1923 3622 2180 3680 credebat
2205 3625 2443 3695 seipsum
2484 3626 2612 3691 illis,
2641 3642 2708 3681 eo
2743 3627 2886 3695 quod
2924 3627 3039 3699 ipse
3071 3642 3364 3701 cognosce-

1783 3728 1865 3772 ret
1905 3732 2122 3785 omnes,
2168 3733 2268 3773 nec
2296 3733 2433 3788 opus
2471 3719 2703 3777 haberet
2737 3731 2796 3775 ut
2825 3721 3213 3776 testificaretur
3242 3722 3367 3791 quis

1782 3809 1852 3866 de
1884 3810 2126 3867 homine.
2174 3811 2294 3883 Ipse
2327 3814 2475 3867 enim
2503 3815 2711 3868 sciebat
2741 3815 2871 3883 quid
2918 3823 3065 3869 esset
3094 3814 3148 3868 in
3182 3814 3332 3870 homi
3357 3842 3371 3857 ι

1784 3920 1851 3959 ne
1877 3904 1940 3958 '°.
1983 3924 2002 3956 ι
2063 3904 2282 3971 Quaerat
2340 3904 2538 3974 aliquis
2586 3904 2751 3975 210
2799 3907 3073 3974 quomodo
3121 3908 3364 3975 seipsum

1785 4013 1894 4051 non
1943 3996 2195 4051 crederet
2220 3994 2381 4050 Jesus
2430 3994 2518 4050 his
2545 3995 2611 4050 de
2639 3995 2838 4065 quibus
2873 4001 3133 4049 testatum
3190 3994 3370 4048 fuerat

1784 4092 1928 4162 quod
1962 4091 2255 4146 crederent
2289 4105 2304 4144 ι
2339 4089 2405 4143 ad
2457 4089 2602 4156 quod
2649 4089 2941 4145 dicendum
2970 4096 3075 4154 est,
3121 4103 3230 4144 non
3278 4087 3369 4143 his

1785 4185 1876 4255 qui
1907 4184 2144 4240 credunt
2200 4183 2252 4235 in
2312 4182 2489 4251 ipsum
2529 4198 2636 4237 non
2664 4198 2724 4237 se
2753 4183 2981 4237 credere
3024 4180 3232 4247 Jesum,
3268 4180 3370 4236 sed

1789 4278 1873 4334 his
1902 4279 1993 4348 qui
2021 4280 2253 4332 credunt
2283 4279 2336 4331 in
2371 4275 2593 4332 nomine
2640 4274 2779 4347 ejus.
2818 4274 3013 4331 Dit'fert
3041 4274 3193 4330 enim
3237 4288 3365 4330 cre-

1787 4370 1918 4424 dere
1948 4369 2001 4424 in
2037 4368 2239 4439 ipsum,
2267 4367 2336 4424 ab
2370 4381 2438 4424 eo
2468 4368 2613 4439 quod
2648 4377 2732 4423 est
2772 4369 2999 4424 credere
3036 4368 3089 4423 in
3148 4368 3371 4425 nomine

1790 4459 1987 4529 ipsius.
2039 4455 2231 4528 Itaque
2284 4458 2378 4529 qui
2426 4473 2526 4529 per
2554 4458 2716 4513 ﬁdem
2769 4473 2879 4514 non
2910 4469 2997 4515 est
3022 4458 3368 4528 iudicandus,

1792 4567 1899 4607 non
1925 4551 2201 4620 iudicatur
2229 4564 2294 4606 eo
2320 4554 2466 4620 quod
2494 4553 2684 4608 credat
2711 4550 2764 4608 in
2803 4552 3004 4624 ipsum,
3042 4569 3151 4609 non
3189 4564 3368 4611 autem

1791 4658 1855 4700 eo
1881 4644 2028 4714 quod
2062 4644 2251 4699 credat
2281 4643 2335 4697 in
2372 4644 2595 4699 nomine
2638 4644 2831 4713 ipsius.
2874 4645 3051 4714 lnqoit
3077 4645 3225 4700 enim
3265 4646 3373 4700 Do:

1793 4738 1971 4792 minus
2005 4755 2017 4790 :
2064 4760 2081 4788 ς
2116 4736 2221 4804 Qui
2260 4738 2436 4793 credit
2472 4739 2526 4792 in
2556 4753 2665 4804 me,
2702 4754 2808 4793 non
2836 4738 3113 4806 judicatur
3143 4738 3220 4802 “;
3263 4757 3282 4790 ι
3315 4748 3373 4791 at

1793 4845 1900 4883 non
1931 4830 2061 4886 item
2083 4869 2099 4894 ,
2124 4832 2216 4901 qui
2249 4832 2424 4886 credit
2455 4832 2508 4887 in
2540 4832 2760 4888 nomine
2790 4847 2914 4887 meo
2947 4846 3050 4885 non
3071 4829 3367 4898 judicatur.

1792 4921 1904 4978 Nec
1934 4930 2116 4980 tamen
2151 4924 2347 4997 inquit,
2379 4924 2484 4994 Qui
2513 4925 2688 4982 credit
2720 4925 2774 4979 in
2808 4938 2913 4990 me,
2943 4924 3059 4994 jam
3090 4922 3372 4991 judicatus

1793 5023 1896 5069 est.
1942 5014 2218 5070 Fortassis
2268 5016 2414 5072 enim
2450 5015 2541 5084 qui
2592 5014 2770 5070 credit
2818 5015 2876 5069 in
2926 5012 3149 5069 nomine
3176 5011 3367 5082 ipsius,

1790 5106 1963 5161 credit
1993 5107 2237 5176 quidem,
2282 5122 2457 5178 quare
2501 5108 2755 5178 indignus
2784 5115 2870 5161 est
2894 5106 2986 5175 qui
3017 5104 3129 5176 jam
3148 5103 3367 5174 judica-

1792 5210 1876 5255 tus
1902 5199 1995 5264 sit,
2014 5200 2110 5255 sed
2141 5200 2321 5254 minor
2347 5215 2413 5256 eo
2445 5206 2529 5256 est
2552 5199 2643 5268 qui
2675 5198 2849 5253 credit
2879 5197 2932 5253 in
2968 5197 3165 5266 ipsum.
3195 5197 3366 5265 Quam

1788 5292 1857 5347 ob
1885 5306 2107 5347 causam
2143 5292 2392 5348 credenti
2418 5291 2473 5346 in
2502 5291 2723 5346 nomine
2758 5291 2934 5360 ipsius
2959 5290 3202 5360 seipsum
3257 5303 3366 5342 non

2918 5423 2940 5455 ⁸
2974 5421 3134 5479 Joan.
3168 5436 3231 5487 ιι,
3270 5419 3363 5476 2’2.

2153 5498 2203 5527 ¹¹·
2233 5498 2389 5552 Joan.
2428 5511 2511 5559 Ill,
2542 5494 2630 5549 18.

1859 5609 1973 5680 (69)
2012 5608 2195 5665 Codex
2229 5608 2448 5680 Regius,
2484 5608 2759 5663 πιστεύειν
2793 5609 2881 5661 ἐπ’
2906 5608 3088 5674 αὐτὸν,
3115 5606 3218 5662 οὐκ
3245 5604 3368 5662 ἐπί-

1791 5697 2153 5821 ﬂi'igivldem
2180 5718 2348 5806 codex
2386 5749 2607 5820 Regius,
2645 5764 2957 5820 perperam,
2986 5745 3234 5806 ἔλαττον.

3050 5903 3127 5966 13
