3826 6528
469 412 574 468 395

1913 412 2239 471 ORIGENIS
3641 424 3728 480 598

471 531 647 586 credit
671 528 850 587 Jesus.
883 528 1062 601 Ipsum
1099 531 1285 602 igitur,
1331 535 1510 604 potius
1534 551 1695 605 quam
1725 549 1882 590 suum
1947 551 2038 591 no:

2153 535 2185 606 ἢ
2223 533 2313 587 τοῦ
2347 534 2610 605 ὀνόματος
2637 535 2802 590 αὑτοῦ
2834 535 3059 606 ἔχεσθαι
3085 536 3184 604 δεῖ,
3216 537 3304 591 ἵνα
3359 535 3458 608 μὴ,
3505 542 3586 614 τῷ
3634 539 3727 593 ὀνόο

471 639 596 680 men
641 625 941 682 habeamus
970 642 1194 681 necesse
1221 637 1326 692 est,
1365 642 1432 684 ne
1463 628 1516 682 in
1546 629 1763 685 nomine
1789 630 1907 700 ejus
1936 630 2046 683 vir-

471 725 618 772 mles
655 716 920 774 facientes
952 719 1240 774 audiamus
1271 734 1390 788 qua:
1425 721 1492 774 ab
1538 721 1658 792 ipso
1687 723 1830 777 dicta
1864 723 2049 776 audie-

473 822 600 866 runt
633 812 724 881 qui
774 812 1146 880 gloriabantur
1175 812 1230 865 in
1265 813 1484 866 nomine
1514 813 1702 881 ipsius,
1752 815 1845 869 sed
1873 817 2046 868 conli-

475 905 671 957 daams
703 904 1008 958 imitatores
1045 901 1170 956 l'acti
1196 902 1346 956 Pauli
1374 904 1558 959 dicere
1587 923 1600 961 :
1643 922 1662 956 ι
1702 903 1893 961 Omnia
1924 922 2050 974 pos-

476 1011 594 1049 sum
645 997 698 1050 in
753 993 878 1052 Jesu
928 994 1144 1051 Christo
1176 1009 1261 1049 me
1294 999 1690 1052 corroborante
1728 1001 1791 1054 “.
1835 1018 1854 1052 ι
1912 1000 2044 1054 Illud

472 1097 650 1141 autem
683 1089 1080 1144 observandum
1112 1101 1233 1154 est,
1264 1091 1406 1159 quod
1447 1093 1696 1160 superius
1723 1093 1938 1162 quidem
1971 1093 2050 1148 di-

471 1192 563 1236 cat
600 1179 644 1212 ¹³
677 1197 838 1252 prope
866 1196 986 1236 esse
1031 1181 1235 1238 Pascha
1267 1180 1606 1248 Iudaeorum,
1642 1185 1732 1238 hic
1767 1199 1894 1240 vero
1938 1201 2044 1239 non

471 1277 524 1330 in
554 1275 821 1332 Paschate
846 1273 1178 1340 Judarorum,
1202 1275 1294 1331 sed
1314 1276 1367 1331 in
1401 1275 1669 1332 Paschate
1695 1275 2046 1348 Jerosolymis

469 1378 589 1424 erat
637 1373 796 1423 Jesus
834 1367 913 1432 “;
963 1378 1015 1422 et
1050 1367 1158 1420 illic
1186 1369 1404 1436 quidem
1465 1369 1685 1439 quando
1735 1367 2042 1424 Iudaeorum

473 1464 674 1518 dicitur
697 1461 930 1525 Pascha,
962 1476 1066 1514 non
1098 1463 1299 1515 dictum
1331 1471 1409 1516 est
1445 1462 1560 1516 dies
1588 1461 1777 1528 festus,
1804 1463 1888 1517 hic
1917 1478 2044 1517 vero

469 1557 731 1625 scriptum
769 1553 934 1608 fuisse
961 1551 1146 1607 Jesum
1179 1567 1299 1609 esse
1336 1553 1389 1607 in
1423 1553 1509 1607 die
1549 1553 1686 1610 festo
1721 1573 1736 1612 :
1768 1552 2044 1626 Jerosoly-

470 1649 576 1703 mis
603 1647 742 1702 enim
774 1647 1042 1701 essistens
1072 1644 1320 1701 Christus
1359 1645 1410 1699 in
1452 1645 1718 1700 Paschate
1752 1654 1869 1700 erat
1900 1653 1954 1700 et
1989 1647 2040 1700 in

469 1741 556 1795 die
613 1741 794 1807 festo,
838 1739 1020 1793 multis
1078 1739 1434 1793 credentibus
1496 1739 1661 1792 etiam
1718 1737 1770 1791 in
1827 1737 2044 1792 nomine

467 1833 659 1902 ipsius.
694 1834 771 1887 Ac
804 1831 1051 1902 profecto
1087 1831 1219 1886 illud
1272 1829 1439 1885 etiam
1487 1829 1892 1886 observandum
1937 1839 2040 1895 est,

2159 643 2288 696 ματι
2333 625 2496 680 αὐτοῦ
2546 627 2804 698 δυνάμεις
2837 627 3139 696 ποιοῦντες,
3173 629 3499 701 ἀκούσωμεν
3542 631 3613 685 τὰ
3653 633 3732 687 ἐπὶ

2152 716 2232 786 τῷ
2290 717 2512 788 ὀνόματι
2572 717 2720 788 μόνῳ
2763 720 3198 790 καυχησαμένων
3234 720 3402 774 αὐτοῦ
3435 722 3694 794 εἰρημένα
3717 743 3728 756 ·

2155 807 2290 862 ἀλλὰ
2335 808 2697 881 θαρρήσωμεν
2754 811 2990 882 μιμηταὶ
3048 810 3143 863 τοῦ
3215 811 3433 866 Παύλου
3475 814 3730 885 γινόμενοι

2155 902 2360 954 εἰπεῖν’
2401 919 2418 951 ι
2461 901 2645 956 Πάντα
2678 903 2845 972 ἰσχύω
2879 904 2937 956 ἑν
2966 901 3046 974 τῷ
3084 903 3472 975 ἐνδυναμοῦντί
3509 924 3576 977 με
3609 908 3729 978 Χρι-

2156 993 2265 1064 στῷ
2310 994 2504 1066 Ἰησοῦ.
2532 1015 2550 1046 ι
2589 996 3016 1067 Παρατηρητέον
3049 996 3106 1050 δὲ
3134 997 3227 1050 καὶ
3269 997 3450 1064 τοῦτο,
3484 1000 3568 1052 ὅτι
3605 1000 3729 1054 ἀνω-

2151 1087 2295 1158 τέρω
2332 1087 2428 1159 μὲν
2457 1089 2624 1157 ἐγγύς
2651 1105 2814 1159 φησιν
2840 1084 2982 1140 εἶναι
3016 1088 3076 1140 τὸ
3104 1088 3295 1160 Πάσχα
3327 1090 3440 1160 (Ἡ)
3464 1089 3572 1144 τῶν
3609 1091 3726 1145 Ἰου-

2151 1179 2335 1244 δαίων,
2367 1180 2552 1234 ὲνθάδε
2584 1181 2640 1234 δὲ
2673 1181 2774 1234 οὐκ
2816 1182 2874 1234 ἑν
2911 1181 2990 1250 τῷ
3029 1181 3222 1252 Πάσχα
3266 1183 3376 1236 τῶν
3430 1182 3724 1249 Ἰουδαίων,

2152 1273 2265 1328 ἀλλ’
2293 1274 2351 1325 ὲν
2381 1271 2458 1343 τῷ
2489 1273 2682 1344 Πάσχα
2719 1270 3112 1344 Ἰεροσολύμοις
3140 1269 3209 1344 ἦν
3240 1275 3270 1327 ὁ
3316 1275 3544 1345 Ἰησοῦς·
3583 1277 3727 1330 κάκεῖ

2155 1359 2274 1430 μὲν,
2307 1359 2394 1413 ὅτε
2437 1360 2706 1414 Ἰουδαίων
2755 1360 2976 1428 λέγεται
3017 1361 3078 1414 τὸ
3117 1361 3312 1433 Πάσχα
3336 1404 3350 1426 ,
3387 1363 3488 1417 οὐκ
3524 1364 3724 1436 εἴρηται

2152 1452 2310 1523 ἑορτή
2333 1469 2346 1482 °
2380 1451 2567 1506 ἐνθάδε
2596 1452 2652 1505 δὲ
2685 1455 2713 1506 ὁ
2750 1451 2959 1524 Ἰησοῦς
3007 1453 3423 1525 ἀναγέγραπται
3487 1449 3624 1509 εἶναι
3675 1458 3723 1509 ἐν

2149 1546 2214 1614 τῇ
2255 1545 2450 1615 ἑορτῇο
2508 1545 2567 1598 ἑν
2599 1547 2712 1608 τοῖς
2775 1544 3171 1617 Ἰεροσολύμοις
3208 1545 3317 1617 γάρ
3351 1545 3632 1616 τυγχάνων
3673 1547 3722 1601 ὲν

2152 1639 2342 1710 Πάσχα
2369 1639 2462 1692 καὶ
2487 1641 2645 1714 ἑορτῇ
2670 1637 2759 1714 ἦν,
2792 1641 3006 1696 πολλῶν
3037 1643 3402 1698 πιστευόντων
3437 1643 3541 1696 κᾶν
3566 1645 3643 1707 είς
3671 1644 3723 1696 τὸ

2149 1729 2317 1803 ὄνομα
2351 1732 2535 1788 αύτοῦ.
2569 1734 2680 1788 Καὶ
2710 1735 3131 1807 παρατηρητέον
3159 1752 3223 1804 γε
3243 1775 3259 1801 ,
3305 1736 3388 1790 δτι
3421 1733 3608 1787 πολλοὶ⁸
3633 1736 3720 1787 οὐκ

2149 1826 2227 1888 εἰς
2256 1824 2437 1888 αὐτὸν,
2458 1823 2570 1878 ἀλλ’
2595 1825 2675 1888 εἰς
2697 1824 2758 1878 τὸ
2777 1824 2947 1896 ὄνομα
2974 1825 3137 1879 αὐτοῦ
3166 1824 3444 1879 πιστεύειν
3465 1824 3721 1893 λέγονται.

469 1925 670 1980 multos
699 1926 803 1980 dici
840 1927 1061 1980 credere
1092 1939 1200 1978 non
1236 1924 1288 1978 in
1341 1923 1516 1994 ipsum
1551 1964 1567 1990 ,
1605 1924 1698 1979 sed
1733 1923 1787 1978 in
1825 1924 2038 1978 nomine

2147 1916 2209 1969 Οἱ
2237 1915 2294 1968 δὲ
2333 1917 2411 1980 εἰς
2440 1916 2600 1969 αὑτὸν
2630 1917 2983 1982 πιστεύοντες
3031 1921 3112 1983 εἰς
3140 1917 3238 1990 τὴν
3295 1918 3490 1990 στενὴν
3523 1917 3614 1970 καὶ
3646 1933 3722 1970 τε·

469 2017 658 2085 ipsius.
717 2015 814 2083 Qui
855 2031 980 2072 vero
1025 2017 1075 2070 in
1119 2016 1268 2069 illum
1328 2017 1597 2080 credunt,
1652 2015 1705 2069 hi
1765 2025 1894 2070 sunt
1950 2016 2038 2085 qui

467 2107 747 2162 ambulant
784 2123 879 2176 per
904 2109 1043 2160 viam
1077 2116 1283 2162 arctam
1331 2116 1494 2176 atque
1524 2113 1808 2175 angustam
1840 2107 2042 2160 ducen-

467 2211 574 2254 tem
607 2201 672 2254 ad
703 2201 889 2264 vitam,
930 2215 1049 2268 qua}
1077 2216 1104 2252 a
1133 2198 1654 2268 quampaucissimis
1683 2197 1955 2252 invenitur
1975 2197 2036 2252 ".

469 2291 612 2347 Fieri
646 2302 882 2346 attamen
911 2300 1087 2362 potest
1121 2300 1180 2345 ut
1215 2289 1370 2343 multi
1404 2305 1470 2344 ex
1500 2290 1584 2344 his
1617 2290 1709 2358 qui
1737 2291 1788 2344 in
1822 2289 2042 2344 nomine

469 2381 640 2450 ipsius
675 2382 925 2446 credunt,
972 2381 1292 2436 recumbant
1313 2395 1436 2435 cum
1459 2379 1760 2447 Abraham,
1781 2390 1835 2436 et
1864 2380 2038 2448 Isaac,

467 2472 712 2529 etJacob
755 2474 808 2528 in
842 2488 1008 2542 regno
1041 2471 1337 2538 coclorum;
1374 2474 1632 2541 quoniam
1689 2491 1708 2524 ι
1763 2473 1915 2528 multi
1972 2475 2040 2528 ab

469 2567 692 2621 Oriente
719 2575 774 2619 ct
805 2563 1100 2618 Occidente
1145 2564 1384 2627 venient,
1442 2576 1496 2618 et
1545 2563 1864 2618 recuntbent
1916 2580 2038 2620 cum

468 2659 766 2724 Abraham,
794 2666 844 2710 et
875 2655 1047 2716 Isaac,
1073 2666 1127 2711 et
1149 2654 1316 2710 Jacob
1339 2655 1392 2710 in
1428 2672 1594 2726 regno
1623 2657 1882 2712 cmlorum
1911 2657 1974 2721 “,
2015 2675 2032 2708 ο

467 2766 588 2820 qum
617 2750 809 2805 domus
837 2759 922 2803 cst
963 2747 1168 2811 Patris,
1224 2747 1276 2802 in
1333 2765 1437 2818 qua
1488 2749 1803 2803 mansiones
1857 2748 2040 2803 multae

466 2850 590 2894 sunt
629 2841 690 2896 ”.
729 2840 904 2908 Atque
937 2841 1100 2894 ctiant
1137 2839 1239 2893 hee
1270 2839 1670 2893 observandum
1703 2847 1808 2902 est,
1840 2838 2040 2894 multos

465 2935 754 2987 credentes
805 2934 856 2985 in
901 2930 1122 2985 nomine
1173 2931 1382 3000 ipsius,
1439 2947 1543 2985 non
1582 2930 2036 2999 quemadmodum

463 3027 731 3088 Andreas,
781 3034 836 3078 et
884 3022 1103 3086 Petrus,
1161 3031 1216 3076 et
1267 3022 1594 3088 Nathanael,
1631 3033 1688 3077 et
1730 3023 2036 3093 Philippus,

464 3120 689 3174 credere
741 3118 806 3181 η,
838 3117 932 3170 sed
987 3115 1298 3170 testimonio
1352 3114 1579 3171 Joannis
1628 3130 1820 3184 parere
1854 3117 2038 3172 dicen-

467 3211 535 3266 tis
561 3210 603 3242 "
636 3226 651 3264 :
687 3227 706 3261 ι
733 3207 873 3262 Ecce
902 3208 1086 3275 Agnus
1121 3206 1210 3261 ille
1244 3205 1336 3261 Dei
1369 3223 1384 3272 ;
1421 3224 1438 3258 ι
1480 3206 1563 3260 vel
1598 3207 1818 3262 Christo
1841 3209 1907 3263 ab
1936 3209 2038 3262 An-

465 3305 595 3358 drea
626 3305 862 3371 reperto,
889 3300 970 3352 vel
1004 3299 1102 3368 ipsi
1132 3297 1257 3353 Jesu
1282 3299 1483 3353 dicenti
1513 3300 1579 3352 ad
1603 3299 1906 3370 Philippum
1939 3303 1983 3332 ’°
2019 3317 2033 3354 :

471 3413 488 3443 ι
525 3393 772 3460 Sequere
823 3405 943 3454 mc;
987 3409 1005 3440 ι
1042 3388 1124 3442 vel
1160 3387 1404 3457 Philippo
1437 3389 1636 3443 dicenti
1672 3391 1714 3420 ἰ
1747 3406 1762 3450 ;
1807 3409 1824 3440 ι
1863 3391 2034 3456 Quem

465 3483 689 3551 scripsit
735 3480 986 3550 Moyses,
1029 3489 1084 3532 et
1131 3479 1448 3549 prophetae,
1503 3481 1804 3536 Invenimus
1848 3481 2034 3537 Jcsmn

469 3573 636 3626 lilium
666 3570 862 3639 Joseph
893 3587 920 3622 a
955 3571 1116 3639 211
1146 3569 1435 3624 Nazareth.
1465 3589 1483 3621 ι
1516 3570 1577 3624 Hi
1610 3582 1788 3626 autem
1819 3590 1838 3622 ι
1870 3574 2040 3627 credi-

465 3666 665 3717 derunt
712 3663 764 3716 in
795 3662 1016 3716 nomine
1050 3662 1189 3730 ejus,
1223 3662 1471 3716 videntes
1521 3662 1696 3731 ipsius
1727 3665 1880 3735 signa
1908 3681 2029 3735 qua:

469 3755 796 3818 lat-iebat";
828 3772 847 3804 ι
885 3761 1046 3818 atque
1076 3752 1229 3820 signa
1281 3753 1630 3806 credentibus
1685 3769 1792 3808 non
1850 3757 1900 3809 in
1953 3756 2036 3825 ip-

465 3862 609 3912 sum,
646 3846 737 3901 sed
779 3847 831 3900 in
876 3847 1094 3900 nomine
1126 3845 1262 3912 ejus,
1295 3860 1401 3898 non
1446 3846 1701 3901 credebat
1754 3845 1912 3902 Jesus
1952 3864 2038 3902 sc-

467 3942 640 4009 ipsum
671 3939 770 4004 eis,
829 3954 1018 3993 omnes
1056 3951 1380 4006 agnoscens,
1409 3946 1464 3992 et
1499 3955 1604 3993 non
1658 3955 1794 4008 opus
1826 3943 2037 3995 habens

464 4044 524 4087 ιιι
553 4032 674 4101 quis
735 4032 1114 4086 testificaretur
1173 4032 1239 4085 de
1291 4031 1529 4097 homine,
1568 4046 1632 4084 eo
1665 4033 1806 4100 quod
1867 4049 2036 4104 agno-

461 4135 642 4180 sceret
674 4122 984 4192 singulatim
1045 4121 1172 4190 quid
1219 4131 1364 4177 esset
1435 4122 1489 4176 in
1546 4138 1872 4194 unoquoque
1937 4127 2038 4180 hoc

466 4221 630 4273 mine.

530 4311 620 4366 9.9.
674 4307 799 4362 "th
835 4309 996 4362 verba
1020 4349 1032 4373 ,
1067 4326 1084 4356 ι
1111 4323 1216 4362 non
1260 4324 1398 4378 opus
1436 4309 1673 4365 habebat
1708 4319 1767 4364 ιιι
1806 4312 1928 4381 quis
1952 4321 2035 4366 te-

467 4402 801 4456 stificaretur
822 4401 888 4454 de
920 4401 1158 4461 homine,
1188 4417 1205 4449 ι
1228 4410 1530 4470 opportune
1574 4402 1772 4456 utenda
1808 4411 1938 4456 sunt
1969 4401 2034 4456 ad

467 4494 954 4549 demonstrandum
998 4492 1139 4559 quod
1190 4487 1362 4548 Filius
1414 4493 1506 4547 Dei
1548 4508 1577 4546 a
1623 4493 1802 4562 seipso
1847 4495 2038 4549 videre

2144 2007 2444 2081 θλιμμένην
2476 2008 2616 2062 εἰσὶν
2645 2009 2944 2076 ὁδεύοντες,
2976 2011 3298 2081 άπάγουσαν
3328 2013 3408 2074 εἰς
3437 2011 3536 2083 τὴν
3566 2010 3716 2082 ζωὴν,

2142 2101 2266 2154 ὅσον
2289 2102 2393 2154 ὑπὸ
2407 2101 2516 2155 τῶν
2544 2103 2742 2172 ὀλίγων
2771 2105 3189 2177 εὑρισκομένην.
3221 2105 3456 2159 Δυνατὸν
3485 2105 3716 2176 μέντοιγε

2143 2194 2370 2259 πολλοὺς
2415 2194 2524 2248 τῶν
2574 2197 2653 2260 εἰς
2681 2197 2740 2249 τὸ
2769 2197 2940 2268 ὄνομα
2982 2198 3148 2251 αὐτοῦ
3197 2198 3562 2251 πιστευόντων
3600 2198 3718 2252 άναο

2143 2288 2404 2360 κληθῆναι
2439 2287 2577 2358 μετὰ
2617 2288 2888 2359 Ἀϐραάμ,
2921 2289 3017 2344 καὶ
3070 2288 3276 2354 Ἰσαάκ,
3316 2290 3410 2343 καὶ
3449 2288 3640 2343 Ἰακὼϐ
3667 2289 3718 2341 ἐν

2142 2383 2206 2452 τῇ
2242 2379 2490 2451 βασιλείᾳ
2528 2379 2637 2432 τῶν
2683 2380 2958 2450 οὐρανῶνο
3001 2381 3124 2436 ἐπεὶ
3163 2401 3181 2432 ι
3219 2381 3403 2435 πολλοὶ
3433 2381 3528 2435 ἀπ’
3574 2381 3718 2433 Ἀνα-

2141 2471 2303 2542 τολῆς
2366 2471 2462 2524 καὶ
2513 2470 2745 2542 Δυσμῶν
2814 2471 3004 2542 ἥξουσι
3029 2511 3043 2536 ,
3107 2472 3202 2526 καὶ
3275 2471 3715 2543 ἀνακλιθήσονται

2145 2564 2280 2634 μετὰ
2343 2563 2636 2636 Ἀϐραὰμ,
2688 2565 2782 2617 καὶ
2865 2565 3072 2630 Ἰσαὰκ,
3139 2567 3234 2619 καὶ
3300 2565 3496 2620 Ἰακὼϐ
3550 2567 3606 2618 ὲν
3654 2567 3713 2635 τῇ

2143 2655 2391 2727 βασιλείᾳ
2439 2656 2545 2710 τῶν
2574 2655 2842 2728 οὐρανῶν,
2874 2676 2892 2708 ι
2931 2657 3274 2730 τυγχανούσῃ
3305 2659 3455 2732 οἰκίᾳ
3476 2656 3572 2712 τοῦ
3613 2658 3715 2710 Πα-

2141 2747 2288 2819 τρὸς,
2330 2749 2388 2801 ὲν
2511 2748 2706 2802 πολλαὶ
2749 2749 2905 2820 μοναί
2954 2751 3078 2803 εἰσι.
3140 2751 3250 2804 Καὶ
3283 2749 3441 2804 τοῦτο
3471 2749 3528 2802 δὲ
3556 2765 3711 2821 τηρηο

2140 2837 2259 2892 τέον
2279 2879 2292 2904 ,
2331 2839 2414 2892 ὅτι
2471 2838 2675 2904 πολλοὶ,
2732 2839 3083 2906 πιστεύοντες
3116 2843 3197 2906 εἰς
3226 2841 3288 2895 τὸ
3318 2842 3489 2913 ὄνομα
3521 2839 3713 2904 αὑτοῦ,

2141 2928 2238 2998 οὐχ
2269 2928 2345 2992 ὡς
2386 2929 2658 3000 Ἀνδρέας,
2707 2929 2803 2982 καὶ
2849 2930 3091 3001 Πέτρος,
3144 2931 3239 2986 καὶ
3286 2931 3598 3003 Ναθαναήλ,
3631 2931 3714 2985 καὶ

2139 3020 2404 3082 Φίλιππος
2437 3022 2815 3076 πιστεύουσιν·
2862 3022 2998 3076 ἀλλὰ
3047 3026 3113 3095 τῇ
3163 3025 3438 3097 μαρτυρίᾳ
3477 3025 3713 3078 Ἰωάννου

2141 3111 2416 3165 πείθονται
2460 3112 2713 3181 λέγοντος
2735 3129 2749 3144 ·
2783 3133 2801 3164 ι
2847 3113 2976 3166 Ἰδοὺ
3007 3115 3036 3166 ὁ
3078 3115 3270 3186 ’Λμνὸς
3303 3116 3397 3169 τοῦ
3446 3114 3601 3168 Θεοῦο
3635 3135 3652 3166 ι
3682 3115 3712 3186 ἢ

2141 3203 2218 3274 τῷ
2241 3204 2333 3257 ὑπ’
2374 3203 2624 3275 Ἀνδρέου
2669 3204 2946 3276 εὑρεθέντι
2995 3205 3258 3278 Χριστῷ,
3313 3207 3348 3277 ἢ
3391 3205 3472 3278 τῷ
3516 3206 3713 3260 εἰπόντι

2155 3294 2329 3368 Ἰησοῦ
2371 3295 2450 3366 τῷ
2488 3295 2758 3368 Φιλίππῳ·
2811 3317 2829 3348 ι
2883 3297 3191 3351 Ἀκολούθει
3237 3315 3350 3370 μοι,
3386 3319 3404 3350 ι
3454 3297 3592 3370 ἢτῷ
3622 3297 3716 3367 φάο

2143 3405 2325 3442 σκοντι
2403 3388 2680 3459 Φιλίππῳο
2742 3408 2758 3440 ι
2803 3390 2898 3443 "Ov
2957 3389 3165 3462 ἔγραψε
3211 3391 3490 3461 Μωῦσῆς,
3543 3391 3632 3444 καὶ
3671 3391 3714 3441 οἰ

2139 3481 2454 3552 προφῆται,
2490 3481 2804 3552 εὑρήκαμεν
2843 3481 3049 3552 Ἰησοῦν
3089 3483 3202 3535 υἰδν
3239 3480 3334 3535 τοῦ
3379 3482 3575 3553 Ἰωσὴφ
3616 3478 3715 3534 ἀπὸ

2140 3575 2413 3646 Ναζαρέτ.
2442 3594 2460 3625 ι
2498 3570 2655 3628 Οὗτοι
2680 3575 2737 3628 δὲ
2760 3594 2776 3625 ι
2799 3575 3124 3628 ἐπίστευσαν
3155 3577 3235 3639 εἰς
3256 3575 3320 3629 τὸ
3340 3575 3514 3647 ὄνομα
3537 3571 3714 3637 αὑτοῦ,

2142 3666 2472 3738 θεωροῦντες
2490 3665 2653 3720 αὑτοῦ
2691 3665 2760 3718 τά
2802 3668 3023 3737 σημεῖα,
3056 3659 3092 3720 ἃ
3128 3665 3371 3719 ἐποίειοι
3407 3665 3500 3718 καὶ
3527 3667 3713 3736 σημεῖα

2141 3757 2485 3811 πιστεύουσιν
2510 3758 2610 3810 οὐκ
2639 3759 2719 3819 εἰς
2745 3757 2903 3810 αὑτὸν
2928 3797 2943 3822 ,
2976 3757 3088 3811 ἀλλ’
3135 3759 3214 3821 είς
3253 3756 3315 3809 τὸ
3344 3757 3514 3828 ὄνομα
3538 3754 3711 3818 αὑτοῦ,

2141 3853 2169 3904 ὁ
2198 3849 2403 3921 Ἰησοῦς
2425 3851 2525 3904 οὐκ
2541 3849 2858 3903 ἐπίστευσεν
2892 3850 3080 3904 ἑαυτὸν
3107 3850 3311 3915 αὐτοῖς,
3337 3850 3541 3912 πάντας
3562 3847 3714 3918 γινώ-

2144 3957 2306 4005 σκων,
2343 3943 2436 3994 καὶ
2465 3940 2539 4013 μή
2573 3942 2758 4014 χρείαν
2785 3940 2952 4011 ἔχων,
2989 3941 3075 3994 ἵνα
3111 3959 3193 4005 τις
3225 3943 3551 4015 μαρτυρήσῃ
3595 3942 3710 4012 περὶ

2142 4033 2451 4107 ἀνθρώπου,
2485 4035 2563 4106 τῷ
2591 4035 2879 4104 γινώσκειν
2912 4034 2967 4087 τί
3000 4038 3144 4091 ἑστιν
3169 4036 3226 4089 ἑν
3259 4035 3476 4106 ἑκάστῳ
3502 4033 3606 4088 τῶν
3628 4034 3713 4088 ἀν⁹

2143 4125 2397 4197 θρὼπων.

2211 4310 2300 4365 29.
2337 4310 2427 4382 Τῷ
2463 4309 2552 4364 δέ·
2591 4329 2609 4362 ι
2647 4311 2722 4364 Ob
2757 4311 2945 4381 χρείαν
2988 4305 3131 4379 εἶχεν
3163 4308 3251 4362 ἵνα
3279 4326 3364 4373 τις
3404 4307 3711 4381 μαρτυρήσῃ

2143 4407 2271 4476 περὶ
2296 4403 2606 4476 ἀνθρώπου,
2648 4425 2666 4457 ι
2701 4405 2972 4475 εὐκαίρως
3003 4401 3302 4475 χρηστέον,
3341 4405 3423 4466 εἰς
3457 4401 3712 4474 παράστα-

2145 4513 2230 4550 σιν
2255 4497 2348 4550 τοῦ
2382 4496 2512 4549 Υίοῦ
2543 4496 2635 4550 τοῦ
2665 4494 2799 4549 Θεοῦ
2829 4496 2921 4565 ἀφ’
2948 4493 3141 4548 ἑαυτοῦ
3173 4493 3471 4565 δυναμένου
3504 4493 3710 4562 θεωρεῖ)

465 4584 706 4652 singulas
745 4598 830 4638 res
877 4583 1152 4636 hominum
1181 4584 1374 4648 valeat,
1401 4585 1662 4654 nulloque
1690 4583 1918 4639 omnino
1950 4595 2026 4638 te-

2147 4588 2266 4658 περὶ
2294 4587 2524 4640 ἑκάστου
2561 4587 2669 4639 τῶν
2715 4585 3052 4658 ἀνθρώπων,
3081 4586 3175 4640 καὶ
3210 4584 3482 4656 μηδαμῶς
3517 4600 3708 4656 μαρτυ-

464 4675 717 4730 stimonio
760 4675 1082 4743 cujusquam
1131 4691 1252 4730 eum
1301 4691 1483 4746 egere.
1540 4676 1810 4731 Caeterum
1868 4677 2036 4729 verba

467 4769 582 4833 illa,
626 4787 646 4820 ι
677 4784 781 4821 ιιοη
822 4783 956 4836 opus
1000 4769 1231 4823 habebat
1276 4779 1334 4822 ιιι
1376 4771 1501 4839 quis
1538 4769 1928 4823 testiﬁcaretur
1969 4771 2037 4822 de

462 4861 677 4914 homine
703 4880 720 4912 ι
761 4859 1140 4927 distinguenda
1169 4870 1297 4916 sunt
1330 4863 1398 4916 ab
1432 4861 1540 4914 illis
1572 4877 1585 4912 :
1612 4859 1730 4913 Non
1768 4875 1905 4930 opus
1941 4861 2038 4914 ha-

461 4953 550 5005 bet
581 4963 640 5005 ut
673 4952 796 5020 quis
826 4961 1056 5005 testetnr
1098 4954 1165 5007 de
1205 4953 1406 5022 aliquo.
1437 4951 1568 5004 Nam
1601 4952 1644 5004 si
1677 4951 1818 5004 hanc
1844 4967 2032 5005 vocem

459 5043 688 5106 homine,
735 5058 1014 5097 sumamus
1045 5043 1108 5095 de
1136 5043 1330 5112 quovis
1377 5043 1467 5110 qui
1521 5046 1589 5094 sit
1641 5040 1707 5093 ad
1742 5041 2030 5110 imaginem

461 5132 577 5198 Dei,
610 5133 692 5187 vel
726 5134 791 5187 de
813 5135 958 5187 omni
990 5134 1217 5188 rationis
1246 5141 1519 5201 compote,
1554 5146 1657 5183 non
1700 5147 1835 5198 opus
1862 5132 2032 5185 habe-

459 5225 540 5280 bit
566 5225 813 5280 Christus
848 5235 904 5280 ιιι
929 5227 1046 5294 quis
1079 5227 1142 5280 de
1175 5225 1289 5293 ipso
1329 5233 1559 5278 testetur
1596 5223 1683 5294 (de
1707 5237 2036 5290 quocunque

2139 4679 2256 4750 ρίου
2279 4678 2484 4731 δεῖσθαι
2513 4677 2607 4731 τοῦ
2638 4678 2746 4732 ἀπό
2776 4695 2940 4742 τινος.
2968 4676 3042 4730 Τὸ
3065 4675 3121 4730 δέ
3146 4693 3159 4706 ο
3197 4695 3216 4728 ι
3247 4677 3322 4728 Ού
3365 4675 3551 4745 χρείαν
3577 4669 3708 4742 εἶχεν

2136 4770 2223 4822 ἵνα
2249 4787 2330 4833 τις
2360 4772 2683 4842 μαρτυρήσῃ
2710 4770 2837 4840 περὶ
2865 4768 3174 4840 ἀνθρώπου,
3202 4787 3220 4820 ι
3253 4764 3704 4822 άντιδιασταλτέον

2136 4861 2272 4932 πρὸς
2294 4861 2492 4927 τὸ,ιΟύ
2517 4863 2706 4933 χρείαν
2736 4861 2849 4931 ἔχει
2875 4861 2961 4914 ’ίνα
2997 4860 3328 4932 μαρτυρήσῃ
3350 4857 3478 4930 περί
3506 4869 3701 4917 τινοςοι

2134 4951 2182 5004 εἰ
2218 4952 2316 5022 μὲν
2356 4955 2464 5024 γὰρ
2507 4953 2569 5006 τὸ
2615 4952 2966 5021 ἀνθρώπου,
3015 4950 3428 5022 λαμϐανόμενον
3475 4948 3580 5020 (7‘2)
3621 4945 3710 5000 ἐπὶ

2141 5043 2344 5108 παντὸς
2375 5044 2469 5098 τοῦ
2513 5045 2632 5097 κατ’
2675 5044 2856 5097 εἰκόνα
2886 5041 3050 5107 Θεοῦ,
3086 5042 3119 5112 ἢ
3156 5041 3358 5104 παντὸς
3394 5036 3622 5108 λογικοῦ,
3647 5034 3706 5088 οὐ

2141 5134 2328 5206 χρείαν
2359 5135 2469 5202 seu
2511 5136 2597 5188 ἵνα
2625 5153 2708 5199 τις
2749 5135 3073 5207 μαρτυρήσῃ
3109 5133 3237 5204 περὶ
3269 5131 3473 5196 αὐτοῦ,
3504 5131 3622 5202 περὶ
3646 5121 3707 5179 οἶδ

2143 5225 2342 5297 δήποτε
2377 5227 2488 5298 (³75)
2513 5227 2621 5280 τῶν
2649 5226 2881 5294 λογικῶν
2899 5265 2913 5290 ,
2947 5225 3038 5295 ἀφ’
3069 5223 3264 5278 ἑαυτοῦ
3290 5224 3568 5294 γινώσκων
3593 5220 3708 5280 τοὺς

531 5417 576 5487 [⁸
603 5415 944 5487 Philipp._tv,
977 5415 1066 5471 15.
1143 5412 1370 5487 “idean.
1398 5411 1624 5487 ιιηίὅηΔ
1658 5410 1888 5487 _‘_‘_i_bid:
1909 5409 2029 5487 23._

2147 5410 2338 5487 Matth.
2371 5425 2470 5487 vn,
2504 5411 2592 5487 μ.
2672 5410 2716 5440 ¹⁶
2737 5406 3065 5487 ﬂaturum",
3095 5405 3184 5460 11.
3263 5406 3306 5438 ⁸⁷
3335 5403 3492 5462 Joan.
3528 5398 3706 5464 nni.

456 5486 500 5518 ¹⁸
535 5484 692 5543 Joan.
719 5484 762 5553 ι,
790 5484 956 5541 40-42
985 5499 1103 5554 seq.

533 5640 648 5726 (:71)
688 5639 868 5696 Codex
916 5639 1140 5709 Regius,
1177 5639 1372 5704 habet,
1423 5638 1610 5708 ἐγγὺς,
1661 5638 1847 5708 φησιν,
1882 5633 1950 5710 ἦν
1980 5639 2040 5693 τὸ

476 5707 1176 5851 Πῗξέῗᾌαμϐαιξόμενον.
1243 5779 1532 5836 Ferrarius
1581 5777 1710 5849 legit
1769 5779 2040 5851 Λαμδάνο-

471 5866 589 5912 ιιεν,
629 5852 769 5914 quod
813 5849 941 5902 milti
975 5849 1253 5915 probatur,

1178 5485 1219 5516 ¹⁹
1254 5483 1386 5538 ibid.
1416 5481 1508 5538 56.
1583 5481 1626 5511 ¹⁰
1657 5481 1789 5539 ibid.
1821 5482 1912 5536 45.
1991 5483 2033 5513 ¹¹
2070 5483 2198 5539 ibid.
2225 5481 2318 5534 45.

2426 5482 2470 5512 ’ί
2501 5479 2660 5534 Joan.
2695 5494 2754 5544 ιι,
2781 5477 2975 5534 25-25.

2221 5639 2330 5710 (75)
2370 5638 2508 5706 Περὶ
2537 5637 2744 5710 αὐτοῦ,
2775 5637 2907 5705 περὶ
2934 5632 3008 5693 οὗ
3031 5636 3411 5710 erigentem.
3436 5637 3527 5710 Sic
3546 5632 3705 5710 code!

2149 5697 2510 5780 Boille'ianu's;
2551 5697 2773 5780 Regius,
2823 5697 2954 5780 περὶ
3003 5697 3168 5780 αὐτοῦ
3215 5697 3313 5780 τοῦ
3360 5707 3489 5778 περὶ
3519 5697 3576 5780 οῦ
3621 5699 3707 5780 δής

2149 5796 2300 5851 ποτε,
2323 5791 2430 5836 etc.
2457 5769 2620 5833 Forte
2635 5769 2959 5849 legendum,
2989 5778 3118 5850 περὶ
3137 5769 3453 5851 ἀνθρώπου,
3477 5775 3566 5831 καὶ
3588 5769 3703 5828 περὶ

2149 5846 2210 5899 οῦ
2241 5849 2302 5903 δή
2313 5866 2465 5920 ποτε,
2487 5858 2592 5906 etc.
