3826 6518
140 415 230 470 89⁸1
1224 409 1574 468 COMMENT.
1614 408 1681 464 IN

1813 409 1906 464 ΚΝ.
1949 407 2184 466 TOMUS
2223 409 2290 462 Χ.

3247 415 3354 474 398

141 533 327 592 πάντας
373 529 518 583 κατά
568 530 670 602 τὴν
715 529 1003 601 δεδομένην
1043 527 1188 599 αὑτῷ
1220 528 1446 598 δύναμιν
1479 526 1586 580 ἀπὸ
1609 525 1702 579 τοῦ

1813 525 2023 580 tandem
2071 525 2278 580 dixeris
2320 522 2544 577 rationis
2579 525 2873 592 compote),
2909 541 2939 578 a
2964 526 3140 594 scipso
3171 545 3372 599 cogno-

140 620 356 690 Πατρός.
389 619 454 672 El
507 619 568 672 δὲ
611 621 676 672 τὸ
715 619 1030 687 ἀνθρώπου
1079 619 1417 690 τηρήσαιμεν
1463 616 1567 670 ὑπὸ
1605 615 1700 668 τοῦ

141 710 315 782 θνητοῦ
375 710 604 778 λογικοῦ
679 710 990 781 ζωουμένου
1035 709 1217 780 (74),
1250 712 1279 762 6
1331 709 1428 778 μέν
1458 725 1541 771 τις
1588 707 1708 778 ἐρεῖ

139 801 307 874 χρείαν
337 800 478 870 ἔχειν
511 801 703 865 αὑτὸν,
720 803 806 855 ἵνα
825 820 906 866 τις
939 801 1255 872 μαρτυρήσῃ
1281 801 1407 874 περὶ
1433 799 1540 852 τῶν
1563 799 1702 870 ὑπὲρ

139 895 216 948 τὸν
237 893 521 964 ἄνθρωπον
545 933 560 955 ,
595 894 722 948 οὐδὲ
753 895 1024 966 ἀρκοῦντα
1054 895 1250 965 ὁμοίως
1287 897 1399 956 τοῖς
1427 892 1703 964 ἀνθρωπί-

138 1002 235 1048 νοις
273 982 567 1053 γινώσκειν
607 986 704 1039 καὶ
753 985 822 1039 τά
873 985 999 1055 περὶ
1027 985 1268 1039 ἐκείνων.
1307 983 1500 1046 Ἀλλος
1539 981 1596 1035 δέ
1623 981 1704 1044 τίς

138 1093 255 1146 φησι
280 1076 367 1129 τὸν
395 1076 720 1130 κενώσαντα
758 1077 950 1130 ἑαυτὸν
982 1075 1055 1146 μὴ
1081 1075 1267 1146 χρείαν
1296 1073 1438 1144 ἔχειν
1457 1113 1471 1136 ,
1506 1073 1591 1126 ἵνα
1622 1090 1706 1136 τις

141 1171 444 1239 μαρτυρήσῃ
478 1171 614 1240 περὶ
642 1168 950 1242 ἀνθρώπου,
981 1168 1167 1240 χρείαν
1189 1166 1245 1220 δὲ
1276 1166 1419 1237 ἔχειν
1445 1166 1572 1238 περὶ
1598 1166 1704 1218 τῶν

139 1258 440 1329 κρειττόνων
473 1259 508 1329 ἢ
544 1259 688 1312 κατά
722 1258 1023 1330 ἄνθρωπον.

194 1528 272 1582 50.
292 1528 400 1580 Kal.
416 1526 583 1581 τοῦτο
603 1528 662 1582 δὲ
685 1527 968 1600 ζητητέον,
986 1529 1126 1582 πόσα
1150 1531 1349 1601 σημεῖα
1376 1528 1539 1585 αὐτοῦ
1570 1529 1704 1583 θεω-

139 1619 335 1690 ροῦντες
359 1620 409 1672 οἱ
459 1619 652 1673 πολλοὶ
687 1620 972 1675 ἐπίστευον
1013 1623 1092 1685 είς
1131 1623 1292 1676 αὐτόν
1315 1639 1327 1652 ·
1355 1623 1414 1675 οὺ
1445 1623 1552 1694 γὰρ
1578 1623 1706 1675 ἀνα-

137 1713 420 1783 γέγραπται
467 1717 682 1784 σημεῖα
719 1714 1076 1785 πεποιηκέναι
1111 1718 1169 1769 ἐν
1208 1715 1627 1788 Ἱεροσολύμοις·
1657 1713 1704 1767 εί

139 1803 203 1873 μὴ
228 1803 330 1873 ἀρα
359 1804 662 1875 γεγένηται
697 1805 797 1875 μὲν
829 1809 1046 1876 σημεῖα,
1072 1808 1170 1860 οὐκ
1198 1807 1605 1878 ἀναγέγραπται
1624 1806 1700 1858 δέ.

1807 631 1967 672 scens
2006 629 2195 670 omnes
2241 614 2400 683 juxta
2440 615 2745 670 facultatem
2789 631 2819 669 a
2869 615 3029 670 Patre
3065 619 3168 673 sibi
3203 623 3373 676 tradi-

1811 719 1941 762 tam.
1977 706 2072 762 Sin
2118 720 2249 761 vero
2289 706 2428 760 hanc
2477 720 2690 768 vocem,
2735 707 2963 774 homine,
2998 711 3374 768 observaveri-

1809 815 1929 854 mllS
1978 800 2044 854 de
2092 799 2306 853 mortali
2346 798 2622 853 animante
2672 799 2896 853 rationis
2938 812 3208 872 compote,
3235 805 3374 861 alius

1809 890 2026 957 quidem
2066 889 2315 943 dicturus
2362 896 2446 942 est
2475 887 2748 942 Christum
2782 889 2954 958 ipsum
2981 907 3118 962 opus
3148 894 3370 962 habere,

1811 991 1869 1034 ut
1897 982 2018 1049 quis
2045 987 2274 1034 testetur
2309 981 2375 1034 de
2424 979 2512 1034 his
2554 995 2674 1048 quae
2714 990 2842 1035 sunt
2874 997 3038 1050 supra
3076 985 3372 1052 hominem,

1813 1083 1870 1125 ut
1917 1072 2009 1141 qui
2058 1071 2200 1133 hzec,
2249 1071 2470 1140 perinde
2523 1079 2681 1140 atque
2735 1076 2994 1141 humana,
3044 1091 3377 1147 cognoscere

1811 1180 1917 1218 non
1964 1163 2223 1218 suﬂiciat.
2277 1161 2431 1217 Alius
2473 1171 2652 1217 autem
2702 1165 2970 1235 quispiam
3026 1167 3202 1240 inquit
3250 1185 3375 1228 eum

1811 1256 1901 1323 qui
1952 1254 2188 1322 seipsum
2226 1252 2472 1315 inanivit,
2503 1267 2610 1307 non
2652 1269 2786 1323 Opus
2831 1256 3031 1313 habere
3059 1269 3118 1313 ut
3147 1260 3269 1329 quis
3297 1270 3376 1317 te-

1811 1354 1985 1398 stetur
2015 1345 2082 1398 de
2112 1344 2354 1408 homine,
2385 1343 2478 1398 sed
2517 1359 2650 1413 opus
2692 1345 2892 1402 habere
2919 1350 3120 1418 utquis
3146 1358 3376 1406 testetur

1813 1437 1877 1490 de
1908 1436 1990 1489 his
2022 1435 2111 1503 qui
2147 1435 2552 1504 praestantiores
2593 1445 2722 1489 sunt
2751 1426 3083 1494 hominibus.

1881 1525 1972 1579 50.
2014 1526 2155 1591 Quin
2191 1526 2295 1580 hoc
2339 1527 2508 1581 etiam
2549 1528 2898 1596 quaerendum
2925 1539 3029 1596 est,
3061 1539 3194 1601 quot
3217 1531 3372 1604 signa

1812 1613 1982 1682 ipsius
2039 1615 2193 1669 multi
2257 1615 2528 1684 videntes,
2568 1617 2917 1674 crediderunt
2964 1620 3021 1676 in
3067 1637 3212 1677 eum.
3255 1623 3371 1678 Non

1811 1705 1954 1758 enim
1982 1707 2243 1773 scriptum
2292 1715 2376 1766 est
2421 1707 2572 1775 signa
2627 1707 2821 1764 fecisse
2868 1710 3239 1784 Jerosolymis,
3270 1713 3372 1770 nisi

1815 1795 2049 1851 fortasse
2089 1796 2230 1850 facta
2277 1798 2428 1868 signa
2481 1799 2683 1867 scripta
2722 1817 2826 1856 non
2858 1802 3099 1864 fuerunt.
3141 1805 3374 1862 Proinde

135 1894 311 1947 Σκόπει
359 1895 417 1948 δὲ
453 1898 505 1948 εί
539 1896 773 1950 δυνατὸν
813 1900 892 1961 εἰς
925 1900 1126 1969 σημεῖα
1161 1898 1473 1970 λογισθῆναι
1516 1899 1577 1951 τὸ
1609 1915 1705 1950 πε-

1813 1890 2096 1944 considera
2131 1905 2200 1944 an
2237 1891 2378 1944 inter
2404 1893 2556 1961 signa
2589 1895 2827 1963 reputari
2860 1897 3029 1964 possit
3059 1899 3199 1966 quod
3233 1899 3376 1954 fece-

137 1987 397 2059 ποιηκέναι
424 1989 762 2060 φραγέλλιον
791 1992 854 2043 ἐκ
877 1991 1120 2061 σχοινίων
1143 2031 1157 2055 ,
1194 1993 1288 2044 καὶ
1323 1991 1530 2056 πάντας
1555 1993 1708 2046 ἐκϐε-

135 2078 369 2148 ϐληκέναι
398 2079 496 2131 τοῦ
535 2079 715 2151 ἱεροῦ,
742 2080 812 2134 τά
838 2098 897 2133 τε
933 2081 1206 2151 πρόϐατα,
1240 2082 1335 2135 καὶ
1378 2083 1505 2145 τοὺς
1557 2081 1704 2152 βόας,

134 2171 217 2222 καὶ
251 2170 352 2222 τῶν
384 2171 765 2224 κολλυϐιστῶν
792 2171 860 2225 τά
901 2173 1150 2242 κέρματα
1180 2174 1534 2244 ἐκκεχυκέναι
1555 2214 1570 2240 ,
1613 2177 1708 2227 καὶ

132 2261 217 2323 τὰς
259 2262 541 2332 τραπέζας
587 2263 1044 2336 ἀνατετραφέναι.
1092 2265 1235 2334 Πρὸς
1288 2266 1538 2336 μέντοιγε
1582 2267 1708 2328 τοὺς

136 2352 524 2422 ὑπονοήσαντας
564 2352 635 2407 ἂν
683 2354 812 2425 περὶ
851 2353 1023 2425 μόνων
1062 2354 1362 2426 ἀνθρώπων
1399 2357 1472 2426 μὴ
1515 2356 1706 2427 χρείαν

133 2442 262 2512 ἔχειν
291 2446 450 2498 αὑτὸν
481 2446 810 2518 μαρτύρων,
839 2447 1022 2516 λέγει,
1054 2449 1135 2500 ὅτι
1164 2447 1258 2500 δύο
1289 2448 1436 2518 αὐτῷ
1469 2450 1496 2502 6
1529 2449 1708 2517 Εὐαγ-

133 2534 369 2607 γελιστὴς
403 2537 834 2608 μεμαρτύρηκε,
863 2538 924 2591 τό
954 2555 1012 2591 τε
1037 2537 1325 2606 γινώσκειν
1354 2539 1582 2603 πάντας,
1613 2541 1707 2592 καὶ

133 2622 188 2673 τὸ
219 2622 287 2694 μὴ
317 2625 510 2694 χρείαν
543 2625 694 2696 ἔχειν
729 2627 814 2678 ἵνα
840 2643 926 2689 τις
960 2628 1279 2699 μαρτυρήσῃ
1322 2628 1450 2698 περὶ
1493 2626 1704 2699 ἀνθρώ-

135 2729 256 2765 που’
291 2717 337 2768 εί
365 2715 475 2788 γάρ
507 2717 727 2780 πάντας
756 2717 1069 2788 ἐγίνωσκεν,
1089 2718 1150 2770 οὐ
1179 2719 1337 2788 μόνον
1363 2718 1704 2791 ἀνθρώπους,

136 2804 259 2859 ἀλλὰ
283 2807 373 2860 καὶ
399 2807 471 2862 τά
514 2808 662 2880 ὑπὲρ
687 2809 778 2863 τὸν
808 2810 1090 2881 ἄνθρωπον
1121 2811 1382 2880 ἐγίνωσκε
1403 2852 1418 2877 ,
1451 2811 1543 2864 καὶ
1571 2811 1708 2865 πάν-

135 2911 222 2959 τας
246 2899 364 2961 τοὺς
400 2899 510 2963 ἔξω
543 2900 810 2972 τοιούτων,
843 2902 1107 2971 σωμάτων
1126 2919 1140 2932 ο
1176 2902 1436 2971 ἐγίνωσκὲ
1465 2920 1524 2956 τε
1551 2903 1602 2955 τί
1639 2898 1708 2974 ἦν

134 2990 186 3041 ἐν
227 2990 297 3060 τῷ
337 2990 654 3063 ἀνθρώπῳ,
698 2992 795 3047 ἆτε
841 2993 1040 3064 μείζων
1091 2996 1372 3066 τυγχάνων
1405 2994 1513 3049 τῶν
1547 2997 1605 3050 ἐν
1627 2993 1709 3068 τῷ

134 3082 484 3152 προφητεύειν
536 3083 872 3154 ἐλεγχόντων
902 3085 1042 3156 (75),
1069 3127 1084 3142 .
1103 3125 1118 3139 .
1135 3126 1149 3140 .
1179 3088 1270 3139 καὶ
1297 3087 1587 3158 κρινόντων
1615 3088 1708 3140 καὶ

133 3171 196 3224 τὰ
222 3173 432 3244 κρυπτά
458 3175 567 3245 τῆς
594 3175 826 3247 καρδίας
855 3178 934 3239 είς
962 3177 1190 3248 φανερὸν
1221 3178 1460 3246 ἀγόντων
1489 3178 1705 3232 πάντων

131 3255 199 3315 ὧν
217 3264 320 3335 (76)
345 3266 409 3318 τὸ
434 3266 670 3336 Πνεῦμα
696 3267 983 3321 ὑποϐάλλει
1021 3269 1221 3333 αὐτοῖς.
1255 3268 1484 3323 Δύναται
1516 3269 1573 3322 δὲ
1602 3269 1665 3322 τό
1688 3286 1702 3300 ·
1733 3249 1776 3308 c

137 3374 154 3407 ι
195 3357 479 3426 Ἐγίνωσκε
511 3358 566 3412 τί
612 3355 684 3431 ἦν
727 3360 785 3412 ἐν
827 3359 906 3430 τῷ
938 3361 1207 3432 ἀνθρώπῳ
1231 3402 1245 3426 ,
1282 3381 1300 3413 ι
1338 3362 1704 3432 λαμϐάνεσθαι

133 3447 215 3500 καὶ
235 3450 321 3502 ἐπὶ
346 3449 458 3503 τῶν
491 3450 840 3520 ἐνεργουσῶν
863 3451 1143 3522 δυνάμεων
1175 3454 1429 3524 χειρόνων
1459 3455 1492 3524 ἢ
1526 3471 1707 3524 κρειτ-

131 3541 282 3594 τόνων
305 3544 361 3596 ἐν
399 3543 753 3614 ἀνθρώποις·
787 3545 834 3597 εί
865 3544 963 3614 μὲν
995 3545 1103 3616 γὰρ
1125 3545 1307 3598 δίδωσί
1330 3563 1413 3609 τις
1437 3547 1599 3600 τόπον
1626 3547 1704 3618 τῷ

132 3631 376 3705 διαϐόλῳ,
425 3635 746 3706 εἰσέρχεται
790 3636 870 3698 εἰς
918 3636 1079 3689 αὐτὸν
1123 3639 1152 3690 ό
1201 3637 1472 3698 Σατανᾶς·
1516 3635 1704 3708 ὥσπερ

133 3722 308 3776 Εἱωκεν
355 3725 596 3789 Ἰούδας,
651 3743 672 3776 ι
710 3724 804 3778 τοῦ
847 3726 1092 3780 διαϐόλου
1129 3727 1448 3798 βεϐληκότος
1495 3730 1575 3793 είς
1606 3731 1706 3801 τὴν

134 3816 337 3885 καρδίαν
376 3818 585 3882 αὐτοῦ,
623 3817 716 3871 ἵνα
762 3818 989 3888 παραδῷ
1028 3819 1118 3874 τὸν
1152 3820 1392 3892 Ἰησοῦνσ
1433 3839 1452 3872 ι
1495 3821 1574 3875 διὸ
1610 3824 1706 3876 καὶ

140 3925 156 3957 ι
186 3911 310 3976 μετὰ
336 3911 398 3964 τὸ
445 3909 674 3980 ψωμίον
716 3910 959 3981 εἰσῆλθεν
992 3914 1070 3974 εἰς
1094 3912 1256 3966 αὑτὸν
1295 3915 1323 3966 6
1356 3915 1597 3976 Σατανᾶς
1621 3931 1635 3944 ·
1680 3933 1700 3966 ι

135 4004 175 4054 εἰ
200 4003 252 4055 δὲ
279 4003 460 4056 δίδωσι
490 4004 664 4056 τόπον
691 4001 772 4072 τῷ
793 4003 930 4073 Θεῷ,
961 4005 1225 4074 μακάριος
1247 4005 1454 4073 γίνεται
1476 4023 1488 4039 ο
1527 4023 1547 4057 ι
1584 4008 1706 4061 Μα-

135 4094 300 4166 κάριος
329 4096 437 4166 γὰρ
471 4087 537 4150 οὗ
566 4097 723 4149 ἐστιν
745 4095 1027 4164 ἀντίληψις
1055 4095 1218 4149 αὐτοῦ
1249 4095 1400 4168 παρά
1426 4097 1518 4150 τοῦ
1548 4097 1704 4162 Θεοῦ,

135 4189 216 4239 καὶ
239 4189 501 4252 ἀνάϐασις
546 4191 611 4242 ἐν
661 4191 731 4259 τῇ
783 4188 980 4259 καρδία
1026 4189 1188 4242 αὐτοῦ
1222 4207 1240 4240 ι
1281 4189 1390 4243 ἀπὸ
1420 4188 1514 4242 τοῦ
1549 4189 1704 4244 Θεοῦ.

135 4277 401 4346 Γινώσκεις
432 4282 489 4334 τί
523 4277 598 4352 ἦν
632 4281 696 4333 ἐν
725 4279 804 4350 τῷ
835 4278 1104 4351 ἀνθρώπῳ
1132 4283 1160 4334 6
1193 4279 1475 4349 γινώσκων
1508 4280 1706 4346 πάντα,

136 4371 217 4425 Υἱὲ
235 4374 323 4427 τοῦ
343 4374 505 4428 Θεοῦ.
533 4372 683 4442 Ἤδη
715 4372 775 4425 δὲ
795 4371 892 4442 τὴν
917 4372 1164 4444 αὐτάρκη
1195 4372 1539 4445 περιγραφὴν
1565 4373 1712 4444 εἰλη-

135 4463 272 4530 φότος
301 4467 394 4518 καὶ
419 4463 519 4518 τοῦ
554 4463 794 4518 δεκάτου
829 4463 939 4533 (77)
971 4464 1171 4534 τόμου,
1205 4462 1440 4518 ἐνταῦθά
1475 4479 1580 4516 που
1613 4480 1712 4516 κα-

134 4555 480 4627 ταπαύσωμεν
508 4555 609 4610 τὸν
637 4554 802 4622 λόγον
825 4553 956 4624 (78).

198 4713 418 4770 “Joan.
455 4731 522 4780 ιι,
556 4712 654 4768 15.
736 4709 974 4767 “lCor.
1002 4725 1114 4781 xu',
1139 4710 1230 4779 24,
1267 4711 1358 4766 25.
1435 4711 1484 4744 ³⁵
1534 4709 1696 4767 Joan.

1857 4709 1950 4764 ‘25.

138 4795 345 4851 uuln,
373 4786 433 4841 6.

179 4944 300 5030 '(H)
337 4940 734 5030 ζωουμένου.
764 4937 857 4994 Sic
894 4939 1058 4994 codex
1095 4935 1453 5005 Bodleianus;
1485 4935 1705 5008 Regius,

137 5016 259 5079 ζὼου
296 5017 474 5086 μόνον.
962 5078 974 5090 ο
1093 5079 1105 5092 ο
1232 5079 1245 5092 .
1580 5076 1590 5090 _
1660 5076 1672 5088 ο

195 5085 300 5155 (75)
329 5087 455 5140 Post
483 5081 844 5154 ἐλεγχόντων
877 5078 1202 5150 relinquitur
1231 5095 1285 5134 ιιι
1318 5085 1705 5148 manuscriptts

137 5156 390 5212 codicibus
419 5155 677 5225 spatium
703 5166 971 5225 _vacuum.

1811 1983 1881 2036 rit
1919 1997 1950 2037 e
1996 1982 2253 2038 funiculis
2307 1981 2601 2053 ﬂagellum,
2629 2000 2816 2041 omnes
2855 2002 2886 2042 e
2923 1989 3121 2058 templo
3148 1989 3374 2057 eiicien-

1809 2074 1895 2137 do,
1923 2081 2033 2127 tum
2069 2087 2218 2140 oves,
2267 2082 2380 2128 tum
2425 2075 2615 2144 boves,
2641 2088 2803 2147 atque
2846 2081 3274 2146 argentariorum
3301 2095 3376 2136 res

1807 2166 2148 2232 ell‘undendo,
2180 2173 2234 2219 et
2274 2181 2488 2221 mensas
2533 2167 2898 2224 subvertenda
2915 2170 2982 2224 ³³.
3021 2171 3100 2224 Ad
3131 2186 3223 2225 eos
3251 2187 3374 2240 pro-

1809 2258 1951 2314 fectu
1987 2259 2077 2327 qui
2107 2260 2457 2328 suspicantur
2486 2262 2552 2316 de
2575 2261 2704 2316 solis
2738 2262 3070 2328 hominibus,
3102 2280 3208 2319 non
3238 2280 3375 2334 opus

1809 2351 2010 2406 habere
2035 2352 2209 2422 ipsum
2245 2353 2493 2421 testibus,
2528 2353 2710 2410 dicere
2756 2365 2972 2426 oportet
3000 2357 3105 2412 duo
3143 2372 3375 2428 evange-

1808 2445 1987 2500 listam
2019 2445 2091 2499 illi
2118 2447 2432 2503 attribuisse
2457 2465 2472 2502 :
2497 2449 2750 2514 alterum,
2785 2452 2925 2519 quod
2955 2459 3214 2520 agnoscat
3251 2465 3372 2505 om-

1809 2549 1946 2602 nes;
1980 2535 2228 2599 alterum,
2264 2538 2406 2607 quod
2445 2554 2579 2609 opus
2619 2556 2723 2595 non
2752 2540 2950 2595 habeat
2978 2551 3034 2596 ut
3059 2543 3181 2611 quis
3209 2552 3376 2598 teste-

1812 2636 1897 2679 tur
1921 2629 1986 2679 de
2017 2627 2257 2682 homine.
2300 2627 2432 2682 Nam
2468 2631 2512 2685 si
2560 2647 2749 2688 omnes
2775 2635 3122 2702 agnoscebat,
3155 2649 3261 2689 non
3286 2649 3376 2689 so-

1809 2717 1917 2770 lum
1949 2719 2214 2782 homines,
2250 2719 2345 2772 sed
2377 2719 2546 2774 etiam
2578 2736 2699 2791 qua:
2730 2738 2892 2792 supra
2922 2724 3195 2780 hominem
3225 2735 3370 2788 sunt,

1809 2811 1972 2865 etiam
2007 2825 2195 2864 omnes
2224 2809 2314 2878 qui
2348 2821 2528 2866 essent
2572 2822 2726 2868 extra
2769 2815 2886 2868 haac
2925 2829 3173 2884 corpora,
3207 2830 3376 2884 agno-

1809 2904 2016 2971 scebat,
2058 2914 2220 2974 atque
2268 2906 2396 2975 quid
2432 2913 2578 2960 esset
2620 2905 2670 2959 in
2724 2906 2945 2961 homine
2983 2921 3000 2958 :
3040 2907 3236 2976 quippe
3277 2907 3373 2976 qui

1811 2995 1983 3064 major
2015 2999 2305 3053 exsisteret
2333 2999 2441 3062 his,
2486 2999 2581 3068 qui
2627 2998 2678 3052 in
2718 3000 3092 3068 prophetando
3143 2999 3376 3054 manife-

1810 3097 1978 3153 stant,
1998 3097 2052 3141 et
2074 3087 2340 3158 judicant,
2369 3087 2577 3143 occulta
2597 3089 2782 3144 cordis
2808 3089 2975 3144 etiam
3001 3089 3184 3164 omnia
3211 3089 3374 3158 212

1813 3192 1933 3246 quae
1957 3177 2195 3247 Spiritus
2226 3178 2334 3233 illis
2357 3179 2622 3249 suggerit,
2660 3179 2713 3232 in
2745 3189 2994 3248 apertum
3025 3179 3284 3233 ducentes
3305 3180 3374 3233 ἐν.

1811 3267 2080 3322 Caeterum
2127 3269 2290 3336 illud,
2327 3287 2347 3321 ι
2385 3269 2712 3340 agnoscebat
2754 3270 2883 3338 quid
2933 3280 3074 3325 esset
3120 3270 3173 3324 in
3201 3271 3377 3326 homi-

1809 3361 1961 3426 ne",
1991 3379 2010 3413 ι
2041 3361 2182 3415 sumi
2231 3363 2394 3416 etiam
2429 3371 2610 3432 potest
2645 3364 2711 3417 de
2764 3363 3050 3420 virtutibus
3095 3365 3252 3420 malis
3291 3368 3375 3420 vel

1810 3452 1985 3518 bonis,
2029 3455 2379 3524 operantibus
2435 3456 2492 3510 in
2539 3455 2867 3512 hominibus.
2905 3457 3038 3511 Nam
3071 3457 3116 3512 si
3167 3457 3378 3514 dederit

1810 3548 1931 3616 quis
1973 3547 2150 3602 locum
2199 3548 2433 3614 diabolo,
2468 3551 2771 3618 ingreditur
2825 3551 2880 3604 in
2928 3548 3079 3604 illum
3121 3548 3376 3615 Satanas,

1810 3638 2261 3707 quemadmodum
2316 3639 2464 3694 dedit
2508 3639 2698 3700 Judas.
2758 3660 2776 3693 ι
2807 3656 2931 3696 cum
2972 3643 3085 3708 jam
3133 3641 3378 3697 diabolus

1812 3728 2048 3782 misisset
2084 3727 2136 3781 in
2171 3743 2265 3783 cor
2292 3727 2429 3795 ejus,
2480 3738 2538 3782 ut
2589 3732 2825 3785 traderet
2859 3730 3042 3785 Jesnm
3067 3732 3143 3797 ";
3168 3749 3186 3782 ι
3214 3747 3375 3800 quam

1809 3819 1880 3874 ob
1903 3837 2122 3875 causam
2169 3839 2187 3872 ι
2213 3831 2331 3888 post
2356 3822 2658 3876 buccellam
2695 3825 2918 3877 intravit
2951 3824 3002 3876 in
3039 3824 3186 3877 illum
3221 3825 3379 3878 Sata-

1811 3927 1908 3963 nas
1930 3911 1995 3962 ’⁷.
2026 3929 2046 3963 ι
2081 3910 2175 3963 Sin
2211 3920 2392 3964 autem
2424 3911 2533 3965 Deo
2563 3911 2742 3966 locum
2774 3914 3003 3978 dederit,
3041 3915 3232 3969 beatus
3270 3913 3327 3967 ﬁt
3360 3931 3372 3964 :

1815 4018 1834 4052 ι
1867 4001 2062 4055 Beatus
2091 4020 2108 4052 ι
2138 4003 2308 4068 enim,
2343 4019 2362 4054 ι
2388 4002 2540 4070 cujus
2581 4014 2662 4057 est
2692 4004 2766 4057 illi
2813 4005 3097 4059 retributio
3125 4024 3145 4057 ι
3179 4021 3208 4059 a
3244 4004 3374 4067 Deo,

1815 4111 1834 4143 ι
1856 4103 1909 4146 et
1943 4094 2187 4146 ascensio
2233 4092 2284 4146 in
2331 4094 2496 4148 corde
2533 4093 2648 4162 ejus
2678 4111 2696 4144 ι
2726 4108 2756 4146 a
2784 4095 2891 4149 Deo
2909 4093 2974 4148 ³⁸.
3002 4093 3179 4160 Quare
3201 4108 3374 4164 agno-

1813 4185 1942 4248 scis,
1969 4199 2002 4238 o
2033 4185 2135 4238 Fili
2173 4183 2264 4238 Dei
2291 4185 2471 4238 omnia
2511 4199 2829 4255 agnoscens,
2859 4183 2988 4253 quid
3015 4184 3085 4239 sit
3109 4183 3161 4237 in
3197 4183 3373 4238 homi-

1813 4293 1900 4334 ne.
1939 4277 2043 4331 Sed
2074 4293 2196 4331 cum
2241 4277 2352 4345 jam
2397 4279 2530 4332 satis
2559 4277 2871 4348 scriptionis
2897 4276 3192 4346 sumpserit
3229 4275 3377 4332 deci-

1814 4385 1933 4423 mus
1962 4381 2156 4446 tomus,
2188 4369 2275 4424 hic
2303 4368 2554 4426 ﬁniemus
2580 4384 2913 4426 sermonem.

2048 4708 2097 4740 “
2149 4704 2309 4764 Joan.
2344 4721 2464 4776 χιιι,
2521 4710 2579 4762 2.
2684 4709 2727 4740 ³⁷
2788 4705 2920 4762 ibid.
2972 4705 3063 4759 27.
3139 4705 3185 4738 "
3230 4703 3373 4759 Psal.

1812 4937 1835 4962 τ
1883 4938 1994 5011 (77)
2034 4938 2217 5014 Codex
2260 4937 2586 5014 Qodlejantts
2638 4935 2813 5014 habet.
2842 4935 2902 5014 in_
2942 4941 3090 5014 textu
3131 4931 3378 5014 ξωδςκάέ

1808 5001 1927 5080 του,
1957 5001 2093 5080 etin
2129 5009 2372 5080 margine
2413 5006 2659 5072 δεκάτου,
2689 5006 2770 5059 uti
2801 5004 2997 5075 legitur
3039 5003 3091 5056 in
3129 5001 3299 5072 Regio
3327 5011 3382 5054 et

1809 5079 2133 5134 Barberino.
2265 5079 2269 5080 “
2590 5145 2599 5146 ί
2793 5144 2801 5146 _
2889 5141 2906 5146 ,
2948 5141 3022 5146 μ,
3321 5136 3333 5146 .

1877 5147 2214 5246 (78)¹(]οάθιι
2253 5145 2454 5219 Regius
2515 5145 2708 5211 habet,
2756 5144 2819 5200 τὸ
2882 5141 3084 5213 βιϐλίου
3134 5155 3236 5212 pro
3266 5141 3409 5260 ,τον⁴

193 5225 294 5295 (76)
350 5213 615 5280 Πάὶρτων
691 5213 818 5285 ὧν,
880 5227 983 5275 etc.
1055 5217 1702 5290 Scribendumﬂidetur

1813 5213 2006 5287 λόγονέ

139 5296 283 5352 πάντα
306 5301 369 5366 ἀ,
396 5307 506 5354 etc.
