3806 6548
436 440 546 495 399
1877 431 2200 489 ORIGENIS

448 571 3666 625 mm

1609 722 2552 876 ΩΡΙΓΕΝΟΥΣ

1076 982 1216 1040 NN
1247 982 1368 1038 ΕΙΣ
1407 982 1493 1035 T0
1523 981 1706 1034 ΚΑΤΑ
1743 971 2088 1034 ΙΩΔΝΝΗΝ
2111 971 2575 1028 ΕΥΑΓΓΕΛῙΟΝ
2594 969 3063 1029 ΕΞΗΓΗΤΙΚΩΝ

1784 1138 2160 1228 ΤΟΜΟΣ
2211 1138 2373 1224 II".

1738 1479 2415 1596 ORIGENIS

1152 1702 1923 1769 COMMENTARIORUM
1965 1702 2050 1765 IN
2078 1700 2605 1766 EVANGELIUM
2637 1700 2967 1765 JOANNIS

1255 1882 1504 1975 ΤοΜ
1526 1884 1663 1973 US
1737 1882 2258 1974 DECIMUS
2326 1882 2887 1973 TERTIUS.

521 2194 575 2249 1.
611 2190 731 2247 Tibi
783 2189 1025 2260 quidem,
1084 2185 1180 2242 Dei
1228 2186 1602 2241 amantissime
1648 2201 1712 2240 ac
1768 2187 2013 2255 piissime

2186 2185 2238 2241 1.
2268 2188 2427 2250 Ἴσως
2453 2186 2551 2257 μὲν
2574 2185 2641 2239 ἂν
2664 2184 2811 2251 ἔδοξέ
2838 2200 2919 2237 σοι
2937 2181 3068 2254 (79),
3098 2180 3463 2253 φιλοθεώτατε
3490 2178 3587 2236 καὶ
3600 2181 3685 2236 εὖ·

451 2284 724 2349 Ambrosi,
765 2296 875 2337 non
901 2279 1190 2336 videbatur
1224 2277 1455 2333 fortasse
1480 2278 1810 2333 scindendus
1838 2292 2017 2332 sermo

2127 2277 2405 2332 σεδέστατε
2446 2277 2758 2350 Ἀμὸρόσιε,
2787 2276 2879 2330 τὸν
2907 2276 3036 2346 περὶ
3061 2275 3161 2345 τῆς
3191 2273 3583 2346 Σαμαρείτιδος
3606 2273 3689 2327 λό-

455 2374 820 2438 Samaritidis,
856 2372 932 2428 ita
978 2371 1207 2427 utillius
1250 2383 1379 2439 pars
1414 2381 1559 2425 esset
1603 2372 1659 2425 in
1699 2371 2018 2425 duodecimo

2127 2387 2215 2439 γον
2244 2369 2319 2443 μὴ
2352 2371 2707 2441 διακοπῆναι,
2742 2369 2818 2434 ὣς
2849 2386 2910 2422 τε
2947 2369 3109 2440 μέρος
3152 2368 3251 2439 μέν
3282 2384 3333 2420 τι
3360 2365 3533 2422 αὑτοῦ
3562 2362 3690 2420 εἶναι

455 2476 622 2529 tumo,
657 2473 715 2519 et
736 2464 980 2533 reliqua,
1010 2476 1132 2531 qua:
1166 2462 1465 2526 restabant,
1508 2462 1563 2516 in
1595 2462 1754 2517 tertio
1783 2463 2014 2517 decimo.

455 2556 561 2611 Sed
608 2557 866 2626 quoniam
901 2554 1218 2609 videbamus
1258 2552 1631 2607 duodecimum
1677 2551 2021 2606 Commenta-

454 2647 659 2700 riorum
695 2654 896 2700 tomum
940 2642 1079 2699 satis
1121 2642 1478 2711 scriptionum
1519 2640 1816 2711 accepisse,
1844 2641 2017 2697 risum

458 2745 542 2792 est
571 2735 727 2791 nobis
768 2732 1019 2789 desinere
1049 2732 1102 2787 in
1132 2746 1444 2788 sermonem
1473 2731 1818 2789 Samaritidis
1830 2734 1897 2799 θ’,
1926 2732 2018 2787 ubi

458 2828 783 2900 loquebatur
828 2826 945 2895 ipsa
1003 2825 1069 2879 de
1128 2833 1309 2892 puteo,
1366 2825 1816 2895 quemadmodum
1851 2824 2020 2881 Jacob

453 2917 585 2974 illud
613 2917 844 2982 dederit,
874 2925 929 2973 et
962 2915 1076 2985 ipse
1106 2929 1174 2969 ex
1224 2929 1291 2971 eo
1337 2914 1554 2982 biberit,
1585 2925 1641 2971 et
1672 2916 1767 2971 lilii
1803 2915 1939 2984 ejus,
1966 2925 2022 2971 et

455 3021 651 3078 pecora
682 3006 819 3076 ejus,
847 3005 1064 3062 tertium
1108 3006 1380 3062 decimum
1434 3015 1637 3062 tomum
1700 3006 2017 3076 inccpturis,

453 3099 546 3155 ubi
576 3097 836 3153 Dominus
867 3097 935 3153 ad
965 3098 1136 3167 ipsam
1186 3098 1513 3168 respondet.
1551 3116 1571 3149 ι
1601 3098 1896 3168 Respondit
1925 3096 2019 3152 Je-

455 3207 551 3248 sus
580 3202 635 3247 et
672 3192 812 3246 dixit
850 3190 928 3245 illi
960 3189 1192 3246 :Omnis
1233 3190 1328 3259 qui
1370 3190 1569 3245 biberit
1592 3205 1663 3244 ex
1716 3204 1855 3259 aqua
1893 3190 2015 3257 bac,

459 3286 610 3341 sitiet
638 3286 833 3340 iterum
861 3299 876 3349 ;
913 3282 1005 3352 qui
1035 3290 1213 3336 autem
1242 3281 1439 3335 biberit
1463 3295 1528 3335 ex
1560 3295 1699 3349 aqua
1736 3296 1896 3350 quam
1923 3296 2021 3352 ego

457 3376 533 3430 illi
571 3375 786 3441 dedero,
818 3374 912 3427 ﬁet
939 3372 1060 3429 fons
1108 3372 1165 3427 itt
1204 3384 1273 3427 eo
1316 3385 1471 3440 aqua:
1497 3370 1743 3426 salientis
1774 3371 1828 3425 in
1854 3372 2018 3426 vitam

457 3474 717 3521 aeternam
735 3464 802 3518 ⁸⁸.
830 3482 849 3517 ι
881 3463 993 3519 lloc
1033 3463 1323 3532 respondet
1357 3462 1598 3518 secundo
1632 3460 1789 3518 Jesus
1821 3466 1885 3518 ad
1917 3464 2019 3519 Sa-

2118 2464 2177 2517 ὲν
2210 2461 2288 2533 τῷ
2324 2461 2609 2532 δωδεκάτῳ
2647 2461 2830 2533 τόμῳ,
2859 2459 2926 2514 τὰ
2948 2459 3006 2513 δὲ
3046 2458 3171 2529 ἑξῆς
3195 2460 3254 2512 ὲν
3277 2456 3354 2528 τῷ
3384 2456 3687 2527 τρισκαιδε-

2119 2556 2271 2627 κάτῳ
2291 2554 2435 2609 ’ἀλλ’
2464 2554 2586 2608 ἐπεὶ
2606 2553 2868 2625 ἑωρῶμεν
2897 2550 3145 2622 αὐτάρκη
3177 2549 3530 2621 περιγραφὴν
3555 2547 3692 2617 εἰλη-

2120 2648 2275 2717 φέναι
2305 2647 2395 2700 τὸν
2435 2644 2733 2700 δωδέκατον
2775 2640 2884 2698 τῶν
2923 2640 3321 2714 Ἐξηγητικῶν,
3352 2641 3538 2705 ἔδοξεν
3570 2642 3690 2711 ἡμῖν

2120 2737 2418 2808 καταλῆξαι
2478 2740 2558 2797 εἰς
2600 2736 2691 2791 τδν
2741 2736 2843 2806 τῆς
2901 2733 3292 2808 Σαμαρείτιδος
3349 2734 3514 2802 λόγον
3574 2735 3691 2805 περὶ
3762 2724 3779 2747 ⁷

2117 2828 2213 2883 τοῦ
2264 2828 2377 2899 (80)
2414 2827 2706 2897 λεγομένου
2738 2827 2831 2880 ὑπ’
2870 2826 3041 2894 αὐτῆς
3082 2824 3315 2895 φρέατος
3336 2860 3353 2887 ,
3396 2824 3477 2888 ὡς
3518 2826 3549 2878 6
3608 2825 3694 2876 Ἰα-

2118 2919 2235 2975 κὼϐ
2269 2920 2466 2975 ἔδωκεν
2496 2919 2657 2981 αὐτὸ,
2689 2920 2781 2972 καὶ
2822 2918 2983 2981 αὐτὸς
3027 2918 3087 2982 ἐξ
3117 2917 3281 2972 αὐτοῦ
3315 2917 3436 2969 ἔπιε
3463 2959 3481 2984 ,
3516 2916 3610 2970 καὶ
3647 2917 3692 2968 οἰ

2118 3013 2224 3066 uiui.
2250 3010 2414 3066 αὐτοῦ
2440 3050 2455 3077 ,
2485 3010 2581 3063 καὶ
2619 3009 2689 3063 τὰ
2727 3008 3020 3080 θρέμματα
3047 3008 3233 3071 αὑτοῦ,
3287 3008 3372 3061 ἵνα
3406 3007 3691 3079 ἀρξώμεθα

2118 3103 2213 3159 τοῦ
2245 3102 2691 3176 τρισκαιδεκάτου
2731 3101 2840 3154 ἀπὸ
2861 3101 2961 3172 τῆς
2994 3101 3338 3172 ἀποκρίσεως
3367 3098 3463 3152 τοῦ
3496 3099 3691 3171 Κυρίου

2120 3192 2255 3263 πρὸς
2285 3192 2397 3261 (81)
2444 3191 2629 3262 αὑτήν.
2668 3208 2688 3242 ι
2735 3189 3031 3262 Ἀπεκρίθη
3063 3191 3094 3243 6
3135 3188 3372 3260 Ἰησοῦς,
3410 3191 3512 3242 καὶ
3551 3187 3695 3243 εἶπεν

2120 3284 2255 3355 αὐτῇ
2282 3300 2297 3313 ⁸
2326 3285 2441 3347 Πᾶς
2463 3285 2492 3336 6
2521 3282 2691 3336 πίνων
2723 3284 2788 3335 ὲκ
2849 3282 2945 3335 τοῦ
3015 3282 3205 3347 ὓδατος
3259 3282 3446 3336 τούτου
3492 3283 3695 3354 διψήσει

2122 3376 2310 3431 πάλιν*
2335 3376 2395 3439 ὃς
2419 3376 2463 3429 δ’
2485 3374 2553 3429 ἂν
2582 3375 2682 3449 πίῃ
2705 3374 2768 3427 ὲκ
2795 3374 2888 3428 τοῦ
2917 3375 3108 3439 ὓδατος
3133 3368 3193 3429 οὗ
3219 3374 3328 3443 ἐγὼ
3352 3375 3515 3429 δώσω
3536 3375 3692 3445 αὐτῷ,

2122 3467 2411 3538 γενήσεται
2444 3466 2593 3537 πηγὴ
2621 3468 2681 3518 ὲν
2708 3464 2857 3536 αὑτῷ
2898 3464 3088 3529 ὓδατος
3125 3465 3419 3536 ἁλλομένου
3452 3469 3538 3531 εἰς
3563 3467 3697 3537 ζωὴν

454 3556 800 3621 ntaritidem,
830 3555 1063 3623 primum
1093 3554 1311 3623 quidem
1341 3552 1529 3610 dicens
1560 3571 1575 3606 :
1608 3572 1627 3607 ι
1657 3553 1712 3609 Si
1739 3554 1912 3611 scires
1930 3556 2023 3610 do-

2127 3536 2359 3613 αἰώνιον.
2402 3577 2420 3609 ι
2453 3536 2713 3628 Δεύτερον
2741 3556 2901 3610 τοῦτο
2928 3558 3281 3629 ἀποκρίνεται
3308 3559 3441 3630 πρὸς
3475 3560 3577 3631 τὴν
3599 3536 3694 3613 Σα-

458 3661 590 3703 num
618 3645 734 3712 Dei,
761 3654 818 3703 et
848 3645 973 3715 quis
1000 3653 1081 3700 est
1136 3645 1228 3714 qui
1256 3644 1389 3701 dicit
1426 3644 1517 3700 tibi
1551 3663 1566 3700 :
1594 3645 1672 3700 Da
1716 3647 1849 3700 mibi
1879 3648 2023 3716 quod

457 3739 667 3802 bibam,
699 3747 754 3792 tu
788 3737 1041 3793 fortassis
1071 3739 1140 3793 ab
1162 3752 1228 3793 eo
1263 3737 1539 3808 petiisses,
1567 3748 1622 3793 et
1648 3739 1888 3794 dedisset
1929 3741 2023 3794 tibi

457 3842 654 3898 aquam
676 3827 853 3884 vivam
870 3826 955 3892 ἰς
984 3844 1004 3878 ι
1034 3838 1090 3882 et
1113 3840 1256 3881 nunc
1277 3826 1490 3895 quando
1516 3825 1810 3883 admonens
1832 3826 2024 3895 ipsam,

457 3918 619 3990 213
650 3925 712 3975 ut
737 3928 948 3989 peteret
974 3933 1168 3988 aquam
1195 3918 1395 3983 vivam,
1423 3916 1554 3974 dicit
1590 3931 1710 3986 qua
1754 3916 2026 3971 recensui-

456 4027 615 4079 mus;
645 4019 702 4068 et
725 4012 793 4067 ad
825 4011 1055 4081 primam
1081 4009 1303 4080 quidem
1324 4009 1740 4079 responsionem
1768 4008 1904 4063 nihil
1940 4008 2026 4062 lo-

458 4106 644 4176 quitur
691 4102 997 4164 Samaritis.
1047 4102 1143 4159 sed
1188 4101 1475 4157 addubitat
1508 4102 1575 4158 de
1616 4100 2026 4171 comparatione

459 4209 759 4264 aquarum;
809 4201 931 4262 post
959 4192 1252 4248 secundam
1291 4207 1426 4246 vero
1464 4192 1684 4247 Domini
1716 4192 2027 4262 responsio-

459 4301 584 4341 nem
625 4285 917 4340 admittens
962 4297 1086 4350 qute
1128 4280 1197 4336 ab
1248 4282 1369 4351 ipso
1417 4284 1563 4338 dicta
1615 4282 1826 4338 fuerant
1852 4302 1864 4337 :
1893 4302 1913 4334 ι
1952 4284 2024 4338 Da

458 4374 590 4430 mihi
637 4375 801 4440 hanc,
864 4371 1077 4442 inquit,
1137 4388 1333 4443 aquam
1359 4374 1428 4429 ³¹.
1462 4393 1483 4429 ι
1550 4373 1820 4430 Fortassis
1878 4373 2023 4428 enim

461 4467 657 4535 dogma
678 4475 782 4528 est,
819 4464 1087 4520 neminem
1114 4467 1312 4520 donum
1342 4466 1582 4520 divinum
1602 4466 1854 4535 accipere
1881 4481 2023 4536 prm-

462 4567 548 4610 ter
577 4563 851 4624 petentem
892 4554 1042 4609 illud.
1066 4555 1423 4622 Quamobrem
1460 4554 1807 4611 Servatorem
1850 4555 2024 4623 ipsum

462 4646 627 4702 Pater
668 4645 783 4715 ipse
829 4656 1013 4715 petere
1052 4646 1305 4701 admonet
1338 4662 1439 4717 per
1482 4646 1771 4717 psalmum,
1811 4647 1886 4700 ttti
1924 4646 2025 4702 sibi

461 4736 713 4802 donetur,
755 4735 1203 4804 quemadmodum
1244 4737 1399 4790 docet
1441 4751 1541 4792 nos
1566 4738 1680 4805 ipse
1725 4737 1914 4801 Filius,
1941 4737 2026 4791 di-

462 4841 593 4882 cens
614 4826 660 4858 ⁸³
691 4846 705 4883 :
738 4844 757 4879 ι
793 4827 1051 4882 Dominus
1100 4824 1237 4881 dixit
1285 4827 1352 4880 ad
1394 4827 1713 4882 me:Filius
1761 4844 1914 4883 meus
1965 4845 2025 4884 es

464 4929 520 4974 tu
554 4937 568 4974 :
600 4918 808 4990 pustula
833 4935 863 4973 ιι
894 4932 998 4981 me.
1031 4926 1085 4973 et
1129 4917 1268 4973 dabo
1291 4916 1386 4972 tibi
1432 4926 1621 4987 gentes
1658 4918 2023 4973 hmreditatem

463 5017 632 5072 tuam,
662 5019 716 5065 et
746 5010 1140 5078 possessionem
1184 5017 1335 5063 tuam
1386 5009 1644 5065 terminos
1678 5019 1856 5063 terrae.
1889 5028 1908 5060 ι
1940 5010 2027 5065 Di—

462 5100 538 5155 cit
563 5100 723 5154 etiam
757 5100 1013 5156 Servatur
1039 5115 1054 5153 :
1098 5118 1117 5151 ι
1146 5098 1341 5165 Petite,
1374 5111 1428 5155 et
1452 5099 1670 5155 dabitur
1693 5102 1847 5155 vobis
1876 5115 2028 5155 :om-

463 5188 549 5244 nis
578 5189 720 5244 enim
748 5189 839 5258 qui
867 5193 1018 5258 petit,
1047 5187 1324 5260 accipit“.
1362 5207 1380 5242 ι
1406 5188 1575 5244 Paret
1594 5192 1807 5260 quidem
1840 5190 2029 5247 Sama-

464 5281 585 5337 ritis
618 5289 677 5335 ut
708 5290 856 5349 petat
902 5296 1098 5350 aquam
1134 5296 1163 5335 a
1206 5280 1359 5347 Jesu,
1391 5283 1572 5354 imago
1626 5283 1917 5345 exsistens.
1968 5293 2027 5338 ut

568 5418 617 5454 "
636 5416 794 5477 Joan.
820 5433 895 5484 IV,
917 5418 1005 5473 12.
1090 5419 1136 5451 ³⁸
1167 5420 1296 5477 ibid.
1342 5422 1430 5477 15.
1503 5421 1545 5453 ⁸⁸
1572 5421 1703 5477 ibid.
1732 5423 1819 5477 10.
1895 5423 1940 5455 ³⁸
1961 5421 2023 5476 Jo

2166 5438 2241 5489 tv,
2286 5426 2373 5481 15.

538 5537 653 5610 (79)
677 5539 793 5610 ῌἋν
838 5536 1175 5610 ἕδοξέησοι.
1228 5541 1319 5595 Sic
1366 5553 1511 5597 recte
1559 5543 1760 5597 habent
1814 5541 2030 5597 eodires

463 5608 797 5683 Barberinns
822 5618 885 5683 et
913 5608 1257 5683 Itpdleianus,
1293 5625 1574 5683 perperam
1605 5622 1788 5667 autem
1833 5612 2030 5682 legitur

466 5678 521 5734 in
552 5678 737 5746 Regio.
766 5676 1000 5742 ἀνέδειξε
1034 5694 1134 5731 σοι.

561 5748 651 5821 89)
690 5748 870 5821 podex
903 5746 1125 5821 Regni},
1155 5748 1312 5821 male,
1344 5750 1468 5821 περὶ
1496 5749 1710 5813 τούτου.

561 5816 652 5891 81)
690 5816 833 5872 Idem
861 5817 1028 5872 codex
1062 5816 1279 5887 Regius,
1320 5816 1523 5892 Κυρίου
1552 5820 1727 5894 ἡμῶν.

2128 3652 2373 3721 μαρείτιν
2397 3650 2426 3701 6
2468 3647 2694 3719 Ἰησοῦς,
2737 3649 2999 3721 πρότερον
3030 3649 3129 3719 μὲν
3159 3649 3329 3717 λέγων
3352 3667 3366 3679 ’
3399 3670 3420 3702 ι
3454 3651 3521 3704 EE
3561 3650 3696 3721 ᾕδεις

2124 3742 2225 3811 τὴν
2256 3739 2463 3811 δωρεὰν
2494 3739 2587 3793 τοῦ
2619 3738 2775 3806 Θεοῦ,
2809 3740 2905 3792 καὶ
2933 3740 3016 3803 τίς
3040 3740 3187 3792 ἐστιν
3211 3742 3239 3793 6
3270 3738 3441 3809 λέγων
3473 3759 3558 3795 σοι
3596 3743 3696 3805 Δός

2118 3847 2221 3899 μοι
2246 3829 2431 3893 πιεῖν,
2473 3830 2539 3883 σὺ
2592 3828 2658 3883 ἂν
2690 3828 2898 3900 ᾔτησας
2920 3829 3082 3881 αὐτὸν
3103 3868 3118 3893 ,
3153 3829 3247 3882 καὶ
3291 3828 3494 3883 ἔδωκεν
3525 3831 3591 3884 ἄν
3621 3846 3696 3882 σοι

2127 3920 2273 3991 ὕδωρ
2309 3918 2417 3983 ζῶν
2443 3936 2456 3949 ·
2499 3938 2518 3971 ι
2550 3920 2646 3972 καὶ
2684 3920 2800 3986 νῦν,
2829 3919 2907 3982 ὡς
2953 3920 3277 3990 προτρέπων
3313 3918 3484 3991 αὐτὴν
3524 3920 3617 3973 ἐπὶ
3642 3919 3696 3971 τὸ

2123 4011 2344 4082 αἰτῆσαι
2376 4010 2438 4063 τὸ
2463 4008 2570 4075 ζῶν
2601 4010 2745 4083 ὕδωρ
2768 4049 2784 4076 ,
2824 4010 2975 4079 λέγει
2999 4010 3070 4063 τὰ
3109 4010 3405 4081 ἐκκείμενα
3428 4027 3443 4041 ·
3472 4012 3573 4063 καὶ
3613 4011 3697 4063 ἐπὶ

2127 4103 2226 4173 μὲν
2254 4102 2331 4175 τῷ
2356 4102 2605 4175 προτέρῳ
2636 4102 2737 4156 οὐκ
2764 4097 2919 4155 εἶπεν
2943 4102 3096 4155 οὐδὲν
3126 4101 3273 4173 (82),
3290 4101 3408 4155 ἀλλ’
3439 4102 3700 4174 ὲπαπορεί

2126 4194 2254 4266 περὶ
2277 4193 2377 4264 τῆς
2404 4194 2740 4267 συγκρίσεως
2765 4192 2873 4246 τῶν
2898 4192 3107 4246 ὑδάτων
3135 4195 3167 4264 ἡ
3191 4194 3550 4266 Σαμαρείτιςο
3573 4194 3698 4264 μετὰ

2122 4286 2179 4341 δὲ
2205 4286 2304 4360 τὴν
2335 4286 2589 4359 δευτέραν
2613 4285 2903 4357 ἀπόκρισιν
2923 4284 3018 4339 τοῦ
3050 4284 3253 4355 Κυρίου
3283 4285 3698 4357 παραδεξαμένη

2123 4380 2194 4434 τὰ
2220 4378 2483 4451 εἰρημένα
2509 4378 2669 4448 φησί·
2705 4396 2725 4429 ι
2766 4376 2865 4440 Δός
2913 4394 3001 4447 μοι
3029 4375 3187 4429 τοῦτο
3211 4375 3272 4429 τὸ
3300 4375 3464 4448 ὕδωρ.
3506 4396 3527 4431 ι
3558 4377 3698 4445 Τάχα

2125 4471 2235 4543 γὰρ
2257 4471 2433 4542 δόγμα
2456 4470 2510 4524 τί
2551 4471 2698 4534 ἐστι,
2739 4468 2941 4539 μηδένα
2987 4466 3283 4539 λαμϐάνειν
3315 4467 3465 4521 θείαν
3497 4468 3697 4539 δωρεὰν

2126 4563 2233 4617 τῶν
2260 4563 2334 4635 μὴ
2359 4561 2651 4616 αἰτούντων
2675 4562 2864 4633 αὐτήν.
2892 4562 3002 4616 Καὶ
3022 4561 3183 4614 αὐτὸν
3205 4559 3337 4630 γοῦν
3357 4561 3450 4615 τὸν
3478 4562 3698 4631 Σωτῆρα

2124 4655 2213 4710 διὰ
2235 4654 2331 4708 τοῦ
2357 4654 2572 4726 ψαλμοῦ
2604 4652 2899 4726 προτρέπει
2928 4654 3099 4708 αἰτεῖν
3125 4654 3154 4707 6
3183 4652 3373 4723 Πατὴρ
3391 4692 3405 4717 ,
3433 4653 3523 4705 ἴνα
3558 4650 3697 4721 αὐτῷ

2124 4746 2435 4819 δωρήσηται
2457 4764 2471 4777 ο
2498 4747 2574 4810 ὡς
2602 4746 2763 4810 αὐτὸς
2798 4745 2907 4818 (85)
2933 4747 3079 4817 ἡμᾶς
3122 4745 3361 4799 διδάσκει
3402 4747 3431 4799 6
3457 4745 3589 4810 Υἰδς
3621 4745 3698 4797 λέ·-

2052 4874 2096 4931 c
2126 4855 2238 4908 γων
2261 4856 2274 4869 ·
2310 4858 2328 4890 ι
2363 4840 2567 4910 Κύριος
2582 4834 2728 4931 “sine
2762 4840 2901 4910 πρὸς
2943 4839 3010 4910 μέ
3034 4856 3048 4869 ο
3078 4838 3205 4931 Υἱός
3236 4854 3338 4908 μου
3387 4833 3439 4891 εί
3469 4838 3535 4891 σύ
3561 4855 3576 4869 ο
3618 4836 3696 4890 αἵ-

2132 4946 2292 5001 τησαι
2320 4931 2451 5003 παρ’
2472 4929 2628 5001 ἐμοῦ,
2659 4930 2750 4983 καὶ
2774 4930 2929 4984 δώσω
2960 4947 3042 4984 σοι
3070 4929 3194 5000 ἔθνη
3222 4930 3319 4999 τὴν
3344 4928 3699 5001 κληρονομίαν

2135 5039 2227 5075 σου
2247 5060 2263 5083 .
2296 5023 2389 5075 καὶ
2423 5021 2520 5093 τὴν
2548 5021 2878 5092 κατάσχεσιν
2910 5037 3003 5073 σου
3035 5020 3105 5072 τὰ
3138 5019 3351 5090 πέρατα
3378 5020 3479 5091 τῆς
3521 5021 3641 5092 γῆς.
3676 5038 3692 5069 ι

2133 5114 2243 5168 Καὶ
2267 5116 2294 5167 6
2320 5114 2509 5186 Σωτήρ
2538 5130 2701 5185 φησιν
2725 5129 2738 5144 ⁸
2778 5131 2797 5164 ι
2833 5114 3064 5177 Αἰτεῖτε,
3098 5112 3191 5166 καὶ
3219 5110 3505 5183 δοθήσεται
3541 5112 3663 5182 ὑμῖν
3682 5126 3694 5139 ⁸

2133 5205 2248 5267 Πᾶς
2275 5203 2384 5274 γὰρ
2422 5206 2451 5258 6
2494 5203 2659 5257 αἰτῶν
2705 5202 2989 5274 λαμϐάνει.
3029 5222 3051 5255 ι
3095 5202 3347 5257 Πείθεται
3378 5202 3629 5275 μέντοιγε
3664 5205 3695 5271 ἡ

2134 5293 2461 5363 Σαμαρεῖτις
2496 5291 2716 5362 αἰτῆσαι
2755 5290 2845 5345 τὸν
2900 5288 3109 5363 Ἰησοῦν
3157 5290 3337 5362 ὕδωρ,
3381 5290 3583 5356 εἰκὼν,
3626 5290 3698 5353 ὡς

2448 5426 2494 5458 ³³
2517 5425 2659 5482 Psal.
2690 5441 2752 5492 ll,
2778 5424 2834 5491 7,
2859 5424 2914 5480 8.
2990 5424 3038 5457 ”
3071 5423 3263 5479 Matth.
3294 5438 3395 5490 ut,
3418 5425 3473 5489 7,
3506 5424 3563 5481 8.

2210 5544 2327 5627 £82.).
2360 5544 2568 5627 ρὺδέν.
2594 5544 2755 5599 Deest
2782 5544 2834 5598 in
2860 5542 3049 5599 codice
3071 5541 3369 5614 Regio,scd
3398 5541 3698 5598 restituitur

2137 5631 2167 5671 e
2199 5615 2513 5672 Bodleiano.

2155 5754 2167 5771 ι
2209 5685 2321 5768 (δᾷ)
2372 5685 2470 5751 Ὠς
2512 5684 2714 5750 αὐτός.
2751 5680 2844 5739 Sic
2872 5680 3042 5739 codex
3092 5680 3451 5749 Bodleianus;
3484 5680 3695 5752 Regius,

2138 5770 2419 5818 ωσαυτως.
