3806 6532
148 403 231 457 λοι
1188 398 1547 454 COMMENT.
1589 397 1655 455 IN
1691 399 1885 457 .IOAN.
1927 398 2162 456 TOMUS
2200 398 2309 455 XIII
2356 470 2359 473 Α

1884 383 1910 391 ο

3277 400 3387 459 402

141 517 493 591 προείπομεν,
542 520 883 590 τυγχάνουσα
948 517 1174 589 γνώμης
1234 517 1701 588 ἑτεροδοξούντων,

1814 520 2184 588 praediximus,
2214 532 2403 574 eorum
2433 518 2524 585 qni
2562 518 2633 572 ab
2659 516 2916 574 Ecclesiae
2951 518 3185 578 decretis
3220 524 3384 580 dissi-

141 612 256 683 περὶ
298 612 397 674 τὰς
438 610 590 675 θείας
637 610 1050 682 ἀσχολουμένων
1094 609 1345 680 Γραφάς,
1384 610 1474 663 ὅτε
1517 610 1705 665 ἀκούει

138 703 257 773 περὶ
290 703 387 772 τῆς
430 702 773 774 συγκρίσεως
818 700 1146 773 ἀμφοτέρων
1180 700 1290 754 τῶν
1335 700 1563 759 ὑδάτων.
1596 703 1707 756 Καὶ

135 791 229 861 ὅρα
253 790 312 857 ἐξ
341 785 417 845 ὧν
440 791 749 856 ἐπεπόνθει,
777 791 892 857 πῶς
925 792 1158 845 πίνουσα
1194 792 1260 844 ὲκ
1285 790 1379 844 τοῦ
1412 792 1704 863 νομιζομέ-

136 900 220 937 νου
252 884 387 953 αὐτῇ
425 882 634 952 βαθέως
658 879 796 938 εἶναι
824 884 1078 956 φρέατος,
1105 886 1207 938 οὐκ
1237 883 1538 939 ἀνεπαύετο
1571 885 1704 958 (84),

137 974 247 1027 οὐδὲ
278 973 378 1043 τῆς
403 974 563 1045 δίψης
591 974 982 1046 ἀπηλλάττετο.

198 1064 250 1118 9..
281 1065 508 1136 Ἴδωμεν
537 1060 631 1121 οὖν
655 1066 709 1119 τί
738 1067 1061 1137 σημαίνεται
1089 1068 1153 1121 ὲκ
1181 1066 1276 1122 τοῦ
1301 1084 1315 1099 ’
1353 1087 1372 1120 t
1400 1068 1517 1134 Πᾶς
1558 1072 1587 1125 δ
1613 1070 1705 1124 πί-

136 1174 233 1210 νων
269 1158 337 1209 ὲκ
374 1156 470 1210 τοῦ
510 1155 701 1221 ὓδατος
732 1158 921 1211 τούτου
950 1158 1163 1229 διψήσει
1204 1160 1385 1215 πάλιν.
1419 1180 1437 1213 ι
1471 1163 1626 1217 Ἔστι
1650 1162 1706 1217 δὲ

136 1253 194 1306 ὲκ
228 1253 326 1324 τῆς
353 1251 545 1321 διψῆν
593 1255 776 1326 φωνῆς
800 1294 816 1319 ,
852 1255 945 1309 καὶ
974 1258 1041 1311 ἐκ
1065 1257 1165 1328 τῆς
1214 1254 1453 1324 πεινῆν,
1480 1257 1622 1311 κατά
1645 1257 1706 1310 τὸ

137 1346 438 1415 σωματικὸν
457 1386 475 1410 ,
503 1345 598 1399 δύο
625 1347 1017 1419 σημαινόμενα,
1051 1348 1109 1402 ἓν
1140 1348 1238 1419 μὲν
1277 1349 1397 1402 καθ’
1426 1349 1455 1402 δ
1476 1348 1706 1420 δεόμεθα

135 1438 346 1508 τροφῆς,
378 1438 727 1504 κενωθέντες.
757 1442 852 1494 καὶ
880 1441 1196 1512 ὀρεγόμενοι
1238 1443 1408 1514 αὐτῆς
1429 1484 1444 1507 ,
1479 1441 1585 1496 ὑπὸ
1610 1442 1704 1497 τοῦ

135 1528 292 1601 ὑγροῦ
325 1532 460 1601 ἡμῖν
504 1531 850 1595 ἐπιλιπόντος
872 1530 984 1602 (85)
1009 1548 1022 1561 ’
1056 1531 1241 1602 ἕτερον
1274 1532 1330 1586 δὲ
1358 1532 1479 1587 καθ’
1523 1532 1552 1586 δ
1577 1532 1704 1586 πολ·

133 1619 275 1683 λὰκις
319 1624 368 1675 οἱ
401 1623 656 1693 πένητες,
699 1622 794 1677 καὶ
839 1627 897 1677 ὲν
922 1624 1128 1695 ἀπορίᾳ
1166 1624 1318 1688 ὄντες
1338 1663 1352 1685 ,
1377 1624 1484 1679 τῶν
1513 1625 1705 1694 ἐπιτη-

132 1712 275 1765 δείων
319 1714 457 1782 φασὶ
502 1715 887 1786 κεκορεσμένοι
926 1715 988 1769 τὸ
1029 1718 1255 1787 πεινῆν,
1299 1716 1333 1786 ἢ
1375 1713 1553 1786 διψῆν.
1598 1714 1708 1767 Καὶ

136 1804 422 1875 μαρτύριόν
458 1824 523 1875 γε
562 1806 658 1860 τοῦ
706 1808 803 1878 μὲν
848 1808 1065 1878 πρώτου
1114 1808 1171 1860 ὲν
1208 1810 1274 1880 τῇ
1324 1806 1520 1877 Ἐξόδῳ
1543 1849 1557 1873 ,
1595 1807 1705 1874 ἅτε,

1808 612 2021 675 dentes,
2049 621 2175 666 sunt
2201 609 2255 665 in
2290 608 2488 663 divinis
2512 608 2815 677 Scriptnris
2831 613 3138 678 exercitati,
3168 620 3387 685 quando

1808 704 1958 758 audit
2005 703 2072 757 de
2121 703 2530 771 comparatione
2585 710 2941 772 utrarumque
2997 718 3281 774 aquarum.
3321 709 3387 763 Et

1808 797 1931 851 vide
1971 811 2042 851 ex
2089 795 2174 850 bis
2204 807 2325 865 quae
2366 807 2524 863 passa
2566 793 2765 860 fuerat,
2794 796 3066 865 quomodo
3102 796 3292 853 bibens
3318 813 3385 854 ex

1808 898 1990 959 puteo.
2041 903 2205 957 quem
2279 887 2398 957 ipsa
2446 886 2794 942 existimabat
2862 886 3227 957 profundum,
3266 903 3367 945 nec

1809 978 2205 1034 relocillaretur
2241 992 2345 1034 nec
2368 992 2398 1032 a
2424 978 2517 1034 siti
2547 977 2894 1034 liberaretur.

1874 1070 1929 1125 2.
1969 1070 2209 1125 Proinde
2244 1069 2532 1125 videamus
2571 1069 2701 1139 quid
2735 1084 2805 1124 ex
2847 1070 2958 1126 illis
3002 1071 3186 1127 verbis
3213 1072 3387 1141 signi-

1810 1162 2025 1226 licetur,
2064 1177 2084 1211 t
2133 1160 2312 1215 omnis
2366 1158 2459 1228 qui
2503 1157 2705 1213 biberit
2749 1174 2816 1213 ex
2870 1158 2973 1214 bac
3030 1173 3190 1229 aqua,
3240 1160 3387 1214 sitiet

1810 1252 2006 1307 iterum
2024 1251 2093 1307 ³⁸.
2128 1270 2147 1303 i
2180 1249 2351 1306 Porro
2395 1250 2545 1305 vocis
2586 1249 2806 1305 sitiendi
2834 1259 2890 1305 et
2934 1251 3084 1305 vocis
3111 1251 3384 1306 esurientli

1808 1345 1986 1417 quoad
2010 1359 2236 1401 sensum
2270 1343 2530 1399 humilem
2559 1352 2615 1398 et
2644 1342 2987 1412 corporalem
3028 1344 3241 1409 attinet,
3266 1345 3387 1398 duae

1808 1444 1934 1491 sunt
1962 1434 2397 1506 signiﬁcationes
2427 1455 2440 1489 :
2476 1434 2651 1489 altera
2669 1448 2790 1488 cum
2807 1433 2965 1489 vacui
3015 1434 3136 1489 cibo
3162 1449 3382 1504 egemus

1809 1528 1924 1591 illo,
1956 1526 2100 1596 quod
2125 1525 2455 1596 appetimus,
2489 1524 2711 1580 humido
2752 1524 3028 1585 destituti:
3058 1525 3230 1581 altera
3260 1541 3382 1581 cum

1808 1632 1951 1689 saepe
2007 1631 2301 1686 pauperes,
2341 1624 2398 1671 et
2438 1614 2533 1684 qui
2561 1625 2692 1670 sunt
2720 1615 2774 1669 in
2804 1625 3045 1685 egestate
3070 1632 3252 1673 rerum
3286 1633 3385 1673 ne-

1809 1707 2171 1763 cessariarum
2204 1704 2420 1769 dicunt,
2455 1702 2671 1758 etiamsi
2706 1702 2891 1757 satiati
2925 1701 3147 1770 fuerint,
3179 1718 3239 1760 se
3261 1720 3384 1760 esu-

1811 1801 1921 1856 rire
1947 1800 2034 1855 vel
2087 1799 2265 1855 sitire.
2299 1796 2497 1852 Prima
2528 1795 2752 1865 quidem
2804 1796 3173 1852 testimonium
3214 1796 3384 1858 babes

134 1870 452 1965 ἀπορούντες
471 1870 752 1967 τροφῶν-ι
786 1899 852 1968 τῇ
877 1870 1332 1971 ἐννεακαιδεκάτῃ
1358 1870 1553 1969 ἡμέρα
1570 1870 1701 1968 (86),

1814 1892 1867 1946 in
1911 1891 2098 1947 Exodo
2118 1891 2187 1959 ³⁸,
2213 1889 2435 1960 quando
2484 1896 2706 1957 egentes
2748 1886 2886 1942 cibis
2941 1888 3195 1944 «decima
3240 1902 3384 1944 nona

132 1982 200 2052 τῷ
228 1985 357 2055 μηνὶ
385 1984 466 2056 τῷ
491 1986 727 2058 δευτέρῳ
760 1986 1156 2057 ἐξεληλυθότων
1185 1987 1363 2042 αὐτῶν
1390 1990 1454 2041 ὲκ
1486 1988 1590 2060 γῆς
1615 1989 1709 2042 Δί-

132 2073 354 2143 γύπτου,
408 2076 702 2146 διεγόγγυξ
708 2096 735 2130 ε
776 2081 924 2132 πᾶσα
965 2081 1256 2151 συναγωγὴ
1309 2078 1442 2133 υἱῶν
1496 2078 1709 2151 Ἰσραὴλ

134 2168 213 2218 ἐπὶ
243 2167 486 2238 Μωῡσῆν
512 2169 606 2221 καὶ
654 2168 864 2240 Ἀαρὼν
887 2210 902 2234 ,
933 2170 1028 2224 καὶ
1058 2164 1216 2225 εἶπαν
1251 2171 1388 2244 πρὸς
1428 2173 1628 2236 αὐτοὺς
1655 2174 1705 2226 οί

132 2260 225 2311 υἱοὶ
272 2260 531 2333 Ἰσραήλ·
591 2262 819 2331 Ὄφελον
864 2263 1211 2336 ἀπεθάνομεν
1259 2266 1565 2336 πληγέντες.
1603 2267 1707 2320 ὑπὸ

131 2351 321 2421 Κυρίου
351 2354 412 2406 ὲν
444 2355 509 2423 γῇ
536 2353 816 2425 Αίγύπτῳ,
848 2356 976 2410 ὅταν
1004 2356 1338 2429 ὲκαθίσαμεν
1365 2359 1456 2411 ἐπὶ
1481 2358 1590 2412 τῶν
1622 2358 1707 2412 λε-

130 2444 295 2513 ϐήτων
316 2444 431 2498 τῶν
462 2447 641 2518 κρεῶν
659 2486 674 2511 ,
706 2448 801 2501 καὶ
830 2448 1093 2520 ἡσθίομεν
1124 2451 1323 2521 ἄρτους
1347 2452 1428 2515 είς
1460 2451 1706 2524 πλησμο-

129 2536 213 2604 νήν
230 2551 242 2564 ο
269 2537 348 2590 ὅτι
373 2536 674 2609 ὲξηγάγετε
701 2541 849 2611 ἡμᾶς
868 2542 947 2605 είς
972 2541 1071 2612 τὴν
1098 2541 1303 2613 ἔρημον
1321 2542 1547 2615 ταύτην,
1577 2546 1707 2600 ἀπο-

131 2628 317 2681 κτεῖναι
343 2628 461 2697 (87)
494 2632 676 2686 πᾶσαν
718 2633 818 2703 τὴν
853 2636 1175 2707 συναγωγὴν
1207 2636 1412 2708 ταύτην
1442 2639 1500 2690 ὲν
1536 2638 1701 2709 λιμῷ.

130 2711 250 2769 Εἷπε
292 2718 349 2771 δὲ
377 2719 583 2791 Κύριος
617 2722 753 2793 πρὸς
802 2724 1074 2795 ΜωῦσῆΨ
1112 2724 1241 2779 Ἰδοὺ
1289 2725 1401 2795 ἐγὼ
1454 2725 1535 2781 bin
1567 2728 1695 2799 ὑμῖν

128 2809 310 2878 ἀρτους
333 2812 404 2864 ἐκ
444 2805 538 2865 τοῦ
570 2813 802 2883 ούρανοῦ
822 2855 836 2880 ,
863 2815 958 2869 καὶ
988 2815 1325 2883 ἐξελεύσεται
1356 2819 1387 2872 ὁ
1413 2818 1541 2883 λαὸς
1559 2859 1575 2883 ,
1610 2821 1704 2874 καὶ

132 2900 430 2966 συλλέξουσι
459 2903 639 2977 τὸτῆς
661 2906 875 2979 ἡμέρας
903 2909 983 2970 είς
1015 2908 1250 2982 ἡμέραν,
1285 2910 1434 2974 ὅπως
1459 2912 1703 2983 πειράσω

129 2992 310 3056 αὐτοὺς
335 2996 388 3048 εί
423 2995 787 3066 πορεύσονται
810 2998 888 3069 τῷ
917 2998 1066 3070 νόμῳ
1091 3016 1215 3070 μου,
1240 3000 1272 3072 ἢ
1299 2999 1381 3056 οὕ.
1414 3020 1435 3055 ι
1467 3001 1701 3057 Πεινὼν-

129 3101 222 3139 των
245 3086 355 3159 γάρ
382 3089 482 3141 καὶ
508 3088 855 3161 ἀπορούντων
886 3090 985 3161 τῆς
1016 3091 1317 3160 ἀναγκαίας
1346 3093 1552 3164 τροφῆς
1579 3094 1701 3148 ὅσον

128 3180 429 3251 γογγυσμὸν
467 3171 684 3235 ἐποίουν
721 3184 771 3236 oi
805 3182 952 3251 λόγοι
989 3182 1098 3255 (88)
1122 3199 1135 3214 ”
1187 3184 1323 3238 ἀλλά
1374 3184 1468 3238 καὶ
1513 3183 1700 3249 ὓδατος
1728 3208 1771 3265 C

128 3268 449 3340 ἀποροῦντες
473 3272 567 3325 καὶ
585 3271 846 3342 διψῶντες
865 3272 1209 3343 διεγόγγυζον
1236 3274 1378 3328 κατά
1398 3274 1696 3339 Μωῦσέωςο

134 3380 149 3409 t
179 3362 239 3415 Τί
270 3363 514 3435 πώμεοα
546 3380 561 3429 ;
606 3383 626 3417 s
656 3366 745 3419 ὅτε
777 3385 796 3417 ι
828 3365 1021 3437 ὲδόησε
1045 3366 1285 3438 Μωῦσῆς
1322 3365 1459 3439 πρὸς
1480 3365 1703 3439 Κύριον,

130 3453 211 3505 καὶ
238 3453 441 3520 ἔδειξεν
486 3456 638 3527 αὐτῷ
666 3457 869 3530 Κύριος
887 3457 1062 3524 ξύλον,
1077 3458 1172 3512 καὶ
1191 3456 1442 3512 ἐνέϐαλεν
1464 3458 1599 3515 αὐτὸ
1628 3460 1707 3523 είς

127 3542 180 3596 τὸ
202 3543 340 3617 ὕδωρ
361 3586 377 3608 ,
431 3548 530 3601 καὶ
584 3547 888 3621 ὲγλυκάνθη
926 3550 989 3603 τὸ
1013 3548 1180 3621 ὕδωρ.
1222 3568 1242 3601 ι
1268 3549 1379 3603 Kal.
1410 3550 1526 3620 μετ’
1550 3549 1705 3619 ὀλίγα

132 3635 272 3702 ἡνίκα
300 3632 469 3709 ἦλθεν
498 3641 578 3703 είς
622 3640 894 3710 Ῥαφιδεὶν
914 3680 930 3705 ,
956 3642 1300 3714 γέγραπται,
1334 3642 1417 3695 ὅτι
1449 3641 1703 3713 ἐδίψησεν

129 3727 153 3777 ὁ
191 3726 311 3791 λαὸς
353 3731 475 3783 ἐκεῖ
513 3730 667 3784 ὕδατι
692 3772 708 3798 ,
742 3733 837 3787 καὶ
877 3731 1178 3801 ὲγόγγυζεν
1222 3733 1252 3785 δ
1292 3732 1421 3797 λαὸς
1454 3734 1572 3786 ἐκεῖ
1606 3730 1699 3787 ὲπὶ

130 3817 370 3890 Μωῦσῆν.
402 3820 558 3885 Δόξει
601 3820 659 3874 δὲ
686 3820 783 3875 τοῦ
819 3822 1074 3893 δευτέρου
1124 3822 1235 3877 τῶν
1281 3822 1698 3895 σημαινομένων

130 3904 252 3962 εἶναι
280 3911 437 3983 παρά
464 3911 544 3984 τῷ
569 3913 765 3985 Παύλῳ
802 3913 1151 3985 παράδειγμα
1194 3913 1435 3983 λέγοντι·
1475 3933 1493 3965 t
1536 3914 1700 3984 ’Δχρι

129 4000 216 4070 τῆς
241 4002 366 4073 ἄρτι
388 4002 544 4074 ῶρας
581 4005 678 4057 καὶ
717 4003 995 4075 πεινῶμεν
1018 4043 1033 4067 ,
1068 4005 1162 4059 καὶ
1192 4004 1459 4075 διψῶμεν,
1482 4003 1576 4056 καὶ⁵
1604 4019 1701 4071 γυ-

133 4093 475 4163 μνητεύομεν.
511 4112 531 4144 i
564 4093 638 4147 Τὸ
665 4094 762 4166 μὲν
801 4090 894 4149 οὖν
938 4094 1155 4167 πρῶτον
1188 4097 1379 4167 πεινῇν
1419 4094 1514 4148 καὶ
1540 4092 1700 4164 διψῇν

130 4182 428 4251 ἀναγκαίως
448 4183 658 4252 γίνεται
679 4188 791 4249 τοῖς
811 4187 1109 4255 ὑγιαίνουσι
1136 4185 1380 4257 σώμασι·
1405 4186 1467 4240 τὸ
1491 4185 1548 4240 δὲ
1575 4184 1695 4239 δεύ-

130 4288 267 4344 τερον
300 4279 417 4340 τοῖς
459 4276 786 4348 πενομένοις
833 4277 1142 4348 συμϐαίνει.
1178 4277 1447 4350 Ζητητέον
1471 4272 1565 4331 οὖν
1603 4274 1699 4331 καὶ⁹

1810 1986 1917 2053 die,
1950 1998 2141 2039 mense
2178 1981 2455 2046 secundo,
2482 1996 2604 2038 cum
2653 1984 2857 2051 egressi
2894 1979 3179 2040 fuissents
3208 1979 3383 2038 Judaei

1816 2098 1834 2129 ι
1856 2094 1888 2134 e
1923 2088 2065 2132 terra
2116 2074 2361 2146 Egypti,
2387 2077 2751 2132 murmuravit
2798 2075 3052 2131 universa
3086 2088 3383 2153 congrega—

1812 2170 1886 2226 tio
1934 2169 2164 2225 ﬁliorum
2217 2167 2384 2225 Israel
2418 2168 2679 2224 adversus
2724 2166 2944 2240 Moysen
2996 2176 3053 2224 et
3099 2167 3301 2233 Aaron,
3329 2176 3383 2222 et

1805 2259 2063 2315 dixerunt
2119 2258 2187 2313 ad
2237 2258 2381 2328 ipsos
2446 2258 2543 2314 ﬁlii
2592 2258 2758 2314 Israel
2812 2277 2825 2315 :
2877 2258 3095 2315 Utinam
3126 2258 3383 2330 periisse-

1810 2366 1932 2405 mus
1967 2351 2208 2420 percussi
2252 2367 2283 2405 .1
2311 2349 2541 2408 Domino
2589 2352 2644 2406 in
2697 2361 2844 2409 terra
2894 2351 3138 2424 Ᾱείεςριί,
3160 2352 3381 2422 quando

1809 2441 2136 2497 sedebamus
2166 2457 2331 2512 super
2357 2442 2563 2498 lebetes
2611 2444 2881 2512 carnium,
2914 2454 2972 2499 et
3022 2445 3240 2514 quando
3289 2459 3385 2499 co~

1809 2532 2159 2590 medebamus
2213 2549 2380 2604 panes
2423 2536 2490 2588 ad
2537 2536 2908 2603 saturitatem;
2938 2536 3194 2606 quoniam
3250 2536 3384 2591 stlti-

1808 2627 1966 2683 xistis
2006 2643 2107 2683 nos
2137 2628 2205 2682 ad
2240 2628 2379 2684 hanc
2409 2629 2783 2696 solitudinem,
2828 2629 2896 2684 ad
2943 2629 3378 2691 interﬁciendum

1807 2718 1953 2773 fame
1997 2728 2251 2775 cunctam
2301 2720 2774 2791 congregationem
2824 2720 2989 2776 hanc.
3017 2721 3166 2799 Dixit
3197 2731 3378 2778 autem

1807 2809 2070 2866 Dominus
2097 2811 2163 2866 ad
2192 2809 2412 2882 Moysen
2446 2811 2622 2867 :Ecce
2660 2826 2763 2882 ego
2802 2812 2927 2881 pluo
2955 2813 3110 2868 vobis
3155 2827 3321 2881 panes
3349 2830 3382 2866 ο

1806 2901 1966 2966 οωιο,
2011 2910 2068 2957 et
2103 2901 2415 2972 egredietur
2453 2902 2710 2972 populus,
2750 2914 2807 2957 et
2853 2904 3110 2974 colligcnt
3153 2903 3381 2975 singulis

1805 2993 2019 3059 diebus,
2048 3002 2108 3050 ut
2138 3003 2339 3049 tentem
2376 3008 2444 3050 an
2471 2994 2799 3050 ambulaturl
2842 2996 2952 3052 sint
2987 2996 3039 3051 in
3073 2996 3191 3067 lege
3234 3012 3381 3067 mes,

1805 3099 1906 3140 nec
1946 3098 2034 3140 ne.
2062 3102 2082 3138 ι
2130 3082 2511 3140 Esurientibus
2544 3084 2690 3140 enim
2718 3094 2774 3140 et
2801 3087 3091 3157 egentibus
3120 3103 3374 3146 necessa-

1804 3176 1889 3231 rio
1918 3175 2063 3240 cibo,
2095 3188 2347 3246 magnam
2390 3176 2876 3234 murmurationem
2918 3178 3189 3235 faciebant
3226 3181 3374 3251 ipso-

1808 3283 1927 3322 rum
1964 3282 2279 3335 sermones;
2310 3270 2445 3339 quin
2474 3270 2639 3328 etiam
2682 3286 2819 3341 aqua
2858 3270 3023 3344 2M.
3044 3283 3288 3341 egentes,
3323 3281 3380 3327 ct

1806 3358 2057 3415 sitientes
2117 3359 2536 3418 murmurabant
2577 3362 2845 3418 adversus
2897 3362 3139 3435 Moysen,
3193 3364 3380 3420 dicen-

1805 3457 1887 3507 tes
1918 3451 2003 3505 ":
2038 3451 2218 3520 «Quid
2259 3452 2555 3511 bibemus?
2588 3472 2607 3507 ι
2642 3455 2865 3525 quando
2899 3475 2919 3510 ι
2946 3456 3379 3530 clamavitlloy-

1803 3555 1892 3596 ses
1925 3542 1991 3595 ad
2027 3542 2338 3609 Dominum,
2366 3552 2425 3601 et
2453 3544 2713 3601 Dominus
2754 3547 2996 3603 ostendit
3037 3547 3113 3602 illi
3150 3547 3379 3620 lignum.

1802 3640 1857 3685 et
1875 3630 2105 3700 proiecit
2128 3631 2260 3688 illud
2292 3632 2347 3687 in
2373 3647 2595 3703 aquam,
2620 3641 2675 3689 et
2692 3633 2871 3690 dulcis
2896 3634 3037 3689 facta
3066 3645 3150 3691 est
3177 3650 3371 3707 aqua»

1806 3720 1875 3775 Et
1913 3721 2075 3793 paulo
2107 3730 2251 3793 post,
2288 3738 2414 3779 cum
2465 3725 2747 3780 venissent
2784 3726 2838 3779 in
2887 3724 3205 3797 Raphidim,
3236 3729 3377 3785 scri~

1804 3823 1954 3885 ptum
1981 3824 2064 3871 est
2094 3814 2355 3886 populum
2381 3816 2567 3872 sitisse
2600 3817 2712 3874 illic
2744 3828 2970 3890 propter
2991 3835 3209 3888 aquam,
3238 3821 3379 3875 illir-

1804 3919 1912 3974 qne
1965 3919 2337 3961 murmurasse
2392 3906 2649 3975 populum
2723 3907 2987 3964 adversus
3058 3896 3372 3978 Moysen”.

1805 3995 1976 4051 Porro
2005 3996 2259 4051 secundae
2282 3996 2702 4068 signiﬁcationis
2729 3996 3037 4066 exemplum
3061 3999 3202 4069 apud
3239 3998 3376 4054 Pan-

1807 4083 1917 4139 lutn
1937 4084 2181 4156 reperias
2199 4085 2467 4141 dicentem
2504 4103 2517 4141 :
2550 4103 2569 4138 t
2595 4084 2777 4155 Usque
2807 4085 2874 4140 ad
2912 4086 3102 4141 horam
3133 4101 3379 4158 prasen-

1802 4186 1931 4245 tem,
1959 4187 2017 4235 et
2052 4178 2347 4245 esurimus,
2384 4187 2441 4234 et
2480 4176 2719 4245 sitimus,
2766 4187 2822 4233 et
2868 4177 2999 4234 nudi
3042 4193 3229 4234 sumus
3254 4178 3321 4233 ⁸³.
3345 4197 3369 4231 i

1799 4269 1985 4326 Primo
2027 4269 2190 4325 modo
2217 4268 2373 4325 sitire
2407 4278 2464 4325 et
2494 4269 2706 4328 esurire
2756 4271 3064 4326 necessario
3109 4272 3379 4343 contingit.

131 4363 185 4415 ἐκ
207 4364 323 4417 τοῦ*
358 4386 377 4420 s
420 4369 585 4431 Πᾶςδ
623 4369 793 4422 πίνων
817 4370 881 4422 ὲκ
920 4369 1111 4423 τούτου
1138 4368 1233 4423 τοῦ
1270 4369 1461 4434 ὓδατος
1485 4368 1700 4441 διψήσει

1810 4361 1952 4417 sanis
1991 4360 2344 4429 corporibus;
2377 4360 2550 4416 altero
2573 4360 2734 4417 modo
2775 4361 2864 4415 his
2894 4360 2985 4430 qui
3015 4369 3145 4416 sunt
3174 4375 3373 4430 μορε*

132 4455 293 4524 πάλιν,
332 4479 352 4511 ι
389 4462 544 4514 ποῖον
563 4459 813 4531 διψήσει
847 4460 1084 4529 λέγεται.

1810 4467 1912 4509 res.
1953 4450 2124 4523 Igitur
2176 4452 2528 4520 quaerendum
2575 4452 2740 4507 etiam
2774 4462 2861 4508 est
2904 4466 2969 4506 ex
3019 4452 3105 4507 his
3152 4452 3371 4508 verbis:

1807 4544 2034 4605 «Omnis
2067 4544 2160 4614 qui
2192 4543 2393 4600 biberit
2446 4558 2515 4603 ex
2562 4558 2702 4614 aqua
2746 4544 2870 4612 hac,
2902 4544 3051 4601 sitiet
3098 4544 3314 4612 iterum,
3344 4562 3376 4599 s-

1792 4642 1941 4714 quali
1975 4640 2288 4712 signiﬁcatu
2310 4640 2632 4697 vocabulum
2657 4641 2798 4696 sitiet
2823 4642 3061 4698 dicatur.

189 4727 242 4782 3.
266 4730 493 4801 Πρῶτον
532 4732 610 4797 ὡς
650 4734 743 4787 ἐπὶ
776 4736 1089 4806 σωματικοῦ
1122 4737 1155 4808 ἢ
1208 4738 1301 4793 καὶ
1329 4739 1441 4810 (89)
1466 4739 1606 4810 τάχα
1628 4740 1691 4795 τὸ

1863 4739 1917 4793 5.
1958 4736 2139 4808 Atque
2162 4737 2216 4792 in
2240 4736 2430 4807 primis
2466 4738 2682 4807 quidem
2709 4738 2926 4794 etiamsi
2968 4737 3112 4807 quod
3144 4738 3212 4792 ad
3240 4751 3375 4792 sen-

130 4817 437 4893 δηλούμενόν
469 4826 654 4891 ἐστιν,
683 4826 766 4879 ὅτι
807 4826 912 4880 κᾶν
940 4829 1078 4900 πρὸς
1107 4829 1170 4882 τὸ
1216 4832 1388 4900 παρὸν
1431 4832 1688 4904 κορεσθῇ,

1810 4845 1913 4887 tum
1939 4829 2197 4884 humilem
2232 4838 2287 4883 et
2328 4828 2668 4899 corporalem
2698 4830 2913 4893 attinet,
2959 4838 3145 4899 aperte
3184 4827 3363 4882 decla-

130 4905 229 4957 ἀλλ’
249 4910 452 4975 εὐθέως
478 4912 935 4980 ύποϐιϐασθέντος
956 4917 1050 4971 τοῦ
1075 4919 1263 4984 ποτοῦ,
1283 4920 1344 4973 τὸ
1360 4921 1491 4974 αὐτὸ
1521 4921 1695 4987 πάθος

1810 4930 1966 4984 retur,
2000 4920 2145 4990 quod
2170 4921 2421 4988 quamvis
2450 4920 2680 4975 satietur
2702 4922 2771 4975 ad
2809 4932 3051 4989 praesens
3085 4919 3131 4974 is
3159 4918 3250 4988 qui
3279 4918 3364 4972 bi-

134 4997 358 5053 πείσεται
419 5003 449 5055 ὀ
512 4998 685 5070 πιὼν,
744 5005 989 5060 τουτέστι
1062 5008 1276 5079 διψήσει
1356 5009 1558 5076 πάλιν,
1613 5012 1694 5075 εἰς

1810 5011 1962 5073 berit,
1987 5023 2112 5063 mox
2153 5017 2358 5075 tamen,
2396 5010 2679 5065 subtracto
2703 5018 2859 5080 potu,
2887 5010 3131 5065 eamdem
3156 5010 3369 5079 passio-

132 5087 302 5156 ὁμοίαν
359 5092 503 5164 (90)
559 5092 639 5165 τῷ
684 5096 923 5169 ἀρχῆθεν
975 5099 1398 5165 ἀποκαταστάςο
1444 5102 1695 5175 ἐπιφέρει

1810 5116 1922 5158 nem
1950 5099 2023 5156 sit
2050 5114 2433 5170 perpessurus,
2464 5101 2566 5156 hoc
2591 5109 2674 5155 est
2720 5115 2934 5155 rursum
2977 5101 3247 5167 sititnrns,
3277 5102 3365 5157 siti

176 5225 215 5257 ³⁵
241 5223 400 5285 Joan.
438 5244 512 5295 tv,
545 5230 633 5285 l3.
708 5232 753 5265 “
772 5232 942 5288 Exod.
968 5249 1078 5299 xvt,
1105 5236 1127 5289 ί
1160 5251 1277 5307 seq.
1350 5237 1396 5268 ⁸⁷
1420 5236 1587 5292 Exod.
1605 5253 1696 5307 xv,
1730 5236 1825 5303 24,
1847 5235 1940 5291 25.
2015 5233 2060 5266 ⁸⁸
2082 5233 2252 5288 Exod.
2282 5247 2413 5296 xvn,
2450 5230 2564 5285 1-3.
2629 5229 2848 5288 "lCor.
2875 5247 2948 5300 IV,
2972 5232 3058 5288 ll.

136 5433 157 5447 ν
194 5366 297 5434 (84)
346 5369 721 5427 {Ai-exausta.
752 5372 827 5427 Ita
856 5374 1022 5428 codex
1065 5374 1421 5444 Bodleianus;
1459 5376 1685 5450 Regius,

134 5451 188 5487 αν
214 5439 461 5491 ἐπαύετο.

513 5510 527 5528 ⁸
568 5510 683 5577 pm”;
733 5511 880 5581 ἡμῖν
929 5511 1328 5583 ἐπιλιπόντος.
1379 5513 1472 5572 Sic
1517 5516 1685 5572 codex

194 5527 772 5633 Idleianusfrleuius.
825 5579 1017 5633 τούτου
1078 5584 1245 5633 ὐγοοῦ
1300 5586 1431 5633 ἡμῖν
1484 5586 1685 5633 ἐπιλεί-

134 5571 482 5711 manus;
538 5571 788 5651 Regius:
825 5579 1017 5635 τούτου
1078 5584 1245 5657 ὑγροῦ
1288 5571 1431 5657 ’ἡμῖν
1458 5571 1687 5640 ίὲπιλείέ

139 5781 155 5834 ι
194 5714 311 5835 (86).
350 5717 882 5789 ’ἐννεακαιδεκάτῃ
946 5722 1165 5804 θήμέρᾳ.
1222 5723 1391 5807 Exod.
1435 5740 1523 5780 xvt
1545 5767 1561 5791 ,
1613 5726 1682 5791 1;

141 5783 441 5860 _leiratcum
496 5789 798 5860 exemplar,
838 5801 897 5860 et
947 5802 1424 5860 Interpretattunes
1493 5812 1687 5852 omnes

141 5854 337 5926 habent,
365 5858 849 5932 πεντεκαιδεκάτῃ.
887 5854 1151 5917 ΙΙοετιιὶς.

1865 5376 1985 5449 (87),
2028 5373 2409 5431 Ἀποκτεῒναι.
2451 5372 2632 5429 Codex
2686 5371 3047 5442 Bodleianus,
3084 5377 3180 5432 καὶ
3225 5377 3363 5431 ἀπέ-

1792 5464 2030 5501 κτειναν.

1862 5517 1992 5588 (88)
2020 5517 2224 5588 ’Ὀσόν⁸
2257 5511 2604 5588 murmur
2652 5513 2901 5588 exoleve-
2944 5518 3000 5570 at
3042 5518 3243 5588 Mra.
3286 5517 3359 5588 Ita

1794 5582 2159 5642 hunc'locum
2211 5582 2273 5637 in
2317 5582 2504 5651 codice
2558 5582 2726 5651 Regio
2779 5584 3067 5648 vitiatum,
3122 5582 3362 5641 restituit

1794 5658 1962 5710 codex
1992 5654 2347 5721 Bodleianus.
2378 5650 2692 5719 Paulo‘post
2731 5668 2829 5721 pro
2864 5654 3007 5708 κατά
3052 5654 3356 5720 Μωῡσέως,

1793 5725 2003 5792 Regius
2034 5720 2366 5793 habetxa‘rdt
2396 5722 2626 5793 Μωυσῆ,
2648 5720 2828 5793 male.

1862 5791 1976 5862 (89)
2016 5795 2086 5847 Ἣ
2110 5792 2229 5857 και,
2255 5801 2359 5863 etc.
2395 5791 2751 5848 Scribendnm
2784 5794 2848 5849 Ei
2882 5792 3000 5859 καί,
3019 5804 3148 5863 τις..

2031 5863 2291 5931 Ὁμοίαν.
2322 5860 2465 5934 Lego
2474 5912 2492 5941 ν
2533 5863 2735 5931 ὁμοῖον.
