3806 6528
430 375 538 433 403

1880 375 2205 433 ORIGENIS

3582 379 3678 433 5M

428 509 593 566 quam
625 508 657 548 a
682 493 956 566 principio
978 495 1263 560 habuerat,
1316 486 1625 565 restitutus,
1650 497 2003 568 quamobrem

2120 494 2229 552 »ὗνο
2286 516 2303 549 ι
2334 498 2429 563 Ὃς
2478 495 2523 549 δ’
2562 495 2629 550 ἂν
2669 494 2766 568 πίῃ
2804 496 2871 549 ὲκ
2902 494 2996 549 τοῦ
3035 495 3228 558 ὓδατος
3264 485 3328 547 οῦ
3368 491 3484 562 ἐγὼ
3533 492 3678 546 δώσω

431 585 565 642 illud
595 587 759 642 etiam
800 586 1121 658 subiungit:
1158 605 1178 639 ‹
1202 580 1306 654 Qui
1337 596 1517 643 autem
1552 587 1754 644 biberit
1772 603 1838 644 ex
1867 602 2005 658 aqua

426 687 591 748 quam
628 693 729 750 ego
756 679 837 734 illi
878 679 1042 743 dabo,
1085 680 1177 734 fiet
1222 679 1276 734 in
1323 694 1391 735 eo
1416 679 1538 735 fons
1583 695 1735 752 aqua:
1765 680 2009 736 salientis

429 771 497 825 ad
516 770 685 826 vitam
702 781 962 827 aeternam
984 772 1139 839 “M;
1173 790 1191 824 ι
1223 786 1383 842 quem
1411 772 1614 829 fontem
1643 773 1696 827 in
1722 774 1899 843 seipse
1915 773 2007 844 qui

430 862 625 931 habet,
651 866 928 933 quomodo
963 866 1117 921 sitire
1145 866 1388 937 poterit?
1413 864 1694 938 Prmeipue
1727 875 1904 921 tamen
1942 880 2009 921 ac

379 989 392 1008 .
429 955 809 1024 principaliter
861 957 1057 1012 horum
1122 958 1414 1014 verborum
1466 957 1827 1029 intelligentia
1882 958 2008 1014 talis

428 1047 536 1103 erit
561 1068 574 1104 :
600 1047 701 1115 Qui
727 1050 1041 1121 participat,
1071 1049 1268 1119 inquit,
1300 1049 1730 1120 profunditatem
1755 1051 2009 1105 humanae

428 1138 735 1208 sapientiae,
765 1140 1171 1211 prudentesque
1196 1139 1460 1204 rationes,
1495 1140 1754 1210 receptis,
1803 1140 2009 1196 intelli-

429 1231 737 1300 gentiisque
788 1230 1214 1302 profundissime
1267 1229 1517 1296 haustis,
1559 1239 1617 1286 et
1654 1228 1860 1301 judicio
1908 1246 2007 1287 suo

429 1321 702 1386 inventis,
747 1331 929 1376 tamen
990 1335 1205 1375 rursum
1254 1323 1497 1376 secundo
1544 1322 1788 1392 cogitans
1827 1320 2007 1377 denuo

427 1412 699 1470 dubitabit
732 1413 799 1469 de
828 1414 912 1470 his
942 1414 994 1469 in
1032 1413 1232 1483 quibus
1254 1413 1621 1484 requieverat,
1652 1425 1815 1484 atque
1843 1414 2007 1470 etiam

358 1560 359 1563 η
428 1520 639 1570 rerum,
675 1518 797 1573 quae
844 1512 1184 1574 qumruutur,
1213 1503 1694 1573 apprehensionem
1740 1505 2006 1572 formans,

425 1607 742 1670 perceptam
791 1611 820 1650 a
861 1610 921 1652 se
959 1595 1390 1668 profunditatem
1432 1597 1611 1666 eloqui
1640 1612 1744 1651 non
1784 1598 2006 1668 poterit.

428 1692 613 1758 Quare
659 1689 872 1746 etiamsi
922 1698 1205 1759 correptus
1282 1688 1482 1759 aliquis
1537 1688 2008 1746 verisimilitudine

427 1797 618 1838 eorum
635 1795 756 1852 qua:
780 1780 1800 1847 dicuntur,Condescenderit,eamdem
1827 1792 2004 1838 tamen

427 1848 823 1928 dubitationem
861 1870 920 1925 in
975 1884 1036 1926 se
1077 1868 1432 1925 exsistentem
1497 1879 1688 1940 postea
1739 1871 2001 1941 inveniet,
2036 1848 2080 1904 Β

427 1981 591 2036 quam
615 1966 779 2021 etiam
806 1963 1040 2019 habebat
1061 1971 1357 2031 antequam
1384 1962 1476 2018 illa
1498 1963 1754 2023 disceret.
1782 1968 1854 2019 At
1879 1980 2006 2021 vero

425 2073 570 2124 mea,
607 2058 781 2128 inquit
816 2056 1090 2123 Christus,
1139 2055 1282 2111 ratio
1318 2061 1405 2112 est
1442 2067 1501 2112 ut
1543 2056 1667 2113 fons
1706 2058 1886 2114 vitalis
1914 2073 2007 2128 po-

424 2149 600 2207 tionis
628 2149 726 2205 liat
750 2149 805 2204 in
834 2163 900 2205 eo
928 2148 1019 2219 qui
1060 2149 1336 2219 receperit
1358 2164 1481 2220 quae
1509 2164 1539 2204 a
1569 2164 1656 2205 me
1681 2151 2009 2220 promittun-

424 2253 552 2311 tur;
583 2252 846 2313 tantaque
891 2239 1158 2299 beneficia
1202 2240 1257 2295 in
1308 2255 1374 2299 eo
1408 2242 1708 2300 collaturus
1747 2259 1889 2311 sum,
1913 2245 2005 2314 qui

427 2337 727 2407 sumpserit
754 2352 950 2408 aquam
992 2354 1190 2405 meam,
1221 2345 1280 2393 ut
1316 2336 1438 2393 fons
1489 2337 1800 2392 salientium
1839 2353 2009 2407 aqua-

425 2442 574 2494 rum,
602 2427 856 2484 inventor
903 2431 1174 2496 omnium,
1204 2444 1326 2499 qua:
1363 2437 1708 2499 quaeruntur,
1738 2429 2009 2484 scaturiat

423 2519 481 2575 in
530 2520 671 2591 ipso,
716 2521 1077 2593 intelligentia
1122 2523 1383 2589 saliente,
1429 2531 1486 2577 et
1520 2521 1774 2578 fortassis
1819 2531 2008 2577 trans-

423 2611 647 2670 volante
702 2625 1101 2684 consequenter
1141 2614 1269 2670 huic
1323 2629 1513 2685 aqua,
1564 2613 1724 2670 facile
1771 2615 2006 2669 mobili:

426 2706 546 2776 ipso
589 2714 713 2761 actu
767 2705 993 2763 saliendi
1036 2717 1093 2764 et
1140 2706 1520 2773 transiliendi,
1581 2704 1792 2763 ferente
1829 2707 2007 2776 ipsum

425 2798 479 2851 in
531 2796 800 2865 sublime,
856 2799 1114 2856 nimirum
1145 2801 1214 2856 ad
1246 2800 1412 2856 vitam
1471 2808 1757 2855 aeternam.
1810 2797 1879 2853 Ut
1913 2812 2011 2854 au-

422 2901 531 2945 tem
585 2887 639 2943 in
674 2886 902 2945 Cantico
955 2888 1291 2945 canticorum
1336 2887 1405 2943 de
1464 2885 1674 2958 Sponso
1712 2885 1874 2956 215
1901 2885 2013 2941 dis-

421 2993 611 3035 serens
668 2977 926 3035 Salomon
964 2995 979 3033 :
1016 2979 1245 3049 «,Eece,
1300 2978 1494 3049 inquit,
1560 2978 1660 3033 iste
1718 2978 1868 3033 venit
1919 2994 2011 3034 sa-

421 3072 559 3128 liens
586 3084 751 3142 super
794 3079 1026 3139 montes,
1063 3070 1367 3127 transiliens
1420 3070 1584 3126 colles
1607 3072 1702 3136 ",i
1746 3084 1867 3124 nam
1908 3071 2012 3127 hoc

2108 591 2287 662 αὐτῷ,
2337 591 2624 659 γενήσεται
2677 587 2828 660 πηγὴ
2878 589 2937 643 ὲν
2983 587 3134 658 αὑτῷ
3168 585 3363 649 ὓδατος
3394 584 3680 655 ἁλλομένου

2106 684 2187 745 είς
2220 680 2365 753 ζωὴν
2403 665 2619 734 αἰώνιον
2645 696 2659 709 ’
2704 698 2723 731 ι
2762 678 2848 742 τίς
2880 678 2965 740 δὲ,
3003 679 3061 732 ὲν
3093 676 3271 748 έαυτῷ
3305 676 3449 747 ἔχων
3489 675 3681 748 πηγὴν,

2107 774 2328 845 διψῆσαι
2360 768 2472 836 οἷός
2509 789 2568 826 τε
2606 771 2757 825 ἔσται
2795 788 2808 837 ;
2844 771 2905 824 τὸ
2953 760 3201 842 μέντοιγε
3258 769 3683 843 προηγουμένως

2105 865 2433 937 δηλούμενον
2481 863 2721 918 τοιοῦτον
2791 862 2857 917 ἂν
2909 863 2994 935 εἴη
3020 879 3033 893 ·
3098 864 3157 917 '0
3214 861 3681 934 μεταλαμϐάνων,

2108 958 2261 1029 φησὶ,
2299 956 2494 1029 βάθους
2520 955 2632 1028 (91)
2668 955 2872 1025 λόγων,
2912 954 3014 1010 κᾶν
3051 953 3188 1027 πρὸς
3218 955 3402 1024 ὀλίγον
3441 954 3681 1008 ἀναπαύ-

2110 1066 2306 1119 σηται,
2340 1048 2783 1121 παραδεξάμενος
2822 1048 2899 1113 ὡς
2946 1045 3222 1118 βαθύτατα
3261 1046 3332 1100 τὰ
3370 1044 3684 1119 ἀνιμὼμενα

2108 1141 2204 1197 καὶ
2226 1140 2574 1213 εὑρίσκεσθαι
2598 1140 2860 1195 δοκοῦντα
2883 1140 2953 1195 τά
2976 1141 3243 1213 νοήματα,
3267 1139 3409 1194 ἀλλά
3439 1155 3504 1209 γε
3534 1138 3685 1195 πάλιν

2107 1233 2355 1308 δεύτερον
2398 1235 2697 1306 ἐπιστήσας
2743 1234 3079 1305 ὲπαπορήσει
3120 1232 3249 1305 περὶ
3291 1232 3503 1286 τούτων
3549 1233 3686 1295 ὅσοις

2108 1325 2526 1382 ὲπανεπαὺσατο
2553 1325 2665 1399 (92)
2697 1366 2712 1382 .
2741 1366 2755 1381 .
2783 1366 2799 1382 .
2829 1366 2843 1380 .
2878 1325 3116 1398 ταρανὴν
3139 1327 3235 1379 καὶ
3279 1324 3541 1379 ἐκτυπῶν
3565 1326 3688 1396 περὶ

2107 1421 2217 1477 τῶν
2242 1420 2586 1493 ζητουμένων
2611 1418 2935 1490 κατάληψιν,
2968 1419 3030 1472 οὐ
3063 1416 3287 1472 δύναται
3311 1415 3377 1470 τδ
3401 1415 3689 1488 νομιζόμε-

2108 1532 2197 1569 νον
2222 1515 2312 1568 ὑπ’
2339 1512 2505 1568 αὑτοῦ
2533 1512 2695 1584 βάθος
2730 1512 3051 1584 παρασχεῖν.
3082 1510 3300 1579 Διόπερ,
3340 1508 3446 1563 κᾶν
3495 1525 3687 1580 συναρ-

2109 1607 2339 1670 πασθεὶς
2389 1604 2723 1676 συγκαθηταί
2748 1621 2833 1668 τις
2870 1605 2935 1675 τῇ
2968 1601 3283 1672 πιθανότητι
3326 1600 3440 1656 τῶν
3463 1600 3688 1670 λεγομέ-

2110 1716 2234 1767 νων,
2263 1698 2400 1754 ἀλλά
2419 1716 2482 1769 γε
2504 1698 2728 1770 ὕστερον
2748 1696 2970 1769 εὑρήσει
2995 1695 3094 1765 τὴν
3115 1694 3281 1765 αὐτὴν
3306 1693 3548 1766 ἀπορίαν
3568 1709 3691 1761 τυγο

2111 1792 2378 1864 χάνουσαν
2412 1794 2470 1845 ὲν
2496 1789 2676 1862 αὐτῷ,
2703 1790 2770 1858 ἢν
2799 1790 3079 1860 περιεῖχεν
3120 1788 3250 1858 πρὶν
3281 1788 3411 1841 τάδε
3434 1786 3565 1840 τινὰ
3595 1803 3693 1857 μα-

2108 1886 2240 1941 θεῖν.
2280 1885 2420 1955 Ἑγὼ
2449 1884 2507 1938 δὲ
2538 1882 2777 1938 τοιοῦτον
2825 1882 2931 1953 ἔχω
2974 1880 3162 1950 λόγον,
3199 1879 3343 1934 ὥστε
3380 1879 3482 1952 τὴν
3513 1878 3691 1950 πηγὴν

2106 1979 2357 2049 γενέσθαι
2388 1978 2482 2032 τοῦ
2525 1975 2755 2044 ζωτικοῦ
2785 1975 3028 2046 πόματος
3062 1975 3120 2027 ὲν
3151 1975 3229 2046 τῷ
3262 1970 3691 2045 παραδεξαμένῳ

2105 2071 2174 2124 τά
2211 2071 2302 2125 ὑπ’
2335 2068 2470 2140 ἐμοῦ
2502 2066 2952 2137 ἀπαγγελλόμενα
2970 2082 2984 2096 ·
3018 2066 3113 2120 καὶ
3151 2066 3243 2119 ἐπὶ
3270 2063 3527 2118 τοσοῦτόν
3558 2079 3623 2132 γε
3665 2062 3693 2115 ό

2106 2155 2286 2209 λαϐὼν
2309 2155 2400 2211 τοῦ
2420 2154 2555 2227 ἐμοῦ
2585 2154 2775 2216 ὕδατος
2802 2146 3312 2225 εὑεργετηθήσεται,
3340 2153 3487 2207 ὥστε
3509 2152 3693 2222 πηγὴν

2109 2248 2392 2318 εὑρετικὴν
2450 2247 2667 2301 πάντων
2728 2244 2838 2300 τῶν
2914 2244 3261 2315 ζητουμένων
3327 2242 3694 2307 ἀναδλυσθαί-

2107 2357 2218 2394 νειν
2254 2338 2402 2411 (95)
2452 2340 2510 2393 ἐν
2569 2338 2717 2410 αὑτῷ
2781 2337 2893 2393 ἄνω
2948 2336 3240 2408 πηδώντων
3281 2335 3531 2400 ὑδάτων,
3600 2334 3694 2404 τῆς

2107 2433 2343 2497 διανοίας
2423 2433 2723 2504 ἁλλομένης
2750 2471 2765 2496 ,
2825 2431 2920 2485 καὶ
2992 2429 3223 2501 τάχιστα
3290 2428 3695 2499 διιπταμένης,

2109 2524 2416 2588 ἀκολούθως
2441 2523 2520 2595 τῷ
2534 2523 2804 2593 εὑκινήτῳ
2829 2564 2843 2578 .
2872 2560 2888 2576 .
2923 2561 2938 2575 .
2974 2560 2989 2576 .
3020 2521 3196 2592 τούτῳ
3234 2519 3342 2591 (94)
3379 2518 3564 2581 ὑδατι,
3604 2517 3695 2587 φέ-

2112 2635 2296 2691 ροντος
2336 2615 2497 2670 αὑτοῦ
2526 2614 2621 2670 τοῦ
2665 2613 2921 2669 ἅλλεσθαι
2958 2613 3050 2670 καὶ
3102 2612 3276 2683 πηδᾷν
3315 2611 3409 2667 ἐπὶ
3458 2612 3527 2665 τὸ
3557 2609 3696 2665 ἀνώ-

2109 2726 2286 2782 τερον,
2317 2708 2410 2761 ἐπὶ
2429 2707 2528 2779 τὴν
2571 2703 2786 2761 αἰώνιον
2814 2704 2977 2776 ζωήν.
3007 2697 3130 2759 Οἴον
3155 2702 3272 2775 (95)
3293 2743 3307 2757 .
3330 2740 3345 2755 .
3374 2741 3388 2754 .
3419 2741 3437 2755 .
3469 2700 3577 2773 τὴν
3605 2697 3696 2754 τοῦ

2109 2801 2426 2873 ἁλλομένου,
2451 2800 2525 2864 ὥς
2554 2815 2738 2870 φησιν,
2760 2793 2897 2852 εἶναι
2926 2795 3024 2869 τὴν
3045 2793 3261 2849 αίώνιον
3286 2793 3453 2865 ζωήν.
3490 2793 3699 2863 ’Ὠσπερ

2110 2895 2167 2951 δὲ
2197 2895 2325 2966 περὶ
2372 2892 2467 2948 τοῦ
2502 2891 2755 2963 Νυμφίου
2798 2890 2856 2944 ἐν
2896 2889 2974 2962 τῷ
3003 2891 3239 2962 ᾊσματι
3276 2886 3387 2940 τῶν
3426 2885 3695 2957 ᾀσμάτων

2110 2985 2485 3056 διαλεγόμενος
2523 2985 2552 3037 ὁ
2595 2981 2844 3053 Σολομῶν
2880 2998 3070 3053 φησιν·
3127 2999 3145 3032 ι
3175 2979 3305 3033 ’1δοὺ
3357 2973 3525 3042 οὗτος
3574 2978 3697 3048 ἥκει

2112 3076 2299 3149 πηδῶν
2326 3076 2419 3130 ἐπὶ
2444 3075 2514 3130 τά
2535 3075 2657 3147 ὅρη,
2699 3072 3047 3144 διαλλόμενος
3083 3072 3175 3125 ἐπὶ
3210 3070 3339 3134 τοὺς
3371 3068 3639 3140 βουνούς·
3674 3086 3691 3119 ι

419 3168 581 3231 pacto
641 3175 807 3232 super
859 3162 1240 3231 generosiores
1293 3160 1697 3231 divinioresque
1768 3161 2004 3226 animas,

2120 3170 2187 3235 ὡς
2211 3169 2319 3241 γὰρ
2352 3170 2467 3223 ἐκεῖ
2483 3170 2511 3222 ό
2530 3166 2780 3238 Νυμφίος
2806 3166 2897 3219 ἐπὶ
2922 3164 3020 3229 τὰς
3053 3160 3579 3236 μεγαλοφυεστέρας
3605 3159 3699 3213 καὶ

421 3261 638 3310 montes
662 3254 858 3319 dictas,
886 3252 1013 3308 salit
1040 3252 1307 3323 Sponsus,
1344 3251 1580 3306 transilit
1610 3266 1742 3307 vero
1772 3252 2010 3308 deterio-

425 3358 518 3401 res
549 3344 727 3401 dictas
764 3344 967 3412 colles;
1002 3345 1084 3400 sic
1113 3344 1217 3401 hoc
1257 3343 1311 3397 in
1356 3342 1476 3398 loco
1507 3341 1631 3399 fons
1661 3344 1838 3399 factus
1861 3343 1915 3399 in
1944 3359 2011 3400 eo

432 3435 527 3506 qui
560 3434 763 3491 biberit
791 3450 860 3491 ex
888 3451 1049 3507 aqua,
1075 3450 1237 3505 quam
1262 3434 1353 3491 dat
1372 3434 1553 3500 Iesus,
1577 3435 1706 3491 salit
1736 3436 1802 3491 ad
1838 3436 2007 3491 vitam

428 3535 725 3594 aeternam,
789 3525 1041 3584 fortassis
1087 3527 1252 3582 etiam
1314 3524 1575 3581 saliturus
1633 3526 1773 3582 ultra
1841 3527 2007 3581 vitam

428 3626 715 3694 aeternam,
759 3633 951 3691 nempe
989 3620 1055 3674 ad
1086 3618 1304 3675 Patrem
1347 3617 1697 3675 exsistentem
1735 3633 1896 3688 supra
1928 3619 2012 3673 vi-

432 3720 544 3764 tam
573 3719 856 3767 atternam.
907 3710 1004 3766 Est
1030 3710 1176 3766 enim
1207 3709 1456 3766 Christus
1483 3711 1591 3765 vita
1620 3710 1889 3780 :proinde
1917 3712 2006 3781 qui

430 3800 710 3872 majorest
742 3800 989 3866 Christo,
1018 3801 1127 3856 vita
1160 3801 1327 3857 etiam
1355 3809 1439 3857 est
1466 3799 1637 3871 major
1656 3800 1724 3856 “.

500 3986 559 4044 4.
598 3987 867 4044 Cancrum
909 3995 1038 4042 tunc
1084 3984 1288 4043 fontem
1327 3984 1383 4040 in
1432 3984 1612 4056 seipse
1653 3984 2007 4042 exsistentem

433 4093 590 4157 aqua;
613 4078 862 4136 salientis
891 4077 960 4133 ad
987 4077 1151 4132 vitam
1173 4087 1430 4134 aeternam
1461 4063 1709 4145 habebit,
1736 4077 1828 4146 qui
1852 4077 2005 4134 bibe-

436 4172 513 4225 rit
531 4186 600 4226 ex
621 4185 758 4241 aqua
778 4184 942 4241 quam
967 4170 1059 4225 dat
1081 4167 1276 4236 Jesus;
1299 4169 1517 4238 quando
1540 4171 1828 4239 promissio
1855 4185 2009 4225 com-

444 4262 625 4334 pletur
661 4262 927 4326 hominis,
951 4261 1037 4317 cui
1077 4261 1420 4331 promittitur
1459 4261 1738 4317 beatitudo
1766 4276 1832 4318 eo
1864 4262 2007 4332 quod

440 4355 700 4412 esurierit
740 4364 797 4410 et
837 4353 1037 4409 sitierit
1074 4353 1383 4425 justitiam;
1432 4353 1608 4421 inquit
1651 4354 1797 4409 enim
1840 4353 2011 4409 Filius

435 4446 856 4503 Dei“:tBeati
910 4446 1002 4517 qui
1072 4446 1320 4501 esuriuut
1371 4454 1429 4502 et
1479 4445 1672 4501 sitiunt
1717 4444 2005 4515 justitiam,

2111 3261 2385 3332 θειοτέρας
2423 3260 2569 3332 πηδᾷ
2600 3258 2809 3330 ψυχὰς,
2866 3259 2961 3330 ὅρη
3007 3255 3327 3327 λεγομένας,
3358 3250 3459 3307 ὲπὶ
3495 3254 3563 3307 δὲ
3602 3254 3698 3315 τὰς

2110 3353 2505 3425 ὑποδεεστέρας
2541 3351 2834 3414 διάλλεται,
2877 3348 3095 3419 βουνοὺς
3121 3344 3537 3419 ὀνομαζομένας
3559 3362 3574 3377 ο
3610 3343 3699 3397 οῦ-

2109 3466 2216 3513 τως
2242 3446 2473 3503 ἐνταῦθα
2499 3447 2532 3517 ἡ
2557 3445 2822 3516 γενομένη
2851 3445 2908 3498 ἐν
2937 3443 3015 3514 τῷ
3042 3442 3217 3498 πιόντι
3253 3442 3316 3494 ὲκ
3342 3437 3438 3493 τοῦ
3476 3437 3696 3501 ὓδατος,

2110 3533 2170 3593 οὗ
2198 3538 2411 3591 δίδωσιν
2442 3537 2471 3589 ὁ
2512 3533 2739 3606 Ἰησοῦς,
2765 3532 2916 3605 πηγὴ
2952 3531 3169 3586 ἅλλεται
3206 3532 3287 3594 εἰς
3318 3527 3417 3600 τὴν
3473 3525 3698 3579 αἰώνιον

2111 3629 2276 3702 ζωὴν,
2308 3630 2446 3699 τάχα
2464 3627 2519 3680 δὲ
2552 3626 2647 3681 καὶ
2674 3625 2907 3695 πηδήσει
2943 3623 3082 3694 μετά
3116 3621 3213 3694 τὴν
3248 3620 3470 3676 αἰώνιον
3523 3618 3693 3689 ζωὴν,

2040 3767 2049 3778 .
2110 3724 2190 3786 είς
2228 3721 2316 3774 τὸν
2361 3720 2500 3791 ὑπὲρ
2543 3718 2644 3789 τὴν
2683 3715 2901 3771 αἰώνιον
2946 3716 3090 3788 ζωὴν
3137 3714 3388 3786 Πατέρα·
3453 3711 3699 3783 Χριστὸς

2108 3814 2284 3885 γὰρὴ
2318 3812 2460 3883 ζωή·
2495 3809 2525 3862 ό
2566 3809 2624 3863 δὲ
2666 3808 2866 3881 μείζων
2912 3807 3008 3861 τοῦ
3052 3804 3289 3879 Χριστοῦ
3334 3802 3543 3876 μείζων
3602 3802 3701 3871 τῆς

2111 3903 2281 3975 ζωῆς.

2180 3994 2235 4049 4.
2267 3991 2488 4046 Τότε³δὲ
2508 3991 2537 4045 ό
2564 3991 2702 4046 πιὼν
2730 3994 2794 4046 ὲκ
2823 3988 2918 4044 τοῦ
2948 3988 3157 4051 ὓδατος,
3203 3979 3266 4040 οῦ
3310 3982 3477 4038 δώσει
3516 3985 3549 4038 ὁ
3595 3985 3700 4055 Ἰη-

2112 4080 2258 4148 σοῦς,
2294 4082 2404 4147 ἔξει
2433 4081 2531 4153 τὴν
2561 4080 2858 4151 γενομένην
2895 4081 2953 4133 ὲν
2976 4076 3126 4147 αὑτῷ
3159 4074 3341 4146 πηγὴν
3372 4073 3578 4138 ὓδατος
3608 4074 3701 4127 ἀλ-

2110 4171 2335 4243 λομένου
2365 4174 2445 4236 είς
2476 4170 2621 4243 ζωὴν
2649 4168 2891 4224 αἰώνιονο
2932 4167 3020 4221 ὅτε
3050 4167 3351 4238 πληροῦται
3378 4163 3476 4217 τοῦ
3513 4181 3700 4236 μακα-

2113 4264 2395 4337 ριζομένου
2417 4263 2510 4317 ἐπὶ
2535 4262 2633 4331 ¹τοῦ
2669 4263 2861 4332 πεινῇν
2913 4259 3008 4312 καὶ
3035 4257 3192 4329 διψῇν
3216 4257 3315 4328 τὴν
3342 4255 3701 4327 δικαιοσύνην

2110 4356 2144 4426 ἡ
2174 4354 2473 4424 ἐπαγγελία
2492 4371 2504 4384 ·
2537 4353 2670 4424 φησὶ
2695 4352 2803 4424 γὰρ
2829 4354 2858 4405 ὁ
2888 4350 3059 4419 Λόγος
3077 4366 3091 4380 ⁸
3131 4369 3153 4402 ι
3190 4348 3472 4420 Μακάριοι
3499 4351 3553 4401 οἱ
3584 4364 3703 4400 πει-

2110 4445 2308 4510 νῶντες
2361 4446 2454 4499 καὶ
2500 4444 2759 4515 διψῶντες
2804 4442 2904 4514 τὴν
2960 4441 3335 4513 δικαιοσύνην,
3387 4440 3474 4493 ὅτι
3540 4438 3703 4495 αὐτοὶ

433 4541 690 4612 quoniam
723 4541 824 4613 ipsi
860 4539 1272 4596 saturabuntur.
1301 4557 1320 4593 ι
1357 4540 1424 4595 Ει
1470 4539 1721 4596 fortassis
1751 4542 2006 4610 quoniam

2120 4538 2594 4611 χορτασθήσονται.
2635 4557 2653 4588 ι
2692 4539 2800 4590 Καὶ
2827 4537 2969 4608 τάχα
2998 4536 3122 4590 ἐπεὶ
3149 4534 3400 4605 πεινῆσαι
3428 4532 3553 4603 (96)
3609 4530 3704 4585 καὶ

429 4632 643 4689 esurire
668 4641 724 4688 et
756 4631 914 4689 sitire
933 4633 1225 4703 justitiam,
1260 4634 1449 4689 satiari
1480 4641 1583 4701 est,
1612 4632 1656 4687 si
1691 4633 1814 4703 quis
1844 4630 2006 4700 justi-

433 4726 571 4781 tiam
598 4732 892 4796 antequam
923 4725 1151 4780 satietur
1179 4726 1388 4791 fccerit,
1437 4726 1483 4781 is
1528 4725 1730 4783 famem
1763 4733 1818 4780 et
1861 4723 2005 4780 sitim

2112 4630 2451 4702 διψῆσαιτὴν
2482 4628 2825 4699 δικαιοσύνην
2853 4626 3216 4700 χορτασθῆναι
3257 4626 3394 4690 ἐστι,
3427 4625 3574 4687 εἴτις
3601 4624 3703 4694 τὴν

2114 4721 2458 4794 δικαιοσύνην
2493 4721 2597 4795 πρὸ
2643 4720 2737 4775 τοῦ
2787 4720 3147 4793 χορτασθῆναι
3194 4719 3497 4791 ποιήσειεν,
3558 4717 3705 4789 ὑπὲρ

499 4865 626 4907 ’σου
658 4863 909 4932 loan.1v,
941 4864 1029 4920 14.
1108 4862 1153 4896 ⁶¹
1185 4864 1396 4921 Cantic.
1431 4880 1493 4932 ιι,
1521 4863 1576 4921 8.
1653 4863 1699 4896 ⁸³
1726 4862 1888 4920 Joan.
1929 4878 2007 4927 xl.

2130 4880 2143 4929 ;
2176 4878 2286 4927 xw,
2313 4861 2367 4915 6.
2441 4860 2487 4893 “
2517 4861 2709 4915 Matth.
2736 4875 2788 4925 v,
2815 4858 2870 4913 6.

506 4978 619 5103 g9!)
655 4983 839 5038 Codex
888 4981 1113 5065 Regius,
1151 4981 1211 5036 '0
1262 4980 1693 5063 μεταλαμϐάνων
1736 4980 1820 5044 οὑ,
1856 4979 2009 5051 φησὶ,

435 5048 509 5120 βά
540 5066 624 5120 ος,
645 5052 737 5120 sed
769 5051 1090 5111 Bodletauus
1120 5051 1282 5107 habet
1311 5063 1371 5106 ut
1401 5068 1452 5105 tu
1485 5063 1670 5105 nostro
1699 5061 1869 5106 textu.
1911 5119 1936 5120 η

507 5063 624 5117 θος,
645 5063 737 5106 sed
769 5063 1090 5111 maletauus
1120 5063 1282 5107 habet
1311 5063 1371 5106 ut
1401 5068 1452 5105 In
1485 5063 1670 5105 nostro
1699 5063 1869 5106 textu.

507 5119 619 5203 (92)
656 5119 717 5174 lu
756 5122 1010 5203 omnibus
1053 5137 1185 5177 mss.
1233 5130 1356 5203 post
1396 5120 1820 5203 Atticurge-27:92.30qu
1843 5119 2014 5203 relin-

435 5190 630 5274 quitur.
654 5192 887 5274 spatium
923 5206 1175 5274 vacuum,
1204 5189 1259 5274 et
1289 5201 1483 5274 postea
1520 5190 1719 5260 legitur
1748 5192 1799 5244 in
1822 5189 2012 5274 .Regio

434 5258 678 5383 ταρανὴν
712 5260 807 5341 καὶ
840 5259 1093 5324 ἔκτυπον,
1130 5262 1182 5315 in
1217 5258 1510 5344 Bodleiano
1552 5258 1746 5341 autem.
1778 5258 1942 5332 τέραν
1980 5261 2014 5331 ἢ

435 5346 512 5383 κα
581 5328 855 5387 ὲκτυπων.
913 5328 1024 5384 Nos
1075 5331 1217 5386 hunc
1265 5332 1444 5385 locum
1497 5341 1573 5385 tta
1619 5330 2015 5385 restituendum

436 5411 768 5481 censemus:
804 5398 933 5481 περὶ
982 5399 1188 5481 τούτων
1226 5401 1404 5481 ’όσοιςῂ
1437 5399 2018 5481 ὲπανεπαὺσατο,λ.)ιαὶ

437 5468 632 5547 έτέραν
693 5468 941 5523 ἐκτυπῶν
999 5469 1125 5541 περὶ
1185 5471 1294 5525 τῶν
1372 5470 1717 5547 ζητουμένων
1775 5470 2016 5540 κατάλη-

433 5538 1180 5680 Ϋιῖᾖὲίξίναὸλυσϐαἰνεᾉιν.
1197 5610 1376 5665 Codex
1402 5611 1752 5675 Bodleianus,
1777 5608 2011 5673 ἀναϐλύ-

439 5674 822 5751 ζεινηοι-ῐιιοχ
861 5678 1258 5751 ἀναπηδώντων
1288 5695 1383 5747 pro
1408 5680 1520 5739 ἄνω
1547 5674 1863 5751 πηδώντων.

511 5746 622 5821 (94)
662 5747 1011 5821 Αριθυτούξῳ
1033 5746 1367 5821 relinquitur
1398 5750 1448 5804 iu
1497 5746 1884 5819 manuscriptis
1918 5766 2011 5806 co.-

441 5815 655 5874 dicibus
705 5815 997 5877 Bodleiano
1031 5828 1088 5877 et
1140 5815 1440 5893 Barlieritto
1483 5822 1713 5893 spatium
1771 5815 2007 5878 vacuum

2120 4979 2280 5033 unius
2311 4978 2425 5033 fere
2465 4977 2640 5032 lineze.
2676 4975 2877 5031 lhitlem
2911 4983 3028 5045 post
3066 4972 3238 5045 τούτῳ
3268 4970 3443 5037 ὕδατι,
3499 4971 3707 5045 legitur

2120 5051 2173 5103 in
2209 5049 2397 5105 codice
2437 5048 2607 5119 Regio
2647 5042 2993 5119 φέροντιίὶη
3028 5042 3317 5100 Bodleiano
3360 5042 3581 5098 autetu’
3610 5042 3709 5113 φέο

2185 5136 2325 5181 ντος.

2120 5136 2325 5191 ροντος.

2192 5188 2307 5262 (95)
2347 5183 2613 5262 Ροδι-οἷον
2648 5188 2840 5262 lacuna
2873 5196 2957 5240 est
2987 5185 3048 5262 [η.
3077 5198 3209 5262 mss.

2196 5251 2307 5332 (96)
2345 5260 2501 5332 Ἐπεὶ
2525 5257 2827 5332 πεινῆσαι,
2845 5264 2972 5332 etc_._
2990 5255 3086 5332 S_ic
3108 5254 3256 5309 locus
3280 5251 3629 5332 istelegitur
3653 5253 3708 5308 iu

2125 5322 2405 5387 codicibus
2437 5322 2733 5387 Barberino
2762 5338 2817 5381 et
2841 5325 3157 5386 Bodleiano,
3189 5338 3290 5379 nec
3326 5322 3490 5376 aliter
3526 5323 3712 5378 lectus

2125 5411 2210 5456 est
2251 5418 2278 5454 a
2310 5399 2588 5454 Ferrario.
2639 5400 2722 5452 An
2753 5412 2881 5450 vero
2918 5397 3096 5463 inepta
3122 5396 3194 5449 sit
3226 5396 3341 5448 lucc
3375 5392 3575 5463 lectio,
3629 5392 3708 5447 uti

2126 5472 2346 5540 coniicit
2379 5462 3397 5540 lluetius.idoetioruntcmojudicium.
3426 5462 3481 5515 In
3510 5463 3712 5540 c_o_dice

2125 5532 2295 5610 Regio
2344 5541 2591 5610 legitttr,_
2620 5538 2771 5590 Ἐπεὶ
2816 5534 3226 5610 πεινῆσαι,)ιαὶ
3255 5532 3482 5610 διψῆσαι
3518 5532 3593 5610 .δὲ
3626 5550 3713 5595 τις

2119 5602 2322 5683 είςντὴν
2353 5602 2720 5683 διῖιαιοσὺνην,
2746 5616 2887 5683 etc.,_
2910 5602 3008 5673 pro
3035 5602 3713 5683 quibustlttutius_lc_geu-

2120 5672 2245 5736 dum
2273 5672 2550 5743 censebat,
2582 5672 2702 5731 ἐπεὶ
2736 5672 2991 5749 πεινῆσαι
3033 5672 3135 5735 διαὶ,
3168 5674 3391 5747 διψῆσαι
3420 5672 3505 5726 δεῖ
3554 5673 3713 5746 ἡμᾶς

2118 5754 2212 5813 καὶ
2234 5753 2332 5809 τὶν
2362 5749 2730 5823 δικαιοσύνην,
2760 5758 2867 5806 etc.
3156 5778 3165 5783 ‘-
