3806 6530
128 399 228 457 405

1180 396 1536 454 COMMENT.
1580 396 1644 452 IN
1676 395 1866 454 JOAN.
1905 395 2149 452 TOMUS
2186 397 2324 454 XIII.

3266 405 3369 459 ιῡσ

127 520 213 576 τοῦ
244 519 572 592 κορεσθῆναι
611 517 937 592 ὲμποιητέον
963 519 1025 572 τὸ
1053 523 1246 592 πεινῇν
1276 523 1370 576 καὶ
1398 521 1577 592 διψῆν,
1614 521 1688 574 ἵνα

1805 519 2084 591 ingeneret
2122 520 2171 574 in
2224 534 2284 575 se
2319 526 2553 590 oportet,
2587 523 2645 572 ut
2691 525 2988 584 saturetur,
3030 519 3154 574 illud
3201 521 3370 576 dictu-

129 614 384 682 εἴπωμεν·
430 631 449 663 ι
501 613 599 664 Ὃν
644 611 844 684 τρόπον
884 612 1134 665 ἐπιποθεῖ
1172 615 1204 685 ή
1240 612 1434 682 ἔλαφος
1465 613 1554 665 ἐπὶ
1597 613 1696 676 τὰς

131 701 300 770 πηγὰς
327 699 439 754 τῶν
473 699 706 765 ὑδάτων,
732 700 903 765 οὕτως
936 700 1234 772 ἐπιποθεῖὴ
1259 701 1402 772 ψυχή
1431 718 1532 772 μου
1563 702 1697 771 πρὸς

129 793 202 854 σὲ,
235 795 262 845 6
288 790 444 854 Θεός.
493 791 778 863 Ἐδίψησεν
803 793 836 862 ὴ
867 791 1011 864 ψυχή
1039 810 1140 863 μου
1165 791 1300 864 πρὸς
1329 791 1420 845 τὸν
1449 792 1579 845 Θεὸν
1608 793 1697 846 τὸν

131 883 360 954 ἰσχυρὸν,
394 883 489 938 τὸν
533 883 739 948 ζῶντα·
794 884 920 937 πότε
971 883 1115 954 ἥξω,
1157 884 1250 937 καὶ
1289 883 1595 955 ὀφθήσομαι
1639 883 1698 936 τὸ

127 975 411 1048 πρόσωπον
453 975 547 1029 τοῦ
591 975 760 1042 Θεοῦ;
800 997 818 1028 ι
862 977 956 1030 ’Ίν’
1004 971 1096 1030 οὖν
1147 975 1491 1047 διψήσωμεν,
1537 975 1698 1029 καλόν

126 1070 230 1120 ἐστι
263 1069 413 1122 πιεῖν
443 1068 657 1138 πρῶτον
681 1071 745 1123 ὲκ
770 1069 870 1140 τῆς
908 1068 1093 1140 πηγῆς
1126 1068 1219 1121 τοῦ
1275 1067 1488 1134 Ἰακὼϐ,
1523 1069 1583 1124 οὗ
1615 1068 1700 1122 λέ-

126 1177 279 1228 γοντα
324 1159 497 1230 αὐτὴν
529 1160 728 1230 ὁμοίως
767 1162 834 1230 τῇ
879 1159 1224 1231 Σαμαρείτιδι
1253 1161 1462 1233 φρέαρ·
1497 1162 1526 1214 6
1568 1160 1698 1230 γοῦν

127 1246 306 1318 Σωτὴρ
337 1246 462 1300 οὐδὲ
487 1246 600 1312 νῦν,
625 1247 760 1317 πρὸς
785 1246 874 1299 τὸν
907 1247 1124 1318 ἐκείνης
1157 1247 1409 1301 ἀπαντῶν
1434 1247 1609 1316 λόγον,
1634 1249 1698 1299 ἐκ

129 1335 356 1406 φρίατὸς
393 1355 558 1408 φησιν
607 1333 748 1391 εἶναι
785 1337 846 1390 τὸ
892 1336 1066 1408 ὕδωρ,
1110 1336 1243 1390 ἀλλὰ
1289 1336 1475 1400 ἁπλῶς
1527 1354 1693 1409 φησι·

133 1448 148 1478 ι
180 1429 294 1492 Πᾶς
320 1430 351 1482 ὀ
383 1429 554 1483 πίνων
579 1430 643 1482 ἐκ
667 1427 759 1482 τοῦ
783 1427 971 1492 ὓδατος
997 1428 1186 1482 τούτου
1219 1428 1430 1500 διψήσει
1456 1430 1638 1484 πάλιν.
1675 1449 1693 1482 ι

129 1520 288 1592 Εἴπερ
333 1521 389 1574 δὲ
425 1521 499 1592 μὴ
533 1519 744 1588 ἐγίνετό
775 1538 826 1574 τι
867 1522 1135 1592 χρήσιμον
1167 1523 1231 1574 ὲκ
1267 1523 1360 1575 τοῦ
1400 1526 1543 1574 πιεῖν
1590 1521 1699 1575 ἀπὸ

126 1612 215 1681 τῆς
246 1612 455 1682 πηγῆς,
498 1610 611 1665 οὔτ’
657 1612 723 1665 ἂν
769 1613 1059 1677 ἐκαθέζετο
1108 1614 1200 1667 ἐπὶ
1239 1617 1307 1685 τῇ
1354 1617 1501 1686 πηγῇ
1532 1617 1560 1668 6
1597 1616 1700 1682 Ἰη-

128 1701 260 1765 σοῦς,
301 1701 417 1755 οὔτ’
450 1702 516 1755 ἂν
549 1703 698 1772 ἔλεγε
737 1703 849 1775 (97)
884 1707 949 1775 τῇ
988 1705 1362 1776 Σαμαρείτιδγ
1405 1725 1423 1756 ι
1468 1707 1567 1770 Δός
1607 1725 1696 1778 μοι

126 1796 278 1846 πιεῖν.
326 1812 345 1844 ι
377 1795 801 1867 Παρατηρητέον
835 1791 948 1860 οὖν,
974 1796 1054 1848 ὅτι
1085 1796 1178 1851 καὶ
1215 1797 1440 1870 αἰτούσῃ
1467 1798 1527 1851 τὸ
1555 1799 1696 1870 ὕδωρ

125 1889 183 1957 τῇ
227 1885 586 1957 Σαμαρείτιδι
647 1888 739 1942 τὸν
814 1887 1060 1958 Ἰησοῦν,
1115 1889 1278 1943 οἱονεὶ
1333 1890 1699 1961 ἐπηγγέλλετο
1730 1875 1770 1934 Β

125 1975 372 2048 παρέξειν
406 1979 538 2032 αὐτὸ
563 1979 663 2032 οὐκ
691 1981 749 2034 ὲν
780 1979 923 2050 ἄλλῳ
957 1978 1066 2051 (98)
1095 1979 1264 2051 τόπῳ,
1315 1980 1426 2034 ἀλλ’
1473 1981 1506 2053 ἢ
1546 1983 1696 2055 παρὰ

123 2070 181 2138 τῇ
213 2072 389 2141 πηγῇ,
415 2070 590 2138 λέγων
621 2071 784 2142 αὐτῇο
817 2090 837 2122 ι
871 2071 1110 2140 ’Ύπαγε,
1140 2071 1386 2144 φώνησον
1408 2073 1497 2128 τὸν
1529 2073 1698 2146 ἄνδρα

127 2177 231 2227 σου,
267 2161 367 2215 καὶ
406 2161 530 2215 ἐλθὲ
558 2163 765 2217 ἐνθάδε.
811 2181 830 2214 ι

184 2253 235 2306 5.
274 2254 402 2307 Ἔτι
427 2253 483 2308 δὲ
525 2257 906 2326 ἑπιστήσωμεν
958 2255 1006 2307 εί
1057 2254 1278 2309 δύναται
1315 2254 1604 2327 δηλοῦσθαι
1639 2258 1696 2310 τὸ

122 2343 431 2414 ὲτερογενὲς
468 2346 568 2416 τῆς
607 2345 716 2399 τῶν
756 2346 892 2417 αὐτῇ
928 2349 993 2416 τῇ
1026 2345 1251 2418 ἀληθεία
1295 2348 1694 2418 ὁμιλησάντων,

122 2434 206 2487 καὶ
248 2435 631 2506 συνεσομένων
677 2434 962 2505 ὡφελείας,
1008 2437 1158 2506 παρά
1195 2437 1292 2508 τὴν
1336 2438 1695 2511 νομιζομένην

119 2523 380 2593 ὠφέλειαν
411 2525 658 2593 γίνεσθαι
692 2528 822 2597 ἡμῖν
853 2527 962 2580 ἀπὸ
1004 2527 1109 2580 τῶν
1153 2527 1406 2598 Γραφῶν,
1445 2530 1546 2584 κᾶν
1575 2549 1696 2604 νοη-

122 2614 275 2668 θῶσιν
294 2615 550 2685 ἀκριϐῶς
570 2619 634 2672 ὲκ
660 2615 755 2670 τοῦ
790 2616 880 2670 τὸν
907 2615 1005 2687 μὲν
1035 2617 1225 2670 πιόντα
1248 2617 1354 2670 ἀπὸ
1384 2618 1484 2690 τῆς
1512 2621 1696 2692 πηγῆς

121 2708 205 2761 τοῦ
237 2707 440 2762 Ἰακὼϐ
463 2710 626 2781 διψῇν
661 2710 842 2775 πάλιν,
871 2711 960 2765 τὸν
989 2711 1045 2763 δὲ
1071 2711 1261 2765 πιόντα
1291 2713 1354 2765 ὲκ
1383 2711 1476 2765 τοῦ
1506 2713 1695 2778 ὓδατος

120 2795 173 2854 οὗ
201 2800 420 2856 δίδωσιν
451 2804 480 2856 6
523 2800 751 2873 Ἰησοῦς,
784 2802 965 2874 πηγὴν
994 2802 1182 2866 ὓδατος
1219 2804 1277 2856 ὲν
1311 2801 1488 2873 ἐαυτῷ
1525 2804 1694 2874 ῐσχειν

122 2892 407 2964 ἁλλομένου
441 2896 522 2958 είς
555 2893 701 2966 ζωὴν
729 2893 945 2946 αἰώνιον
971 2910 984 2924 ο
1020 2896 1113 2948 καὶ
1147 2895 1256 2966 γὰρ
1286 2894 1355 2948 τά
1386 2895 1694 2968 κυριώτερα

123 2983 204 3036 καὶ
227 2984 481 3056 θειότερα
512 2985 618 3038 τῶν
654 2984 967 3058 μυστηρίων
1001 2985 1093 3038 τοῦ
1135 2986 1292 3053 Θεοῦ,
1325 2986 1444 3041 ἔνια
1484 2987 1582 3058 μὲν
1631 2989 1691 3041 οὐ

122 3074 396 3146 κεχώρηκε
422 3075 634 3147 Γραφὴ,
668 3076 782 3129 ἔνια
808 3076 865 3130 δὲ
896 3076 1016 3129 οὐδὲ
1049 3075 1363 3149 ἀνθρωπίνη
1393 3081 1539 3150 φωνή
1559 3096 1571 3109 θ
1600 3081 1694 3133 καὶ

121 3167 178 3220 τά
207 3164 297 3223 οὖν
327 3169 437 3240 ἤθη
475 3169 586 3240 (99)
631 3169 738 3222 τῶν
790 3169 1223 3241 σηῇινομένων,
1262 3172 1294 3241 ἡ
1338 3170 1557 3240 γλῶσσα
1599 3174 1694 3226 ἀν·

123 3229 362 3332 θρωπικη
382 3278 396 3291 ·
425 3229 491 3312 ’(1
523 3229 678 3315 ’ἐστι
727 3229 1041 3332 γὰρηᾶλλπ
1061 3229 1250 3328 πολλά,
1285 3229 1624 3335 θ’ὲποίησεν
1664 3265 1692 3318 6
1719 3229 1762 3288 ϐ

131 3347 346 3418 Ἰησοῦς,
397 3350 560 3406 ἅτινα
637 3351 733 3405 ἐὰν
787 3353 1067 3424 γράφηται
1121 3354 1307 3418 καθὲν,
1364 3354 1483 3407 οὐδὲ
1530 3354 1692 3408 αὑτὸν

120 3433 256 3508 οἶμαι
304 3441 399 3495 τὸν
441 3442 644 3512 κόσμον
687 3442 764 3513 (1)
810 3444 1079 3516 χωρήσειν
1126 3446 1196 3500 τά
1241 3447 1561 3518 γραφόμενα
1611 3446 1692 3516 βι-

123 3529 249 3584 ϐλία.
288 3551 308 3584 ι
355 3533 472 3587 Καὶ
495 3533 596 3586 ὅσα
627 3533 684 3587 δὲ
702 3533 968 3605 ἐλάλησαν
988 3536 1043 3590 αἱ
1069 3536 1209 3590 ἑπτὰ
1233 3537 1447 3607 βρονταὶ
1483 3537 1692 3608 μέλλων

122 3623 340 3691 γράφειν
387 3624 664 3695 Ἰωάννης,
712 3625 1010 3679 κωλύεται·
1041 3629 1069 3680 6
1101 3628 1156 3680 δὲ
1209 3627 1419 3692 Παῦλος
1459 3629 1690 3698 άκηκοέυ

126 3728 198 3764 ναι
228 3713 394 3783 φησιν
448 3714 661 3785 άρῤητα
695 3716 935 3786 ῥήματα,
969 3716 1089 3786 οὐχὶ
1115 3716 1150 3770 ἃ
1179 3717 1277 3770 οὐκ
1311 3716 1430 3780 ὲξόν
1461 3734 1566 3772 τινι
1597 3717 1690 3770 λα-

122 3803 268 3872 λῆσαι
302 3799 403 3875 ἦν·
440 3804 562 3869 ἐξὸν
581 3805 689 3875 γὰρ
725 3799 794 3875 ἦν
831 3805 972 3858 αὐτὰ
1008 3805 1240 3877 λαλῆσαι
1279 3807 1551 3874 ἀγγέλοις,
1597 3809 1690 3861 ἀν-

124 3892 348 3964 θρώποις
415 3893 472 3948 δὲ
511 3896 613 3949 οὐκ
675 3896 841 3966 ἐξῆν·
888 3916 905 3948 ι
947 3897 1124 3951 πάντα
1168 3899 1264 3968 μὲν
1297 3898 1405 3970 γὰρ
1458 3898 1684 3966 ἔξεστιν,

122 3983 223 4037 ἀλλ’
249 3987 309 4039 οὐ
345 3986 531 4041 πάντα
574 3986 872 4058 συμφέρειο
898 3992 926 4040 ἰ
963 3987 998 4040 ἃ
1023 3987 1079 4040 δὲ
1114 3988 1344 4058 ⁸ἢκουσεν
1367 3989 1450 4060 (2)
1474 3990 1688 4060 ἄρρητα

124 4079 349 4149 ῥήματα,
385 4080 424 4135 ἃ
457 4079 560 4132 οὐκ
591 4078 729 4146 ἐξὸν,
779 4079 943 4151 φησὶν
972 4081 1070 4144 (5),
1107 4079 1378 4152 ἀνθρώπῳ
1429 4081 1684 4152 λαλῆσαι,

122 4165 256 4240 οἶμαι
269 4173 326 4225 δὲ
342 4173 448 4242 τῆς
460 4172 589 4242 ὅλης
603 4171 858 4240 γνώσεως
873 4171 1111 4242 στοιχεῖά
1129 4189 1246 4226 τινα
1269 4173 1574 4244 ἐλαχίστας,
1593 4176 1688 4228 καὶ

123 4261 455 4334 βραχυτάτας
490 4258 630 4317 εῖναι
663 4262 970 4332 είσαγωγὰς
989 4263 1117 4328 ὅλας
1151 4264 1394 4335 Γραφὰς,
1415 4264 1518 4319 κᾶν
1543 4265 1684 4319 πάνυ

124 4353 375 4423 var-ﬁtme
421 4353 667 4425 ἀκριϐῶς
688 4394 700 4406 .
744 4354 884 4424 Ὅρα
904 4352 1192 4424 τοιγαροῦν
1210 4353 1495 4408 είδύναται
1523 4357 1555 4427 ή
1587 4356 1685 4426 μὲν

122 4444 256 4516 πηγὴ
311 4445 412 4499 τοῦ
459 4443 675 4508 Ἰακὼϐ,
705 4444 800 4514 ἀφ’
831 4441 899 4517 ἦς
928 4445 1049 4498 ἔπιέ
1083 4461 1214 4499 ποτε
1242 4447 1270 4498 6
1310 4443 1522 4511 Ἰακὼϐ,
1571 4446 1683 4500 ἀλλ’

1804 611 1955 666 rus“
1987 627 1998 660 :
2037 629 2055 662 ι
2085 609 2547 677 Quemadmodum
2596 609 2870 665 desiderat
2909 625 3104 664 cervus
3137 612 3203 664 ad
3245 612 3367 665 fon-

1803 715 1882 758 tes
1907 718 2195 773 aquarum,
2232 703 2302 756 ita
2335 702 2613 773 desiderat
2639 701 2816 756 anima
2851 716 2968 755 mea
2993 702 3062 755 ad
3106 711 3179 764 te,
3208 701 3367 757 Deus.

1801 771 1982 852 Sitivit
2019 796 2197 850 anima
2222 811 2338 850 mea
2367 795 2431 848 ad
2459 771 2629 849 Deu‘m
2660 793 2877 859 fortem,
2908 796 3088 848 vivum
3117 810 3132 846 :
3156 795 3370 863 quando

1802 889 2036 952 veniam,
2073 897 2127 942 et
2155 887 2383 942 videbor
2411 901 2595 940 coram
2643 885 2779 940 facie
2813 886 2949 941 Dei?
2977 905 2998 939 ι
3033 885 3102 942 Ut
3130 900 3260 955 ergo
3297 887 3371 940 si-

1802 983 2019 1045 tiamus,
2047 982 2244 1035 bonum
2279 991 2361 1036 est
2389 996 2419 1036 e
2442 980 2591 1036 fonte
2617 978 2787 1035 Jacob
2822 989 2880 1034 ut
2913 981 2964 1034 in
2997 981 3185 1050 primis
3211 979 3367 1034 biba-

1801 1089 1953 1136 mus.
1979 1073 2150 1140 illum,
2180 1089 2286 1128 non
2316 1073 2539 1141 perinde
2571 1081 2732 1142 atque
2773 1067 3094 1138 ‘Samaritis,
3125 1074 3369 1128 dicentes

1799 1173 2040 1235 puteum.
2087 1165 2221 1219 Nam
2275 1165 2533 1220 Servator
2574 1167 2638 1219 ad
2683 1166 2826 1220 illius
2875 1168 3214 1236 respondens
3256 1182 3372 1220 ser-

1806 1272 2044 1324 monem,
2099 1274 2167 1314 ne
2219 1272 2364 1312 nunc
2413 1257 2630 1327 quidem
2667 1275 2732 1314 ex
2771 1267 2932 1329 puteo
2973 1260 3145 1328 inquit
3173 1275 3368 1332 aquam

1799 1364 1944 1416 esse,
1990 1351 2083 1406 sed
2139 1350 2464 1419 simpliciter
2503 1351 2725 1420 inquit:
2768 1370 2786 1404 ι
2814 1351 3004 1408 Omnis
3042 1352 3130 1418 qui
3173 1350 3372 1405 biberit

1798 1456 1864 1496 ex
1900 1457 2036 1512 aqua
2066 1442 2188 1508 hac,
2219 1443 2368 1497 sitiet
2398 1443 2681 1502 iterum“.
2717 1463 2736 1497 ι
2771 1443 2924 1511 Quod
2971 1445 3014 1499 si
3056 1443 3260 1498 bibenti
3301 1457 3370 1496 ex

1799 1534 1888 1588 illo
1917 1533 2065 1590 fonte
2116 1534 2261 1588 nulla
2303 1535 2645 1604 provenisset
2691 1536 2920 1605 utilitas,
2948 1537 3365 1605 haudquaquam

1798 1640 2048 1682 sessurus
2073 1625 2253 1681 fuerat
2283 1629 2422 1697 apud
2456 1628 2662 1683 fontem
2697 1628 2872 1696 Jesus,
2905 1643 3081 1697 neque
3126 1627 3371 1682 dicturus

1805 1717 2119 1773 Samaritidi
2166 1735 2233 1774 ιι
2267 1719 2341 1774 Da
2395 1721 2525 1775 mihi
2567 1722 2706 1791 quod
2768 1721 3031 1776 bibam".
3061 1739 3080 1772 ›
3136 1719 3370 1774 Proinde

1799 1809 2193 1865 observandum
2253 1820 2376 1875 est,
2443 1814 2896 1881 quemadmodum
2947 1813 3149 1883 petenti
3216 1828 3244 1866 a
3312 1827 3372 1868 se

1800 1919 1994 1974 aquam
2027 1903 2341 1958 Samaritidi
2392 1919 2497 1960 non
2534 1905 2660 1960 alibi
2696 1905 3007 1974 promiserit
3036 1903 3193 1961 Jesus
3223 1906 3367 1961 illam

1800 2010 1859 2050 se
1888 1995 2135 2049 daturum
2166 2009 2327 2063 quam
2357 1995 2496 2064 apud
2528 1993 2754 2058 fontem,
2779 1995 2964 2051 dicens
2995 1994 3068 2049 illi
3099 2010 3114 2049 :
3153 2013 3172 2046 ι
3198 1995 3368 2063 Vade,

1799 2101 1930 2144 voca
1963 2087 2134 2142 virum
2165 2096 2336 2155 tuum,
2361 2099 2416 2143 et
2449 2088 2568 2142 veni
2600 2088 2708 2144 huc
2722 2088 2787 2142 ⁸⁸.
2817 2107 2835 2140 ι

1868 2273 1922 2328 5.
1964 2273 2155 2329 Adhuc
2185 2281 2364 2328 autem
2403 2272 2758 2342 inspiciamus
2784 2288 2910 2326 num
2935 2273 3058 2341 quia
3085 2273 3174 2342 qui
3207 2273 3364 2326 ὺίίιο-

1799 2363 1869 2419 rit
1892 2379 1957 2419 ex
1986 2364 2136 2420 fonte
2173 2363 2362 2430 Jacob,
2395 2364 2545 2419 sitiat
2591 2364 2818 2429 iterum;
2872 2364 2963 2433 qui
3002 2379 3129 2419 vero
3170 2363 3370 2418 biberit

1796 2470 1862 2511 ex
1910 2471 2046 2526 aqua
2090 2472 2253 2526 quam
2292 2456 2580 2522 datJesus,
2615 2456 2818 2512 fontem
2859 2456 2910 2510 in
2959 2457 3137 2525 seipso
3171 2455 3370 2511 habeat

1797 2562 1952 2616 aqum
1979 2547 2219 2602 salientis
2255 2548 2321 2602 ad
2364 2548 2527 2602 vitam
2571 2556 2855 2612 aeternam,
2887 2549 3035 2602 innui
3081 2549 3249 2616 possit
3293 2549 3372 2602 di-

1801 2651 2006 2691 versam
2030 2651 2150 2692 esse
2179 2636 2466 2691 utilitatem
2498 2651 2686 2690 eorum
2715 2637 2807 2706 qui
2842 2651 2964 2691 cum
2998 2636 3110 2705 ipsa
3137 2637 3368 2692 veritate

1796 2728 2238 2783 consuetudinem
2300 2727 2540 2783 habuere
2591 2727 2940 2796 habiturique
2985 2737 3143 2792 sunt,
3191 2728 3259 2781 ab
3295 2743 3358 2785 ea

1797 2817 2026 2872 utilitate
2071 2831 2233 2886 quam
2271 2815 2426 2870 nobis
2483 2815 2612 2870 oriri
2667 2815 3041 2869 existimamus
3085 2831 3149 2869 ex
3214 2814 3309 2869 Scr
3338 2842 3366 2856 ο

1795 2906 1994 2977 pturis,
2029 2906 2242 2962 etiamsi
2283 2914 2536 2960 accurate
2589 2904 2878 2958 intellectae
2924 2903 3164 2968 fuerint;
3203 2905 3368 2975 213

1795 2997 2101 3068 praesertim
2134 3012 2257 3053 cum
2295 2996 2540 3068 quaedam
2596 3011 2663 3050 ex
2711 2995 3184 3066 principalioribus
3225 2998 3365 3050 divi-

1796 3089 2146 3158 nioribusque
2165 3088 2258 3144 Dei
2285 3086 2558 3159 mysteriis
2583 3101 2682 3142 nec
2708 3100 2905 3154 capere
2945 3087 3183 3156 potuerit
3210 3086 3364 3140 Scri-

1794 3193 1973 3253 ptura,
1999 3185 2244 3253 qumdam
2277 3183 2441 3238 etiam
2488 3198 2589 3237 nec
2618 3196 2714 3234 vox
2753 3181 2987 3234 humana
3018 3198 3029 3231 :
3064 3193 3186 3234 nam
3217 3194 3367 3250 qna:-

1795 3275 1918 3328 dam
1950 3273 2376 3344 significationes
2410 3274 2606 3328 divinae
2633 3288 2755 3327 cum
2792 3273 2920 3337 sint,
2946 3273 3122 3340 lingua
3151 3281 3232 3324 est
3262 3272 3365 3323 hu-

1795 3381 1992 3421 mana:
2026 3383 2044 3418 ι
2091 3366 2232 3421 Sunt
2273 3380 2508 3436 namque
2560 3373 2616 3420 et
2665 3364 2769 3418 alia
2847 3363 3010 3418 multa
3062 3377 3183 3431 qua:
3234 3360 3367 3414 fecit

1792 3458 1975 3524 Iesus,
2007 3474 2128 3530 qua:
2154 3458 2466 3530 singulatim
2491 3459 2535 3514 si
2569 3459 2898 3524 scribantur,
2929 3471 3027 3511 nec
3060 3457 3236 3525 ipsum
3273 3470 3363 3507 ar-

1794 3551 1968 3606 bitror
2015 3551 2275 3606 mundum
2331 3560 2654 3621 capturum,
2707 3549 2799 3619 qui
2852 3549 3244 3610 scriberentur,
3298 3545 3364 3598 li-

1794 3645 1922 3698 bros
1944 3642 2009 3696 ‘9.
2043 3661 2062 3695 ι
2105 3643 2244 3710 Quin
2288 3651 2342 3698 et
2386 3658 2505 3712 quae
2553 3643 2729 3697 locuta
2766 3651 2891 3696 sunt
2920 3649 3124 3710 septem
3165 3639 3250 3692 illa
3294 3648 3369 3692 to-

1789 3734 1968 3789 nitrua
2015 3737 2320 3802 scripturus
2348 3733 2588 3788 Joannes
2616 3733 2936 3801 prohibetur
2952 3733 3030 3798 '°;
3067 3741 3122 3786 et
3158 3730 3360 3784 Paulus

1791 3839 1849 3881 se
1902 3823 2118 3879 audisse
2172 3825 2345 3892 inquit
2395 3825 2688 3880 indicibilia
2722 3825 2881 3879 verba
2921 3839 3041 3894 quae
3095 3839 3200 3878 non
3235 3823 3362 3877 lice-

1791 3925 1875 3970 ret
1898 3915 2053 3970 alicui
2081 3915 2222 3985 loqui
2257 3917 2297 3947 "
2330 3929 2345 3969 :
2373 3916 2566 3972 licebat
2595 3917 2738 3971 enim
2761 3916 2825 3970 ad
2856 3917 3074 3985 angelos
3101 3928 3161 3967 ea
3191 3914 3358 3982 loqui,

1791 4006 1856 4060 ad
1888 4005 2138 4060 homines
2177 4014 2354 4060 autem
2403 4021 2506 4059 non
2539 4006 2777 4060 licebat:
2805 4020 2927 4058 nam
2958 4023 2977 4054 ι
3022 4004 3203 4056 omnia
3241 4004 3363 4070 qui-

1790 4096 1908 4151 dem
1953 4095 2131 4163 licent,
2164 4105 2221 4151 at
2274 4111 2379 4151 non
2420 4097 2598 4151 omnia
2641 4096 3020 4166 expediunt”.
3049 4113 3066 4144 ι
3097 4092 3190 4148 Sin
3235 4109 3366 4147 vero

1789 4187 1993 4242 audivit
2034 4186 2325 4242 inell'abilia
2380 4191 2542 4244 verba
2603 4204 2723 4258 qua:
2782 4189 2862 4243 fas
2902 4202 3007 4242 non
3050 4197 3215 4251 esset,
3273 4187 3360 4238 iu-

1788 4277 1929 4346 quit,
1979 4278 2046 4332 ad
2098 4279 2372 4334 hominem
2418 4279 2587 4350 loqui,
2649 4279 2888 4337 arbitror
2939 4293 3039 4348 ego
3092 4278 3359 4330 universa:

1788 4368 2113 4438 cognitionis
2147 4369 2412 4424 elementa
2457 4369 2704 4438 quaedam
2733 4369 2955 4423 minima
2984 4366 3365 4423 brevissimae-

1788 4472 1893 4528 que
1978 4460 2408 4517 introductiones
2469 4474 2587 4516 esse
2646 4461 2931 4516 universas
3019 4459 3356 4529 Scripturas,

121 4535 282 4589 οὐκέτι
298 4538 447 4592 πίνει
478 4535 594 4602 νῦν,
630 4536 780 4590 ἔπιον
813 4536 868 4589 δὲ
891 4537 986 4590 καὶ
1014 4539 1061 4592 οί
1083 4537 1186 4591 υἱοὶ
1215 4537 1398 4601 αὑτοῦ,
1422 4537 1558 4592 ἀλλὰ
1584 4539 1681 4593 νῦν

1797 4547 2002 4604 etiamsi
2054 4558 2311 4605 accurate
2367 4549 2661 4605 intellectae
2711 4541 2934 4606 fuerint.
2990 4549 3355 4616 Quamobrem

120 4622 284 4692 ἔχουσι
320 4626 382 4680 τὸ
431 4628 678 4698 κρεῖττον
736 4627 942 4681 ἐκείνου
968 4628 1149 4694 ποτὸν,
1179 4627 1468 4681 πεπὼκασι
1496 4628 1552 4682 δὲ
1587 4629 1682 4682 καὶ

118 4714 178 4766 τὰ
205 4714 498 4788 θρέμματα
541 4716 748 4785 αὐτῶν,
772 4721 805 4790 ἡ
833 4721 983 4773 πᾶσα
1015 4717 1150 4773 εἶναι
1174 4721 1390 4792 Γραφή·
1416 4719 1475 4772 τὸ
1499 4719 1556 4772 δὲ
1587 4719 1678 4773 τοῦ

129 4804 283 4872 Ἰησοῦ
306 4807 454 4879 ὕδωρ
480 4806 543 4860 τὸ
567 4808 709 4878 ὑπὲρ
730 4809 765 4862 ἂ
786 4808 1124 4880 γέγραπται·
1150 4809 1210 4862 οὐ
1235 4811 1366 4862 πᾶσι
1389 4809 1446 4863 δὲ
1474 4808 1680 4874 ἔξεστιν

119 4894 326 4967 ἐρευνᾷν
355 4898 428 4951 τὰ
470 4898 612 4970 ὑπὲρ
655 4899 690 4952 ἃ
727 4900 1074 4971 γέγραπται·
1122 4900 1216 4954 ἐὰν
1259 4901 1332 4972 μή
1383 4918 1468 4964 τις
1497 4902 1679 4965 αὐτοῖς

117 4985 425 5059 ἐξομοιωθῇ,
460 4990 548 5042 ἵνα
593 4988 668 5060 μὴ
700 4991 1100 5064 ὲπιπλήσσηται
1132 4993 1344 5047 ἁκούων
1375 4995 1468 5047 τό·
1507 5013 1524 5046 ι
1563 4995 1676 5048 Χα-

117 5078 384 5156 λεπιὶιτερά
431 5081 527 5136 σόυ
579 5082 654 5156 μὴ
703 5083 886 5155 ζήτει·
941 5086 1036 5140 καὶ⁸
1089 5086 1413 5158 ίσχυρότερά
1461 5103 1554 5140 σο.)
1601 5088 1677 5160 μὴ

118 5170 308 5238 ιρεύνα.
351 5191 374 5226 ι
833 5202 839 5207 ·

1792 4638 1914 4694 vide
1943 4653 2071 4692 num
2101 4639 2225 4694 fons
2249 4639 2437 4706 Jacob,
2469 4655 2534 4696 ex
2563 4655 2669 4710 quo
2701 4641 2921 4696 bibebat
2944 4641 3234 4710 aliquando
3259 4637 3357 4692 Ja-

1791 4727 1912 4795 cob,
1943 4729 2034 4784 sed
2067 4745 2209 4785 nunc
2239 4747 2342 4785 non
2367 4732 2534 4798 bibit;
2569 4741 2732 4802 atque
2761 4733 2927 4786 etiam
2974 4731 3235 4786 bibebant
3263 4729 3358 4783 lilii

1789 4820 1893 4884 sui,
1936 4821 2031 4874 sed
2076 4836 2219 4876 nunc
2260 4830 2445 4890 potqu
2480 4821 2686 4877 habent
2725 4822 2816 4877 illo
2843 4820 3012 4892 priori
3051 4831 3179 4888 petu
3213 4833 3356 4888 pra:-

1787 4910 2126 4980 stantiorem,
2170 4913 2301 4982 quin
2357 4912 2611 4968 biberunt
2661 4916 2826 4967 etiam
2887 4923 3353 4982 pecorateorum,

1787 5001 1962 5069 possit
2007 5017 2129 5058 esse
2193 5005 2447 5060 universa
2501 5005 2813 5076 Scriptura;
2854 5018 2989 5073 aqua
3044 5018 3174 5058 vero
3223 5001 3354 5058 Jesu

1787 5093 1916 5149 illud
1967 5110 2090 5151 esse
2127 5097 2300 5167 possit
2350 5098 2491 5168 quod
2530 5104 2612 5153 eSt
2647 5112 2808 5166 supra
2863 5110 2925 5150 ea
2977 5110 3098 5166 qua:
3147 5097 3353 5164 scripta

1785 5193 1912 5239 sunt
1947 5204 1960 5240 :
1989 5201 2094 5242 non
2138 5189 2389 5243 omnibus
2432 5201 2614 5243 autem
2668 5189 2906 5244 scrutari
2940 5187 3067 5243 licet
3097 5203 3220 5258 qua:
3247 5188 3356 5266 sint

159 5337 518 5419 "l’salLsu.z
546 5338 604 5395 2.
682 5339 911 5419 "Aman.
951 5358 1023 5408 tv,
1071 5342 1156 5396 l5.
1236 5343 1278 5374 "
1310 5342 1439 5399 ibid.
1471 5345 1522 5398 7.
1602 5345 1652 5376 ⁸⁸
1675 5345 1803 5401 ibid.
1838 5346 1924 5402 16.
2002 5349 2047 5380 ⁸⁸
2069 5347 2225 5402 Joan.
2258 5365 2368 5415 xxi,
2411 5349 2502 5404 95.
2579 5352 2623 5381 ⁸ο
2649 5352 2818 5418 Apoc.
2860 5369 2912 5419 ι,
2940 5354 2993 5408 3.
3072 5353 3114 5384 ⁵⁸
3154 5351 3190 5405 Η
3227 5353 3351 5410 Cur.

119 5419 200 5473 ιιι,
221 5410 271 5463 Al.
349 5410 398 5441 “
424 5409 445 5464 ι
476 5408 603 5464 Cor.
632 5423 708 5474 vt,
741 5411 825 5463 12.

173 5549 277 5630 (9_7)
317 5553 465 5630 Οὕτί
490 5553 783 5630 atatem.
810 5551 901 5608 Sic
918 5556 1087 5610 codex
1111 5556 1457 5626 Bodleianus,
1488 5571 1632 5617 recte
1653 5581 1678 5628 ;_

121 5615 319 5691 Regius,
358 5624 522 5685 male,
554 5623 685 5676 ὅταν
707 5615 898 5691 Ἔλεγε.

303 5691 488 5770 (_Io_dex
518 5693 740 5770 Regius,
769 5687 1073 5770 perperam,
1096 5697 1174 5770 06
1203 5697 1310 5770 γὰρ
1330 5700 1493 5768 ἄλλῳ.

151 5759 386 5840 laeua
424 5759 964 5840 marginemmdicis
1000 5759 1290 5821 Bmlleia'ni'
1323 5787 1416 5840 pro
1446 5759 1549 5840 ἢθη
1597 5771 1673 5826 le-

121 5829 241 5895 gitur
263 5829 407 5898 θεῖα,
435 5829 598 5902 quain
625 5832 908 5890 lectionem
942 5848 1160 5891 secutus
1188 5849 1266 5894 est
1296 5829 1600 5896 Ferrarius.

1854 5565 1929 5638 (Ι)
1954 5565 2224 5638 ltrcodice
2249 5563 2420 5638 Regio
2457 5566 2608 5620 deest
2644 5567 2750 5638 τὸν⁸
2769 5565 2991 5636 κόσμον.

1855 5565 1898 5638 (Ι
1954 5565 2010 5618 In
2039 5566 2224 5620 codice
2249 5565 2420 5634 Regio
2457 5566 2608 5620 deest
2644 5567 2732 5619 τὸν
2769 5565 2991 5636 κόσμον.

1855 5565 1929 5706 (ii
1993 5636 2154 5691 Forte
2195 5635 2476 5705 legendum
2527 5651 2649 5691 cum
2714 5636 2985 5699 Ferrario,
3023 5631 3156 5687 εἰδὲ
3183 5634 3353 5706 ἥκον-

1785 5725 1931 5847 σωίῖὃ)
1971 5777 2026 5833 In
2055 5777 2238 5834 codice
2273 5775 2566 5834 Bodleiano
2594 5777 2746 5833 deest
2769 5773 2950 5846 φησίν.
