3826 6528
445 368 550 424 407

1891 366 2141 423 ORIGEN
2148 366 2210 423 IS

3562 369 3661 425 ωε

443 481 724 552 superiora
766 482 853 539 his
873 498 994 555 qua:
1022 484 1223 553 scripta
1250 492 1399 548 sunt,
1431 483 1532 540 nisi
1554 482 1644 553 qui
1670 480 2006 538 assimilatas
2030 479 2195 536 fuerit
2242 481 2391 552 ipsis,
2439 496 2507 537 ne
2542 480 2857 553 objurgetur
2905 481 3129 538 audiens
3158 498 3175 536 :
3205 500 3224 532 ι
3254 480 3335 536 Te
3378 479 3664 537 diliicil’ora

445 590 515 633 ne
536 590 766 646 quaeras,
813 584 869 633 et
905 585 955 632 te
980 576 1204 633 fortiora
1232 591 1299 631 ne
1333 577 1536 646 vestiga
1552 576 1620 632 ⁸³.
1650 593 1671 627 ι

515 665 571 724 6.
610 664 763 732 Quod
815 667 863 723 si
912 667 1144 724 dicimus
1189 666 1370 738 aliqua
1430 681 1554 723 esse
1600 681 1761 737 supra
1795 678 1862 721 ea
1892 677 2011 733 qua:

2183 660 2236 715 6.
2283 659 2408 714 Ἐὰν
2444 658 2501 712 δὲ
2537 656 2784 729 λέγωμεν
2824 657 2893 713 τά
2934 658 3073 729 ὑπὲρ
3116 655 3152 710 ἃ
3180 655 3492 729 γέγραπται
3535 649 3668 709 εῐναί

444 757 648 826 scripta
672 767 823 824 sunt,
854 774 961 814 non
1001 760 1106 815 hoc
1133 759 1364 815 dicimus
1390 775 1452 814 ea
1486 774 1644 829 posse
1680 756 1860 812 untltis
1890 767 2012 809 esse

450 852 717 916 nota,sed
755 849 976 916 Joanni,
1008 853 1097 921 qui
1132 852 1375 917 audiens,
1417 852 1659 907 scribere
1700 850 1860 905 etiam
1887 861 2014 916 qua-

449 942 519 996 lia
548 954 737 999 essent
772 958 835 997 ea
881 945 1181 999 tonitruum
1218 945 1384 998 verba
1417 960 1523 1000 non
1574 940 2007 1008 permittitur“;

447 1048 681 1103 cumque
728 1050 790 1089 ea
831 1035 1131 1102 didicisset,
1167 1050 1229 1090 ea
1282 1050 1388 1089 non
1439 1035 1654 1099 scribit,
1710 1042 1767 1087 ut
1824 1040 2014 1103 parcat

450 1125 652 1179 mundo
683 1140 697 1178 :
728 1125 948 1179 rebatur
982 1125 1129 1179 enim
1175 1139 1243 1179 ne
1298 1125 1474 1194 ipsum
1508 1126 1724 1194 quidem
1756 1123 2009 1178 mundum

450 1224 755 1285 capturum,
799 1215 888 1286 qui
938 1215 1328 1281 scriberentur,
1361 1216 1531 1271 libros
1554 1216 1621 1270 ”.
1654 1216 1791 1282 Quin
1819 1215 2006 1279 etiam,

449 1320 571 1376 qua
628 1306 829 1361 Paulus
875 1309 1082 1371 didicit,
1141 1314 1266 1363 sunt
1316 1323 1478 1376 supra
1536 1323 1598 1362 ea
1654 1322 1775 1376 qum
1808 1306 2011 1375 scripta

449 1407 596 1459 sunt,
649 1401 1084 1468 qnamloqnidem
1125 1400 1374 1455 homines
1423 1415 1487 1455 ea
1537 1400 1699 1455 locuti
1738 1407 1908 1462 sunt;
1957 1406 2013 1453 et

447 1502 566 1556 quae
589 1489 777 1542 oculus
812 1504 918 1542 non
956 1489 1092 1541 vidit
1113 1489 1181 1552 ",
1214 1495 1339 1542 sunt
1368 1502 1531 1555 supra
1559 1499 1621 1539 ea
1663 1501 1781 1555 qua:
1805 1483 2009 1552 scripta

448 1588 605 1646 sunt;
637 1588 693 1633 et
734 1594 851 1649 qua:
885 1580 1031 1634 auris
1055 1594 1160 1634 non
1203 1577 1501 1642 audivit",
1541 1576 1704 1631 scribi
1753 1589 1856 1629 non
1890 1588 2016 1643 pos-

450 1679 595 1724 sunt.
648 1670 788 1737 Quin
836 1678 890 1724 et
928 1684 1046 1739 qua:
1087 1669 1141 1723 in
1184 1684 1281 1724 cor
1317 1669 1556 1723 hominis
1606 1681 1711 1722 non
1748 1664 2014 1721 ascende-

450 1759 660 1825 runt",
707 1758 857 1815 fonte
902 1759 1069 1815 Jacob
1113 1768 1239 1814 sunt
1277 1757 1510 1828 majora,
1557 1757 1756 1827 quippe
1809 1769 1930 1824 qua:
1982 1768 2012 1807 a

450 1851 597 1907 fonte
619 1866 772 1923 aqua:
809 1852 1053 1906 salientis
1081 1854 1148 1905 ad
1173 1852 1342 1905 vitam
1376 1859 1633 1904 aeternam
1660 1848 2012 1902 manifestan-

450 1953 538 1996 tnr
583 1944 668 1998 his
704 1944 796 2012 qui
843 1957 940 1997 cor
979 1942 1215 1997 hominis
1254 1957 1358 1997 non
1409 1939 1640 2010 amplius
1671 1938 1891 2002 habent,
1919 1936 2011 1992 sed

451 2034 632 2090 dicere
659 2034 836 2088 valent
866 2051 881 2087 :
921 2054 939 2085 ι
971 2031 1078 2088 Nos
1110 2044 1292 2088 autem
1342 2040 1575 2087 mentem
1621 2029 1818 2085 Christi
1850 2029 2011 2083 habe-

450 2141 591 2190 mus,
647 2135 703 2180 ut
747 2126 1024 2180 videamus
1065 2140 1185 2194 quae
1212 2140 1240 2177 a
1272 2124 1380 2179 Deo
1414 2124 1610 2178 donata
1655 2130 1781 2176 sunt
1816 2120 2009 2184 nobis;

452 2231 573 2285 qua:
612 2226 664 2270 et
704 2215 973 2285 loquimur
1010 2230 1116 2270 non
1147 2215 1202 2269 in
1233 2215 1405 2270 doctis
1439 2214 1692 2269 humanae
1736 2214 2014 2283 sapientia:

451 2307 651 2372 verbis,
680 2307 773 2362 sed
821 2310 875 2361 in
922 2306 1174 2361 doctrina
1211 2304 1445 2376 Spiritus
1465 2305 1533 2358 ⁵³.
1560 2324 1578 2357 ι
1615 2304 1681 2359 Et
1710 2303 1917 2374 inspice
1945 2318 2011 2357 an

452 2398 568 2453 lieri
601 2398 772 2467 possit
799 2398 1124 2451 ut.hnmana
1164 2396 1430 2467 sapientia
1472 2410 1575 2450 non
1601 2395 1848 2464 loquatur
1878 2391 2013 2447 falsa

450 2491 734 2559 dogmata,
780 2490 872 2543 sed
918 2503 1037 2558 qua:
1081 2488 1361 2542 veritatem
1397 2485 1744 2551 conﬁrment,
1769 2484 1930 2554 217
1961 2491 2016 2537 et

451 2584 518 2637 ad
549 2582 798 2637 homines
829 2579 1158 2651 posteriores
1207 2577 1559 2648 perveniant;
1596 2593 1717 2648 quae
1744 2592 1869 2632 vero
1893 2574 2015 2646 Spi-

452 2674 592 2729 ritus
638 2673 852 2736 edocet,
896 2673 1010 2727 sint
1036 2669 1270 2728 fortasse
1314 2670 1437 2725 fons
1484 2684 1638 2739 aqua:
1679 2669 1920 2724 salientis
1946 2670 2013 2724 ad

450 2766 624 2820 vitam
659 2764 1003 2820 arteruam".
1051 2762 1482 2819 lntroductiones
1523 2778 1651 2833 ergo
1688 2770 1815 2817 sunt
1868 2761 2012 2816 Scri.

451 2869 643 2926 ptum,
669 2873 699 2912 a
723 2858 920 2927 quibus
949 2868 1205 2913 accurate
1231 2856 1548 2923 intellectis,
1586 2863 1643 2910 et
1674 2870 1816 2911 nunc
1842 2857 2014 2910 nomi-

454 2950 597 3004 natis
654 2947 773 3005 l'ons
820 2946 1010 3015 Jacob,
1058 2947 1464 3003 ascendendum
1509 2956 1593 3001 est
1624 2947 1689 3001 ad
1724 2944 2015 3008 Jesum,ut

452 3041 609 3095 nobis
665 3039 931 3108 largiatur
991 3028 1195 3093 fontem
1249 3053 1402 3106 aqua:
1447 3037 1691 3092 salientis
1745 3035 1813 3089 ad
1851 3036 2012 3088 vitam

449 3142 733 3187 aeternam.
777 3131 1044 3186 Caeterum
1088 3145 1196 3185 non
1247 3129 1500 3184 similiter
1538 3129 1716 3183 omnis
1767 3127 1946 3181 haurit
1982 3140 2014 3181 e

451 3222 602 3276 fonte
649 3219 850 3286 Iacob;
906 3234 1032 3274 nam
1085 3220 1250 3274 etiam
1292 3218 1337 3273 si
1371 3217 1584 3273 bibebat
1609 3215 1793 3278 Iacob,
1832 3226 1886 3271 et
1916 3215 2011 3269 lilii

2111 770 2252 817 τινα,
2282 752 2343 807 ού
2365 742 2522 805 τοῦτύ
2550 767 2749 821 φαμεν,
2775 750 2857 804 ὅτι
2882 748 3098 820 γνωστὰ
3143 751 3252 812 τοῖς
3297 746 3507 809 πολλοῖς
3536 742 3670 800 εἶναι

2111 845 2352 908 δύναται,
2400 842 2535 897 ἀλλὰ
2581 844 2799 916 Ἰωάννῃ
2840 840 3111 903 ἀκούοντι,
3146 843 3242 895 καὶ
3274 840 3504 912 γράφειν
3539 838 3672 894 αύτά

2116 938 2189 1008 μὴ
2223 936 2654 1007 ὲπιτρεπομένῳ,
2677 936 2833 988 ὁποῖα
2857 930 2925 1005 ἦν
2954 934 3023 987 τὰ
3040 932 3149 986 τῶν
3177 931 3413 1004 βροντῶν
3440 931 3669 1002 ῥήματα,

2112 1032 2207 1084 καὶ
2235 1028 2578 1101 μανθάνοντι,
2622 1027 2715 1081 καὶ
2745 1026 2831 1080 διὰ
2857 1026 2918 1079 τὸ
2944 1025 3218 1096 φείδεσθαι
3254 1023 3349 1076 τοῦ
3383 1023 3587 1094 κόσμου
3613 1023 3670 1074 ού

2113 1121 2375 1193 γράφοντι
2415 1119 2588 1174 αὑτά·
2635 1119 2771 1190 ᾤετο
2788 1117 2898 1190 γὰρ
2953 1117 3087 1189 μηδὲ
3128 1116 3290 1172 αὑτὸν
3332 1115 3425 1170 τόν
3477 1114 3673 1186 κόσμον

2111 1216 2306 1286 χωρεῖν
2329 1212 2397 1267 τά
2420 1213 2738 1284 γραφόμενα
2767 1209 2964 1282 βιϐλία.
3006 1210 3164 1265 Ἀλλά
3196 1211 3292 1264 καί
3319 1208 3463 1279 ἅπερ
3485 1208 3513 1261 ὁ
3535 1205 3676 1261 Παῦ-

2112 1306 2202 1370 λος
2230 1305 2546 1377 μεμάθηκεν
2573 1304 2786 1376 apsqu
2827 1303 3066 1375 ῥήματα.
3106 1300 3246 1372 ὑπὲρ
3279 1299 3317 1354 ἀ
3348 1299 3671 1370 γέγραπται,

2112 1398 2166 1452 εἶ
2190 1416 2252 1468 γε
2286 1398 2354 1452 τὰ
2396 1396 2755 1469 γεγραμμένα
2798 1394 3074 1466 ἄνθρωποι
3115 1392 3476 1464 λελαλήκασι·
3517 1390 3609 1444 καὶ
3643 1388 3675 1443 ἃ

2111 1489 2386 1561 ὀφθαλμὸς
2411 1489 2510 1542 οὐκ
2529 1484 2682 1553 εἶδεν,
2712 1487 2856 1542 ἐστιν
2886 1486 3027 1557 ὑπὲρ
3056 1484 3124 1538 τὰ
3153 1482 3540 1556 γεγραμμένα’
3587 1483 3677 1535 καὶ

2112 1582 2147 1636 ἀ
2172 1578 2266 1646 οὖς
2292 1583 2391 1636 οὐκ
2411 1582 2631 1653 ἡκουσε,
2663 1578 2941 1650 γραφῆναι
2972 1578 3035 1632 οὐ
3077 1577 3300 1630 δύναται
3319 1592 3333 1605 ο
3365 1576 3462 1628 καὶ
3487 1573 3555 1628 τὰ
3588 1574 3676 1627 ἐπὶ

2112 1676 2337 1749 καρδίαν
2366 1677 2423 1730 δὲ
2447 1674 2734 1747 ἀνθρώπου
2775 1675 2848 1746 μὴ
2888 1669 3280 1743 ἀνεϐεϐηκότα,
3314 1671 3539 1744 μείζονά
3566 1672 3676 1724 ἐστι
3702 1708 3703 1711 η

2111 1770 2212 1840 τῆς
2243 1769 2335 1823 τοῦ
2377 1767 2569 1822 Ἰακὼϐ
2612 1768 2814 1839 πηγῆς,
2857 1766 2965 1822 ἀπὸ
3005 1765 3186 1837 πηγῆς
3229 1764 3420 1828 ὓδατος
3451 1763 3675 1833 ἁλλομέ-

2112 1876 2203 1913 νου
2237 1859 2318 1922 είς
2339 1857 2484 1929 ζωὴν
2519 1855 2735 1911 αἰώνιον
2783 1855 3157 1928 φανερούμενα
3186 1857 3296 1919 τοῖς
3331 1852 3516 1907 οὐκέτι
3548 1869 3677 1925 καρ-

2112 1950 2230 2003 δίαν
2280 1948 2568 2021 ἀνθρώπου
2620 1950 2865 2019 ἔχουσιν,
2909 1947 3045 2002 ἀλλὰ
3092 1946 3411 2017 δυναμένοις
3463 1944 3673 2013 λέγειν·

2120 2060 2138 2093 ι
2183 2042 2372 2112 Ἡμεῖς
2398 2040 2455 2093 δὲ
2474 2040 2597 2095 νοῦν
2614 2039 2849 2113 Χριστοῦ
2881 2038 3096 2109 ἔχομεν,
3125 2039 3211 2091 ἵνα
3241 2036 3442 2104 ἴδωμεν
3470 2036 3539 2089 τά
3577 2033 3678 2088 ὑπὸ

2112 2133 2206 2189 τοῦ
2244 2132 2378 2187 Θεοῦ
2416 2131 2742 2205 χαρισθέντα
2780 2132 2942 2203 ἡμῖν·
2985 2130 3022 2184 ἃ
3049 2131 3142 2184 καὶ
3167 2127 3437 2199 λαλοῦμεν
3479 2128 3581 2181 οὐκ
3622 2127 3676 2179 ἐν

2111 2227 2379 2291 διδακτοῖς
2422 2225 2766 2298 ἀνθρωπίνης
2807 2222 2995 2293 σοφίας
3038 2222 3215 2292 λόγοις
3234 2261 3251 2286 ,
3292 2220 3407 2275 ἀλλ’
3445 2220 3507 2273 ὲν
3540 2216 3677 2272 διδα-

2113 2323 2260 2384 κτοῖς
2291 2317 2625 2391 Πνεύματος.
2662 2335 2683 2369 ι
2718 2317 2828 2377 Καὶ
2869 2316 3159 2386 ἐπίστησον
3200 2316 3247 2367 εἰ
3292 2308 3403 2368 οἶόν
3447 2315 3496 2365 τ’
3534 2311 3677 2365 ἐστὶν

2113 2408 2457 2481 ἀνθρωπίνην
2498 2406 2689 2476 σοφίαν
2729 2405 2803 2476 μὴ
2854 2403 2923 2458 τὰ
2963 2404 3130 2475 ψευδῆ
3187 2402 3372 2458 καλεῖν
3414 2401 3676 2471 δόγματα,

2114 2501 2249 2556 ἀλλὰ
2293 2501 2361 2556 τὰ
2408 2496 2784 2570 στοιχειωτικὰ
2826 2495 2927 2566 τῆς
2965 2494 3242 2566 ἀληθείας,
3292 2494 3390 2548 καὶ
3440 2494 3523 2554 είς
3558 2491 3679 2553 τοὺς

2114 2590 2194 2644 ἔτι
2221 2588 2539 2662 ἀνθρώπους
2566 2587 2891 2657 φθάνονταςο
2921 2584 2991 2639 τά
3016 2584 3074 2639 δὲ
3109 2582 3333 2639 διδακτὰ
3362 2581 3679 2652 Πνεύματος

2112 2682 2254 2753 τάχα
2281 2681 2428 2735 ἐστὶν
2455 2681 2488 2751 ἡ
2520 2678 2672 2750 πηγὴ
2714 2675 2808 2731 τοῦ
2853 2677 3147 2748 ἁλλομένου
3189 2675 3380 2739 ὓδατος
3421 2674 3504 2737 είς
3539 2671 3678 2742 ζωὴν

2114 2770 2348 2826 αἰώνιον.
2406 2768 2724 2837 Είσαγωγαὶ
2769 2762 2861 2821 οὖν
2914 2768 3050 2820 εἰσιν
3078 2767 3135 2819 αἱ
3185 2764 3421 2835 Γραφαὶ,
3475 2763 3569 2831 ἀφ’
3607 2754 3679 2814 ὧν

2114 2862 2357 2935 ἀκριϐῶς
2384 2861 2751 2932 νενοημένων,
2786 2858 2882 2912 νῦν
2916 2856 3330 2931 ὀνομαζομένων
3366 2855 3553 2927 πηγῆς
3587 2841 3678 2907 τοῦ

2126 2957 2337 3023 Ἰακὼϐ,
2382 2954 2691 3012 ἀνελθετέον
2745 2953 2882 3026 πρὸς
2914 2952 3004 3007 τὸν
3051 2950 3278 3023 Ἰησοῦν,
3321 2951 3390 3004 ἵν’
3431 2946 3526 3003 οὖν
3554 2949 3680 3019 ἡμῖν

2114 3051 2407 3125 χαρίσηται
2459 3048 2639 3121 πηγὴν
2682 3046 2776 3101 τοῦ
2823 3044 3113 3116 ἁλλομένου
3177 3042 3369 3105 ὓδατος
3413 3043 3496 3105 είς
3540 3039 3679 3108 ζωὴν

2113 3143 2349 3199 αἰώνιον.
2375 3142 2486 3212 Οὐχ
2514 3140 2713 3212 ὁμοίως
2744 3138 2801 3192 δὲ
2839 3138 2949 3200 πᾶς
2977 3134 3159 3189 ἀντλεῖ
3200 3133 3308 3188 ἀπὸ
3345 3133 3452 3203 τῆς
3503 3131 3679 3203 πηγῆς

2113 3235 2209 3290 τοῦ
2255 3233 2477 3289 Ἰακώϐ’
2522 3233 2570 3285 εί
2600 3230 2709 3303 γὰρ
2749 3229 2899 3284 ἔπιεν
2959 3225 3150 3282 Ἰακὼϐ
3194 3224 3252 3292 ἐξ
3292 3224 3488 3295 αὐτῆς,
3522 3223 3614 3278 καὶ
3632 3222 3677 3275 0i

452 3313 590 3383 ejus,
620 3321 676 3368 et
726 3326 924 3382 pecora
958 3310 1077 3382 ejus
1099 3311 1166 3377 “,
1199 3320 1364 3380 atque
1405 3309 1570 3365 etiam
1603 3308 1893 3363 Samaritis
1924 3307 2013 3364 illa

2118 3331 2226 3387 υἱοὶ
2249 3328 2437 3393 αὐτοῦ,
2472 3327 2568 3381 καὶ
2599 3325 2669 3380 τὰ
2705 3322 2997 3396 θρέμματα
3033 3318 3219 3384 αὑτοῦ,
3261 3317 3475 3388 διψῶσα
3506 3316 3562 3370 δὲ
3593 3315 3681 3369 καὶ

453 3406 601 3461 venit
630 3404 697 3459 ad
736 3406 940 3460 fontem
978 3404 1178 3473 ipsum,
1205 3410 1260 3456 et
1298 3401 1503 3466 haurit,
1534 3400 1658 3454 vide
1685 3416 1751 3454 ne
1778 3399 1933 3455 aliter
1961 3409 2015 3456 et.

451 3498 750 3565 prudenter
777 3494 975 3550 biberit
1003 3490 1176 3548 Jacob
1201 3508 1322 3547 cum
1356 3491 1502 3556 liliis,
1537 3491 1697 3545 aliter
1722 3501 1776 3546 et
1803 3489 2012 3560 simpli-

452 3588 570 3644 cius
601 3602 856 3656 moreque
883 3585 1054 3656 magis
1086 3583 1315 3654 peculno
1344 3583 1581 3639 biberint
1616 3597 1809 3652 pecora
1851 3581 1967 3651 ejus
1996 3601 2011 3639 :

454 3694 647 3737 rursus
688 3678 887 3734 biberit
925 3677 1091 3732 etiam
1136 3676 1295 3730 aliter
1338 3690 1500 3746 quam
1535 3674 1701 3731 Jacob
1741 3684 1796 3729 et
1831 3674 1926 3729 lilii
1962 3685 2016 3728 et

454 3786 652 3842 pecora
679 3770 816 3841 ejus,
852 3768 1141 3826 Samaritis
1172 3767 1282 3825 illa.
1316 3767 1417 3835 Qui
1444 3768 1588 3823 enim
1621 3765 1765 3822 docti
1799 3776 1924 3821 sunt
1958 3765 2012 3819 in

454 3863 773 3933 Scripturis,
810 3861 998 3915 bibunt
1048 3860 1187 3915 sicut
1218 3857 1386 3914 Jacob
1426 3866 1482 3913 et
1518 3857 1610 3912 lilii
1644 3855 1799 3927 ejus;
1828 3857 2013 3912 rudio-

453 3971 542 4012 res
567 3971 695 4012 vero
722 3965 777 4009 et
802 3953 1181 4023 simpliciores,
1217 3952 1309 4023 qui
1343 3951 1598 4006 dicuntur
1622 3965 1752 4005 oves
1782 3949 2007 4014 Christi,

452 4049 647 4104 bibunt
675 4046 904 4119 perinde
956 4053 1120 4113 atque
1152 4058 1281 4100 oves
1309 4041 1517 4110 Jacob;
1550 4050 1662 4096 tum
1696 4041 1862 4112 aliqui
1896 4041 2017 4095 lau-

455 4143 642 4194 dantes
673 4138 1012 4208 Scripturas,
1043 4144 1099 4190 et
1129 4134 1374 4205 quaedam
1430 4134 1822 4191 constituentes
1876 4136 2018 4189 male

454 4229 621 4292 dicta,
676 4236 947 4299 praetextu
985 4225 1132 4296 quod
1162 4238 1256 4279 eas
1290 4223 1680 4287 intellexerint,
1715 4240 1821 4279 non
1857 4240 2018 4281 secus

456 4318 648 4372 bibunt
676 4324 838 4386 atque
873 4313 1091 4369 bibebat
1128 4312 1416 4367 Samaritis
1460 4311 1549 4365 illa
1582 4323 1870 4384 antequam
1900 4328 2018 4370 cre-

458 4407 615 4463 dcret
640 4406 694 4461 in
716 4404 933 4465 Iesum.

525 4596 579 4649 7.
605 4613 626 4648 ι
654 4593 796 4650 Dicit
815 4593 881 4648 ad
915 4591 1063 4647 illum
1094 4592 1322 4649 mulier:
1349 4593 1596 4659 Domine,
1629 4594 1697 4649 da
1725 4594 1855 4668 mihi
1877 4594 2019 4651 hanc

2117 3425 2151 3496 ὴ
2189 3422 2517 3493 Σαμαρεῖτις
2556 3416 2830 3489 διέρχεται
2868 3414 2955 3467 ἐπ’
2989 3410 3175 3479 αὑτοῦ,
3212 3410 3309 3464 καὶ
3341 3409 3550 3470 ἀντλεῖ,
3585 3408 3682 3496 μή·

2116 3494 2247 3567 ποτε
2293 3511 2388 3565 καὶ
2414 3509 2589 3573 ἄλλως
2642 3506 2814 3571 ἔπινε,
2863 3505 2957 3561 καὶ
3007 3500 3385 3573 ἐπιστημόνως
3412 3499 3443 3552 ὁ
3494 3494 3682 3552 Ἰακὼϐ

2076 3611 2090 3623 ⁸
2118 3605 2215 3659 σὺν
2243 3606 2354 3667 τοῖς
2378 3602 2539 3666 υἱοῖς·
2571 3599 2742 3663 ἄλλως
2761 3599 2819 3653 δὲ
2839 3598 2932 3669 καὶ
2958 3594 3341 3665 ἁπλούστερον,
3364 3590 3463 3646 καὶ
3481 3606 3685 3660 κτηνῶ-

2114 3697 2385 3766 δέστερον,
2425 3692 2520 3747 καὶ
2554 3691 2624 3744 τά
2657 3690 2951 3762 θρέμματα
2992 3684 3185 3742 αὐτοῦ·
3223 3683 3400 3747 ἄλλως
3444 3682 3505 3736 δὲ
3537 3679 3681 3750 παρά

2115 3787 2206 3841 τὸν
2243 3784 2455 3850 Ἰακὼϐ,
2477 3785 2571 3838 καὶ
2598 3782 2724 3847 τοὺς
2753 3782 2922 3845 υἱοὺς,
2971 3779 3066 3833 καὶ
3093 3776 3161 3831 τὰ
3197 3775 3493 3848 θρέμματα
3521 3769 3680 3825 αὐτοῦ

2116 3880 2151 3950 ὴ
2178 3878 2533 3950 Σαμαρεῖτιςο
2564 3876 2615 3929 οί
2653 3874 2751 3945 μὲν
2790 3872 2899 3944 γὰρ
2931 3870 3071 3925 κατὰ
3114 3868 3213 3933 τὰς
3260 3864 3488 3938 Γραφάς
3538 3862 3685 3931 σοφοὶ

2120 3969 2385 4032 πίνουσιν,
2414 3963 2506 4031 ,ὡς
2545 3968 2574 4020 ὁ
2626 3963 2839 4030 Ἰακὼϐ,
2887 3963 2983 4017 καὶ
3030 3962 3080 4015 οί
3130 3960 3239 4014 υἱοὶ
3290 3955 3497 4013 αὐτοῦ·
3538 3954 3589 4008 οί
3627 3952 3682 4005 δὲ

2121 4060 2497 4131 ἁπλούστεροι,
2524 4059 2616 4113 καὶ
2644 4056 2993 4128 ἀκερέστεροι
3027 4053 3124 4125 (4),
3157 4053 3207 4106 οἱ
3240 4049 3529 4120 λεγόμενοι
3555 4045 3684 4116 πρό-

2120 4151 2260 4206 ϐατα
2292 4147 2551 4221 Χριστοῦ,
2605 4148 2851 4201 πίνουσιν
2896 4145 2972 4210 ὼς
3006 4143 3078 4198 τά
3117 4141 3412 4215 θρέμματα
3443 4136 3540 4192 τοῦ
3586 4137 3684 4190 Ἰα-

2120 4241 2237 4298 κώϐ
2252 4258 2266 4273 ’
2294 4243 2346 4295 οἱ
2368 4241 2426 4295 δὲ
2448 4239 2901 4311 παρεκδεχόμενοι
2929 4236 3027 4300 τὰς
3046 4233 3291 4307 Γραφάς,
3315 4234 3412 4287 καὶ
3431 4228 3686 4300 δύσφημά

2117 4352 2240 4389 τινα
2277 4332 2639 4391 συνιστάντες.
2684 4329 2954 4402 προφάσει
3000 4326 3095 4381 τοῦ
3137 4325 3449 4397 νενοηκέναι
3500 4322 3682 4384 αὐτὰς,

2121 4428 2367 4481 πίνουσιν
2389 4424 2468 4487 ὡς
2489 4426 2523 4495 ἡ
2560 4422 2668 4495 πρὸ
2693 4422 2784 4476 τοῦ
2820 4418 3106 4476 πιστεῦσαι
3141 4419 3220 4482 είς
3267 4416 3478 4488 Ἰησοῦν
3510 4415 3686 4485 Σαμα-

2125 4520 2291 4591 ρεῖτις
2315 4517 2485 4569 ἔπινε.

2196 4602 2462 4673 7.(Λέγει
2492 4602 2629 4675 πρὸς
2676 4601 2837 4657 αὑτὸν
2883 4603 2917 4672 ἡ
2965 4601 3134 4671 γυνή’
3232 4597 3428 4669 Κύριε,
3470 4596 3560 4659 δός
3600 4610 3685 4665 μοι

457 4703 678 4762 aquam,
724 4701 794 4742 ne
843 4686 1051 4751 sitiam,
1077 4699 1257 4760 neque
1284 4685 1497 4742 veniam
1527 4686 1636 4743 huc
1662 4688 1730 4742 ad
1758 4686 2013 4743 hanrien«

2121 4697 2280 4754 τοῦτο
2310 4696 2373 4750 τὸ
2404 4673 2565 4766 ὕδωρ,
2595 4695 2684 4748 ἵνα
2715 4692 2790 4766 μὴ
2816 4693 2973 4763 διψῶ,
3007 4692 3140 4764 μηδὲ
3169 4690 3475 4763 διέρχωμαι
3504 4686 3683 4742 ὲνθάδε

455 4783 583 4838 dum
602 4781 670 4834 ".
700 4798 722 4833 ι
752 4777 870 4836 Jam
887 4782 1123 4834 secundo
1138 4780 1395 4850 praedicat
1416 4778 1702 4837 Samaritis
1732 4780 2016 4838 Dominum

2122 4790 2354 4846 ἀντλεῖν.
2396 4807 2415 4840 ι
2446 4788 2581 4858 Ἤδη
2610 4785 2859 4858 δεύτερον
2889 4785 3090 4857 Κύριον
3116 4782 3439 4855 ἀναγορεύει
3469 4780 3685 4835 τὸνΣω-

458 4874 829 4934 Servatorem,
869 4870 1107 4939 primum
1141 4886 1264 4927 cum
1293 4872 1425 4927 dicit
1452 4888 1466 4926 :
1498 4890 1518 4924 ι
1548 4871 1796 4942 Domine,
1846 4889 2013 4945 neque

2123 4882 2263 4955 τῆρα
2301 4882 2336 4952 ἡ
2369 4879 2729 4950 Σαμαρεῖτιςο
2763 4876 3027 4949 πρότερον
3063 4875 3161 4946 μὲν
3191 4874 3282 4927 ὅτε
3326 4874 3494 4945 φησί·
3533 4891 3554 4925 ι
3589 4870 3690 4924 Κύ-

454 4964 790 5021 baustorium
825 4961 1013 5029 habes,
1044 4972 1101 5019 et
1128 4974 1323 5033 puteus
1349 4964 1487 5020 altus
1530 4975 1613 5020 est
1633 4965 1718 5032 ⁶³;
1751 4986 1772 5019 ι
1803 4970 2013 5036 quando

2124 4992 2227 5047 ριε,
2256 4972 2380 5028 οὔτε
2410 4971 2654 5041 ἄντλημα
2687 4969 2850 5041 ἔχεις,
2881 4968 2975 5023 καὶ
3011 4969 3072 5023 τὸ
3099 4967 3275 5040 φρέαρ
3314 4968 3433 5021 ἐστὶ
3462 4965 3626 5037 βαθύ·
3662 4984 3683 5016 ι

457 5059 619 5111 etiam
667 5055 988 5125 interrogat,
1030 5056 1172 5110 unde
1222 5055 1419 5111 habeat
1472 5072 1666 5127 aquam
1718 5059 1919 5125 vivam,
1964 5074 2013 5116 et

2119 5068 2209 5121 ὅτε
2239 5067 2333 5121 καὶ
2355 5064 2606 5118 ἐπιποθεῖ
2629 5062 2704 5134 (5)
2728 5062 2887 5116 πόθεν
2917 5060 3029 5131 ἔχει
3067 5062 3124 5116 τὺ
3157 5059 3265 5126 ζῶν
3305 5059 3476 5133 ῦδωρ,
3518 5059 3609 5113 ml.
3635 5058 3687 5111 si

459 5162 590 5202 num
638 5145 812 5213 major
851 5146 924 5200 sit
968 5142 1159 5209 Jacob,
1207 5146 1298 5213 qui
1344 5147 1639 5216 putabatur
1692 5163 1816 5204 esse
1866 5159 2013 5219 pater

2126 5157 2327 5228 μείζων
2354 5158 2437 5226 εἴη
2476 5153 2569 5209 τοῦ
2615 5152 2969 5224 νομιζομένου
3010 5152 3211 5224 πατρὸς
3237 5152 3409 5222 αὐτῆς
3466 5148 3682 5205 Ἰακώ6’

458 5236 575 5303 ejus
600 5252 616 5291 :
637 5242 689 5288 et
714 5248 854 5289 nunc
875 5234 1059 5300 etiam,
1084 5238 1299 5305 quando
1322 5239 1453 5305 petit
1477 5254 1673 5308 aquam
1700 5238 1869 5305 illam,
1900 5256 2013 5310 qum

2124 5246 2216 5299 νῦν
2244 5246 2300 5299 δὲ
2328 5247 2415 5299 ὅτε
2444 5246 2536 5298 καὶ
2558 5247 2729 5297 αἰτεῖν
2756 5242 2863 5298 ἀπὸ
2889 5244 2984 5296 τοῦ
3028 5244 3236 5307 ὓδατος,
3269 5242 3363 5296 τοῦ
3405 5241 3685 5313 γινομένου

458 5329 511 5382 in
542 5327 762 5381 bibentc
786 5324 845 5377 lit
866 5322 988 5378 fons
1010 5341 1161 5395 aqua:
1187 5326 1434 5383 salientis
1459 5331 1523 5385 ad
1548 5331 1712 5382 vitam
1735 5341 2013 5398 aeternam,

2126 5337 2308 5407 πηγῆς
2334 5339 2391 5390 ὲν
2415 5335 2492 5406 τῷ
2514 5336 2719 5388 πίνοντι
2745 5334 2935 5397 ὓδατος
2956 5334 3246 5404 ἁλλομένου
3278 5334 3359 5397 εἰς
3394 5332 3537 5405 ζωὴν
3562 5327 3687 5385 alti:-

526 5488 572 5519 ⁵³
591 5486 755 5540 Eccli.
775 5502 858 5547 Ill,
889 5486 979 5541 22.
1053 5488 1281 5559 “Apoc.
1310 5508 1367 5557 ι,
1395 5491 1449 5544 3.
1525 5493 1571 5523 ⁵⁸
1595 5490 1750 5547 Joan.
1775 5508 1890 5554 χιι.
1912 5496 2003 5552 25.

458 5559 502 5591 ω
544 5555 670 5591 Imm
729 5570 780 5591 ιν
834 5556 901 5591 AL
1000 5557 1043 5588 at
1076 5559 1189 5591 tum
1248 5561 1308 5591 ιο
1406 5562 1581 5591 sa:t.:.t
1628 5563 1693 5591 at:
1832 5564 1878 5591 οι
1905 5566 2010 5591 :|.:.l

2118 5498 2315 5591 :lCor.
2338 5499 2471 5567 ",9.
2548 5497 2592 5528 "
2623 5496 2753 5551 ibid.
2828 5496 2873 5528 ⁵⁸
2902 5497 3031 5551 ibid.
3107 5496 3153 5528 "
3187 5495 3320 5550 ibid.
3370 5498 3462 5562 12,
3490 5496 3573 5565 l3,
3603 5495 3686 5550 16.

535 5555 696 5612 Joan.
729 5570 803 5619 Iv,
834 5556 920 5609 14.
1000 5557 1043 5588 ⁶¹
1075 5555 1203 5613 ibid.
1248 5555 1358 5615 12.,
1406 5563 1450 5592 ⁶²
1472 5562 1601 5615 ibid.
1628 5563 1708 5616 15.
1832 5564 1878 5595 ⁵⁸
1904 5566 2010 5621 ibid

2249 5555 2253 5556 ,
2382 5555 2396 5567 ,
3446 5555 3460 5562 ,

2118 5573 2133 5626 |
2148 5609 2161 5624 .
3548 5618 3561 5626 _

531 5648 609 5717 (4)
645 5645 1072 5728 Ἀκερέᾳτεροιη
1100 5652 1712 5728 ΝοιιξιιιςςῐτοιιιηιιιιιῇοίΔ
1739 5656 1879 5713 hanc
1922 5675 2017 5715 vo-

459 5734 600 5798 tem.
627 5719 780 5798 Qui!“
812 5719 1134 5798 ἑἔπι-ἀκεερής,
1176 5726 1280 5798 nisi
1310 5719 1540 5798 fortasse
1574 5724 1664 5798 ille
1701 5725 1853 5798 locus
1894 5744 2015 5782 cor-

462 5796 648 5858 ruptus
680 5789 768 5852 sit,
796 5795 850 5841 et
895 5789 1175 5860 legendum
1225 5793 1296 5848 sit
1329 5794 1582 5851 fortasse,
1612 5794 2012 5870 ἀκεραιότεροι.

2123 5663 2724 5735 νοιεάκραιφνέστεροι.
2765 5658 3022 5735 "uenus.

2193 5733 2271 5799 (5)
2332 5728 2395 5787 'ln
2437 5728 2700 5799 'tnargine
2765 5730 2973 5784 codicis
3035 5729 3310 5792 Bodleiani
3365 5728 3562 5798 legitur
3611 5728 3684 5780 ἔτι

2127 5804 2286 5869 αἰτεῖ,
2326 5818 2483 5873 quam
2512 5804 2593 5858 ler
2606 5801 2801 5854 tionem
2832 5810 3048 5855 secutus
3073 5811 3155 5856 est
3180 5799 3484 5853 Ferrarius.
