3806 6540
511 391 612 447 411

1994 386 2093 448 0R1

2196 387 2312 445 MS
3623 392 3708 449 412

508 516 569 565 et
611 502 901 562 Samaritis
934 501 1102 558 habet
1157 500 1337 558 virum
1382 500 1640 571 aliquem,
1673 501 1799 572 quia
1844 502 2077 576 seipsam

2196 503 2406 568 ἕκαστος
2433 502 2539 558 τῶν
2560 502 2881 574 ἑτεροδόξων
2910 503 3087 558 θέλει·
3119 502 3215 558 καὶ
3239 500 3482 574 βούλεται
3513 505 3711 562 ἐνταῦθα

510 595 665 667 juxta
693 607 1004 665 perversam
1046 591 1454 660 intelligentiam
1488 605 1746 648 sanorum
1786 594 2075 648 verborum

511 684 808 757 subjecerit
840 684 944 754 legi
969 682 1151 752 alicui,
1171 684 1327 753 juxta
1366 698 1529 753 quam
1554 684 1673 738 vult
1700 684 1884 740 vivere
1907 700 2076 741 unus-

511 779 746 852 quisque
773 776 844 832 ab
872 775 1129 831 Ecclesia:
1166 775 1405 832 decretis
1460 774 1768 842 dissidens;
1806 785 1864 832 et
1898 776 1942 831 si
1967 777 2081 831 vult

511 869 680 926 etiam
719 869 824 923 hoc
867 866 921 921 in
968 867 1087 922 loco
1124 865 1341 921 divinus
1377 879 1561 920 sermo
1588 866 1823 920 animam
1853 867 2081 921 manife-

512 962 645 1018 stari
681 959 935 1015 Ecclesiae
967 957 1203 1013 decretis
1237 957 1671 1022 dissentientem,
1696 972 1816 1028 quae
1848 958 1952 1013 sibi
1979 959 2080 1028 ipsi

514 1051 839 1121 prarfecerit.
867 1048 1038 1117 legem
1089 1047 1415 1118 principem,
1467 1057 1527 1102 ut
1566 1055 1750 1118 spreto
1807 1048 1945 1116 viro,
1981 1063 2080 1104 ceu

517 1157 626 1198 non
699 1140 976 1211 legitimo,
1017 1147 1230 1209 quaerat
1288 1137 1541 1203 alterum,
1609 1146 1844 1209 nuptura
1925 1138 2082 1194 alteri

517 1235 657 1300 viro,
705 1233 964 1289 nimirum
1018 1230 1270 1288 Sermoni
1318 1228 1460 1285 Filio
1516 1231 1634 1299 Dei,
1697 1231 1788 1301 qui
1847 1232 2083 1287 resusci-

518 1334 668 1382 tatus
697 1334 782 1381 est
813 1339 880 1380 ex
916 1323 1171 1389 mortuis,
1206 1337 1314 1378 non
1364 1322 1682 1390 mutandus,
1735 1337 1915 1394 neque
1969 1337 2082 1378 mo-

516 1420 742 1487 riturus,
780 1418 877 1475 sed
925 1418 1308 1487 sempiternus,
1356 1428 1583 1470 manens
1604 1421 1660 1470 et
1691 1429 1944 1486 regnans,
1966 1429 2084 1470 om-

517 1524 723 1583 nesque
776 1508 1026 1563 inimicos
1071 1501 1367 1577 subjiciens
1396 1524 1408 1561 :
1440 1525 1460 1559 1
1486 1505 1737 1564 Christus
1793 1508 1938 1563 enim
1985 1522 2083 1563 ex-

518 1602 724 1658 citatus
772 1615 805 1656 a
860 1599 1091 1655 mortuis
1152 1612 1258 1653 non
1320 1596 1555 1666 amplius
1616 1597 1885 1662 moritur,
1940 1612 2086 1652 mors

518 1693 598 1750 illi
625 1692 768 1749 ultra
796 1706 903 1746 non
933 1689 1300 1746 dominabitur
1327 1708 1340 1744 :
1367 1691 1510 1758 quod
1535 1688 1679 1743 enim
1711 1696 1957 1742 mortuus
1978 1698 2081 1753 est,

2177 595 2276 666 τὴν
2298 592 2600 667 ἑτερόδοξον
2627 593 2804 665 ψυχὴν
2831 597 2860 648 ὁ
2880 594 3023 657 θεῖος
3051 593 3207 663 λόγος
3237 594 3621 666 παρατεθεῖσαν
3642 598 3711 652 τὸν

2179 686 2413 758 ἄρχοντα
2443 687 2642 757 ἑαυτῆς
2684 686 2849 757 νόμον
2887 686 3262 759 δηλεγχθῆναι
3299 687 3430 757 (12),
3455 690 3535 752 είς
3561 687 3617 741 τὸ
3639 707 3715 742 κα·

2179 778 2594 849 ταφρονήσασαν
2638 776 2829 848 αὐτὴν,
2871 777 2950 842 ὡς
2983 778 3042 830 οὺ
3080 777 3310 849 νομίμου
3347 777 3554 849 ἀνδρὸς,
3582 778 3716 850 ζητῆ.

2183 886 2273 922 σαι
2294 869 2459 940 ἄνδρα
2479 869 2681 942 ἕτερον,
2708 871 2789 933 είς
2815 868 2876 924 τὸ
2897 869 3150 939 γενέσθαι
3181 870 3354 942 αὐτὴν
3394 869 3564 942 ἑτέρῳ
3582 870 3649 941 τῷ
3666 873 3716 924 ἐκ

2180 959 2389 1032 νεκρῶν
2409 960 2828 1032 ἀναστησομένῳ
2847 961 3024 1031 Λόγῳ,
3057 960 3130 1032 μὴ
3157 960 3593 1031 ἀνατρεπομένῳ,
3612 961 3717 1031 μηῶ

2179 1051 2572 1124 τεθνηξομένῳ,
2623 1051 2737 1107 ἀλλ’
2772 1052 2927 1123 ἀϊδίῳ
2969 1051 3102 1125 (15),
3152 1050 3425 1123 μενοῦντι,
3472 1052 3565 1105 καὶ
3598 1051 3719 1122 βασι-

2180 1141 2422 1207 λεύοντι,
2482 1142 2691 1206 πάντας
2750 1159 2810 1196 τε
2833 1142 2994 1206 -τοὺς
3064 1141 3294 1212 ἐχθροὺς
3366 1142 3716 1196 ὑποτάσσοντι·

2189 1252 2207 1286 ι
2244 1233 2479 1304 Χριστὸς
2542 1232 2652 1304 γὰρ
2696 1232 2942 1304 ἐγερθεὶς
3000 1234 3065 1287 ὲκ
3106 1232 3315 1304 νεκρῶν
3379 1231 3562 1286 οὐκέτι
3616 1234 3721 1287 ἀτο-

2184 1326 2428 1399 θνήσκει,
2457 1325 2683 1390 θάνατος
2720 1324 2885 1381 αὑτοῦ
2911 1325 3094 1379 οὐκέτι
3123 1324 3369 1397 κυριεύει
3388 1341 3402 1356 ·
3441 1324 3472 1378 ὃ
3494 1325 3597 1396 γὰρ
3616 1325 3722 1378 ἀπέ-

2184 1416 2313 1472 θανε
2352 1420 2418 1489 τῇ
2478 1416 3036 1489 ἀμαρτίᾳ,ἀπέθανεν
3090 1415 3343 1486 ἐφάπαξ·
3388 1416 3421 1469 ὃ
3458 1416 3515 1469 δὲ
3552 1415 3631 1487 ζῇ,
3673 1416 3721 1485 ζῇ

2182 1509 2262 1581 τῷ
2289 1508 2426 1580 Θεῷ,
2454 1528 2473 1561 1
2496 1510 2552 1561 ὲν
2573 1509 2720 1580 δεξιᾷ
2752 1507 2826 1561 ὣν
2854 1507 3041 1573 αὑτοῦ,
3075 1506 3180 1572 ἕως
3200 1506 3267 1561 ἂν
3289 1507 3493 1570 πάντες
3516 1508 3564 1559 oi
3576 1507 3725 1577 ἐχθροὶ

2185 1599 2349 1654 αὐτοῦ
2379 1599 2665 1653 ὑποπόδιον
2690 1598 2920 1653 τεθῶσιν
2949 1598 3116 1670 αὐτῷ.
3142 1597 3253 1652 Ποῦ
3284 1598 3343 1652 δὲ
3375 1598 3486 1651 ἔδει
3514 1597 3725 1667 ὲλεγχθῆο

2185 1710 2273 1746 ναι
2296 1692 2387 1746 τὸν
2419 1690 2771 1763 νομιζόμενον
2798 1691 2967 1762 ἄνδρα
2997 1691 3097 1762 τῆς
3131 1689 3544 1761 Σαμαρείτιδος,
3565 1689 3724 1753 ὡςοῦκ

519 1789 746 1852 peccato
776 1788 1020 1834 mortuus
1070 1787 1156 1832 est
1188 1777 1390 1843 semel;
1428 1776 1568 1846 quod
1603 1789 1728 1831 vero
1765 1776 1916 1842 vivit,
1955 1776 2087 1829 vivit

2196 1783 2376 1853 Ξνδρα,
2403 1783 2437 1855 ἢ
2462 1781 2611 1854 παρὰ
2641 1784 2708 1854 τῇ
2739 1784 2888 1853 πηγῇ
2932 1780 3025 1835 τοῦ
3069 1779 3263 1834 Ἰακὼϐ
3302 1779 3407 1833 ὑπὸ
3429 1779 3523 1833 τοῦ
3567 1778 3727 1851 Ἰησοῦ,

520 1873 686 1943 219
703 1872 926 1938 ῡεο⁷¹,1
963 1871 1016 1924 in
1043 1870 1262 1925 dextera
1294 1869 1413 1938 ejus
1439 1870 1657 1935 sedens,
1696 1868 1868 1922 donec
1895 1881 2087 1923 omnes

2196 1874 2240 1927 εί
2271 1874 2346 1945 μὴ
2374 1853 2466 1942 ἀφ’
2493 1853 2752 1943 ὲαυτῆςνή
2784 1872 2922 1944 γυνὴ
2954 1870 3151 1943 ἦρνητο
3173 1871 3264 1925 τὸν
3289 1871 3496 1942 ᾶνδρα;
3528 1870 3618 1922 Διὰ
3636 1869 3729 1922 wi-

521 1964 733 2020 inimici
756 1962 873 2034 ejus
895 1962 1055 2032 positi
1085 1960 1287 2017 fuerint
1314 1959 1626 2015 subsellium
1652 1958 1846 2028 pedum
1890 1959 1992 2030 ipsi
2017 1960 2084 2013 τ’.
2138 1968 2145 1977 '

524 2057 582 2111 Si
611 2056 746 2121 haec,
777 2055 1016 2126 inquam,
1048 2054 1121 2108 ita
1150 2067 1211 2109 se
1232 2050 1456 2115 habent,
1491 2051 1712 2106 ubinam
1738 2049 1971 2106 debebat
1998 2049 2090 2107 Je-

522 2162 618 2203 sus
652 2145 1003 2203 manifestare
1030 2159 1176 2208 eum,
1205 2143 1297 2213 qui
1326 2141 1618 2213 putabatur
1646 2154 1767 2197 esse
1795 2138 2090 2195 Samariti-

521 2242 628 2307 dis,
656 2241 830 2295 virum
862 2254 966 2294 non
1001 2251 1124 2293 esse
1150 2236 1323 2301 illius,
1348 2235 1455 2290 nisi
1485 2234 1623 2305 apud
1648 2233 1853 2288 fontem
1898 2231 2090 2298 Iacob,

525 2331 573 2386 si
613 2345 645 2385 a
676 2330 856 2400 seipsa
891 2327 1085 2383 mulier
1112 2342 1222 2382 non
1255 2332 1505 2396 negasset
1542 2324 1719 2379 virum
1748 2323 1772 2378 1
1820 2322 1970 2379 Hanc
2016 2323 2085 2379 ob

524 2437 745 2477 causam
770 2419 904 2475 dicit
938 2418 1013 2474 illi
1042 2416 1237 2474 Jesus:
1276 2435 1295 2469 ι
1327 2415 1495 2483 Vade,
1524 2431 1658 2471 voca
1690 2416 1867 2471 virum
1917 2424 2087 2484 tuum,

523 2523 584 2571 et
615 2514 740 2570 veni
762 2513 869 2568 huc
895 2511 962 2565 ⁷⁸.
998 2530 1017 2564 ι
1050 2508 1169 2565 Jam
1200 2523 1331 2564 vero
1374 2507 1538 2564 veluti
1591 2507 1837 2563 nonnihil
1883 2507 2091 2562 habens

529 2619 684 2672 aqua:
713 2602 960 2659 salientis
980 2601 1046 2657 ad
1070 2601 1231 2655 vitam
1264 2608 1542 2664 aeternam,
1572 2613 1638 2654 eo
1663 2597 1804 2668 quod
1829 2597 2087 2653 dixisset:

2192 1982 2254 2018 το
2277 1964 2424 2034 λέγει
2450 1964 2586 2036 αὐτῇ
2620 1964 2649 2017 ὁ
2693 1962 2917 2034 Ἰησοῦς·
2953 1980 2973 2015 1
3012 1963 3248 2031 Ὕπαγε,
3278 1960 3532 2034 φώνησόν
3554 1977 3635 2014 σου
3662 1960 3729 2013 τὸν
3774 1960 3775 2031 ξ

2194 2057 2381 2128 ἄνδρα,
2415 2056 2509 2110 καὶ
2541 2055 2661 2110 ἐλθὲ
2687 2054 2893 2109 ἐνθάδε.
2944 2073 2963 2107 1
2993 2048 3116 2108 Οἷον
3142 2054 3201 2108 δὲ
3225 2055 3424 2126 ἐχουσά
3456 2071 3510 2107 τι
3547 2054 3638 2123 ἠδη
3659 2051 3729 2104 τοῦ

2196 2146 2490 2219 ἁλλομένου
2510 2148 2590 2211 εἰς
2621 2144 2763 2215 ζωὴν
2787 2142 3001 2200 αἰώνιον
3031 2144 3239 2209 ὓδατος,
3267 2144 3355 2198 διὰ
3378 2143 3443 2197 τὸ
3473 2142 3727 2215 είρηκέναι·

2194 2258 2214 2292 ι
2256 2216 2356 2302 Δός
2373 2255 2463 2310 μοι
2479 2237 2636 2292 τοῦτο
2662 2237 2723 2292 τὸ
2749 2237 2916 2308 ὕδωρ,
2945 2254 2962 2288 1
2990 2237 3085 2291 καὶ
3107 2235 3354 2306 ἀψευδεῖν
3373 2234 3471 2290 τὸν
3497 2250 3733 2305 προεπαγ·

2187 2331 2531 2402 γειλάμενον,
2556 2331 2662 2396 ὅτι,
2697 2349 2716 2381 ι
2748 2331 2820 2383 Σὺ
2843 2330 2908 2384 ἂν
2933 2331 3142 2402 ᾔτησας
3163 2328 3343 2392 αὐτὸν,
3370 2328 3470 2381 καί
3493 2324 3647 2380 ἔδωκέ
3672 2341 3733 2378 σοι

2188 2420 2332 2495 ὕδωρ
2378 2419 2506 2486 ζῶν·
2553 2419 2826 2493 ἀπεκρίθη
2874 2421 2908 2490 ἡ
2952 2419 3110 2491 γυνὴ,
3145 2438 3165 2471 ι
3196 2416 3542 2488 καταγνοῦσα
3576 2414 3735 2482 ἑαυτῆς

2188 2512 2281 2565 ἐπὶ
2313 2514 2379 2582 τῇ
2413 2511 2668 2584 κοινωνίᾳ
2688 2513 2753 2582 τῇ
2781 2510 2917 2582 πρὸς
2941 2510 3033 2566 τὸν
3059 2510 3296 2565 τοιοῦτον
3314 2509 3508 2580 ἄνδρα,
3537 2526 3557 2560 ι
3582 2507 3665 2562 καὶ
3681 2501 3737 2558 εἷο

2191 2618 2311 2655 πεν·
2342 2601 2457 2655 Οὐκ
2485 2600 2594 2672 ἔχω
2631 2600 2821 2673 ἄνδρα.
2858 2618 2877 2652 1

530 2712 551 2747 ι
587 2695 662 2749 Da
687 2692 819 2748 mihi
856 2693 997 2748 hanc
1029 2688 1319 2759 aquam“,
1351 2706 1370 2741 ›
1408 2701 1510 2742 nec
1533 2687 1720 2743 fallere
1759 2686 1939 2755 quiret
1968 2681 2058 2754 qui
2086 2688 2412 2755 praedixerat
2436 2690 2522 2745 ἠε
2563 2707 2583 2742 1
2616 2688 2696 2743 Tu
2732 2689 2959 2744 forsitan
3015 2688 3266 2759 petiisses
3320 2689 3388 2744 ab
3453 2703 3542 2751 eo,
3573 2697 3623 2743 et
3662 2688 3737 2740 de-
3774 2681 3775 2759 ἦ

526 2787 701 2843 disset
740 2785 839 2841 tibi
870 2798 1067 2854 aquam
1111 2783 1287 2838 vivam
1319 2797 1335 2848 ;
1390 2780 1665 2850 respondit
1704 2778 1920 2843 mulier,
1956 2795 1976 2830 ι
2016 2779 2385 2835 condemnans
2445 2781 2700 2853 seipsam,
2760 2781 2905 2852 quod
2944 2796 3067 2837 cum
3116 2782 3423 2854 bujusmodi
3487 2783 3598 2838 viro
3639 2796 3739 2835 cou-

522 2883 864 2938 suetudinem
900 2880 1204 2944 habuisset,
1251 2895 1271 2930 1
1305 2886 1359 2932 et
1394 2876 1574 2932 dixit:
1630 2873 1746 2931 Non
1793 2875 1967 2929 habeo
2013 2874 2190 2929 virum
2226 2877 2292 2933 ⁷⁸.
2328 2894 2348 2928 ο

589 2976 648 3032 9.
682 2994 701 3028 ι
732 2975 874 3031 Dicit
913 2973 992 3028 illi
1025 2972 1184 3028 Jesus
1234 2984 1250 3024 :
1297 2968 1441 3023 Bene
1496 2966 1704 3032 dixisti,
1762 2980 1870 3020 non
1930 2963 2093 3020 habeo

2272 2967 2325 3022 9.
2356 2985 2376 3019 ι
2417 2968 2578 3037 Λέγει
2606 2968 2743 3039 αὐτῇ
2767 2970 2796 3022 δ
2839 2967 3064 3040 Ἰησοῦς·
3105 2968 3304 3034 Καλῶς
3334 2966 3522 3036 εἶπας,
3550 2970 3625 3025 ὅτι
3647 2971 3742 3022 "Av-

522 3072 750 3126 virum:
785 3081 909 3121 nam
935 3064 1173 3134 quinque
1199 3061 1345 3115 viros
1375 3058 1645 3125 habuisti;
1681 3065 1735 3112 et
1758 3070 1901 3111 nunc
1930 3069 2090 3126 quem

522 3165 717 3227 habes,
746 3174 854 3216 non
903 3167 988 3213 est
1025 3165 1148 3211 tuus
1192 3154 1317 3207 vir:
1354 3153 1458 3207 hoc
1489 3166 1617 3205 vere
1643 3150 1824 3205 dixisti
1853 3148 1952 3201 ⁷⁷.»
1987 3148 2092 3201 Ar-

525 3257 704 3313 bitror
729 3251 875 3325 quod
900 3249 1080 3306 omnis
1117 3247 1300 3302 anima
1331 3258 1452 3313 quae
1474 3243 1836 3297 introducitur
1863 3240 1930 3295 ad
1951 3254 2092 3305 eam,

526 3362 650 3419 qua:
678 3354 762 3401 est
794 3357 891 3414 per
924 3340 1258 3417 Scripturas,
1282 3336 1540 3408 pietatem
1584 3333 1639 3388 in
1671 3332 1912 3399 Christo,
1958 3332 2097 3389 inci-

525 3437 684 3508 piens
717 3434 785 3489 ab
817 3432 903 3488 his
936 3431 1102 3486 rebus
1139 3442 1261 3498 qua:
1290 3425 1546 3481 sensibus
1592 3431 1721 3479 sunt
1763 3421 2010 3478 obnoxia:
2043 3431 2099 3479 et

527 3545 660 3602 qua:
688 3541 964 3598 corporea:
1014 3530 1303 3587 vocantur,
1353 3521 1551 3575 habeat
1596 3518 1810 3589 priores
1858 3518 2100 3588 quinque

528 3621 681 3677 viros
728 3629 1055 3686 unoquoque
1111 3628 1275 3669 sensu
1309 3610 1487 3666 virum
1529 3609 1763 3678 aliquem
1821 3608 2097 3663 faciente:

527 3721 715 3785 gostea
769 3723 898 3765 vero
954 3721 1115 3777 quam
1167 3703 1352 3759 habita
1402 3699 1793 3756 consuetudine
1844 3714 1968 3755 cum
2017 3699 2102 3754 his

531 3819 655 3876 qua:
687 3819 852 3861 sensu
880 3800 1280 3873 percipiuntur,
1324 3811 1606 3866 emergere
1634 3796 1756 3865 quis
1790 3794 1997 3858 volens,
2047 3801 2102 3847 et

532 3910 836 3955 conversus
869 3895 936 3966 ad
967 3909 1029 3950 ea
1061 3907 1181 3963 qua:
1213 3892 1394 3948 animo
1447 3896 1764 3951 cernuntur,
1821 3884 2104 3955 impegerit

529 3987 587 4044 In
622 4000 927 4043 sermonem
961 3982 1296 4054 spiritualcm
1329 3995 1433 4035 non
1469 3993 1681 4044 sanum,
1724 3982 1991 4046 przetextu
2025 3972 2105 4026 al-

529 4079 766 4150 legoriae,
799 4078 891 4132 hic
938 4083 1062 4145 post
1112 4076 1353 4144 quinque
1376 4071 1523 4126 viros
1557 4070 1623 4124 ad
1660 4077 1871 4123 sextum
1908 4068 2100 4134 pergit,

533 4171 685 4234 dato,
714 4178 776 4223 ut
805 4169 879 4223 ita
911 4168 1112 4233 dicam,
1139 4166 1348 4234 repudii
1390 4161 1573 4218 libello
1614 4159 1851 4227 quinque
1889 4156 2102 4227 primis,

530 4268 588 4316 et
629 4261 926 4315 decernens
957 4272 1082 4312 cum
1131 4264 1286 4310 sexto
1317 4252 1586 4309 habitare.
1624 4249 1763 4321 [(ll)
1794 4247 1972 4315 Atque
2004 4244 2104 4299 do-

2193 3060 2298 3132 δρα.
2346 3059 2447 3113 οὐκ
2491 3058 2624 3130 ἔχω’
2660 3059 2818 3113 πέντε
2853 3060 2962 3133 γὰρ
3001 3060 3200 3132 ἄνδρας
3230 3060 3405 3132 ἔσχες·
3446 3061 3545 3115 καῖ
3578 3060 3664 3116 νῦν
3697 3060 3741 3112 ὃν

2195 3151 2358 3222 ἔχεις,
2410 3151 2512 3204 οὐκ
2562 3149 2676 3203 ἔστι
2725 3167 2817 3204 σου
2852 3151 3011 3223 ἀνήρ·
3048 3150 3205 3204 τοῦτο
3236 3151 3434 3222 ἀληθὲς
3467 3151 3738 3222 εἷρηκαςη
3774 3149 3775 3197 1

2197 3236 2363 3311 Οἶμαι
2386 3238 2497 3309 (Hi
2529 3242 2710 3294 πᾶσαν
2735 3239 2834 3312 τὴν
2864 3239 3224 3310 εἰσαγομένην
3253 3238 3432 3310 ψυχὴν
3473 3242 3553 3304 εἰς
3575 3236 3742 3310 τὴνδιὰ
3774 3228 3775 3295 ξ

2154 3402 2158 3406 ὁ
2194 3331 2303 3385 τῶν
2331 3331 2563 3403 Γραφῶν
2594 3334 2652 3385 ὲν
2693 3331 2915 3403 Χριστῷ
2948 3330 3277 3394 θεοσέϐειαν,
3310 3329 3419 3385 ἀπὸ
3450 3329 3560 3384 τῶν
3589 3327 3745 3397 αίσθηο
3774 3322 3775 3325 “

2196 3421 2305 3476 τῶν
2333 3424 2429 3476 καὶ
2459 3421 2783 3494 σωματικῶν
2811 3419 3117 3491 λεγομένων
3147 3420 3481 3491 ἀρχομένην,
3511 3421 3629 3482 τοὺς
3647 3418 3746 3469 πέν-

2197 3530 2258 3566 τε
2284 3513 2483 3585 ἄνδρας
2510 3512 2630 3567 καθ’
2664 3513 2901 3584 ἑκάστην
2927 3512 3035 3567 τῶν
3081 3510 3385 3585 αἰσθήσεων
3411 3511 3606 3583 ἀνδρός
3629 3527 3745 3571 τινος

2199 3578 2483 3675 γινομένου
2528 3603 2689 3674 έχειν·
2735 3578 2873 3657 ἐπὰν
2903 3603 2961 3656 δὲ
2996 3603 3132 3673 μετά
3175 3578 3239 3658 τδ
3272 3578 3611 3674 ὡμιληκέναι
3660 3604 3746 3662 τοῖς

2202 3693 2497 3764 αἰσθητοῖς,
2531 3691 2808 3762 ἀνακῦψαί
2843 3709 2927 3756 τις
2953 3691 3143 3757 θέλων,
3175 3693 3270 3746 καὶ
3306 3692 3643 3763 προτραπεὶς
3677 3690 3747 3743 ἐπὶ

2201 3785 2270 3838 τὰ
2299 3784 2483 3855 νοητὰ,
2531 3784 2798 3858 περιτύχῃ
2824 3783 2968 3856 λόγῳ
2995 3785 3264 3856 προφάσει
3304 3784 3633 3856 ἀλληγορίας
3676 3780 3747 3833 καὶ
3774 3776 3775 3833 ξ

2204 3876 2586 3948 πνευματικῶν
2617 3876 2716 3947 οὐχ
2748 3876 3063 3944 ὑγιαίνοντι,
3094 3870 3246 3940 οὗτος
3280 3874 3419 3946 μετά
3452 3876 3579 3939 τοὺς
3616 3873 3747 3925 πέντε
3774 3878 3775 3947 ς

2204 3969 2403 4040 ἄνδρας
2418 3968 2603 4040 ,ἑτέρῳ
2628 3968 3007 4040 προσέρχεται,
3050 3966 3193 4033 δοὺς,
3234 3967 3304 4020 ἶν’
3332 3966 3511 4032 οὕτως
3543 3965 3685 4027 εἴπω,
3707 3963 3749 4015 τὸ
3774 3960 3775 3963 “

2205 4061 2532 4116 ἀποστάσιον
2561 4062 2673 4124 τοῖς
2709 4058 2992 4132 προτέροις
3025 4059 3210 4122 πέντε,
3243 4058 3338 4112 καὶ
3375 4060 3579 4130 κρίνων
3610 4074 3751 4110 συνοι-

2209 4156 2322 4208 κεῖν
2343 4151 2419 4224 τῷ
2440 4152 2605 4223 ἓκτῳζ
2627 4150 2738 4205 Καὶ
2765 4151 2867 4215 ἕως
2901 4150 2967 4204 ἄν
2983 4167 3046 4219 γε
3075 4150 3187 4220 (15)
3214 4148 3385 4203 ἐλθὼν
3407 4150 3437 4203 ὁ
3473 4148 3667 4220 Ἰησοῦς
3689 4148 3751 4206 εἰς

2209 4243 2556 4314 συναίσθησιν
2576 4243 2720 4313 ἡμᾶς
2753 4239 2933 4311 ἀγάγῃ
2963 4241 3055 4293 τοῦ
3080 4238 3320 4292 τοιούτου
3352 4240 3567 4312 ἀνδρὸς,
3592 4239 3751 4303 ἐκείνῳ
3774 4302 3775 4307 η

533 4364 635 4406 nec
661 4347 821 4403 Jesus
843 4349 1075 4401 adventu
1106 4361 1203 4401 suo
1231 4358 1329 4400 nos
1353 4344 1406 4397 in
1433 4340 1695 4412 ejusmodi
1733 4338 1836 4391 viri
1874 4351 2093 4404 conspe-

2207 4306 2492 4405 σύνεσμεν·
2550 4306 2886 4396 ὲλθόντοςίδε
2909 4306 3023 4385 ⁷τοῦ
3068 4330 3271 4402 Κυρίου
3315 4306 3516 4399 Λόγου,
3548 4331 3636 4384 καὶ
3660 4329 3775 4380 δια-“

531 4452 679 4498 ctum
713 4453 1149 4508 consensumque
1201 4436 1444 4501 duxerit,
1484 4448 1607 4488 cum
1636 4431 1731 4486 illo
1749 4429 2101 4485 consuetudi-

534 4548 661 4589 nem
693 4530 958 4587 habemus
990 4538 1045 4585 et
1089 4525 1385 4600 vivimus];
1424 4538 1613 4580 verum
1652 4535 1775 4576 cum
1822 4518 2101 4574 advenerit

533 4623 728 4680 Sermo
775 4620 1011 4685 Domini,
1047 4618 1473 4688 disserueritque
1505 4613 1807 4677 nobiscum,
1841 4617 2103 4679 negantes

532 4715 682 4771 illum
710 4713 908 4777 virum,
933 4711 1163 4767 dicimus
1189 4725 1205 4763 :
1239 4728 1259 4761 ι
1295 4707 1412 4764 Non
1437 4707 1610 4763 habeo
1630 4705 1828 4768 virum,
1849 4719 1867 4753 )
1887 4698 2103 4770 quando

527 4807 695 4863 etiam
748 4804 933 4860 laudat
983 4816 1082 4858 nos
1134 4800 1430 4863 Dominus,
1479 4799 1714 4853 dicens:
1754 4813 1774 4846 1
1822 4793 1967 4847 Bene
2015 4790 2103 4843 di-

527 4898 684 4963 xisti,
713 4913 818 4952 non
849 4894 1024 4951 habeo
1046 4893 1279 4947 virum.»
1320 4887 1454 4943 lllud
1479 4902 1604 4943 vero
1630 4905 1643 4940 :
1675 4905 1694 4938 ‹
1718 4885 1832 4941 Hoc
1856 4897 1985 4938 vere
2015 4881 2102 4937 di-

530 4988 682 5053 xisti,
714 5006 734 5042 ι
774 4987 938 5043 veluti
965 4983 1393 5056 objurgatorium
1422 4990 1526 5045 est,
1560 4978 1784 5048 perinde
1804 4974 1958 5046 quasi
1987 4989 2102 5027 mu-

528 5074 707 5133 lierin
739 5076 1110 5147 superioribus
1145 5089 1251 5129 non
1300 5085 1429 5126 vera
1472 5068 1691 5124 dixerit.
1749 5068 1827 5121 Ac
1872 5065 2102 5120 fortasse

532 5182 722 5222 verum
759 5169 889 5223 illud
916 5183 1022 5224 non
1056 5174 1175 5223 erat
1203 5185 1216 5222 :
1260 5184 1279 5218 r
1315 5164 1434 5220 Non
1477 5168 1772 5219 coutuntur
1794 5156 1965 5213 Judaei
1997 5153 2100 5210 Sa-

2204 4425 2649 4497 λεχθέντοςήμῖν,
2666 4423 2988 4495 ἀρνούμενοι
3002 4424 3206 4476 ἐκεῖνον
3238 4420 3330 4476 τὸν
3354 4422 3545 4494 ἄνδρα,
3580 4419 3746 4491 φαμέν·
3774 4410 3775 4417 “

2211 4534 2230 4568 ι
2264 4516 2377 4569 Οὐκ
2410 4514 2516 4584 ἔχω
2544 4514 2729 4583 ἄνδρα·
2771 4530 2790 4564 r
2840 4512 2928 4566 ὅτε
2974 4513 3068 4566 καὶ
3099 4513 3312 4565 ἐπαινεῖ
3343 4512 3496 4582 ἡμᾶς
3521 4512 3551 4563 ὁ
3580 4511 3775 4585 Κύριοςξ

2204 4607 2395 4676 λέγων·
2425 4627 2453 4656 σ
2484 4604 2681 4668 Καλῶς
2713 4598 2893 4668 εἶπας,
2930 4604 3012 4657 ὅτι
3035 4602 3150 4656 Οὐκ
3180 4602 3290 4672 ἔχω
3315 4601 3505 4673 ἄνδρα.
3546 4620 3566 4653 ι
3603 4601 3669 4653 Τδ
3691 4598 3749 4657 δὲ,
3774 4598 3775 4611 ³

2212 4717 2231 4750 ι
2262 4694 2431 4750 Τοῦτο
2454 4695 2651 4768 ἀληθὲς
2677 4695 2921 4768 εἴρηκας,
2950 4712 2969 4745 1
2994 4692 3157 4746 οἱονεὶ
3177 4692 3495 4760 ἐλεγκτικόν
3512 4693 3669 4753 ἐστιν,
3694 4689 3751 4748 ὼς
3774 4730 3775 4733 η

2206 4786 2315 4841 τῶν
2339 4785 2615 4858 προτέρων
2643 4785 2744 4839 οὐκ
2770 4784 2984 4856 ἀληθῶς
3005 4784 3096 4839 ὑπ’
3130 4784 3300 4854 αὐτῆς
3316 4783 3639 4854 εἰρημένων.
3666 4768 3775 4832 Κατ

2207 4877 2348 4948 τάχα
2389 4878 2490 4930 οὐκ
2527 4873 2596 4948 ἦν
2624 4876 2821 4946 ἀληθὲς
2852 4875 2932 4929 τό·
2985 4893 3005 4926 ι
3037 4875 3112 4929 Ub
3149 4873 3493 4946 συγχρῶνται
3544 4870 3775 4925 Ἰουδαῖοι

2208 4968 2593 5041 Σαμαρείταις·
2625 4986 2644 5020 1
2676 4966 2838 5032 αὐτὸς
2872 4965 3003 5036 γοῦν
3026 4968 3055 5020 δ
3096 4965 3322 5036 Ἰησοῦς,
3358 4964 3436 5029 ὡς
3457 4966 3517 5017 ὲν
3549 4965 3654 5025 τοῖς
3672 4958 3775 5029 πρὸ

2206 5056 2409 5111 τούτων
2436 5059 2755 5130 εἰρήκαμεν,
2798 5056 3100 5128 συγχρῆται
3147 5053 3534 5127 Σαμαρείταις,
3575 5053 3655 5105 ἵνα
3683 5047 3775 5115 καὶ,

2206 5149 2402 5214 αὐτοὺς
2427 5149 2702 5221 ὠφελήσῃ.
2736 5148 2850 5203 Οὐκ
2878 5147 3073 5219 ἀληθὲς
3183 5147 3277 5200 καὶ
3299 5144 3381 5199 τό·
3400 5164 3419 5198 1
3443 5143 3582 5199 Οῦτε
3597 5139 3758 5208 ἄντλη-

599 5346 1095 5418 "Rom.vt,9,lo.
1170 5346 1697 5417 "llebr.x,12,l5.
1771 5339 2185 5406 "Joan.tv,16.
2259 5329 2460 5386 "ibid.
2490 5329 2571 5384 l5.
2645 5328 2960 5385 "ibid.l0.
3035 5325 3237 5383 "ibid.
3281 5325 3368 5380 17.
3441 5324 3487 5357 τ’
3531 5319 3655 5377 ibid.
3685 5294 3775 5380 17,7

529 5417 617 5473 18.

604 5527 716 5600 (11)
746 5528 873 5585 Huic
935 5544 965 5583 a
1010 5529 1254 5585 Personii
1298 5528 1750 5602 interpretatione
1795 5526 2108 5594 deprompta

534 5609 718 5738 8982.)
768 5668 1213 5739 Διελετχθῆναι.
1249 5669 1342 5726 Sic
1375 5668 1547 5725 codex
1584 5665 1943 5730 Bodleianus;
2004 5661 2108 5716 lle-

536 5739 691 5811 81119,
710 5738 1074 5811 διαλεχθῆναι,
1100 5740 1262 5794 male.

606 5808 719 5880 (l3)
750 5802 1041 5882 l’erp'er'am
1061 5802 1123 5867 in
1148 5811 1335 5868 codice
1361 5809 1529 5881 Regio
1566 5809 1788 5880 legitur,
1826 5803 1959 5860 ἀλλὰ
1991 5802 2103 5872 ἰδίῳ

2218 5511 2620 5657 μὲῖιξῖτδξμαι.
2656 5576 2747 5634 Sic
2776 5582 2941 5638 codex
2972 5578 3341 5643 Bodleianus;
3383 5575 3606 5649 Regius,
3645 5584 3753 5643 per-

2215 5649 2619 5726 perainke‘ivat.

2222 5713 2245 5813 ξ,
2284 5724 2398 5795 (15)
2430 5720 2577 5787 Ἕως
2611 5718 2687 5774 ἄν
2720 5737 2806 5791 γε.
2846 5724 2937 5781 Sic
2962 5722 3133 5781 codex
3160 5717 3525 5787 Bodleiancs;
3559 5713 3755 5781 Regius,

2213 5815 2286 5862 ως
2314 5813 2398 5865 γε.
