3826 6526
92 380 193 432 “3
1184 395 1541 455 COMMENT.
1578 396 1649 455 ΙΝ
1681 395 1874 453 JOAN.
1910 393 2148 454 TOMUS
2187 399 2324 456 XIII.
2370 406 2384 448 ἕ
3163 396 3175 407 “
3270 402 3368 457 HI

91 514 161 609 3::
184 496 330 609 ἔχεις
366 501 502 609 ,καὶ
515 502 585 557 τὸ
620 506 808 579 φρέαρ
829 508 942 562 ἐστὶ
962 508 1118 581 βαθύ·
1154 530 1174 565 ο
1202 514 1343 586 τάχα
1369 516 1425 570 δὲ
1445 517 1545 571 οὐκ
1571 518 1602 570 ἀ

1863 517 2091 572 aritanis
2113 517 2184 585 ’⁸,
2206 538 2226 572 ι
2255 519 2372 588 ipso
2395 516 2544 584 Jesu,
2570 516 2705 571 utin
2730 515 3095 585 superioribus
3116 515 3371 583 diximus,

90 589 171 653 θὲς
200 590 298 644 καὶ
319 591 410 646 τό·
462 596 681 651 Ἰακὼϐ
724 602 791 654 ὲκ
819 601 910 654 τοῦ
945 604 1179 675 φρέατος
1221 607 1363 673 ἔπιε,
1394 611 1488 664 καὶ
1520 611 1568 664 οἱ
1596 628 1601 657 ι

1863 608 2193 665 »ιιιιιιει-οἱυιιι
2221 610 2456 667 habente
2484 625 2608 665 cum
2639 608 3019 675 Samaritanis,
3056 614 3114 661 ut
3140 607 3247 662 illis
3287 619 3374 658 es-

86 683 261 775 αὐτοῦ,
290 686 392 739 καὶ
428 688 505 742 τὰ
558 690 868 765 θρέμματα
909 696 1096 751 αὐτοῦ’
1131 700 1180 752 εἰ
1223 700 1333 774 γὰρ
1368 704 1466 775 οὐχ
1497 706 1597 775 ὁμο

1861 712 1887 755 ιι
1931 701 2267 772 adjumeuto.
2308 703 2387 757 Ac
2439 718 2507 758 ne
2551 701 2680 756 illud
2728 698 2948 770 quidem
2994 714 3183 754 verum
3239 707 3372 755 est:

85 772 193 827 Eme
218 779 287 847 τῇ
311 778 706 852 Σαμαρείτιδι
736 788 767 840 ὁ
798 787 1011 853 Ἰακὼϐ,
1039 791 1135 845 καὶ
1162 793 1212 845 οἱ
1245 772 1350 849 υἱοὶ
1381 772 1567 861 αύτού,

1864 790 2051 862 Neque
2086 791 2425 847 haustorium
2452 792 2643 858 habes,
2667 800 2718 847 et
2742 799 2938 861 puteus
2957 788 3099 844 altus
3124 800 3213 843 est
3237 787 3286 821 '"
3308 805 3323 843 :
3346 805 3369 842 ι

82 864 144 918 τά
172 865 477 938 θρέμματα
508 872 720 939 αὐτοῦ,
740 874 910 932 οἴεται
928 877 1034 951 δὲή
1056 879 1384 954 Σαμαρεῖτις
1406 882 1467 936 τὸ
1489 884 1591 955 ΰμο

1865 886 2050 942 rtassis
2077 885 2241 941 etiam
2270 898 2447 955 neque
2490 883 2643 946 illud.
2696 883 2839 953 quod
2883 881 3052 938 Jacob
3098 899 3166 939 ex
3213 890 3376 952 puteo

84 958 165 1011 καὶ
180 960 385 1015 ταυτὸν
422 964 825 1037 πάντηποτὸν
864 971 1179 1027 πεπωκέναι
1210 973 1290 1045 τῷ
1331 975 1547 1042 Ἰακὼϐ,

1862 979 2024 1041 berit,
2059 988 2116 1034 et
2148 978 2243 1033 lilii
2274 977 2415 1046 ejus,
2461 987 2518 1033 et
2565 992 2763 1049 pecora
2789 977 2905 1048 ejus
2925 976 3010 1043 ⁸⁰;
3044 991 3166 1030 nam
3201 975 3248 1031 si
3275 972 3373 1031 Ja-

80 1054 181 1115 τοῖς
199 1054 339 1118 υἱοῖς
356 1056 572 1125 αὐτοῦ,
608 1060 713 1113 καὶ
738 1064 852 1126 τοῖς
873 1062 1184 1135 θρέμμασιν
1205 1066 1392 1135 αὐτοῦ,
1410 1068 1590 1140 δῆλον,

1866 1071 1921 1136 1),
1960 1080 2017 1125 et
2050 1069 2144 1125 lilii
2179 1070 2316 1141 ejus,
2348 1079 2404 1127 et
2432 1086 2627 1141 pecora
2667 1068 2807 1139 ejus,
2846 1084 2952 1124 non
2997 1068 3249 1124 similiter
3291 1067 3374 1124 bi-

82 1144 350 1215 Ψεύδεταιο
1797 1164 2014 1228 berunt,
2050 1172 2111 1218 ut
2150 1164 2347 1219 mulier
2376 1163 2686 1229 Samaritis,
2735 1161 3118 1232 existimatque
3162 1160 3251 1215 illa
3299 1159 3377 1216 si-

82 1242 251 1297 milem
280 1257 348 1298 se
367 1246 622 1303 omnino
656 1258 842 1319 potum
865 1262 1030 1324 atque
1052 1257 1307 1313 eumdem
1334 1257 1542 1314 bibisse
1587 1275 1714 1316 cum
1767 1259 1960 1326 Jacob,
1987 1271 2042 1317 et
2069 1260 2196 1317 ﬁliis
2224 1261 2360 1331 ejus,
2390 1270 2444 1317 et
2472 1260 2764 1331 pecoribus
2820 1258 2958 1328 ejus,
3024 1257 3373 1329 perspicuum

82 1346 156 1393 est
181 1338 319 1393 falsa
352 1356 485 1395 eam
515 1345 759 1402 dixisse.

141 1432 225 1487 i0.
260 1433 514 1506 Ἵδωμεν
554 1436 621 1490 δὲ
660 1442 760 1494 καὶ
802 1441 873 1495 τὰ
925 1443 1303 1516 Ἡρακλέωνος
1344 1450 1425 1514 εἰς
1462 1450 1591 1515 τοὺς
1616 1469 1652 1505 τι

1873 1449 2039 1520 22o
2072 1447 2155 1503 l0.
2192 1446 2298 1504 Sed
2325 1446 2436 1515 jam
2463 1447 2743 1502 videamus
2777 1445 2906 1515 quid
2935 1442 3232 1500 lleracleon
3269 1442 3374 1497 hoc

80 1538 227 1587 πως,
258 1526 425 1592 ὅστις
450 1531 640 1601 φησὶν
664 1532 875 1600 ἄτονον,
901 1538 996 1591 καὶ
1018 1538 1372 1612 πρόσκαιρον,
1399 1543 1495 1597 καὶ
1507 1546 1591 1597 ὲπε

1878 1542 1999 1597 loco
2028 1541 2271 1596 sentiat:
2305 1539 2484 1609 inquit
2527 1548 2708 1593 autem
2759 1537 2990 1610 [fontem
3036 1533 3240 1607 illum.]
3273 1534 3377 1587 im-

79 1628 275 1704 πουσαν
325 1616 574 1689 ἐκείνην
606 1620 894 1691 γεγονέναι
938 1623 1038 1697 τὴν
1081 1626 1250 1700 ζωὴν,
1298 1631 1395 1684 καὶ
1442 1632 1543 1703 τὴν
1578 1650 1590 1686 ι

1865 1630 2069 1697 cillem,
2095 1639 2152 1684 et
2186 1628 2599 1699 temporariam,
2631 1635 2688 1682 et
2719 1627 3060 1682 deiicientem
3084 1626 3254 1680 fuisse
3290 1623 3373 1678 vi-

75 1704 231 1776 αὐτὴν
259 1706 458 1772 δόξανο
493 1715 751 1785 κοσμικὴ
772 1716 901 1789 γὰρ,
936 1720 1122 1791 φησιν,
1151 1717 1240 1793 ἦν·
1285 1722 1380 1776 καὶ
1403 1722 1575 1778 οἴεται

1862 1738 1929 1787 m,
1952 1720 2203 1791 illiusque
2223 1719 2453 1790 gloriam
2474 1735 2491 1785 ;
2523 1716 2794 1771 mundana
2814 1716 2982 1783 enim,
3002 1713 3199 1785 inquit,
3217 1722 3338 1770 erat
3355 1753 3373 1780 ,

77 1800 343 1904 κοσμικὴν
363 1801 736 1911 αὲτὴνιεῐναι
777 1809 1049 1877 ἀπόδειξιν
1083 1813 1269 1885 φέρειν
1301 1816 1367 1869 ὲκ
1394 1815 1491 1868 τοῦ
1524 1815 1588 1889 θρ

1877 1812 2155 1868 existimat
2185 1826 2244 1867 se
2282 1809 2806 1866 demonstrationem
2851 1806 3049 1864 ali‘erre
3083 1805 3217 1879 [per
3257 1806 3378 1861 fou-

77 1906 210 1959 ματα
242 1892 346 1946 τοῦ
409 1895 632 1949 Ἰακὼϐ
682 1897 742 1965 ἐξ
787 1900 961 1973 αὐτῆς
1009 1904 1346 1960 πεπωκέναισ
1388 1906 1481 1960 καὶ
1509 1908 1558 1960 εἰ

1863 1903 1942 1977 ιιι]
1976 1903 2272 1974 signiﬁcari
2302 1902 2470 1958 vitam
2498 1900 2860 1967 mundanam,
2892 1914 2959 1955 eo
2996 1899 3142 1971 quod
3177 1911 3374 1970 pecora

72 1984 270 2051 ἄτονον,
300 1990 407 2041 καὶ
448 1990 833 2065 πρόσκαιρον,
864 1996 959 2049 καὶ
1001 1996 1387 2053 ἐπιλείπουσαν
1417 1999 1583 2072 ὲλάμε

1865 1997 1967 2053 cob
2010 2012 2079 2052 ex
2113 2012 2179 2052 eo
2220 1995 2500 2062 biberint;
2548 2005 2605 2050 et
2637 1994 2906 2064 siquidem
2939 1991 3288 2055 imbecillam,
3321 1998 3376 2045 et

71 2075 160 2146 τὴν
193 2077 261 2130 ὲκ
326 2079 556 2149 μέρους
602 2082 833 2152 γνῶσιν,
878 2086 996 2158 ἦτοι
1042 2091 1109 2160 τῇ
1156 2090 1264 2144 ἀπὸ
1300 2089 1409 2143 τῶν
1458 2091 1582 2164 Γραι

1862 2089 2203 2160 mporariam,
2234 2095 2291 2142 et
2322 2086 2664 2141 deﬁcientem
2693 2086 2993 2154 accepisset
3012 2082 3373 2153 cognitionem

72 2171 351 2241 συγκρίσει
362 2174 493 2228 τῶν
513 2177 782 2249 ἀρρήτων
804 2179 1085 2251 ῥημάτων,
1100 2182 1136 2235 ἃ
1155 2181 1255 2236 οὐκ
1281 2182 1399 2248 ἐξὸν
1421 2182 1583 2258 ἀνθριί

1867 2197 1915 2235 ιιι
1939 2195 2061 2250 qua:
2084 2189 2169 2234 est
2198 2194 2265 2234 ex
2296 2187 2449 2249 parte
2473 2181 2542 2245 ει,
2572 2194 2768 2250 nempe
2788 2177 3151 2248 cognitionem
3176 2190 3207 2229 e
3230 2174 3378 2229 Scri-

70 2260 310 2333 λαλῆσαι,
344 2266 553 2321 πᾶσαν
578 2267 685 2340 τὴν
714 2269 811 2324 νῦν
847 2270 915 2324 δι’
952 2270 1218 2343 ἐσόπτρου
1250 2274 1347 2328 καὶ
1374 2274 1581 2345 αἱνίγμι

1863 2272 1971 2326 uris
2016 2269 2454 2342 provenientem,
2491 2270 2908 2341 comparatione
2948 2267 3236 2323 verborum
3292 2264 3374 2319 iu-

70 2355 357 2428 γινομένην
388 2358 642 2427 γνῶσιν,
679 2362 1157 2436 καταργουμένην,
1185 2364 1315 2419 ὅταν
1360 2365 1487 2439 ἔλθῃ
1522 2367 1581 2420 τὸ

1864 2363 2091 2420 cibilium
2122 2372 2178 2418 et
2203 2377 2327 2433 quae
2358 2364 2425 2419 ad
2451 2364 2727 2420 hominem
2763 2362 2947 2433 eloqui
2975 2376 3081 2416 non
3101 2368 3187 2416 est
3203 2359 3282 2414 l'as
3307 2358 3375 2420 ⁸³,

68 2444 220 2511 λειον,
251 2450 359 2505 οὐκ
381 2449 468 2504 ἂν
499 2452 644 2506 αὐτὸ
675 2450 1100 2528 ἑνεκαλέσαμεν·
1132 2457 1264 2510 εἰδὲ
1298 2457 1439 2531 ὑπὲρ
1459 2458 1579 2513 τοῦς

1867 2471 2012 2511 ιιιειιι
2068 2455 2280 2512 scilicet
2312 2466 2637 2526 praesentem
2681 2455 3066 2526 cognitionem,
3118 2467 3240 2523 quae
3282 2464 3378 2518 per

69 2537 271 2593 ϐάλλειν
296 2544 373 2596 τὰ
426 2543 658 2598 παλαιὰ
685 2544 846 2601 τοῦτο
876 2551 1041 2617 ποιεῖ,
1067 2548 1360 2621 ἐγκλητέος
1393 2551 1459 2605 ἂν
1484 2550 1580 2622 εἴη

1864 2548 2077 2605 eculum
2120 2556 2202 2603 est
2235 2556 2292 2603 et
2318 2562 2417 2618 per
2441 2548 2674 2618 aenigma
2699 2547 2771 2609 ⁸⁸,
2799 2555 2856 2601 et
2895 2560 3016 2615 quze
3052 2542 3375 2604 destruitur.

66 2631 119 2684 δὲ
155 2632 380 2688 δίδωσιν
436 2635 598 2707 ὕδωρ
626 2638 659 2690 ὁ
687 2638 897 2711 Σωτὴρ,
933 2642 1095 2711 φησὶν
1124 2638 1260 2696 εἶναι
1287 2644 1352 2697 ὲκ
1382 2642 1476 2696 τοῦ
1516 2644 1577 2697 lli

1868 2658 1917 2697 m
1960 2642 2169 2697 venerit
2214 2639 2345 2695 illud
2369 2640 2513 2710 quod
2543 2638 2845 2709 perfectum
2869 2646 2955 2693 est
2993 2637 3063 2703 ⁸⁸,
3094 2637 3377 2705 haudqua-

70 2740 226 2793 ματος
257 2727 360 2780 καὶ
401 2727 518 2799 τῆς
553 2728 849 2800 δυνάμεως
877 2731 1042 2785 αὐτοῦ
1059 2773 1075 2799 ,
1101 2732 1162 2785 οὐ
1188 2732 1534 2805 ψευδόμενος

1871 2749 1957 2790 am
1983 2735 2113 2791 illud
2139 2734 2720 2806 reprehendissemus;
2758 2731 2844 2786 sin
2873 2744 3003 2785 vero
3035 2729 3215 2784 isthuc
3264 2728 3376 2798 agit

70 2819 139 2881 εἰς
166 2819 249 2872 τό·
273 2838 294 2872 ι
332 2819 418 2874 Ού
466 2820 546 2892 μὴ
577 2821 804 2894 διψήσει
834 2823 891 2876 δὲ
911 2826 991 2889 εἰς
1018 2825 1111 2878 τὸν
1140 2825 1334 2892 αἰῶνα,
1367 2845 1386 2878 ι
1420 2826 1581 2881 ἀποδέ

1892 2826 2258 2895 reprehendat
2302 2833 2528 2891 vetera,
2565 2820 3049 2893 reprehendendus
3096 2827 3181 2875 est
3234 2819 3373 2887 ipsc.

70 2927 151 2962 κεν
179 2913 381 2977 αὐταῖς
416 2914 655 2980 λέξεσιν
684 2914 880 2980 οὓτως
922 2936 943 2969 ι
986 2917 1213 2983 Δὶώνιος
1241 2918 1352 2992 γὰρ
1383 2923 1417 2992 ὴ
1455 2919 1569 2993 ζωὴ

1865 2933 1964 2973 ιιι-ο
1984 2918 2127 2989 quod
2162 2918 2241 2973 ait
2273 2932 2472 2987 aquam
2508 2929 2671 2987 quam
2709 2914 2804 2970 dat
2834 2913 3113 2976 Servatur,
3146 2925 3214 2965 ex
3248 2908 3376 2978 Spi-

67 3004 170 3071 τοῦ,
196 3006 293 3061 καὶ
328 3007 635 3079 μηδέποτε
660 3008 1018 3082 φθειρομένη,
1044 3012 1120 3077 ὡς
1142 3013 1237 3066 καὶ
1278 3014 1312 3085 ἡ
1342 3013 1532 3086 πρώτη
1566 3020 1578 3065 1‘

1862 3024 1906 3063 .u
1932 3023 2053 3065 esse
2085 3019 2141 3064 et
2165 3023 2231 3063 ex
2271 3009 2441 3078 ipsius
2468 3006 2735 3078 potentia,
2791 3018 2920 3059 vera
2966 3012 3191 3057 narrat:
3242 3003 3373 3072 quin

69 3095 150 3148 τοῦ
180 3099 455 3169 φρέατος,
478 3100 633 3155 ἀλλά
661 3101 920 3173 μένουσα·
949 3104 1311 3177 ἀναφαίρετος
1338 3106 1498 3178 γὰρὴ
1531 3122 1580 3177 χι

1862 3119 1913 3159 ιο
1948 3104 2114 3159 verba
2143 3121 2158 3159 :
2198 3121 2217 3155 ι
2252 3102 2368 3158 Νοιι
2420 3102 2576 3158 sitiet
2609 3101 2664 3155 in
2714 3105 2978 3155 aeternum
3007 3095 3077 3161 ⁸⁸,
3109 3113 3130 3148 ι
3184 3094 3373 3149 iisdem

69 3193 150 3244 ita".
174 3195 206 3264 η
236 3193 432 3268 δωρεὰ
458 3192 568 3248 τοῦ
595 3194 857 3267 Σωτῆρος
877 3197 1054 3267 ήμῶν,
1087 3198 1182 3252 καὶ
1220 3198 1294 3271 μὴ
1328 3199 1580 3254 ἀναλισκο

1861 3210 1934 3252 ne
1978 3196 2164 3250 verbis
2214 3196 2612 3264 interpretatus
2657 3200 2760 3259 est,
2802 3191 2884 3246 sic
2929 3189 3156 3244 dicens:
3194 3204 3213 3238 ι
3252 3185 3372 3240 Vita

68 3299 145 3353 νη,
170 3285 305 3356 μηδὲ
358 3285 728 3358 φθειρομένη
760 3288 820 3341 ὲν
864 3287 943 3360 τῷ
990 3290 1267 3362 μετέχοντι
1298 3290 1408 3365 (16)
1439 3292 1576 3365 αὐτῆ

1866 3290 1938 3345 im
1979 3298 2182 3344 αξιοι-ηδ
2215 3298 2297 3344 est
2330 3288 2438 3341 vita
2462 3286 2658 3356 ipsius,
2690 3294 2746 3340 et
2773 3297 2895 3353 qua:
2925 3294 3197 3350 nunquam
3245 3291 3372 3332 eor-

67 3376 435 3450 1ιθειροιιιένιην
475 3379 544 3433 δὲ
599 3379 709 3451 τὴν
743 3378 968 3453 πρώτην
1025 3382 1203 3448 διδοὺς
1250 3381 1388 3439 εἶναι
1430 3386 1576 3459 ζωὴν

1863 3382 2086 3453 mpitur,
2119 3380 2263 3437 sicut
2294 3380 2470 3450 prima
2502 3379 2592 3432 illa
2624 3392 2762 3445 aqua
2793 3390 2913 3445 quae
2943 3383 3028 3429 est
3073 3386 3143 3426 ex
3186 3380 3372 3441 puteo,

71 3469 157 3536 μὲν
178 3471 278 3544 τὴν
306 3472 468 3526 κατὰ
508 3471 583 3526 τδ
619 3472 865 3545 γράμμα
897 3472 1072 3544 ἔλεγε,
1110 3474 1288 3548 ζητῶν
1309 3480 1375 3549 τῇ
1406 3494 1582 3550 περιαι

1860 3478 1887 3530 d
1915 3489 2139 3530 manens
2171 3492 2184 3529 :
2220 3471 2576 3544 nequit-enim
2628 3468 2833 3525 auferri
2873 3472 3098 3530 donum,
3122 3470 3178 3517 et
3199 3459 3371 3532 gratia

67 3576 137 3615 σει
166 3561 262 3617 τοῦ
292 3564 697 3637 καλύμματος
741 3566 1052 3638 γινομένην,
1085 3567 1119 3638 ἢ
1153 3567 1294 3622 κατὰ
1336 3569 1398 3622 τὸ
1441 3569 1578 3624 Πνεῦ

1871 3568 2101 3623 rvatoris
2148 3566 2350 3629 nostri,
2407 3577 2530 3633 qua:
2580 3575 2757 3629 neque
2813 3555 3154 3613 consumitur
3200 3565 3376 3621 neque

66 3653 147 3705 ni.
172 3657 486 3726 εὑρίσκων,
532 3656 721 3726 ὑγιῶς
750 3657 817 3712 ἂν
850 3657 1055 3728 ἔλεγεν·
1104 3662 1153 3714 εἰ
1186 3659 1243 3714 δὲ
1272 3661 1450 3733 πάντη
1482 3662 1577 3733 φθο

1863 3661 2161 3731 rrumpitur
2202 3659 2257 3713 in
2317 3672 2382 3713 eo
2419 3656 2514 3726 qui
2573 3652 2846 3725 particeps
2901 3647 3073 3718 ipsius
3123 3643 3315 3700 fuerit.
3348 3660 3369 3696 ι

68 3753 355 3821 κατηγορεῖ
385 3749 514 3804 τῶν
550 3749 839 3816 παλαιῶν,
872 3750 1053 3822 δῆλον,
1079 3754 1163 3807 ὅτι
1198 3752 1359 3807 τοῦτο
1399 3757 1563 3822 ποιεῖ,

1862 3770 1964 3810 ιιι-ο
1988 3762 2173 3809 autem
2205 3765 2329 3806 cum
2360 3750 2592 3819 primam
2619 3746 2788 3799 vitam
2818 3737 3230 3809 corruptibilem
3275 3736 3373 3790 de-

67 3836 134 3908 μὴ
157 3839 300 3909 ὀρῶν
329 3840 408 3894 τὰ
439 3840 651 3910 ἀγαθὰ
699 3839 810 3895 τῶν
839 3840 1137 3912 μελλόντων
1174 3842 1321 3915 ἔχειν
1360 3847 1543 3899 ὲκεῖνα
1576 3869 1578 3890 ι

1866 3847 1956 3911 rit,
1989 3844 2263 3914 siquidem
2295 3855 2416 3896 eam
2443 3835 2857 3907 corruptibilem
2889 3833 3057 3886 vitam
3088 3827 3226 3885 dixit
3252 3840 3374 3894 qua:

61 3927 150 3999 τὴν
179 3931 369 3987 σκιάν.
405 3932 538 3986 Οὐκ
571 3932 867 3995 ἀπιθάνως
896 3932 954 3985 δὲ
988 3933 1069 4000 τὸ,
1099 3935 1463 4005 ἁλλομένου,
1493 3937 1572 4007 διη

1861 3947 1877 3992 t
1904 3935 2205 3993 secundum
2237 3932 2501 3994 litteram,
2535 3940 2790 3998 quaerens
2813 3932 2870 3978 et
2904 3918 3190 3976 inveniens
3218 3915 3372 3969 abla-

64 4032 200 4083 σατο,
239 4023 340 4077 καὶ
360 4022 507 4086 τοὺς
547 4021 1081 4093 μεταλαμϐάνοντας
1108 4025 1201 4080 τοῦ
1235 4024 1442 4081 ἄνωθεν
1462 4028 1575 4098 ἐπι)

1860 4046 1937 4086 ine
1964 4024 2247 4085 velaminis
2264 4024 2433 4079 vitam
2458 4036 2577 4078 eam
2601 4033 2724 4090 quae
2750 4023 2835 4072 est
2860 4028 2929 4069 ex
2959 4010 3192 4080 Spiritu,
3221 4015 3371 4100 recte

63 4112 360 4184 ηγσυμένου
414 4112 744 4177 πλουσίως,
789 4114 883 4167 καὶ
940 4115 1137 4180 αὐτοὺς
1171 4116 1432 4172 ἐκϐλύσαι
1472 4120 1554 4183 εἰς

1856 4123 1967 4178 xit:
2001 4137 2083 4178 sm
2120 4136 2254 4177 vero
2280 4112 2694 4185 corruptibilem
2720 4109 2933 4174 dicens,
2960 4110 3183 4160 accusat
3200 4099 3367 4154 vitam

65 4203 253 4274 ἐτέρων
301 4204 552 4260 αἰώνιον
603 4204 765 4277 ζωὴν
810 4206 878 4261 τὰ
924 4208 1438 4281 ἐπικεχορηγημένα
1480 4212 1576 4265 αύτ

1860 4224 2061 4281 terum,
2095 4212 2442 4283 perspicuum
2472 4215 2556 4262 est
2585 4219 2708 4260 eum
2743 4203 2845 4257 hoc
2870 4198 3077 4260 facere,
3109 4202 3367 4261 tauquam

73 4290 217 4348 Ἀλλά
243 4298 343 4349 καὶ
378 4298 624 4350 ἐπαινεῖ
650 4295 753 4367 τὴν
780 4297 1107 4371 Σαμαρεῖτιν
1133 4299 1209 4365 ὡς
1233 4301 1583 4373 ἀνενδειξαμέ

1847 4309 1878 4361 ti
1906 4322 2013 4384 nou
2041 4307 2224 4361 videat
2251 4305 2392 4359 bona
2417 4300 2507 4356 illa
2532 4297 2783 4355 umbram
2815 4294 3021 4349 habere
3047 4289 3358 4344 futurorum

60 4386 148 4457 τὴν
171 4389 509 4462 ἀδιάκριτον
551 4389 665 4444 καὶ
707 4389 1043 4462 κατάλληλον
1073 4396 1139 4464 τῇ
1172 4393 1333 4463 φύσει
1362 4394 1564 4466 ἑαυτῆς

1855 4415 2006 4454 orum
2048 4399 2116 4452 ⁸⁸.
2159 4397 2428 4452 Craterum
2466 4406 2575 4447 non
2623 4388 2816 4444 inscite
2849 4387 3245 4452 interpretatus
3280 4388 3366 4433 est

62 4493 184 4547 στιν,
210 4485 287 4555 μὴ
319 4483 737 4556 διακριθεῖσαν
764 4483 851 4554 ἐφ’
882 4478 963 4549 οἷς
991 4485 1174 4555 ἔλεγεν
1198 4486 1358 4558 αὐτῇν
1384 4487 1432 4539 εἰ
1460 4486 1561 4557 μὲν

1857 4505 1982 4546 cem
2029 4486 2268 4543 salientis
2316 4481 2363 4515 ³⁷
2419 4494 2614 4551 aqua),
2673 4478 2862 4533 dicens
2924 4488 3020 4528 eos
3069 4471 3160 4541 qui
3208 4483 3240 4525 e
3278 4483 3368 4523 su-

58 4572 146 4641 τὴν
170 4554 513 4647 προαίρεσιν
538 4574 880 4645 ἀπεδέχετο,
914 4576 1077 4648 μηδὲν
1107 4580 1235 4650 περὶ
1269 4554 1482 4648 φύσεως
1508 4580 1569 4633 ai

1866 4582 1979 4637 ruis
2003 4580 2149 4634 illam
2176 4576 2521 4632 abundanter
2536 4569 2937 4643 suppeditatam
2955 4563 3371 4636 participarent,

58 4664 288 4737 τόμενος,
331 4670 420 4734 ὡς
470 4666 887 4739 διαφερούσης,
922 4668 1013 4722 καὶ
1058 4671 1219 4741 ἡμεῖς
1259 4670 1325 4725 ἂν
1360 4688 1566 4740 συγκατ

1858 4674 2037 4730 cissim
2071 4671 2239 4727 etiam
2283 4683 2346 4723 ea
2396 4664 2670 4721 scaturire
2712 4673 2834 4730 qua
2878 4657 2984 4713 sibi
3022 4653 3369 4726 suppeditata

62 4758 203 4825 μεθα·
241 4763 293 4816 εἰ
329 4762 395 4817 δὲ
427 4765 503 4835 τῇ
542 4762 767 4832 φυσικῇ
821 4766 1132 4836 κατασκευῇ
1168 4763 1431 4836 ἀναφέρει
1462 4765 1562 4837 τὴν

1861 4767 2014 4824 crint.
2063 4764 2170 4820 Sed
2219 4770 2276 4817 et
2326 4757 2710 4816 Samaritidem
2756 4751 2963 4816 laudat,
3010 4757 3071 4804 ut
3109 4759 3231 4816 qua:
3259 4758 3372 4799 suae

61 4854 523 4919 συγκαταθέσεως
547 4851 771 4914 αἰτίαν,
802 4852 878 4916 ὡς
908 4854 969 4906 ού
987 4856 1117 4908 πᾶσι
1142 4854 1348 4925 ταύτης
1374 4855 1572 4928 παρούς

1861 4860 1961 4915 sius
1992 4866 2206 4912 naturae
2238 4853 2396 4909 [idem
2426 4848 2731 4907 ostenderit
2752 4841 3016 4914 aequalem
3044 4846 3099 4895 et
3121 4845 3372 4893 constan-

60 4943 424 5017 ἀνατρεπτέον
478 4944 674 5001 αὑτοῦ
705 4943 799 4997 τὸν
833 4943 1010 5013 λόγον.
1057 4947 1171 5001 Οὐκ
1221 4942 1338 5000 οἶδα
1384 4948 1441 5000 δὲ
1491 4949 1571 5002 πῶ

1844 4966 1942 5015 ηιης
1974 4965 2081 5004 non
2117 4956 2321 5002 motam
2347 4947 2417 5001 ob
2442 4960 2505 5001 ea
2538 4957 2658 5012 quae
2693 4940 2770 4995 illi
2806 4938 3023 4992 dicebat
3053 4935 3355 4998 Servator;

67 5035 377 5109 ’Πρακλέων
420 5039 493 5093 τὸ
550 5037 639 5110 μὴ
676 5037 1066 5109 γεγραμμένον
1095 5038 1345 5094 ἐκλαϐών
1380 5057 1513 5113 φησι
1545 5059 1578 5094 π

1862 5044 1876 5098 i
1908 5043 2075 5098 etiam
2104 5055 2202 5097 nos
2229 5039 2544 5103 annuimus,
2579 5036 2626 5089 si
2657 5031 2994 5104 propositum
3034 5026 3241 5093 laudat,
3282 5025 3366 5078 ni-

58 5128 125 5182 τὸ·
160 5150 179 5182 ι
214 5134 317 5196 Δός
351 5151 454 5205 μοι
507 5129 692 5184 τοῦτο
718 5129 782 5182 τὸ
813 5128 977 5200 ὕδωρ,
1014 5149 1032 5182 ι
1077 5131 1290 5205 ὼς-ἄρα
1325 5132 1531 5206 βραχέα

1858 5136 1869 5189 l
1903 5136 1971 5191 de
1993 5143 2183 5190 natura
2212 5131 2375 5187 veluti
2403 5128 2684 5185 excellenti
2712 5130 2984 5189 iunueus;
3017 5122 3101 5178 sin
3137 5135 3271 5177 vero
3300 5120 3369 5176 ad

56 5220 297 5293 νυχθεῖσα
324 5227 445 5280 ὑπὸ
464 5221 572 5278 τοῦ
609 5220 796 5290 Λόγου
819 5222 1257 5293 ὲμίσησελοιπδν
1282 5224 1376 5278 καὶ
1408 5225 1499 5278 τὸν
1523 5243 1567 5279 τι

1870 5227 2045 5283 turale
2079 5226 2361 5297 opiﬁcium
2394 5223 2580 5288 refert,
2615 5218 2758 5289 quod
2790 5215 3066 5272 Servatori
3092 5215 3373 5284 obtempe-

59 5315 244 5371 ἐκείνου
276 5319 381 5374 τοῦ
417 5317 751 5389 λεγομένου
797 5317 992 5370 Ἰακὼϐ
1023 5318 1256 5392 φρέατος
1300 5317 1432 5391 (18).
1476 5320 1570 5373 Ἔτ

1861 5319 1929 5372 rit
1961 5318 2275 5383 Samaritis,
2313 5312 2466 5385 quasi
2491 5312 2597 5366 hoc
2633 5324 2737 5364 non
2770 5306 3026 5363 omnibus
3060 5305 3211 5370 insit,
3240 5304 3372 5359 sub-

59 5412 138 5463 καὶ
168 5414 306 5486 πρὸς
339 5414 435 5469 τό·
477 5434 499 5465 ι
546 5412 662 5475 Δός
699 5426 793 5482 μοι
816 5408 972 5465 τοῦτο
991 5410 1053 5466 τὸ
1086 5411 1260 5486 ὕδωρ,
1295 5412 1382 5466 ῖνα
1426 5413 1501 5485 μὴ
1527 5413 1570 5465 δι

1867 5410 2055 5466 rtenda
2096 5417 2180 5466 est
2231 5407 2376 5463 illius
2421 5401 2617 5459 oratio.
2667 5397 2862 5455 Nescio
2908 5411 3041 5454 vero
3097 5392 3378 5464 quomodo

133 5531 175 5563 ⁷⁸
196 5532 363 5587 Joan.
403 5548 488 5591 tv.
526 5530 587 5585 9.
712 5526 760 5557 "
798 5525 928 5579 ibid.
960 5528 1044 5581 11.
1154 5527 1201 5559 ⁸⁰
1233 5526 1363 5581 ibid.
1399 5528 1484 5582 12.
1598 5526 1643 5558 ⁸¹

1883 5543 2004 5592 xm,
2040 5528 2127 5582 l2.
2238 5527 2283 5559 θ’
2312 5523 2355 5579 ΙΙ
2386 5523 2511 5579 Cor.
2539 5539 2639 5587 xu,
2670 5526 2723 5579 4.
2837 5525 2884 5556 ⁸³
2912 5525 2933 5579 Ι
2961 5526 3088 5586 Cor.
3119 5543 3249 5593 xm,
3286 5529 3371 5582 12.

60 5596 101 5629 ⁸⁸
126 5600 249 5657 ibid.
282 5603 377 5658 10.
464 5601 519 5633 ⁸⁸
551 5598 730 5653 Joan.
763 5613 836 5659 tv,
866 5597 949 5651 15.
1025 5598 1070 5630 ⁸⁸
1101 5597 1267 5652 Hebr.
1302 5613 1355 5660 ιι,
1382 5598 1432 5651 1.
1510 5597 1554 5630 ⁸⁷

464 5601 519 5633 ⁸⁸
551 5598 730 5653 Joan.
763 5613 836 5659 tv,
866 5597 949 5651 15.
1025 5598 1070 5630 ⁸⁸
1101 5597 1267 5652 Hebr.
1302 5613 1355 5660 χ,
1382 5598 1432 5651 1.
1510 5597 1554 5630 ⁸⁷
1584 5597 1741 5653 Joan.
1772 5615 1849 5665 1v,
1878 5599 1965 5653 14.

127 5706 234 5778 (16)
262 5705 656 5794 μετέχοντι.
697 5697 797 5755 Sic
846 5700 1016 5755 codex
1056 5702 1413 5773 Bodleianus;
1463 5707 1638 5779 Regini

129 5794 406 5822 uenam-

1867 5708 2143 5822 Ῠι
2170 5769 2364 5822 Ἰακὼϐ
2396 5767 2633 5822 φρέατος
2659 5768 2829 5822 codex
2864 5765 3067 5822 Regius
3094 5774 3378 5822 Det-Duram

71 5793 489 5920 #:7310303“
561 5839 928 5908 Bodleianus,
962 5838 1102 5912 ἔχειν
1155 5847 1415 5917 ὲκείνων;
1465 5849 1577 5919 Heg

1825 5767 1987 5850 "(‘8)
2023 5774 2130 5845 Ρνο
2170 5769 2364 5825 ’Ῐακὼδ
2396 5767 2633 5843 φρέατος
2659 5768 2829 5826 codex
2864 5767 3067 5838 Regius
3093 5777 3254 5835 pcrpc

1797 5848 1965 5905 habet
2003 5846 2203 5911 ζῶντος
2238 5842 2457 5906 ὓδατος.
