3826 6540
515 390 623 447 415
1999 396 2097 453 ΟΒ

2204 394 2323 451 LNIS
2962 410 2972 426 ·
3675 394 3772 451 416

512 509 844 576 lleracleou,
874 512 1020 579 quod
1055 511 1319 583 scriptum
1347 512 1514 569 etiam
1543 528 1649 570 non
1685 522 2090 579 estassumens,

2204 515 2332 585 μηδὲ
2380 498 2681 585 διέρχωμαι
2726 511 2916 566 ἐνθάδε
2948 509 3179 575 ἀντλεῖν,
3220 529 3240 562 ι
3291 510 3460 582 φησὶν
3490 509 3574 564 δτι
3611 512 3774 566 ταῦτα

511 604 714 661 dixerit
738 602 792 660 in
828 606 929 661 hoc
951 606 1153 661 dictum
1180 622 1195 659 :
1221 626 1238 660 ι
1262 607 1336 662 Da
1365 608 1494 662 mihi
1528 609 1667 663 hanc
1696 623 1948 677 aquam,»
1974 610 2094 663 bre-

2204 606 2346 674 λέγει
2376 606 2409 675 ὴ
2454 604 2590 675 γυνὴ
2632 603 2974 675 ἐμφαίνουσα
3008 603 3070 655 τὸ
3103 601 3421 673 ὲπίμοχθον,
3458 601 3555 655 καὶ
3585 601 3774 654 δυσπό-

512 700 563 754 νί
596 714 626 753 a
665 699 930 756 Sermone
973 700 1066 756 Dei
1094 700 1235 756 Filio
1267 700 1603 753 stimulatam
1651 701 1934 757 mulierem
1966 700 2092 755 odio

2204 713 2401 769 ριστον,
2436 695 2531 750 καὶ
2561 694 2794 767 ἄτροφον
2824 694 3033 748 ἐκείνου
3074 694 3169 747 τοῦ
3209 694 3422 756 ὓδατος.
3453 693 3622 746 Πόθεν
3675 695 3776 766 γὰρ

513 790 776 849 habuisse
805 792 970 847 etiam
1022 792 1199 848 locum
1248 791 1393 846 illius
1436 791 1613 860 putei,
1660 793 1752 858 qui
1804 790 2088 847 dicebatur

2204 787 2466 842 δεικνύναι
2493 786 2606 857 ἔχει
2628 787 2860 858 ἄτροφον
2886 781 3025 840 εἶναι
3053 785 3114 840 τὸ
3136 785 3230 840 τοῦ
3268 783 3467 839 Ἰακὼὸ
3500 782 3673 855 ὖδωρς

509 881 700 939 Jacob.
729 871 999 939 Praeterea
1028 884 1081 938 in
1110 882 1277 938 illud:
1304 901 1323 935 ι
1361 883 1597 937 Da-milti
1622 898 1819 951 aquam
1843 882 2008 943 hanc.
2031 890 2090 936 ut
2120 896 2228 935 nou
2275 879 2482 943 sitiam,
2544 893 2717 948 neque
2751 879 2962 935 veniam
2995 881 3101 935 huc
3154 879 3222 934 ad
3276 879 3637 934 hauriendum
3657 878 3724 943 ⁸⁸,
3756 897 3771 928 ι

512 974 690 1044 inquit
723 973 884 1045 221
924 972 1207 1049 mulierem
1236 973 1352 1029 haec
1382 973 1568 1029 dicere
1594 974 1974 1028 ostendentcm
2017 972 2202 1027 labore
2249 970 2476 1037 hauriri,
2505 981 2558 1026 et
2623 985 2749 1025 cum
2804 970 3135 1026 diftlcultate
3172 971 3355 1041 parari
3389 985 3588 1039 aquam
3634 970 3773 1025 illam

514 1070 582 1124 ad
611 1069 950 1140 irrigaudum
985 1083 1092 1124 non
1131 1076 1311 1139 aptam
1345 1083 1527 1139 neque
1556 1068 1911 1124 nutrientem.
1943 1065 2099 1124 Unde
2123 1067 2269 1123 enim
2326 1075 2506 1136 potest
2532 1066 2825 1150 ostendere
2877 1080 3075 1135 aquam
3102 1064 3269 1120 Jacob
3329 1064 3635 1133 i‘rrigatioui
3687 1080 3774 1132 ap-

514 1169 626 1215 tam
657 1176 763 1215 non
794 1175 916 1217 esse
937 1177 1036 1217 nec
1062 1161 1396 1216 nutrientem
1420 1162 1444 1214 ἲ

582 1252 670 1306 ll.
691 1253 881 1306 Adhuc
898 1251 952 1306 in
981 1251 1096 1306 haec
1120 1252 1229 1306 duo
1254 1251 1417 1305 verba
1448 1268 1461 1305 :
1491 1268 1511 1303 ι
1541 1250 1682 1306 Dicit
1703 1248 1890 1314 illi”,»
1916 1247 2093 1318 inquit

511 1342 831 1409 lleracleon,
865 1343 1077 1398 scilicet
1106 1343 1212 1397 tale
1233 1342 1363 1412 quid
1403 1342 1593 1398 dicens
1622 1361 1635 1396 :
1675 1361 1694 1394 ι
1734 1342 1789 1398 Si
1821 1342 1903 1395 vis
1943 1340 2092 1395 acci-

507 1446 637 1501 pere
686 1433 827 1489 banc
877 1448 1094 1503 aquam,
1143 1434 1306 1498 vade,
1340 1448 1473 1490 voca
1529 1435 1705 1488 virum
1746 1444 1936 1499 tuum;
1977 1454 1996 1487 ι
2037 1442 2093 1490 et

508 1524 785 1579 existimat
811 1525 1015 1590 virum,
1066 1539 1227 1595 quem
1277 1524 1624 1582 Samaritidis
1653 1541 1776 1583 esse
1831 1526 2091 1583 Servator

508 1617 659 1683 dicit,
715 1618 958 1687 pleroma
1009 1618 1360 1675 Samaritidis
1403 1634 1545 1684 esse,
1574 1628 1639 1674 ut
1684 1617 1927 1689 profecta
1961 1634 2088 1674 cum

510 1708 602 1763 illo
645 1709 713 1763 ad
762 1707 1135 1775 Servatorcm,
1168 1718 1452 1780 reportare
1489 1711 1561 1766 ab
1603 1710 1722 1781 ipso
1769 1710 2087 1780 potentiam,

511 1810 567 1854 et
600 1801 881 1868 unionem,
926 1812 984 1857 et
1017 1803 1458 1859 commistionem
1508 1805 1576 1858 ad
1636 1803 1881 1874 pleroina
1933 1818 2091 1858 suum
2124 1817 2166 1872 Β

512 1898 742 1957 posset:
778 1907 799 1941 ι
833 1905 955 1945 cum
1003 1891 1257 1947 Christus
1284 1908 1392 1948 non
1424 1892 1679 1957 dixerim
1719 1893 1894 1963 inquit
1921 1891 2093 1948 [lera-

511 1979 699 2047 cleon,
742 1998 761 2033 ι
790 1982 1008 2037 mulieri
1053 1984 1121 2038 de
1162 1983 1379 2040 homine
1403 1984 1702 2053 mundano,
1748 1994 1807 2039 ut
1851 1994 2090 2051 voearet,

511 2071 773 2139 quoniam
804 2088 912 2127 non
937 2074 1222 2145 ignorabat
1245 2090 1366 2131 eam
1398 2076 1701 2145 legitimum
1751 2077 1928 2132 virum
1982 2093 2089 2132 non

514 2164 741 2220 habere.
782 2185 801 2219 ι
836 2167 1109 2224 Caeterum
1139 2168 1429 2225 manifeste
1460 2171 1562 2225 hoc
1613 2171 1666 2224 in
1713 2170 1832 2226 loco
1869 2180 2095 2243 urgetur

512 2258 725 2326 dicens,
758 2262 901 2330 quod
932 2261 1145 2317 mulieri
1171 2262 1432 2318 Servatur
1469 2262 1714 2318 dixerit:
1773 2282 1793 2317 ι
1829 2264 1973 2320 Voca
2014 2265 2097 2319 vi-

511 2365 635 2405 rum
685 2361 875 2416 tuum,
905 2364 962 2409 et
991 2355 1112 2409 veni
1161 2355 1267 2410 huc
1293 2356 1399 2419 “,3
1439 2356 1755 2427 signiﬁcans
1807 2357 2088 2423 maritum,

512 2458 677 2513 quem
704 2460 769 2500 ex
801 2446 1104 2516 pleromate
1132 2447 1401 2503 habebat:
1435 2462 1558 2503 nam
1589 2449 1635 2504 si
1673 2449 1777 2505 hoc
1812 2450 1892 2505 sic
1913 2465 1974 2505 se
1995 2450 2094 2504 ba-

482 2535 700 2603 .bebat,
729 2550 1053 2608 oportuerat
1093 2541 1269 2595 virum
1317 2541 1575 2605 dicendo,
1632 2542 1851 2596 modum
1900 2542 2093 2607 etiam,

513 2644 625 2698 quo
662 2635 944 2687 vocandus
974 2642 1112 2700 erat,
1143 2633 1349 2699 dicere,
1394 2641 1455 2688 ut
1496 2648 1619 2687 cum
1646 2634 1765 2703 ipso
1796 2633 1862 2687 ad
1895 2632 2097 2689 Serva-

513 2738 685 2785 turem
717 2740 986 2800 pergeret.
1024 2749 1043 2782 ι
1082 2730 1188 2786 Sed
1222 2731 1505 2801 quoniam,
1578 2739 1639 2785 ut
1676 2730 1983 2786 lleracleon
2015 2730 2097 2784 in-

514 2821 656 2891 quit,
682 2821 835 2890 juxta
872 2822 1287 2892 intelligentiam
1327 2821 1667 2893 spiritualem
1702 2822 1989 2894 ignorabat
2017 2822 2098 2876 vi-

510 2929 631 2968 rum
660 2928 840 2979 suum,
867 2917 1164 2971 secundum
1187 2929 1318 2970 vero
1339 2915 1650 2985 simplicem
1679 2914 2094 2984 intelligentiam

515 3004 877 3060 erubescebat
918 3006 1099 3061 dicere
1153 3007 1299 3076 quod
1354 3006 1626 3061 mtechum
1679 3006 1931 3071 haberet,
1987 3021 2094 3061 non

510 3099 714 3164 virum,
745 3118 763 3150 ι
802 3099 1072 3168 quomodo
1105 3114 1212 3154 non
1259 3098 1464 3153 frustra
1494 3098 1805 3168 imperabit,
1859 3100 2047 3156 dicens
2076 3117 2091 3154 :

2268 1242 2357 1297 il.
2389 1243 2509 1295 Ἔτι
2539 1241 2647 1296 δὲό
2674 1240 2991 1313 ’Πρακλέων
3025 1241 3163 1311 πρὸς
3195 1242 3281 1296 τά·
3326 1260 3345 1294 ι
3383 1240 3550 1309 Λέγει
3577 1242 3732 1313 αὐτῇ,
3753 1262 3769 1293 ι

2196 1336 2350 1407 φησὶ,
2383 1334 2542 1404 δῆλον
2569 1334 2650 1386 ὅτι
2675 1332 2885 1386 τοιοῦτό
2916 1349 2970 1386 τι
2994 1332 3186 1401 λέγων·
3226 1351 3245 1384 ι
3298 1334 3363 1386 Ei.
3393 1332 3572 1397 θέλεις
3602 1332 3774 1386 λαὸεῑν

2192 1427 2352 1481 τούτο
2369 1426 2431 1479 τὸ
2456 1426 2620 1497 ὕδωρ,
2657 1425 2857 1494 ὕπαγε,
2891 1422 3141 1494 φώνησόν
3166 1424 3257 1478 τὸν
3286 1424 3459 1496 ἄνδρα
3486 1442 3600 1478 σου·
3646 1444 3665 1476 ι
3691 1429 3773 1478 καὶ

2192 1519 2363 1573 οἴεται
2396 1517 2494 1588 τῆς
2527 1515 2912 1588 Σαμαρείτιδος
2944 1514 3038 1569 τὸν
3073 1515 3364 1586 λεγόμενον
3409 1515 3517 1569 ὑπὸ
3545 1515 3639 1568 τοῦ
3673 1518 3775 1569 Σω-

2194 1610 2357 1680 τῆρος
2387 1607 2576 1679 ἄνδρα,
2598 1607 2658 1660 τὸ
2678 1605 2952 1676 πλήρωμα
2971 1599 3112 1658 εἶναι
3131 1605 3325 1675 αὐτῆς,
3351 1606 3442 1659 ἵνα
3470 1607 3569 1659 σὺν
3593 1605 3775 1676 ἐκείνῳ

2197 1700 2463 1771 γενομένη
2519 1699 2657 1769 πρὸς
2700 1697 2791 1752 τὸν
2825 1696 3052 1769 Σωτῆρα
3084 1695 3411 1768 κομίσεσθαι
3456 1697 3589 1768 παρ’
3620 1697 3774 1751 αὐτοῦ

2196 1792 2293 1865 τὴν
2309 1792 2558 1863 δύναμιν,
2583 1793 2676 1845 καὶ
2700 1791 2800 1862 τὴν
2831 1791 3045 1853 ἕνωσιν,
3088 1792 3183 1844 καὶ
3227 1791 3326 1863 τὴν
3353 1792 3661 1862 ἀνάκρασιν
3686 1793 3776 1863 τὴν

2198 1886 2333 1958 πρὸς
2362 1885 2422 1938 τδ
2454 1884 2728 1956 πλήρωμα
2756 1883 2927 1954 αὐτῆς
2960 1883 3186 1955 δυνηθῇ·
3229 1902 3247 1935 t
3295 1883 3358 1937 ού
3389 1883 3504 1955 γὰρ
3537 1885 3666 1956 περῖ
3690 1886 3776 1938 ἀν-

2195 1976 2343 2048 δρὸς,
2388 1993 2406 2027 ι
2442 1974 2598 2044 φησὶ,
2638 1992 2656 2025 ι
2696 1971 2987 2042 κοσμικοῦ,
3015 1971 3203 2041 ἔλεγεν
3231 1972 3372 2044 αὐτῇ
3402 1973 3537 2043 (19),
3562 1975 3649 2026 ῖνα
3682 1991 3775 2027 κα⁸

2195 2067 2350 2138 λέσῃ,
2377 2065 2609 2136 ἐπείπερ
2629 2064 2729 2117 οὐκ
2759 2064 2967 2135 ἠγνόει,
3006 2065 3089 2117 ὅτι
3120 2063 3222 2116 οὐκ
3263 2059 3378 2134 εἶχε
3415 2064 3648 2135 νόμιμον
3690 2067 3776 2120 άν-

2196 2159 2318 2231 δρα.
2361 2179 2379 2210 ι
2408 2156 2697 2230 Προδήλως
2720 2157 2777 2211 δὲ
2800 2156 3031 2211 ἐνταῦθα
3055 2154 3304 2226 βιάζεται
3330 2156 3508 2225 λέγων
3534 2159 3672 2229 αὐτῇ
3694 2158 3777 2211 τὸν

2196 2251 2423 2323 Σωτῆρα
2454 2249 2755 2322 εἰρηκέναι·
2779 2269 2797 2300 ι
2820 2248 3074 2319 Φώνησόν
3100 2266 3195 2304 σου
3215 2250 3308 2303 τὸν
3327 2250 3519 2322 ἄνδρα,
3538 2252 3632 2304 xa‘t
3662 2252 3777 2306 ἐλθὲ

2197 2344 2405 2409 ἐνθάδε,
2437 2363 2455 2396 ι
2489 2342 2751 2415 δηλοῦντα
2776 2343 2866 2396 τὸν
2898 2343 3004 2397 ἀπὸ
3031 2343 3125 2397 τοῦ
3140 2342 3509 2416 πληρώματος
3531 2344 3773 2415 σύζυγον·

2196 2438 2356 2510 εἴπερ
2406 2436 2516 2508 γάρ
2561 2434 2706 2489 τοῦθ’
2734 2434 2909 2499 οὕτως
2946 2431 3115 2505 εἶχεν,
3159 2435 3329 2507 ἐχρῆν
3366 2436 3460 2489 τὸν
3491 2436 3660 2507 ἄνδρα
3691 2438 3780 2489 καὶ

2195 2529 2317 2582 τίνα
2351 2528 2551 2601 τρόπον
2575 2525 2852 2596 φωνητέον
2880 2524 3032 2579 ἔσται
3059 2526 3222 2579 αὐτὸν
3252 2526 3388 2596 (20),
3428 2527 3519 2580 ἵνα
3568 2528 3664 2580 σὺν
3691 2529 3781 2580 αύ-

2198 2621 2274 2692 τῷ
2306 2621 2530 2691 γένηται
2548 2618 2685 2690 πρὸς
2701 2617 3068 2692 τὸνΣωτῆρα.
3100 2637 3119 2670 t
3167 2617 3306 2671 Ἀλλ’
3339 2619 3484 2681 ἐπεὶ,
3520 2619 3598 2682 ὡς
3628 2619 3781 2689 Ἥρας

2198 2688 2371 2769 κλέων
2399 2688 2553 2787 (ρησὶ,
2586 2688 2728 2764 κατᾶ
2762 2710 2825 2764 τὸ
2859 2688 3150 2780 νοούμενον
3189 2712 3379 2781 ἠγνόει
3412 2712 3507 2765 τὸν
3537 2711 3667 2765 ἴδιον
3693 2688 3781 2764 άν-

2196 2807 2319 2879 δρα,
2364 2806 2505 2861 κατὰ
2529 2806 2587 2860 δὲ
2616 2804 2678 2857 τδ
2718 2802 2919 2857 ἁπλοῦν
2952 2802 3214 2874 ᾐσχύνετο
3242 2805 3440 2869 εἰπεῖν,
3463 2804 3546 2856 ὅτι
3578 2804 3778 2873 μοιχὸν,

2197 2901 2318 2970 ούχὶ
2336 2899 2393 2952 δὲ
2418 2899 2587 2972 ἄνδρα
2617 2892 2749 2969 εἶχε·
2786 2915 2805 2947 ι
2843 2894 2960 2958 πῶς
2984 2895 3106 2965 οὐχ).
3134 2894 3310 2965 μάτην
3329 2894 3485 2947 ἔσται
3518 2894 3783 2965 προστάσ-

2201 3007 2309 3043 σων
2339 2992 2368 3044 ό
2390 2990 2582 3059 λέγων·
2624 3010 2642 3041 ι
2672 2988 2912 3056 Ὕπαγε,
2942 2986 3190 3057 φώνησον
3218 2987 3311 3040 τὸν
3339 2988 3510 3059 ἄνδρα
3550 3005 3665 3053 σου,
3693 2989 3783 3040 καὶ

2198 3084 2321 3138 ἐλθὲ
2354 3084 2572 3149 ὲνθάδε;
2611 3104 2628 3136 ι
2659 3080 2789 3137 Εἶτα
2817 3081 2953 3155 arpi);
2978 3079 3152 3135 τοῦτο·
3198 3098 3216 3130 ι
3263 3080 3489 3150 Ἀληθὲς
3536 3083 3779 3151 εἴρηκας,

517 3209 537 3242 ι
572 3191 740 3254 Vade,
771 3205 903 3245 voca
927 3190 1109 3245 virum
1144 3199 1320 3256 tuum,
1345 3200 1404 3245 et
1435 3190 1556 3244 veni
1586 3190 1730 3246 huc?
1752 3210 1771 3243 ι
1800 3191 2002 3246 Deinde
2025 3190 2093 3246 ad

2204 3176 2281 3229 ὅτι
2309 3174 2480 3247 ἄνδρα
2509 3176 2611 3227 οὐκ
2658 3173 2823 3244 ἔχεις,
2859 3194 2877 3228 ι
2918 3174 3104 3245 φησίν·
3150 3192 3170 3226 ε
3223 3170 3377 3226 Ἐπεὶ
3409 3173 3467 3223 ὲν
3497 3171 3575 3241 τῷ
3599 3171 3782 3241 κόσμῳ

513 3281 645 3337 illud
671 3299 686 3337 :
721 3299 742 3334 ι
778 3280 918 3337 Vere
940 3282 1146 3348 dixisti,
1171 3282 1431 3351 quoniam
1455 3282 1633 3337 virum
1660 3298 1768 3338 non
1800 3282 2090 3349 habeo“,t

515 3373 734 3443 inquit:
770 3391 791 3426 ι
831 3372 1100 3441 Quoniam
1135 3375 1189 3429 in
1218 3378 1421 3431 mundo
1466 3375 1644 3430 virum
1697 3390 1804 3430 non
1861 3376 2098 3432 habebat

516 3462 831 3530 Samaritis,
868 3464 986 3519 viro
1026 3478 1127 3520 suo
1160 3465 1468 3521 exsistente
1521 3465 1575 3520 in
1627 3464 1824 3523 Eone.
1855 3485 1876 3519 ι
1918 3468 2097 3537 Atque

516 3568 619 3610 nos
674 3555 890 3624 quidem
928 3555 1200 3627 legimus:
1263 3575 1283 3609 ι
1321 3557 1577 3629 Quinque
1618 3559 1763 3613 enim
1812 3559 1962 3614 viros
2009 3560 2099 3614 ha-

517 3646 793 3712 buisti";
829 3666 849 3701 ι
903 3650 1046 3718 apud
1100 3648 1492 3705 Heracleonent
1546 3665 1678 3706 vero
1732 3651 2091 3707 invenimus:

522 3755 544 3790 ι
580 3739 690 3794 Sex
717 3740 867 3796 viros
905 3740 1183 3807 habuisti;
1227 3760 1247 3794 ι
1285 3741 1787 3811 interpretaturque
1829 3757 1924 3811 per
1952 3741 2099 3797 viros

521 3843 619 3885 sex
642 3830 953 3886 universam
983 3831 1246 3886 malitiam
1287 3832 1631 3887 materialem
1665 3833 1952 3900 declarari,
2008 3836 2097 3889 cui

519 3921 846 3990 cumplicata
875 3921 1053 3978 fuerat
1087 3923 1285 3994 cuique
1311 3923 1726 3994 approximarat
1768 3932 1968 3993 praeter
2002 3938 2095 3978 ra-

520 4013 722 4070 tionem
762 4014 1067 4083 fornicans,
1100 4015 1452 4072 contumeliis
1484 4013 1702 4081 aﬁ‘ecta,
1740 4024 1795 4070 et
1821 4022 2098 4085 separata,

518 4113 576 4159 et
606 4105 860 4161 derelicta
897 4108 967 4162 ab
1001 4108 1152 4178 ipsis.
1193 4106 1302 4161 Sed
1332 4106 1433 4176 ipsi
1464 4105 1781 4161 lleracleoni
1814 4105 2097 4159 dicendum

518 4205 628 4263 est,
649 4196 694 4251 si
718 4196 983 4253 fornicata
1006 4207 1090 4255 est
1112 4197 1431 4268 spiritualis,
1454 4208 1709 4266 peccasse
1730 4195 2095 4265 spiritualetu;

523 4290 571 4343 si
600 4304 729 4344 vero
757 4290 1007 4358 peccavit
1042 4289 1362 4358 spiritualis,
1421 4290 1674 4344 arborem
1729 4288 1925 4344 bonam
1993 4304 2096 4342 non

524 4378 692 4435 fuisse
722 4380 1098 4449 spiritualem;
1135 4382 1288 4451 iuxta
1311 4382 1456 4436 enim
1489 4370 1882 4452 Evangelium:
1923 4398 1943 4432 ι
1983 4379 2099 4433 Νοη

523 4477 703 4538 potest
734 4471 897 4524 arbor
922 4470 1061 4525 bona
1097 4470 1269 4525 malos
1296 4470 1507 4526 fructus
1531 4472 1678 4530 ferre
1699 4471 1747 4504 ”
1769 4510 1786 4537 ,
1818 4490 1838 4523 ι
1877 4469 2101 4540 proinde

2198 3267 2297 3320 ούκ
2325 3262 2471 3336 εἶχεν
2507 3263 2675 3336 ἄνδρα
2703 3266 2736 3334 ἡ
2774 3265 3122 3335 Σαμαρεῖτις·
3152 3259 3220 3334 ἦν
3249 3259 3362 3335 γὰρ
3388 3260 3563 3331 αὐτῆς
3586 3262 3616 3316 ὁ
3645 3260 3785 3334 ἀνὴρ

2197 3359 2255 3411 ἐν
2283 3356 2360 3429 τῷ
2389 3354 2574 3409 Αίῶνι.
2624 3373 2643 3406 ι
2691 3355 2882 3426 Ἡμεῖς
2929 3355 3025 3425 μὲν
3057 3349 3150 3408 οὖν
3185 3354 3524 3426 ἀνέγνωμεν·
3563 3374 3579 3405 ι
3616 3355 3781 3407 Πέντε

2197 3450 2394 3523 ἄνδρας
2414 3449 2588 3519 ἔσχες·
2615 3467 2635 3501 ι
2666 3447 2815 3520 παρὰ
2835 3447 2891 3501 δὲ
2906 3447 2983 3517 τῷ
3010 3446 3350 3519 Ἠρακλέωνι
3366 3447 3622 3520 εὕρομεν·
3642 3468 3662 3500 ι
3690 3449 3785 3512 Ἐξ

2196 3540 2396 3611 ἄνδρας
2422 3539 2595 3609 ἔσχες·
2641 3558 2659 3590 ι
2695 3540 2789 3592 καὶ
2818 3537 3111 3612 ἑρμηνεύει
3144 3554 3208 3607 γε
3236 3539 3334 3609 τὴν
3374 3539 3568 3610 ύλικὴν
3604 3542 3782 3593 πᾶσαν

2197 3633 2396 3687 κακίαν
2431 3630 2720 3704 δηλοῦσθαι
2765 3630 2855 3685 διὰ
2884 3630 2995 3685 τῶν
3026 3630 3085 3699 ἒξ
3116 3631 3348 3703 ἀνδρῶν,
3461 3632 3786 3685 συνεπέπλε-

2200 3742 2296 3779 κτο
2345 3724 2438 3778 καὶ
2491 3722 2784 3794 ἐπλησίαζε
2805 3762 2821 3787 ,
2868 3722 3019 3793 παρὰ
3066 3722 3222 3791 λόγον
3269 3723 3635 3794 πορνεύουσα,
3690 3724 3784 3776 καὶ

2200 3813 2615 3886 ὲνυϐριζομένη,
2650 3814 2747 3868 καὶ
2769 3812 3123 3884 ἀθετουμένη,
3162 3813 3256 3866 καὶ
3281 3814 3783 3883 ὲγκαταλειπομένη

2201 3907 2292 3960 ὑπ’
2327 3904 2529 3960 αὐτῶν.
2563 3904 2796 3958 Λεκτέον
2833 3903 2895 3958 δὲ
2914 3904 3052 3975 πρὸς
3075 3903 3261 3971 αὐτὸν,
3288 3904 3393 3969 ὅτι,
3423 3905 3583 3977 εἴπερ
3621 3907 3784 3976 ἐπόρ-

2200 4016 2353 4053 νευεν
2381 4000 2416 4069 ἡ
2444 3996 2804 4069 πνευματικὴ,
2839 3996 3152 4069 ἡμάρτανεν
3191 3998 3225 4068 ὴ
3267 4000 3631 4070 πνευματική·
3658 4000 3708 4050 εἰ
3730 3998 3785 4049 δὲ

2200 4095 2486 4165 ἡμάρτανε
2509 4089 2874 4163 πνευματικὴ,
2892 4089 3108 4161 δένδρον
3124 4090 3327 4158 ἀγαθὸν
3342 4092 3445 4144 οὐκ
3462 4087 3531 4163 ἦν
3565 4093 3596 4162 ἠ
3623 4107 3776 4144 πνευ-

2205 4184 2426 4256 ματική·
2459 4182 2601 4236 κατὰ
2631 4182 2738 4255 γὰρ
2765 4181 2826 4235 τὸ
2856 4180 3210 4250 Εὐαγγέλιον,
3246 4199 3265 4232 t
3302 4181 3377 4235 Ού
3419 4182 3639 4235 δύναται
3668 4180 3783 4234 δέν-

2201 4279 2324 4350 δρον
2347 4277 2548 4347 ἀγαθὸν
2569 4276 2815 4348 καρποὺς
2841 4275 3111 4347 πονηροὺς
3135 4275 3400 4342 ἐνεγκεῖν·
3435 4294 3455 4327 ι
3490 4275 3578 4328 καὶ
3603 4274 3786 4343 δῆλον,

2202 4369 2286 4422 ὅτι
2323 4369 2529 4439 οἴχεται
2566 4368 2752 4431 αὐτοῖς
2792 4365 2860 4419 τά
2891 4365 2989 4435 τῆς
3027 4363 3376 4434 μυθοποιίας.
3417 4365 3484 4418 Ei.
3512 4365 3567 4418 δὲ
3593 4365 3789 4418 ἀδύνα-

2203 4464 2294 4518 τόν
2319 4466 2434 4517 ὲστι
2452 4463 2514 4516 τὸ
2554 4461 2753 4532 ἀγαθὸν
2772 4459 2985 4531 δένδρον
3014 4457 3199 4529 φέρειν
3217 4459 3492 4530 πονηροὺς
3524 4460 3786 4530 καρποὺς,

527 4531 718 4631 aperte
748 4560 854 4616 illis
883 4561 1065 4632 perire
1089 4578 1212 4633 qua:
1243 4562 1539 4619 ﬁnxerunt.
1569 4564 1725 4631 Quod
1763 4531 1809 4620 si
1846 4531 1963 4619 fieri
1999 4578 2097 4619 ne-

2210 4557 2306 4611 καὶ⁵
2350 4554 2554 4625 ἀγαθὸν
2602 4531 2816 4625 δένδρον
2846 4554 2879 4624 ἡ
2912 4551 3261 4621 Σαμαρεῖτις,
3309 4549 3407 4605 ἅτε
3448 4550 3789 4621 πνευματικὴ

527 4653 647 4722 quit
684 4662 745 4708 ut
774 4655 937 4710 arbor
965 4655 1107 4711 bona
1159 4656 1335 4713 malos
1372 4655 1513 4713 ferat
1549 4657 1782 4724 fructus,
1831 4664 1886 4711 et
1940 4656 2107 4711 arbor

444 4804 451 4811 _
527 4750 670 4802 bona
696 4757 779 4803 est
808 4747 1120 4814 Samaritis,
1153 4750 1282 4821 quia
1318 4752 1391 4806 sit
1416 4750 1737 4820 spiritualis,
1762 4760 2106 4818 consequens

529 4839 604 4894 illi
627 4848 710 4895 est
739 4841 945 4909 dicere,
975 4842 1120 4912 quod
1143 4850 1238 4897 aut
1268 4843 1560 4899 fornicatio
1585 4842 1706 4912 ejus
1736 4855 1845 4896 non
1884 4840 1955 4895 sit
1985 4852 2109 4909 pec-

528 4939 734 4992 catum.
770 4942 865 4989 aut
886 4934 1032 5004 quod
1058 4935 1174 4991 base
1201 4951 1311 4992 non
1334 4944 1420 4992 est
1441 4933 1731 4990 fornicata.

598 5021 873 5092 22212.
912 5043 932 5077 ‹
964 5025 1106 5082 Dicit
1133 5027 1199 5081 ad
1230 5041 1356 5082 eum
1387 5025 1580 5081 mulier
1610 5041 1626 5079 :
1657 5023 1905 5089 Domine,
1949 5021 2108 5077 video

533 5120 587 5167 te
623 5128 743 5168 esse
773 5117 1115 5186 prophetam.
1140 5117 1334 5174 Patres
1373 5118 1547 5173 nostri
1587 5118 1642 5171 in
1673 5125 1859 5169 monte
1886 5115 1990 5169 hoc
2022 5114 2111 5167 ad-

531 5215 853 5275 oraverunt,
876 5217 934 5264 et
953 5225 1049 5267 vos
1070 5210 1250 5267 dicitis
1279 5208 1630 5279 Jerosolymae
1656 5206 1833 5261 locum
1863 5221 1988 5261 esse
2017 5204 2107 5259 ubi

534 5306 782 5367 oporteat
808 5302 1038 5358 adorare
1063 5303 1163 5358 ⁸⁸.»
1200 5302 1387 5359 Tertio
1410 5301 1525 5371 jam
1569 5292 1862 5354 Samaritis
1906 5297 2109 5352 Serva-

539 5395 710 5443 torem
738 5401 984 5448 nostrum
1016 5392 1307 5448 Dominum
1343 5390 1624 5461 praedicat,
1680 5387 1897 5457 quando
1944 5386 2106 5441 etiam

534 5480 796 5550 scriptum
825 5493 912 5539 est
938 5484 1128 5538 ultimo
1158 5484 1262 5539 hoc
1292 5497 1411 5537 eam
1452 5480 1529 5536 illi
1563 5477 1767 5535 dixisse
1792 5494 1808 5539 :
1865 5485 2105 5532 attamen

2209 4648 2569 4719 τυγχάνουσα,
2614 4644 2905 4700 ἀκόλουθον
2938 4642 3087 4713 αὐτῷ
3129 4641 3309 4710 λέγειν
3351 4642 3520 4709 ἐστὶν,
3545 4643 3622 4696 ὅτι
3668 4642 3792 4712 ἤτοι

2211 4740 2312 4793 οὐκ
2349 4737 2418 4812 ἦν
2461 4738 2701 4812 ἁμαρτία
2732 4740 2767 4811 ἡ
2796 4738 3022 4810 πορνεία
3053 4738 3244 4810 αὐτῆς,
3266 4738 3299 4809 ἢ
3323 4738 3426 4791 οὐκ
3457 4735 3589 4807 αὑτὴ
3616 4734 3790 4803 ἐπόρ-

2214 4848 2389 4887 νευσε.

2287 5014 2578 5085 12.ιΛέγει
2621 5013 2772 5086 αὐτῷ
2821 5016 2857 5085 ἠ
2898 5014 3037 5084 γυνή
3076 5030 3089 5045 ο
3177 5010 3389 5084 Κύριε,
3436 5007 3648 5080 θεωρῶ,
3707 5008 3796 5060 ὃτι

2216 5108 2499 5181 προφήτης
2550 5102 2603 5161 εἴ
2643 5107 2726 5160 σύ.
2757 5108 2819 5161 Oi
2843 5106 3077 5178 πατέρες
3101 5101 3259 5176 ἡμῶν
3303 5104 3362 5157 ὲν
3381 5102 3459 5173 τῷ
3485 5101 3593 5173 όρει
3610 5096 3802 5170 τούτῳ

2218 5200 2651 5272 προσεκύνησαν·
2704 5197 2799 5252 καὶ
2846 5197 3006 5268 ὑμεῖς
3043 5194 3250 5263 λέγετε,
3303 5194 3362 5247 ὲν
3404 5188 3801 5263 Ἰεροσολύμοις

2216 5295 2363 5348 ἐστὶν
2397 5291 2511 5364 (21)
2553 5292 2583 5344 ό
2610 5292 2804 5356 τόπος,
2853 5291 2989 5343 ὅπου
3029 5287 3357 5358 προσκυνεῖν
3384 5285 3483 5339 δεῖ.
3524 5304 3544 5336 ι
3591 5282 3803 5353 Τρίτον

2212 5384 2312 5456 ἤδη
2360 5385 2394 5455 ἡ
2434 5383 2761 5455 Σαμαρεῖτις
2802 5379 3007 5452 Κύριον
3049 5375 3371 5450 ἀναγορεύει
3419 5375 3511 5429 τὸν
3562 5370 3805 5443 Σωτῆρα

2212 5476 2390 5548 ἡμῶν,
2437 5477 2525 5530 ὅτε
2575 5475 2669 5529 καὶ
2693 5473 2995 5528 τελευταῖον
3019 5469 3435 5542 ἀναγέγραπται
3461 5466 3611 5520 τοῦτο
3658 5468 3804 5540 πρὸς

642 5620 865 5679 “Joan.
904 5637 981 5687 tv,
1007 5620 1095 5676 15.
1171 5622 1216 5654 ⁸⁸
1235 5622 1366 5678 ibid.
1401 5620 1490 5676 16.
1565 5618 1612 5651 '°
1644 5616 1781 5672 ibid.
1866 5616 1910 5647 ’ί
1949 5612 2079 5671 ibid.

2267 5608 2561 5665 "ibidJS.
2637 5607 2685 5639 ’⁸
2712 5604 2904 5660 Matth.
2928 5618 3028 5670 vtt,
3053 5600 3142 5656 18.
3217 5600 3268 5632 ’⁸
3287 5598 3447 5658 Joan.
3484 5615 3553 5669 tv,
3580 5599 3672 5665 l9,
3698 5598 3800 5657 20.

614 5762 727 5833 (l9)
761 5765 1013 5832 Ἔλεγεν
1051 5762 1229 5832 αὐτῇ.
1266 5762 1426 5817 Deest
1476 5763 1529 5833 in
1572 5759 1757 5833 codice
1793 5757 2108 5833 liudlciano.

615 5829 729 5903 (20)
756 5833 885 5890 Post
908 5829 1071 5888 αὐτόν
1103 5829 1405 5891 addendum
1431 5832 1641 5888 videtur
1669 5829 1863 5882 εἰπεῖν.

2220 5825 2244 5878 ἕ
2295 5754 2407 5824 (ει)
2472 5750 2698 5807 Ἐστίι·.
2755 5748 2846 5805 Sic
2902 5744 3071 5804 codex
3144 5744 3507 5812 Bodleianus;
3564 5739 3805 5813 Regius,

2250 5841 2393 5878 σται.

2250 5841 2393 5879 σται.
