3806 6522
553 399 658 454 M9

2021 390 2121 446 OR'

2228 389 2344 446 NIS
3661 394 3742 451 ιιι

553 518 765 574 Mosen:
796 515 861 570 ad
886 516 1029 586 quod
1056 514 1338 571 dicendum
1373 521 1486 570 est:
1535 512 1789 584 quoniam
1820 526 1923 566 vox
1956 511 2116 566 Gari-

2228 508 2374 582 παρὰ
2427 509 2618 563 Μωσεῖ
2664 507 2903 577 εὐλογίαι
2947 509 3040 562 ἐπὶ
3084 508 3178 562 τοῦ
3228 509 3477 582 Γαριζεὶν
3523 510 3740 580 γίιονται.

551 609 658 664 lim
711 608 1047 662 dicissionem
1110 613 1167 659 et
1194 606 1501 660 divisionem
1571 602 1874 672 signiﬁcat,
1925 601 2118 656 discis-

553 699 720 753 sionis
759 697 974 765 quidem
1027 695 1391 766 signiﬁcatum
1437 695 1758 750 sumendum
1807 707 1963 756 esse,
1995 707 2116 746 cum

553 789 821 843 scinditur
855 786 1089 855 populus
1127 801 1153 838 a
1201 785 1488 840 Jeroboam
1511 825 1525 850 ,
1557 786 1874 854 habitatque
1923 784 2118 838 Sama-

558 881 693 932 riam
721 895 813 934 rex
845 895 860 944 ;
889 879 1174 933 divisionis
1203 893 1335 933 vero
1363 893 1548 932 vocem
1579 877 1896 932 sumendam
1920 890 2040 931 esse
2064 876 2117 930 in

559 971 754 1022 bonam
787 979 1020 1039 partem,
1057 970 1181 1038 quia
1217 970 1458 1040 apposite
1480 969 1751 1038 sapientes
1781 977 2003 1022 utantur
2031 967 2116 1022 di-

555 1061 766 1115 visione
797 1063 850 1115 in
892 1076 1217 1130 unaquaque
1251 1061 1618 1130 propositione
1649 1059 1957 1128 disputabili
1979 1100 1996 1126 ,
2026 1075 2120 1115 ne-

558 1151 796 1206 cessaria
813 1152 1113 1206 exsistente
1147 1152 1407 1206 divisione
1440 1152 1506 1206 ad
1532 1151 1894 1220 cognitionem
1919 1153 2119 1206 verita-

561 1243 646 1295 tis.
688 1241 951 1307 Quocirca
982 1243 1110 1310 quia
1145 1243 1380 1297 nondum
1408 1243 1556 1298 venit
1587 1243 1717 1296 hora
1769 1243 1855 1297 llla
1900 1245 2039 1298 dicta
2089 1258 2118 1298 a

561 1331 790 1386 Domino
816 1333 882 1399 θ’,
917 1335 1134 1402 quando
1159 1349 1332 1404 neque
1365 1335 1419 1387 in
1456 1345 1639 1388 monte
1665 1335 1790 1396 hoc,
1824 1350 1996 1402 neque
2028 1334 2121 1390 Je-

561 1423 847 1493 rosolymze
883 1425 1188 1478 adorabunt
1217 1423 1433 1478 Patrem
1461 1464 1476 1490 ,
1527 1423 1812 1493 fugiendus
1848 1435 1934 1479 est
1969 1438 2122 1478 mons

564 1514 1052 1580 Samaritanorum,
1083 1526 1137 1570 et
1169 1516 1383 1570 interim
1408 1516 1461 1570 in
1489 1515 1642 1581 Sion,
1669 1516 1759 1570 ubi
1789 1525 1873 1571 est
1907 1514 2123 1571 Jeroso-

558 1606 739 1676 lyma,
802 1607 940 1662 Deus
1003 1609 1342 1673 adorandus;
1393 1623 1512 1677 quae
1560 1607 1893 1678 Jerosolyma
1941 1610 2121 1663 civitas

561 1697 718 1765 Regis
757 1698 931 1766 magni
973 1699 1168 1752 dicitur
1205 1714 1234 1753 a
1275 1698 1492 1753 Christo
1523 1697 1562 1754 ³.
1603 1698 1707 1752 Sed
1735 1713 1981 1768 quaenam
2017 1699 2121 1755 alia

575 1791 770 1842 etvitas
797 1790 901 1842 erit
928 1789 1088 1858 Regis
1134 1789 1343 1858 magni,
1376 1798 1431 1842 et
1455 1804 1580 1844 vera
1624 1788 1988 1860 Jerosolyma,
2019 1791 2120 1845 nisi

573 1881 810 1936 Ecclesia
841 1897 905 1936 ex
939 1883 1076 1936 vivis
1102 1881 1366 1950 lapidibus
1389 1881 1673 1946 aediﬁcata,
1706 1880 1794 1935 ubi
1835 1889 1917 1936 est
1945 1896 2123 1936 sacer-

563 1971 766 2025 d0tium
808 1981 1056 2028 sanctum
1078 2014 1092 2039 ,
1134 1972 1223 2027 ubi
1255 1970 1570 2040 spirituales
1603 1970 1905 2026 oﬁ'eruntur
1934 1973 2125 2028 hostiae

563 2063 672 2116 Deo
695 2079 724 2117 a
757 2065 1129 2136 spiritualibus
1153 2067 1197 2126 ’,
1230 2073 1284 2118 et
1315 2063 1382 2117 ab
1418 2063 1500 2118 bis
1529 2064 1621 2134 qui
1669 2064 2006 2133 spiritualem
2045 2065 2126 2118 in-

563 2159 866 2215 tellexerint
892 2155 1103 2226 legem?
1141 2155 1276 2210 Cum
1303 2156 1581 2210 enimvero
1622 2158 1797 2211 aderit
1844 2159 2124 2228 plenitudo

560 2252 650 2307 illa
703 2251 993 2321 temporis,
1028 2249 1094 2302 ad
1143 2247 1259 2301 haec
1306 2262 1426 2300 cum
1477 2247 1600 2316 quis
1661 2263 2004 2320 nequaquam
2070 2251 2123 2304 in

561 2357 752 2404 carne,
783 2341 876 2396 sed
920 2342 971 2394 in
1005 2340 1196 2408 spiritu
1225 2336 1422 2402 fuerit,
1458 2353 1555 2392 nec
1580 2340 1807 2410 amplius
1841 2341 1893 2395 in
1931 2341 2124 2412 ﬁgura,

562 2434 656 2488 sed
681 2443 824 2488 totus
849 2433 900 2487 in
928 2433 1178 2496 veritate.
1205 2443 1259 2487 et
1287 2433 1466 2488 taliter
1489 2435 1783 2488 inStructus
1805 2441 1863 2486 ut
1885 2433 2123 2502 seipsum

563 2523 796 2578 similem
823 2524 1219 2578 reddateorum
1255 2525 1604 2578 adoratorum
1631 2539 1768 2593 quos
1792 2523 1930 2579 Deus
1977 2541 2126 2594 qua:-

565 2615 656 2680 rit,
705 2625 832 2670 tunc
885 2631 989 2670 non
1036 2617 1366 2671 censendum
1405 2625 1486 2672 est
1529 2631 1712 2671 veram
1753 2617 2123 2672 adorationem

565 2705 970 2776 perfectumque
991 2707 1083 2762 Dei
1109 2706 1310 2762 cultum
1325 2705 1676 2777 Jerosolymis
1698 2707 2000 2778 perfectum
2034 2706 2120 2762 iri.

638 2975 726 3034 14.
767 2975 858 3032 Bis
899 2988 1077 3033 autem
1121 2979 1381 3048 scriptum
1416 2988 1534 3034 est:
1589 2998 1608 3031 ι
1641 2977 1804 3035 Venit
1844 2979 1977 3035 hora
2009 2979 2059 3047 ³;
2099 2998 2119 3032 ι

563 3071 658 3124 sed
687 3069 916 3137 primum
949 3085 1071 3122 cum
1121 3085 1226 3122 non
1271 3072 1540 3126 addiderit
1591 3071 1956 3142 evangelista,
2021 3091 2040 3123 ι
2073 3080 2127 3126 et

2220 603 2452 656 Λεκτέον
2492 601 2548 654 δὲ
2581 600 2674 655 καὶ
2707 601 2846 670 πρὸς
2890 599 3068 666 τοῦτο,
3104 602 3206 667 ὅτι,
3252 601 3482 671 ἐπείπερ
3529 603 3742 672 σημαίνει

2219 694 2252 764 ἢ
2301 691 2553 763 Γαριζεὶν
2589 690 2738 762 φωνὴ
2773 691 2873 762 τὴν
2897 697 3204 766 διατομὴν,
3233 692 3327 744 καὶ
3358 689 3455 758 τὴν
3473 685 3743 755 διαίρεσιν,

2219 783 2278 835 τὸ
2315 783 2413 852 μὲν
2437 783 2536 852 τῆς
2567 783 2827 852 διατομῆς
2857 782 3250 852 σημαινόμενον
3279 781 3513 850 ληπτέον
3543 780 3622 832 ὅτε
3655 782 3744 849 σχί-

2221 873 2371 936 ζεται
2398 876 2426 926 ὁ
2466 873 2590 936 λαὸς
2631 874 2733 926 ὑπὸ
2769 872 2863 926 τοῦ
2914 873 3212 945 ’ῐεροὸοὰμ,
3257 873 3353 928 καὶ
3393 873 3640 944 οἰκεῖ
3664 876 3745 927 Σα-

2224 967 2452 1036 μάρειαν
2488 968 2516 1018 ό
2561 964 2829 1034 βασιλεύςο
2861 964 2923 1018 τὸ
2959 965 3015 1018 δὲ
3063 965 3163 1034 τῆς
3203 965 3517 1035 διαιρέσεως
3559 966 3642 1018 ἐπὶ
3671 968 3744 1037 τῆς

2221 1057 2485 1124 εὐλογίας,
2518 1057 2625 1109 τῶν
2662 1055 2840 1125 σοφῶν
2870 1057 2936 1126 τῇ
2967 1055 3224 1127 διαιρέσει
3256 1056 3600 1126 τεταγμένως
3636 1074 3746 1126 χρω-

2224 1148 2396 1219 μένων
2415 1149 2498 1217 ὲφ’
2517 1148 2744 1202 ἑκάστου
2769 1146 2875 1200 τῶν
2902 1147 3106 1218 προὸλη
3116 1147 3298 1218 μάτων
3312 1149 3435 1218 ἥτις
3460 1149 3600 1200 ἐστὶν
3621 1150 3748 1216 ἀνσγ·

2222 1240 2354 1294 καία
2403 1241 2539 1312 πρὸς
2565 1241 2662 1307 τὴν
2700 1240 2797 1309 τῆς
2831 1238 3086 1308 ἀληθείας
3117 1239 3458 1310 κατανόησιν.
3500 1240 3649 1292 Ὅσον
3673 1242 3746 1310 μὲν

2221 1329 2313 1386 οὖν
2357 1332 2566 1388 οὐδέπω
2607 1331 2860 1402 ἐλήλυθεν
2906 1332 2939 1400 ἡ
2985 1330 3089 1383 ὑπὸ
3127 1330 3220 1383 τοῦ
3267 1331 3472 1402 Κυρίου
3523 1332 3747 1403 εἰρημένη

2222 1424 2359 1495 ὥρα,
2387 1424 2474 1476 ὅτε
2515 1422 2635 1475 οὔτε
2669 1425 2724 1477 ὲν
2751 1422 2829 1492 τῷ
2867 1422 2981 1492 δρει
3011 1421 3205 1492 τούτῳ,
3247 1421 3370 1474 οὔτε
3402 1425 3462 1474 ὲν
3501 1422 3748 1493 Ἱεροσολύ-

2226 1533 2346 1586 μοις
2401 1515 2835 1586 προσκυνήσουσι
2894 1513 2972 1583 τῷ
3033 1513 3225 1584 Πατρὶ,
3272 1512 3535 1582 φευκτέον
3571 1530 3624 1566 τε
3666 1513 3747 1564 τῶν

2223 1605 2576 1677 Σαμαρειτῶν
2614 1605 2755 1676 ὅρος,
2788 1605 2882 1656 καὶ
2909 1606 2968 1657 ὲν
3008 1602 3164 1668 Σιὼν,
3195 1605 3326 1656 ὅπου
3359 1605 3479 1656 ἐστὶ
3516 1604 3580 1657 τὰ
3619 1605 3748 1674 Ἰερο-

2225 1700 2455 1769 σόλυμα,
2503 1696 2903 1769 προσκυνητέον
2943 1695 3021 1766 τῷ
3065 1695 3203 1765 Θεῷ,
3252 1697 3393 1766 ἆπερ
3444 1694 3748 1766 Ἱεροσόλυμα

2224 1792 2400 1855 πόλις
2443 1785 2580 1842 εἶναι
2625 1788 2841 1856 λέγεται
2886 1785 2990 1839 ὑπὸ
3032 1784 3125 1839 τοῦ
3170 1785 3401 1858 Χριστοῦ
3452 1786 3558 1840 τοῦ
3604 1785 3749 1855 μετό-

2223 1889 2338 1938 λου
2376 1881 2700 1947 βασιλέως.
2740 1881 2834 1944 Τίς
2863 1880 2907 1932 δ’
2934 1879 3000 1934 ἂν
3036 1879 3118 1950 εἴη
3153 1881 3186 1950 ὴ
3229 1879 3382 1943 πόλις
3421 1878 3520 1934 τοῦ
3556 1878 3750 1948 μεγάλου

2228 1974 2512 2046 βασιλέως,
2547 1973 2615 2027 τὰ
2651 1971 2880 2044 ἀληθινὰ
2923 1973 3289 2044 Ἱεροσόλυμα,
3339 1972 3374 2042 ἢ
3413 1973 3451 2042 ὴ
3502 1968 3751 2040 Ἐκκλησία

2224 2069 2288 2121 ὲκ
2333 2067 2495 2121 λίθων
2532 2064 2928 2136 ᾠκοδομημένη
2971 2061 3219 2130 ζώντωνς
3267 2062 3455 2116 ἐνθάδε
3503 2061 3753 2132 ἱεράτευμα

2225 2162 2397 2228 ἅγιον,
2434 2157 2795 2229 πνευματικαὶ
2821 2155 3000 2209 θυσίαι
3024 2152 3519 2226 προσφέρονταιτῷ
3551 2153 3658 2220 Θεῷ
3675 2150 3754 2204 bra

2223 2253 2330 2307 τῶν
2373 2249 2753 2322 πνευματικῶν
2779 2251 2873 2302 καὶ
2913 2250 3003 2303 τὸν
3052 2248 3417 2318 πνευματικὸν
3465 2243 3754 2314 νενοηκότων

2225 2344 2408 2414 νόμον.
2457 2341 2622 2395 Ἐπὰν
2647 2341 2704 2394 δὲ
2737 2342 2895 2411 ἐνστῇ
2921 2339 2983 2392 τὸ
3009 2338 3280 2410 πλήρωμα
3312 2337 3405 2390 τοῦ
3429 2338 3640 2409 χρόνου,
3663 2335 3753 2388 τότε

2225 2436 2323 2506 οὑχ
2347 2435 2578 2507 ἡγητέον
2613 2434 2712 2503 τὴν
2754 2432 3010 2502 ἀληθινὴν
3050 2430 3417 2502 προσκύνησιν
3456 2430 3550 2482 καὶ
3583 2427 3756 2481 τελείαν

2227 2527 2533 2580 θεοσέϐειαν
2564 2525 2830 2578 τελεῖσθαι
2872 2526 2929 2576 ὲν
2970 2522 3392 2594 Ἱεροσολύμοιςο
3436 2519 3520 2573 ἔτι
3553 2519 3667 2572 ὅταν
3694 2533 3756 2577 τις

2225 2620 2449 2689 γένηται
2492 2617 2754 2688 μηδαμῶς
2798 2619 2855 2670 ὲν
2896 2615 3080 2687 σαρκὶ,
3118 2613 3230 2668 ἀλλ’
3261 2616 3318 2666 ὲν
3354 2611 3644 2681 πνεύματι,
3684 2609 3758 2661 καὶ

2229 2711 2492 2783 μηδαμῶς
2516 2711 2594 2763 ἔτι
2621 2711 2678 2763 ὲν
2700 2709 2874 2779 τύπῳ,
2904 2708 3037 2761 ἀλλὰ
3064 2709 3168 2770 πᾶς
3191 2707 3247 2758 ὲν
3276 2703 3527 2776 ἀληθείᾳ,
3555 2700 3756 2760 comico;

2226 2801 2749 2872 κατεσκευασμένος,
2780 2801 2919 2853 ὥστε
2949 2798 3318 2870 ἐξομοιοῦσθαι
3349 2796 3516 2850 αὑτὸν
3543 2790 3620 2858 οἷς
3641 2792 3759 2862 ζητεί

2227 2897 2627 2968 προσκυνηταῖς
2658 2895 2686 2947 ό
2713 2893 2863 2957 Θεὸς.

2307 2987 2393 3040 14.
2434 2987 2524 3048 Δις
2551 2985 2608 3037 δὲ
2635 2983 2715 3036 τόο
2754 3001 2774 3034 ι
2805 2985 3064 3055 Ἔρχεται
3091 2981 3228 3052 ῶρα,
3262 2999 3280 3033 ι
3323 2981 3649 3052 γέγραπται·
3690 2981 3762 3032 καὶ

2227 3078 2370 3133 κατὰ
2395 3078 2492 3149 μὲν
2523 3076 2582 3130 τὸ
2614 3077 2850 3148 πρῶτον,
2873 3075 2933 3127 ού
2964 3074 3304 3147 πρόσκειται,
3336 3092 3356 3124 ι
3379 3073 3479 3126 καὶ
3500 3073 3593 3126 νῦν
3610 3075 3756 3124 ἐστιῚ

566 3173 710 3212 nune
735 3167 854 3223 est,
890 3177 910 3210 ι
961 3163 1196 3213 secundo
1226 3160 1435 3229 inquit,
1470 3178 1490 3212 ι
1522 3161 1614 3216 sed
1653 3163 1799 3217 venit
1857 3163 2026 3226 hora,
2071 3171 2121 3217 et

2231 3168 2372 3223 κατὰ
2401 3168 2457 3220 δὲ
2485 3167 2547 3220 τὸ
2574 3166 2843 3240 δεύτερον,
2874 3165 3038 3236 φησιν
3065 3165 3095 3216 ό
3128 3163 3521 3234 εὐαγγελιστής
3543 3179 3556 3192 ·
3591 3181 3610 3214 ι
3654 3160 3762 3213 Ἀλλ’

565 3261 710 3302 nunc
749 3258 834 3302 est
860 3248 901 3305 ’⁵.
937 3267 956 3300 ι
1010 3248 1111 3315 Ac,
1166 3263 1284 3303 mea
1334 3251 1554 3320 quidem
1609 3253 1905 3312 sententia.
1949 3255 2124 3322 prima

566 3338 726 3393 lectio
749 3339 988 3412 declarat
1016 3337 1256 3394 futuram
1301 3342 1674 3397 adorationem
1703 3351 1854 3398 extra
1897 3358 2122 3414 corpora

563 3441 785 3498 propter
814 3431 1236 3501 perfectionem,
1266 3434 1438 3488 altera
1472 3435 1769 3504 profectum
1815 3451 2006 3491 eorum
2035 3437 2125 3506 qui

565 3523 921 3590 perﬁciuntur
961 3524 1013 3578 in
1048 3525 1150 3578 bac
1187 3525 1325 3587 vita,
1359 3527 1535 3594 quoad
1580 3527 1706 3582 licet.
1750 3528 1999 3582 humana:
2029 3543 2129 3581 na-

567 3621 722 3665 tura).
758 3613 922 3685 224
947 3615 1314 3681 Quamobrem
1351 3616 1479 3671 licet
1515 3618 1745 3672 adorare
1771 3617 2024 3683 Patrem,
2071 3629 2127 3674 et

562 3703 795 3773 spiritu,
857 3717 910 3760 et
959 3707 1214 3772 veritate,
1270 3710 1488 3778 quando
1520 3724 1626 3763 non
1677 3710 1847 3765 solum
1913 3728 1934 3762 ι
1977 3711 2126 3766 venit

563 3797 692 3851 hora
718 3838 734 3863 ,
771 3816 790 3850 ι
850 3813 1035 3853 verum
1070 3801 1232 3854 etiam
1284 3820 1303 3852 ι
1344 3803 1484 3856 venit
1518 3803 1654 3857 hora
1691 3813 1745 3857 et
1770 3818 1912 3858 nunc
1941 3815 2059 3870 εει,
2100 3822 2119 3856 ι

561 3900 615 3944 et
638 3890 851 3959 quando
871 3891 1222 3962 Jerosolymis
1242 3909 1360 3949 esse
1385 3895 1764 3950 existimamur
1785 3907 2008 3966 propter
2031 3911 2125 3952 eos

559 3985 650 4052 qui
697 3998 936 4055 eousque
986 3993 1199 4040 tantum
1266 3988 1648 4042 ascenderunt.
1710 3987 1939 4054 Quando
1995 4004 2125 4058 ergo

559 4078 818 4145 scriptum
866 4086 977 4133 est:
1032 4098 1050 4130 ι
1087 4077 1249 4134 Venit
1295 4079 1428 4133 hora
1455 4119 1472 4145 ,
1521 4091 1576 4134 et
1609 4096 1753 4135 nunc
1785 4089 1904 4146 est,
1939 4098 1957 4130 ι
2021 4096 2124 4133 non

560 4167 790 4234 amplius
823 4169 1057 4223 dicitur:
1100 4186 1128 4242 ι.
1154 4169 1338 4237 Neque
1370 4170 1421 4222 iu
1453 4180 1636 4224 monte
1663 4173 1786 4234 boc,
1817 4186 1994 4240 neque
2030 4169 2123 4226 Je-

559 4255 841 4324 rosolymis
895 4255 1192 4312 adorabitis
1240 4255 1456 4311 Patrem
1487 4297 1504 4324 ,
1571 4278 1590 4310 ›
1634 4269 1712 4328 ~ut
1772 4260 1972 4314 dictum
2040 4270 2126 4316 est

561 4343 696 4417 [(29)
730 4361 851 4399 eum
886 4346 1047 4413 illud,
1083 4366 1102 4399 ι
1141 4352 1286 4404 venit
1317 4351 1480 4417 hora,
1524 4368 1542 4402 ι
1575 4349 1695 4404 sine
1737 4350 1840 4405 hoc
1877 4359 1990 4406 toto
2017 4368 2035 4401 ι
2070 4360 2126 4406 et

561 4449 706 4490 nunc
738 4446 857 4502 est,
887 4456 906 4489 ι
949 4438 1214 4510 scripsit.]
1255 4443 1504 4495 Attamen
1551 4440 1686 4496 falsa
1727 4441 1979 4510 opinatur
2019 4442 2123 4496 Sn-

2228 3259 2442 3332 ἔρχεται
2471 3257 2609 3330 ὥρα,
2645 3257 2738 3311 καὶ
2775 3255 2868 3309 νῦν
2903 3259 3036 3310 ἐστι.
3087 3273 3105 3306 ι
3149 3255 3256 3307 Καὶ
3305 3249 3462 3322 οἶμαί
3500 3271 3565 3323 γε
3593 3253 3650 3306 τὺ
3688 3252 3762 3323 μὲν

2227 3351 2495 3422 πρότερον
2543 3348 2737 3419 δηλοῦν
2787 3346 2884 3418 τὴν
2927 3346 3031 3411 ἔξω
3086 3347 3350 3416 σωμάτων
3416 3345 3764 3416 προσκύνησιν

2226 3441 2622 3512 ὲνστησομένην
2667 3438 2807 3493 κατὰ
2843 3439 2942 3510 τὴν
2967 3437 3278 3508 τελειότητα
3304 3454 3316 3469 ·
3351 3437 3412 3490 τὸ
3445 3437 3506 3490 δὲ
3548 3436 3764 3506 δεύτεςρν

2226 3535 2322 3606 τὴν
2357 3535 2463 3588 τῶν
2496 3534 2552 3587 ὲν
2593 3531 2692 3603 βίῳ
2725 3531 2896 3602 τούτῳ
2937 3531 3012 3592 ῶς
3042 3531 3314 3600 ἐνδέχεται
3349 3531 3497 3585 κατὰ
3528 3529 3766 3600 ἀνθρωπί-

2227 3644 2323 3697 νην
2379 3623 2537 3694 φύσιν
2581 3623 2866 3695 προκοπὴν
2913 3620 3026 3692 (50)
3081 3620 3495 3692 τελειουμένων.
3555 3618 3766 3684 Ἔξεστιν

2224 3715 2319 3772 οῦν
2359 3719 2452 3770 καὶ
2485 3717 2542 3770 ὲν
2569 3715 2648 3785 τῷ
2683 3714 2950 3785 πνεύματι
2978 3715 3072 3767 καὶ
3109 3713 3335 3784 ἀληθείᾳ
3364 3713 3682 3784 προσκυνεῖν
3709 3707 3768 3777 τῷ

2226 3807 2424 3878 Πατρὶ,
2452 3807 2539 3858 ὅτε
2565 3806 2624 3858 ού
2654 3805 2812 3874 μόνον
2851 3823 2868 3855 ι
2903 3804 3121 3875 ἔρχεται
3147 3804 3284 3876 ῶρα,
3321 3824 3338 3854 ι
3369 3804 3509 3858 ἀλλὰ
3537 3805 3628 3858 καὶ
3653 3824 3669 3854 ι
3694 3801 3767 3852 νῦν

2226 3899 2359 3963 ἐστι,
2395 3918 2412 3948 ι
2446 3899 2538 3950 καὶ
2567 3899 2624 3951 ἐν
2652 3899 2764 3960 τοῖς
2806 3896 3196 3968 Ἱεροσολύμοις
3217 3895 3304 3949 διὰ
3334 3897 3465 3959 τοὺς
3497 3896 3591 3948 ἐπὶ
3610 3890 3769 3948 τοσοῦ-

2223 4009 2314 4045 τον
2369 3991 2524 4061 μόνον
2579 3989 2876 4058 φθάνοντας
2923 3989 3208 4058 τυγχάνειν
3257 3985 3613 4056 νομιζόμεθα.
3666 3985 3768 4034 Ὅτε

2224 4083 2352 4152 γοῦν
2385 4082 2726 4153 γέγραπται·
2768 4100 2786 4131 ι
2827 4081 3085 4150 Ἔρχεται
3117 4078 3261 4153 ⁸ὥρα,
3293 4078 3389 4130 καὶ
3422 4076 3524 4129 νῦν
3567 4078 3720 4138 ἐστιν,
3752 4090 3765 4120 ι

2225 4150 2404 4228 ούκέτι
2436 4150 2648 4241 λέγεται
2675 4173 2735 4225 τό
2754 4188 2767 4202 ·
2803 4191 2820 4223 ι
2855 4170 2991 4226 Οῠτε
3023 4172 3080 4224 ὲν
3211 4170 3323 4240 ὄρει
3358 4168 3558 4239 τούτῳ,
3588 4166 3700 4219 οὔτε
3725 4167 3771 4216 ὲν

2235 4267 2626 4338 Ἰεροσολύμοις
2678 4266 3082 4335 προσκυνήσετε
3137 4255 3217 4332 τῷ
3271 4262 3471 4332 Πατρὶ,
3537 4281 3555 4312 ι
3610 4260 3770 4326 ὥσπερ

2225 4359 2439 4429 εἴρηται
2488 4358 2621 4409 ὅπου
2669 4356 2765 4420 τὸ,
2817 4374 2837 4407 ι
2888 4354 3144 4424 Ἔρχεται
3195 4349 3331 4422 ῶρα,
3386 4369 3405 4401 ι
3458 4350 3628 4421 χωρὶς
3676 4346 3770 4402 τοῦ,

2232 4467 2248 4499 ι
2283 4448 2396 4501 Νῦν
2441 4449 2605 4511 ἐστιν,
2635 4465 2653 4498 ι
2689 4445 3122 4517 ἀναγέγραπται.
3160 4443 3279 4494 Ἔτι
3321 4441 3578 4512 μέντοιγε
3609 4438 3772 4510 ὁμοίαν

561 4525 775 4579 maritis
804 4526 918 4580 hate
946 4529 1155 4592 dicens,
1194 4546 1296 4583 non
1331 4531 1488 4585 aliter
1513 4546 1674 4601 quam
1727 4547 1848 4585 cum
1898 4534 2119 4601 putabat

2228 4535 2562 4607 ψευδοδοξίαν
2592 4539 2658 4605 τῇ
2686 4536 2778 4587 ἐπὶ
2809 4533 2902 4586 τοῦ
2930 4529 3280 4603 νομιζομένου
3309 4527 3548 4598 φρέατος
3576 4524 3770 4596 είρημέ-

559 4615 760 4671 fontem
778 4615 1065 4674 Jacobdici
1090 4630 1328 4689 puteum.
1353 4622 1465 4679 Illic
1484 4625 1682 4679 etenim
1704 4623 1909 4692 inquit:
1940 4641 1958 4676 ι
1985 4621 2118 4676 Nam

559 4717 614 4764 tu
645 4709 819 4778 major
855 4724 916 4766 es
963 4720 1117 4781 patre
1157 4723 1342 4768 nostro
1387 4713 1595 4781 Jacob,
1641 4715 1732 4784 qui
1759 4714 1928 4770 'dedit
1967 4715 2124 4768 nobis

557 4801 702 4855 hunc
731 4810 970 4870 puteum,
1015 4811 1071 4856 et
1117 4803 1231 4872 ipse
1280 4819 1347 4858 ex
1377 4819 1442 4858 eo
1475 4804 1647 4870 bibit,
1679 4815 1732 4860 et
1765 4805 1860 4859 ﬁlii
1893 4804 2032 4872 ejus,
2066 4812 2123 4858 et

556 4910 754 4964 pecora
779 4897 895 4964 ejus
914 4896 975 4950 '1'
1001 4914 1020 4949 ›
1051 4897 1138 4952 hic
1163 4908 1374 4953 autem:
1407 4917 1426 4950 ι
1450 4897 1640 4954 Patres
1663 4898 1830 4954 nostri
1859 4899 1911 4952 in
1939 4908 2120 4954 monte

557 4987 662 5043 hoc
684 4989 1044 5044 adoraverunt
1069 4989 1110 5043 ⁸.
1149 5009 1168 5042 ι

629 5167 718 5226 15.
757 5169 1020 5225 (la-terum
1052 5171 1104 5225 in
1131 5170 1212 5226 his
1245 5171 1423 5226 verbis
1458 5171 1632 5240 inquit
1666 5170 1958 5228 lleracleon
2009 5175 2108 5229 hoc

558 5277 707 5323 ueste
747 5267 1122 5323 Samaritidem
1172 5268 1369 5324 fassam
1418 5269 1585 5325 fuisse
1642 5284 1761 5339 qua:
1803 5268 1904 5324 sibi
1957 5269 2117 5325 Jesus

556 5360 807 5415 dixisset:
845 5379 864 5411 ι
903 5360 1081 5415 Solius
1104 5361 1246 5415 enim
1270 5361 1569 5430 prapbclaz,
1594 5360 1768 5430 inquit
1795 5359 2115 5426 Heraclcon,

654 5523 698 5553 '9
724 5519 878 5576 Joan.
906 5537 982 5591 tv,
1009 5524 1098 5579 25.

1205 5529 1220 5558 ¹
1247 5525 1436 5581 Matth.
1477 5542 1530 5593 v,
1564 5527 1652 5582 55.

560 5589 582 5622 ⁸
609 5591 736 5647 ibid.
766 5591 858 5648 20.

626 5735 737 5802 (99)
773 5733 1151 5804 Supplevimus
1178 5737 1292 5791 haec
1323 5751 1390 5802 ex,
1419 5734 1695 5792 Perionio.

1772 5525 1842 5579 Ἰ
1885 5524 2028 5580 Petr.
2088 5543 2148 5593 ιι,
2215 5525 2269 5580 5.

2227 4644 2318 4680 νου
2359 4626 2469 4697 ἔχει
2527 4626 2562 4696 ὴ
2611 4625 2938 4695 Σαμαρεῖτις
2987 4620 3157 4673 ταῦτα
3215 4617 3490 4685 λέγουσα·
3544 4617 3684 4669 Ἐκεῖ
3726 4626 3770 4661 τε

2227 4719 2366 4789 γάρ’
2397 4737 2416 4768 ε
2451 4715 2542 4785 Μὴ
2590 4715 2678 4780 σὺ,
2717 4714 2871 4783 φησι,
2911 4712 3112 4783 μείζων
3156 4706 3210 4764 et
3253 4707 3346 4762 τοῦ
3384 4707 3606 4778 Πατρὸς
3642 4703 3775 4776 ημῶν

2238 4809 2449 4876 Ἰακὼϐ,
2499 4809 2558 4872 ὃς
2595 4808 2824 4861 δέδωκεν
2875 4807 3007 4877 ἡμῖν
3057 4803 3119 4857 τὸ
3163 4803 3360 4873 φρέαρ,
3392 4801 3490 4854 καὶ⁵
3531 4800 3687 4860 αὐτὸς
3724 4794 3772 4855 ἐξ

2224 4903 2387 4957 αὑτοῦ
2417 4902 2554 4964 ἔπιε,
2590 4901 2684 4954 καὶ
2707 4903 2756 4954 οἱ
2795 4900 2900 4954 υἱοὶ
2929 4898 3116 4960 αύτοῦ,
3149 4896 3243 4948 καὶ
3273 4893 3343 4948 τὰ
3375 4893 3668 4965 θρέμματα
3696 4889 3774 4941 αὖ·

2223 4995 2348 5062 τοῦ;
2382 5013 2401 5047 ι
2445 4994 2630 5048 ἐνθάδε
2657 4993 2713 5046 δὲ
2744 4993 2805 5046 τό
2831 5010 2843 5024 ·
2883 5011 2901 5044 ι
2937 4993 2999 5044 Οἱ
3028 4989 3263 5060 πατέρες
3291 4985 3451 5058 ήμῶν
3481 4988 3545 5041 ὲν
3571 4985 3648 5056 τῷ
3678 4983 3774 5053 ὄρει

2219 5086 2392 5156 τούτῳ
2421 5084 2849 5155 προσεκύνησαν.
2874 5105 2894 5139 ι

2295 5177 2377 5231 15.
2434 5177 2491 5228 ’0
2530 5175 2587 5228 δὲ
2640 5172 2951 5245 Ἡρακλέων
2981 5171 3164 5235 είς-τὰ
3208 5169 3347 5224 αὐτὰ
3381 5169 3611 5240 ῥήματα
3649 5162 3772 5226 λέγει

2224 5269 2573 5339 εὐσχημόνως
2615 5265 3022 5338 ὡμολογηκέναι
3071 5265 3167 5336 τὴν
3215 5263 3552 5334 Σαμαρεῖτιν
3596 5257 3661 5312 τὰ
3700 5251 3772 5306 ὑπ’

2225 5361 2388 5414 αὑτοῦ
2429 5363 2564 5432 πρὸς
2605 5361 2771 5431 αὐτὴν
2806 5359 3102 5432 εἰρημέναο
3146 5377 3165 5410 ι
3213 5355 3502 5427 Προφήτου
3551 5351 3660 5422 γὰρ
3696 5345 3770 5476 μόῆ

2374 5525 2395 5556 ³
2446 5523 2599 5578 Joan.
2669 5537 2742 5588 tv,
2799 5520 2890 5576 2|.
2997 5519 3177 5576 ‘ibid.
3230 5515 3321 5570 23.

626 5745 737 5802 (ut!)
773 5745 1151 5804 supplevtmus
1180 5745 1292 5791 haec
1323 5751 1390 5802 ex,
1421 5745 1695 5792 Perionio.
1959 5797 1971 5809 .

619 5808 730 5880 ('50)
759 5808 1097 5879 Προκοπήν.
1132 5807 1220 5864 Sic
1249 5807 1420 5863 codex
1453 5804 1807 5872 Bodleianus;
1841 5800 2063 5872 Regius,
2105 5815 2121 5850 ι

2228 5798 2489 5850 ςκόπτειν.
3757 5745 3767 5907 ⁴
