3826 6514
83 385 163 441 421
1147 381 1503 440 COMMENT.
1544 384 1614 441 IN
1651 384 1842 442 JOAN.
1880 384 2115 444 TOMUS
2150 386 2294 444 XIII.

3224 396 3331 451 ιεε

84 515 181 559 νου,
230 495 418 566 φησὶν,
471 496 644 552 ἐστὶν
676 497 869 551 εἰδέναι
914 496 982 550 τὰ
1022 497 1196 550 πάντα
1216 536 1230 563 ,
1277 518 1294 549 ι
1342 499 1650 571 ψευδόμενος

1772 515 1854 562 εει
1889 508 2069 562 omnia
2114 515 2393 567 eerneren
2422 502 2705 575 utrobique
2722 506 3007 575 mentiens,
3024 522 3145 564 cum
3164 511 3331 564 etiam

84 585 365 655 ἑκατέρως’
396 586 503 639 καὶ
533 586 659 658 γὰρ
705 589 755 639 οί
796 586 1012 655 ἄγγελοι
1050 586 1118 639 τὰ
1152 586 1376 640 τοιαῦτα
1414 589 1662 643 δύνανται

83 676 274 740 εἰδέναι,
337 677 441 730 καὶ
521 680 556 731 6
613 679 901 749 προφήτης
932 678 993 730 οὐ
1040 677 1217 731 πάντα
1269 676 1443 733 οἶδενο
1507 700 1525 732 ι
1567 682 1664 736 Ἐκ

85 766 260 839 μέρους
291 767 407 838 γὰρ
440 768 808 840 γινώσκομεν
840 771 932 823 καὶ
959 771 1039 838 μὲκ
1084 771 1281 841 μέρους
1323 772 1662 844 προφητεύο-

86 874 185 926 μεν,
239 877 258 907 ι
322 856 435 911 κᾶν
500 857 955 929 προφητεύομεν,
1004 857 1037 929 ἢ
1108 856 1449 929 γινώσκομεν
1524 860 1658 930 (51).

82 948 216 1017 Μετὰ
249 949 309 1002 δὲ
352 948 549 1001 ταῦτα
582 951 807 1002 ἐπαινεῖ
865 947 941 1011 ὡς
990 947 1309 1018 πρεπόντως
1368 951 1434 1019 τῇ
1491 949 1662 1019 αὐτῆς

82 1038 219 1107 φύσει
264 1039 597 1106 ποιήσασαν
627 1036 728 1109 τὴν
771 1038 1114 1108 Σαμαρεῖτιν,
1152 1036 1247 1090 καὶ
1291 1038 1426 1107 μήτε
1465 1037 1663 1108 ψευσα-

84 1129 232 1201 μένην
297 1132 441 1201 μήτε
492 1129 773 1203 ἄντικρυς
839 1129 1244 1200 ὁμολογήσασαν
1305 1129 1404 1200 τὴν
1462 1130 1661 1201 ἑαυτῆς

81 1221 475 1293 ἀσχημοσύνην,
519 1221 902 1293 πεπεισμένην
925 1221 987 1272 τέ
1008 1236 1171 1291 φησιν
1202 1219 1392 1291 αὐτὴν.
1417 1221 1498 1273 ὅτι
1527 1236 1660 1292 προ-

83 1312 235 1379 erga-1;;
262 1311 371 1380 εἴη,
404 1311 640 1381 ἐρωτᾷν
671 1311 853 1376 αὐτὸν,
890 1310 1003 1381 ἅμα
1028 1310 1126 1382 τὴν
1164 1310 1340 1363 αἰτίαν
1369 1310 1660 1380 ἐμφαίνου-

82 1418 166 1454 σαν
193 1401 255 1455 δι’
289 1403 360 1473 ἢν
388 1401 838 1474 ὲξεπόρνευσεν,
877 1402 958 1456 ὅτι
995 1402 1063 1455 δι’
1090 1402 1307 1470 ἄγνοιαν
1334 1405 1468 1476 (51⁸)
1499 1401 1655 1466 Θεοῦ,

81 1492 160 1543 καὶ
194 1491 292 1562 τῆς
332 1493 488 1546 κατὰ
539 1493 642 1546 τὸν
689 1493 823 1547 Θεὸν
860 1493 1116 1565 λατρείας
1155 1494 1530 1565 ἅμελήσασαν,
1561 1496 1657 1548 καὶ

81 1585 273 1638 πάντων
332 1584 452 1637 τῶν
501 1585 660 1638 κατὰ
705 1585 798 1638 τὸν
845 1585 959 1656 βίον
996 1586 1131 1658 αὐτῇ
1181 1586 1514 1656 ἀναγκαίων,
1563 1587 1658 1641 καὶ

80 1675 229 1738 ἄλλως
262 1676 353 1728 ἀεὶ
385 1676 499 1746 τὴν
538 1677 602 1729 ἐν
647 1674 727 1746 τῷ
761 1676 861 1747 βίῳ
893 1676 1283 1747 τυγχάνουσανο
1324 1677 1384 1730 οὐ
1425 1676 1536 1749 γὰρ
1566 1677 1654 1743 ἂν,

78 1766 243 1836 φησιν,
282 1764 430 1836 αὐτὴ
474 1767 695 1837 ἤρχετο
727 1767 818 1820 ἐπὶ
865 1767 926 1820 τὸ
963 1768 1140 1839 φρέαρ
1171 1766 1275 1833 ἔξω
1317 1767 1417 1839 τῆς
1447 1767 1654 1831 πόλεως

1767 592 1943 664 angeli
1980 594 2285 663 bujusmudi
2316 608 2544 651 cernere
2582 605 2817 667 queant,
2846 606 2901 654 et
2936 600 3193 668 propheta
3222 616 3329 657 non

1764 685 1948 738 videat
1974 685 2192 739 omnia:
2230 703 2249 736 ι
2282 685 2359 739 Ex
2396 697 2549 755 parte
2578 688 2720 741 enim
2751 694 3149 759 cognoscimus,
3179 699 3235 745 et
3262 707 3329 748 ex

1764 784 1918 844 parte
1961 777 2349 846 prophetamus
2371 778 2415 842 ⁷,
2449 797 2469 831 ι
2528 779 2745 835 etiamsi
2796 783 3182 851 proplietemus
3239 783 3329 840 vel

1762 881 2143 938 agnoscamus.
2184 869 2382 924 Deinde
2414 868 2795 927 Samaritidem
2830 873 3035 939 laudat,
3068 882 3326 944 tanquam

1760 973 1883 1028 quae
1919 959 2178 1015 decenter
2206 970 2415 1015 natura:
2444 977 2555 1017 suae
2582 962 2792 1030 fecerit,
2820 979 2940 1032 qua:
2966 980 3143 1035 neque
3172 981 3329 1021 men-

1765 1047 1861 1100 tita
1893 1047 1985 1115 sil,
2020 1062 2197 1116 neque
2247 1051 2504 1105 continuo
2548 1053 2692 1107 lassa
2743 1053 2904 1108 fuerit
2939 1056 3328 1126 turpitudinem

1759 1151 1934 1204 suam,
1963 1154 2388 1208 persuasamQue
2414 1141 2599 1198 Jesum
2633 1146 2951 1215 prophetam
2979 1163 3123 1213 esse,
3154 1148 3325 1216 ipsam

1760 1227 1937 1296 inquit
1980 1228 2319 1302 interrogare
2359 1246 2481 1287 eum
2506 1274 2521 1297 ,
2568 1237 2938 1289 ostendentem
2973 1236 3133 1292 simul
3161 1238 3324 1292 etiam

1758 1332 1978 1374 causam
2011 1336 2106 1389 per
2135 1339 2297 1392 quam
2342 1323 2606 1379 fornicata
2653 1325 2850 1391 fuerit,
2880 1327 3131 1381 nimirum
3180 1329 3322 1397 quod

1758 1419 1976 1480 propter
2023 1413 2385 1481 ignorantiam
2433 1414 2528 1469 Dei
2565 1424 2618 1470 et
2651 1417 2818 1470 divini
2866 1416 3082 1482 cultus,
3114 1428 3173 1472 ut
3205 1434 3324 1488 qua:

1759 1500 2065 1570 neglexerit
2098 1504 2261 1557 etiam
2309 1505 2489 1559 omnia
2529 1507 2633 1560 sibi
2678 1506 2745 1561 ad
2795 1518 3115 1578 praesentem
3155 1509 3322 1564 vitam

1758 1598 2088 1662 necessaria,
2120 1613 2283 1666 quam
2315 1598 2553 1668 alioquin
2588 1599 2950 1670 ignorantiam
2994 1604 3094 1657 ltac
3122 1604 3174 1657 in
3211 1605 3320 1658 vita

1757 1700 1971 1757 semper
1998 1686 2306 1743 habuisset:
2340 1704 2515 1757 neque
2536 1690 2702 1755 enim,
2728 1690 2922 1759 inquit,
2945 1693 3182 1748 venisset
3206 1678 3324 1749 haec

1759 1777 1825 1830 ad
1856 1783 2096 1846 puteum,
2131 1780 2222 1847 qui
2259 1786 2379 1833 erat
2405 1788 2561 1833 extra
2599 1780 2808 1835 urbem.
2840 1780 2944 1836 Sed
2978 1784 3163 1838 nescio
3185 1798 3324 1854 quo-

76 1858 336 1926 τυγχάνον.
366 1858 494 1911 Οὐκ
523 1853 653 1910 οἴδα
672 1857 731 1910 δὲ
754 1856 869 1920 πῶς
896 1837 1142 1928 ἐνόμισεν
1168 1837 1526 1928 ἐμφαίνεσθαι
1557 1858 1650 1931 τὴν

1759 1865 1920 1919 modo
1953 1864 2346 1920 existimaverit
2369 1867 2581 1921 ostendi
2621 1883 2839 1923 causam
2876 1837 3322 1939 foruicandi,‘vel

76 1944 230 2000 αἰτίαν
253 1944 350 1998 τοῦ
382 1945 931 2015 ὲκπεπορνευκέναι,
974 1946 1006 2016 ἢ
1038 1946 1259 2015 ἄγνοιαν
1291 1948 1470 2002 αἰτίαν
1498 1965 1657 2017 γεγο-

76 2035 204 2088 νέναι
236 2035 328 2088 ἐπὶ
366 2034 488 2089 τῶν
541 2034 1059 2107 πλημμελημάτων,
1096 2033 1316 2106 καὶτῆς
1348 2033 1489 2088 κατὰ
1525 2034 1656 2088 Θεὸν

77 2123 326 2195 λατρείας·
361 2123 489 2178 ἀλλ’
531 2123 687 2202 ἔοικε
723 2123 896 2178 ταῦτα
938 2123 1013 2187 ὡς
1041 2122 1227 2195 ἔτυχεν
1258 2123 1652 2194 ὲσχεδιακέναι,

75 2216 219 2283 χωρὶς
248 2215 438 2288 πάσης
472 2214 848 2287 πιθανότητος
872 2232 886 2245 ·
929 2215 1250 2287 προστίθησι
1274 2216 1402 2287 περὶ
1422 2204 1654 2281 τούτοις,

73 2305 162 2370 ὅτι,
184 2305 495 2378 βουλομένη
550 2306 751 2377 μαθεῖν
792 2306 906 2369 πῶς
934 2307 1029 2360 καὶ
1067 2306 1172 2360 τίνι
1220 2306 1653 2377 εὐαρεστήσασα,

73 2396 152 2447 καὶ
183 2396 297 2467 Θεῷ
330 2399 793 2468 προσκυνήσασα
826 2395 1163 2467 ἀπαλλαγείη
1206 2394 1301 2447 τοῦ
1347 2394 1653 2468 πορνεύειν,

70 2485 198 2553 λέγει
220 2487 307 2539 τό·
341 2505 361 2537 ι
392 2487 465 2539 Οἱ
513 2485 764 2556 πατέρες
787 2484 941 2554 ἡμῶν
970 2485 1027 2537 ὲν
1050 2483 1129 2554 τῷ
1151 2483 1267 2554 ὄρει
1287 2481 1461 2555 τούτῳ
1489 2500 1656 2555 προσ-

73 2574 345 2646 εκύνησαν,
380 2593 401 2627 ι
466 2575 574 2629 καὶ
616 2574 690 2627 τὰ
726 2573 871 2646 ἑξῆς.
899 2573 1108 2646 Σφόδρα
1145 2573 1203 2627 δέ
1247 2575 1394 2628 ἐστιν
1434 2574 1653 2645 εὐέλεγ-

70 2683 158 2719 κτα
178 2667 241 2720 τὰ
272 2668 583 2742 εἰρημένω
606 2666 775 2720 πόθεν
790 2665 895 2739 γὰρ
916 2666 1024 2738 (52)
1090 2667 1172 2720 ὅτι
1194 2666 1438 2737 βούλεται
1466 2668 1654 2739 μαθεῖν

69 2760 156 2813 τίνι
177 2762 617 2833 εὐαρεστήσασα
641 2759 977 2831 ἀπαλλαγείη
1002 2759 1094 2813 τοῦ
1124 2759 1405 2832 πορνεύειν
1429 2776 1444 2825 ;

128 2851 205 2906 16.
249 2872 269 2904 ι
292 2854 470 2923 Λέγει
493 2853 647 2922 αὐτῇ
672 2854 700 2905 6
730 2851 959 2922 Ἰησοῦςο
993 2851 1217 2905 Πίστευέ
1243 2870 1352 2923 μοι,
1370 2852 1549 2921 γύναι,
1574 2852 1655 2907 ὅτι

71 2944 265 3015 ἔρχεται
305 2945 457 3017 ὥρα,
504 2945 606 2998 ὅτε
647 2943 774 2998 οὕτε
803 2943 910 3016 (⁸55)
951 2945 1009 2998 ὲν
1049 2943 1166 3015 ὄρει
1207 2944 1402 3016 τούτῳ,
1440 2945 1564 2999 οὔτε
1597 2949 1655 3000 ὲν

76 3032 457 3107 Ἱεροσολύμοις
489 3036 914 3107 προσκυνήσετε
940 3035 1018 3105 τῷ
1044 3034 1236 3107 Πατρί.
1287 3055 1306 3087 ι
1350 3038 1478 3090 Ὅτε
1508 3037 1655 3105 ἔδοξε
1687 3071 1690 3073 λ

66 3124 396 3181 πιθανώτατα
424 3125 814 3197 τετηρηκέναι
841 3128 869 3179 ό
912 3126 1224 3197 Ἡρακλέων
1261 3128 1319 3181 ὲν
1357 3128 1566 3193 τούτοις
1589 3128 1651 3183 τὸ

68 3219 145 3272 ἐπὶ
169 3220 263 3288 μὲν
286 3219 405 3273 τῶν
441 3218 748 3291 πρστέρων
777 3217 850 3289 μὴ
879 3217 1127 3289 εἰρῆσθαι
1165 3219 1331 3290 αὐτῇ·
1368 3238 1386 3270 ι
1421 3218 1650 3274 Πίστευέ
1678 3217 1729 3249 ν·

69 3324 164 3378 μοι,
189 3309 375 3378 γύναι,
419 3329 440 3361 ι
484 3308 594 3363 νῦν
630 3308 691 3361 δὲ
717 3307 872 3361 τοῦτο
906 3308 1041 3379 αὐτῇ
1067 3308 1484 3380 προστετάχθαι,
1530 3311 1652 3365 τότε

66 3399 352 3454 ἐπιθόλωσε
388 3401 455 3455 τὸ
490 3399 575 3471 μὴ
619 3398 883 3452 ἀπίθανον
912 3401 1307 3472 παρατήρημα,
1337 3397 1507 3454 εἰπὼν
1529 3401 1653 3474 ὅρος

66 3493 151 3564 is}?
173 3496 282 3567 (34)
321 3497 419 3550 τὸν
453 3493 722 3548 διάϐολον
748 3493 1017 3562 λέγεσθαι,
1048 3494 1080 3565 ἢ
1111 3494 1202 3547 τὸν
1226 3493 1429 3566 κόσμον
1461 3495 1649 3563 αὐτοῦ,
1691 3517 1703 3529 -

70 3588 335 3659 «ἐπείπερ
369 3587 555 3659 μέρος
603 3584 668 3637 ἓν
695 3584 805 3655 (55)
844 3584 871 3636 6
901 3583 1141 3647 διάϐολος
1177 3584 1307 3655 ὅλης
1356 3585 1453 3654 τῆς
1497 3584 1649 3657 ὕλης,

67 3677 229 3748 ᾳησὶν,
278 3674 375 3750 ἦν,
422 3681 454 3732 6
484 3678 549 3731 δὲ
576 3675 788 3746 κόσμος
809 3675 869 3729 τὸ
896 3675 1114 3747 σύμπαν
1148 3676 1248 3747 τῆς
1287 3676 1481 3741 κακίας
1503 3677 1647 3749 ὅρος,

64 3766 245 3841 ἔρημον
309 3770 659 3842 οἰκητήριον
732 3767 962 3839 θηρίων,
1020 3762 1065 3838 ᾧ
1118 3768 1227 3842 (56)
1282 3771 1650 3843 προσεκύνουν

66 3860 244 3925 πάντες
272 3863 326 3915 οἱ
361 3862 478 3932 πρὸ
525 3860 706 3931 νόμου
748 3860 841 3912 καὶ
877 3861 926 3912 οἱ
966 3860 1190 3915 ἐθνικοί.
1236 3880 1254 3912 ι
1307 3861 1650 3933 Ἱεροσόλυμα

63 3949 111 4002 δὲ
138 3952 231 4021 τὴν
256 3952 449 4006 κτίσιν
477 3952 516 4024 ἢ
540 3950 647 4003 τὸν
674 3948 935 4022 Κτίστην,
963 3942 1008 4018 ᾧ
1039 3949 1406 4021 προσεκύνουν
1443 3953 1492 4005 οἱ
1524 3952 1652 4005 Ἰου-

62 4039 201 4095 δαῖοι.
245 4041 417 4095 Ἀλλὰ
456 4042 564 4096 καὶ
605 4039 881 4112 δευτέρως
923 4040 1048 4112 ὅρος
1087 4041 1183 4111 μὲν
1213 4041 1462 4112 ἐνόμισεν
1508 4037 1646 4096 εἶναι

58 4132 143 4201 τὴν
171 4133 375 4199 κτίσιν,
478 4131 604 4204 (37)
656 4131 707 4184 οί
736 4130 937 4186 ἐθνικοὶ
974 4131 1336 4204 προσεκύνουν
1358 4150 1371 4164 ·
1417 4133 1647 4207 Ἰεροσό-

59 4220 187 4294 λυμα
207 4225 265 4278 δὲ
312 4227 415 4279 τὸν
441 4224 727 4294 Κτίστην,
767 4218 812 4292 ᾧ
852 4222 961 4295 (58)
983 4225 1030 4278 οἱ
1066 4224 1306 4279 Ἰουδαῖοι
1336 4224 1641 4298 ὲλάτρευον.

62 4330 77 4361 ι
119 4313 304 4385 Ὑμεῖς
354 4311 483 4379 οὖν,
548 4313 744 4383 φησὶν,
797 4313 958 4367 οἱονεὶ
1025 4315 1074 4367 οί
1116 4318 1491 4387 πνευματικοὶ,
1521 4316 1644 4371 οὔτε

57 4407 113 4475 τῇ
138 4408 313 4460 κτίσει
332 4447 352 4473 ,
396 4407 528 4461 οὐδὲ
573 4405 659 4475 τῷ
687 4405 1011 4478 Δημιουργῷ
1041 4408 1466 4478 προσκυνήσετε,
1508 4408 1642 4464 ἀλλὰ

1757 1954 2116 2022 ignorantiam
2139 1956 2304 2011 divini
2332 1958 2512 2013 cultus
2533 1973 2752 2013 causam
2778 1959 2945 2015 fuisse
2965 1962 3322 2031 delictorum;

1755 2051 1847 2102 sed
1877 2047 1979 2104 hoc
2008 2049 2225 2104 videtur
2248 2050 2692 2120 extemporaliter
2722 2052 2928 2108 dixisse
2966 2053 3170 2124 absque
3210 2056 3321 2111 ulla

1756 2138 2229 2194 verisimilitudine
2254 2158 2268 2195 :
2292 2140 2487 2210 hisque
2508 2140 2654 2194 addit
2676 2154 2795 2194 eam
2821 2141 3087 2196 volentem
3112 2144 3323 2202 discere

1756 2228 2025 2297 quomodo
2050 2228 2216 2283 Deum
2247 2228 2499 2293 adorans,
2531 2238 2588 2284 et
2628 2228 2698 2282 illi
2726 2239 2908 2299 grata,
2942 2232 3262 2289 liberaretur
3290 2251 3322 2290 a

1757 2317 2135 2383 fornicatione,
2162 2319 2291 2373 illud
2314 2322 2556 2377 dixisse:
2600 2340 2618 2374 ι
2648 2322 2839 2377 Patres
2864 2323 3032 2378 nostri
3058 2323 3109 2378 in
3141 2336 3323 2382 monte

1757 2408 1860 2463 hoc
1886 2410 2311 2476 adoraverunt’,
2348 2429 2368 2463 ι
2402 2421 2456 2467 et
2490 2427 2551 2468 ea
2578 2429 2700 2483 qua:
2739 2424 3060 2483 sequuntur.
3098 2414 3204 2470 Sed
3239 2415 3321 2470 fa-

1754 2500 1857 2556 cile
1890 2502 2179 2556 admodum
2209 2504 2607 2573 redarguuntur
2637 2506 2753 2561 haec
2775 2508 2953 2572 dicta;
2994 2508 3135 2562 unde
3174 2507 3322 2564 enim

1755 2592 1924 2661 liquet
1955 2608 2074 2648 eam
2103 2594 2317 2651 discere
2350 2595 2485 2651 velle
2509 2612 2618 2667 quo
2649 2606 2808 2667 pacto
2850 2598 2960 2653 Deo
2998 2609 3153 2669 grata
3183 2599 3321 2657 libe-

1756 2693 1970 2739 raretur
1997 2701 2026 2739 a
2054 2685 2453 2744 fornicatione?

1824 2862 1985 2934 225
2018 2863 2101 2918 l6.
2147 2882 2167 2917 ι
2211 2865 2349 2920 Dicit
2370 2865 2445 2920 illi
2473 2865 2661 2923 Iesus:
2696 2866 2871 2923 Crede
2900 2869 3070 2935 mihi,
3104 2869 3317 2934 mulier,

1756 2956 1909 3007 venit
1934 2956 2065 3008 liora
2097 2956 2312 3024 quando
2342 2970 2519 3022 neque
2547 2957 2600 3010 in
2641 2968 2825 3012 monte
2856 2958 2979 3027 hoc,
3012 2974 3187 3029 neque
3222 2959 3318 3016 Je-

1757 3042 2042 3114 rosolymis
2078 3045 2378 3101 adorabitis
2402 3044 2621 3103 Patrem
2642 3048 2718 3103 ⁸⁴.
2752 3067 2771 3101 ι
2811 3050 3036 3117 Quando
3066 3052 3211 3107 visus
3235 3063 3320 3112 est

1758 3132 2049 3191 Heracleon
2098 3138 2376 3207 aptissime
2413 3137 2615 3195 in‘baec
2658 3143 3086 3209 praecedentibus
3130 3145 3322 3199 obser-

1756 3240 1911 3282 vasse
1939 3228 2275 3284 nou‘dictum
2301 3229 2470 3285 fuisse
2489 3231 2603 3285 illi:
2639 3250 2657 3283 ι
2678 3232 2851 3288 Crede
2876 3234 3029 3303 mihi,
3053 3234 3264 3301 mulier,
3290 3250 3317 3291 ι

1754 3333 1898 3372 nunc
1947 3327 2126 3374 autem
2174 3320 2278 3375 hoc
2332 3320 2407 3375 illi
2461 3320 2772 3391 adiunctum
2809 3323 3008 3389 fuisse,
3056 3332 3181 3380 tunc
3213 3341 3317 3381 non

1754 3406 2006 3464 inscitam
2061 3410 2501 3467 observationem
2570 3413 2915 3482 obscuravit,
2984 3415 3169 3470 dicens
3219 3429 3322 3485 per

1752 3509 1993 3554 montem
2079 3501 2307 3572 intelligi
2362 3503 2636 3560 diabolum
2706 3504 2790 3560 vel
2847 3504 3105 3561 mundum
3156 3504 3317 3574 ejus:

1757 3605 1778 3640 ι
1816 3590 2252 3660 quandoquidem
2280 3608 2409 3661 pars
2438 3611 2541 3648 una
2566 3604 2685 3661 est,
2710 3596 2919 3665 inquit,
2965 3596 3211 3652 diabolus
3237 3606 3322 3652 to-

1754 3680 1859 3735 tius
1879 3682 2149 3749 materiae;
2187 3683 2419 3739 mundus
2445 3699 2573 3739 vero
2592 3687 2881 3742 universus
2909 3687 3132 3742 malitia:
3166 3703 3321 3744 mons

1750 3770 2029 3836 desertus,
2088 3779 2143 3824 et
2188 3772 2454 3828 habitatio
2498 3773 2765 3841 ferarum,
2804 3791 2962 3845 quem
3018 3778 3321 3834 adorabunt

1748 3875 1940 3917 omnes
1968 3872 2095 3917 ante
2135 3861 2327 3932 legem,
2372 3874 2427 3919 et
2449 3866 2695 3935 gentiles.
2726 3886 2745 3920 ι
2781 3867 2885 3922 Per
2927 3867 3317 3939 Jerosolymam

1750 3969 1878 4010 vero
1902 3954 2122 4026 intelligi
2146 3957 2276 4012 dicit
2299 3958 2654 4023 creationem,
2677 3957 2762 4013 vel
2779 3957 3118 4026 Creatorem,
3144 3972 3313 4029 quem

1748 4046 2052 4101 adorabant
2076 4045 2269 4102 Judaei.
2309 4046 2451 4115 Quin
2475 4062 2691 4103 rursum
2717 4047 3048 4104 existimavit
3073 4061 3315 4105 montem

1747 4152 1870 4192 esse
1897 4137 2251 4202 creationem,
2276 4153 2436 4206 quam
2471 4137 2698 4207 gentiles
2728 4138 3058 4206 adorarent;
3090 4134 3313 4196 Jeroso-

1746 4226 1942 4297 lymam
1992 4236 2172 4283 autem
2227 4226 2581 4294 Creatorem,
2615 4243 2774 4295 quem
2821 4225 2992 4284 Judaei
3041 4228 3314 4290 colerent.

1751 4334 1770 4368 ι
1797 4316 1905 4373 Vos
1926 4331 2079 4388 ergo,
2107 4317 2300 4387 inquit,
2325 4317 2492 4373 veluti
2518 4319 2854 4388 spirituales,
2890 4334 3064 4390 neque
3083 4321 3318 4377 creatio-

1748 4422 1891 4473 nem,
1923 4421 2096 4476 neque
2131 4407 2316 4462 mundi
2341 4406 2601 4476 Opiﬁcem
2636 4408 2958 4478 adorabitis,
2982 4411 3076 4466 sed
3099 4408 3312 4467 Patrem

52 4496 119 4567 τῷ
144 4498 323 4570 Ila-:91
361 4501 470 4570 τῆς
512 4497 818 4570 ἀληθείας·
861 4500 955 4553 καὶ
992 4498 1521 4573 συμπαραλαμϐάνει
1554 4517 1640 4570 γε,

1754 4499 2022 4555 veritatis:
2075 4512 2140 4553 ac
2176 4498 2326 4552 illam
2366 4513 2498 4555 sane
2532 4498 2787 4569 adjuvat,
2817 4500 3028 4570 inquit,
3058 4511 3313 4571 tanquam

57 4593 233 4667 ςησῖν,
276 4593 487 4665 αὐτὴν,
536 4591 622 4654 ὡς
655 4590 755 4662 ήδη
808 4591 1032 4664 πιστὴν,
1083 4592 1175 4645 καὶ
1212 4592 1645 4665 συναριθμουμέ-

51 4699 134 4753 νην
159 4687 272 4750 :02;
310 4684 468 4739 κατὰ
493 4681 766 4754 ἀλήθειαν
810 4685 1228 4754 προσκυνηταῖς.
1266 4702 1283 4733 ι
1306 4683 1445 4737 Ἀλλ’
1482 4686 1668 4758 ἡμεῖς,

52 4774 138 4844 τήν
162 4779 262 4846 μὲν
301 4780 367 4833 έν
406 4774 699 4847 φαντασίᾳ
731 4773 1047 4843 γνωπικῶν
1085 4775 1258 4845 λόγων
1298 4777 1393 4830 καὶ
1425 4776 1640 4846 νομιζο-

53 4865 211 4932 μένων
239 4866 479 4938 ὑψηλῶν
530 4863 952 4937 ὀνομαζομένην
988 4865 1297 4921 θεοσέϐειαν
1340 4865 1491 4938 παρὰ
1529 4868 1641 4930 τοῖς

51 4955 368 5027 ὲτεροδόξοις
408 4956 883 5027 ὑπολαμϐάνομεν
917 4953 1027 5027 (59)
1059 4956 1346 5029 δηλοῦσθαι
1379 4957 1465 5010 διὰ
1506 4956 1600 5010 τοῦ
1621 4973 1635 4989 ³

53 5066 69 5099 ι
95 5050 223 5104 Οὔτε
249 5052 314 5104 ὲν
346 5050 432 5120 τῷ
467 5049 595 5121 ὄρει
630 5046 829 5118 τούτῳ*
864 5065 883 5098 ι
913 5047 1002 5100 τὸν
1028 5047 1085 5100 δὲ
1124 5047 1323 5100 κανόνα
1346 5046 1486 5100 κατὰ
1511 5047 1637 5109 τοὺς

297 5142 411 5213 τῆς
450 5139 814 5214 Ἑκκλησίας,
853 5138 913 5192 ὃν
940 5139 1033 5192 καὶ
1059 5139 1219 5193 αὐτὸν
1247 5140 1276 5192 ὁ
1315 5138 1516 5203 τέλειος
1542 5139 1635 5192 καὶ

108 5232 166 5287 ’l
190 5235 322 5291 Cor.
354 5249 484 5299 xm,
518 5232 576 5287 9.
657 5230 681 5262 ⁸
711 5229 867 5286 Joan.
905 5246 978 5295 tv,
1003 5229 1094 5286 20.
1166 5231 1221 5263 ⁸·
1258 5231 1392 5286 ibid.
1420 5231 1511 5286 2i.

78 5323 217 5404 ⁸(151)
242 5328 318 5404 ᾘ
339 5323 758 5404 τινῴσκομεν.
788 5320 879 5377 Sic
906 5323 1076 5378 codex
1120 5308 1483 5387 Bodleianus;
1526 5320 1634 5375 Re-

48 5394 174 5463 gius,
197 5394 307 5451 ⁷καὶ
335 5394 724 5465 γινώσκομεν.

94 5459 223 5538 (31⁸)
256 5459 453 5522 Codex
490 5459 724 5538 Regius.
757 5474 1059 5538 perperam,
1088 5459 1347 5538 διάνοιαν.
1452 5522 1464 5535 ,

96 5522 454 5608 (δι’.)’ὃιψριε
488 5522 610 5608 ειυς
623 5522 1074 5607 ευὺοὶιᾴἵδῆλον,
1103 5537 1161 5584 ιιι
1192 5527 1385 5583 fecisse
1416 5522 1630 5578 videtur

36 5602 514 5665 interpres-Eon.
556 5603 794 5655 Pnaoc.

108 5671 217 5741 ('53)
250 5674 311 5727 ln
356 5673 564 5741 codice
594 5666 768 5741 Regio
795 5666 945 5721 deest
964 5665 1108 5741 otiae.

111 5731 222 5813 (54)
253 5742 466 5813 Εἰπὸν
505 5738 654 5813 δρος
680 5731 827 5805 ᾂιέν,
852 5745 957 5789 etc.
989 5736 1119 5791 Vide
1145 5738 1409 5813 supraad
1463 5737 1626 5813 gon}-

48 5805 265 5868 mm.
291 5815 346 5868 in
363 5805 572 5867 .llattli.
606 5821 745 5874 xvrt,
766 5816 894 5862 tom.
917 5819 1036 5871 xm,
1056 5822 1115 5876 p.
1143 5805 1264 5863 579.
1292 5806 1432 5872 Mox,
1459 5807 1498 5877 ἣ
1526 5806 1631 5860 τὸν

1740 4591 1854 4659 jam
1887 4591 2121 4655 ﬁdelem,
2152 4598 2208 4644 et
2235 4604 2354 4660 quae
2383 4600 2778 4647 annumeretur
2806 4591 3160 4651 adorantibus
3188 4607 3311 4648 eum

1745 4681 1799 4734 in
1826 4681 2073 4735 veritate.
2106 4697 2126 4732 ο
2159 4680 2230 4735 At
2260 4694 2389 4735 vero
2421 4695 2520 4735 nos
2547 4695 2644 4751 per
2685 4682 2788 4736 hoc
2816 4681 3045 4747 dictum,
3079 4699 3101 4734 ι
3136 4696 3313 4750 neque

1744 4771 1798 4825 in
1832 4780 2012 4825 monte
2044 4770 2165 4837 hoc,
2208 4790 2229 4824 ι
2268 4770 2537 4826 declarari
2562 4772 2944 4827 existimamus
2977 4772 3107 4826 illud
3129 4810 3145 4835 ,
3167 4772 3310 4840 quod

1742 4860 1836 4917 Dei
1862 4862 2068 4918 cultum
2112 4862 2388 4934 appellant
2427 4862 2484 4918 bi
2534 4864 2629 4934 qui
2679 4862 2750 4916 ab
2789 4862 3046 4919 Ecclesiae
3078 4859 3311 4916 decretis

1743 4955 2029 5020 dissident,
2050 4955 2320 5011 exsistens
2352 4955 2406 5010 in
2433 4955 2819 5025 imaginatione
2868 4969 3179 5010 sermonum
3212 4954 3308 5024 qui

1743 5056 1869 5100 sunt
1896 5043 2289 5114 cognoscibiles
2324 5052 2379 5099 et
2416 5045 2508 5113 qui
2555 5043 2931 5098 existimantur
2953 5041 3088 5105 alti;
3116 5057 3213 5110 per
3238 5042 3308 5096 il-

1742 5135 1834 5192 lud
1865 5151 2014 5204 vero,
2045 5153 2065 5188 ι
2105 5149 2278 5206 neque
2300 5134 2659 5206 Jerosolymis
2688 5132 2987 5189 adorabitis
3017 5131 3250 5199 Patrem,
3281 5150 3304 5187 ι

1737 5321 1988 5390 κόσμοῖνξ.
2026 5317 2303 5390 Diabolum
2332 5318 2529 5389 quippe
2555 5313 2968 5390 δεσμοκράτορα
3017 5324 3074 5390 et
3098 5319 3308 5373 consti-

1739 5387 1899 5443 tuunt
1928 5389 2289 5444 Valentiniani
2327 5387 2381 5443 et
2422 5387 2714 5457 appellant.
2742 5389 2999 5457 _Ire_n:eus
3031 5387 3065 5442 Ι.
3102 5402 3139 5451 ι,
3176 5405 3300 5456 cap.

1737 5457 1807 5524 2;
1842 5459 2105 5527 Epiphan.
2136 5460 2328 5513 haeres.
2355 5455 2510 5527 xxxi,
2538 5472 2659 5527 cap.
2695 5455 2784 5513 19.
2814 5455 3078 5511 ιιυετιυε.

1942 5522 2125 5609 Codex
2150 5528 2372 5609 [legium
2392 5522 2460 5597 ἦν
2493 5522 2708 5593 ριόέν.
2767 5594 2781 5609 ο
2997 5587 3025 5609 ⁷

1832 5594 1923 5665 56)
1953 5598 2135 5653 Codex
2161 5594 2380 5665 Regius,
2409 5594 2715 5666 perperam,
2751 5594 2826 5657 ὡς
2856 5609 2953 5666 pro
2988 5594 3053 5661 ᾧ.

1813 5662 1928 5739 (57)
1953 5668 2009 5739 lin
2049 5662 2650 5739 eodem'codieeRegio
2681 5668 2844 5739 deest
2857 5662 2914 5739 ᾗ.

1809 5729 1923 5807 (58)
1963 5738 2019 5791 1η
2045 5736 2230 5791 codice
2259 5735 2428 5807 Regio
2443 5729 2782 5807 desideratur
2809 5729 2873 5802 ᾧξ

1809 5804 1924 5877 (59)
1956 5807 2098 5863 Idem
2128 5807 2295 5861 codex
2334 5805 2554 5877 Regius,
2580 5804 3120 5876 ὑπολαμωνόμενον.
