3826 6548
541 403 643 459 ιεδ

2010 386 2337 446 ORIGENIS

3667 391 3756 447 ω

539 518 775 590 regulam
812 514 1070 573 Ecclesia:
1107 514 1259 585 juxta
1294 513 1489 570 multos
1524 508 1788 569 declarari
1822 507 2089 566 existima-

2209 503 2364 573 ἆγιος
2397 503 2870 577 ὑπεραναϐήσεται
2893 504 3368 579 θεωρητικώτερον
3407 507 3499 561 καὶ
3521 508 3758 577 σαφέστε-

537 626 659 666 mus
684 627 698 664 :
725 626 885 680 quam
916 608 1268 678 etiamipsam
1293 618 1515 663 sanctus
1534 616 1589 661 et
1624 604 1901 675 perlectus
1926 610 2107 657 trans-

536 701 764 768 cendet,
809 701 1051 766 acutius,
1085 709 1138 754 et
1198 698 1475 768 apertius,
1515 704 1569 751 et
1602 697 1837 752 divinius
1873 695 2107 749 adorans

542 792 776 847 Patrem.
813 792 885 849 Ut
910 792 1076 856 enim,
1111 791 1253 860 quod
1288 799 1343 844 et
1363 788 1534 843 Judaei
1555 786 1890 851 fatebuntur,
1922 781 2099 855 angeli

536 881 887 954 Jerosolymis
930 899 1035 936 non
1078 881 1306 936 adorant
1336 878 1594 945 Patrem,
1637 892 1703 930 eo
1746 876 1889 947 quod
1944 874 2105 943 longe

542 973 731 1031 melius
762 972 976 1027 Patrem
1023 971 1249 1027 adorent
1290 985 1450 1040 quam
1497 967 1886 1039 Jerosolymis,
1936 965 2101 1021 etiam

537 1066 618 1121 sic
642 1068 734 1136 qui
759 1064 953 1120 ali‘ectu
985 1064 1036 1120 id
1072 1064 1296 1128 habent,
1332 1071 1390 1116 ut
1415 1075 1576 1132 pares
1603 1060 1713 1115 sint
1753 1058 1980 1129 angelis,
2010 1072 2105 1113 ne-

542 1173 647 1221 que
680 1155 1031 1227 Jerosolymis
1060 1155 1279 1210 Patrem
1310 1152 1647 1216 adorabunt,
1688 1154 1782 1205 sed
1808 1149 1966 1218 longe
1991 1163 2105 1204 me-

537 1250 639 1304 lius
682 1250 764 1303 llis
791 1248 880 1317 qui
914 1258 1037 1302 sunt
1066 1245 1458 1316 Jerosolymis,
1503 1242 1715 1298 etiamsi
1752 1251 1978 1312 propter
2008 1254 2103 1295 eos

534 1342 624 1410 qui
669 1340 1021 1410 Jerosolymis
1063 1337 1342 1399 habitant,
1387 1334 1834 1390 consuetudinem
1896 1332 2102 1387 habent

533 1447 653 1486 cum
682 1429 880 1485 Iudaeis
904 1428 1254 1498 Jerosolyma:
1279 1424 1623 1496 degentibus,
1661 1422 1787 1477 facti
1817 1420 2011 1487 Judaei,
2037 1429 2101 1475 ut

529 1522 744 1577 Iudaeos
774 1518 1182 1574 lucrifaciant'.
1225 1516 1331 1571 Sed
1365 1514 1699 1586 Jerosolyma
1745 1512 1875 1567 mibi
1919 1511 2102 1566 consi-

530 1614 769 1673 deretur,
794 1619 854 1664 ut
877 1618 1035 1664 antea
1078 1606 1438 1671 ostendimus,
1464 1614 1626 1675 atque
1647 1605 1813 1658 etiam
1849 1600 2100 1658 similiter

528 1702 719 1759 Judaei.
760 1701 985 1767 Quando
1038 1714 1170 1753 vero
1212 1712 1390 1768 neque
1434 1696 1487 1749 in
1540 1703 1723 1749 monte
1754 1693 1895 1758 hoc,
1920 1705 2099 1762 neque

2210 611 2303 665 ρον
2344 595 2665 666 προσκυνῶν
2693 593 2770 665 τῷ
2805 595 3003 665 Πατρὶ,
3037 595 3126 649 διὰ
3160 595 3255 650 τοῦ
3275 613 3289 626 ·
3346 617 3364 649 ι
3411 596 3547 650 Οὔτε
3580 599 3637 653 ὲν
3681 600 3758 654 ἰε-

2208 685 2527 756 ροσολύμοις
2555 686 2961 757 προσκυνήσετε
2986 685 3065 756 τῷ
3092 687 3287 759 Πατρί.
3318 704 3338 738 ι
3388 688 3596 759 ’Ὠσπερ
3642 689 3755 763 γάρ,

2206 775 2388 839 καθὼς
2419 774 2809 848 ὁμολογήσαιεν
2838 774 2905 829 ἂν
2936 776 3032 829 καὶ
3065 777 3114 829 οἱ
3160 777 3421 841 Ἰουδαῖοι,
3457 779 3510 832 οἱ
3557 778 3757 848 ἄγγελοι

2211 865 2313 920 οὐκ
2362 869 2420 921 ὲν
2465 865 2857 939 Ἰεροσολύμοις
2899 866 3261 937 προσκυνοῦσι
3325 868 3407 941 τῷ
3455 871 3648 940 Πατρὶ,
3690 872 3758 942 τῷ

2208 960 2533 1031 κρειττόνως
2559 959 2708 1031 παρὰ
2734 959 2795 1013 τὸ
2822 960 2881 1013 ὲν
2916 960 3311 1033 Ἱεροσολύμοις
3347 965 3671 1033 προσκυνεῖν
3691 965 3757 1034 τῷ

2206 1051 2402 1121 Πατρὶ,
2437 1050 2610 1116 οὕτως
2640 1052 2690 1104 oi
2723 1050 2822 1123 ἤδη
2860 1054 2928 1123 τῇ
2965 1052 3198 1106 διαθέσει
3228 1053 3291 1107 τὸ
3333 1054 3608 1124 ἰσάγγελοι
3635 1053 3757 1112 εἶναι

2203 1141 2521 1212 ἐσχηκότες,
2558 1142 2678 1196 οὐδὲ
2710 1145 2768 1195 ὲν
2806 1143 3194 1215 Ἱεροσολύμοις
3224 1148 3660 1217 προσκυνήσουσι
3689 1150 3755 1219 τῷ

2202 1236 2397 1307 Πατρὶ,
2425 1234 2561 1290 ἀλλὰ
2600 1235 2865 1307 βέλτιονῆ
2897 1238 2947 1290 οἱ
2987 1240 3045 1291 ὲν
3086 1238 3501 1310 Ἱεροσολύμοις,
3536 1239 3639 1295 κᾶν
3680 1241 3755 1295 διὰ

2198 1329 2324 1391 τοὺς
2356 1328 2414 1382 ὲν
2451 1326 2837 1399 Ἱεροσολύμοις
2885 1328 3384 1399 συμπεριφέρονται
3424 1331 3537 1393 τοῖς
3567 1330 3627 1383 ὲν
3671 1332 3755 1385 Ἱε-

2202 1417 2520 1489 ροσολύμοις
2565 1420 2681 1480 τοῖς
2736 1417 3007 1483 Ἰουδαίοις
3053 1420 3327 1490 γινόμενοι
3379 1421 3639 1486 Ἰουδαῖοι,
3682 1422 3757 1477 ἵνα

2211 1508 2494 1572 Ἰουδαίους
2549 1508 2903 1581 κερδήσωσιν.
2967 1508 3317 1581 Ἱεροσόλυμα
3367 1511 3427 1564 δέ
3477 1527 3569 1581 μοι
3628 1513 3754 1565 νοεί-

2201 1597 2312 1651 σθω
2341 1599 2471 1670 (40),
2510 1599 2693 1663 καθὼς
2732 1599 3281 1671 προαποδεδώκαμεν,
3327 1603 3531 1673 ὁμοίως
3575 1603 3634 1658 δὲ
3672 1608 3756 1659 καί

2195 1691 2245 1742 οἱ
2289 1690 2545 1745 Ἰουδαῖοι.
2578 1691 2711 1744 Ὅτε
2753 1690 3000 1760 μέντοιγε
3034 1691 3157 1745 οὕτε
3203 1696 3261 1747 ὲν
3306 1693 3384 1765 τῷ
3422 1695 3541 1766 δρει
3573 1697 3756 1768 τούτῳ,

528 1791 878 1864 Jetosolymis
909 1791 1033 1861 quis
1056 1792 1273 1852 adorat,
1304 1788 1429 1857 quia
1460 1786 1675 1841 venerit
1698 1783 1813 1854 jam
1851 1785 2008 1851 liora,
2050 1783 2089 1839 is

2199 1781 2320 1837 οὔτε
2362 1786 2420 1837 ὲν
2455 1782 2845 1855 Ἰεροσολύμοις
2894 1801 2980 1848 τις
3010 1789 3323 1857 προσκυνεῖ,
3368 1786 3630 1859 ἐλθούσης
3669 1791 3757 1861 τῆς

530 1884 673 1938 ﬁlius
697 1842 1149 1947 faactusjPatrem
1182 1842 1532 1935 cum'liducia
1576 1877 1795 1941 adorat;
1839 1890 2000 1943 quam
2025 1876 2089 1931 ob

2199 1876 2348 1947 ὥρας
2390 1842 2689 1947 προσκυνεῖ
2722 1842 2861 1946 μετά
2904 1842 3217 1948 παρρησίας
3250 1842 3366 1942 uio;
3405 1842 3760 1952 γεγενημένός

528 1989 746 2029 causam
784 1988 888 2029 non
912 1971 1113 2027 dictmn
1140 1980 1259 2034 est,
1286 1968 1474 2038 Neque
1509 1965 1864 2035 Jerosolymis
1902 1964 2097 2020 adora-

526 2064 656 2122 bitis
693 2066 892 2130 Deum,
933 2064 1062 2130 sed,
1104 2082 1122 2113 ι
1178 2061 1363 2131 Neque
1409 2057 1764 2128 Jerosolymis
1802 2054 2095 2111 adorabitis

526 2157 769 2213 Patrem.
809 2176 829 2210 ι

597 2246 865 2318 22617.
890 2264 909 2297 ι
932 2244 1044 2300 Vos
1060 2243 1306 2299 adoratis
1325 2241 1466 2312 quod
1495 2240 1745 2303 nescitis;
1774 2254 1873 2295 nos
1902 2239 2095 2294 adora-

528 2357 649 2396 mus
667 2341 804 2408 quod
834 2340 1060 2405 scimus,
1093 2335 1347 2406 quoniam
1368 2334 1518 2390 salus
1537 2348 1602 2387 ex
1627 2330 1826 2387 Judmix
1853 2342 1938 2386 est
1964 2332 2029 2386 ιο.
2069 2350 2088 2383 ι

526 2431 633 2486 Per
691 2429 936 2485 voculam
972 2444 1083 2491 vos,
1123 2426 1264 2497 quod
1320 2426 1388 2479 ad
1438 2424 1828 2495 expositionem
1879 2422 2091 2488 attinet,

527 2520 895 2590 intelliguntur
912 2516 1239 2573 Samaritani
1256 2530 1273 2581 ς
1291 2524 1548 2584 quantum
1566 2527 1697 2569 vero
1709 2513 1776 2567 ad
1792 2526 2091 2583 anagogen,

527 2607 604 2662 illi
635 2607 808 2677 quiin
849 2605 1147 2676 Scripturis
1184 2605 1398 2659 diversa
1429 2617 1459 2657 a
1499 2602 1654 2658 nobis
1692 2600 1971 2657 sentiunt:
2013 2602 2092 2656 sic

523 2713 624 2767 per
651 2697 898 2754 voculam
931 2713 1046 2762 nos,
1073 2705 1335 2764 quantum
1378 2694 1444 2749 ad
1490 2693 1825 2764 propositum
1846 2731 1863 2757 ,
1890 2693 2093 2748 intelli-

524 2799 726 2857 guntur
756 2787 962 2852 Judaei;
993 2796 1255 2857 quantum
1280 2786 1343 2840 ad
1370 2785 1708 2857 allegoriam,
1735 2799 1835 2854 ego
1866 2784 1979 2855 ipse
1996 2782 2091 2840 Dei

523 2881 717 2936 Sermo
738 2921 753 2946 ,
785 2881 900 2951 ipse
930 2879 1022 2934 Dei
1053 2879 1258 2947 Filius,
1287 2888 1341 2934 et
1363 2879 1453 2948 qui
1490 2879 1541 2933 in
1579 2892 1665 2933 me
1693 2877 2093 2934 trausl‘ormau-

524 2981 612 3026 tur
631 2971 858 3028 salutem
893 2970 1155 3025 habentes
1195 2986 1223 3023 a
1259 2969 1483 3039 scriptis
1512 2968 1787 3037 Judaicis;
1824 2985 1949 3025 nam
1978 2984 2093 3023 ma-

523 3061 841 3117 nifestatum
896 3076 1042 3114 nunc
1091 3060 1410 3131 mysterium
1462 3058 1807 3115 manifestum
1858 3067 1945 3115 est
1995 3073 2093 3127 per

2195 1968 2287 2021 τὸν
2315 1968 2538 2040 Πατέρα
2560 1985 2574 1999 ·
2605 1969 2792 2041 διόπερ
2817 1969 2917 2023 οὐκ
2958 1969 3192 2041 εἴρηται·
3246 1970 3385 2025 Οὔτε
3416 1975 3475 2026 ἐν
3536 1974 3757 2045 Ἱεροσο-

2195 2059 2386 2132 λύμοις
2419 2062 2821 2133 προσκυνήσετε
2851 2059 2961 2131 (41)
3001 2060 3079 2132 τῷ
3101 2061 3247 2133 Θεῷο
3281 2056 3448 2116 άλλάο
3499 2083 3518 2114 ι
3550 2064 3684 2118 Οὔτε
3708 2065 3761 2117 ἐν

2206 2154 2598 2227 Ἰεροσολύμοις
2636 2154 3040 2225 προσκυνήσετε
3071 2153 3151 2225 τῷ
3182 2154 3381 2225 Πατρί.
3419 2170 3438 2202 ι

2269 2246 2353 2300 17.
2385 2264 2405 2298 ι
2439 2247 2630 2317 Ὑμεῖς
2645 2248 2997 2317 προσκυνεῖτε
3021 2244 3162 2298 δούκ
3187 2244 3385 2299 οἴδατεο
3417 2247 3580 2317 ἡμεῖς
3603 2265 3765 2319 προσ.

2197 2338 2465 2411 κυνοῦμεν
2507 2339 2536 2393 δ
2586 2338 2829 2408 οἴδαμεν,
2875 2339 2957 2391 ὅτι
3001 2339 3034 2409 ή
3085 2336 3329 2408 σωτηρία
3368 2340 3434 2391 ὲκ
3470 2339 3580 2391 τῶν
3638 2341 3764 2393 ’1ου-

2194 2429 2356 2484 δαίων
2387 2429 2522 2483 ἐστί.
2555 2448 2574 2481 ι
2600 2430 2673 2483 Τὸ
2690 2429 2799 2500 (42)
2831 2448 2849 2481 t
2880 2428 3087 2500 Ὑμεῖς,
3124 2445 3143 2478 ι
3170 2428 3293 2481 ὅσον
3322 2428 3417 2482 ἐπὶ
3438 2432 3505 2501 τῇ
3528 2427 3695 2496 λέξει,
3719 2434 3764 2483 ei

2195 2520 2484 2593 Σαμαρεῖς·
2510 2521 2634 2575 ὅσον
2654 2520 2715 2574 δὲ
2741 2520 2835 2574 ἐπὶ
2861 2522 2928 2591 τῇ
2955 2520 3238 2590 ἀναγωγῇ,
3257 2521 3306 2572 οἱ
3334 2521 3464 2591 περὶ
3496 2520 3595 2585 τὰς
3626 2522 3762 2594 Γρα-

2195 2612 2301 2683 φὰς
2360 2611 2686 2685 ἑτερόδοξοι·
2742 2612 2803 2665 τὸ
2849 2611 2905 2665 δὲ
2958 2631 2977 2664 ι
3039 2611 3251 2683 Ἡμεῖς,
3308 2628 3327 2663 ι
3382 2613 3509 2665 ὅσον
3554 2612 3651 2666 ἐπὶ
3694 2613 3766 2682 τῷ

2197 2702 2345 2775 ρητῷ
2380 2702 2511 2773 (43),
2551 2704 2600 2756 οἱ
2635 2701 2908 2755 Ἰουδαῖοιο
2956 2700 3078 2755 ὅσον
3117 2701 3175 2756 δὲ
3212 2702 3303 2754 ἐπὶ
3343 2705 3411 2774 τῇ
3449 2702 3765 2776 ἀλληγορία,

2194 2793 2305 2864 ἐγὼ
2332 2796 2361 2848 ό
2383 2794 2572 2863 Λόγος,
2604 2792 2699 2846 καὶ
2722 2793 2771 2846 οἱ
2799 2793 2921 2846 κατ’
2943 2792 3043 2864 ἐμὲ
3067 2793 3514 2864 μεμορφωμένοι,
3540 2793 3641 2865 τὴν
3669 2811 3770 2846 σω-

2192 2886 2385 2960 τηρίαν
2426 2886 2638 2956 ἔχοντες
2676 2884 2783 2938 άπὸ
2820 2884 2929 2937 τῶν
2973 2883 3274 2937 Ἰουδαϊκῶν
3310 2883 3516 2953 λόγων·
3561 2884 3622 2938 τὸ
3663 2885 3769 2954 γὰρ

2194 2977 2505 3049 φανερωθὲν
2544 2976 2639 3031 νῦν
2671 2977 2966 3046 μυστήριον
3014 2975 3395 3046 πεφανέρωται
3421 2975 3513 3029 διά
3542 2992 3603 3028 τε
3624 2977 3771 3047 Γρα-

2194 3070 2309 3142 φῶν
2334 3067 2707 3142 προφητικῶν,
2729 3070 2823 3122 καὶ
2844 3067 2944 3139 τῆς
2969 3067 3291 3137 ἐπιφανείας
3307 3067 3402 3121 τοῦ
3424 3069 3635 3139 Κυρίου
3662 3067 3770 3137 (44)

522 3154 833 3221 Scripturas
852 3153 1209 3224 propheticus
1233 3153 1302 3216 ²¹,
1340 3161 1396 3206 et
1429 3166 1525 3222 per
1555 3153 1848 3207 adventum
1875 3150 2089 3206 Domini

2199 3163 2353 3235 ἡμῶν
2396 3161 2568 3232 Ἰησοῦ
2592 3159 2849 3233 Χριστοῦ.
2877 3160 3019 3231 Ὅρα
3049 3159 3105 3213 δὲ
3126 3160 3173 3212 εί
3206 3160 3280 3231 μὴ
3312 3159 3463 3223 ίδίως
3500 3160 3596 3213 καὶ
3618 3158 3774 3230 παρὰ

522 3245 692 3301 nostri
721 3243 846 3299 Jesu
878 3244 1100 3299 Christi.
1145 3241 1278 3297 Vide
1306 3258 1439 3298 vero
1470 3259 1540 3296 an
1578 3258 1685 3297 non
1714 3242 2015 3313 improprie
2035 3251 2091 3298 et

519 3348 718 3409 praeter
766 3336 1213 3407 consequentiam
1258 3338 1547 3391 verborum
1586 3334 1889 3390 Heracleon
1922 3334 2086 3389 disse-

524 3430 690 3483 ruerit
715 3468 731 3493 ,
773 3442 1049 3496 exponens
1097 3426 1228 3482 illud
1255 3443 1346 3481 vos
1367 3467 1383 3493 ,
1426 3441 1526 3496 pro
1568 3441 1634 3481 eo
1663 3428 1804 3496 quod
1834 3437 1949 3490 est,
1978 3426 2086 3484 Vos

519 3520 687 3575 Judaei
713 3529 767 3574 et
810 3520 1062 3590 gentiles.
1105 3518 1278 3586 Quale
1302 3530 1481 3574 autem
1508 3529 1609 3581 est.
1649 3529 1706 3573 ut
1736 3521 1804 3574 ad
1839 3519 2085 3575 Samari-

522 3608 686 3662 tidem
733 3608 979 3672 dicatur,
1024 3605 1127 3663 Vos
1178 3607 1387 3676 Judaei;
1434 3609 1517 3663 vel
1562 3610 1629 3664 ad
1680 3607 2083 3674 Samaritidem,

524 3698 631 3755 Vos
663 3699 927 3770 gentiles?
950 3699 1055 3754 Sed
1094 3699 1335 3770 profecto
1363 3701 1637 3762 nesciunt,
1668 3702 1759 3771 qui
1806 3704 1872 3756 ab
1893 3701 2086 3758 Eccle-

520 3791 616 3845 siae
652 3791 881 3846 decretis
917 3790 1217 3857 diSsideut,
1270 3792 1411 3862 quod
1464 3792 1725 3860 adorant,
1771 3795 2083 3863 ﬁgmentum

517 3897 669 3947 esse,
710 3899 815 3936 non
867 3883 1192 3947 veritatem;
1237 3882 1518 3947 fabulam,
1550 3900 1655 3939 non
1704 3889 1997 3957 mysteria;
2033 3899 2087 3944 at

516 3991 646 4031 vero
681 3977 775 4047 qui
821 3977 1134 4031 Creatorem
1189 3978 1408 4045 adorat,
1460 3980 1756 4047 praesertim
1800 3980 1951 4049 juxta
1990 3981 2084 4037 Ju-

516 4071 686 4124 daeum
711 4070 984 4125 occultum
1015 4071 1080 4134 ",
1115 4079 1170 4124 et
1190 4070 1343 4139 juxta
1371 4085 1648 4126 sermones
1672 4071 1933 4130 Judaicos
1968 4077 2081 4145 spi-

519 4163 765 4226 rituales,
807 4162 955 4216 novit
982 4165 1124 4231 quod
1155 4164 1365 4218 adorat.
1399 4163 1506 4220 Sed
1528 4164 1745 4235 longum
1769 4166 1910 4221 foret
1940 4183 2081 4223 nunc

519 4254 689 4321 ipsius
721 4252 1067 4306 lleracleonis
1095 4254 1234 4307 dicta
1258 4254 1313 4308 in
1351 4255 1585 4308 medium
1612 4270 1885 4324 apponere
1907 4297 1922 4323 ,
1960 4273 2081 4328 qum

518 4344 587 4396 ab
616 4358 680 4397 eo
712 4342 852 4396 libro
882 4342 1108 4410 sumpsit
1133 4344 1222 4410 qui
1247 4341 1571 4397 Prwdicatio
1605 4343 1753 4398 Petri
1791 4347 2083 4417 inscriptus

516 4442 639 4498 est;
702 4434 1067 4502 insistereque
1114 4435 1278 4489 etiam
1335 4437 1402 4489 ad
1449 4450 1546 4502 ea,
1591 4438 1957 4507 disquirentes
2012 4441 2082 4495 sit

2192 3255 2289 3327 τὴν
2314 3253 2629 3308 ἀκολουθίαν
2663 3251 2772 3305 τῶν
2802 3250 2980 3324 ῥητῶν
3012 3254 3040 3304 ὁ
3069 3251 3383 3323 ’Πρακλέων
3410 3250 3774 3322 ἐκδεξάμενος

2189 3346 2271 3411 τὸ,
2318 3344 2508 3416 ὑμεῖς,
2556 3344 2676 3398 ἀντὶ
2697 3341 2812 3408 τοῦ,
2863 3341 3122 3406 Ἰουδαῖοι,
3165 3342 3387 3407 ἐθνικοὶ,
3432 3343 3770 3414 διηγήσατο·

2189 3434 2301 3494 οἷον
2331 3438 2390 3493 δέ
2430 3439 2546 3491 ἐστι
2583 3436 2719 3509 πρὸς
2758 3436 2856 3507 τὴν
2894 3437 3221 3506 Σαμαρεῖτιν
3256 3436 3535 3505 λέγεσθαι,
3578 3437 3776 3507 Ὑμεῖς

2188 3534 2236 3586 oi
2282 3530 2549 3592 Ἰουδαῖοι,
2585 3527 2620 3597 ἢ
2664 3526 2798 3597 πρὸς
2820 3526 3167 3598 Σαμαρεῖτιν,
3203 3526 3395 3597 Ὑμεῖς
3425 3527 3476 3580 οἱ
3527 3526 3770 3588 gemma;

2201 3622 2339 3678 Ἀλλ’
2371 3622 2469 3676 οὐκ
2493 3618 2662 3675 οἴδασί
2685 3636 2748 3688 γε
2774 3621 2821 3673 οἱ
2849 3618 3143 3691 ἑτερόδοξοι
3184 3618 3212 3671 ὃ
3254 3617 3648 3691 προσκυνοῦσι,
3691 3619 3777 3672 ὅτι

2190 3713 2415 3783 πλάσμα
2455 3710 2591 3772 ἐστὶ,
2631 3710 2726 3764 καὶ
2766 3710 2867 3763 οὐκ
2903 3708 3156 3780 ἀλήθεια,
3192 3708 3288 3762 καὶ
3334 3707 3526 3779 μῦθος,
3568 3708 3632 3762 οὔ
3670 3727 3777 3780 μυ-

2190 3807 2388 3876 στήρια
2409 3802 2539 3875 (45)·
2562 3804 2590 3855 ὁ
2612 3802 2668 3853 δὲ
2691 3800 3009 3872 προσκυνῶν
3033 3799 3126 3853 τὸν
3145 3800 3509 3871 Δημιουργὺν,
3534 3798 3780 3870 μάλιστα

2189 3896 2330 3951 κατὰ
2361 3895 2455 3948 τὸν
2488 3895 2545 3947 ὲν
2582 3891 2808 3964 κρυπτῷ
2847 3891 3096 3945 Ἰουδαῖον
3128 3891 3221 3946 καὶ
3249 3892 3378 3955 τοὺς
3416 3889 3611 3959 λόγους
3645 3893 3777 3954 τοὺς

2189 3984 2591 4057 πνευματικοὺς
2647 3981 2988 4045 Ἰουδαῖκοὺς,
3031 3974 3184 4046 οὗτος
3230 3981 3259 4034 δ
3287 3977 3400 4035 οἶδε
3447 3984 3776 4053 προσκυνεῖ.

2189 4076 2331 4132 Πολὺ
2369 4075 2426 4128 δέ
2466 4071 2712 4142 ἐστιμϐ)
2750 4070 2844 4126 νῦν
2884 4071 3277 4142 παρατίθεσθαι
3308 4071 3405 4125 τοῦ
3453 4072 3779 4143 Ἡρακλέω-

2190 4184 2280 4230 νος
2323 4166 2392 4218 τὰ
2424 4163 2581 4235 ῥητὰ,
2612 4162 2719 4215 ἀπὸ
2754 4160 2846 4213 τοῦ
2876 4159 3357 4231 ἐπιγεγραμμένου
3384 4160 3615 4228 Πέτρου
3649 4164 3779 4226 Κη-

2179 4261 2481 4328 ρύγματος
2503 4254 2614 4324 (4⁵1)
2644 4252 3195 4328 παραλαμϐανόμενα,
3223 4252 3317 4305 καὶ
3345 4252 3596 4305 ἵστασθαι
3632 4251 3780 4322 πρὸς

2189 4326 2327 4403 αὐτὰ
2357 4344 2469 4415 (ιε)
2497 4326 2845 4409 ἐξετάζοντας
2872 4342 2967 4396 καὶ
2997 4342 3126 4413 περὶ
3147 4340 3242 4395 τοῦ
3272 4342 3502 4412 βιϐλίου,
3535 4341 3780 4413 πότερόν

2191 4452 2321 4491 ποτε
2345 4431 2563 4504 γνήσιόν
2600 4431 2748 4485 ἐστιν
2778 4430 2913 4502 (49),
2949 4431 2983 4502 ἢ
3017 4431 3189 4498 νόθον,
3226 4431 3259 4502 ἢ
3310 4432 3535 4502 μικτόνο
3572 4431 3782 4502 διόπερ

585 4526 607 4558 ³
632 4525 646 4578 l
674 4524 798 4581 Cor.
835 4539 912 4588 Ix,
944 4523 1034 4578 20.
1111 4525 1154 4557 ¹⁰
1187 4524 1384 4582 Joann.
1426 4543 1500 4596 tv,
1530 4529 1622 4584 22.
1702 4531 1742 4562 ¹¹
1776 4530 1933 4585 Boni.
1967 4547 2076 4599 xu,

2268 4530 2310 4562 ¹²
2337 4527 2492 4581 Rom.
2521 4540 2583 4589 ιι,
2611 4522 2704 4579 29.

588 4619 700 4694 (ᾧθ)
729 4619 908 4694 Codex
940 4619 1158 4694 Regius,
1191 4623 1433 4694 νοῆσθαι,
1466 4625 1624 4679 male.

728 4688 855 4765 Item
885 4688 1063 4765 codex
1085 4688 1302 4765 Regius,
1331 4695 1726 4765 προσκυνῆσαι,
1758 4694 1922 4751 male.

608 4759 698 4829 4⁸2)
734 4759 909 4814 Codex
943 4759 1140 4829 Regius
1158 4761 1274 4828 τοῦ,
1308 4759 1466 4819 rnale.

608 4828 699 4905 ᾁᾷ)
722 4830 902 4905 Codex
926 4828 1274 4905 _Bod_leian_t_ts,
1305 4833 1421 4905 όρει
1452 4848 1549 4904 pro
1568 4832 1747 4905 ῥητῷ.

607 4899 697 4973 μ)
720 4899 901 4973 Codex
925 4899 1143 4973 Regius,
1173 4899 1433 4973 Χριστοῦ,
1453 4899 1637 4956 ⁷ιιιιιΙέξ.

607 4970 696 5044 ᾖ)
726 4971 867 5044 idem
903 4973 1071 5044 codex
1098 4970 1318 5041 Regius,
1341 4973 1443 5044 καὶ
1493 4974 1791 5044 μυστήρια.

607 5039 698 5107 46)
723 5039 910 5110 Codex
935 5039 1274 5105 Bodleianins,
1303 5042 1446 5096 Πολὺ
1486 5039 1543 5094 δὲ
1566 5039 1781 5095 κάλλιόν
1802 5046 1942 5110 ἐστι,
1967 5054 2077 5101 etc.

515 5109 622 5185 Sed
650 5109 851 5185 codicis
884 5109 1035 5185 [legii
1070 5110 1360 5185 lectionem
1387 5113 1793 5185 anteponimus;
1831 5109 2080 5185 sequitur

512 5180 674 5251 enin:
682 5177 872 5251 διόπερ
896 5179 1111 5251 ἑκόντες
1145 5177 1568 5251 ὑπερτιθέμεθα,
1602 5192 1709 5251 etc.

583 5248 697 5318 (47)
742 5247 874 5322 Ἀπὸ
921 5248 1026 5302 τοῦ
1064 5247 1569 5322 ὲπιγεγῴαμμένου
1622 5249 1847 5322 Πέτρου
1883 5254 2081 5322 Κηρύ-

513 5335 754 5388 τματος.
805 5319 879 5370 De
901 5323 1227 5388 apocrypha
1269 5321 1371 5373 hoc
1411 5320 1546 5373 libro
1575 5322 1696 5374 vide
1726 5319 2069 5376 Lactantium

513 5387 607 5459 lib.
638 5403 712 5453 tv,
737 5402 855 5459 cap.
890 5387 980 5459 20,
1011 5398 1064 5459 e_t
1089 5387 1485 5459 Hieronymum
1519 5388 1597 5443 De
1644 5392 1824 5453 script.
1857 5393 2069 5459 cretea,

511 5472 566 5511 et
594 5457 883 5525 Ἐκλογὰς
903 5457 972 5508 ἐκ
989 5456 1106 5511 τῶν
1124 5456 1525 5527 προφήτικῶν,
1540 5460 1831 5514 Clementis
1844 5456 2075 5515 Alexan-

513 5527 653 5581 drini
680 5527 899 5581 editioni
930 5527 1229 5594 subjectus;
1252 5538 1306 5583 et
1335 5530 1623 5583 Eusebium
1652 5528 1820 5584 lib.m
1842 5528 2074 5595 Ηὶειονη

513 5611 632 5666 cap.
662 5597 717 5652 5.
738 5595 1010 5666 liuentis.

721 5665 901 5739 C_0t_lex
932 5662 1152 5739 Regius.
1178 5668 1313 5739 πρὸς
1345 5667 1493 5721 αὑτό.

607 5736 698 5807 Δ9)
732 5736 991 5807 Πότερόν
1021 5748 1163 5789 ποτε
1200 5736 1455 5805 γνήσιόν
1493 5738 1682 5801 ἐστιν,
1724 5745 1830 5792 clc.
1863 5736 2067 5804 Duplex

515 5804 773 5861 librorum
805 5806 894 5873 qui
945 5818 1044 5873 pro
1070 5804 1240 5861 sacris
1276 5817 1729 5877 proponerentur,
1760 5809 1897 5864 ordo
1931 5809 2064 5874 fuit;

2116 4635 2162 4693 ι)
2189 4625 2295 4680 τῶν

2347 4618 2605 4691 γνησίων,
2637 4616 2939 4691 cuiusmodi
2988 4627 3141 4691 erant
3188 4633 3330 4685 quos
3372 4619 3439 4691 in
3488 4618 3778 4674 Canonem

2191 4689 2588 4751 suum'llebraci
2619 4689 2935 4752 retulerant,
2964 4689 3163 4757 quique
3184 4701 3341 4743 erant
3370 4690 3515 4743 intra
3543 4705 3777 4753 arcam;

2186 4757 2995 4839 ειτῶν.ᾁποκρύφωνκιίιιιδειρε
3035 4758 3143 4813 τῶν
3183 4758 3523 4839 ἁποκρύιξων
3562 4759 3782 4839 duplex

2186 4834 2322 4890 ordo
2354 4832 2477 4892 fuit,
2506 4827 2615 4881 τῶν
2638 4827 3088 4900 ἀντιλεγομένων,
3108 4845 3219 4900 seu
3270 4827 3509 4900 μικτῶν,
3537 4827 3779 4896 qui—ad-

2187 4906 2533 4957 mitterentur
2563 4901 2630 4951 ab
2659 4898 2950 4966 aliquibus,
2977 4899 3043 4952 ab
3069 4899 3193 4954 aliis
3224 4898 3681 4966 repudiarentur,
3720 4907 3784 4951 et

2183 4972 2360 5028 dubiae
2388 4978 2572 5023 essent
2597 4967 2970 5032 auctoritatis;
2998 4968 3302 5035 eujusmodi
3333 4977 3498 5021 erant
3527 4967 3770 5022 Macha-

2183 5044 2423 5098 bazorum
2458 5037 2607 5103 libri,
2638 5039 2897 5104 Sapienta
2925 5037 3141 5101 Sirach,
3175 5049 3231 5092 et
3257 5037 3603 5101 Salomonis,
3638 5038 3778 5091 alii-

2181 5127 2307 5181 que,
2333 5123 2468 5181 quos
2501 5108 2753 5181 quamvis
2782 5105 2838 5181 in
2872 5108 3184 5181 Catalogum
3220 5122 3525 5181 suumnou
3562 5117 3785 5181 contu-

2182 5176 2379 5236 lissent
2429 5176 2622 5244 Judzei,
2678 5176 2899 5245 plurimi
2948 5188 3127 5231 tamen
3176 5176 3566 5245 recipiebant:
3620 5177 3786 5231 alter

2184 5254 2320 5307 ordo
2345 5258 2466 5301 erat
2496 5245 2603 5299 τῶν
2633 5245 2818 5306 νόθων.
2853 5248 3049 5316 quippe
3081 5247 3150 5301 ab
3178 5248 3440 5316 clunibus
3467 5245 3633 5315 plane
3668 5262 3784 5314 pro

2178 5320 2424 5375 conﬁctis
2457 5326 2513 5371 et
2538 5314 2892 5387 supposi'jtiis
2935 5314 3299 5387 habebantur.
3336 5314 3786 5387 Priore_m_divi-

2180 5392 2389 5444 sionem
2420 5382 2744 5441 conﬁrmant
2771 5383 3131 5456 Hieronymus
3156 5387 3207 5439 in
3239 5384 3476 5456 Prologo
3503 5382 3781 5456 Galeato.

2181 5472 2229 5514 et
2259 5456 2601 5518 Athanasius,
2629 5470 2722 5510 seu
2750 5454 2995 5524 quisquis
3017 5465 3206 5512 auctor
3236 5454 3466 5509 ludiculi
3493 5455 3781 5524 librorum

2185 5529 2481 5595 Scriptura:
2508 5543 2522 5579 :
2552 5527 2611 5595 lii
2650 5525 2793 5580 enim
2822 5523 3082 5595 quidquid
3118 5537 3315 5595 praeter
3340 5523 3609 5595 γνησίους
3653 5535 3782 5588 est,

2186 5594 2329 5651 inter
2354 5594 2701 5666 ἀποκρύφους
2740 5605 3042 5666 recensent.
3071 5594 3141 5666 At
3173 5596 3445 5664 triplicem
3477 5594 3633 5666 illu_m
3665 5608 3783 5647 0r-

2179 5669 2380 5731 diuem,
2404 5660 2515 5718 τῶν
2538 5660 2795 5736 γνησίων,
2820 5663 2939 5736 τῶν
2954 5660 3415 5736 άντι).εγομένων,
3435 5671 3504 5736 et
3517 5660 3636 5736 τῶν
3665 5678 3787 5736 gr.-

2179 5683 2380 5731 amem,
2404 5683 2510 5718 των
2538 5683 2795 5790 γνήῖιων,
2820 5683 2926 5718 των
2956 5683 3415 5736 ανταεγομενων,
3435 5683 3493 5717 ει
3518 5683 3636 5717 των
3669 5683 3787 5716 ιιι-

2178 5736 2595 5859 ᾔῑιῒέζῶξᾳιιίιυι·
2656 5735 2891 5792 ‘usebius
2917 5735 3060 5792 Hist.
3085 5736 3177 5792 lib.
3212 5751 3296 5807 tu,
3329 5731 3546 5804 τοι).εὸ
3578 5745 3644 5790 et
3664 5732 3787 5791 51.

2227 5821 2434 5861 υετιυε.

3361 6531 3396 6536 τ
3470 6532 3820 6548 ἡγήκ
