3826 6530
68 424 155 479 ηρ
1103 434 1460 493 ΕΟΜΜΕΝΤ.
1503 439 1568 494 IN
1611 438 1628 494 ἆ

1741 437 1802 492 Ν.
1847 436 1986 492 ΤΟΜ
1999 437 2086 494 US
2127 437 2261 494 XIII.

3218 453 3322 505 430

47 561 54 610 ν
122 547 200 600 l8.
240 565 256 597 ι
287 546 436 601 Ἀλλ·
479 554 722 623 ερχεται
772 555 921 627 ὥρα,
970 558 1064 611 καὶ
1113 556 1206 610 νῦν
1249 561 1430 622 ἐστιν,
1465 562 1551 614 ὅτε
1595 580 1628 614 οη

1830 557 1916 613 18.
1945 575 1966 610 ι
2004 558 2112 613 Sed
2147 559 2296 614 venit
2339 558 2494 621 hora,
2531 567 2588 614 et
2628 576 2773 616 nunc
2804 570 2905 626 est,
2960 567 3173 633 quando
3207 571 3323 621 veri

69 640 280 710 ἀληθινοὶ
326 647 742 717 προσκυνηταὶ
782 651 1210 720 προσκυνήσουσι
1249 651 1325 722 τῷ
1374 653 1550 725 Πατρὶ
1587 656 1644 709 ὲν

68 735 307 806 πνεύματι
358 739 462 792 καὶ
499 740 764 813 ἀληθείᾳ.
790 763 808 795 ι
844 745 984 808 Τοὺς
1027 745 1147 815 μηδ’
1189 745 1324 810 ὅλως
1373 748 1642 816 ἐπαγγελ-

65 826 291 896 λςμένους
349 832 707 899 προσκυνεῖν
757 832 836 902 τῷ
892 834 1068 905 Πατρὶ
1118 834 1239 888 οὐδὲ
1287 835 1640 907 ὀνομάζεσθαι

62 917 129 969 δεῖ
173 921 573 989 προπυνητάς
635 921 733 975 τοῦ
787 923 958 977 Θεοῦ·
1014 925 1148 979 ἀλλὰ
1198 927 1416 982 πάντων
1469 929 1642 998 ἐπαγ-

61 1009 375 1079 γελλομένων
429 1018 776 1084 προσκυνεῖν
807 1016 884 1086 τῷ
917 1018 1201 1082 κτίσαντι,
1230 1022 1278 1073 εί
1309 1023 1356 1074 οί
1395 1021 1492 1090 μὲν
1529 1023 1639 1092 (52)

63 1100 233 1170 μηκέτι
264 1095 402 1156 ὦσιν
429 1104 492 1157 ὲν
529 1107 728 1177 σαρκὶ,
766 1108 880 1162 ἀλλ’
903 1110 962 1162 ὲν
995 1110 1300 1180 πνεύματι,
1348 1110 1428 1181 τῷ
1469 1112 1643 1184 ,πνεύ-

60 1206 170 1259 ματι
209 1196 552 1262 περιπατεῖν
606 1200 708 1252 καὶ
748 1199 1043 1270 ἐπιθυμίαν
1090 1201 1292 1272 σαρκὸς
1336 1201 1410 1275 μὴ
1457 1205 1639 1258 ἐπιτε-

58 1282 180 1335 λεῖνο
204 1286 250 1337 0i
283 1284 342 1337 δὲ
382 1287 467 1359 μὴ
503 1283 651 1343 ὦσιν
680 1293 740 1344 ὲν
772 1293 1065 1365 πνεύματι,
1095 1292 1207 1348 ἀλλ’
1251 1296 1308 1348 ὲν
1334 1296 1520 1369 σαρκὶ,
1545 1299 1640 1352 καὶ

59 1377 177 1430 κατά
212 1378 397 1450 σάρκα
447 1383 847 1452 στρατεύονται
867 1402 879 1414 ·
936 1386 1057 1438 τότε
1102 1385 1320 1441 λεκτέον
1357 1388 1640 1460 ἀληθινοὺς

58 1469 139 1536 μὲν
169 1473 568 1542 προσκυνητὰς
610 1477 740 1540 τοὺς
768 1476 1203 1548 προσκυνοῦντας
1245 1478 1322 1549 τῷ
1373 1481 1549 1552 Πατρὶ
1581 1483 1639 1536 ὲν

52 1559 329 1631 Πνεύματι,
362 1564 469 1617 καὶ
508 1566 590 1636 μὴ
632 1568 796 1638 σαρκὶ
819 1607 834 1631 ,
869 1569 962 1622 καὶ
988 1571 1045 1622 ἐν
1071 1569 1318 1641 ἀληθεία,
1348 1571 1442 1626 καὶ
1473 1571 1546 1644 μὴ
1579 1573 1638 1626 ἐν

51 1650 244 1714 τύποις·
292 1653 404 1706 οὐκ
457 1655 759 1725 ἀληθινοὺς
790 1657 846 1712 δὲ
879 1661 1007 1723 τοὺς
1057 1660 1130 1731 μὴ
1177 1660 1350 1725 οὕτως
1395 1661 1635 1733 ἔχοντας.

53 1742 142 1794 Καὶ
168 1745 194 1795 ό
233 1745 545 1816 γράμματι
590 1747 652 1800 δὲ
685 1748 762 1819 τῷ
791 1749 1169 1806 ἀποκτιννύντι
1202 1752 1594 1825 δεδουλωμένος
1618 1797 1634 1821 ,

52 1831 335 1902 πνεύματος
388 1834 453 1887 δὲ
512 1838 617 1890 τοῦ
674 1835 1062 1906 ζωοποιοῦντος
1120 1841 1192 1912 μὴ
1253 1842 1591 1916 μετειληφὼς
1617 1885 1632 1909 ,

53 1922 166 1991 μηδὲ
192 1927 303 1988 τοῖς
339 1933 759 1999 πνευματικοῖς
784 1929 1092 1984 ἀκολουθῶν
1126 1931 1218 1985 τοῦ
1251 1933 1456 2004 Νόμου,
1478 1928 1633 2000 οὗτος

50 2014 102 2066 ἂν
124 2015 201 2085 εἴη
231 2019 258 2070 ὁ
292 2017 372 2090 μὴ
405 2018 679 2090 ἀληθινὸς
710 2021 1108 2094 προσκυνητὴς,
1135 2024 1227 2076 καὶ
1261 2025 1529 2096 πνεύματι
1557 2029 1632 2100 μὴ

49 2110 339 2177 προσκυνῶν
396 2109 483 2181 τῷ
531 2112 752 2183 Πατρί·
799 2114 828 2166 ό
879 2113 924 2165 δ’
962 2114 1123 2177 αὐτὸς
1171 2109 1328 2181 οὗτος
1375 2117 1494 2181 ὅλος
1525 2119 1634 2172 τῶν

47 2200 225 2266 τύπων,
259 2201 362 2254 καὶ
393 2203 514 2256 τῶν
548 2205 889 2274 σωματικῶν
919 2205 1048 2259 ὅταν
1075 2208 1456 2278 ἐπιτυγχάνειν
1490 2210 1630 2264 πάνυ

47 2293 201 2358 δοκεῖ,
255 2296 384 2349 τότε
420 2298 486 2349 ὲν
529 2294 732 2367 τύπῳ,
764 2297 857 2351 καὶ
885 2299 988 2352 οὐκ
1025 2301 1082 2353 ὲν
1115 2299 1344 2372 ἀληθείᾳ
1393 2319 1633 2374 προσκυ-

47 2388 111 2438 νεῖ
135 2386 205 2457 τῷ
234 2388 378 2458 Θεῷ,
412 2388 512 2442 διὰ
549 2388 720 2442 τοῦτο
743 2389 862 2442 οὐδὲ
886 2390 1139 2462 ἀληθινὸς
1169 2391 1466 2462 δυνάμενος
1495 2411 1629 2465 χρη-

50 2479 266 2546 μιτίζειν
316 2482 752 2552 προσκυνητής.
789 2481 943 2554 Τάχα
989 2482 1196 2536 δέδοταί
1229 2501 1359 2537 ποτε
1393 2484 1631 2555 εὐλόγως

46 2573 121 2624 καὶ
147 2572 228 2625 τὸν
259 2573 530 2642 ἀληθινὸν
563 2574 958 2646 προσκυνητὴν
993 2575 1051 2627 ὲν
1083 2573 1162 2646 τῷ
1215 2575 1484 2646 πνεύματι
1538 2578 1630 2631 καὶ

44 2661 242 2735 ἀληθείᾳ
263 2664 708 2735 προσκυνοῦντα
730 2667 936 2720 τυπικά
953 2683 1076 2721 τινα
1097 2670 1289 2731 ποιεῖν,
1307 2669 1394 2722 ἵνα
1413 2671 1539 2735 τοὺς
1552 2670 1630 2740 τῷ

45 2753 174 2825 τύπῳ
183 2755 642 2828 δεδουλωμένους
652 2757 1118 2828 οἰκονομικώτατα
1139 2759 1509 2832 ἐλευθερώσας
1519 2761 1628 2814 τῶν

45 2849 201 2901 τύπων
223 2849 572 2924 προσαγάγῃ
591 2853 664 2922 τῇ
682 2849 927 2922 ἀληθείᾳο
945 2850 1134 2922 ὥσπερ
1160 2852 1407 2920 φαίνεται
1419 2853 1628 2918 Παῦλος

44 2939 115 2992 ἐπὶ
129 2934 390 3011 Τιμοθέου
411 2941 777 3012 πεποιηκὼς,
788 2944 928 3014 τάχα
940 2943 995 2996 δὲ
1016 2945 1109 2998 καὶ
1123 2947 1180 2999 ἐν
1193 2947 1518 3017 Κεγχρεαῖς,
1534 2948 1628 3000 καὶ

41 3033 88 3085 tv
118 3034 368 3107 Ἰεροσολύ
377 3054 510 3107 μοις
532 3077 549 3100 ,
576 3035 662 3101 ὡς
692 3039 751 3090 ἐν
783 3040 899 3100 ταῖς
919 3037 1157 3110 Πράξεσι
1181 3038 1291 3092 τῶν
1316 3039 1629 3095 ἀποστόλων

42 3127 339 3200 γέγραπται.
372 3129 682 3202 Τηρητέον
724 3128 803 3194 δὲ,
839 3130 920 3182 ὅτι
959 3131 1007 3183 0i
1039 3128 1284 3199 ἀληθινοὶ
1321 3146 1629 3202 προσκυνη-

41 3223 112 3274 ταὶ
132 3224 184 3274 οὐ
217 3223 381 3293 μόνον
416 3225 480 3276 ὲν
517 3220 804 3294 μελλούσῃ
837 3221 974 3294 ὥρᾳ,
1000 3221 1134 3276 ἀλλά
1163 3221 1256 3276 καὶ
1277 3223 1335 3276 ὲν
1363 3221 1628 3294 ἑστηκυῖα
1653 3239 1696 3298 C

42 3315 373 3383 προσκυνοῦσι
435 3314 524 3386 τῷ
577 3315 764 3387 Πατρὶ
807 3317 866 3368 ὲν
916 3315 1186 3386 πνεύματι
1234 3313 1329 3368 καὶ
1375 3312 1624 3385 ἀληθεία.

51 3405 165 3458 Ἀλλ’
214 3410 270 3461 ὲν
315 3409 616 3478 πνεύματι
662 3409 715 3460 οἱ
755 3406 1207 3480 προσκυνοῦντες,
1259 3405 1336 3470 ὥς
1373 3405 1626 3478 εἰλήφασι

40 3501 469 3567 προσκυνοῦντες,
503 3502 571 3555 ὲν
597 3498 882 3571 ἀρῤαδῶνι
911 3496 1219 3568 πνεύματος
1244 3498 1336 3551 ἐπὶ
1357 3497 1450 3555 τοῦ
1484 3515 1628 3570 παρ-

39 3590 162 3653 em;
214 3590 642 3664 προσκυνοῦσιν
668 3606 682 3620 ο
721 3590 780 3642 ὲν
813 3588 1085 3660 πνεύματι
1117 3589 1174 3642 δὲ
1225 3589 1342 3659 (55)
1373 3590 1462 3642 ὅτε
1512 3591 1625 3644 πᾶν

41 3683 314 3754 χωρήσουσι
344 3684 411 3737 τὸ
449 3681 692 3752 πνεῦμα
747 3682 1186 3753 προσκυνήσουσι
1221 3680 1300 3752 τῷ
1332 3681 1524 3754 Πατρί.
1561 3683 1626 3736 El

37 3773 80 3824 δὲ
110 3775 134 3825 ὁ
168 3775 380 3844 βλέπων
419 3776 519 3829 διὰ
548 3773 896 3845 κατόπτρου,
933 3772 995 3827 τὸ
1040 3774 1239 3847 ἀληθὲς
1269 3774 1380 3847 (54)
1406 3776 1466 3828 οὐ
1502 3775 1626 3844 βλέ-

39 3883 147 3929 πει,
192 3869 266 3932 ὡς
310 3869 616 3922 δείκνυται
668 3865 880 3929 τούτοις
921 3869 1034 3929 τοῖς
1085 3869 1472 3939 κατοπτρικοῖς
1520 3867 1626 3920 ὑπὸ

38 3960 122 4011 τῶν
148 3963 270 4033 περὶ
307 3961 502 4015 ταῦτα
551 3958 778 4022 δεινῶν,
815 3958 1002 4030 βλέπει
1057 3959 1114 4013 δὲ
1165 3958 1380 4024 Παῦλος
1431 3958 1524 4012 καὶ
1575 3961 1624 4012 οί

37 4053 378 4124 παραπλήσιοι
449 4051 604 4105 αὐτὸ
674 4049 817 4120 (55)
866 4050 954 4104 διὰ
996 4049 1304 4122 κατόπτρου
1357 4048 1453 4103 νῦν
1485 4089 1502 4114 ,
1560 4048 1624 4120 δὴ

36 4143 100 4196 ὅτι
124 4145 246 4215 (56),
279 4150 357 4211 ὡς
393 4146 628 4217 βλέπει,
655 4141 803 4196 οὕτω
827 4144 919 4196 καὶ
949 4143 1246 4214 προσκυνεῖ
1265 4141 1344 4213 τῷ
1359 4141 1500 4213 Θεῷ,
1530 4141 1623 4196 καὶ

34 4233 101 4288 διὰ
126 4239 428 4312 κατόπτρου
469 4236 816 4308 προσκυνεῖ·
844 4236 970 4288 ὅταν
991 4234 1047 4288 δὲ
1069 4233 1196 4306 ἔλθῃ
1223 4235 1257 4305 ἡ
1281 4233 1398 4306 ὥρα
1420 4236 1453 4305 ἠ
1487 4233 1624 4306 μετά

35 4330 111 4399 τὴν
144 4333 511 4402 ἐνεστηκυῖαν
554 4327 960 4398 ἐνστησομένη,
979 4327 1097 4380 τότε
1135 4328 1288 4381 ἔσται
1318 4328 1352 4397 ἡ
1379 4327 1622 4399 προσκύ-

34 4438 159 4491 urat;
200 4428 255 4479 ὲν
289 4424 544 4497 ἀληθείᾳ
601 4418 902 4491 πρόσωπον
949 4417 1062 4489 (57)
1094 4418 1232 4489 πρὸς
1291 4417 1620 4490 πρόσωπον,

33 4517 107 4569 nl
139 4518 316 4572 οὐκέτι
342 4519 438 4572 διὰ
477 4514 813 4586 κατόπτρου
847 4511 1218 4583 θεωρουμένη.

1749 651 2066 704 adoratores
2101 651 2408 705 adorabunt
2454 651 2670 706 Patrem
2721 654 2773 707 in
2812 655 3008 724 spiritu
3037 666 3090 711 et
3124 659 3324 713 verita-

1749 747 1802 793 te
1835 739 1897 792 ¹⁷.
1948 758 1968 791 ι
2004 740 2104 807 Qui
2135 741 2358 796 minime
2381 757 2439 797 se
2465 742 2786 811 proﬁtentur
2813 745 3043 802 adorare
3083 747 3324 814 Patrem,

1749 831 1848 887 hos
1873 846 1939 886 ne
1965 833 2252 887 nominare
2282 833 2502 902 quidem
2553 847 2771 905 oportet
2823 839 3142 894 adoratores
3178 841 3270 895 Dei
3307 860 3320 895 :

1745 923 1837 976 sed
1865 938 1932 976 ex
1955 924 2208 977 omnibus
2230 923 2609 994 profitentibus
2635 943 2695 983 se
2729 930 2956 984 adorare
2982 933 3165 986 mundi
3191 931 3324 1003 Opi-

1747 1013 1925 1075 licem.
1959 1013 2004 1068 si
2036 1015 2254 1083 quidam
2287 1030 2394 1070 non
2431 1018 2664 1088 amplius
2696 1019 2807 1074 sint
2852 1021 2903 1074 in
2927 1037 3117 1089 carne,
3148 1026 3239 1080 sed
3271 1027 3326 1080 in

1745 1104 1959 1173 spiritu,
1996 1105 2188 1176 spiritu
2221 1108 2350 1177 quia
2385 1110 2688 1177 ambulent,
2710 1112 2975 1169 desideria
3007 1118 3194 1173 carnis
3217 1133 3324 1174 non

1743 1195 2089 1266 perﬁcientes
2117 1197 2199 1265 ¹⁸;
2226 1207 2284 1255 et
2323 1200 2488 1272 aliqui
2524 1218 2633 1258 non
2663 1205 2717 1260 in
2760 1205 2954 1276 spiritu
2987 1208 3117 1277 sint,
3144 1215 3240 1267 sed
3267 1213 3323 1268 in

1744 1301 1932 1353 carne;
1976 1297 2032 1343 et
2062 1291 2358 1346 secundum
2395 1307 2619 1349 carnem
2661 1295 2898 1352 militent
2929 1317 2945 1353 :
2980 1308 3108 1357 tunc
3137 1303 3325 1358 dicen-

1745 1378 1872 1431 dum
1905 1387 1990 1433 est
2024 1394 2187 1435 veros
2216 1382 2535 1440 adoratores
2559 1400 2678 1442 esse
2702 1401 2796 1444 eos
2816 1390 2906 1458 qui
2936 1388 3156 1447 Patrem
3191 1396 3321 1448 ado-

1743 1477 1869 1523 rant
1910 1469 1965 1524 in
2011 1472 2232 1540 spiritu,
2274 1489 2382 1530 non
2415 1476 2468 1531 in
2511 1492 2709 1546 carne;
2755 1480 2808 1536 in
2844 1483 3097 1551 veritate,
3129 1501 3234 1540 non
3265 1489 3319 1541 in

1741 1561 1934 1632 ﬁguris
1967 1581 1983 1618 :
2012 1579 2120 1619 non
2147 1579 2304 1621 veros
2339 1581 2469 1622 vero
2496 1584 2592 1626 eos
2613 1573 2706 1640 qui
2747 1573 2824 1627 sic
2854 1589 2913 1630 se
2939 1591 3045 1630 non
3090 1577 3317 1633 habent.

1738 1652 1831 1710 llle
1865 1655 2031 1710 etiam
2075 1657 2166 1726 qui
2208 1673 2316 1712 non
2363 1661 2636 1731 particeps
2676 1663 2843 1719 fuerit
2876 1667 3108 1736 Spiritus
3137 1670 3318 1725 viviti-

1739 1746 1940 1813 cantis,
1969 1748 2173 1818 quique
2199 1750 2499 1819 spiritualia
2527 1752 2659 1824 legis
2687 1769 2794 1810 non
2822 1769 3058 1827 sequens
3087 1774 3115 1812 a
3139 1759 3319 1816 littera

1739 1837 2030 1894 occidente
2076 1839 2129 1893 in
2167 1841 2484 1898 servitutem
2536 1845 2785 1902 redactus
2818 1846 3009 1916 fuerit,
3041 1849 3130 1906 hic
3156 1867 3320 1908 verus

1744 1944 1852 1984 non
1913 1929 2021 1984 erit
2071 1934 2349 2000 adorator,
2393 1949 2494 1989 nec
2523 1936 2716 2004 spiritu
2768 1937 3020 1995 adorabit
3054 1940 3313 2010 Patrem;

1739 2017 1850 2072 imo
1876 2018 1967 2075 hic
2006 2020 2143 2090 ipse,
2187 2031 2331 2079 totus
2363 2024 2552 2096 ﬁguris
2581 2036 2637 2081 et
2674 2028 2837 2083 rebus
2864 2033 3142 2101 corporeis
3165 2035 3318 2089 addi-

1735 2116 1878 2172 ctus,
1915 2125 2039 2166 cunt
2065 2128 2123 2168 se
2155 2117 2394 2174 maxime
2423 2118 2636 2187 assequi
2667 2119 3085 2192 existimaverit,
3115 2127 3313 2182 tuuciu

1737 2201 1934 2272 ﬁgura,
1970 2215 2028 2260 et
2078 2220 2184 2260 non
2240 2207 2296 2262 in
2358 2208 2588 2264 veritate
2624 2208 2793 2264 Deum
2831 2213 3046 2280 adorat,
3108 2216 3315 2273 idcirco

1735 2307 1897 2349 verus
1925 2297 2184 2354 adorator
2209 2314 2330 2356 esse
2355 2315 2460 2356 non
2479 2301 2688 2357 valens.
2714 2301 2970 2361 Fortasse
2991 2321 3310 2364 concessum

1731 2393 1815 2438 est
1837 2386 2126 2456 aliquando
2151 2391 2541 2447 convenienter
2573 2393 2792 2460 rationi,
2846 2404 2907 2450 ut
2933 2411 3093 2454 verus
3121 2400 3313 2455 adora-

1737 2483 1842 2539 tor,
1879 2473 1932 2530 in
1963 2479 2156 2547 spiritu
2199 2488 2255 2534 et
2301 2481 2532 2537 veritate
2571 2482 2828 2553 adorans,
2869 2489 3116 2555 quaedam
3149 2490 3315 2545 faciat

1732 2580 1852 2633 quae
1884 2567 1934 2621 in
1965 2568 2136 2639 ﬁgura
2170 2572 2301 2637 sint,
2346 2582 2404 2626 ut
2434 2588 2572 2642 quos
2601 2576 2770 2647 figura
2811 2577 3073 2635 irrctierit
3099 2597 3310 2638 summa

1733 2659 2139 2729 dispensatione
2189 2665 2258 2720 ab
2292 2680 2353 2722 ea
2392 2668 2647 2724 liberatos
2692 2671 2762 2726 ad
2799 2672 3085 2728 veritatem
3141 2676 3314 2731 addu-

1732 2761 1863 2804 cat:
1900 2751 1952 2806 id
2001 2755 2144 2822 quod
2193 2755 2485 2814 Timotheo
2537 2759 2760 2815 Paulum
2798 2761 2997 2818 fecisse
3054 2777 3307 2836 apparet,

1733 2839 1986 2898 fortassis
2011 2855 2192 2900 autem
2220 2847 2274 2901 in
2304 2848 2660 2916 Cenchris,et
2695 2851 3110 2924 Hierosolymis,
3143 2857 3308 2911 veluti

1733 2933 1784 2986 in
1826 2935 2189 3002 apostolorum
2218 2939 2370 2995 Actis
2395 2942 2652 3010 scriptum
2683 2953 2768 2999 est
2800 2944 2865 3000 ".
2897 2945 3307 3002 Observandum

1730 3038 1859 3081 vero
1887 3035 1970 3081 est
1995 3041 2150 3083 veros
2177 3030 2490 3087 adoratores
2520 3047 2625 3086 non
2655 3033 2830 3088 solum
2859 3033 2913 3088 in
2942 3033 3122 3089 futura
3149 3037 3305 3103 hora,

1729 3128 1918 3171 verum
1952 3119 2116 3174 etiam
2139 3119 2193 3174 in
2225 3124 2500 3192 praesenti,
2525 3126 2758 3180 adorare
2777 3123 2994 3180 Patrem
3026 3127 3079 3181 in
3111 3127 3310 3198 spiritu

1730 3216 1785 3261 et
1819 3209 2072 3264 veritate.
2106 3209 2213 3266 Sed
2238 3215 2331 3283 qui
2363 3214 2416 3269 in
2445 3215 2641 3285 spiritu
2673 3217 2926 3282 adorant,
2957 3219 3311 3287 quemadmo-

1731 3299 1858 3354 dum
1892 3313 2220 3373 acceperunt
2252 3307 2568 3375 adorantes,
2622 3309 2679 3364 in
2729 3309 3038 3366 arrhabone
3081 3310 3309 3382 spiritus

1732 3407 1878 3448 nunc
1913 3395 2148 3451 adorant
2181 3414 2197 3452 :
2229 3398 2394 3470 229
2425 3409 2554 3457 tunc
2581 3411 2764 3458 autem
2791 3402 2845 3458 in
2871 3403 3062 3472 spiritu
3087 3404 3304 3460 Patrem

1731 3484 2037 3551 adoraturi,
2069 3502 2193 3542 cum
2229 3498 2398 3545 totum
2455 3492 2804 3563 perceperint
2835 3494 3114 3565 spiritum.
3145 3494 3307 3562 Quod

1729 3579 1776 3630 si
1828 3577 1873 3630 is
1901 3579 1994 3648 qui
2019 3579 2165 3635 videt
2204 3597 2303 3652 per
2332 3582 2638 3654 speculum,
2671 3601 2780 3641 non
2814 3587 2959 3642 videt
2995 3601 3203 3654 verum,
3230 3591 3312 3646 uti

1729 3670 1845 3723 haec
1868 3671 2072 3740 optime
2101 3671 2365 3729 callentes
2387 3677 2687 3732 ostendunt
2735 3676 2825 3732 his
2877 3677 3196 3749 imaginarie
3222 3681 3308 3734 vi-

1729 3760 2002 3826 dentibus,
2028 3771 2085 3817 et
2134 3777 2232 3832 per
2258 3765 2540 3833 speculum
2582 3768 2780 3822 adorat
2825 3768 3016 3835 Deum,
3051 3769 3311 3841 videtque

1728 3850 1933 3908 Paulus
1962 3867 2104 3908 nunc
2136 3869 2231 3924 per
2265 3856 2544 3924 speculum
2571 3859 2638 3922 ³ο,
2667 3859 2862 3928 suique
2899 3859 3130 3925 similes,
3184 3877 3308 3930 per-

1727 3943 1976 4013 spicuum
2012 3953 2102 4000 est
2131 3945 2356 4002 Paulum
2389 3948 2468 4004 sic
2494 3950 2727 4004 adorare
2749 3950 2919 4005 Deum
2953 3953 3306 4020 quemadmo-

1729 4035 1854 4090 dum
1913 4035 2082 4101 videt,
2137 4045 2300 4110 atque
2353 4041 2518 4096 etiam
2576 4057 2675 4112 per
2727 4042 3006 4112 speculum
3076 4045 3306 4100 adorare

1727 4129 1932 4198 Deum;
1964 4147 2091 4188 cum
2127 4149 2257 4191 vero
2293 4133 2509 4190 venerit
2538 4136 2671 4190 hora
2723 4145 2845 4203 post
2889 4135 3184 4190 instantem
3217 4137 3303 4190 fus

1729 4233 1875 4294 tura,
1903 4234 2034 4283 tunc
2062 4228 2167 4282 erit
2191 4228 2438 4284 adoratio
2490 4227 2543 4282 in
2593 4229 2850 4291 veritate,
2897 4243 3018 4296 qua:
3056 4227 3200 4285 facie
3233 4231 3306 4285 ad

1727 4318 1950 4388 faciem,
1975 4336 2081 4377 non
2117 4321 2350 4392 amplius
2381 4335 2479 4392 per
2505 4321 2786 4393 speculum
2820 4321 3060 4377 videtur.

88 4610 163 4664 l9.
195 4611 267 4664 Τὸ
294 4611 597 4682 μέντοιγε,
637 4626 658 4659 t
692 4580 859 4676 lipsi;
891 4580 1326 4676 προσκυνοῦμεν,
1350 4621 1368 4653 ι
1395 4603 1424 4655 ὁ
1461 4601 1620 4673 Ἦρα-

1801 4600 1886 4657 l9.
1922 4601 2066 4658 Sane
2111 4617 2174 4659 ea
2224 4603 2425 4668 verba,
2457 4620 2477 4654 ι
2515 4617 2611 4658 nos
2657 4601 2951 4658 adoramus
2971 4602 3039 4665 εί,
3079 4619 3097 4652 ι
3132 4601 3305 4655 ﬂera-

35 4703 174 4758 κὶὲων
203 4709 376 4761 οἴεται
414 4703 614 4766 εἶναι,
659 4701 692 4753 ὁ
741 4702 799 4753 ὲν
842 4699 1042 4761 Δῐῶνι,
1095 4697 1191 4750 καὶ
1241 4695 1292 4748 οἱ
1343 4695 1440 4748 σὺν
1472 4693 1620 4765 αὑτῷ

36 4797 273 4864 ϋθόντες³
299 4794 458 4854 οὗτοι
485 4798 634 4868 γὰρ,
675 4793 866 4864 φησιν,
896 4791 1092 4864 ᾔδεσαν
1127 4789 1233 4844 τίνι
1279 4787 1619 4860 προσκυνοῦ-

37 4906 99 4953 cz,
132 4894 262 4946 κατά
314 4891 604 4964 ἀλήθειαν
653 4883 1112 4957 προσκυνοῦντες.
1168 4879 1329 4934 Ἀλλὰ
1375 4881 1467 4933 καὶ
1511 4879 1571 4932 τό
1603 4897 1615 4909 ·

122 5005 135 5034 ι
165 4989 195 5058 ἡ
227 4985 486 5058 σωτηρία
515 4985 590 5036 ὲκ
623 4977 739 5032 τῶν
779 4974 1048 5030 Ἰουδαίων
1073 4973 1242 5037 ἐστὶν,
1269 4992 1288 5024 ι
1318 4971 1440 5024 ἐπεὶ
1472 4971 1529 5024 ὲν
1552 4971 1618 5040 τῇ

43 5077 255 5151 Ἰωδαίᾳ,
282 5080 489 5154 φησὶν,
549 5068 853 5143 ἐγεννήθη,
890 5066 1004 5121 ἀλλ’
1037 5066 1139 5120 οὒκ
1180 5069 1238 5119 ἐν
1278 5065 1501 5154 αὐτοῖς’
1553 5062 1615 5154 ου

35 5173 119 5242 γὰρ
144 5175 216 5236 εἰς
260 5152 486 5235 πάντας
543 5166 759 5227 αὐτοὺς
802 5161 1058 5233 εὐδόκησε
1087 5199 1101 5224 ,
1134 5160 1228 5212 καί
1265 5159 1348 5211 ὅτι
1387 5154 1445 5222 ἐξ
1475 5152 1618 5208 ὲκεί-

34 5283 107 5318 νου
137 5267 221 5320 τοῦ
249 5265 448 5328 ἔθνους
483 5257 734 5330 ἐξῆλθεν
765 5257 799 5326 ὴ
835 5253 1102 5326 σωτηρία,
1142 5251 1238 5305 καὶ
1271 5250 1300 5302 ὁ
1329 5248 1486 5315 λόγος
1539 5245 1620 5307 εἰς

33 5360 110 5429 τὴν
133 5361 460 5432 οίκουμένην
480 5374 495 5388 ο
534 5350 693 5407 κατὰ
718 5348 778 5402 δὲ
805 5347 870 5400 τὸ
895 5344 1183 5416 νοούμενον
1218 5344 1283 5396 ὲκ
1326 5339 1436 5394 τῶν
1487 5338 1620 5390 ’1ου-

1725 4696 1882 4752 cleon
1914 4709 2038 4751 esse
2075 4704 2228 4751 retur
2251 4710 2377 4750 eum
2416 4696 2508 4766 qui
2543 4703 2629 4750 est
2657 4695 2709 4749 in
2740 4692 2948 4759 Eone,
2976 4705 3033 4748 et
3054 4694 3144 4762 qui
3177 4707 3303 4747 cum

1725 4789 1845 4858 ipso
1867 4795 2171 4853 venerunt;
2204 4801 2327 4840 nam
2355 4786 2433 4854 hi,
2455 4785 2656 4855 inquit,
2687 4791 2958 4839 noverunt
2979 4796 3141 4851 quem
3171 4781 3304 4835 ado-

1726 4891 1868 4945 rant,
1914 4881 2214 4936 secundum
2260 4879 2550 4935 veritatem
2605 4879 2921 4932 adorantes.
2972 4875 3110 4941 Quin
3169 4872 3304 4928 illud

1725 4973 1913 5036 etiam,
1947 4988 1968 5022 ι
1997 4970 2146 5026 salus
2167 4985 2234 5025 ex
2261 4969 2464 5027 Judteis
2479 4979 2563 5025 est
2589 4970 2655 5035 ",
2687 4987 2708 5021 ι
2747 4967 3003 5037 quoniam
3037 4965 3089 5020 in
3113 4964 3304 5021 Iudaea

1726 5065 1943 5134 genitus
1962 5075 2068 5128 est,
2098 5063 2295 5132 inquit,
2323 5078 2429 5118 non
2468 5062 2612 5116 inter
2637 5062 2817 5131 ipsos;
2855 5059 2983 5129 quia
3011 5058 3064 5112 in
3109 5071 3304 5112 omnes

1727 5156 1872 5224 ipsos
1893 5153 2057 5209 animi
2085 5153 2501 5225 propensionem
2529 5167 2635 5206 non
2671 5150 2944 5214 habuerit,
2963 5158 3015 5205 et
3040 5148 3303 5219 quoniam

1725 5258 1791 5297 ex
1829 5243 1916 5298 illa
1956 5251 2116 5312 gente
2141 5257 2364 5312 egressa
2391 5248 2476 5295 est
2511 5241 2682 5305 salus,
2709 5247 2764 5293 et
2809 5252 2989 5293 sermo
3031 5236 3084 5290 in
3113 5235 3302 5289 orbem

1728 5344 1998 5391 terrarum
2025 5352 2043 5394 :
2071 5335 2228 5405 juxta
2258 5331 2672 5405 intelligentiam
2699 5345 2828 5384 vero
2852 5327 3211 5399 spiritualem,
3235 5341 3305 5379 ex

89 5530 122 5560 "
151 5531 296 5584 Joan.
324 5544 408 5592 tv,
435 5525 541 5579 23.
629 5519 678 5550 ¹⁸
711 5514 890 5571 Galat.
916 5526 971 5577 v,
998 5511 1088 5570 l6.
1160 5511 1203 5542 "
1225 5508 1346 5562 Act.
1373 5521 1486 5568 xvr,
1513 5503 1568 5567 5,
1611 5504 1628 5556 l

1735 5516 1846 5564 xxi,
1869 5499 1960 5553 ‘24.
2021 5497 2068 5529 '°
2095 5495 2261 5550 lCor.
2292 5491 2509 5556 xttt,l2.
2585 5493 2628 5524 ’ί
2661 5489 2821 5547 Joan.
2844 5504 2917 5556 tv,
2949 5485 3038 5539 22.
3093 5487 3137 5518 ¹¹
3165 5483 3298 5538 ibid.

87 5621 264 5692 (5am
294 5623 354 5675 οἱ
395 5590 527 5679 Ξιέν,
565 5621 685 5666 etc.
719 5607 813 5662 Sic
845 5613 990 5660 recte
1029 5605 1195 5660 habet
1238 5602 1408 5658 codex
1460 5596 1602 5651 Bod-

91 5710 207 5744 anus
230 5711 243 5744 :
269 5695 325 5744 in
359 5639 554 5744 έεαὶο
584 5684 752 5736 deest
787 5678 858 5731 si.
1239 5743 1245 5744 γ
1289 5742 1298 5744 Δ
1505 5738 1540 5744 μ

1735 5594 1807 5650 ιαὶ
1833 5590 2049 5664 ἀληθές.

1788 5664 1899 5744 (ἒὲ)
1931 5664 2049 5744 4'?“

37 5678 207 5746 Ieiauus
230 5711 244 5754 ;
269 5695 325 5746 in
359 5678 554 5756 Regio
584 5684 760 5756 ίίθθῗί.
787 5678 858 5756 εξ]

339 5738 670 5832 ἀνίετῦέιατι
693 5748 784 5804 δέ.
815 5747 904 5802 Sic
925 5746 1094 5804 codex
1118 5742 1474 5806 Bodleianus;
1505 5738 1611 5792 lte-

37 5834 143 5894 gius.
165 5828 220 5904 ἓν
246 5828 541 5904 πνεύματί
581 5841 665 5904 δἐι,ἶ

637 5892 739 5948 Sic
780 5888 950 5946 codex
980 5886 1337 5951 Bodleianus;
1382 5880 1601 5949 llcgius,

1788 5651 2295 5736 (ὃδὶἈῦτίέοῙιὲθῧο
2321 5651 2607 5736 αὐτῷ-,πί
2726 5721 2739 5733 .
2830 5718 2945 5736 ,η
3035 5718 3046 5736 ._

1787 5718 1900 5802 (563
1940 5731 2022 5799 Ai;
2057 5730 2172 5802 ὅτιἐ
2193 5718 2334 5802 Lego
2368 5718 2490 5802 cuin
2521 5720 2796 5802 Ferrarin,
2825 5718 3185 5802 δῆλονιιὸτιτη

1787 5787 1898 5872 (57)
1933 5787 2114 5872 Codex
2142 5787 2361 5872 Regius,
2381 5797 2452 5872 τῇ
2476 5791 2783 5872 πρόσωπον,
2816 5787 2910 5842 sed
2931 5790 2980 5842 iu
3003 5787 3298 5842 Bodleiano

1715 5861 1975 5940 ιιοὲειτῇ.
2013 5871 2172 5927 Forte
2203 5861 2486 5934 legendum
2514 5861 2546 5928 ἡ
2585 5861 2894 5927 πρόσωπον.
