3826 6542
479 441 578 495 ιω
1936 423 2046 479 ORI

2173 419 2254 476 {IS
3645 410 3746 464 452

474 555 678 612 Judzeis
726 561 916 608 narrat
965 550 1162 605 factam
1197 548 1365 602 fuisse
1396 547 1647 606 salutem,
1691 540 1952 612 quoniam
1994 537 2047 592 hi

2173 535 2321 588 Ξαίων
2378 535 2474 604 τὴν
2527 529 2805 602 σωτηρίαν
2849 530 3122 601 διηγεῖται
3154 529 3463 597 γεγονέναι,
3522 526 3746 599 ἐπείπερ

475 646 859 701 similitudines
892 659 1011 698 esse
1055 641 1443 695 existimantur
1473 649 1663 689 eorum
1710 631 1800 698 qui
1843 637 1962 684 sunt
1999 628 2051 680 in

475 738 772 809 pleromate
801 752 814 788 :
847 733 940 788 sed
969 731 1285 786 ostenderet
1329 737 1556 780 necesse
1585 729 1706 776 erat
1747 716 2054 809 ipse,ejits-

473 806 580 901 qne
612 839 895 896 sequaces,
945 820 1216 892 quomodo
1253 814 1627 886 unusquisque
1658 812 1730 865 sit
1758 806 2053 901 similitudo

473 897 662 976 eorum
692 915 785 985 qui
819 922 944 968 sunt
984 912 1038 965 in
1067 909 1398 979 pleromate;
1436 903 1597 959 modo
1627 915 1739 955 non
1782 897 1896 954 sola
1923 909 2054 952 voce

472 1012 580 1066 hoc
607 1011 814 1074 dicant,
840 1005 935 1061 sed
973 1018 1103 1060 vere
1132 1002 1234 1057 hoc
1259 1000 1517 1056 sentiant.
1574 994 1844 1049 Prmterea
1894 1003 2054 1043 enar-

475 1118 601 1156 rans
642 1100 768 1156 illud
797 1140 812 1163 ,
879 1115 898 1148 ι
947 1097 1001 1150 ἰη
1058 1092 1256 1164 spiritu
1312 1099 1367 1145 et
1420 1091 1654 1143 veritate
1683 1085 1730 1116 “
1770 1103 1790 1136 ι
1835 1080 2054 1137 adorari

473 1193 663 1255 Deum,
699 1209 717 1243 ι
756 1189 966 1260 priores
993 1186 1333 1246 adoratores,
1359 1181 1558 1249 inquit,
1593 1179 1649 1232 itt
1684 1189 1852 1232 carne
1885 1183 1940 1229 et
1965 1185 2057 1226 er-

474 1297 597 1338 rore
620 1283 988 1336 adoravernnt
1031 1290 1182 1337 eum,
1217 1273 1310 1341 qui
1347 1270 1513 1325 Pater
1542 1283 1649 1324 non
1686 1277 1803 1322 erat
1837 1281 1852 1318 :
1886 1278 2055 1334 quare

471 1375 660 1430 eadem
701 1371 870 1427 etiam
896 1368 1108 1423 ratione
1136 1364 1347 1434 decepti
1378 1362 1533 1417 fuere
1569 1374 1765 1416 omnes
1797 1356 1892 1427 qui
1922 1356 2054 1410 ado-

472 1473 665 1522 rat-unt
693 1461 878 1518 mundi
907 1457 1211 1531 Opiﬁcem;
1253 1475 1271 1508 ι
1327 1453 1716 1524 subjungitque
1749 1447 2088 1547 Heracleon‘

471 1573 566 1613 eos
586 1556 817 1611 servisse
847 1561 1137 1616 creatum,
1165 1564 1272 1604 non
1303 1548 1353 1602 ei
1387 1547 1487 1616 qui
1523 1547 1576 1600 in
1621 1543 1859 1599 veritate
1887 1540 2052 1596 Crea-

472 1661 559 1705 tor
588 1655 731 1711 erat,
791 1646 880 1716 qui
911 1653 999 1700 est
1027 1643 1302 1707 Christus,
1330 1636 1774 1708 quandoquidem
1812 1652 1832 1686 ι
1869 1633 2054 1688 omnia

474 1758 570 1812 per
625 1743 802 1808 ipsum
850 1740 992 1793 facta
1043 1743 1210 1800 sunt,
1265 1742 1322 1788 et
1364 1733 1483 1786 sine
1543 1731 1660 1801 ipso
1719 1728 1922 1784 factum
1973 1733 2057 1782 est

472 1833 608 1890 nihil
638 1833 705 1888 ⁸⁸.
738 1851 757 1884 ι

2163 627 2370 688 εἰκόνες
2397 617 2544 676 οὗτοι
2568 623 2676 675 τῶν
2715 623 2773 674 ὲν
2807 621 2885 690 τῷ
2917 621 3246 692 πληρώματι
3287 619 3439 694 αὐτῷ
3481 615 3620 673 εἶναι
3668 639 3746 673 νο-

2167 710 2416 783 μίζονται
2439 728 2452 741 ⁸
2492 711 2660 784 ἐχρῆν
2687 711 2743 764 δὲ
2774 712 2936 764 αὐτὸν
2976 711 3072 764 καὶ
3106 713 3232 773 τοὺς
3265 710 3359 762 ἀπ’
3404 707 3574 762 αὐτοῦ
3624 708 3744 762 ἔκαε

2165 820 2286 856 στον
2313 802 2426 856 τῶν
2456 804 2515 856 ἐν
2557 804 2623 873 τῇ
2660 801 2888 872 λατρεία⁵
2936 800 3209 855 δεικνύναι
3258 801 3378 866 πῶς
3407 803 3556 855 ἐστιν
3591 799 3746 855 εἰκὼν

2162 892 2270 947 τῶν
2304 894 2362 945 ἐν
2402 891 2482 963 τῷ
2525 891 2857 964 πληρώματι
2882 896 2968 949 ἐτ
2993 909 3057 962 γε
3094 891 3170 964 μὴ
3206 894 3364 962 μόνον
3405 895 3558 963 φωνῇ
3597 891 3752 945 τοῦτο

2162 983 2432 1054 λέγουσιν,
2477 985 2612 1038 ἀλλά
2651 985 2746 1040 καὶ
2793 985 3022 1056 ἀληθείᾳ
3077 984 3366 1056 φρονοῦσιν
3416 985 3569 1039 αὐτό.
3611 983 3748 1055 Πρὸς

2162 1077 2371 1141 τούτοις
2399 1078 2480 1142 τὸ,
2533 1097 2552 1129 ι
2582 1080 2639 1131 ἐν
2689 1077 2960 1149 πνεύματι
3005 1079 3102 1130 καὶ
3173 1077 3402 1149 ἀληθείᾳ
3437 1096 3458 1130 a
3513 1093 3749 1147 προσκυ-

2165 1170 2376 1225 νεῖσθαι
2403 1171 2491 1224 τὸν
2537 1170 2670 1224 Θεὸν
2696 1212 2711 1238 ,
2750 1170 3056 1241 ἡγούμενος
3090 1170 3236 1242 (58),
3277 1171 3464 1238 λέγει,
3514 1171 3600 1222 ὅτι
3645 1187 3664 1221 ι
3701 1171 3746 1222 oi

2166 1261 2423 1334 πρότεροι
2458 1263 2835 1334 προσκυνηταὶ
2865 1263 2925 1315 ὲν
2957 1263 3119 1334 σαρκὶ
3147 1261 3241 1315 xui
3273 1260 3450 1334 πλάνῃ
3484 1259 3749 1330 προσεκύ-

2161 1370 2284 1407 νουν
2314 1353 2395 1424 τῷ
2426 1355 2500 1426 μὴ
2533 1353 2740 1424 Πατρὶ,
2793 1353 2936 1407 ὥστε
2979 1356 3075 1407 καὶ
3120 1353 3340 1408 ταυτὸν⁵
3369 1352 3749 1423 πεπλανῆσθαι

2163 1445 2371 1510 πάντας
2411 1447 2538 1510 τοὺς
2570 1446 3088 1517 προσκεκυνηκότας
3111 1445 3189 1516 τῷ
3217 1444 3566 1517 Δημιουργῷ·
3607 1464 3625 1496 ι
3659 1445 3751 1498 καὶ

2162 1536 2413 1609 ἐπιφέρει
2440 1554 2502 1606 γε
2531 1539 2560 1590 6
2601 1537 2915 1608 Ἡρακλέων
2935 1577 2952 1600 ,
2991 1537 3074 1589 ὅτι
3107 1535 3394 1608 ἐλάτρευον
3427 1539 3496 1606 τῇ
3532 1537 3749 1598 κτίσει,

2163 1629 2257 1682 καὶ
2287 1629 2344 1681 οὐ
2379 1627 2457 1699 τῷ
2491 1629 2610 1682 κατ’
2654 1629 2911 1700 ἀλήθειαν
2939 1627 3181 1700 Κτίστῃ,
3224 1630 3282 1690 ὃς
3332 1630 3450 1681 ἐστι
3496 1630 3748 1700 Χριστὸς,

2170 1737 2187 1769 ι
2205 1722 2337 1787 εἴγε
2363 1719 2539 1774 πάντα
2560 1719 2627 1772 δι’
2652 1720 2816 1774 αὐτοῦ
2848 1719 3087 1790 ἐγένετο,
3117 1719 3212 1773 καὶ
3236 1720 3408 1791 χωρὶς
3437 1719 3605 1774 αὐτοῦ
3627 1721 3749 1790 ὲγέ-

2161 1826 2284 1863 νετο
2305 1811 2480 1866 οὐδέν.
2515 1831 2534 1864 ι

540 1925 632 1978 ‘20.
670 1942 689 1974 ο
719 1921 931 1977 Etenim
969 1917 1135 1972 Pater
1177 1916 1312 1969 tales
1333 1911 1551 1981 qnmrit,
1577 1909 1668 1978 qui
1701 1907 1882 1977 ipsum
1915 1904 2047 1959 ado-

2223 1901 2314 1956 20.
2351 1922 2369 1954 ι
2401 1902 2510 1956 Καὶ
2541 1903 2651 1976 γὰρ
2673 1906 2702 1958 6
2735 1905 2927 1978 Πατὴρ
2951 1906 3228 1972 τοιούτους
3255 1906 3412 1979 ζητεί
3429 1908 3560 1972 τοὺς
3588 1926 3751 1980 προσ-

478 2024 602 2072 rent
633 2015 700 2068 ³⁵.
744 2031 764 2066 ι
795 2012 852 2066 Si
881 2009 1073 2080 quaerit
1103 2006 1285 2068 Pater,
1321 2017 1420 2073 per
1451 2001 1645 2055 Filium
1679 1997 1910 2070 qumrit,
1959 1994 2050 2065 qui

473 2106 621 2161 venit
649 2105 716 2159 ad
739 2101 1092 2172 quaerendum
1122 2106 1179 2152 et
1209 2098 1536 2152 servandum
1564 2091 1706 2163 quod
1737 2087 2051 2160 perierat”:

473 2209 608 2265 quos
637 2192 934 2263 purificans
957 2199 1013 2244 et
1041 2186 1297 2244 erudiens
1335 2185 1546 2240 ratione
1576 2192 1626 2238 et
1650 2181 1806 2236 sanis
1831 2179 2055 2248 dogma-

475 2287 644 2351 tibus,
699 2292 972 2355 praeparat
1029 2293 1151 2335 esse
1207 2292 1364 2333 veros
1421 2276 1768 2330 adoratores.
1818 2269 2054 2325 Periisse

475 2389 655 2436 autem
676 2375 980 2434 Heracleon
1019 2371 1198 2441 inquit
1243 2371 1297 2425 in
1335 2365 1605 2440 profunda
1641 2364 1872 2420 materia
1901 2377 2054 2417 erro-

475 2473 552 2526 ris
575 2486 688 2526 rem
726 2468 1048 2523 familiarem
1083 2464 1255 2530 Patri,
1285 2477 1404 2533 quae
1435 2461 1716 2530 qumritur,
1750 2465 1861 2511 uta
1895 2455 2052 2508 fami.

474 2563 704 2617 liaribus
734 2559 1013 2614 adoretur.
1037 2557 1222 2624 Itaque
1254 2554 1399 2607 hunc
1427 2549 1650 2620 quidem
1679 2561 1986 2602 sermonem
2007 2547 2051 2578 "

475 2653 523 2707 si
558 2651 914 2707 intellexisset
938 2648 1005 2704 de
1029 2647 1211 2704 ovium
1245 2643 1575 2714 perditione,
1623 2650 1678 2694 et
1721 2641 1786 2695 de
1821 2640 1931 2693 lilio
1956 2638 2050 2708 qni

472 2745 541 2800 ab
571 2745 638 2797 iis
666 2757 788 2812 qua:
819 2739 988 2811 patris
1036 2747 1164 2793 sunt
1196 2735 1482 2800 deciderit,
1525 2733 1690 2804 230
1727 2731 1918 2787 saltem
1952 2730 2051 2784 ad-

471 2836 814 2893 misissemus
839 2832 1010 2904 ipsius
1036 2828 1445 2885 enarrationem
1488 2843 1502 2880 :
1551 2826 1644 2881 sed
1676 2825 1866 2880 nescio
1923 2824 2052 2894 quid

471 2927 690 2983 tandem
749 2935 936 2994 aperte
979 2924 1210 2978 doceant
1263 2920 1329 2974 de
1388 2918 1693 2988 perditiune
1745 2917 2055 2989 spiritualis

379 3066 384 3071 .
468 3030 702 3084 naturae,
734 3015 828 3086 qui
864 3017 1040 3084 ipsum
1072 3022 1379 3083 sequuntur
1407 3051 1422 3076 ,
1460 3011 1790 3074 fabulantes,
1821 3019 1880 3066 et
1916 3007 2052 3064 nihil

468 3117 714 3178 apertum
754 3121 854 3161 nos
882 3107 1144 3160 docentes
1182 3103 1252 3157 de
1285 3101 1505 3158 szeculis
1556 3101 1640 3157 vel
1684 3102 2049 3172 temporibus,

2159 1996 2453 2062 κυνοῦντας
2489 1998 2669 2053 αὐτόν.
2713 2018 2730 2049 ι
2781 2000 2841 2052 Ei
2879 2001 3035 2070 ζητεῖ
3063 2000 3172 2072 (59)
3196 2003 3225 2054 6
3258 2001 3473 2074 Πατὴρ,
3517 2001 3607 2054 διὰ
3655 2001 3750 2054 τοῦ

2159 2087 2290 2141 Υἰοῦ
2321 2087 2514 2160 ζητεῖ,
2565 2090 2658 2142 τοῦ
2705 2091 3027 2162 ἐληλυθότος
3081 2095 3312 2166 ζητῆσαι
3347 2095 3442 2147 καὶ
3481 2094 3652 2147 σῶσαι
3693 2096 3753 2146 τὸ

2155 2181 2473 2247 ἀπωλολὸς,
2532 2183 2787 2248 οὕστινας
2840 2184 3121 2258 καθαίρων
3191 2187 3283 2240 καὶ
3345 2185 3620 2240 παιδεύων
3675 2187 3752 2257 τῷ

2155 2271 2298 2344 λόγῳ
2331 2274 2426 2328 καὶ
2453 2277 2564 2338 τοῖς
2606 2274 2780 2342 ὐγιέσι
2802 2275 3055 2345 δόγμασι,
3089 2275 3488 2340 κατασκευάζει
3532 2277 3751 2346 ἀληθεῖς

2154 2365 2282 2432 τοὺς
2321 2366 2727 2438 πῳσκυνητάς.
2777 2367 3138 2420 ’Δπολωλὲναι
3173 2367 3230 2421 δέ
3273 2385 3439 2441 φησιν
3486 2371 3515 2422 ὁ
3581 2369 3750 2439 Ἤρα-

2155 2454 2327 2508 κλέων
2373 2457 2429 2510 ὲν
2471 2459 2538 2527 τῇ
2585 2455 2776 2528 βαθείᾳ
2809 2456 2914 2530 ὐλῃ
2944 2458 3042 2527 τῆς
3077 2457 3285 2528 πλάνης
3333 2459 3394 2511 τὸ
3437 2462 3640 2513 οίκεῖον
3674 2460 3754 2531 τῷ

2156 2546 2352 2618 Πατρὶ,
2386 2547 2522 2618 ὅπερ
2552 2545 2817 2618 ζητεῖται,
2843 2549 2930 2601 ἵνα
2973 2550 3001 2601 6
3045 2549 3234 2620 Πατὴρ
3262 2550 3368 2603 ὐπὸ
3399 2550 3510 2604 τῶν
3537 2551 3752 2604 οἰκείων

2155 2639 2549 2712 προσκυνῆται.
2572 2641 2634 2693 Εἰ
2665 2641 2762 2712 μὲν
2793 2637 2886 2694 οὖν
2912 2640 3059 2713 ἑώρα
3085 2642 3175 2695 τὸν
3199 2642 3328 2714 περὶ
3350 2643 3452 2715 τῆς
3475 2644 3757 2706 ἀπωλείας

2157 2732 2264 2785 τῶν
2292 2732 2581 2805 προϐάτων
2609 2733 2788 2801 λόγον,
2821 2734 2918 2787 καὶ
2947 2733 3042 2786 τοῦ
3084 2734 3460 2798 ἁποπεσόντος
3498 2735 3610 2788 τῶν
3660 2736 3756 2788 τοῦ

2157 2824 2360 2896 πατρὸς
2402 2823 2521 2876 υἱοῦ
2542 2865 2557 2889 ,
2595 2824 2695 2878 κᾶν
2725 2824 3107 2896 ἀπεδεξάμεθα
3137 2826 3304 2880 αὐτοῦ
3333 2827 3436 2897 τὴν
3474 2827 3752 2898 διήγησιν.

2167 2919 2321 2975 Ἐπεὶ
2355 2919 2411 2972 δὲ
2453 2918 2878 2990 μυθοποιοῦντες
2911 2921 2962 2972 οἱ
2995 2919 3105 2973 ἀπὸ
3138 2921 3239 2991 τῆς
3275 2919 3509 2992 γνώμης
3538 2921 3706 2974 αὐτοῦ
3733 2961 3755 2988 ,

2153 3011 2254 3065 οὐκ
2285 3008 2381 3064 οἶδ’
2425 3012 2453 3064 ὅ
2485 3029 2539 3065 τι
2575 3011 2712 3065 ποτὲ
2754 3011 2966 3082 τρανῶς
3004 3015 3306 3084 παριστᾶσι
3338 3013 3453 3084 (60)
3485 3015 3616 3086 περὶ
3655 3015 3756 3086 τῆς

2153 3101 2495 3167 ἀπολωλυίας
2543 3103 2920 3174 πνευματικῆς
2975 3103 3190 3172 φύσεως
3216 3143 3232 3168 ,
3273 3104 3428 3158 οὐδὲν
3477 3105 3652 3174 σαφὲς
3678 3105 3758 3157 δι-

467 3215 590 3268 qua:
622 3199 778 3252 fuere
827 3206 956 3252 ante
1006 3197 1180 3266 ipsam
1229 3193 1589 3264 perditionem
1637 3208 1864 3263 :neque
1903 3195 2047 3248 enim

2173 3193 2443 3258 ῑάσκοντες
2478 3196 2624 3265 ἡμᾶς
2666 3194 2792 3265 περὶ
2836 3194 2944 3247 τῶν
2981 3195 3086 3266 πρὸ
3125 3195 3225 3266 τῆς
3273 3194 3553 3260 ἀπωλείας
3582 3195 3758 3266 αὐτῆς

471 3290 825 3346 manifestare
867 3288 1052 3342 valent
1089 3287 1361 3340 rationem
1389 3299 1546 3340 suam
1581 3302 1600 3339 :
1630 3286 1774 3341 hanc
1811 3291 1881 3340 ob
1919 3301 2047 3341 cau-

2173 3285 2383 3357 [ρόνων,
2417 3285 2454 3356 ἦ
2487 3263 2746 3340 αἰώνων-ί
2767 3286 2890 3339 οὐδὲ
2925 3263 3038 3357 γὰρ
3069 3263 3302 3358 τρανοῦν
3327 3287 3590 3341 δύνανται
3625 3263 3757 3340 εαυ-

467 3397 585 3437 sam
617 3380 1070 3452 prattermisimus
1103 3379 1248 3450 ipsos
1287 3387 1520 3449 sponte,
1563 3378 1830 3433 hactenus
1873 3378 2053 3448 dispu-

471 3486 617 3530 tasse
647 3472 912 3543 contenti.

539 3567 632 3622 21.
666 3585 685 3619 ι
723 3565 961 3636 Spiritus
995 3574 1080 3618 est
1115 3563 1278 3629 Deus,
1303 3571 1359 3617 et
1393 3577 1487 3617 eos
1515 3563 1606 3633 qui
1643 3563 1870 3617 adorant
1898 3577 2046 3626 eum,

468 3659 524 3714 in
553 3657 751 3726 spiritu
773 3663 828 3710 et
858 3655 1088 3709 veritate
1104 3663 1320 3724 oportet
1344 3654 1578 3709 adorare
1595 3655 1664 3710 “.
1691 3673 1711 3706 ι
1737 3654 1871 3710 Cum
1895 3656 2047 3710 multi

469 3749 641 3805 multa
661 3750 728 3804 de
760 3749 868 3802 Deo
891 3747 1067 3816 deque
1091 3745 1209 3815 ejus
1237 3747 1479 3802 essentia
1499 3748 1864 3812 enuntiarint,
1912 3748 2048 3803 adeo

471 3851 528 3894 ut
548 3839 766 3910 quidam
795 3837 946 3892 illum
976 3851 1272 3908 corporeae,
1302 3845 1356 3892 et
1380 3838 1578 3902 tenuis,
1603 3846 1659 3892 et
1680 3838 1921 3893 celestis
1947 3854 2047 3892 na-

469 3941 602 3986 tura:
634 3930 897 3993 dixerint,
930 3927 1022 3982 alii
1060 3929 1436 3998 incorporeas;
1470 3943 1686 3983 rursum
1735 3928 1828 3982 alii
1876 3930 2044 3985 Deum

465 4024 565 4079 has
599 4029 825 4079 naturas
862 4021 1257 4076 transcendere
1299 4019 1546 4075 dixerint
1588 4022 1831 4091 potentia
1862 4032 1916 4075 et
1950 4035 2048 4076 ex-

459 4115 720 4172 cellentia
742 4113 1002 4169 essentia:
1037 4127 1368 4181 sum,oper:e
1396 4113 1638 4182 pretium
1667 4123 1756 4168 est
1784 4122 1841 4167 ut
1862 4114 2049 4169 videa-

466 4223 588 4262 mus
621 4221 691 4261 an
740 4223 770 4260 a
803 4204 1111 4274 Scriptnris
1147 4203 1350 4258 divinis
1406 4204 1708 4261 habeamus
1739 4219 1934 4261 causas
1978 4205 2046 4260 ad

467 4297 757 4354 dicendum
773 4296 974 4367 aliquid
999 4296 1071 4352 de
1088 4295 1181 4351 Dei
1207 4296 1470 4351 essentia.
1498 4301 1675 4367 Atque
1699 4299 1803 4353 hoc
1827 4297 2044 4368 quidem

468 4390 675 4445 inloco
703 4388 904 4444 dicitur
953 4387 1106 4458 quasi
1154 4387 1390 4443 essentia
1427 4386 1545 4455 ejus
1595 4403 1718 4443 esse
1768 4389 2042 4458 spiritus:

471 4500 494 4534 ο
527 4479 763 4551 Spiritus
799 4478 944 4533 enim
986 4490 1072 4534 est
1114 4479 1257 4534 Deus
1283 4521 1298 4546 ,
1334 4496 1355 4530 ι
1387 4479 1604 4548 inquit;
1640 4480 1692 4534 in
1747 4481 1863 4551 lege
1911 4497 2043 4537 vero

467 4574 612 4645 ignis
632 4573 870 4630 dicitur:
908 4571 1169 4640 scriptum
1193 4582 1279 4626 est
1314 4573 1463 4627 enim
1492 4574 1537 4605 ³⁸
1571 4589 1584 4624 :
1620 4590 1640 4622 ι
1680 4571 1823 4627 Deus
1853 4582 2044 4628 noster

465 4667 610 4737 ignis
631 4677 966 4719 consumens
1012 4673 1096 4718 est
1138 4679 1154 4727 ;
1195 4681 1214 4715 ι
1257 4665 1399 4733 apud
1430 4664 1694 4719 Joannem
1741 4680 1872 4720 vero
1899 4664 1988 4720 lux
2025 4679 2038 4712 =

469 4775 490 4810 ι
531 4760 673 4812 Deus
705 4756 878 4820 enim,
908 4755 1105 4824 inquit,
1138 4754 1227 4808 lux
1261 4763 1366 4818 est,
1395 4765 1449 4810 et
1485 4757 1722 4812 tenebrm
1747 4757 1800 4811 in
1836 4771 1904 4812 eo
1937 4771 2044 4811 non

463 4858 588 4903 sunt
619 4847 741 4902 ulla:
761 4847 828 4902 ”.
862 4865 888 4900 ι.
908 4846 964 4900 Si
984 4861 1112 4916 ergo
1134 4845 1435 4915 simplicius
1453 4845 1568 4902 haec
1590 4847 2044 4914 intellexerimus,

465 4939 600 4992 nihil
633 4939 773 4992 ultra
813 4937 1051 4993 litteram
1098 4946 1530 5007 perscrutantes,
1564 4939 1915 4994 occasionem
1945 4941 2041 4994 ha-

463 5029 714 5084 bebimus
744 5025 956 5082 dicendi
1005 5027 1171 5083 Deum
1216 5042 1340 5084 esse
1366 5043 1586 5096 corpus,
1631 5044 1756 5083 cum
1800 5029 2042 5096 interim,

463 5133 704 5188 quantos
730 5127 1026 5187 sequantur
1051 5118 1288 5174 absurda
1328 5117 1433 5174 hoc
1460 5117 1707 5174 dicentes
1734 5120 2041 5189 vulgarium

462 5227 569 5264 non
591 5212 662 5265 sit
697 5225 964 5266 cernere:
999 5210 1128 5280 quia
1165 5210 1328 5278 pauci
1361 5210 1814 5266 disseruerintde
1851 5227 2044 5283 corpo-

463 5317 584 5357 rum
610 5312 827 5370 natura,
856 5310 914 5358 et
947 5303 1187 5357 maxime
1216 5302 1284 5359 de
1319 5303 1406 5359 his
1446 5305 1772 5374 corporibus
1798 5322 1918 5377 qua:
1947 5323 2041 5361 or—

533 5445 578 5475 "
603 5444 762 5500 Joan.
791 5459 865 5509 tv,
895 5443 988 5498 25.
1051 5446 1096 5476 ”
1124 5443 1278 5500 Joan.
1314 5460 1357 5509 ι,
1380 5444 1434 5499 5.
1530 5446 1575 5477 ⁸⁵
1604 5444 1760 5500 .loan.
1790 5461 1866 5510 tv,
1903 5447 1993 5503 23.

459 5514 550 5570 34.
644 5516 689 5546 "
728 5516 991 5581 Dent.'tv,
1016 5514 1086 5568 24
1117 5532 1132 5581 ;
1168 5514 1330 5570 Hebr.
1356 5530 1452 5582 ιιι,
1476 5513 1569 5573 9.9.
1651 5515 1696 5547 ³⁰
1726 5516 1743 5569 l
1773 5515 1933 5572 Joau.
1957 5533 1996 5584 t,
2027 5520 2082 5577 5.

506 5654 648 5761 c(58)
707 5652 1093 5723 Ἦγούμενος.
1159 5651 1402 5724 Legebat
1454 5654 1740 5712 Ferrarius
1812 5656 2035 5730 διηγοῦ-ν

674 5796 744 5848 El
775 5792 950 5861 ζητεῖ.
983 5793 1075 5848 Sic
1105 5794 1276 5850 codex
1307 5794 1630 5851 Bodleiantts
1653 5813 1665 5850 :
1691 5796 1914 5870 Regius,
1945 5801 2036 5853 ὲκ-

463 5879 630 5915 ιητει.

460 5881 630 5932 ςητει.

2075 4623 2120 4676 D

2149 3382 2260 3436 τῶν
2310 3381 2402 3434 τὸν
2455 3379 2640 3449 λόγον·
2684 3380 2778 3434 διὰ
2831 3379 2992 3433 τοῦτο
3043 3381 3241 3444 αὐτοὺς
3303 3382 3528 3447 ἑκόντες
3579 3399 3758 3455 παρα-

2151 3471 2483 3544 πεμψόμεθα
2505 3513 2520 3535 ,
2544 3471 2800 3526 τοσοῦτον
2829 3473 3295 3545 ὲπαπορήσαντες.

2221 3563 2312 3618 21.
2341 3583 2360 3614 ι
2394 3563 2619 3635 Πνεῦμα
2657 3566 2684 3617 6
2713 3563 2866 3628 Θεὸς,
2893 3565 2988 3618 καὶ
3012 3567 3138 3628 τούς
3175 3565 3628 3638 προσκυνοῦντας
3656 3570 3760 3622 αὐ-

2151 3655 2265 3721 τὸν,
2295 3657 2356 3710 ὲν
2381 3656 2656 3728 πνεύματι
2686 3658 2784 3711 καὶ
2810 3657 3040 3730 ἀληθείᾳ
3059 3657 3140 3710 δεῖ
3167 3662 3530 3729 προσκυνεῖν.
3567 3681 3586 3712 ι
3617 3663 3758 3714 Πολ-

2151 3745 2259 3799 λῶν
2289 3745 2462 3800 πολλά
2500 3747 2628 3818 περὶ
2662 3745 2759 3800 τοῦ
2789 3747 2925 3800 Θεοῦ
2971 3749 3416 3821 ἀποφηναμένων
3446 3793 3458 3817 ,
3502 3752 3600 3805 καὶ
3654 3754 3757 3821 τῆς

2151 3837 2340 3901 οὐσίας
2375 3837 2560 3903 αὐτοῦ,
2613 3837 2754 3893 ὥστε
2792 3838 2945 3904 τινάς
2978 3839 3077 3911 μὲν
3111 3841 3392 3912 εἰρηκέναι
3439 3843 3539 3896 καὶ⁸
3590 3845 3757 3898 αὐτὸν

2153 3928 2263 4000 (61)
2326 3931 2649 4001 σωματικῆς
2692 3931 2910 4001 φύσεως
2943 3933 3319 4005 λεπτομεροῦς
3363 3936 3462 3988 καὶ
3517 3936 3756 4006 αἰθερώ-

2150 4020 2294 4084 δους,
2325 4020 2476 4084 τινὰς
2505 4022 2564 4075 δὲ
2592 4022 2924 4093 ἀσωμάτου,
2980 4025 3075 4077 καὶ
3116 4025 3313 4091 ἄλλους
3358 4029 3501 4098 ὑπὲρ
3570 4031 3758 4081 ἐκεῖνα

2149 4111 2337 4176 οὐσίας
2375 4114 2646 4186 πρεσϐείᾳ
2687 4117 2785 4168 καὶ.
2836 4115 3108 4189 δυνάμει,
3163 4117 3312 4184 ἀξιον
3347 4121 3498 4191 ἡμᾶς
3537 4121 3668 4175 ἰδεῖν
3702 4123 3760 4192 ἐί

2149 4205 2346 4276 ἔχομεν
2395 4207 2652 4278 ἀφορμὰς
2695 4208 2803 4262 ἀπὸ
2863 4209 2971 4263 τῶν
3030 4211 3191 4265 θείων
3225 4211 3264 4262 Γ
3272 4213 3464 4282 ραφῶν
3512 4217 3656 4284 πρὸς
3695 4215 3760 4267 :6

2150 4298 2327 4350 εἰπεῖν
2361 4314 2414 4352 τι
2454 4300 2582 4370 περὶ⁸
2631 4299 2819 4364 οὐσίας
2847 4299 3007 4356 Θεοῦ.
3062 4302 3281 4356 Ἐνθὰδε
3317 4305 3418 4375 μὲν
3459 4301 3559 4358 οὖν
3594 4306 3756 4375 λέγε-

2147 4407 2238 4444 ται
2267 4390 2432 4443 οἱονεὶ
2456 4392 2617 4446 οὐσία
2647 4388 2785 4446 εἶναι
2815 4393 2980 4447 αὐτοῦ
3007 4394 3068 4448 τὸ
3101 4394 3321 4462 πνεῦμα
3349 4413 3361 4426 ·
3407 4415 3426 4448 ι
3469 4397 3704 4469 Πνεῦμα
3728 4418 3752 4449 ι

2149 4481 2262 4554 γὰρ
2281 4503 2298 4535 ι
2329 4485 2356 4536 ὁ
2372 4483 2525 4548 Θεὸς,
2547 4505 2565 4537 ι
2598 4486 2762 4556 φησίν
2779 4503 2792 4516 ·
2819 4487 2880 4540 ὲν
2901 4486 2961 4540 ’δὲ
2983 4486 3060 4558 τῷ
3083 4489 3255 4560 Νόμῳ
3275 4488 3411 4560 πῦρ·
3436 4490 3757 4562 γέγραπται

2148 4574 2277 4645 γάρ’
2305 4594 2323 4626 ι
2347 4575 2404 4630 '0
2430 4575 2561 4640 Θεὸς
2587 4576 2744 4646 ἡμῶν
2771 4576 2884 4649 πῦρ
2915 4578 3314 4632 καταναλίσκον
3331 4596 3343 4606 ·
3361 4599 3380 4629 ι
3412 4581 3568 4652 παρά
3587 4582 3645 4634 δὲ
3676 4581 3758 4652 τῷ

2162 4665 2387 4738 Ἰωάννῃ
2401 4667 2547 4736 φῶς·
2574 4688 2592 4719 ι
2633 4670 2690 4722 '0
2719 4669 2851 4733 Θεὸς
2876 4689 2894 4720 ι
2921 4671 3048 4741 γὰρ,
3079 4670 3236 4740 φησὶ,
3269 4688 3290 4722 ι
3320 4671 3442 4741 φῶς
3479 4674 3624 4737 ἐστι,
3659 4674 3758 4727 καὶ

2151 4758 2342 4812 σκοτία
2371 4761 2428 4812 ἐν
2461 4760 2611 4832 αὐτῷ
2652 4763 2753 4815 οὐκ
2786 4762 2934 4816 ἔστιν
2987 4762 3236 4833 οὐδεμία.
3269 4781 3287 4814 ι
3343 4765 3471 4818 Ἐὰν
3520 4767 3620 4836 μὲν
3658 4763 3759 4822 οὖν

2152 4850 2520 4924 ἁπλούστερον
2573 4853 2781 4907 τούτων
2819 4855 3175 4926 ἀκούσωμεν,
3225 4857 3396 4928 μηδὲν
3445 4859 3595 4930 πέρα
3652 4861 3760 4930 τῆς

2150 4942 2348 5009 λέξεως
2412 4945 2943 5018 περιεργαζόμενοι,
3005 4948 3126 5019 ὥρα
3166 4951 3297 5021 ἡμῖν
3347 4949 3533 5020 λέγειν
3589 4953 3759 5023 σῶμα.

2151 5031 2288 5088 εἶναι
2336 5036 2430 5091 τὸν
2480 5039 2659 5092 Θεόν··
2693 5040 2815 5093 τίνα
2879 5040 2933 5093 δὲ
2995 5043 3146 5113 ἡμᾶς
3207 5041 3519 5112 διαδέχεται
3570 5044 3760 5097 ἄτοπα

2151 5128 2307 5182 τοῦτο
2344 5129 2600 5200 λέγοντας
2643 5131 2703 5184 οὐ
2752 5130 2864 5184 τῶν
2904 5133 3115 5187 πολλῶν
3152 5135 3301 5188 ἐστὶν
3342 5137 3581 5192 εἰδέναι·
3634 5137 3761 5189 ὀλί-

2151 5239 2237 5291 γοι
2287 5223 2396 5294 γὰρ
2449 5224 2757 5296 διειλήφασι
2827 5229 2955 5298 περί
2999 5228 3099 5297 τῆς
3141 5228 3252 5282 τῶν
3308 5231 3583 5300 σωμάτων
3646 5231 3761 5300 φύ-

2154 5329 2291 5378 σεως
2317 5353 2333 5380 ,
2393 5317 2488 5369 καὶ
2531 5315 2765 5386 μάλιστα
2811 5316 2920 5370 τῶν
2973 5316 3079 5370 ὐπὸ
3127 5316 3288 5386 λόγου
3334 5321 3433 5373 καὶ
3487 5323 3765 5391 προνοίας

2101 5448 2146 5481 ’⁸
2174 5451 2304 5510 Luc.
2338 5470 2453 5523 χιι,
2483 5455 2572 5508 lt).
2653 5455 2695 5486 ³⁷
2733 5454 2866 5511 Luc.
2895 5472 2988 5520 xv,
3020 5458 3073 5525 4,
3108 5458 3166 5512 ll
3196 5472 3317 5528 seq.
3391 5458 3442 5492 ’⁸
3465 5457 3629 5515 Joan.
3674 5477 3760 5529 tv,

2218 5658 2330 5732 (60)
2358 5658 2543 5715 Codex
2579 5658 2780 5729 Regius
2830 5663 3152 5731 παριστᾶσι,
3205 5658 3536 5716 Bodleianus
3581 5676 3764 5732 περι-

2382 5799 2564 5855 Codex
2604 5797 2939 5868 Bodleiauus
3006 5802 3100 5855 καὶ
3145 5800 3345 5869 αὐτόν,
3396 5798 3599 5872 Regius
3654 5797 3766 5882 καὶ

2150 5885 2178 5921 τ
2212 5886 2260 5922 ν.

2148 5885 2240 5922 τον
2249 5908 2260 5922 ο
