3826 6530
88 419 172 474 ιὸδ

1154 420 1516 476 COMMENT.
1557 419 1624 473 ΙΝ
1659 417 1848 474 JOAN.
1895 417 2132 474 TOMUS
2172 417 2310 475 Xlll.

3235 430 3338 484 ιδι

86 535 614 605 κατακοσμουμένων
637 554 652 568 ο
707 537 884 591 καίτοι
915 538 976 590 τὸ
1027 539 1290 610 προνοοῦν
1341 538 1442 610 τῆς
1501 537 1639 608 αὐτῆ

1773 546 1971 592 nantur
2001 539 2214 594 ratione
2261 546 2316 593 et
2353 538 2692 608 providentia
2720 556 2734 594 :
2759 554 3064 612 quanquam
3101 550 3338 616 generali

86 629 246 690 οὗσίας
291 626 571 696 λέγοντες
633 627 773 684 εἶναι
826 633 936 693 τοῖς
988 632 1407 702 προνοουμένοις
1463 630 1670 700 γενωιῷ

85 719 198 787 λόγῳ
220 735 234 749 ·
282 718 508 772 τέλειον
565 721 726 791 ὅμως
781 723 874 775 καὶ
922 722 1132 775 ἀλλοῖον
1182 721 1280 775 τοῦ
1333 721 1670 792 προνοουμέ-

84 830 154 865 νου
184 811 312 881 (δε).
351 813 759 884 Παρεδέξαντο
798 815 855 868 δὲ
897 813 964 867 τὰ
1014 816 1338 868 ἀπαντῶντα
1394 814 1472 885 τῷ
1524 813 1668 884 λόγῳ

87 905 237 959 αὐτῶν
265 905 455 959 ἄτοπα
490 908 548 960 οἱ
605 907 852 970 θέλοντες
896 905 1036 960 εἶναι
1069 908 1229 978 σῶμα
1257 907 1347 960 τὸν
1373 906 1505 959 Θεὸν
1531 905 1662 976 (65),

82 998 158 1050 ἅτε
187 994 256 1065 μὴ
286 995 596 1066 δυνάμενοι
621 997 964 1051 ἀντιϐλέπειν
987 1000 1052 1050 ὲκ
1071 998 1234 1066 λόγου
1260 997 1506 1070 ἐναργῶς
1525 1013 1668 1068 παρ-

84 1087 364 1157 ισταμένας
405 1088 552 1160 (δι).
578 1089 770 1144 Ταῦτα
818 1091 874 1144 δέ
919 1107 1061 1161 φημι
1125 1090 1248 1143 καθ’
1315 1089 1662 1158 ὑπεξαίρεσιν

79 1180 168 1232 τῶν
206 1179 472 1249 πέμπτην
527 1179 803 1248 λεγόντων
846 1176 983 1234 εἶναι
1025 1180 1188 1250 φύσιν
1237 1180 1351 1251 (65)
1395 1179 1662 1250 σωμάτων

78 1270 204 1341 παρὰ
223 1269 296 1322 τὰ
331 1273 609 1340 στοιχεῖα.
644 1271 706 1324 Et
733 1271 790 1324 δὲ
818 1272 924 1324 πᾶν
953 1271 1113 1343 σῶμα
1143 1271 1325 1326 ὑλικὸν
1351 1270 1464 1341 ἔχει
1502 1270 1660 1339 φύσιν

79 1361 140 1431 τῷ
167 1361 274 1430 ἰδίῳ
299 1360 449 1430 λόγῳ
483 1361 686 1415 ἄποιον
719 1363 1001 1433 τυγχάνον,
1043 1363 1282 1437 τρεπτὴν
1314 1363 1372 1416 δὲ
1393 1404 1407 1426 ,
1437 1362 1531 1415 καὶ
1565 1362 1660 1415 ἀλ-

77 1453 314 1526 λοιωτὴν,
355 1457 454 1510 καὶ
502 1457 576 1511 δι’
625 1458 766 1511 ὅλων
801 1456 1147 1527 μεταϐλητὴν
1172 1496 1187 1520 ,
1218 1456 1314 1509 καὶ
1366 1455 1658 1524 ποιότητας

78 1545 356 1616 χωροῦσαν,
375 1545 464 1609 ἃς,
489 1548 594 1602 ἐὰν
634 1549 892 1620 βούληται
931 1549 1067 1618 αὐτῇ
1116 1546 1448 1617 περιτιθέναι
1485 1547 1514 1597 ὁ
1554 1546 1658 1616 Δη-

80 1635 343 1707 μιουργὺς,
371 1638 602 1710 ἀνάγκη
636 1639 848 1692 καὶτὸν
871 1639 1003 1692 Θεὸν
1050 1637 1230 1691 ὑλικὸν
1265 1637 1393 1690 ὄντα
1422 1636 1657 1707 τρεπτὸν

78 1723 219 1790 εἶναι,
257 1729 355 1782 καὶ
398 1729 742 1796 ἀλλοιωτὸν,
778 1732 874 1784 καὶ
925 1722 1279 1801 μεταϐλητόν.
1317 1729 1425 1781 Καὶ
1456 1729 1656 1781 ἐκεῖνοι

77 1821 158 1890 μὲν
180 1821 273 1874 οὐκ
307 1820 598 1876 αἰδοῦνται
629 1823 831 1891 λέγειν,
857 1825 940 1876 ὅτι
965 1823 1058 1876 καὶ
1081 1822 1319 1894 φθαρτὸς
1349 1821 1465 1874 ἐστι
1494 1820 1653 1890 σῶμα

1770 643 2023 684 sermone
2058 631 2239 685 dicant
2260 630 2631 700 providentem
2659 639 2716 685 et
2751 634 3165 702 prospicientem
3193 639 3338 707 eius-

1767 720 1890 774 dem
1933 723 2186 778 essentize
2238 737 2364 778 esse
2415 737 2536 776 cum
2580 722 2666 778 his
2715 724 2916 793 quibus
2971 729 3336 798 prospicitur;

1767 813 2067 882 perlectum
2117 823 2300 870 tamen
2345 825 2401 870 et
2431 813 2702 894 diversum
2745 817 2814 872 ab
2851 833 2917 873 eo
2949 822 3038 876 cui
3069 824 3337 891 prospici-

1768 913 1874 960 tur.
1920 906 2276 962 Admiserunt
2323 918 2527 975 autem,
2583 926 2704 980 qua:
2739 915 3109 983 repugnabant
3137 915 3334 968 rationi

1766 994 2026 1062 ipsorum,
2074 996 2336 1061 absurda.
2378 1000 2468 1068 qui
2506 1001 2695 1056 volunt
2738 1003 2906 1057 Deum
2945 1018 3066 1058 esse
3114 1019 3337 1075 corpus.

1722 1116 1742 1126 -
1764 1086 1922 1156 231
1953 1086 2080 1155 quia
2115 1102 2220 1142 non
2252 1088 2498 1145 valerent
2525 1101 2710 1148 contra
2747 1107 2841 1149 eos
2857 1095 2947 1164 qui
2978 1095 3260 1151 evidenter
3281 1106 3336 1153 et

1765 1176 2162 1232 rationabiliter
2185 1180 2520 1247 pugnabant,
2547 1183 2807 1239 resistere
2834 1203 2848 1239 :
2880 1199 3001 1254 qua
3035 1186 3155 1242 dico
3181 1188 3335 1242 exci-

1763 1265 1958 1330 piendo
1982 1282 2078 1322 eos
2107 1268 2199 1337 qui
2229 1269 2475 1337 quintam
2525 1283 2776 1326 naturam
2805 1287 3096 1343 corporum
3133 1283 3332 1344 praeter

1759 1357 2027 1413 elementa
2057 1371 2182 1413 esse
2212 1359 2424 1416 dicunt.
2452 1359 2604 1426 Quod
2637 1361 2682 1416 si
2727 1377 2892 1417 omne
2924 1378 3124 1434 corpus
3156 1375 3328 1420 mate-

1760 1447 1896 1503 riale
1923 1457 2172 1503 naturain
2201 1449 2366 1505 habet
2398 1453 2616 1522 propria
2654 1453 2866 1508 ratione
2913 1456 3032 1509 sine
3059 1457 3328 1524 qualitate

1759 1540 2049 1605 exsistens,
2076 1540 2378 1596 vertibilem
2437 1555 2640 1608 autem,
2665 1553 2718 1617 et
2767 1545 3102 1601 alterabilem
3143 1556 3199 1603 et
3229 1563 3327 1617 per

1757 1631 1941 1685 omnia
1974 1631 2312 1698 mutabilem,
2339 1642 2395 1688 et
2422 1616 2713 1703 qualitates
2747 1637 3053 1706 capientem
3079 1616 3324 1708 quasilli

1759 1721 1943 1775 mundi
1997 1719 2191 1790 Opifex
2227 1721 2545 1790 imprimere
2599 1724 2855 1792 voluerit,
2886 1727 3050 1782 etiam
3101 1744 3328 1784 necesse

1755 1821 1843 1867 est
1879 1811 2050 1866 Deum
2083 1812 2418 1867 materialem
2444 1815 2822 1883 exslstentem,
2858 1819 3159 1873 vertibilem
3184 1835 3326 1888 esse,

75 1911 162 1976 ὢν,
189 1912 342 1982 σῶμα
377 1913 440 1968 δὲ
469 1889 855 1985 πνευματικὸν
879 1954 894 1979 ,
936 1914 1030 1968 καὶ
1061 1889 1387 1985 αἰθερῶδες,
1421 1889 1640 1984 μάλιστα

1758 1913 1813 1959 et
1841 1902 2203 1969 alterabilem,
2248 1913 2304 1958 et
2343 1904 2694 1973 mutabilem;
2731 1916 2788 1961 et
2816 1907 2940 1963 illos
2970 1911 3189 1978 quidem
3219 1928 3326 1967 non

75 2002 192 2054 κατὰ
213 2002 272 2054 τὸ
293 2004 642 2075 ἡγεμονικὸν
667 2004 833 2058 αὐτοῦ
853 2020 868 2034 °
903 2004 1140 2076 φθαρτὸν
1173 2004 1232 2057 δὲ
1250 2003 1379 2058 ὄντα
1405 2002 1481 2074 μὴ
1508 2002 1657 2072 φθεί-

77 2093 330 2166 ρεσθαι-τῷ
364 2095 445 2167 μὴ
471 2092 625 2152 εἶναι
660 2097 753 2152 τὸν
795 2096 1083 2167 φθείροντα
1117 2095 1228 2166 (66)
1263 2095 1425 2149 αὐτὸν
1464 2095 1657 2164 λέγου-

76 2199 158 2235 σιν.
196 2185 383 2255 Ἡμεῖς
406 2187 491 2249 δὲ,
527 2187 623 2240 διὰ
662 2187 726 2240 τὸ
762 2186 835 2257 μὴ
868 2187 1003 2256 ὁρᾷν
1050 2186 1149 2250 τὰς
1182 2184 1526 2249 ἀκολουθίας,
1560 2185 1654 2238 ἐὰν

75 2274 206 2346 σῶμα
231 2277 390 2332 αὐτὸν
421 2277 695 2347 λέγοντες
727 2279 860 2350 (67),
895 2279 990 2333 atat
1021 2277 1111 2332 διὰ
1149 2277 1248 2348 τὴν
1283 2277 1508 2348 Γραφὴν
1546 2293 1656 2329 τοι-

73 2366 200 2421 οὗτόν
225 2386 278 2422 τι
301 2370 467 2441 σῶμα
487 2411 505 2434 ,
544 2371 771 2441 πνεῦμα
790 2412 805 2435 ,
836 2371 929 2425 καὶ
963 2369 1074 2442 πῦρ
1104 2369 1520 2432 καταναλίσκον,
1554 2369 1649 2422 καὶ

74 2459 182 2526 φῶς,
209 2461 268 2514 τὸ
294 2463 629 2532 ἀναγκαίως
653 2463 765 2533 (68)
791 2462 1052 2534 ἑπόμενον
1073 2461 1284 2525 τούτοις
1310 2461 1385 2532 μὴ
1416 2459 1649 2532 παραδε-

126 2613 224 2683 (6Ξ)
261 2616 456 2684 Ὅμως
491 2616 601 2669 καὶ
638 2615 893 2670 ἀλλοῖον
932 2616 1038 2670 τοῦ
1069 2614 1539 2685 προνοουμένου.
1567 2613 1644 2685 lla

73 2681 916 2784 iiiis:i'ﬁziissﬁesm‘an";
966 2687 1021 2741 ίη
1073 2681 1243 2755 κθείο
1295 2681 1496 2748 ³ί¹ιθ¹¹¹’
1529 2682 1646 2737 ἀλλ’

69 2755 232 2837 clavas?
254 2755 492 2837 προνοού
501 2772 697 2825 μενον.
741 2821 767 2837 .
966 2826 992 2837 η

125 2823 223 2894 (63)
257 2821 320 2878 Ol
362 2821 666 2890 θέλοντες
707 2821 861 2880 εἶναι
909 2826 1083 2896 σῶμα
1127 2824 1236 2879 τὸν
1285 2826 1470 2890 Θεόν,
1523 2834 1630 2879 etc.

72 2888 244 2972 Eadem
286 2894 561 2972 Origenes
606 2895 1025 2972 ratiocinatione
1069 2896 1238 2950 utitur
1276 2895 1373 2972 li_b.
1415 2910 1452 2949 ιι
1474 2893 1631 2972 ’Περὶ

70 2960 263 3036 ἀρχῷν,
301 2960 426 3032 cap.
463 2965 500 3018 4
526 2981 542 3016 :
568 2981 589 3015 ι
614 2965 672 3018 Si
704 2980 896 3033 corpus
919 2979 1042 3036 esse,
1074 2964 1451 3036 pronuntietur
1474 2960 1632 3029 Deus,

72 3033 296 3103 quoniam
325 3049 498 3088 omne
532 3049 744 3103 corpus
767 3050 833 3089 ex
856 3033 1086 3089 materia
1116 3044 1222 3100 est,
1256 3035 1561 3089 invenietur
1580 3042 1636 3089 et

72 3099 187 3154 Deus
218 3117 351 3173 esse
394 3120 468 3158 ex
513 3099 760 3158 materia
809 3121 822 3157 :
861 3105 1004 3173 quod
1035 3106 1081 3159 si
1131 3099 1214 3158 exi
1245 3104 1472 3159 materia
1519 3107 1634 3169 sit,

72 3171 262 3244 materia
286 3183 473 3244 autem
511 3173 640 3228 sine
667 3174 831 3228 dubio
852 3171 1224 3243 corruptibilis
1250 3183 1351 3244 est,
1373 3174 1486 3244 erit
1507 3187 1636 3244 ergo

1754 1993 1918 2062 pudet
1945 1993 2130 2049 dicere
2159 1995 2325 2050 Deum
2355 1995 2763 2065 corruptibilem
2795 2012 2940 2064 esse,
2976 2013 3180 2069 corpus
3201 2015 3325 2055 cum

1751 2085 1854 2150 sit;
1889 2086 1984 2140 sed
2005 2099 2206 2156 corpus
2243 2086 2526 2156 spirituale
2553 2096 2608 2142 et
2653 2088 2897 2154 cceleste,
2927 2092 3199 2161 praecipue
3233 2107 3324 2148 se-

1751 2179 1988 2232 cundum
2026 2179 2392 2248 principatum
2435 2181 2647 2251 ipsius:
2684 2184 3167 2254 corruptibilisque
3199 2202 3323 2242 cum

1752 2269 1845 2333 sit,
1871 2269 2083 2327 idcirco
2114 2285 2240 2327 eum
2289 2287 2395 2327 non
2447 2275 2746 2344 corrumpi,
2792 2275 2932 2344 quod
2982 2291 3088 2331 non
3128 2278 3327 2333 habeat

1756 2371 2223 2432 corrumpentem.
2252 2363 2324 2418 At
2351 2379 2474 2431 nos,
2497 2378 2562 2420 eo
2587 2367 2733 2434 quod
2761 2381 2868 2421 non
2885 2367 3166 2423 videamus
3191 2383 3324 2424 con-

1753 2455 2062 2522 sequentia,
2097 2454 2145 2510 si
2172 2469 2376 2526 corpus
2423 2470 2546 2512 eum
2595 2458 2910 2526 dixerimus,
2947 2467 3004 2514 et
3045 2474 3142 2528 per
3175 2462 3325 2518 Scri»

1755 2610 1996 2685 Platoni,
2024 2612 2305 2667 Aristoteli
2335 2623 2390 2668 et
2413 2613 2717 2685 Porphyriu
2751 2629 3068 2683 persuasum
3099 2616 3219 2670 fuit.
3252 2618 3324 2672 At

1754 2696 1784 2752 a
1829 2682 1936 2752 Deo
1964 2690 2147 2752 tamen
2171 2696 2386 2738 omnem
2417 2682 2962 2752 coagmentat’ionem,
2986 2687 3126 2740 unde
3147 2688 3322 2741 oritur

1755 2750 2318 2821 interitus,__l:‘.picurus
2358 2750 2746 2821 abjudicabat;
2781 2756 2922 2809 unde
2951 2754 3028 2808 ait
3071 2756 3210 2820 apud
3234 2756 3322 2811 Ci-

1736 2834 1990 2892 ceronem
2025 2817 2298 2886 Velleius,
2341 2839 2361 2873 ι
2402 2817 2630 2876 Deorum
2665 2817 2788 2877 esse
2831 2838 2936 2877 non
2971 2817 3189 2892 corpus,
3223 2825 3318 2879 sed

1735 2890 2138 2961 quasicorpus;
2159 2903 2265 2961 non
2289 2892 2624 2960 sanguinem,
2649 2893 2742 2947 sed
2760 2893 2914 2961 quasi
2936 2890 3312 2959 sanguinema

1739 2958 1906 3015 Stoici
1948 2968 2130 3013 autem
2159 2958 2330 3012 Deum
2358 2958 2679 3027 corporeum
2707 2958 2828 3016 esse
2866 2958 3218 3026 deﬁniebant,
3255 2971 3318 3016 ut

1737 3038 1934 3098 praeter
1959 3028 2096 3098 alios
2128 3039 2322 3084 auctor
2351 3039 2434 3084 est
2455 3028 2718 3097 Origenes
2746 3031 2840 3083 lib.
2887 3046 2926 3095 ι,
2965 3045 3049 3095 ιιι,
3077 3045 3130 3084 iv
3160 3041 3216 3085 et
3254 3047 3309 3085 vt

1737 3096 1923 3170 contra
1947 3096 2180 3170 celsum.
2220 3099 2302 3153 Ab
2335 3096 2824 3170 Epicureisautem
2871 3107 2928 3153 et
2952 3099 3152 3154 Stoicis
3189 3116 3316 3170 pro-

1738 3167 1938 3240 fectum
1985 3167 2090 3222 hoc
2135 3177 2524 3240 commentum,
2567 3167 3027 3235 Christianorum,
3060 3167 3314 3240 deinceps

71 3238 154 3304 iam
183 3242 485 3296 secundum
509 3244 640 3296 illos
669 3230 1036 3310 corruptibilis
1062 3245 1221 3300 Dens.
1254 3261 1272 3294 ι
1299 3230 1349 3294 Α’
1368 3243 1474 3297 Deo
1501 3230 1633 3311 qui).
1661 3230 1704 3289 C
1736 3236 2115 3311 haereticorum
2170 3237 2377 3311 aliquot
2431 3230 2640 3292 mentes
2686 3240 2990 3311 occupavit.
3013 3230 3111 3292 'At
3156 3230 3314 3293 Chri-

70 3322 154 3380 que
187 3325 384 3380 corpus
421 3312 719 3377 abjudicat
761 3312 952 3366 liomil.
989 3312 1012 3365 1
1059 3323 1114 3368 et
1143 3314 1176 3367 '5
1215 3315 1271 3366 in
1311 3311 1526 3374 Genet.
1566 3324 1622 3368 et

67 3377 332 3437 Comment.
363 3384 424 3435 in
459 3381 688 3436 Cantia.
732 3393 786 3437 et
823 3382 918 3435 lib.
957 3397 1011 3436 vt
1048 3393 1234 3437 contra
1267 3381 1494 3436 Celsum.
1525 3381 1632 3439 Sed

67 3451 403 3520 apertissime,
426 3452 525 3506 lib.
554 3467 573 3506 1
596 3451 675 3505 De
703 3452 950 3520 princip.,
973 3468 1091 3520 cap.
1134 3453 1157 3506 1
1192 3461 1248 3505 et
1273 3451 1328 3514 6,
1361 3461 1414 3506 et
1443 3453 1536 3506 lib.
1571 3469 1627 3515 ιι.

67 3531 165 3590 cap.
192 3517 244 3584 2,
272 3521 303 3575 5
333 3529 390 3574 et
435 3522 500 3585 4,
529 3533 586 3576 et
622 3517 720 3575 lib.
760 3536 839 3586 ιιι,
870 3517 990 3590 cap.
1014 3517 1070 3585 Ξ,
1101 3533 1157 3576 et
1180 3522 1383 3590 libaiv,
1418 3536 1538 3588 cap.
1574 3524 1628 3587 2,

67 3595 111 3658 _e_t
134 3587 178 3638 in
203 3589 541 3658 Anacephal.
579 3591 639 3645 In
675 3590 778 3644 hoc
804 3587 989 3647 errore
1021 3592 1238 3645 fuerunt
1271 3587 1532 3644 Seleucus
1577 3602 1630 3646 et

70 3655 306 3729 llermias,
328 3655 575 3726 Galatae,
619 3661 692 3714 de
721 3660 914 3729 quibus
958 3661 1276 3715 memoravit
1309 3659 1634 3716 Philastrius

69 3740 176 3799 tjﬂp.
210 3727 266 3797 5,
300 3744 358 3784 et
387 3731 562 3798 juxta
598 3727 910 3796 nonnullos,
951 3731 1270 3786 Valentinus
1306 3743 1544 3799 quoque,
1577 3742 1634 3786 et

68 3793 629 3868 Audius’postinodum
650 3793 1015 3868 Audianorum
1033 3809 1088 3854 et
1103 3793 1630 3868 Anthropum'orplih

71 3873 217 3918 tarum
244 3867 427 3936 pater,
482 3869 558 3924 de
585 3884 700 3938 quo
729 3867 1060 3938 Epiphanius
1091 3871 1286 3923 haeres.
1315 3867 1443 3921 ω.
1479 3867 1632 3922 Scri-

68 3943 190 4008 ptum
212 3953 435 4008 quoque
472 3939 790 4007 reperimus
815 3940 954 4008 apud
994 3940 1300 4004 Socratem,
1331 3938 1630 4008 Theophila

67 4004 471 4079 Aleaaiidrinam
508 4004 812 4079 Ecclesiain
843 4004 1079 4078 regente,
1107 4004 1628 4079 hanc‘quazstionem

69 4073 188 4126 iisin
219 4074 353 4142 locis
392 4078 713 4132 multorum
750 4073 1207 4146 disputationibus
1246 4073 1417 4130 fuisse
1467 4091 1634 4131 vexa-

67 4149 175 4206 tam,
211 4146 426 4201 Deusne
462 4161 679 4215 corpus
713 4158 885 4211 esset,
929 4149 1222 4201 humanam
1266 4147 1492 4214 ﬁguram
1536 4163 1630 4215 ge-

70 4225 192 4278 rens,
217 4230 280 4269 an
316 4218 738 4287 incorporeus;
764 4232 924 4286 quam
958 4227 1285 4287 postremam
1307 4216 1630 4287 senten_tiam

69 4294 170 4356 cum
200 4283 501 4354 amplexus
529 4287 732 4341 fuisset
762 4283 1116 4356 Theophilus,
1143 4287 1436 4356 monachos
1457 4283 1630 4356 Egy-

69 4351 481 4427 ptiosadversus
508 4370 643 4411 eum
669 4356 882 4427 coiisse,
914 4351 970 4410 et
1001 4356 1326 4427 manufacta
1356 4351 1628 4427 boinin'ém

71 4424 359 4494 invadentes
397 4436 647 4480 mortem
686 4425 1000 4490 intentasse,
1036 4427 1090 4478 ni
1124 4425 1377 4494 placitam
1409 4425 1476 4478 de
1523 4426 1630 4478 Deo

69 4490 346 4557 opinionem
370 4495 664 4564 eiuraret,
696 4506 749 4550 et
782 4496 1029 4565 Origenis
1057 4490 1245 4565 libros,
1279 4494 1421 4547 unde
1453 4497 1630 4548 incor—

1738 3307 1929 3360 stiana:
1957 3306 2238 3376 religionis
2261 3315 2510 3375 dogmata
2534 3321 2656 3361 cum
2694 3307 2829 3362 satis
2885 3317 3166 3376 perspecta
3202 3324 3311 3363 non

1735 3376 1962 3457 haberet
2009 3375 2202 3430 Celsus
2263 3377 2561 3457 Epicureus
2583 3391 2784 3457 ,“qua;
2847 3375 3143 3446 paucarum
3201 3379 3314 3457 fuit
3405 3387 3408 3390 ί

1733 3444 2186 3500 lieterodoxorum
2237 3447 2528 3512 sententia,
2577 3444 3010 3501 Christian—orum
3067 3449 3308 3501 omnium

1733 3529 1861 3586 esse
1904 3514 2137 3586 censuit.
2192 3514 2296 3586 Sed
2346 3516 2484 3571 hanc
2532 3515 2652 3586 ejus
2709 3516 3034 3586 imperitiam
3090 3518 3309 3586 egregie

1732 3584 1979 3638 confutat
2003 3585 2363 3639 Adamantius
2395 3584 2578 3640 noster
2604 3585 2697 3640 lib.
2741 3584 2816 3640 vit
2860 3595 3043 3640 contra
3075 3584 3310 3640 Celsum.

1732 3653 2105 3777 ﬁonsulantur
2142 3669 2305 3723 porro
2335 3655 2388 3709 in
2421 3658 2561 3711 lianc
2593 3669 2707 3710 rem
2734 3665 2918 3710 nostra
2953 3653 3302 3724 Origeniana.

1787 3739 2004 3777 UETIUS.

1787 3739 2004 3778 UETIUS.

1804 3793 1914 3862 (64)
1937 3792 2427 3861 Παρισταμένοις.
2457 3790 2548 3846 Sic
2575 3793 2744 3848 codex
2802 3793 3158 3859 Bodleianus;
3204 3791 3309 3846 Be-

1732 3863 1871 3932 gius,
1912 3863 2340 3932 παρισταμένου.

1805 3932 1916 4002 (65)
1955 3925 2076 3984 Τῶν
2107 3925 2385 3999 πέμπτην
2397 3930 2699 4002 λεγόντων
2725 3925 2881 4002 εἷναι
2902 3928 3306 4002 φύσιντ-Νθιιι-

1734 3999 1847 4056 rain
1879 3999 2125 4070 quintam
2154 4002 2459 4070 Aristotelis
2492 4001 2794 4070 signiﬁcat;
2850 4000 2918 4070 de
2950 4013 3054 4067 qua
3083 3999 3306 4070 disserit

1732 4070 1825 4124 lib.
1857 4067 1917 4126 ui
1947 4069 2084 4138 Περὶ
2132 4069 2352 4137 ἀρχῶν,
2385 4084 2504 4138 cap.
2531 4067 2564 4124 6
2592 4087 2606 4123 :
2642 4085 2660 4118 ι
2693 4068 2806 4123 Non
2835 4069 2977 4123 enim
3007 4067 3306 4124 secundum

1732 4138 2048 4194 Grmcoruui
2099 4140 2451 4208 philosophos
2503 4147 2698 4207 praeter
2749 4139 2852 4208 hoc
2901 4152 3120 4208 corpus,
3162 4138 3305 4205 quod

1731 4223 1797 4262 ex
1829 4218 2063 4278 quatuor
2092 4207 2376 4262 elementis
2433 4218 2534 4271 est,
2580 4209 2726 4262 aliud
2769 4207 3019 4275 quintum
3052 4221 3302 4278 corpus,

1733 4277 1876 4345 quod
1907 4292 2001 4348 per
2028 4279 2213 4348 omnia
2246 4277 2390 4331 aliud
2416 4277 2507 4341 sit,
2534 4288 2588 4331 et
2625 4278 2896 4348 diversum
2930 4278 2999 4331 ab
3049 4277 3152 4348 hoc
3203 4291 3305 4330 no-

1735 4360 1851 4402 stro
1872 4346 2122 4414 corpore,
2151 4346 2282 4400 tides
2310 4349 2618 4402 necessario
2650 4347 2865 4416 recipit,
2902 4347 3160 4414 quoniam
3213 4360 3307 4399 ne-

1734 4432 1934 4489 que‘ex
1969 4417 2270 4489 Scripturis
2299 4419 2503 4489 sanctis
2531 4417 2614 4470 vel
2663 4416 3029 4489 suspicionem
3067 4416 3303 4483 aliquam

1734 4485 1980 4554 proferre
2027 4485 2094 4541 de
2136 4486 2219 4539 liis
2252 4485 2446 4555 potest,
2478 4502 2651 4555 neque
2709 4485 2822 4554 ipsa
2871 4500 3052 4540 rerum
3117 4499 3308 4539 conse-

70 4556 262 4635 pOrt-tun
302 4556 482 4619 Deum
543 4556 962 4635 propugnabant
991 4556 1257 4628 nonnulli,
1305 4567 1630 4628 damnaret;
1664 4559 1708 4614 D
1738 4559 1955 4635 quentia
1976 4556 2086 4635 _bOC
2124 4556 2288 4623 Γθείυί
2326 4557 2547 4635 Filium;
2575 4574 2594 4607 ³
2619 4558 2686 4608 Μ
2713 4556 3060 4635 Ψέἕηινίδλθυ
3089 4556 3304 4608 Λήδην·

73 4630 189 4704 (μιοᾴ
213 4647 330 4686 cuin
368 4630 669 4688 [acturum
696 4630 754 4689 se
794 4637 1106 4704 recepisset,
1130 4643 1243 4687 tum
1275 4635 1492 4686 demum
1523 4649 1639 4688 mo-

74 4703 248 4773 uacuos
273 4704 642 4759 discessisse.
665 4703 802 4770 Quid
830 4703 971 4773 quod
1005 4705 1077 4757 ita
1102 4703 1341 4773 scribere
1363 4717 1528 4756 ausus
1557 4713 1638 4758 est

77 4764 420 4840 Tertullianus
467 4764 742 4828 adversus
790 4764 1078 4837 Praxeam,
1137 4787 1256 4840 cap.
1317 4771 1393 4824 7:
1434 4792 1453 4824 ι
1505 4773 1638 4839 Quis

74 4838 193 4916 enim
209 4844 427 4916 negabit
455 4845 636 4897 Deum
657 4859 854 4916 corpus
864 4859 1001 4908 esse,
1015 4843 1114 4916 etsi
1136 4838 1274 4896 D6115
1281 4843 1404 4916 illi"
1408 4844 1513 4916 “‘15
1531 4838 1638 4916 (ἔθη

77 4909 280 4982 Spiritus
305 4915 453 4967 enim
473 4928 694 4982 corpus
719 4909 799 4966 sui
824 4916 1038 4981 generis
1062 4914 1112 4965 in
1131 4928 1226 4966 sua
1240 4909 1432 4979 elligic.
1458 4914 1562 4966 Sed
1583 4923 1638 4967 et

76 4978 331 5035 invisibilia
361 4982 481 5046 illa,
505 4978 854 5052 quincunqué
893 4993 1038 5048 sunt,
1062 4982 1264 5036 habent
1294 4978 1432 5050 apud
1468 4982 1634 5036 Deum

73 5054 116 5094 et
137 5060 278 5121 suum
317 5067 534 5121 corpus
577 5062 636 5106 et
666 5069 819 5106 suam
841 5053 1090 5117 formam,
1124 5067 1220 5121 per
1249 5067 1367 5120 quae
1396 5053 1494 5121 soli
1525 5059 1634 5106 Deo

75 5118 272 5192 "sibilia
320 5118 493 5190 sntit;
548 5134 767 5190 quanto
806 5122 977 5192 magis
1030 5118 1172 5190 quod
1207 5118 1280 5176 ei
1307 5120 1474 5192 ipsius
1501 5122 1631 5192 sub-

75 5189 239 5258 stantia
271 5189 508 5245 missum
539 5189 653 5257 est,
685 5193 802 5246 sine
831 5189 1132 5247 substantia
1159 5205 1262 5245 non
1288 5189 1428 5246 erit?
1456 5210 1475 5243 υ
1502 5191 1635 5258 Quze

78 5253 287 5330 pluribus
313 5261 453 5318 locis
491 5253 726 5330 repetit,
783 5272 839 5315 et
887 5275 1028 5330 saepe
1076 5253 1632 5330 carpitiAugustiims

79 5325 230 5400 illa},
264 5330 338 5384 De
362 5325 579 5386 Cenes.
614 5331 689 5384 ad
709 5331 816 5394 lit.,
848 5325 978 5400 cap.
1001 5331 1120 5395 ult.,
1145 5325 1198 5385 et
1227 5325 1631 5398 Hccrfcxxxvt,

81 5396 130 5443 :ul
151 5396 575 5466 Quodvultdeus,
609 5413 667 5455 et
701 5401 846 5454 alibi.
875 5396 1009 5456 Hinc
1049 5401 1195 5453 illum
1233 5415 1352 5454 cum
1382 5396 1630 5455 Melitone

82 5472 276 5525 tesatiia:
327 5473 496 5540 hujus
528 5485 694 5525 reum
711 5470 1236 5540 peragitGennadius
1270 5470 1342 5523 De
1368 5473 1628 5540 dogmat,

82 5548 174 5610 gap.
201 5541 251 5592 2.
281 5539 421 5596 Deos
442 5541 682 5610 quidem
721 5539 1023 5595 animantes
1045 5555 1166 5594 esse
1183 5540 1368 5594 statuit
1397 5539 1629 5595 Velleius

84 5602 338 5682 Epicureus
365 5602 519 5682 apud
552 5610 880 5682 Ciceronem
900 5611 990 5664 lib.
1023 5627 1036 5664 I
1063 5611 1134 5663 De
1154 5619 1264 5682 nat.
1291 5610 1434 5662 deor.
1454 5611 1630 5679 Atque

83 5677 122 5728 id
137 5693 227 5734 non
250 5677 552 5751 Epicurum
592 5681 882 5741 duntaxat,
909 5685 1000 5734 sed
1021 5689 1075 5734 et
1096 5680 1302 5748 vulgus,
1341 5690 1395 5732 et
1420 5677 1627 5746 poetas,

81 5755 123 5796 ει
152 5755 741 5812 ριειιδιειιιιιδείηιυτυηι
773 5751 1043 5802 hominum
1069 5760 1342 5803 catervam
1376 5753 1624 5803 attestari

86 5818 238 5874 scribit
289 5822 500 5878 Sextus
542 5819 765 5884 Empir.
803 5825 917 5873 adv.
969 5818 1182 5890 ΡΙιεμὶυ.
1214 5821 1355 5875 Idem
1413 5836 1628 5890 quoque

1745 4626 1849 4680 tele
1899 4627 2116 4680 inducta
2182 4639 2305 4678 esse
2333 4626 2491 4694 vulgo
2521 4625 2729 4678 feratur
2765 4625 2866 4678 ista
2897 4633 3113 4688 natura,
3141 4639 3305 4691 quam

1740 4694 2120 4764 Onomacritus
2149 4694 2368 4764 ἄριστον
2421 4696 2680 4764 στοιχεῖον
2720 4703 2892 4764 vocat,
2952 4708 3071 4764 eam
3123 4703 3300 4764 tamen

1739 4764 1890 4820 Plato
1911 4773 1966 4818 et
1997 4758 2256 4818 Platonici
2282 4758 2602 4833 agnoscunt.
2637 4763 2816 4833 Testis
2859 4761 3080 4820 Proclus
3123 4765 3176 4812 tn
3195 4758 3299 4833 _Ti'-

1738 4851 1948 4906 mirum,
1972 4848 2198 4906 eamque
2231 4831 2489 4903 appellari
2522 4840 2684 4906 uocet
2715 4831 3297 4906 _r:ép1rtov_arotxeiov,

1739 4912 1792 4976 et
1821 4903 2067 4975 πέμπτον
2106 4900 2330 4976 ἕόσμον,
2367 4915 2422 4957 et
2452 4903 2636 4974 σχῆμα
2660 4900 2925 4976 πέμπτον.
2962 4900 3140 4976 Testis
3171 4901 3297 4949 item

1739 4972 2070 5047 Simplicius.
2106 4972 2410 5047 Essentiam
2452 4972 2800 5047 nihilominus
2851 4972 2996 5047 illam
3052 4972 3298 5047 quintani

1739 5041 1947 5116 Platoni
1991 5044 2159 5098 fuisse
2191 5043 2490 5116 cognitam
2562 5044 2780 5116 diserti
2808 5041 3022 5116 negavit
3059 5041 3298 5116 Atticus,

1737 5113 2048 5186 lilatonicus
2110 5105 2523 5186 pliilosophus,_
2547 5112 2697 5186 apud
2741 5105 3029 5186 Eusebium
3086 5105 3188 5186 lib.
3231 5120 3302 5186 av

1735 5179 2035 5253 Praeparat.
2067 5175 2546 5253 e6augel.,'cap.77.
2580 5175 2734 5253 rll_uic
2761 5193 2925 5253 porro
2974 5175 3301 5253 Peripateti-

1733 5247 1922 5306 corum
1972 5255 2176 5321 quintae
2197 5247 2470 5306 'essentize
2535 5267 2563 5304 a
2635 5247 2922 5321 Xenarclio
2971 5250 3300 5321 impugnata;

1731 5313 2040 5378 Alexander
2089 5323 2476 5392 Aphrodisaaus
2538 5320 2915 5389 patrocinatus
2968 5313 3073 5372 est.
3132 5313 3298 5370 Πυα-

1734 5406 1876 5446 Τιυε.

1803 5460 1916 5532 (66)
1951 5463 2288 5530 Φθείροντα.
2347 5460 2439 5515 Sic
2475 5459 2646 5514 codex
2678 5457 3037 5524 Bodleianus;
3075 5458 3295 5525 Regius,

1773 5532 2046 5587 θείοαντα.

1731 5550 2046 5602 φυειραντα.

1803 5603 1915 5672 (67)
1940 5605 2250 5672 Λέγοντες.
2282 5599 2506 5672 Videtur
2541 5599 2822 5672 legendum
2850 5598 3119 5672 λέγωμεν.

1805 5667 1914 5745 (68)
1962 5667 2336 5745 Ἀὖβαγκαίωᾳ
2368 5670 2457 5724 Sic
2486 5667 2650 5725 codex
2688 5667 3041 5737 Bodleianus;
3076 5667 3294 5736 Regius,

1732 5742 2029 5814 perperam,
2051 5742 2333 5810 ἀνάγκαις.
