3806 6534
515 403 624 458 455

1964 399 2284 458 ORIGENIS
3633 414 3710 468 136

517 533 732 591 pturam
772 516 879 572 tale
912 530 1134 586 corpus,
1168 531 1358 587 nempe
1384 517 1631 588 spiritum
1663 527 1718 574 et
1750 519 1927 587 ignem
1953 534 2078 573 con-

2184 517 2417 586 χόμενοι,
2443 516 2897 588 ἀσχημονήσομεν
2929 515 3145 589 (69>’ὼς
3176 517 3370 587 ἠλίθιοι
3396 521 3486 574 καὶ
3515 526 3646 591 παρᾶ
3664 529 3714 579 τὰ

519 619 852 675 sumentem,
877 618 931 665 ct
961 609 1160 673 lucem,
1194 623 1315 677 quae
1345 611 1656 665 necessario
1699 612 1839 666 hanc
1869 611 2082 681 Opinio-

517 715 644 754 nem
671 708 967 768 sequantur
989 700 1220 754 absurda
1255 713 1362 754 non
1393 700 1763 766 admittentes,
1791 700 2084 755 erubesce-

518 806 639 847 mus
669 790 832 847 veluti
858 791 987 846 fatui
1011 791 1254 846 dicentes
1279 799 1466 845 contra
1491 802 1676 861 aperta
1709 799 1765 845 et
1790 790 2081 844 evidentia.

515 881 705 937 Omnis
736 885 882 937 enim
913 882 1051 953 ignis
1083 896 1222 953 opus
1256 882 1460 938 habens
1491 892 1551 936 ut
1589 881 1791 946 alatur,
1817 881 2085 950 corrupti-

515 974 646 1028 bilis
669 982 777 1041 est,
807 982 860 1028 et
887 973 1066 1027 omnis
1102 974 1351 1043 spiritus,
1375 973 1421 1029 si
1451 973 1775 1043 simpliciter
1815 973 2086 1043 intelliga-

517 1079 640 1119 mus
667 1064 921 1135 spiritum
955 1077 1153 1134 corpus
1179 1078 1303 1118 cum
1331 1064 1422 1129 sit,
1443 1064 1659 1133 accipit,
1679 1064 1821 1134 quod
1841 1065 1908 1118 ad
1933 1079 2083 1118 suam

515 1164 770 1210 naturam
819 1155 1034 1219 attinet,
1083 1155 1434 1210 mutationem
1469 1156 1521 1210 in
1565 1171 1678 1210 rem
1722 1156 2083 1221 crassiorem;

515 1261 648 1316 ergo
677 1247 761 1301 his
784 1245 901 1311 ﬁet,
933 1257 992 1301 ut
1016 1246 1100 1300 vel
1137 1258 1421 1304 servantes
1459 1246 1647 1311 verba,
1675 1256 1755 1302 tot
1779 1251 2010 1302 absurda
2033 1257 2088 1301 et

519 1336 919 1406 inexplicabilia
970 1338 1038 1393 de
1091 1337 1199 1391 Deo
1231 1338 1615 1405 admittamus;
1658 1338 1739 1392 vel
1778 1340 1964 1393 eadem
2001 1339 2086 1394 via

517 1428 878 1482 incedendum
920 1436 1023 1494 est,
1055 1429 1510 1500 quemadmodum
1556 1430 1721 1484 etiam
1759 1431 1810 1484 in
1843 1430 2087 1500 pluribus

2185 608 2388 678 ἐναργῆ
2422 607 2702 676 λέγοντες·
2731 610 2839 661 πᾶν
2899 609 3008 680 γὰρ
3073 609 3185 682 πῦρ
3241 613 3449 682 τροφῆς
3505 614 3718 685 δεόμενον

2186 698 2421 770 φθαρτόν
2443 700 2579 757 ἐστι.
2608 699 2702 752 καὶ
2726 701 2834 753 πᾶν
2859 700 3096 771 πνεῦμα,
3118 703 3166 755 ει
3184 702 3542 776 ἁπλούστερον
3555 707 3722 777 ἐκλαμ.

2185 791 2418 862 ϐάνομεν
2470 790 2530 842 τὸ
2577 789 2828 860 πνεῦμα,
2884 789 3044 862 σῶμα
3099 794 3367 864 τυγχάνον
3388 834 3405 858 ,
3461 796 3722 867 ἐπιδέχεται

2184 880 2308 933 ὅσον
2335 881 2428 932 ἐπὶ
2453 882 2521 952 τῇ
2547 879 2742 934 ἑαυτοῦ
2781 880 2941 950 φύσει
2963 881 3061 953 τὴν
3085 884 3163 947 εἰς
3185 884 3245 936 τὸ
3273 883 3572 955 παχύτερον
3597 904 3724 955 μετα-

2187 972 2348 1042 ϐολήν
2364 988 2379 1004 ο
2411 970 2530 1041 ὥρα
2553 967 2646 1027 οῦν
2673 975 2731 1027 ὲν
2755 972 2985 1038 τούτοις,
3010 973 3130 1043 ἦτοι
3157 973 3457 1044 τηροῦντας
3475 975 3569 1038 τὰς
3588 976 3725 1042 λέξεις

2185 1065 2253 1118 τὰ
2277 1064 2514 1120 τοσαῦτα
2542 1065 2718 1119 ἄτοπα
2759 1065 3165 1136 παραδέξασθαι
3208 1068 3301 1119 καὶ
3338 1066 3592 1138 δύσφημα
3628 1073 3728 1140 περὶ
3784 1107 3785 1110 η

2184 1158 2279 1212 τοῦ
2311 1157 2445 1210 Θεοῦ
2466 1197 2481 1222 ,
2517 1159 2550 1228 ἢ
2584 1157 2901 1228 ἐφοδεῦσαι,
2936 1157 3124 1229 ὥσπερ
3147 1158 3239 1211 καὶ
3268 1158 3362 1212 ἐπὶ
3384 1159 3557 1213 ἄλλων
3585 1160 3728 1212 πλειό-
3784 1151 3785 1166 ³

2188 1269 2292 1303 νων
2339 1249 2600 1320 ποιοῦμεν
2622 1289 2637 1313 ,
2684 1251 2777 1304 καὶ
2829 1249 3079 1316 ἐξετάσαι
3118 1248 3172 1301 τί
3215 1249 3442 1304 δύναται
3478 1250 3728 1320 δηλοῦσθαι
3784 1307 3785 1312 η

2185 1341 2293 1395 ἀπὸ
2321 1340 2412 1394 τοῦ
2442 1340 2695 1409 λέγεσθαι
2725 1339 2942 1410 πνεῦμα
2962 1379 2977 1406 ,
3016 1340 3050 1411 ἢ
3093 1339 3241 1413 πῦρ,
3271 1340 3305 1411 ἢ
3357 1339 3474 1410 φῶς
3507 1336 3637 1395 εἶναι
3661 1342 3729 1395 τὸν

2185 1432 2338 1486 Θεὸν.

515 1519 807 1588 incitemus,
846 1521 1353 1602 exquirendumque
1378 1522 1508 1591 quid
1545 1523 1694 1579 ἰαιιυὶ
1737 1535 1792 1578 et
1822 1523 2084 1578 declarari
2122 1523 2313 1593 possit,
2353 1537 2474 1576 cum
2505 1523 2647 1578 Deus
2671 1521 2872 1578 dicitur
2897 1523 3146 1592 spiritus,
3171 1524 3252 1580 vel
3280 1525 3440 1595 ignis,
3462 1528 3542 1581 vel
3573 1527 3670 1581 lux.

584 1697 672 1751 22.
715 1696 795 1751 Ac
831 1697 1098 1768 principio
1123 1697 1409 1754 dicendum
1447 1711 1552 1766 est,
1578 1711 1637 1756 ut
1664 1703 1876 1768 oculos,
1897 1713 1951 1760 et
1975 1705 2088 1775 pal-

513 1790 731 1858 pebras,
764 1799 820 1843 et
848 1803 1029 1854 aures,
1061 1799 1115 1844 et
1148 1800 1435 1855 manus,et
1464 1793 1710 1860 brachia,
1736 1804 1898 1866 atque
1921 1798 2084 1853 etiam

513 1881 653 1948 alas,
683 1887 738 1934 et
761 1881 945 1950 pedes,
977 1881 1181 1951 scripta
1204 1881 1273 1937 de
1297 1883 1409 1940 Deo
1435 1885 1794 1955 invenientes,
1815 1900 2086 1945 transmu—
2118 1878 2160 1937 Β

515 1979 698 2026 tamus
725 1985 846 2040 quae
869 1974 1073 2042 scripta
1098 1974 1301 2033 fuerint
1327 1979 1378 2032 in
1414 1978 1754 2048 allegoriam,
1779 1983 1978 2050 spretis
2001 1983 2086 2038 bis

511 2063 604 2133 qui
662 2065 771 2120 Deo
817 2065 1046 2121 similem
1108 2069 1426 2126 hominibus
1475 2071 1704 2127 formam
1754 2075 2081 2139 attribuunt,

511 2155 722 2224 hocque
750 2155 874 2226 iure
906 2156 1169 2228 facimus;
1201 2161 1282 2217 sic
1312 2161 1480 2216 etiam
1515 2164 1673 2219 nobis
1703 2164 1846 2220 idem
1876 2163 2083 2220 facieuo

509 2247 638 2302 dum
679 2263 800 2303 esse
840 2249 893 2304 in
935 2253 1208 2321 praedictis
1239 2255 1593 2313 nominibus:
1639 2272 1704 2313 ac
1752 2257 2000 2328 profecto
2033 2259 2082 2314 id

514 2337 684 2406 liquet
713 2354 778 2393 ex
811 2356 869 2395 re
897 2357 1018 2410 quae
1049 2343 1261 2399 videtur
1291 2345 1450 2403 nobis
1483 2349 1656 2418 magis
1699 2349 1752 2404 in
1779 2365 1880 2404 usu
1915 2365 2034 2407 esse
2065 2369 2078 2405 :

514 2443 537 2477 ι
567 2426 708 2482 Deus
729 2448 748 2481 ι
779 2432 920 2485 enim
957 2452 976 2484 ι
1011 2432 1098 2487 lux
1129 2443 1234 2501 est,
1259 2455 1277 2486 ι
1311 2437 1612 2492 secundum
1642 2438 1940 2507 Joannem,
1977 2460 1996 2494 ι
2028 2451 2083 2497 et

512 2520 748 2575 tenebrae
781 2523 835 2576 in
871 2537 936 2576 eo
970 2539 1080 2579 uon
1124 2535 1250 2580 sunt
1279 2527 1400 2580 ulla:
1427 2527 1494 2582 ³¹.
1529 2548 1548 2581 ι
1585 2530 1868 2597 Quomodo
1900 2542 2079 2589 autem

508 2610 594 2664 lux
623 2613 739 2682 ipse
768 2615 1154 2686 intelligendus
1188 2619 1259 2674 sit
1286 2635 1386 2691 pro
1423 2622 1563 2678 virili
1593 2625 1872 2681 cordatius
1902 2626 2083 2681 consi-

509 2704 784 2760 deremus.
811 2705 972 2778 232
1003 2709 1298 2779 Dupliciter
1321 2712 1414 2768 lux
1436 2715 1656 2783 dicitur,
1679 2725 1788 2770 tum
1820 2732 2080 2787 corpora-

507 2795 652 2862 iiter,
681 2806 793 2852 tum
821 2799 1197 2870 spiritualiter,
1213 2803 1314 2860 hoc
1335 2814 1443 2870 est,
1461 2820 1582 2876 quae
1606 2817 1787 2863 mente
1806 2813 2075 2878 cernitur,

507 2897 641 2942 etut
667 2887 965 2959 Scriptura:
988 2891 1255 2958 dicerent,
1291 2909 1411 2964 quae
1435 2898 1537 2953 sub
1565 2899 1740 2954 visum
1765 2915 1868 2956 non
1899 2902 2074 2965 cadit;

505 2991 624 3044 seu,
653 2989 712 3036 ut
735 2983 986 3052 gentiles,
1015 2984 1325 3043 invisibilis.
1352 2989 1419 3043 Et
1447 2992 1753 3061 corporalis
1781 3008 1913 3048 sane
1940 2994 2079 3050 lucis

504 3072 856 3128 manifestum
882 3076 1191 3145 exemplum
1234 3088 1318 3134 est
1359 3080 1488 3135 illud
1524 3084 1609 3136 his
1631 3085 1725 3152 qui
1754 3085 1895 3140 hanc
1926 3086 2078 3142 Scri-

2257 1732 2348 1787 22.
2374 1734 2485 1787 Καὶ
2532 1734 2750 1806 πρῶτον
2792 1735 3010 1791 λεκτέον
3030 1777 3047 1796 .
3075 1738 3156 1791 ὅτι
3176 1777 3191 1803 ,
3221 1737 3412 1811 ὥσπερ
3437 1739 3732 1810 sesama,

2187 1824 2282 1876 καὶ
2316 1823 2579 1896 βλέφαρα,
2616 1825 2712 1880 καὶ
2746 1820 2882 1893 ὦτα,
2924 1829 3020 1882 καὶ
3056 1831 3278 1901 χεῖρας,
3325 1831 3421 1884 καὶ
3459 1831 3733 1902 βραχίονας.

2186 1914 2282 1967 καὶ
2323 1914 2490 1978 πόδας
2526 1916 2637 1987 (70)
2687 1918 3031 1987 εὑρίσκοντες
3079 1921 3443 1992 γεγραμμένα
3475 1921 3566 1975 τοῦ
3605 1922 3734 1986 Θεοῦ,

2185 2005 2264 2060 ἔτι
2288 2006 2345 2059 δὲ
2371 2008 2464 2060 καὶ
2497 2008 2794 2078 πτέρυγας,
2823 2009 3310 2082 μεταλαμϐάνομεν
3337 2014 3420 2076 εἰς
3442 2013 3735 2086 ἀλληγορίαν

2183 2097 2252 2150 τὰ
2282 2100 2660 2171 γεγραμμένα,
2689 2102 3156 2173 καταφρονοῦντες
3181 2104 3290 2158 τῶν
3321 2107 3538 2177 μορφὴν
3561 2107 3733 2178 ἀνθρὼ-

2185 2207 2302 2242 πων
2319 2190 2694 2262 παραπλήσιον
2719 2194 3129 2265 παρατιθέντων
3149 2195 3226 2266 τῷ
3247 2196 3384 2267 Θεῷ,
3415 2197 3513 2250 καὶ
3535 2198 3735 2266 εὐλόγως

2184 2295 2247 2346 γε
2277 2279 2436 2332 τοῦτο
2464 2281 2809 2353 πράττομενο
2841 2283 3013 2348 οὕτως
3053 2287 3147 2339 καὶ
3185 2286 3279 2338 ἐπὶ
3321 2287 3431 2339 τῶν
3466 2288 3736 2357 εἰρημένων

2181 2369 2460 2440 ὀνομάτων
2493 2372 2552 2425 τὸ
2578 2373 2867 2427 ἀκόλουθον
2906 2378 3041 2446 ἡμῖν
3072 2377 3322 2448 ποιητέον
3347 2393 3363 2408 ⁸
3394 2379 3494 2432 καὶ
3515 2378 3660 2448 δῆλόν
3687 2395 3736 2446 γε

2183 2463 2290 2515 ἀπὸ
2314 2463 2409 2516 τοῦ
2445 2466 2768 2536 φαινομένου
2789 2469 2919 2538 ἡμῖν
2946 2470 3391 2540 πρακτικωτέρου
3419 2487 3434 2502 °
3471 2490 3490 2522 ι
3518 2471 3631 2534 Φῶς
3649 2473 3737 2540 γάρ

2182 2547 2330 2601 ἐστιν
2361 2551 2389 2602 6
2417 2549 2568 2614 Θεὸς,
2605 2570 2624 2604 ι
2657 2553 2800 2606 κατὰ
2821 2555 2912 2608 τὸν
2949 2557 3220 2628 Ἰωάννην,
3276 2575 3296 2608 ι
3330 2560 3425 2612 καὶ
3457 2560 3638 2613 σκοτία
3658 2561 3738 2612 οὐκ

2181 2637 2327 2693 ἐστιν
2359 2639 2417 2693 ἐν
2449 2641 2597 2712 αὕτῷ
2627 2642 2873 2714 οὐδεμία.
2914 2664 2933 2697 ι
2969 2645 3095 2710 Πῶς
3118 2648 3182 2720 δὴ
3212 2648 3327 2718 φῶς
3356 2651 3523 2705 αὑτὸν
3549 2654 3736 2722 veneﬁce

2182 2730 2323 2784 κατὰ
2361 2731 2422 2784 τὸ
2453 2731 2674 2787 δυνατὸν
2723 2736 3083 2808 συνετώτερον
3126 2740 3269 2810 (7|)
3313 2743 3738 2815 ἐπισκεψώμεθα.

2180 2821 2354 2892 Διχῶς
2395 2816 2503 2895 γὰρ
2535 2824 2597 2879 τὸ
2646 2823 2762 2895 φῶς
2798 2828 3155 2898 ὀνομάζεται,
3212 2837 3546 2903 σωματικῶς
3585 2853 3638 2888 τε
3662 2837 3737 2889 καὶ

2180 2915 2585 2984 πνευματικῶς,
2609 2918 2744 2991 ὅπερ
2777 2920 2895 2973 ἐστὶ
2924 2923 3133 2993 νοητὸν,
3168 2926 3262 2978 καὶ
3290 2926 3364 2989 ὡς
3397 2929 3502 2998 μὲν
3536 2931 3591 2983 αἱ
3620 2929 3738 2999 Γρα-

2179 3007 2280 3074 φαὶ
2320 3005 2386 3060 ἂν
2419 3007 2627 3077 λέγοιεν
2649 3051 2662 3073 ,
2695 3012 2890 3083 ὁρατὸν
2911 3054 2925 3079 ,
2957 3014 3032 3078 ὡς
3073 3017 3117 3070 δ’
3156 3016 3222 3071 ἂν
3263 3019 3528 3089 ’Έλληνες
3569 3023 3738 3091 ὀνομά-

2182 3095 2363 3163 σαιέν,
2395 3096 2627 3170 ἀόρατον
2653 3099 2787 3171 (72).
2829 3103 2940 3155 Καὶ
2984 3104 3077 3158 τοῦ
3119 3121 3183 3174 γε
3228 3108 3547 3178 σωματικοῦ
3584 3110 3739 3180 παρὰ·

505 3170 720 3230 pturam
744 3164 1050 3233 accipiunt:
1083 3185 1101 3218 ε
1127 3166 1390 3224 Omnibus
1416 3180 1596 3225 autem
1624 3172 1748 3228 llliis
1772 3173 1940 3229 Israel
1958 3188 2076 3232 erat

2184 3189 2377 3260 δειγμα
2405 3164 2669 3261 ὁμολογοῦ
2674 3164 2833 3262 μενον
2851 3197 2961 3258 τοῖς
2993 3195 3092 3266 τὴν
3119 3164 3358 3268 ἱστορίαν
3385 3164 3739 3272 παραδεχομέ-

504 3249 594 3306 lux
627 3253 679 3308 in
711 3255 987 3322 omnibus,
1013 3258 1064 3311 in
1115 3259 1314 3327 quibus
1355 3262 1725 3318 versabantur
1747 3264 1824 3332 ";
1856 3285 1876 3319 ι
1907 3268 2073 3337 spiri-

504 3345 666 3400 tualis
692 3358 822 3402 vero
860 3349 1165 3418 exemplum
1201 3359 1284 3404 est
1316 3352 1456 3418 apud
1495 3356 1784 3423 quemdam
1840 3360 2068 3428 prophe-

503 3443 614 3488 tam
645 3451 712 3490 ex
741 3437 1024 3493 duodecim
1055 3439 1101 3470 ³³
1132 3457 1145 3494 :
1185 3455 1204 3490 ι
1238 3437 1517 3499 Seminate
1548 3445 1704 3500 vobis
1751 3448 1884 3518 ipsis
1909 3449 2074 3518 justi-

504 3526 672 3591 :iam,
710 3525 1044 3582 vindemiate
1093 3526 1331 3584 fructum
1380 3531 1523 3600 vitae,
1581 3535 1879 3593 illuminate
1923 3540 2074 3596 vobis

503 3614 638 3683 ipsis
661 3615 841 3670 lumen
867 3619 1214 3688 cognitionis.
1241 3641 1259 3676 ι
1291 3624 1498 3681 Rursus
1518 3625 1772 3681 similiter
1799 3644 1895 3698 per
1924 3645 2073 3685 com-

499 3708 842 3776 parationem
867 3719 922 3767 et
964 3716 1370 3784 proportionem
1405 3718 1658 3774 bifariam
1706 3720 1958 3776 dicentur
1988 3731 2072 3777 te-

498 3801 683 3855 nebrae
715 3819 729 3855 :
761 3817 1014 3872 quarum,
1045 3822 1165 3878 quae
1193 3811 1542 3868 communius
1573 3812 1852 3882 dicuntur,
1883 3829 2069 3870 exem-

496 3891 643 3960 plum
677 3902 760 3949 est
793 3893 922 3950 illud
942 3896 987 3929 “
1014 3916 1028 3952 :
1064 3916 1084 3951 ι
1116 3900 1184 3956 Et
1208 3903 1422 3958 vocavit
1453 3902 1596 3958 Deus
1625 3902 1797 3960 lucem
1829 3905 1995 3972 diem,
2017 3917 2069 3961 et

499 3984 754 4041 tenebras
783 3987 1005 4043 vocavit
1029 4001 1279 4058 noctem;
1313 4012 1332 4045 ι
1372 3995 1719 4049 tenebrarum
1749 4011 1880 4051 vero
1909 3999 2067 4052 intel-

495 4072 784 4143 ligibilium
814 4078 918 4132 hoc
955 4088 1037 4133 est
1064 4083 1369 4152 exemplum
1395 4084 1440 4115 ⁸⁵
1471 4102 1483 4137 :
1519 4103 1536 4135 ι
1567 4084 1770 4153 Populo
1796 4087 1887 4156 qui
1911 4089 2068 4142 sede-

493 4165 587 4219 bat
611 4165 664 4220 in
694 4169 936 4223 tenebris
959 4179 1016 4224 et
1045 4173 1234 4227 umbra
1259 4176 1474 4239 mortis,
1501 4176 1590 4230 lux
1621 4187 1740 4230 orta
1771 4189 1852 4233 est
1875 4180 1972 4234 eis.
2007 4199 2025 4231 ι
2086 4224 2090 4228 .

563 4253 654 4309 25.
683 4253 780 4309 llis
813 4257 894 4311 sic
926 4258 1270 4326 habentibus,
1305 4263 1525 4332 dignum
1568 4275 1654 4319 est
1681 4280 1909 4321 cernere
1935 4270 2063 4336 quid

2180 3297 2290 3342 νοις
2320 3280 2380 3333 τό
2402 3297 2415 3310 ·
2451 3299 2470 3332 ι
2498 3282 2640 3334 Πᾶσι
2672 3281 2728 3335 δὲ
2750 3286 2862 3347 τοῖς
2896 3286 3030 3348 υἱοῖς
3073 3288 3278 3359 Ἰσραὴλ
3302 3284 3370 3360 ἦν
3399 3289 3542 3358 φῶς,
3572 3293 3626 3344 ἐν
3650 3291 3740 3342 πᾶ-

2179 3387 2264 3425 σιν
2285 3367 2366 3434 οἷς
2391 3373 2736 3440 κατεγίνοντο
2755 3390 2769 3404 °
2803 3394 2821 3425 ι
2852 3374 2942 3428 τοῦ
2968 3375 3024 3429 δὲ
3048 3378 3240 3447 νοητοῦ
3263 3379 3356 3433 καὶ
3384 3379 3740 3451 πνευματικοῦ

2175 3461 2234 3515 ἐν
2258 3479 2362 3515 τινι
2387 3461 2495 3517 τῶν
2527 3462 2763 3518 δώδεκα·
2795 3483 2813 3517 ι
2851 3466 3114 3537 Σπεξρατε
3141 3470 3352 3534 ἑαυτοῖς
3377 3473 3462 3535 εις
3490 3471 3741 3525 δικαιοσύ-

2174 3570 2292 3624 νην,
2339 3556 2643 3627 τρυγήσατε
2684 3559 2763 3620 εἰς
2797 3557 3006 3630 καρπὸν
3049 3559 3212 3630 ζωῆς,
3244 3560 3521 3630 φωτίσατε
3548 3565 3742 3625 ἑαυτοῖς

2175 3646 2292 3714 φῶς
2322 3643 2595 3714 γνώσεως.
2636 3667 2654 3698 ι
2703 3647 2930 3718 Ὁμοίως
2954 3650 3011 3703 δὲ
3046 3651 3139 3704 καὶ
3165 3652 3225 3704 τὸ
3251 3651 3444 3717 σκότος
3478 3659 3600 3708 κατ’
3628 3657 3742 3708 ἁνα-

2172 3735 2358 3805 λογίαν
2381 3736 2542 3808 διχῶς
2575 3739 2892 3810 λεχθήσεται
2920 3758 2934 3773 ο
2961 3742 3054 3795 καὶ
3078 3741 3171 3796 τοῦ
3202 3743 3300 3813 μὲν
3323 3746 3632 3816 κοινότερον
3670 3747 3742 3799 λε-

2170 3829 2402 3901 γομένου
2429 3831 2811 3902 παράδειγμα·
2846 3852 2864 3884 ι
2904 3834 3013 3886 Καὶ
3040 3834 3295 3889 ἐκάλεσεν
3322 3838 3351 3890 6
3383 3836 3522 3902 Θεὸς
3554 3838 3615 3892 τὸ
3641 3837 3740 3908 φῶς

2170 3921 2401 3991 ἡμέραν,
2437 3923 2532 3976 καὶ
2559 3923 2621 3976 τὸ
2647 3923 2837 3988 σκότος
2859 3923 3085 3979 ἐκάλεσε
3110 3925 3280 3979 νύκτα
3301 3943 3316 3957 ·
3361 3947 3379 3980 ι
3415 3928 3518 3982 τοῦ
3543 3931 3600 3983 δὲ
3627 3947 3739 4000 νοη-

2167 4012 2314 4066 τοῦοι
2337 4014 2394 4066 '0
2408 4014 2577 4078 λαὸςό
2605 4016 2910 4086 καθήμενος
2929 4020 2984 4071 ὲν
3012 4019 3190 4071 σκότει
3214 4021 3307 4074 καὶ
3342 4023 3474 4092 σκιᾷ
3499 4021 3738 4085 θανάτου,

2170 4101 2284 4172 φῶς
2317 4105 2588 4159 ἀνέτειλεν
2611 4106 2812 4170 αὐτοῖς.
2851 4127 2869 4158 ι

2237 4280 2327 4333 25.
2360 4281 2576 4336 Τούτων
2604 4281 2775 4348 οὕτως
2804 4284 3053 4354 ἐχόντων,
3090 4285 3236 4352 ἄξιον
3269 4286 3398 4340 ἰδεῖν
3430 4289 3487 4341 τι
3523 4288 3740 4360 ἁρμόζει

495 4343 654 4397 nobis
679 4347 970 4399 conveniat
995 4348 1299 4421 intelligere
1332 4352 1398 4406 de
1428 4353 1562 4420 Deo,
1597 4369 1716 4409 cum
1747 4355 1837 4410 lux
1864 4357 2067 4412 dicitur

2184 4371 2306 4424 νοεῖν
2345 4371 2493 4441 ἡμᾶς
2517 4372 2643 4443 περὶ
2671 4343 2804 4426 Θεοῦ
2832 4343 3154 4446 λεγομένου.
3176 4376 3318 4446 φῶς,
3350 4377 3409 4430 ὲν
3453 4371 3500 4446 ᾧ
3526 4343 3742 4448 οῦὸεμξα

494 4428 548 4482 in
583 4445 688 4498 qua
722 4433 882 4487 nullae
911 4445 1036 4490 sunt
1069 4441 1303 4495 tenebrae
1331 4441 1378 4473 ³³
1405 4463 1419 4498 :
1450 4451 1633 4500 utrum
1671 4445 1812 4502 Deus
1843 4449 1934 4504 lux
1977 4461 2066 4504 est

2184 4460 2282 4512 εστὶ
2310 4428 2519 4516 σκοτία.
2541 4428 2687 4534 ’Ᾰρα
2715 4463 2824 4534 γὰρ
2852 4428 3200 4536 σωματικοὺς
3223 4428 3544 4538 όιρόαλμοὸς
3565 4472 3595 4523 6
3621 4428 3740 4530 Θεὸς

491 4518 807 4579 illuminans
859 4540 1155 4597 corporeos
1195 4532 1408 4599 oculos,
1442 4548 1512 4592 an
1550 4536 1955 4611 intelligibiles;
1991 4544 2061 4600 de

2184 4550 2398 4619 ρωτιζον
2424 4552 2539 4622 φῶς
2571 4518 2813 4625 SaM
2862 4518 3281 4627 «essm—159g:
3318 4518 3449 4629 περὶ
3497 4518 3579 4612 ῶν
3607 4518 3741 4612 act-116

490 4611 689 4677 quibus
721 4614 1058 4686 etPropheta
1083 4622 1274 4677 dicit"
1308 4643 1322 4678 :
1359 4643 1378 4677 ι
1411 4627 1652 4684 lllumina
1675 4632 1861 4690 oculos
1884 4651 2056 4704 meos,

2184 4611 2448 4712 άροφῆτης
2475 4611 2635 4710 φῇσί·
2675 4661 2693 4694 (
2727 4611 3441 4717 ᾧῶτισοντοῦςιόφθαλμοιίς
3481 4650 3738 4721 μουνμή-

488 4716 558 4756 ne
587 4718 824 4773 unquam
856 4707 1191 4766 obdormiam
1219 4714 1272 4768 in
1309 4728 1499 4774 morte.
1526 4739 1545 4772 ι
1580 4720 1845 4779 Existimo
1877 4738 2055 4784 autem

2334 4707 2570 4786 sevoco
2605 4734 2687 4798 εἰς
2721 4733 2981 4802 θάνατονς
3024 4757 3043 4790 ι
3089 4707 3319 4808 Νομίζω
3361 4707 3433 4792 δὲ-
3467 4707 3739 4812 προφανές

486 4804 737 4865 apertum
781 4800 1091 4871 cuicunque
1119 4817 1241 4860 esse
1277 4823 1375 4873 nos
1411 4810 1834 4884 haudquaquam
1873 4818 2051 4874 dictu-

2184 4823 2323 4876 ταντί
2355 4842 2430 4895 τῳ
2457 4825 2568 4896 (75)
2595 4822 2755 4890 εἶναι,
2784 4828 2866 4881 ὅτι
2908 4800 3009 4882 οὐκ
3051 4829 3118 4882 ἂν
3146 4800 3207 4882 τὸ
3246 4800 3341 4884 τοῦ
3381 4800 3542 4901 ἡλίου
3588 4800 3739 4904 ἔργον

484 4900 599 4953 ros,
626 4888 795 4944 Deum
829 4893 961 4948 solis
987 4893 1228 4951 ofﬁcium
1261 4897 1460 4965 facere,
1487 4903 1532 4956 si
1568 4904 1657 4959 alii
1681 4908 1837 4962 cedat
1861 4925 2055 4968 munus

2184 4917 2334 4968 ποιεῖν
2363 4888 2615 4986 λέγοιμεν
2642 4888 2912 4981 τὸνγΘεὸν,
2942 4919 3112 4990 ἑτέρῳ
3150 4888 3592 4992 παραχωροῦντα
3622 4888 3737 4991 ἰε-ω-

480 4978 794 5039 illustrandi
829 5001 1016 5044 eorum
1049 4991 1236 5048 oculos
1259 4994 1351 5061 qui
1380 4996 1666 5056 dormituri
1694 5018 1798 5058 non
1829 5015 1956 5060 sunt
1999 5007 2052 5062 in

2184 5003 2325 5068 ῖίζειν
2350 5007 2476 5068 τοὺς
2497 5006 2809 5078 ὀφθαλμοὺς
2840 5009 2949 5062 τῶν
2986 5009 3060 5080 μὴ
3095 5011 3499 5081 ὑπνωσομένων
3533 5015 3618 5078 εἰς
3650 5013 3738 5066 Θά-

486 5083 661 5126 morte
694 5089 868 5147 :ergo
912 5079 1188 5138 illuminat
1228 5085 1367 5142 Deus
1399 5104 1586 5146 eorum
1635 5103 1868 5150 mentem
1917 5112 2052 5167 quos

2184 5114 2352 5153 ατον·
2396 5100 2591 5156 οὐκοῦν
2634 5101 2859 5171 φωτίζει
2903 5105 2932 5156 6
2969 5102 3102 5166 Θεὸς
3134 5105 3224 5157 τὸν
3267 5103 3392 5157 νοῦν
3437 5099 3523 5160 ὧν
3570 5107 3739 5178 κρίνει

485 5159 677 5227 dignos
702 5165 911 5233 iudicat
942 5173 1157 5240 propria
1198 5175 1614 5237 illuminatione.
1638 5184 1792 5251 Quod
1828 5187 1874 5241 si
1907 5159 2051 5242 men-

2184 5189 2340 5253 ιξίους
2366 5187 2504 5246 εἶναι
2525 5192 2617 5246 τοῦ
2645 5159 2841 5247 οἰκείου
2866 5159 3168 5264 φωτισμοῦ.
3202 5195 3266 5248 Εἰ
3292 5195 3349 5247 δὲ
3374 5159 3472 5250 νοῦ
3491 5159 3738 5266 ὲστιιᾳω·

478 5275 652 5400 ³11⁸¹⁴1
680 5277 838 5334 Joau.
861 5297 901 5347 ι,
930 5284 982 5341 5.
1061 5288 1104 5320 ”
1132 5289 1303 5348 Exod.
1334 5309 1388 5362 κ,
1419 5295 1508 5352 25.
1587 5298 1633 5329 ³³
1659 5298 1783 5357 Osc.
1816 5319 1871 5369 χ,
1904 5304 1990 5359 12.
2068 5306 2078 5338 ³

2184 5320 2269 5361 en.
2296 5306 2408 5372 1,5.

564 5382 662 5410 ,τι

716 5443 1271 5546 ’ἒῇξηέρέῄσομεκ
1322 5454 1414 5510 Sic
1467 5459 1633 5513 codex
1680 5459 2042 5528 Bodleianus;

2184 5483 2326 5546 ερον,
2354 5468 2534 5546 εριῌη
2565 5467 2862 5546 Bodleiano
2893 5487 2998 5546 non
3024 5483 3301 5546 comparet
3333 5476 3496 5546 ἡμῖν.

481 5507 1267 5590 Βθέῖίιιε,ἀσχήμονήσ³ωμέν,ν
1331 5507 1410 5510 in
1474 5507 1633 5513 "ﬂ"
1680 5507 2042 5528 inm-ul".

549 5582 664 5620 1⁸7οὶ
702 5582 804 5620 1(ιή
832 5585 1028 5620 νοῗΜη
1073 5591 1168 5620 νηὶ
1210 5593 1524 5620 ριν---.υμμᾼ
1592 5599 1683 5620 ---Α
1720 5599 1863 5620 ..χρη
1957 5602 2041 5620 n9-

2184 5507 2333 5620 ηδε
2354 5507 3733 5620 τιθεῖσι-νεἐνέδιικυυίξινειεηἰεςτσωθείης,

549 5582 664 5674 illi)
1072 5582 1684 5674 κάέὶβραχίοναςηκαὶ
1710 5599 1918 5674 πόδας.
1957 5602 2048 5674 Sic
2154 5582 2467 5674 ἀσῶματὸνῖ

479 5651 649 5756 £2993:
724 5651 1081 5723 Bodleianus;
1143 5651 1377 5730 Regius,
1436 5651 1623 5737 χεῗράς
1652 5651 1739 5722 τε

2573 5695 2672 5744 τῳ.
2705 5677 2778 5730 Ita
2842 5680 3171 5756 Bodleianus
3234 5686 3429 5756 codex,
3483 5690 3732 5756 optimc;

477 5717 576 5781 δας
1069 5717 1079 5723 '
1226 5717 1256 5730 υ
1326 5717 1337 5719 ⁷
1364 5717 1376 5730 ι
1437 5717 1619 5737 A"|""
1692 5717 1736 5722 τ’
1795 5717 1886 5721 --νη
1957 5717 2014 5722 ’τ’

551 5759 662 5827 ΓὲΙΧ
696 5791 890 5827 Ral-una
923 5796 1087 5827 ΛΛΑον
1151 5799 1291 5827 ..ιη-λ.
1319 5803 1372 5827 ..λ
1411 5805 1627 5827 9....,ξ-εη
1673 5810 1791 5827 rus.
1829 5825 1849 5827 _
1999 5809 2011 5827 ο

2225 5717 2240 5742 \
2261 5717 2340 5744 ,ν’
2363 5717 2473 5729 ..νυ
2496 5717 2546 5730 ..ο
2576 5717 2672 5744 ...τη
2705 5717 2778 5730 η
2843 5717 3171 5740 υυιιιεηιιιιιδ
3234 5717 3429 5749 ιυυελ,
3483 5717 3731 5756 upullu';

2184 5745 2374 5827 legitis,
2401 5761 2702 5827 perperam,
2732 5751 2896 5827 παντὶ
2933 5752 3014 5827 τρ,
3047 5754 3202 5824 cujus
3258 5754 3377 5812 loco
3436 5757 3731 5827 legendum

551 5790 662 5859 (τι)
693 5791 892 5863 Regius
923 5796 1113 5865 codex,
1151 5799 1292 5856 κατὰ
1318 5803 1377 5855 τὸ
1406 5805 1627 5860 δυνατὸν
1664 5810 1792 5875 ἡμῖν
1822 5809 2051 5866 συνετώ-

2184 5790 2416 5872 ειῖευὺξιί
2439 5790 2664 5873 Ιιιῖειίυδ
2689 5790 2859 5873 ’παντὶ
2891 5790 3067 5876 codro:

2513 5309 2558 5341 "
2591 5307 2692 5364 lsa.
2727 5324 2805 5377 Ix,
2829 5309 2887 5364 ‘2.
2962 5310 3008 5342 “
3035 5311 3055 5364 l
3083 5309 3241 5367 Joan.
3267 5327 3307 5377 ι,
3339 5311 3392 5366 5.
3514 5315 3563 5348 ³⁷
3596 5315 3736 5370 Psal.
