3806 6528
93 445 187 499 457

1142 441 1502 500 COMMENT.
1545 441 1612 497 ΙΝ
1647 442 1840 499 ιοΑΝ.
1879 442 2120 499 TOMUS
2152 442 2289 498 Xlll.

3229 434 3334 494 ιω

89 560 335 626 τιστικὸς,
359 560 502 614 κατά
523 560 582 615 rb
602 561 911 632 λεγόμενον·
941 581 957 612 ι
983 561 1186 634 Κύριος
1203 565 1478 634 φωτισμὸς
1505 581 1657 634 μου.»

1774 563 1839 619 tis
1863 573 1950 618 est
1981 562 2306 627 illustrator,
2332 562 2486 632 juxta
2516 559 2645 616 illud
2675 560 2820 630 quod
2847 557 3142 614 dicitur“:
3181 575 3198 608 ι
3231 557 3336 612 Do-

91 655 286 725 ἀνάγκη
327 653 490 708 αὑτὸν
535 655 722 724 νοητὸν
769 642 1123 724 τυγχάνοντα,
1160 658 1253 709 καὶ
1289 657 1536 728 ἀόρατον,
1573 656 1665 710 καὶ

92 745 393 815 ἀσώματον,
444 745 536 799 τοῦ
585 745 678 799 νοῦ
707 746 940 817 ἀοράτου
971 749 1120 818 ἡμᾶς
1149 747 1312 801 αὐτὸν
1348 749 1667 820 ὑπολαμϐά-

92 853 186 886 νειν
211 834 334 901 σῶς
356 830 496 889 εἶναι
522 835 830 906 ἀσώματον,
849 835 924 907 τῷ
957 838 1163 908 μήποτε
1195 839 1288 890 καὶ
1323 857 1341 888 ι
1382 839 1494 908 πῦρ
1528 857 1664 893 κατ-

91 924 366 978 αναλίσκον
438 944 458 977 ι
506 925 796 996 λεγόμενον
835 924 970 980 εἶναι
1007 927 1139 980 Θεὸν
1162 969 1177 994 ,
1209 930 1521 999 σωματικὸν
1554 929 1667 1004 πῦρ

92 1017 350 1086 σωμάτων
383 1017 712 1072 ἀναλωτικὸν
747 1013 884 1072 εῖναι
926 1019 1103 1072 δοκεῖν
1125 1060 1140 1085 ,
1185 1015 1297 1076 οἷον
1329 1022 1499 1089 ξύλων
1515 1063 1529 1087 ,
1572 1025 1667 1078 καὶ

90 1108 294 1177 χόρτου,
332 1109 428 1161 καὶ
457 1108 710 1180 καλάμης
734 1127 748 1140 ⁸
778 1111 826 1163 εί
854 1111 911 1165 δὲ
931 1112 989 1164 ὲν
1021 1114 1151 1184 ἡμῖν
1179 1113 1329 1166 ἐστιν
1355 1114 1482 1167 ίδεῖν
1513 1113 1664 1181 ξύλα,

90 1199 170 1251 καὶ
197 1198 418 1271 χόρτον,
443 1201 536 1254 καὶ
557 1201 829 1271 καλάμην.
869 1204 1079 1273 μήποτε
1099 1204 1162 1257 rb
1201 1204 1534 1259 ἀναλωτικδν
1566 1206 1667 1276 τῆς

89 1288 336 1358 τοιαύτης
357 1290 491 1361 ὕλης
514 1291 626 1363 πῦρ
648 1294 676 1345 ὁ
702 1291 840 1356 Θεός
871 1295 1017 1347 ἐστιν
1043 1295 1220 1364 ἡμῶν,
1261 1315 1278 1346 ι
1313 1296 1424 1366 πῦρ
1461 1316 1478 1349 ι
1516 1297 1668 1366 λεγὸ-

93 1397 237 1449 μενος
263 1378 409 1435 εἶναι
448 1401 464 1433 ι
504 1383 896 1437 καταναλίσκον
919 1400 931 1412 ·
950 1405 966 1437 ι
1000 1387 1094 1438 καὶ
1125 1387 1334 1457 πρέπον
1359 1404 1423 1455 γε
1453 1388 1529 1459 τῷ
1556 1389 1670 1442 Κυ-

93 1472 180 1542 ρίῳ
214 1471 339 1526 ἐστὶ
362 1473 425 1529 rb
451 1474 740 1528 ἀναλίσκον
767 1474 837 1527 τὰ
862 1475 1085 1530 τοιαῦτα
1115 1476 1248 1547 (74),
1283 1479 1376 1531 καὶ
1409 1479 1666 1548 ἐξαφανί-

92 1563 192 1626 ζειν
220 1565 293 1618 τὰ
325 1566 546 1638 χείρονα
567 1584 582 1598 ο
620 1560 680 1620 οὗ
726 1569 1014 1641 γινομένου
1059 1570 1356 1642 ἀλγηδόνας
1391 1566 1544 1642 οἶμαι
1575 1573 1668 1626 καὶ

92 1659 272 1722 πόνους
322 1660 570 1728 γίνεσθαι
610 1660 710 1714 οὐκ
763 1662 870 1716 ἀπό
926 1679 1071 1726 τινος
1110 1663 1424 1734 σωματικῆς
1455 1665 1668 1736 ἐπαφῆς

90 1749 205 1820 περὶ
223 1750 297 1802 τὰ
331 1752 657 1821 ήγεμονικά,
681 1752 810 1807 ἔνθα
840 1753 1070 1824 συνέστη
1092 1757 1124 1826 η
1153 1753 1249 1806 τοῦ
1275 1753 1667 1808 καταναλίσκε-

92 1841 199 1895 σθαι
226 1844 360 1908 ἀξία
386 1844 662 1916 οἰκοδομή.
695 1845 813 1909 Φῶς
847 1841 940 1900 οὖν
980 1846 1303 1918 ὀνομάζεται
1330 1847 1359 1899 ὁ
1387 1844 1538 1909 Θεὸς,
1561 1845 1668 1900 ἀπὺ

1767 655 1949 709 minus
2009 654 2334 709 illuminatio
2385 669 2573 718 mea,»
2628 667 2852 707 necesse
2891 659 2975 705 est
3026 649 3201 718 ipsum
3239 649 3333 718 qui

1767 757 1950 801 meme
1983 747 2250 810 cernitur,
2289 747 2381 816 qui
2419 744 2518 800 sub
2549 744 2721 798 visum
2777 757 2882 795 non
2928 740 3098 804 cadit,
3128 740 3217 807 qui
3254 751 3338 795 est

1766 855 1960 908 expers
1986 839 2251 910 corporis,
2291 839 2459 909 ipsius
2490 837 2706 902 mentis,
2742 852 2864 908 qua:
2894 838 2994 891 sub
3026 838 3199 890 visum
3229 851 3333 889 non

1767 933 1934 998 cadit,
1989 931 2166 986 lucem
2208 945 2331 986 esse
2382 944 2612 999 corpore
2659 937 2952 992 carentem,
3005 928 3147 997 quod
3195 929 3335 982 Deus

1773 1043 1792 1075 ι
1818 1024 1957 1094 ignis
1987 1037 2314 1080 consumens
2343 1043 2360 1076 ι
2390 1022 2574 1077 dictus
2606 1021 2672 1086 ”,
2705 1037 3047 1092 nequaquam
3073 1035 3336 1090 corpora-

1769 1113 1835 1169 lis
1871 1114 2011 1184 ignis
2045 1129 2164 1170 esse
2197 1115 2467 1176 videatur,
2499 1110 2590 1181 qui
2614 1123 2897 1166 consumat
2925 1125 3184 1180 corpora,
3219 1107 3337 1160 vel-

1770 1202 1846 1256 uti
1899 1201 2066 1271 ligna,
2097 1202 2300 1268 fenum,
2347 1201 2601 1270 stipulam
2629 1202 2707 1268 l";
2743 1201 2834 1256 sed
2869 1201 2914 1254 si
2943 1209 3235 1254 cernantur
3283 1197 3338 1250 in

1769 1292 1928 1348 nobis
1958 1292 2126 1363 ligna,
2165 1291 2369 1357 fenum,
2400 1293 2617 1361 stipula,
2648 1293 2720 1347 sit
2761 1293 2901 1346 Deus
2958 1301 3144 1346 noster
3175 1289 3339 1360 ignis,

1771 1383 1894 1439 talis
1936 1384 2174 1440 materias
2208 1393 2584 1450 consumptor,
2625 1383 2718 1452 qui
2759 1383 2959 1438 dicitur
2990 1401 3007 1434 ι
3035 1382 3179 1451 ignis
3207 1396 3341 1435 con—

1769 1489 2021 1542 sumens;
2056 1495 2074 1529 ι
2108 1478 2370 1547 docetque
2395 1477 2640 1548 profecto
2668 1475 2960 1530 Dominum
2989 1473 3116 1528 talia
3142 1487 3342 1527 consu-

1769 1577 1917 1617 mere
1943 1563 2233 1633 delereque
2267 1566 2475 1635 pejora,
2532 1579 2639 1636 quo
2680 1564 2825 1620 facto
2863 1563 3078 1619 dolores
3104 1562 3342 1617 arbitror

1769 1651 2092 1721 laboresque
2117 1654 2251 1708 oriri
2290 1654 2437 1708 nullo
2463 1668 2729 1723 corporeo
2767 1663 2910 1708 tactu
2962 1653 3105 1708 circa
3133 1653 3342 1724 princi-

1770 1749 1926 1812 palus
1970 1752 2028 1796 et
2065 1750 2252 1812 partes
2284 1742 2481 1796 anima:
2524 1743 3022 1811 prmstantissimas,
3051 1741 3141 1795 ubi
3199 1751 3344 1797 stru-

1771 1841 1922 1887 ctura
1954 1832 2118 1887 fuerit
2139 1833 2294 1902 digna
2323 1847 2442 1902 qua:
2465 1843 2885 1889 consummetur.
2907 1832 3019 1886 Lux
3049 1847 3178 1902 ergo
3204 1832 3344 1886 Deus

89 1929 525 2010 τοῦσωματικοῦ
566 1940 742 2008 φωτὸς
783 1939 1144 2011 μεταληφθεὶς
1190 1943 1270 2004 είς
1305 1940 1532 2012 ἀόρατον
1576 1941 1665 1993 καί

1773 1927 2104 1994 nominatur,
2145 1926 2504 1983 translatione
2533 1936 2747 1996 sumpta
2775 1942 2803 1980 a
2840 1925 2960 1980 luce
2991 1939 3252 1995 corporea
3276 1925 3343 1978 ad

88 2030 373 2100 ἀσώματον
427 2031 562 2099 φῶς,
595 2031 682 2084 διὰ
732 2033 832 2101 τὴν
887 2031 944 2085 ὲν
995 2031 1074 2102 τῷ
1139 2031 1390 2100 φωτίζειν
1446 2031 1668 2103 νοητοὺς

88 2121 394 2190 ὀφθαλμοὺς
441 2121 668 2194 δύναμιν
719 2122 865 2177 οὕτω
907 2123 1196 2194 λεγόμενος
1230 2141 1242 2154 ·
1308 2143 1326 2176 ι
1370 2123 1480 2195 πῦρ
1539 2143 1557 2175 ι
1608 2139 1668 2175 τε

90 2214 548 2283 προσαγορεύεται
570 2232 589 2264 ι
619 2213 1030 2278 καταναλίσκον,
1061 2233 1078 2266 ι
1106 2214 1212 2268 ἀπὸ
1234 2215 1329 2269 τοῦ
1357 2214 1668 2286 σωματικοῦ

91 2302 269 2372 πυρὸς,
299 2305 397 2356 καὶ
435 2304 870 2358 καταναλωτικοῦ
895 2305 995 2375 τῆς
1022 2306 1233 2360 τοιᾶσδε
1274 2306 1405 2378 ὕλης
1447 2307 1671 2377 νοούμεο

89 2411 183 2456 νος.
220 2393 484 2448 Τοιοῦτόν
531 2413 583 2448 τι
617 2414 704 2466 μοι
739 2397 987 2466 φαίνεται
1015 2398 1106 2450 καὶ
1149 2398 1275 2469 περὶ
1302 2398 1364 2452 τὸ
1393 2397 1611 2469 πνεῦμα
1641 2399 1669 2450 ὁ

89 2482 208 2546 θεός
225 2500 239 2513 ·
270 2485 399 2537 ἐπεὶ
423 2485 532 2555 γὰρ
554 2487 633 2548 είς
662 2485 758 2558 τὴν
775 2486 885 2557 (75)
911 2488 1092 2558 μέσην
1126 2489 1219 2541 καὶ
1244 2489 1547 2558 κοινότερον
1573 2506 1671 2542 κα-

88 2573 348 2643 λουμένην
381 2573 528 2645 ζωην
567 2575 800 2645 ὁρῶντες
829 2577 924 2630 τοῦ
980 2579 1108 2648 περὶ
1156 2579 1304 2649 ἡμᾶς
1336 2580 1667 2649 πνεύματος,

89 2663 177 2731 τὴν
220 2663 569 2735 καλουμένην
615 2666 1068 2739 σωματικιῖπερον
1120 2669 1287 2740 πνοὴν
1338 2669 1484 2740 ζωῆς
1532 2668 1668 2735 ζωο-

90 2753 382 2812 πιοὺμεθα
435 2755 542 2808 ἀπὸ
590 2757 682 2810 τοῦ
739 2758 1084 2829 πνεύματος,
1145 2761 1511 2832 ὑπολαμϐάνω
1573 2763 1668 2817 ἀπ’

323 2847 574 2919 εἰλῆφθαι
613 2847 673 2900 rb
711 2849 928 2920 πνεῦμα
965 2849 1334 2918 λέγεσθαιτὸν
1369 2851 1500 2906 Θεὸν
1535 2854 1671 2924 πρὸς

89 2938 175 3009 τὴν
217 2939 487 3009 ἀληθινὴν
531 2937 674 3009 ζωὴν
715 2937 862 3010 ἡμᾶς
915 2941 1114 3010 ἄγοντα
1138 2959 1152 2972 ·
1200 2944 1261 2997 τὸ
1303 2943 1519 3015 πνεῦμα
1562 2945 1669 3017 γὰρ

91 3027 216 3082 κατά
265 3029 372 3098 τὴν
411 3027 631 3099 Γραφὴν
674 3027 888 3098 λέγεται
947 3031 1259 3097 ζωοποιεῖν,
1317 3034 1548 3106 φανερὸν
1588 3035 1670 3090 ὃτι

90 3118 409 3191 ’ζωοποίησιν
442 3119 504 3172 οὐ
536 3117 632 3188 τὴν
676 3119 848 3190 μέσην
869 3159 884 3182 ,
918 3120 1055 3173 ἀλλά
1081 3121 1179 3191 τὴν
1225 3121 1502 3194 Θειοτέραν
1525 3141 1538 3154 ·
1575 3124 1669 3178 κα)⁸

91 3213 186 3283 γὰρ
227 3214 294 3267 τὸ
359 3212 594 3284 γράμμα
627 3213 958 3276 ἀποκτείνει,
1001 3214 1094 3266 καὶ
1141 3216 1359 3285 ἐμποιεῖ
1415 3215 1666 3284 θάνατον,

89 3306 140 3358 οὐ
176 3305 266 3358 τὸν
317 3305 456 3359 κατά
494 3305 585 3358 τὸν
635 3305 909 3377 χωρισμὸν
950 3305 1050 3376 τῆς
1087 3305 1264 3377 ψυχῆς
1295 3307 1402 3360 ἀπὸ
1428 3307 1522 3362 τοῦ
1554 3308 1661 3362 σώ-

92 3414 289 3465 ματος,
331 3396 467 3450 ἀλλά
500 3396 591 3450 τὸν
624 3396 763 3450 κατά
800 3396 891 3450 τὸν
927 3394 1070 3466 (76)
1105 3398 1380 3469 χωρισμὸν
1421 3399 1522 3470 τῆς
1555 3399 1661 3470 ψυ-

89 3487 180 3556 ᾑς
210 3487 325 3540 ἀπὺ
355 3486 450 3539 τοῦ
484 3485 652 3552 Θεοῦ,
694 3488 788 3541 καὶ
823 3485 919 3540 τοῦ
959 3487 1167 3559 Κυρίου
1204 3488 1368 3544 αὑτοῦ
1389 3530 1403 3556 ,
1445 3491 1538 3545 καὶ
1567 3489 1661 3544 τοῦ

89 3579 234 3646 ἁγίου
265 3578 416 3631 11νεὺ
425 3595 612 3648 ματος.

151 3670 237 3723 24.
266 3670 496 3742 Μήποτε
535 3670 592 3724 δὲ
631 3670 726 3724 κα)¹
765 3670 826 3724 r6
849 3687 866 3701 °
906 3689 926 3722 ι
975 3671 1309 3735 ’Ᾱντανελεῖς
1349 3672 1409 3726 rb
1451 3673 1666 3746 πνεῦμα

93 3759 259 3812 αὐτῶν
280 3800 298 3823 ,
336 3760 432 3813 καὶ
471 3758 811 3829 ὲκλείψουσι·
851 3779 869 3813 ι
921 3760 1044 3825 καὶ,
1084 3779 1103 3813 ι
1159 3761 1567 3829 Ἐξαποστελεῖς
1605 3766 1665 3820 rb

95 3851 304 3921 πνεῦμά
329 3869 458 3914 σου,
495 3852 589 3905 καὶ
630 3851 1042 3923 κτισθὴσονται,
1084 3854 1176 3907 κα).
1222 3855 1552 3920 ἀνακαινιεῖς
1604 3857 1667 3910 rb

97 3943 375 4010 πρὸσωπον
407 3944 510 4013 τῆς
540 3945 679 4015 γῆς,
720 3963 740 3997 ι
794 3945 996 4015 βέλτιον
1034 3945 1379 4016 ὲκληψὸμεθα
1422 3948 1528 4001 ἀπὸ
1569 3949 1662 4002 τοῦ

98 4034 422 4104 Πνεῦματος,
446 4036 542 4089 καὶ
571 4035 1042 4108 ὑπολαμϐάνοιμεν
1066 4037 1199 4108 (77),
1225 4038 1306 4090 ὅτι
1331 4041 1360 4091 ὁ
1393 4041 1668 4111 στερισκό-

98 4142 246 4192 pavo;
277 4125 371 4178 τοῦ
399 4124 546 4178 Θείου
572 4127 888 4197 Πνεύματος
909 4127 1090 4197 χοῖκδς
1111 4127 1336 4196 γίνεται,
1365 4129 1666 4200 ἐπιτήδειόν

93 4233 147 4268 τε
177 4219 366 4271 ἑαυτὸν
402 4217 634 4287 ποιήσας
671 4217 806 4288 πρὸς
842 4215 1152 4289 παραδοχὴν
1180 4218 1342 4271 αὐτοῦ
1367 4259 1382 4284 ,
1429 4220 1523 4272 καὶ
1571 4218 1668 4272 λα-

93 4307 194 4360 ὒὼν
222 4309 356 4362 αὐτὸ
387 4307 842 4379 ἀνακτισθήσεται
867 4308 964 4362 καὶ
994 4310 1505 4382 ἀνακαινισοήσεται
1532 4311 1664 4384 (78).

155 4425 198 4456 ³⁸
229 4424 374 4479 Psal.
408 4441 570 4489 xxvi,
602 4424 652 4479 1.
727 4425 771 4494 ⁸9
810 4423 972 4480 Hebr.
1004 4441 1100 4491 xu,
1128 4425 1216 4480 29.
1294 4425 1340 4458 ⁸ο
1373 4426 1388 4480 Ι
1418 4426 1542 4482 Cor.
1593 4443 1655 4482 ut

1773 4464 1796 4483 ..
1872 4430 1915 4460 δι
1943 4428 2106 4485 llebr.
2132 4444 2232 4494 xu,
2258 4427 2350 4482 29.
2425 4429 2468 4458 δ’
2489 4425 2645 4483 Joan.
2676 4439 2748 4490 IV,
2779 4425 2872 4480 24.

94 4494 142 4550 6,
214 4495 332 4527 δδοδθ
359 4496 491 4549 ibid.
567 4496 614 4528 ⁸ο
644 4493 785 4550 Psal.
819 4508 936 4558 cm,
966 4495 1057 4550 29.
1133 4496 1177 4527 ⁵¹
1204 4495 1331 4550 ibid.
1364 4496 1456 4550 50.

1770 2016 2092 2072 invisibilem
2122 2026 2178 2072 et
2213 2019 2590 2088 incorporeum
2641 2019 2838 2082 lucem,
2865 2016 3024 2087 233
3056 2015 3137 2071 sic
3165 2016 3343 2072 dictus

1770 2122 1993 2182 propter
2032 2110 2143 2166 vim
2188 2089 2526 2166 illuiniuandi
2567 2109 2756 2167 oculos
2810 2109 3200 2182 intelligibiles.
3233 2111 3344 2178 Ap-

1769 2204 1999 2274 pellatur
2044 2203 2208 2258 etiam
2257 2221 2276 2254 ‹
2311 2203 2452 2273 ignis
2510 2202 2965 2266 consumens“,i
3025 2200 3342 2258 considera-

1771 2296 1922 2351 tione
1968 2295 2152 2350 habita
2187 2294 2255 2350 ab
2289 2310 2353 2350 eo
2387 2295 2509 2366 igne
2537 2295 2629 2365 qui
2666 2305 2750 2351 est
2800 2310 3090 2366 corporeus
3125 2303 3180 2349 et
3213 2309 3344 2348 con-

1770 2397 2016 2457 sumptor
2048 2386 2172 2442 talis
2209 2387 2468 2442 materiae.
2504 2385 2694 2441 Simile
2734 2387 2990 2457 quiddam
3025 2385 3156 2440 mihi
3195 2384 3344 2439 vide-

1772 2488 1864 2534 tur
1893 2495 2012 2535 esse
2068 2479 2229 2545 Deus,
2280 2495 2402 2535 cum
2442 2479 2665 2549 Spiritus
2705 2479 2904 2535 dicitur
2941 2480 2986 2511 δ’
3024 2493 3041 2534 :
3085 2478 3340 2549 quoniam

1771 2571 1914 2626 enim
1952 2570 2318 2626 viviﬁcatione
2349 2585 2411 2627 ea
2447 2586 2568 2642 quae
2607 2573 2780 2627 media
2825 2580 2929 2638 est,
2964 2578 3019 2626 et
3048 2586 3168 2640 quae
3192 2584 3344 2625 com-

1771 2663 2006 2718 muniori
2051 2662 2313 2718 vocabulo
2336 2664 2442 2718 vita
2483 2662 2804 2734 appellatur,
2834 2663 2979 2718 dicta
3020 2661 3194 2718 etiatﬁ
3216 2675 3341 2731 cor-

1772 2754 1974 2825 poralis
2022 2751 2182 2809 ﬂatus
2216 2754 2338 2808 vitae
2363 2793 2378 2819 ,
2407 2753 2654 2809 viventes
2683 2753 3022 2807 viviticamur
3056 2767 3084 2806 a
3116 2752 3342 2822 spiritu;

1773 2845 1897 2901 inde
1927 2855 2199 2916 sumptum
2226 2843 2397 2900 fuisse
2423 2844 2686 2908 arbitror,
2732 2853 2790 2898 ut
2824 2844 2969 2900 Deus
3014 2843 3218 2900 ducens
3248 2859 3347 2900 nos

1771 2937 1838 2994 ad
1868 2938 2032 2992 vitam
2071 2951 2278 3002 veram,
2320 2938 2546 3007 spiritus
2598 2936 2830 2992 dicatur.
2881 2937 3119 3006 Spiritus
3172 2937 3342 3003 enim,

1771 3045 1928 3088 more
1957 3045 2126 3086 sacrae
2171 3029 2491 3102 Scripturae,
2516 3029 2712 3086 dicitur
2741 3031 2791 3084 id
2824 3029 2967 3101 quod
3013 3028 3254 3084 viviﬁcat
3275 3029 3343 3094 “,

1773 3140 1882 3180 non
1916 3138 1982 3179 ea
2015 3122 2409 3188 viviﬁcatione,
2442 3137 2562 3193 qua:
2591 3134 2675 3178 est
2697 3121 2899 3188 media,
2927 3120 3024 3178 sed
3052 3119 3342 3186 diviniori;

1772 3217 1972 3275 etenim
1998 3216 2178 3272 littera
2197 3215 2398 3272 occidit
2417 3215 2556 3282 “°”,
2580 3215 2929 3285 etingenerat
2955 3223 3205 3281 mortem,
3237 3229 3344 3269 non

1769 3323 1892 3364 eam
1923 3323 2044 3378 qute
2073 3317 2156 3362 est
2183 3307 2452 3376 separatio
2504 3307 2699 3361 animae
2726 3320 2756 3360 a
2795 3320 3042 3375 corpore,
3073 3304 3168 3361 sed
3198 3319 3345 3358 mor-

1771 3407 1880 3454 tem
1920 3412 2042 3468 qute
2092 3399 2331 3454 animam
2368 3413 2398 3454 a
2438 3397 2550 3455 Deo
2574 3405 2630 3455 et
2661 3395 2890 3452 Domiuo
2935 3411 3035 3453 suo
3070 3404 3126 3452 et
3153 3405 3344 3452 sancto

1769 3491 1976 3562 Spiritu
2002 3501 2245 3563 separat.

1841 3670 1933 3726 24.
1970 3670 2104 3728 Vide
2135 3671 2298 3743 igitur
2319 3687 2386 3728 ne
2411 3674 2553 3728 forte
2576 3671 2705 3726 illud
2738 3684 2754 3727 :
2791 3689 2812 3725 ι
2842 3670 3071 3726 Auferes
3091 3671 3342 3739 spiritum

1770 3762 1839 3816 ab
1877 3763 1976 3829 eis,
2005 3771 2059 3817 et
2098 3763 2353 3818 deﬁcient
2377 3763 2459 3828 ⁸ος
2493 3782 2512 3816 ι
2547 3772 2605 3819 ει
2647 3763 2820 3819 illud:
2857 3780 2876 3814 ι
2915 3761 3146 3817 Emittes
3183 3761 3346 3831 spiri-

1773 3860 1881 3906 tum
1915 3861 2083 3914 tuum,
2119 3863 2174 3907 et
2212 3853 2568 3918 creabuntur,
2603 3860 2659 3908 et
2683 3851 2975 3907 renovabis
3003 3851 3197 3906 faciem
3230 3861 3340 3906 ter-

1769 3959 1844 3999 rte
1865 3945 1932 4010 σί,
1957 3964 1976 3998 ι
2016 3943 2208 4000 melius
2239 3958 2633 4013 exponeremus
2663 3945 2728 3999 de
2758 3943 2942 3998 divino
2972 3941 3196 4012 Spiritu,
3228 3941 3344 3996 exi-

1770 4035 2055 4091 stimantes
2087 4036 2232 4102 quod
2264 4034 2356 4103 qui
2401 4034 2648 4103 privatur
2676 4033 2858 4088 divino
2906 4031 3134 4101 Spiritu,
3168 4038 3342 4084 terre-

1772 4140 1876 4182 nus
1909 4124 2213 4191 eﬂiciatur;
2252 4140 2374 4181 cum
2407 4131 2599 4180 contra
2641 4123 2732 4193 qui
2760 4134 2946 4190 aptum
2987 4120 3224 4190 seipsum
3253 4117 3340 4184 Ie-

1772 4218 1911 4273 cerit
1937 4223 2004 4274 ad
2035 4218 2434 4286 susceptionem
2465 4215 2660 4286 ipsius,
2692 4225 2746 4270 et
2777 4229 2899 4269 eum
2931 4211 3223 4282 acceperit,
3249 4223 3341 4263 re-

1776 4321 2003 4366 novetur
2034 4321 2090 4365 et
2117 4311 2293 4366 denuo
2321 4317 2559 4364 creetur.
2602 4304 2920 4378 Huiusmodi
2953 4302 3210 4373 quiddam
3257 4309 3344 4358 est

2946 4423 2993 4456 ⁴³
3019 4422 3062 4477 ll
3088 4421 3214 4478 Cor.
3257 4436 3341 4486 III,

159 4586 269 4656 (Ἠ)
299 4585 428 4664 ’Τοῦ
459 4585 574 4640 νοῦ
601 4585 864 4664 ᾀοράιτου
904 4584 1061 4655 ἡμᾶς
1087 4567 1661 4664 μύῌζὸνιύπολαμόἇτ

1773 4587 2131 4664 rsg_Graecum
2161 4601 2267 4641 non
2301 4596 2424 4640 est:
2454 4583 2705 4664 D_1tt6VTO;
2728 4581 2871 4664 quod
2903 4581 3104 4664 legisse
3126 4578 3342 4664 γίιεειιιι-

97 4655 485 4735 τει-νΑςρῶς.....
507 4655 616 4735 ,καί
656 4655 887 4735 πρέπον
929 4673 998 4724 γε
1016 4655 1120 4735 ⁸τῷ
1157 4657 1368 4735 ’Κυρίφ-
1413 4655 1544 4711 earl
1595 4659 1663 4735 rb

97 4727 428 4779 ἀναλίσκον
459 4725 533 4780 τὰ
557 4725 822 4790 τοιαῦτα,
852 4736 959 4780 etc.
1015 4725 1105 4780 Sic
1157 4727 1301 4780 hunc
1354 4726 1553 4790 locum,
1610 4729 1662 4782 in

97 4795 276 4849 codice
303 4794 476 4864 Regio
501 4796 706 4850 misere
758 4795 997 4849 luxatum
1031 4805 1086 4849 et
1119 4796 1360 4850 hiatibus
1416 4796 1662 4864 plenum,

99 4864 312 4918 sanitati
365 4865 706 4919 restituimus
752 4866 949 4934 partim
979 4880 1045 4920 ex
1094 4866 1282 4921 codice
1343 4865 1662 4929 Bodleiano.

100 4935 288 5000 partim
323 4949 386 4987 ex
419 4935 738 4988 Barherino.

163 5005 277 5070 [75)
321 5005 486 5058 ἐπεὶ
507 5002 620 5073 γὰρ
656 5006 743 5070 εις
767 5005 904 5072 τήν,
929 5012 1035 5059 etc.
1072 5003 1247 5059 Locus
1269 5005 1359 5060 hic
1379 5005 1664 5059 curatione

100 5072 316 5143 indiget,
355 5072 522 5143 quam
557 5089 624 5128 ex
663 5074 939 5129 codicibus
979 5075 1184 5129 nostris
1229 5090 1359 5131 mss.
1419 5075 1510 5128 vix
1558 5075 1662 5129 sibi

99 5142 508 5210 quis'spondere
539 5142 727 5213 possit.
755 5144 836 5199 Ad
863 5146 1162 5213 marginem
1207 5143 1414 5198 codicis
1458 5143 1663 5198 Barbe-

101 5213 196 5284 rini
219 5225 277 5264 et
306 5212 580 5284 Bodleiani
619 5212 815 5284 |_egitu_r
848 5230 862 5265 :
900 5213 1055 5284 Ἐπεὶ
1105 5212 1214 5284 γάρ
1260 5215 1308 5266 oi.
1350 5214 1468 5284 τὴν
1490 5214 1664 5284 μέσην

100 5283 182 5354 καὶ
208 5283 516 5354 κοινότερον
554 5281 902 5354 καλουμένην
952 5281 1096 5354 ζωὴν
1149 5281 1348 5347 ζῶντες
1389 5281 1502 5354 τοῦς
1538 5281 1665 5353 περ)⁸

99 5352 236 5424 ἡμεῖς
277 5351 610 5424 πνευματος,
818 5351 1158 5424 καλουμένην
1213 5351 1664 5424 σωματικώτερον

104 5421 263 5492 πνοὴν
301 5421 466 5492 ζωῆς,
497 5421 934 5493 ζωοποιούμεθα,
968 5421 1124 5493 _etc.,'
1160 5421 1323 5492 quam
1376 5421 1663 5493 lectionem

101 5490 312 5564 secutus
341 5490 573 5564 videtur
597 5490 927 5564 Ferrariusa
964 5490 1245 5546 Pcrionius
1286 5507 1382 5558 pro
1431 5492 1666 5564 ὁρῶντες

103 5559 291 5625 legisse
317 5561 525 5615 videtur
551 5561 824 5626 ὑπιόντες,
885 5562 966 5616 sic
1022 5573 1201 5616 autem
1267 5559 1664 5616 totum'locum

104 5629 479 5699 interpretatus
504 5641 590 5685 est
619 5650 633 5686 :
660 5651 683 5684 ε
708 5631 973 5697 Quoniam
999 5631 1141 5685 enim
1168 5645 1292 5686 cum
1323 5632 1376 5684 in
1410 5631 1662 5696 mediam,

101 5709 151 5749 et
185 5701 237 5753 in
262 5716 408 5764 eam,
440 5717 562 5770 quae
587 5700 785 5769 saepius
811 5702 918 5754 vita
946 5701 1270 5769 appellatur,
1304 5700 1529 5768 spiritus
1569 5703 1663 5767 qui

103 5783 195 5822 nos
223 5770 416 5833 ambit,
459 5772 627 5824 intrat
652 5786 717 5823 co
741 5771 934 5837 spiritu
961 5772 1102 5836 vitae,
1131 5771 1222 5839 qui
1253 5771 1494 5824 crassior
1526 5771 1665 5824 dici-

106 5847 207 5899 tur,
240 5840 347 5891 vivi
375 5841 688 5893 ellit-imura
718 5840 934 5908 spiritu,
971 5859 988 5892 ι
1027 5850 1133 5895 etc.
1167 5843 1221 5894 In
1262 5840 1448 5894 codice
1498 5840 1665 5907 Regio

106 5921 198 5975 pro
221 5909 454 5980 ὁρῶντες
480 5911 674 5981 legitur
697 5909 961 5978 ὁπῶντες,
995 5919 1050 5966 at
1101 5910 1446 5980 participium
1501 5909 1667 5965 ὀπῶν-

1766 4647 2068 4729 Perionius.
2099 4670 2262 4729 sensu
2284 4666 2463 4729 caret,
2484 4656 2720 4722 itemque
2745 4647 2981 4729 ὸρῷνεεξ
3007 4649 3162 4704 codd.
3183 4647 3338 4729 Pod-

1765 4728 1925 4783 leiani
1949 4737 2007 4780 et
2030 4727 2333 4780 Barberini.
2362 4719 2499 4780 Aliis
2518 4719 2652 4793 ergo
2687 4719 3046 4793 ριὀὁρῶντες
3090 4719 3337 4793 scriben-

1766 4799 1892 4868 dein
1907 4797 2129 4868 videtur
2155 4795 2412 4868 ὁρῷντος,
2431 4809 2501 4868 Δειε
2521 4787 2744 4868 vertunt
2773 4787 3013 4868 adimus
3058 4787 3286 4868 modum
3320 4803 3333 4868 ξ

1770 4886 1788 4918 ι
1825 4866 1956 4922 Tale
1986 4865 2116 4934 quid
2170 4857 2302 4919 mihi
2357 4857 2569 4920 videtur
2599 4873 2661 4934 et,
2703 4866 2769 4915 de
2817 4860 2944 4914 illo:
2978 4857 3220 4934 Spiritus
3253 4865 3338 4934 est

1766 4936 1926 5008 Deus.
1964 4925 2165 4990 {Nam
2217 4936 2343 5008 quia
2381 4950 2503 5008 cum
2535 4932 2761 5008 spiritus
2791 4937 2977 5008 noster
3003 4925 3228 5008 spectet
3268 4925 3334 4976 ad

1767 5007 2044 5069 mediam,
2104 5015 2160 5058 ct
2204 4998 2508 5075 ivulgarius
2565 4998 2910 5075 appellatam
2964 4998 3154 5075 vitam,
3213 5009 3336 5062 qua:

1765 5063 2585 5147 magiscorporaliteruvoeatur
2608 5063 2763 5147 (latus
2805 5069 2948 5147 ritas,
2998 5063 3335 5147 viviiieamur

1765 5160 1794 5198 a
1831 5134 2224 5218 spiritu-inde
2258 5155 2531 5218 sumptum
2556 5139 2724 5218 fuisse
2764 5137 3031 5218 arbitror,
3075 5134 3324 5218 ut'Deus.

1765 5205 1875 5282 qui'
1901 5230 2000 5270 nos
2025 5205 2174 5269 ducit
2219 5216 2288 5269 ad
2334 5205 2518 5268 véram
2552 5209 2768 5285 _vit_am,
2819 5206 3044 5285 spiritus
3100 5205 3329 5285 dicatur.

1766 5273 2004 5352 Spiritus
2039 5285 2184 5339 enim
2205 5273 2886 5352 secundumScripturam
2928 5276 3128 5352 dicitur
3155 5273 3332 5328 viviﬁ-

1767 5347 1914 5421 care,
1944 5355 2102 5423 plane
2155 5369 2260 5408 non
2290 5349 2650 5408 viviticatione
2695 5347 2894 5412 media,
2928 5347 3022 5401 sed
3075 5360 3164 5410 ea,
3209 5359 3329 5413 qua:

1766 5425 2000 5496 divinior
2028 5433 2130 5496 est.
2173 5444 2250 5496 )_
2341 5492 2369 5496 _
2537 5490 2549 5496 _
2706 5487 2736 5496 η
2843 5483 2880 5496 ,,
2961 5485 2974 5496 ,

1859 5495 1949 5562 76)
1977 5494 2137 5548 Κατὰ
2183 5494 2309 5548 τόν.
2341 5492 2501 5545 Deest
2537 5490 2591 5543 iu
2619 5483 3033 5562 codiceRegio.

1862 5554 2651 5633 77)Κιιίύπολαμϐάνοιμεν.
2711 5557 2822 5612 Καί
2877 5554 3215 5614 desideratur
3275 5554 3328 5610 in

1766 5633 1950 5690 codice
1976 5633 2166 5690 Regio.

1976 5651 2600 5767 ξΧνιὲέιῗιῖαινισθήοκιςιναι.
2622 5699 2714 5755 Sic
2744 5709 2889 5755 recte
2923 5700 3124 5754 habent
3169 5695 3324 5770 codd.

1769 5769 2098 5831 Bodleianus
2124 5785 2177 5826 et
2205 5773 2553 5839 Barberinus,
2579 5773 2630 5826 in
2667 5770 2834 5842 [legio
2885 5785 3161 5842 perperam
3198 5769 3324 5840 legi-

1771 5856 1859 5900 tur
1882 5844 2206 5914 σωθήσεται.
