  <div class='ocr_page' id='page_1' title='image "/cluster/home/n/w/nwhite01/storage/ocr_20150623/14/hvd.32044024333478/228.png"; bbox 0 0 3806 6534; ppageno 0'>
   <div class='ocr_carea' id='block_1_1' title="bbox 104 400 195 452">
    <p class='ocr_par' dir='ltr' id='par_1_1' title="bbox 104 400 195 452">
     <span class='ocr_line' id='line_1_1' title="bbox 104 400 195 452; baseline 0 -1"><span class='ocrx_word' id='word_1_1' title='bbox 104 400 195 452; x_wconf 70' lang='lat' dir='ltr'>HI</span> 
     </span>
    </p>
   </div>
   <div class='ocr_carea' id='block_1_2' title="bbox 1155 391 2294 461">
    <p class='ocr_par' dir='ltr' id='par_1_2' title="bbox 1155 391 2294 461">
     <span class='ocr_line' id='line_1_2' title="bbox 1155 391 2294 461; baseline 0.002 -2"><span class='ocrx_word' id='word_1_2' title='bbox 1155 391 1509 460; x_wconf 57' lang='lat' dir='ltr'><strong>CODIMENT.</strong></span> <span class='ocrx_word' id='word_1_3' title='bbox 1549 403 1616 459; x_wconf 77' lang='lat' dir='ltr'>IN</span> <span class='ocrx_word' id='word_1_4' title='bbox 1649 403 1843 460; x_wconf 67' lang='lat' dir='ltr'><strong>JOAN.</strong></span> <span class='ocrx_word' id='word_1_5' title='bbox 1881 402 2120 460; x_wconf 76' lang='lat' dir='ltr'><strong>TOMUS</strong></span> <span class='ocrx_word' id='word_1_6' title='bbox 2155 403 2294 461; x_wconf 82' lang='lat' dir='ltr'>XIII.</span> 
     </span>
    </p>
   </div>
   <div class='ocr_carea' id='block_1_3' title="bbox 2325 21 2563 30">
    <p class='ocr_par' dir='ltr' id='par_1_3' title="bbox 2325 21 2563 30">
     <span class='ocr_line' id='line_1_3' title="bbox 2325 21 2563 30; baseline 0.008 -2"><span class='ocrx_word' id='word_1_7' title='bbox 2325 21 2563 30; x_wconf 59' lang='lat'><strong>_._-——-</strong></span> 
     </span>
    </p>
   </div>
   <div class='ocr_carea' id='block_1_4' title="bbox 3239 411 3344 466">
    <p class='ocr_par' dir='ltr' id='par_1_4' title="bbox 3239 411 3344 466">
     <span class='ocr_line' id='line_1_4' title="bbox 3239 411 3344 466; baseline -0.019 0"><span class='ocrx_word' id='word_1_8' title='bbox 3239 411 3344 466; x_wconf 68' lang='grc' dir='ltr'>ιιιι.</span> 
     </span>
    </p>
   </div>
   <div class='ocr_carea' id='block_1_5' title="bbox 102 517 1674 594">
    <p class='ocr_par' dir='ltr' id='par_1_5' title="bbox 102 517 1668 594">
     <span class='ocr_line' id='line_1_5' title="bbox 102 517 1668 594; baseline 0.005 -27"><span class='ocrx_word' id='word_1_9' title='bbox 102 517 247 582; x_wconf 75' lang='grc' dir='ltr'>ἔαξεν</span> <span class='ocrx_word' id='word_1_10' title='bbox 280 517 430 588; x_wconf 72' lang='grc' dir='ltr'>ἡμᾶς</span> <span class='ocrx_word' id='word_1_11' title='bbox 464 517 636 572; x_wconf 87' lang='grc' dir='ltr'>ταῦτα</span> <span class='ocrx_word' id='word_1_12' title='bbox 675 519 863 582; x_wconf 73' lang='grc' dir='ltr'>εἰπὼν,</span> <span class='ocrx_word' id='word_1_13' title='bbox 905 519 1022 584; x_wconf 88' lang='grc' dir='ltr'><strong>πῶς</strong></span> <span class='ocrx_word' id='word_1_14' title='bbox 1047 521 1075 574; x_wconf 81' lang='grc' dir='ltr'>ὁ</span> <span class='ocrx_word' id='word_1_15' title='bbox 1107 520 1240 585; x_wconf 83' lang='grc' dir='ltr'><strong>Θεὸς</strong></span> <span class='ocrx_word' id='word_1_16' title='bbox 1273 522 1491 594; x_wconf 85' lang='grc' dir='ltr'>πνεῦμά</span> <span class='ocrx_word' id='word_1_17' title='bbox 1531 524 1668 575; x_wconf 83' lang='grc' dir='ltr'>ἐστι·</span> 
     </span>
    </p>
   </div>
   <div class='ocr_carea' id='block_1_6' title="bbox 1767 517 3343 594">
    <p class='ocr_par' dir='ltr' id='par_1_6' title="bbox 1777 519 3343 591">
     <span class='ocr_line' id='line_1_6' title="bbox 1777 519 3343 591; baseline 0.005 -17"><span class='ocrx_word' id='word_1_18' title='bbox 1777 521 1995 586; x_wconf 76' lang='lat' dir='ltr'><strong>tlixerit,</strong></span> <span class='ocrx_word' id='word_1_19' title='bbox 2031 522 2173 576; x_wconf 89' lang='lat' dir='ltr'><strong>haud</strong></span> <span class='ocrx_word' id='word_1_20' title='bbox 2221 521 2336 577; x_wconf 83' lang='lat' dir='ltr'><strong>scio</strong></span> <span class='ocrx_word' id='word_1_21' title='bbox 2385 535 2454 575; x_wconf 83' lang='lat' dir='ltr'><strong>an</strong></span> <span class='ocrx_word' id='word_1_22' title='bbox 2479 519 2729 576; x_wconf 90' lang='lat' dir='ltr'><strong>docuerit</strong></span> <span class='ocrx_word' id='word_1_23' title='bbox 2782 534 2880 576; x_wconf 90' lang='lat' dir='ltr'><strong>nos</strong></span> <span class='ocrx_word' id='word_1_24' title='bbox 2909 523 3176 591; x_wconf 89' lang='lat' dir='ltr'><strong>quomodo</strong></span> <span class='ocrx_word' id='word_1_25' title='bbox 3204 527 3343 582; x_wconf 72' lang='lat' dir='ltr'><strong>lit-us</strong></span> 
     </span>
    </p>
   </div>
   <div class='ocr_carea' id='block_1_7' title="bbox 102 610 1670 688">
    <p class='ocr_par' dir='ltr' id='par_1_7' title="bbox 102 610 1670 688">
     <span class='ocr_line' id='line_1_7' title="bbox 102 610 1670 688; baseline 0.004 -26"><span class='ocrx_word' id='word_1_26' title='bbox 102 611 155 662; x_wconf 75' lang='grc' dir='ltr'><strong>τὸ</strong></span> <span class='ocrx_word' id='word_1_27' title='bbox 185 610 240 665; x_wconf 85' lang='grc' dir='ltr'><strong>δέ</strong></span> <span class='ocrx_word' id='word_1_28' title='bbox 261 625 278 640; x_wconf 86' lang='grc'>⁶</span> <span class='ocrx_word' id='word_1_29' title='bbox 323 629 340 660; x_wconf 83' lang='lat' dir='ltr'><strong>t</strong></span> <span class='ocrx_word' id='word_1_30' title='bbox 374 611 512 676; x_wconf 75' lang='grc' dir='ltr'>Τοὺς</span> <span class='ocrx_word' id='word_1_31' title='bbox 547 613 985 684; x_wconf 79' lang='grc' dir='ltr'><strong>προσκυνοῦντας</strong></span> <span class='ocrx_word' id='word_1_32' title='bbox 1017 616 1074 668; x_wconf 81' lang='grc' dir='ltr'>ὲν</span> <span class='ocrx_word' id='word_1_33' title='bbox 1111 615 1379 686; x_wconf 83' lang='grc' dir='ltr'>πνεύματι</span> <span class='ocrx_word' id='word_1_34' title='bbox 1413 617 1505 669; x_wconf 75' lang='grc' dir='ltr'><strong>καὶ</strong></span> <span class='ocrx_word' id='word_1_35' title='bbox 1538 616 1670 688; x_wconf 84' lang='grc' dir='ltr'>ἀλη-</span> 
     </span>
    </p>
   </div>
   <div class='ocr_carea' id='block_1_8' title="bbox 103 709 1666 784">
    <p class='ocr_par' dir='ltr' id='par_1_8' title="bbox 103 709 1666 784">
     <span class='ocr_line' id='line_1_8' title="bbox 103 709 1666 784; baseline 0.004 -24"><span class='ocrx_word' id='word_1_36' title='bbox 103 709 214 778; x_wconf 65' lang='grc' dir='ltr'>θείᾳ</span> <span class='ocrx_word' id='word_1_37' title='bbox 246 709 330 762; x_wconf 87' lang='grc' dir='ltr'><strong>δεῖ</strong></span> <span class='ocrx_word' id='word_1_38' title='bbox 362 715 718 781; x_wconf 76' lang='grc' dir='ltr'>προσκυνεῖν,</span> <span class='ocrx_word' id='word_1_39' title='bbox 773 731 792 762; x_wconf 70' lang='grc' dir='ltr'><strong>ι</strong></span> <span class='ocrx_word' id='word_1_40' title='bbox 833 712 1148 782; x_wconf 70' lang='grc' dir='ltr'>σαφηνίζειν</span> <span class='ocrx_word' id='word_1_41' title='bbox 1191 712 1427 782; x_wconf 79' lang='grc' dir='ltr'>νομίζων</span> <span class='ocrx_word' id='word_1_42' title='bbox 1474 713 1666 784; x_wconf 77' lang='grc' dir='ltr'>φησίν·</span> 
     </span>
    </p>
   </div>
   <div class='ocr_carea' id='block_1_9' title="bbox 106 799 1672 876">
    <p class='ocr_par' dir='ltr' id='par_1_9' title="bbox 106 799 1672 876">
     <span class='ocr_line' id='line_1_9' title="bbox 106 799 1672 876; baseline 0.005 -25"><span class='ocrx_word' id='word_1_43' title='bbox 106 818 124 851; x_wconf 78' lang='grc' dir='ltr'><strong>ι</strong></span> <span class='ocrx_word' id='word_1_44' title='bbox 160 799 348 865; x_wconf 78' lang='grc' dir='ltr'>Ἀξίως</span> <span class='ocrx_word' id='word_1_45' title='bbox 377 799 472 852; x_wconf 87' lang='grc' dir='ltr'><strong>τοῦ</strong></span> <span class='ocrx_word' id='word_1_46' title='bbox 514 805 984 874; x_wconf 73' lang='grc' dir='ltr'>προσκυνουμένω</span> <span class='ocrx_word' id='word_1_47' title='bbox 1013 805 1416 876; x_wconf 81' lang='grc' dir='ltr'><strong>πνευματικῶς,</strong></span> <span class='ocrx_word' id='word_1_48' title='bbox 1439 806 1500 858; x_wconf 82' lang='grc' dir='ltr'><strong>οὐ</strong></span> <span class='ocrx_word' id='word_1_49' title='bbox 1541 822 1672 876; x_wconf 92' lang='grc' dir='ltr'>σαρ-</span> 
     </span>
    </p>
   </div>
   <div class='ocr_carea' id='block_1_10' title="bbox 104 891 1669 967">
    <p class='ocr_par' dir='ltr' id='par_1_10' title="bbox 104 891 1669 967">
     <span class='ocr_line' id='line_1_10' title="bbox 104 891 1669 967; baseline 0.004 -25"><span class='ocrx_word' id='word_1_50' title='bbox 104 891 296 952; x_wconf 86' lang='grc' dir='ltr'>κικῶς·</span> <span class='ocrx_word' id='word_1_51' title='bbox 337 891 433 944; x_wconf 68' lang='grc' dir='ltr'><strong>καὶ</strong></span> <span class='ocrx_word' id='word_1_52' title='bbox 469 891 579 963; x_wconf 85' lang='grc' dir='ltr'><strong>γὰρ</strong></span> <span class='ocrx_word' id='word_1_53' title='bbox 617 892 769 946; x_wconf 75' lang='grc' dir='ltr'>αὐτοὶ</span> <span class='ocrx_word' id='word_1_54' title='bbox 805 894 903 964; x_wconf 90' lang='grc' dir='ltr'><strong>τῆς</strong></span> <span class='ocrx_word' id='word_1_55' title='bbox 937 895 1104 965; x_wconf 80' lang='grc' dir='ltr'>αὐτῆς</span> <span class='ocrx_word' id='word_1_56' title='bbox 1147 894 1360 965; x_wconf 79' lang='grc' dir='ltr'>φύσεως</span> <span class='ocrx_word' id='word_1_57' title='bbox 1406 894 1556 960; x_wconf 77' lang='grc' dir='ltr'>ὄντες</span> <span class='ocrx_word' id='word_1_58' title='bbox 1592 897 1669 967; x_wconf 83' lang='grc' dir='ltr'><strong>τῷ</strong></span> 
     </span>
    </p>
   </div>
   <div class='ocr_carea' id='block_1_11' title="bbox 102 980 1667 1058">
    <p class='ocr_par' dir='ltr' id='par_1_11' title="bbox 102 980 1667 1058">
     <span class='ocr_line' id='line_1_11' title="bbox 102 980 1667 1058; baseline 0.006 -27"><span class='ocrx_word' id='word_1_59' title='bbox 102 981 267 1050; x_wconf 77' lang='grc' dir='ltr'>Πατρὶ</span> <span class='ocrx_word' id='word_1_60' title='bbox 306 980 525 1052; x_wconf 86' lang='grc' dir='ltr'>πνεῦμά</span> <span class='ocrx_word' id='word_1_61' title='bbox 555 985 726 1044; x_wconf 74' lang='grc' dir='ltr'>εἰσιν,</span> <span class='ocrx_word' id='word_1_62' title='bbox 761 985 958 1049; x_wconf 81' lang='grc' dir='ltr'>οἵτινες</span> <span class='ocrx_word' id='word_1_63' title='bbox 991 985 1129 1039; x_wconf 81' lang='grc' dir='ltr'>κατὰ</span> <span class='ocrx_word' id='word_1_64' title='bbox 1167 986 1442 1058; x_wconf 81' lang='grc' dir='ltr'>ἀλήθειαν,</span> <span class='ocrx_word' id='word_1_65' title='bbox 1482 989 1575 1040; x_wconf 79' lang='grc' dir='ltr'><strong>καὶ</strong></span> <span class='ocrx_word' id='word_1_66' title='bbox 1606 988 1667 1042; x_wconf 81' lang='grc' dir='ltr'><strong>οὐ</strong></span> 
     </span>
    </p>
   </div>
   <div class='ocr_carea' id='block_1_12' title="bbox 103 1071 1671 1144">
    <p class='ocr_par' dir='ltr' id='par_1_12' title="bbox 103 1071 1671 1144">
     <span class='ocr_line' id='line_1_12' title="bbox 103 1071 1671 1144; baseline 0.006 -22"><span class='ocrx_word' id='word_1_67' title='bbox 103 1073 231 1124; x_wconf 76' lang='grc' dir='ltr'>κατὰ</span> <span class='ocrx_word' id='word_1_68' title='bbox 256 1071 464 1144; x_wconf 74' lang='grc' dir='ltr'>πλάνην</span> <span class='ocrx_word' id='word_1_69' title='bbox 478 1073 859 1144; x_wconf 83' lang='grc' dir='ltr'>προσκυνοῦσι,</span> <span class='ocrx_word' id='word_1_70' title='bbox 879 1075 1010 1129; x_wconf 82' lang='grc' dir='ltr'>καθὸ</span> <span class='ocrx_word' id='word_1_71' title='bbox 1027 1077 1120 1130; x_wconf 77' lang='grc' dir='ltr'>καὶ</span> <span class='ocrx_word' id='word_1_72' title='bbox 1143 1079 1171 1130; x_wconf 79' lang='grc' dir='ltr'>ὀ</span> <span class='ocrx_word' id='word_1_73' title='bbox 1198 1076 1514 1140; x_wconf 82' lang='grc' dir='ltr'>Ἀπόστολος</span> <span class='ocrx_word' id='word_1_74' title='bbox 1527 1077 1671 1132; x_wconf 82' lang='grc' dir='ltr'>διδά-</span> 
     </span>
    </p>
   </div>
   <div class='ocr_carea' id='block_1_13' title="bbox 103 1161 1664 1240">
    <p class='ocr_par' dir='ltr' id='par_1_13' title="bbox 103 1161 1664 1240">
     <span class='ocr_line' id='line_1_13' title="bbox 103 1161 1664 1240; baseline 0.004 -27"><span class='ocrx_word' id='word_1_75' title='bbox 103 1178 213 1214; x_wconf 82' lang='grc' dir='ltr'>σκει</span> <span class='ocrx_word' id='word_1_76' title='bbox 225 1161 399 1229; x_wconf 78' lang='grc' dir='ltr'>λέγων</span> <span class='ocrx_word' id='word_1_77' title='bbox 419 1163 640 1235; x_wconf 79' lang='grc' dir='ltr'>λογικὴν</span> <span class='ocrx_word' id='word_1_78' title='bbox 660 1164 914 1235; x_wconf 83' lang='grc' dir='ltr'>λατρείαν</span> <span class='ocrx_word' id='word_1_79' title='bbox 924 1168 1020 1238; x_wconf 79' lang='grc' dir='ltr'>τὴν</span> <span class='ocrx_word' id='word_1_80' title='bbox 1035 1168 1287 1240; x_wconf 84' lang='grc' dir='ltr'>τοιαύτην</span> <span class='ocrx_word' id='word_1_81' title='bbox 1304 1169 1629 1224; x_wconf 80' lang='grc' dir='ltr'>θεοσέϐειαν.</span> <span class='ocrx_word' id='word_1_82' title='bbox 1646 1188 1664 1220; x_wconf 75' lang='grc' dir='ltr'><strong>ι</strong></span> 
     </span>
    </p>
   </div>
   <div class='ocr_carea' id='block_1_14' title="bbox 113 1253 1670 1330">
    <p class='ocr_par' dir='ltr' id='par_1_14' title="bbox 113 1253 1670 1330">
     <span class='ocr_line' id='line_1_14' title="bbox 113 1253 1670 1330; baseline 0.008 -28"><span class='ocrx_word' id='word_1_83' title='bbox 113 1253 517 1324; x_wconf 78' lang='grc' dir='ltr'>Ἐπιστήσωμεν</span> <span class='ocrx_word' id='word_1_84' title='bbox 562 1255 620 1308; x_wconf 81' lang='grc' dir='ltr'>δὲ</span> <span class='ocrx_word' id='word_1_85' title='bbox 671 1256 780 1328; x_wconf 90' lang='grc'><strong>(88)</strong></span> <span class='ocrx_word' id='word_1_86' title='bbox 823 1258 871 1310; x_wconf 81' lang='grc' dir='ltr'><strong>εί</strong></span> <span class='ocrx_word' id='word_1_87' title='bbox 919 1259 994 1330; x_wconf 81' lang='grc' dir='ltr'>μὴ</span> <span class='ocrx_word' id='word_1_88' title='bbox 1033 1259 1232 1330; x_wconf 72' lang='grc' dir='ltr'>σφόδρα</span> <span class='ocrx_word' id='word_1_89' title='bbox 1281 1260 1427 1313; x_wconf 78' lang='grc' dir='ltr'>ἐστὶν</span> <span class='ocrx_word' id='word_1_90' title='bbox 1477 1261 1670 1325; x_wconf 74' lang='grc' dir='ltr'>ἀσεϐὲς</span> 
     </span>
    </p>
   </div>
   <div class='ocr_carea' id='block_1_15' title="bbox 99 1341 1670 1421">
    <p class='ocr_par' dir='ltr' id='par_1_15' title="bbox 99 1341 1670 1421">
     <span class='ocr_line' id='line_1_15' title="bbox 99 1341 1670 1421; baseline 0.006 -29"><span class='ocrx_word' id='word_1_91' title='bbox 99 1341 409 1409; x_wconf 79' lang='grc' dir='ltr'>ὁμοουσίους</span> <span class='ocrx_word' id='word_1_92' title='bbox 442 1345 505 1414; x_wconf 81' lang='grc' dir='ltr'>τῇ</span> <span class='ocrx_word' id='word_1_93' title='bbox 538 1345 815 1416; x_wconf 78' lang='grc' dir='ltr'>ἀγεννήτῳ</span> <span class='ocrx_word' id='word_1_94' title='bbox 857 1345 1014 1415; x_wconf 81' lang='grc' dir='ltr'>φύσει</span> <span class='ocrx_word' id='word_1_95' title='bbox 1060 1348 1155 1400; x_wconf 80' lang='grc' dir='ltr'>καὶ</span> <span class='ocrx_word' id='word_1_96' title='bbox 1198 1350 1568 1421; x_wconf 79' lang='grc' dir='ltr'>παμμακαρίᾳ</span> <span class='ocrx_word' id='word_1_97' title='bbox 1594 1345 1670 1402; x_wconf 74' lang='grc' dir='ltr'><strong>εἷ-</strong></span> 
     </span>
    </p>
   </div>
   <div class='ocr_carea' id='block_1_16' title="bbox 101 1432 1670 1512">
    <p class='ocr_par' dir='ltr' id='par_1_16' title="bbox 101 1432 1670 1512">
     <span class='ocr_line' id='line_1_16' title="bbox 101 1432 1670 1512; baseline 0.008 -30"><span class='ocrx_word' id='word_1_98' title='bbox 101 1449 179 1485; x_wconf 72' lang='grc' dir='ltr'><strong>ναι</strong></span> <span class='ocrx_word' id='word_1_99' title='bbox 220 1432 404 1500; x_wconf 77' lang='grc' dir='ltr'>λέγειν</span> <span class='ocrx_word' id='word_1_100' title='bbox 436 1435 562 1498; x_wconf 81' lang='grc' dir='ltr'>τοὺς</span> <span class='ocrx_word' id='word_1_101' title='bbox 598 1437 1034 1506; x_wconf 78' lang='grc' dir='ltr'>προσκυνοῦντας</span> <span class='ocrx_word' id='word_1_102' title='bbox 1061 1439 1120 1491; x_wconf 81' lang='grc' dir='ltr'>ὲν</span> <span class='ocrx_word' id='word_1_103' title='bbox 1154 1438 1423 1510; x_wconf 85' lang='grc' dir='ltr'>πνεύματι</span> <span class='ocrx_word' id='word_1_104' title='bbox 1453 1441 1562 1511; x_wconf 88' lang='lat'><strong>(89)</strong></span> <span class='ocrx_word' id='word_1_105' title='bbox 1593 1440 1670 1512; x_wconf 83' lang='grc' dir='ltr'>τῷ</span> 
     </span>
    </p>
   </div>
   <div class='ocr_carea' id='block_1_17' title="bbox 97 1521 1669 1600">
    <p class='ocr_par' dir='ltr' id='par_1_17' title="bbox 97 1521 1669 1600">
     <span class='ocr_line' id='line_1_17' title="bbox 97 1521 1669 1600; baseline 0.009 -28"><span class='ocrx_word' id='word_1_106' title='bbox 97 1521 223 1590; x_wconf 78' lang='grc' dir='ltr'>Θεῷ,</span> <span class='ocrx_word' id='word_1_107' title='bbox 284 1523 381 1586; x_wconf 85' lang='grc' dir='ltr'><strong>οὓς</strong></span> <span class='ocrx_word' id='word_1_108' title='bbox 431 1525 538 1595; x_wconf 82' lang='grc' dir='ltr'><strong>πρὸ</strong></span> <span class='ocrx_word' id='word_1_109' title='bbox 580 1524 808 1596; x_wconf 88' lang='grc' dir='ltr'>βραχέος</span> <span class='ocrx_word' id='word_1_110' title='bbox 849 1523 1000 1581; x_wconf 83' lang='grc' dir='ltr'>εἶπεν</span> <span class='ocrx_word' id='word_1_111' title='bbox 1053 1530 1212 1593; x_wconf 75' lang='grc' dir='ltr'>αὐτὸς</span> <span class='ocrx_word' id='word_1_112' title='bbox 1261 1533 1290 1584; x_wconf 84' lang='grc' dir='ltr'>ὁ</span> <span class='ocrx_word' id='word_1_113' title='bbox 1353 1531 1669 1600; x_wconf 85' lang='grc' dir='ltr'>Ἡρακλέων</span> 
     </span>
    </p>
   </div>
   <div class='ocr_carea' id='block_1_18' title="bbox 98 1614 1670 1693">
    <p class='ocr_par' dir='ltr' id='par_1_18' title="bbox 98 1614 1670 1693">
     <span class='ocr_line' id='line_1_18' title="bbox 98 1614 1670 1693; baseline 0.009 -29"><span class='ocrx_word' id='word_1_114' title='bbox 98 1614 533 1680; x_wconf 79' lang='grc' dir='ltr'>ἐκπεπτωκότας,</span> <span class='ocrx_word' id='word_1_115' title='bbox 578 1616 675 1688; x_wconf 79' lang='grc' dir='ltr'>τὴν</span> <span class='ocrx_word' id='word_1_116' title='bbox 726 1618 1051 1689; x_wconf 80' lang='grc' dir='ltr'>Σαμαρεῖτιν</span> <span class='ocrx_word' id='word_1_117' title='bbox 1091 1621 1261 1690; x_wconf 85' lang='grc' dir='ltr'>λέγων</span> <span class='ocrx_word' id='word_1_118' title='bbox 1295 1625 1670 1693; x_wconf 80' lang='grc' dir='ltr'>πνευματικῆς</span> 
     </span>
    </p>
   </div>
   <div class='ocr_carea' id='block_1_19' title="bbox 97 1701 1670 1786">
    <p class='ocr_par' dir='ltr' id='par_1_19' title="bbox 97 1701 1670 1786">
     <span class='ocr_line' id='line_1_19' title="bbox 97 1701 1670 1786; baseline 0.009 -32"><span class='ocrx_word' id='word_1_119' title='bbox 97 1703 296 1770; x_wconf 65' lang='grc' dir='ltr'>ςύσεως</span> <span class='ocrx_word' id='word_1_120' title='bbox 324 1701 494 1759; x_wconf 78' lang='grc' dir='ltr'>οὖσαν</span> <span class='ocrx_word' id='word_1_121' title='bbox 531 1709 1022 1778; x_wconf 81' lang='grc' dir='ltr'>ὲκπεπορνευκέναι</span> <span class='ocrx_word' id='word_1_122' title='bbox 1049 1711 1184 1781; x_wconf 81' lang='grc'>(90).</span> <span class='ocrx_word' id='word_1_123' title='bbox 1233 1713 1368 1766; x_wconf 85' lang='grc' dir='ltr'>Ἀλλ’</span> <span class='ocrx_word' id='word_1_124' title='bbox 1402 1715 1499 1784; x_wconf 82' lang='grc' dir='ltr'><strong>οὐχ</strong></span> <span class='ocrx_word' id='word_1_125' title='bbox 1533 1714 1670 1786; x_wconf 84' lang='grc' dir='ltr'>ὁρῶ-</span> 
     </span>
    </p>
   </div>
   <div class='ocr_carea' id='block_1_20' title="bbox 98 1797 1669 1868">
    <p class='ocr_par' dir='ltr' id='par_1_20' title="bbox 98 1797 1669 1868">
     <span class='ocr_line' id='line_1_20' title="bbox 98 1797 1669 1868; baseline 0.01 -23"><span class='ocrx_word' id='word_1_126' title='bbox 98 1811 170 1846; x_wconf 83' lang='grc' dir='ltr'><strong>σιν</strong></span> <span class='ocrx_word' id='word_1_127' title='bbox 206 1798 252 1848; x_wconf 72' lang='grc' dir='ltr'>οἱ</span> <span class='ocrx_word' id='word_1_128' title='bbox 297 1797 479 1851; x_wconf 82' lang='grc' dir='ltr'>ταῦτα</span> <span class='ocrx_word' id='word_1_129' title='bbox 514 1797 782 1868; x_wconf 87' lang='grc' dir='ltr'>λέγοντες,</span> <span class='ocrx_word' id='word_1_130' title='bbox 809 1802 891 1854; x_wconf 80' lang='grc' dir='ltr'>ὅτι</span> <span class='ocrx_word' id='word_1_131' title='bbox 926 1803 1124 1866; x_wconf 86' lang='grc' dir='ltr'>παντὸς</span> <span class='ocrx_word' id='word_1_132' title='bbox 1155 1804 1262 1856; x_wconf 90' lang='grc' dir='ltr'><strong>τῶν</strong></span> <span class='ocrx_word' id='word_1_133' title='bbox 1297 1805 1549 1858; x_wconf 78' lang='grc' dir='ltr'>ἐναντίων</span> <span class='ocrx_word' id='word_1_134' title='bbox 1576 1807 1669 1860; x_wconf 74' lang='grc' dir='ltr'><strong>καὶ</strong></span> 
     </span>
    </p>
   </div>
   <div class='ocr_carea' id='block_1_21' title="bbox 1773 611 3342 684">
    <p class='ocr_par' dir='ltr' id='par_1_21' title="bbox 1773 611 3342 684">
     <span class='ocr_line' id='line_1_21' title="bbox 1773 611 3342 684; baseline -0.002 -14"><span class='ocrx_word' id='word_1_135' title='bbox 1773 615 1842 670; x_wconf 91' lang='lat' dir='ltr'><strong>sit</strong></span> <span class='ocrx_word' id='word_1_136' title='bbox 1892 613 2136 684; x_wconf 79' lang='lat' dir='ltr'><strong>spiritus.</strong></span> <span class='ocrx_word' id='word_1_137' title='bbox 2166 611 2299 668; x_wconf 87' lang='lat' dir='ltr'><strong>Illud</strong></span> <span class='ocrx_word' id='word_1_138' title='bbox 2325 613 2489 668; x_wconf 90' lang='lat' dir='ltr'><strong>etiam</strong></span> <span class='ocrx_word' id='word_1_139' title='bbox 2519 631 2532 667; x_wconf 91' lang='lat'><strong>:</strong></span> <span class='ocrx_word' id='word_1_140' title='bbox 2576 629 2595 664; x_wconf 79' lang='grc' dir='ltr'><strong>ι</strong></span> <span class='ocrx_word' id='word_1_141' title='bbox 2620 611 2924 668; x_wconf 82' lang='lat' dir='ltr'><strong>Adorantes</strong></span> <span class='ocrx_word' id='word_1_142' title='bbox 2970 624 3183 680; x_wconf 88' lang='lat' dir='ltr'><strong>oportet</strong></span> <span class='ocrx_word' id='word_1_143' title='bbox 3212 620 3342 669; x_wconf 80' lang='lat' dir='ltr'><strong>ado-</strong></span> 
     </span>
    </p>
   </div>
   <div class='ocr_carea' id='block_1_22' title="bbox 1773 703 3342 772">
    <p class='ocr_par' dir='ltr' id='par_1_22' title="bbox 1773 703 3342 772">
     <span class='ocr_line' id='line_1_22' title="bbox 1773 703 3342 772; baseline 0.001 -15"><span class='ocrx_word' id='word_1_144' title='bbox 1773 718 1896 758; x_wconf 86' lang='lat' dir='ltr'><strong>rare</strong></span> <span class='ocrx_word' id='word_1_145' title='bbox 1929 704 1982 758; x_wconf 88' lang='lat' dir='ltr'><strong>itt</strong></span> <span class='ocrx_word' id='word_1_146' title='bbox 2013 703 2206 772; x_wconf 86' lang='lat' dir='ltr'><strong>spiritu</strong></span> <span class='ocrx_word' id='word_1_147' title='bbox 2237 711 2294 759; x_wconf 91' lang='lat' dir='ltr'><strong>et</strong></span> <span class='ocrx_word' id='word_1_148' title='bbox 2326 703 2637 766; x_wconf 79' lang='lat' dir='ltr'><strong>veritate”;</strong></span> <span class='ocrx_word' id='word_1_149' title='bbox 2669 720 2688 754; x_wconf 69' lang='grc' dir='ltr'><strong>ι</strong></span> <span class='ocrx_word' id='word_1_150' title='bbox 2729 712 2878 757; x_wconf 89' lang='lat' dir='ltr'><strong>ratos</strong></span> <span class='ocrx_word' id='word_1_151' title='bbox 2930 719 2990 758; x_wconf 88' lang='lat' dir='ltr'><strong>se</strong></span> <span class='ocrx_word' id='word_1_152' title='bbox 3035 704 3342 770; x_wconf 74' lang='lat' dir='ltr'><strong>declarare,</strong></span> 
     </span>
    </p>
   </div>
   <div class='ocr_carea' id='block_1_23' title="bbox 1773 794 3342 866">
    <p class='ocr_par' dir='ltr' id='par_1_23' title="bbox 1773 794 3342 866">
     <span class='ocr_line' id='line_1_23' title="bbox 1773 794 3342 866; baseline 0.001 -17"><span class='ocrx_word' id='word_1_153' title='bbox 1773 795 1986 865; x_wconf 83' lang='lat' dir='ltr'><strong>inquit:</strong></span> <span class='ocrx_word' id='word_1_154' title='bbox 2018 815 2036 848; x_wconf 77' lang='grc' dir='ltr'><strong>ι</strong></span> <span class='ocrx_word' id='word_1_155' title='bbox 2059 796 2164 851; x_wconf 88' lang='lat' dir='ltr'><strong>Pro</strong></span> <span class='ocrx_word' id='word_1_156' title='bbox 2190 796 2453 866; x_wconf 77' lang='lat' dir='ltr'><strong>dignitate</strong></span> <span class='ocrx_word' id='word_1_157' title='bbox 2484 794 2600 863; x_wconf 82' lang='lat' dir='ltr'><strong>ejus</strong></span> <span class='ocrx_word' id='word_1_158' title='bbox 2627 795 2716 863; x_wconf 93' lang='lat' dir='ltr'><strong>qui</strong></span> <span class='ocrx_word' id='word_1_159' title='bbox 2750 796 3011 850; x_wconf 85' lang='lat' dir='ltr'><strong>adorator</strong></span> <span class='ocrx_word' id='word_1_160' title='bbox 3044 797 3342 864; x_wconf 87' lang='lat' dir='ltr'><strong>spirituali-</strong></span> 
     </span>
    </p>
   </div>
   <div class='ocr_carea' id='block_1_24' title="bbox 1772 887 3341 958">
    <p class='ocr_par' dir='ltr' id='par_1_24' title="bbox 1772 887 3341 958">
     <span class='ocr_line' id='line_1_24' title="bbox 1772 887 3341 958; baseline -0.001 -15"><span class='ocrx_word' id='word_1_161' title='bbox 1772 896 1877 955; x_wconf 86' lang='lat' dir='ltr'><strong>ter,</strong></span> <span class='ocrx_word' id='word_1_162' title='bbox 1914 903 2020 942; x_wconf 89' lang='lat' dir='ltr'><strong>non</strong></span> <span class='ocrx_word' id='word_1_163' title='bbox 2067 889 2366 943; x_wconf 81' lang='lat' dir='ltr'><strong>carnaliter</strong></span> <span class='ocrx_word' id='word_1_164' title='bbox 2395 909 2406 943; x_wconf 92' lang='lat'><strong>:</strong></span> <span class='ocrx_word' id='word_1_165' title='bbox 2435 889 2635 943; x_wconf 90' lang='lat' dir='ltr'><strong>etenim</strong></span> <span class='ocrx_word' id='word_1_166' title='bbox 2688 889 2789 958; x_wconf 91' lang='lat' dir='ltr'><strong>ipsi</strong></span> <span class='ocrx_word' id='word_1_167' title='bbox 2842 887 3082 954; x_wconf 85' lang='lat' dir='ltr'><strong>ejusdem</strong></span> <span class='ocrx_word' id='word_1_168' title='bbox 3134 899 3341 942; x_wconf 68' lang='lat' dir='ltr'><strong>natura:</strong></span> 
     </span>
    </p>
   </div>
   <div class='ocr_carea' id='block_1_25' title="bbox 1771 979 3340 1048">
    <p class='ocr_par' dir='ltr' id='par_1_25' title="bbox 1771 979 3340 1048">
     <span class='ocr_line' id='line_1_25' title="bbox 1771 979 3340 1048; baseline -0.001 -14"><span class='ocrx_word' id='word_1_169' title='bbox 1771 995 1894 1034; x_wconf 91' lang='lat' dir='ltr'><strong>cum</strong></span> <span class='ocrx_word' id='word_1_170' title='bbox 1951 979 2111 1034; x_wconf 83' lang='lat' dir='ltr'><strong>Patre</strong></span> <span class='ocrx_word' id='word_1_171' title='bbox 2167 980 2497 1034; x_wconf 86' lang='lat' dir='ltr'><strong>exsistentes</strong></span> <span class='ocrx_word' id='word_1_172' title='bbox 2552 988 2682 1035; x_wconf 89' lang='lat' dir='ltr'><strong>sunt</strong></span> <span class='ocrx_word' id='word_1_173' title='bbox 2727 979 2968 1048; x_wconf 87' lang='lat' dir='ltr'><strong>spiritus,</strong></span> <span class='ocrx_word' id='word_1_174' title='bbox 3003 980 3093 1048; x_wconf 93' lang='lat' dir='ltr'><strong>qui</strong></span> <span class='ocrx_word' id='word_1_175' title='bbox 3148 993 3340 1033; x_wconf 64' lang='lat' dir='ltr'><strong>secuno</strong></span> 
     </span>
    </p>
   </div>
   <div class='ocr_carea' id='block_1_26' title="bbox 1771 1069 3340 1126">
    <p class='ocr_par' dir='ltr' id='par_1_26' title="bbox 1771 1069 3340 1126">
     <span class='ocr_line' id='line_1_26' title="bbox 1771 1069 3340 1126; baseline -0.004 -1"><span class='ocrx_word' id='word_1_176' title='bbox 1771 1071 1899 1125; x_wconf 79' lang='lat' dir='ltr'><strong>dum</strong></span> <span class='ocrx_word' id='word_1_177' title='bbox 1953 1072 2235 1126; x_wconf 79' lang='lat' dir='ltr'><strong>veritatem</strong></span> <span class='ocrx_word' id='word_1_178' title='bbox 2285 1081 2340 1125; x_wconf 90' lang='lat' dir='ltr'><strong>et</strong></span> <span class='ocrx_word' id='word_1_179' title='bbox 2399 1087 2504 1126; x_wconf 93' lang='lat' dir='ltr'><strong>non</strong></span> <span class='ocrx_word' id='word_1_180' title='bbox 2563 1071 2860 1126; x_wconf 90' lang='lat' dir='ltr'><strong>secundum</strong></span> <span class='ocrx_word' id='word_1_181' title='bbox 2913 1084 3152 1124; x_wconf 88' lang='lat' dir='ltr'><strong>errorem</strong></span> <span class='ocrx_word' id='word_1_182' title='bbox 3208 1069 3340 1120; x_wconf 89' lang='lat' dir='ltr'><strong>ado-</strong></span> 
     </span>
    </p>
   </div>
   <div class='ocr_carea' id='block_1_27' title="bbox 1772 1159 3339 1232">
    <p class='ocr_par' dir='ltr' id='par_1_27' title="bbox 1772 1159 3339 1232">
     <span class='ocr_line' id='line_1_27' title="bbox 1772 1159 3339 1232; baseline -0.002 -17"><span class='ocrx_word' id='word_1_183' title='bbox 1772 1172 1918 1228; x_wconf 91' lang='lat' dir='ltr'><strong>rant,</strong></span> <span class='ocrx_word' id='word_1_184' title='bbox 1977 1163 2431 1231; x_wconf 82' lang='lat' dir='ltr'><strong>quemadmodum</strong></span> <span class='ocrx_word' id='word_1_185' title='bbox 2492 1173 2550 1218; x_wconf 93' lang='lat' dir='ltr'><strong>et</strong></span> <span class='ocrx_word' id='word_1_186' title='bbox 2593 1162 2885 1232; x_wconf 85' lang='lat' dir='ltr'><strong>Apostolus</strong></span> <span class='ocrx_word' id='word_1_187' title='bbox 2936 1161 3091 1214; x_wconf 90' lang='lat' dir='ltr'><strong>docet</strong></span> <span class='ocrx_word' id='word_1_188' title='bbox 3151 1159 3339 1212; x_wconf 86' lang='lat' dir='ltr'><strong>dicens</strong></span> 
     </span>
    </p>
   </div>
   <div class='ocr_carea' id='block_1_28' title="bbox 1777 1249 3332 1320">
    <p class='ocr_par' dir='ltr' id='par_1_28' title="bbox 1777 1249 3332 1320">
     <span class='ocr_line' id='line_1_28' title="bbox 1777 1249 3332 1320; baseline -0.003 -16"><span class='ocrx_word' id='word_1_189' title='bbox 1777 1270 1795 1304; x_wconf 79' lang='lat' dir='ltr'><strong>t</strong></span> <span class='ocrx_word' id='word_1_190' title='bbox 1837 1252 2211 1307; x_wconf 82' lang='lat' dir='ltr'><strong>rationabilem</strong></span> <span class='ocrx_word' id='word_1_191' title='bbox 2273 1254 2474 1309; x_wconf 90' lang='lat' dir='ltr'><strong>cultum</strong></span> <span class='ocrx_word' id='word_1_192' title='bbox 2517 1254 2593 1320; x_wconf 80' lang='lat'><strong>‘°,</strong></span> <span class='ocrx_word' id='word_1_193' title='bbox 2635 1273 2652 1305; x_wconf 71' lang='grc' dir='ltr'><strong>ι</strong></span> <span class='ocrx_word' id='word_1_194' title='bbox 2696 1253 2852 1307; x_wconf 84' lang='lat' dir='ltr'><strong>talem</strong></span> <span class='ocrx_word' id='word_1_195' title='bbox 2907 1251 2998 1306; x_wconf 91' lang='lat' dir='ltr'><strong>Dei</strong></span> <span class='ocrx_word' id='word_1_196' title='bbox 3057 1249 3280 1304; x_wconf 89' lang='lat' dir='ltr'><strong>cultum.</strong></span> <span class='ocrx_word' id='word_1_197' title='bbox 3311 1268 3332 1301; x_wconf 70' lang='grc' dir='ltr'><strong>ι</strong></span> 
     </span>
    </p>
   </div>
   <div class='ocr_carea' id='block_1_29' title="bbox 1771 1341 3331 1412">
    <p class='ocr_par' dir='ltr' id='par_1_29' title="bbox 1771 1341 3331 1412">
     <span class='ocr_line' id='line_1_29' title="bbox 1771 1341 3331 1412; baseline -0.006 -11"><span class='ocrx_word' id='word_1_198' title='bbox 1771 1342 1932 1412; x_wconf 84' lang='lat'><strong>235</strong></span> <span class='ocrx_word' id='word_1_199' title='bbox 1974 1343 2078 1398; x_wconf 70' lang='lat' dir='ltr'><strong>Sed</strong></span> <span class='ocrx_word' id='word_1_200' title='bbox 2117 1345 2498 1400; x_wconf 80' lang='lat' dir='ltr'><strong>adnotabimus</strong></span> <span class='ocrx_word' id='word_1_201' title='bbox 2543 1359 2609 1398; x_wconf 89' lang='lat' dir='ltr'><strong>an</strong></span> <span class='ocrx_word' id='word_1_202' title='bbox 2658 1359 2763 1400; x_wconf 90' lang='lat' dir='ltr'><strong>non</strong></span> <span class='ocrx_word' id='word_1_203' title='bbox 2796 1343 2950 1397; x_wconf 84' lang='lat' dir='ltr'><strong>valde</strong></span> <span class='ocrx_word' id='word_1_204' title='bbox 2991 1343 3063 1396; x_wconf 88' lang='lat' dir='ltr'><strong>sit</strong></span> <span class='ocrx_word' id='word_1_205' title='bbox 3105 1341 3331 1409; x_wconf 85' lang='lat' dir='ltr'><strong>impium</strong></span> 
     </span>
    </p>
   </div>
   <div class='ocr_carea' id='block_1_30' title="bbox 1773 1428 3333 1504">
    <p class='ocr_par' dir='ltr' id='par_1_30' title="bbox 1773 1428 3333 1504">
     <span class='ocr_line' id='line_1_30' title="bbox 1773 1428 3333 1504; baseline -0.004 -18"><span class='ocrx_word' id='word_1_206' title='bbox 1773 1435 1952 1490; x_wconf 84' lang='lat' dir='ltr'><strong>dicere</strong></span> <span class='ocrx_word' id='word_1_207' title='bbox 1977 1433 2117 1504; x_wconf 89' lang='lat' dir='ltr'><strong>quod</strong></span> <span class='ocrx_word' id='word_1_208' title='bbox 2141 1435 2426 1490; x_wconf 86' lang='lat' dir='ltr'><strong>adorantes</strong></span> <span class='ocrx_word' id='word_1_209' title='bbox 2457 1436 2622 1490; x_wconf 88' lang='lat' dir='ltr'><strong>Deum</strong></span> <span class='ocrx_word' id='word_1_210' title='bbox 2659 1436 2712 1488; x_wconf 89' lang='lat' dir='ltr'><strong>itt</strong></span> <span class='ocrx_word' id='word_1_211' title='bbox 2737 1433 2926 1502; x_wconf 83' lang='lat' dir='ltr'><strong>spiritu</strong></span> <span class='ocrx_word' id='word_1_212' title='bbox 2961 1432 3038 1504; x_wconf 87' lang='lat' dir='ltr'><strong>[et</strong></span> <span class='ocrx_word' id='word_1_213' title='bbox 3059 1428 3333 1500; x_wconf 84' lang='lat' dir='ltr'><strong>veritate,]</strong></span> 
     </span>
    </p>
   </div>
   <div class='ocr_carea' id='block_1_31' title="bbox 1770 1507 3331 1596">
    <p class='ocr_par' dir='ltr' id='par_1_31' title="bbox 1770 1507 3331 1596">
     <span class='ocr_line' id='line_1_31' title="bbox 1770 1507 3331 1596; baseline -0.004 -16"><span class='ocrx_word' id='word_1_214' title='bbox 1770 1527 2008 1596; x_wconf 88' lang='lat' dir='ltr'><strong>ejusdem</strong></span> <span class='ocrx_word' id='word_1_215' title='bbox 2043 1527 2150 1580; x_wconf 85' lang='lat' dir='ltr'><strong>sint</strong></span> <span class='ocrx_word' id='word_1_216' title='bbox 2171 1529 2422 1582; x_wconf 74' lang='lat' dir='ltr'><strong>essentite</strong></span> <span class='ocrx_word' id='word_1_217' title='bbox 2449 1507 2570 1581; x_wconf 79' lang='lat' dir='ltr'><strong>cum</strong></span> <span class='ocrx_word' id='word_1_218' title='bbox 2597 1526 2834 1596; x_wconf 84' lang='lat' dir='ltr'><strong>ingenita</strong></span> <span class='ocrx_word' id='word_1_219' title='bbox 2859 1525 2946 1576; x_wconf 90' lang='lat' dir='ltr'><strong>illa</strong></span> <span class='ocrx_word' id='word_1_220' title='bbox 2979 1534 3034 1578; x_wconf 90' lang='lat' dir='ltr'><strong>et</strong></span> <span class='ocrx_word' id='word_1_221' title='bbox 3059 1523 3331 1592; x_wconf 80' lang='lat' dir='ltr'><strong>undequa-</strong></span> 
     </span>
    </p>
   </div>
   <div class='ocr_carea' id='block_1_32' title="bbox 1771 1611 3334 1686">
    <p class='ocr_par' dir='ltr' id='par_1_32' title="bbox 1771 1611 3334 1686">
     <span class='ocr_line' id='line_1_32' title="bbox 1771 1611 3334 1686; baseline 0 -20"><span class='ocrx_word' id='word_1_222' title='bbox 1771 1631 1875 1686; x_wconf 89' lang='lat' dir='ltr'><strong>qne</strong></span> <span class='ocrx_word' id='word_1_223' title='bbox 1904 1616 2058 1670; x_wconf 89' lang='lat' dir='ltr'><strong>beata</strong></span> <span class='ocrx_word' id='word_1_224' title='bbox 2097 1623 2313 1682; x_wconf 81' lang='lat' dir='ltr'><strong>natura,</strong></span> <span class='ocrx_word' id='word_1_225' title='bbox 2339 1631 2477 1685; x_wconf 88' lang='lat' dir='ltr'><strong>quos</strong></span> <span class='ocrx_word' id='word_1_226' title='bbox 2505 1617 2666 1686; x_wconf 90' lang='lat' dir='ltr'><strong>paulo</strong></span> <span class='ocrx_word' id='word_1_227' title='bbox 2693 1627 2818 1670; x_wconf 90' lang='lat' dir='ltr'><strong>ante</strong></span> <span class='ocrx_word' id='word_1_228' title='bbox 2851 1616 3062 1669; x_wconf 75' lang='lat' dir='ltr'><strong>dixerat</strong></span> <span class='ocrx_word' id='word_1_229' title='bbox 3093 1613 3206 1683; x_wconf 87' lang='lat' dir='ltr'><strong>ipse</strong></span> <span class='ocrx_word' id='word_1_230' title='bbox 3228 1611 3334 1666; x_wconf 87' lang='lat' dir='ltr'><strong>lle-</strong></span> 
     </span>
    </p>
   </div>
   <div class='ocr_carea' id='block_1_33' title="bbox 1771 1708 3338 1779">
    <p class='ocr_par' dir='ltr' id='par_1_33' title="bbox 1771 1708 3338 1779">
     <span class='ocr_line' id='line_1_33' title="bbox 1771 1708 3338 1779; baseline -0.005 -13"><span class='ocrx_word' id='word_1_231' title='bbox 1771 1711 1988 1766; x_wconf 81' lang='lat' dir='ltr'><strong>racleon</strong></span> <span class='ocrx_word' id='word_1_232' title='bbox 2044 1711 2223 1779; x_wconf 89' lang='lat' dir='ltr'><strong>lapsos</strong></span> <span class='ocrx_word' id='word_1_233' title='bbox 2269 1710 2466 1774; x_wconf 80' lang='lat' dir='ltr'><strong>fuisse,</strong></span> <span class='ocrx_word' id='word_1_234' title='bbox 2533 1725 2656 1764; x_wconf 88' lang='lat' dir='ltr'><strong>cum</strong></span> <span class='ocrx_word' id='word_1_235' title='bbox 2701 1708 3086 1764; x_wconf 87' lang='lat' dir='ltr'><strong>Samaritidem</strong></span> <span class='ocrx_word' id='word_1_236' title='bbox 3133 1709 3338 1762; x_wconf 86' lang='lat' dir='ltr'><strong>diceret</strong></span> 
     </span>
    </p>
   </div>
   <div class='ocr_carea' id='block_1_34' title="bbox 1771 1797 3334 1868">
    <p class='ocr_par' dir='ltr' id='par_1_34' title="bbox 1771 1797 3334 1868">
     <span class='ocr_line' id='line_1_34' title="bbox 1771 1797 3334 1868; baseline 0 -14"><span class='ocrx_word' id='word_1_237' title='bbox 1771 1801 2066 1868; x_wconf 84' lang='lat' dir='ltr'><strong>spiritualis</strong></span> <span class='ocrx_word' id='word_1_238' title='bbox 2090 1801 2445 1856; x_wconf 82' lang='lat' dir='ltr'><strong>exsistentem</strong></span> <span class='ocrx_word' id='word_1_239' title='bbox 2471 1808 2698 1862; x_wconf 68' lang='lat' dir='ltr'><strong>naturae,</strong></span> <span class='ocrx_word' id='word_1_240' title='bbox 2729 1799 3126 1853; x_wconf 88' lang='lat' dir='ltr'><strong>tueretricatam</strong></span> <span class='ocrx_word' id='word_1_241' title='bbox 3149 1797 3334 1854; x_wconf 76' lang='lat' dir='ltr'><strong>fuisse.</strong></span> 
     </span>
    </p>
   </div>
   <div class='ocr_carea' id='block_1_35' title="bbox 93 1867 1674 1969">
    <p class='ocr_par' dir='ltr' id='par_1_35' title="bbox 93 1867 1664 1969">
     <span class='ocr_line' id='line_1_35' title="bbox 93 1867 1664 1969; baseline 0.009 -32"><span class='ocrx_word' id='word_1_242' title='bbox 93 1885 188 1936; x_wconf 81' lang='grc' dir='ltr'><strong>τῶν</strong></span> <span class='ocrx_word' id='word_1_243' title='bbox 221 1887 402 1940; x_wconf 77' lang='grc' dir='ltr'>αὐτῶν</span> <span class='ocrx_word' id='word_1_244' title='bbox 433 1867 714 1942; x_wconf 81' lang='grc' dir='ltr'>δεκτικόν.</span> <span class='ocrx_word' id='word_1_245' title='bbox 753 1892 813 1944; x_wconf 85' lang='lat' dir='ltr'><strong>Ei</strong></span> <span class='ocrx_word' id='word_1_246' title='bbox 848 1891 904 1944; x_wconf 87' lang='grc' dir='ltr'>δὲ</span> <span class='ocrx_word' id='word_1_247' title='bbox 937 1891 1152 1956; x_wconf 82' lang='grc' dir='ltr'>ἐδέξατο</span> <span class='ocrx_word' id='word_1_248' title='bbox 1189 1894 1248 1946; x_wconf 84' lang='grc' dir='ltr'><strong>τὸ</strong></span> <span class='ocrx_word' id='word_1_249' title='bbox 1295 1897 1585 1966; x_wconf 87' lang='grc' dir='ltr'>πορνεῦσαι</span> <span class='ocrx_word' id='word_1_250' title='bbox 1631 1899 1664 1969; x_wconf 84' lang='grc' dir='ltr'><strong>ή</strong></span> 
     </span>
    </p>
   </div>
   <div class='ocr_carea' id='block_1_36' title="bbox 1767 1867 3336 1969">
    <p class='ocr_par' dir='ltr' id='par_1_36' title="bbox 1771 1867 3336 1952">
     <span class='ocr_line' id='line_1_36' title="bbox 1771 1867 3336 1952; baseline -0.002 -8"><span class='ocrx_word' id='word_1_251' title='bbox 1771 1867 1876 1945; x_wconf 79' lang='lat' dir='ltr'><strong>Sed</strong></span> <span class='ocrx_word' id='word_1_252' title='bbox 1909 1891 2023 1945; x_wconf 78' lang='lat' dir='ltr'><strong>haec</strong></span> <span class='ocrx_word' id='word_1_253' title='bbox 2052 1890 2294 1952; x_wconf 82' lang='lat' dir='ltr'><strong>dicentes</strong></span> <span class='ocrx_word' id='word_1_254' title='bbox 2321 1905 2426 1944; x_wconf 90' lang='lat' dir='ltr'><strong>non</strong></span> <span class='ocrx_word' id='word_1_255' title='bbox 2481 1889 2665 1944; x_wconf 91' lang='lat' dir='ltr'><strong>vident</strong></span> <span class='ocrx_word' id='word_1_256' title='bbox 2685 1889 2908 1944; x_wconf 89' lang='lat' dir='ltr'><strong>omnino</strong></span> <span class='ocrx_word' id='word_1_257' title='bbox 2935 1888 3336 1944; x_wconf 88' lang='lat' dir='ltr'><strong>contrariorum</strong></span> 
     </span>
    </p>
   </div>
   <div class='ocr_carea' id='block_1_37' title="bbox 94 1979 1667 2059">
    <p class='ocr_par' dir='ltr' id='par_1_37' title="bbox 94 1979 1667 2059">
     <span class='ocr_line' id='line_1_37' title="bbox 94 1979 1667 2059; baseline 0.008 -30"><span class='ocrx_word' id='word_1_258' title='bbox 94 1979 429 2051; x_wconf 78' lang='grc' dir='ltr'>πνευματικὴ</span> <span class='ocrx_word' id='word_1_259' title='bbox 463 1982 644 2051; x_wconf 82' lang='grc' dir='ltr'>φύσις,</span> <span class='ocrx_word' id='word_1_260' title='bbox 676 1982 956 2052; x_wconf 82' lang='grc' dir='ltr'>ὁμοούσιος</span> <span class='ocrx_word' id='word_1_261' title='bbox 975 1981 1109 2038; x_wconf 81' lang='grc' dir='ltr'>οὖσα</span> <span class='ocrx_word' id='word_1_262' title='bbox 1133 1989 1196 2057; x_wconf 78' lang='grc' dir='ltr'>τῇ</span> <span class='ocrx_word' id='word_1_263' title='bbox 1222 1987 1520 2059; x_wconf 80' lang='grc' dir='ltr'>ἁγεννήτῳ,</span> <span class='ocrx_word' id='word_1_264' title='bbox 1545 1989 1667 2041; x_wconf 83' lang='grc' dir='ltr'><strong>ἀνό-</strong></span> 
     </span>
    </p>
   </div>
   <div class='ocr_carea' id='block_1_38' title="bbox 95 2070 1664 2148">
    <p class='ocr_par' dir='ltr' id='par_1_38' title="bbox 95 2070 1664 2148">
     <span class='ocr_line' id='line_1_38' title="bbox 95 2070 1664 2148; baseline 0.009 -30"><span class='ocrx_word' id='word_1_265' title='bbox 95 2085 176 2120; x_wconf 75' lang='grc' dir='ltr'><strong>σια</strong></span> <span class='ocrx_word' id='word_1_266' title='bbox 200 2070 291 2121; x_wconf 73' lang='grc' dir='ltr'><strong>καὶ</strong></span> <span class='ocrx_word' id='word_1_267' title='bbox 324 2070 464 2125; x_wconf 80' lang='grc' dir='ltr'>ἄθεα</span> <span class='ocrx_word' id='word_1_268' title='bbox 503 2072 597 2125; x_wconf 74' lang='grc' dir='ltr'><strong>καὶ</strong></span> <span class='ocrx_word' id='word_1_269' title='bbox 626 2072 794 2142; x_wconf 74' lang='grc' dir='ltr'>ἀσεϐῆ</span> <span class='ocrx_word' id='word_1_270' title='bbox 833 2073 1114 2126; x_wconf 85' lang='grc' dir='ltr'>ἀκολουθεῖ</span> <span class='ocrx_word' id='word_1_271' title='bbox 1143 2074 1219 2145; x_wconf 85' lang='grc' dir='ltr'>τῷ</span> <span class='ocrx_word' id='word_1_272' title='bbox 1257 2075 1398 2146; x_wconf 82' lang='grc' dir='ltr'><strong>λόγῳ</strong></span> <span class='ocrx_word' id='word_1_273' title='bbox 1427 2077 1504 2148; x_wconf 81' lang='grc' dir='ltr'>τῷ</span> <span class='ocrx_word' id='word_1_274' title='bbox 1545 2079 1664 2131; x_wconf 80' lang='grc' dir='ltr'>κατ’</span> 
     </span>
    </p>
   </div>
   <div class='ocr_carea' id='block_1_39' title="bbox 94 2160 1665 2235">
    <p class='ocr_par' dir='ltr' id='par_1_39' title="bbox 94 2160 1665 2235">
     <span class='ocr_line' id='line_1_39' title="bbox 94 2160 1665 2235; baseline 0.007 -25"><span class='ocrx_word' id='word_1_275' title='bbox 94 2160 272 2222; x_wconf 76' lang='grc' dir='ltr'>αὐτοὺς</span> <span class='ocrx_word' id='word_1_276' title='bbox 289 2162 422 2232; x_wconf 70' lang='grc' dir='ltr'>περὶ</span> <span class='ocrx_word' id='word_1_277' title='bbox 438 2162 592 2215; x_wconf 73' lang='grc' dir='ltr'>Θεοῦο</span> <span class='ocrx_word' id='word_1_278' title='bbox 613 2164 731 2216; x_wconf 78' lang='grc' dir='ltr'>οὐδὲ</span> <span class='ocrx_word' id='word_1_279' title='bbox 757 2164 1192 2235; x_wconf 79' lang='grc' dir='ltr'>φαντασιωθῆναι</span> <span class='ocrx_word' id='word_1_280' title='bbox 1216 2166 1497 2221; x_wconf 83' lang='grc' dir='ltr'>ἀκίνδυνόν</span> <span class='ocrx_word' id='word_1_281' title='bbox 1518 2170 1665 2222; x_wconf 81' lang='grc' dir='ltr'>ἐστιν</span> 
     </span>
    </p>
   </div>
   <div class='ocr_carea' id='block_1_40' title="bbox 93 2248 1666 2326">
    <p class='ocr_par' dir='ltr' id='par_1_40' title="bbox 93 2248 1666 2326">
     <span class='ocr_line' id='line_1_40' title="bbox 93 2248 1666 2326; baseline 0.008 -27"><span class='ocrx_word' id='word_1_282' title='bbox 93 2248 347 2320; x_wconf 74' lang='grc' dir='ltr'>ἀλλήλοις.</span> <span class='ocrx_word' id='word_1_283' title='bbox 396 2252 716 2322; x_wconf 81' lang='grc' dir='ltr'>Πειθόμενοι</span> <span class='ocrx_word' id='word_1_284' title='bbox 763 2254 838 2325; x_wconf 84' lang='grc' dir='ltr'><strong>τῷ</strong></span> <span class='ocrx_word' id='word_1_285' title='bbox 877 2256 1088 2326; x_wconf 76' lang='grc' dir='ltr'>Σωτῆρι</span> <span class='ocrx_word' id='word_1_286' title='bbox 1127 2255 1357 2324; x_wconf 87' lang='grc' dir='ltr'>λέγοντι·</span> <span class='ocrx_word' id='word_1_287' title='bbox 1389 2277 1406 2308; x_wconf 81' lang='lat' dir='ltr'><strong>t</strong></span> <span class='ocrx_word' id='word_1_288' title='bbox 1456 2258 1515 2310; x_wconf 85' lang='grc' dir='ltr'><strong>Ὀ</strong></span> <span class='ocrx_word' id='word_1_289' title='bbox 1555 2260 1666 2312; x_wconf 86' lang='grc' dir='ltr'><strong>Πα-</strong></span> 
     </span>
    </p>
   </div>
   <div class='ocr_carea' id='block_1_41' title="bbox 93 2339 1664 2412">
    <p class='ocr_par' dir='ltr' id='par_1_41' title="bbox 93 2339 1664 2412">
     <span class='ocr_line' id='line_1_41' title="bbox 93 2339 1664 2412; baseline 0.006 -20"><span class='ocrx_word' id='word_1_290' title='bbox 93 2339 180 2409; x_wconf 72' lang='grc' dir='ltr'><strong>τὴρ</strong></span> <span class='ocrx_word' id='word_1_291' title='bbox 215 2341 243 2393; x_wconf 78' lang='grc' dir='ltr'>ὁ</span> <span class='ocrx_word' id='word_1_292' title='bbox 273 2339 503 2409; x_wconf 67' lang='grc' dir='ltr'>πέμψας</span> <span class='ocrx_word' id='word_1_293' title='bbox 549 2358 617 2411; x_wconf 90' lang='grc' dir='ltr'><strong>με</strong></span> <span class='ocrx_word' id='word_1_294' title='bbox 650 2341 848 2412; x_wconf 78' lang='grc' dir='ltr'>μείζων</span> <span class='ocrx_word' id='word_1_295' title='bbox 894 2359 995 2412; x_wconf 90' lang='grc' dir='ltr'><strong>μου</strong></span> <span class='ocrx_word' id='word_1_296' title='bbox 1033 2343 1172 2407; x_wconf 78' lang='grc' dir='ltr'>ἐστί,</span> <span class='ocrx_word' id='word_1_297' title='bbox 1206 2363 1224 2396; x_wconf 72' lang='grc' dir='ltr'><strong>ι</strong></span> <span class='ocrx_word' id='word_1_298' title='bbox 1256 2347 1350 2399; x_wconf 76' lang='grc' dir='ltr'><strong>καὶ</strong></span> <span class='ocrx_word' id='word_1_299' title='bbox 1387 2345 1474 2399; x_wconf 81' lang='grc' dir='ltr'>διὰ</span> <span class='ocrx_word' id='word_1_300' title='bbox 1508 2346 1664 2401; x_wconf 84' lang='grc' dir='ltr'>τοῦτο</span> 
     </span>
    </p>
   </div>
   <div class='ocr_carea' id='block_1_42' title="bbox 95 2428 1662 2509">
    <p class='ocr_par' dir='ltr' id='par_1_42' title="bbox 95 2428 1662 2509">
     <span class='ocr_line' id='line_1_42' title="bbox 95 2428 1662 2509; baseline 0.007 -30"><span class='ocrx_word' id='word_1_301' title='bbox 95 2428 159 2498; x_wconf 76' lang='grc' dir='ltr'><strong>μὴ</strong></span> <span class='ocrx_word' id='word_1_302' title='bbox 209 2430 489 2497; x_wconf 73' lang='grc' dir='ltr'>ἐνεγκόντι</span> <span class='ocrx_word' id='word_1_303' title='bbox 528 2430 661 2500; x_wconf 84' lang='grc' dir='ltr'>μηδὲ</span> <span class='ocrx_word' id='word_1_304' title='bbox 708 2431 826 2502; x_wconf 80' lang='grc' dir='ltr'>τὴν,</span> <span class='ocrx_word' id='word_1_305' title='bbox 870 2433 1092 2500; x_wconf 82' lang='grc' dir='ltr'>ἀγαθὸς,</span> <span class='ocrx_word' id='word_1_306' title='bbox 1136 2436 1508 2508; x_wconf 82' lang='grc' dir='ltr'>προσηγορίαν</span> <span class='ocrx_word' id='word_1_307' title='bbox 1565 2439 1662 2509; x_wconf 73' lang='grc' dir='ltr'><strong>τὴν</strong></span> 
     </span>
    </p>
   </div>
   <div class='ocr_carea' id='block_1_43' title="bbox 94 2522 1664 2601">
    <p class='ocr_par' dir='ltr' id='par_1_43' title="bbox 94 2522 1664 2601">
     <span class='ocr_line' id='line_1_43' title="bbox 94 2522 1664 2601; baseline 0.008 -30"><span class='ocrx_word' id='word_1_308' title='bbox 94 2522 292 2590; x_wconf 77' lang='grc' dir='ltr'>κυρίαν,</span> <span class='ocrx_word' id='word_1_309' title='bbox 337 2524 438 2575; x_wconf 65' lang='grc' dir='ltr'><strong>κει)⁸</strong></span> <span class='ocrx_word' id='word_1_310' title='bbox 480 2523 675 2594; x_wconf 76' lang='grc' dir='ltr'>ἀληθῆ.</span> <span class='ocrx_word' id='word_1_311' title='bbox 710 2525 802 2577; x_wconf 82' lang='grc' dir='ltr'><strong>καὶ</strong></span> <span class='ocrx_word' id='word_1_312' title='bbox 837 2524 1048 2577; x_wconf 87' lang='grc' dir='ltr'>τελείαν</span> <span class='ocrx_word' id='word_1_313' title='bbox 1083 2525 1488 2598; x_wconf 83' lang='grc' dir='ltr'>παραδέξασθαι</span> <span class='ocrx_word' id='word_1_314' title='bbox 1516 2531 1664 2601; x_wconf 76' lang='grc' dir='ltr'>αὐτῷ</span> 
     </span>
    </p>
   </div>
   <div class='ocr_carea' id='block_1_44' title="bbox 95 2613 1664 2692">
    <p class='ocr_par' dir='ltr' id='par_1_44' title="bbox 95 2613 1664 2692">
     <span class='ocr_line' id='line_1_44' title="bbox 95 2613 1664 2692; baseline 0.007 -29"><span class='ocrx_word' id='word_1_315' title='bbox 95 2613 559 2685; x_wconf 65' lang='grc' dir='ltr'>προσφερομένην,</span> <span class='ocrx_word' id='word_1_316' title='bbox 600 2615 736 2670; x_wconf 75' lang='grc' dir='ltr'>ἀλλὰ</span> <span class='ocrx_word' id='word_1_317' title='bbox 766 2616 1091 2688; x_wconf 74' lang='grc' dir='ltr'>ἀναφέροντι</span> <span class='ocrx_word' id='word_1_318' title='bbox 1127 2618 1298 2690; x_wconf 83' lang='grc' dir='ltr'>αὐτὴν</span> <span class='ocrx_word' id='word_1_319' title='bbox 1329 2621 1664 2692; x_wconf 79' lang='grc' dir='ltr'>εὐχαρίστως</span> 
     </span>
    </p>
   </div>
   <div class='ocr_carea' id='block_1_45' title="bbox 91 2702 1660 2781">
    <p class='ocr_par' dir='ltr' id='par_1_45' title="bbox 91 2702 1660 2781">
     <span class='ocr_line' id='line_1_45' title="bbox 91 2702 1660 2781; baseline 0.008 -28"><span class='ocrx_word' id='word_1_320' title='bbox 91 2702 158 2771; x_wconf 84' lang='grc' dir='ltr'>τῷ</span> <span class='ocrx_word' id='word_1_321' title='bbox 187 2704 360 2775; x_wconf 73' lang='grc' dir='ltr'>Πατρὶ</span> <span class='ocrx_word' id='word_1_322' title='bbox 386 2706 506 2775; x_wconf 72' lang='grc' dir='ltr'>μετ’</span> <span class='ocrx_word' id='word_1_323' title='bbox 547 2709 914 2777; x_wconf 76' lang='grc' dir='ltr'>ἐπιτιμήσεως</span> <span class='ocrx_word' id='word_1_324' title='bbox 941 2707 1076 2778; x_wconf 80' lang='grc' dir='ltr'>πρὸς</span> <span class='ocrx_word' id='word_1_325' title='bbox 1099 2709 1188 2762; x_wconf 83' lang='grc' dir='ltr'><strong>τὸν</strong></span> <span class='ocrx_word' id='word_1_326' title='bbox 1205 2709 1528 2781; x_wconf 84' lang='grc' dir='ltr'>βουλόμενον</span> <span class='ocrx_word' id='word_1_327' title='bbox 1550 2713 1660 2781; x_wconf 81' lang='grc'>(91)</span> 
     </span>
    </p>
   </div>
   <div class='ocr_carea' id='block_1_46' title="bbox 95 2792 1662 2870">
    <p class='ocr_par' dir='ltr' id='par_1_46' title="bbox 95 2792 1662 2870">
     <span class='ocr_line' id='line_1_46' title="bbox 95 2792 1662 2870; baseline 0.007 -27"><span class='ocrx_word' id='word_1_328' title='bbox 95 2792 464 2862; x_wconf 67' lang='grc' dir='ltr'>ὑπερὼξάζειν</span> <span class='ocrx_word' id='word_1_329' title='bbox 512 2794 602 2848; x_wconf 72' lang='grc' dir='ltr'><strong>τὸν</strong></span> <span class='ocrx_word' id='word_1_330' title='bbox 643 2796 788 2860; x_wconf 80' lang='grc' dir='ltr'>Υίὺν,</span> <span class='ocrx_word' id='word_1_331' title='bbox 849 2795 1064 2850; x_wconf 84' lang='grc' dir='ltr'>πάντων</span> <span class='ocrx_word' id='word_1_332' title='bbox 1121 2798 1220 2868; x_wconf 84' lang='grc' dir='ltr'><strong>μὲν</strong></span> <span class='ocrx_word' id='word_1_333' title='bbox 1261 2798 1370 2852; x_wconf 90' lang='grc' dir='ltr'><strong>τῶν</strong></span> <span class='ocrx_word' id='word_1_334' title='bbox 1419 2800 1662 2870; x_wconf 68' lang='grc' dir='ltr'>γενητῶν</span> 
     </span>
    </p>
   </div>
   <div class='ocr_carea' id='block_1_47' title="bbox 94 2881 1659 2967">
    <p class='ocr_par' dir='ltr' id='par_1_47' title="bbox 94 2881 1659 2967">
     <span class='ocr_line' id='line_1_47' title="bbox 94 2881 1659 2967; baseline 0.011 -35"><span class='ocrx_word' id='word_1_335' title='bbox 94 2881 386 2954; x_wconf 76' lang='grc' dir='ltr'>ὑπερέχειν,</span> <span class='ocrx_word' id='word_1_336' title='bbox 411 2887 471 2938; x_wconf 75' lang='grc' dir='ltr'><strong>οὐ</strong></span> <span class='ocrx_word' id='word_1_337' title='bbox 508 2887 811 2957; x_wconf 80' lang='grc' dir='ltr'>συγκρίσει,</span> <span class='ocrx_word' id='word_1_338' title='bbox 851 2889 965 2942; x_wconf 78' lang='grc' dir='ltr'>ἀλλ’</span> <span class='ocrx_word' id='word_1_339' title='bbox 989 2890 1398 2964; x_wconf 76' lang='grc' dir='ltr'>ὑπερϐαλλούσῃ</span> <span class='ocrx_word' id='word_1_340' title='bbox 1421 2894 1659 2967; x_wconf 83' lang='grc' dir='ltr'>ὑπεροχῇ</span> 
     </span>
    </p>
   </div>
   <div class='ocr_carea' id='block_1_48' title="bbox 95 2977 1661 3055">
    <p class='ocr_par' dir='ltr' id='par_1_48' title="bbox 95 2977 1661 3055">
     <span class='ocr_line' id='line_1_48' title="bbox 95 2977 1661 3055; baseline 0.007 -29"><span class='ocrx_word' id='word_1_341' title='bbox 95 2992 252 3044; x_wconf 68' lang='grc' dir='ltr'>φαμεν</span> <span class='ocrx_word' id='word_1_342' title='bbox 282 2977 379 3029; x_wconf 82' lang='grc' dir='ltr'><strong>τὸν</strong></span> <span class='ocrx_word' id='word_1_343' title='bbox 424 2978 673 3050; x_wconf 78' lang='grc' dir='ltr'>Σωτῆρα,</span> <span class='ocrx_word' id='word_1_344' title='bbox 703 2981 796 3032; x_wconf 74' lang='grc' dir='ltr'><strong>καὶ</strong></span> <span class='ocrx_word' id='word_1_345' title='bbox 837 2981 896 3033; x_wconf 86' lang='grc' dir='ltr'><strong>τὸ</strong></span> <span class='ocrx_word' id='word_1_346' title='bbox 926 2981 1149 3052; x_wconf 88' lang='grc' dir='ltr'>Πνεῦμα</span> <span class='ocrx_word' id='word_1_347' title='bbox 1184 2982 1244 3035; x_wconf 81' lang='grc' dir='ltr'>τὸ</span> <span class='ocrx_word' id='word_1_348' title='bbox 1283 2982 1456 3051; x_wconf 77' lang='grc' dir='ltr'>ἅγιον,</span> <span class='ocrx_word' id='word_1_349' title='bbox 1490 2985 1661 3055; x_wconf 85' lang='grc' dir='ltr'>ὑπερ-</span> 
     </span>
    </p>
   </div>
   <div class='ocr_carea' id='block_1_49' title="bbox 95 3066 1658 3148">
    <p class='ocr_par' dir='ltr' id='par_1_49' title="bbox 95 3066 1658 3148">
     <span class='ocr_line' id='line_1_49' title="bbox 95 3066 1658 3148; baseline 0.008 -31"><span class='ocrx_word' id='word_1_350' title='bbox 95 3066 330 3136; x_wconf 74' lang='grc' dir='ltr'>εχόμενον</span> <span class='ocrx_word' id='word_1_351' title='bbox 368 3069 482 3139; x_wconf 75' lang='grc'>(92)</span> <span class='ocrx_word' id='word_1_352' title='bbox 504 3071 753 3125; x_wconf 87' lang='grc' dir='ltr'>τοσοῦτον</span> <span class='ocrx_word' id='word_1_353' title='bbox 791 3072 824 3144; x_wconf 84' lang='grc' dir='ltr'>ἢ</span> <span class='ocrx_word' id='word_1_354' title='bbox 855 3072 949 3126; x_wconf 75' lang='grc' dir='ltr'><strong>καὶ</strong></span> <span class='ocrx_word' id='word_1_355' title='bbox 985 3073 1144 3127; x_wconf 83' lang='grc' dir='ltr'>πλέον</span> <span class='ocrx_word' id='word_1_356' title='bbox 1174 3074 1281 3128; x_wconf 78' lang='grc' dir='ltr'><strong>ἀπὸ</strong></span> <span class='ocrx_word' id='word_1_357' title='bbox 1303 3075 1397 3128; x_wconf 91' lang='grc' dir='ltr'><strong>τοῦ</strong></span> <span class='ocrx_word' id='word_1_358' title='bbox 1427 3077 1658 3148; x_wconf 81' lang='grc' dir='ltr'>Πατρὸς,</span> 
     </span>
    </p>
   </div>
   <div class='ocr_carea' id='block_1_50' title="bbox 1768 1979 3336 2049">
    <p class='ocr_par' dir='ltr' id='par_1_50' title="bbox 1768 1979 3336 2049">
     <span class='ocr_line' id='line_1_50' title="bbox 1768 1979 3336 2049; baseline -0.003 -13"><span class='ocrx_word' id='word_1_359' title='bbox 1768 1998 1880 2036; x_wconf 88' lang='lat' dir='ltr'><strong>rem</strong></span> <span class='ocrx_word' id='word_1_360' title='bbox 1906 1981 2154 2037; x_wconf 87' lang='lat' dir='ltr'><strong>eamdem</strong></span> <span class='ocrx_word' id='word_1_361' title='bbox 2187 1995 2306 2036; x_wconf 89' lang='lat' dir='ltr'><strong>esse</strong></span> <span class='ocrx_word' id='word_1_362' title='bbox 2349 1995 2627 2049; x_wconf 82' lang='lat' dir='ltr'><strong>capacem.</strong></span> <span class='ocrx_word' id='word_1_363' title='bbox 2663 1980 2814 2046; x_wconf 80' lang='lat' dir='ltr'><strong>Quod</strong></span> <span class='ocrx_word' id='word_1_364' title='bbox 2855 1979 2898 2033; x_wconf 89' lang='lat' dir='ltr'><strong>si</strong></span> <span class='ocrx_word' id='word_1_365' title='bbox 2945 1979 3203 2047; x_wconf 87' lang='lat' dir='ltr'><strong>spiritalis</strong></span> <span class='ocrx_word' id='word_1_366' title='bbox 3234 1994 3336 2032; x_wconf 63' lang='lat' dir='ltr'><strong>na»</strong></span> 
     </span>
    </p>
   </div>
   <div class='ocr_carea' id='block_1_51' title="bbox 1767 2069 3332 2142">
    <p class='ocr_par' dir='ltr' id='par_1_51' title="bbox 1767 2069 3332 2142">
     <span class='ocr_line' id='line_1_51' title="bbox 1767 2069 3332 2142; baseline -0.002 -17"><span class='ocrx_word' id='word_1_367' title='bbox 1767 2081 1913 2137; x_wconf 89' lang='lat' dir='ltr'><strong>tura,</strong></span> <span class='ocrx_word' id='word_1_368' title='bbox 1948 2087 2070 2142; x_wconf 71' lang='lat' dir='ltr'><strong>quae</strong></span> <span class='ocrx_word' id='word_1_369' title='bbox 2100 2072 2337 2138; x_wconf 86' lang='lat' dir='ltr'><strong>ejusdem</strong></span> <span class='ocrx_word' id='word_1_370' title='bbox 2366 2081 2451 2126; x_wconf 87' lang='lat' dir='ltr'><strong>est</strong></span> <span class='ocrx_word' id='word_1_371' title='bbox 2482 2087 2545 2126; x_wconf 85' lang='lat' dir='ltr'><strong>ac</strong></span> <span class='ocrx_word' id='word_1_372' title='bbox 2577 2072 2758 2124; x_wconf 88' lang='lat' dir='ltr'><strong>divina</strong></span> <span class='ocrx_word' id='word_1_373' title='bbox 2791 2070 3130 2132; x_wconf 65' lang='lat' dir='ltr'><strong>substantirc,</strong></span> <span class='ocrx_word' id='word_1_374' title='bbox 3161 2069 3332 2122; x_wconf 82' lang='lat' dir='ltr'><strong>forni-</strong></span> 
     </span>
    </p>
   </div>
   <div class='ocr_carea' id='block_1_52' title="bbox 1768 2157 3334 2231">
    <p class='ocr_par' dir='ltr' id='par_1_52' title="bbox 1768 2157 3334 2231">
     <span class='ocr_line' id='line_1_52' title="bbox 1768 2157 3334 2231; baseline -0.003 -16"><span class='ocrx_word' id='word_1_375' title='bbox 1768 2163 1879 2215; x_wconf 89' lang='lat' dir='ltr'><strong>cari</strong></span> <span class='ocrx_word' id='word_1_376' title='bbox 1915 2163 2109 2231; x_wconf 91' lang='lat' dir='ltr'><strong>potuit,</strong></span> <span class='ocrx_word' id='word_1_377' title='bbox 2137 2161 2386 2231; x_wconf 78' lang='lat' dir='ltr'><strong>profana,</strong></span> <span class='ocrx_word' id='word_1_378' title='bbox 2415 2170 2468 2215; x_wconf 89' lang='lat' dir='ltr'><strong>et</strong></span> <span class='ocrx_word' id='word_1_379' title='bbox 2496 2160 2685 2230; x_wconf 90' lang='lat' dir='ltr'><strong>impia,</strong></span> <span class='ocrx_word' id='word_1_380' title='bbox 2710 2170 2766 2214; x_wconf 88' lang='lat' dir='ltr'><strong>et</strong></span> <span class='ocrx_word' id='word_1_381' title='bbox 2797 2159 3092 2227; x_wconf 80' lang='lat' dir='ltr'><strong>irreligiosa</strong></span> <span class='ocrx_word' id='word_1_382' title='bbox 3130 2159 3194 2213; x_wconf 89' lang='lat' dir='ltr'><strong>de</strong></span> <span class='ocrx_word' id='word_1_383' title='bbox 3225 2157 3334 2211; x_wconf 87' lang='lat' dir='ltr'><strong>Deo</strong></span> 
     </span>
    </p>
   </div>
   <div class='ocr_carea' id='block_1_53' title="bbox 1765 2251 3338 2320">
    <p class='ocr_par' dir='ltr' id='par_1_53' title="bbox 1765 2251 3338 2320">
     <span class='ocr_line' id='line_1_53' title="bbox 1765 2251 3338 2320; baseline -0.003 -11"><span class='ocrx_word' id='word_1_384' title='bbox 1765 2261 2174 2320; x_wconf 82' lang='lat' dir='ltr'><strong>consequuntur</strong></span> <span class='ocrx_word' id='word_1_385' title='bbox 2204 2265 2270 2305; x_wconf 81' lang='lat' dir='ltr'><strong>ex</strong></span> <span class='ocrx_word' id='word_1_386' title='bbox 2308 2267 2494 2305; x_wconf 88' lang='lat' dir='ltr'><strong>eorum</strong></span> <span class='ocrx_word' id='word_1_387' title='bbox 2543 2251 2751 2305; x_wconf 87' lang='lat' dir='ltr'><strong>ratione</strong></span> <span class='ocrx_word' id='word_1_388' title='bbox 2786 2266 2891 2305; x_wconf 86' lang='lat' dir='ltr'><strong>:ac</strong></span> <span class='ocrx_word' id='word_1_389' title='bbox 2939 2265 3005 2303; x_wconf 89' lang='lat' dir='ltr'><strong>ne</strong></span> <span class='ocrx_word' id='word_1_390' title='bbox 3045 2265 3164 2304; x_wconf 88' lang='lat' dir='ltr'><strong>snte</strong></span> <span class='ocrx_word' id='word_1_391' title='bbox 3197 2251 3338 2320; x_wconf 87' lang='lat' dir='ltr'><strong>peri-</strong></span> 
     </span>
    </p>
   </div>
   <div class='ocr_carea' id='block_1_54' title="bbox 1766 2340 3332 2414">
    <p class='ocr_par' dir='ltr' id='par_1_54' title="bbox 1766 2340 3332 2414">
     <span class='ocr_line' id='line_1_54' title="bbox 1766 2340 3332 2414; baseline -0.003 -15"><span class='ocrx_word' id='word_1_392' title='bbox 1766 2344 1886 2399; x_wconf 91' lang='lat' dir='ltr'><strong>culo</strong></span> <span class='ocrx_word' id='word_1_393' title='bbox 1911 2344 2128 2413; x_wconf 86' lang='lat' dir='ltr'><strong>quidem</strong></span> <span class='ocrx_word' id='word_1_394' title='bbox 2162 2340 2423 2414; x_wconf 80' lang='lat' dir='ltr'><strong>[conferri</strong></span> <span class='ocrx_word' id='word_1_395' title='bbox 2473 2340 2720 2412; x_wconf 91' lang='lat' dir='ltr'><strong>possunt]</strong></span> <span class='ocrx_word' id='word_1_396' title='bbox 2755 2343 2868 2396; x_wconf 78' lang='lat' dir='ltr'><strong>[uec</strong></span> <span class='ocrx_word' id='word_1_397' title='bbox 2910 2341 3055 2396; x_wconf 90' lang='lat' dir='ltr'><strong>inter</strong></span> <span class='ocrx_word' id='word_1_398' title='bbox 3081 2355 3140 2396; x_wconf 90' lang='lat' dir='ltr'><strong>se</strong></span> <span class='ocrx_word' id='word_1_399' title='bbox 3167 2351 3332 2409; x_wconf 90' lang='lat' dir='ltr'><strong>atque</strong></span> 
     </span>
    </p>
   </div>
   <div class='ocr_carea' id='block_1_55' title="bbox 1764 2435 3332 2508">
    <p class='ocr_par' dir='ltr' id='par_1_55' title="bbox 1764 2435 3332 2508">
     <span class='ocr_line' id='line_1_55' title="bbox 1764 2435 3332 2508; baseline -0.003 -18"><span class='ocrx_word' id='word_1_400' title='bbox 1764 2438 2074 2508; x_wconf 84' lang='lat' dir='ltr'><strong>imaginari.</strong></span> <span class='ocrx_word' id='word_1_401' title='bbox 2131 2436 2581 2506; x_wconf 87' lang='lat' dir='ltr'><strong>Obtetnperantes</strong></span> <span class='ocrx_word' id='word_1_402' title='bbox 2635 2435 2916 2490; x_wconf 84' lang='lat' dir='ltr'><strong>Servatori</strong></span> <span class='ocrx_word' id='word_1_403' title='bbox 2965 2435 3166 2491; x_wconf 85' lang='lat' dir='ltr'><strong>dicenti</strong></span> <span class='ocrx_word' id='word_1_404' title='bbox 3207 2435 3250 2466; x_wconf 78' lang='lat'>“</span> <span class='ocrx_word' id='word_1_405' title='bbox 3316 2448 3332 2485; x_wconf 91' lang='lat'><strong>:</strong></span> 
     </span>
    </p>
   </div>
   <div class='ocr_carea' id='block_1_56' title="bbox 1770 2526 3336 2600">
    <p class='ocr_par' dir='ltr' id='par_1_56' title="bbox 1770 2526 3336 2600">
     <span class='ocr_line' id='line_1_56' title="bbox 1770 2526 3336 2600; baseline -0.002 -17"><span class='ocrx_word' id='word_1_406' title='bbox 1770 2549 1788 2583; x_wconf 76' lang='grc' dir='ltr'><strong>ι</strong></span> <span class='ocrx_word' id='word_1_407' title='bbox 1822 2529 1986 2586; x_wconf 86' lang='lat' dir='ltr'><strong>Pater</strong></span> <span class='ocrx_word' id='word_1_408' title='bbox 2027 2530 2118 2600; x_wconf 93' lang='lat' dir='ltr'><strong>qui</strong></span> <span class='ocrx_word' id='word_1_409' title='bbox 2164 2529 2312 2583; x_wconf 86' lang='lat' dir='ltr'><strong>misit</strong></span> <span class='ocrx_word' id='word_1_410' title='bbox 2378 2543 2487 2588; x_wconf 93' lang='lat' dir='ltr'><strong>me.</strong></span> <span class='ocrx_word' id='word_1_411' title='bbox 2536 2526 2707 2596; x_wconf 87' lang='lat' dir='ltr'><strong>major</strong></span> <span class='ocrx_word' id='word_1_412' title='bbox 2758 2543 2843 2581; x_wconf 89' lang='lat' dir='ltr'><strong>tne</strong></span> <span class='ocrx_word' id='word_1_413' title='bbox 2882 2536 2984 2591; x_wconf 89' lang='lat' dir='ltr'><strong>est,</strong></span> <span class='ocrx_word' id='word_1_414' title='bbox 3017 2545 3036 2576; x_wconf 76' lang='grc' dir='ltr'><strong>ι</strong></span> <span class='ocrx_word' id='word_1_415' title='bbox 3069 2541 3169 2580; x_wconf 89' lang='lat' dir='ltr'><strong>nec</strong></span> <span class='ocrx_word' id='word_1_416' title='bbox 3217 2526 3336 2580; x_wconf 89' lang='lat' dir='ltr'><strong>ideo</strong></span> 
     </span>
    </p>
   </div>
   <div class='ocr_carea' id='block_1_57' title="bbox 1766 2617 3334 2688">
    <p class='ocr_par' dir='ltr' id='par_1_57' title="bbox 1766 2617 3334 2688">
     <span class='ocr_line' id='line_1_57' title="bbox 1766 2617 3334 2688; baseline -0.004 -13"><span class='ocrx_word' id='word_1_417' title='bbox 1766 2622 2020 2677; x_wconf 86' lang='lat' dir='ltr'><strong>toleranti</strong></span> <span class='ocrx_word' id='word_1_418' title='bbox 2048 2621 2340 2675; x_wconf 89' lang='lat' dir='ltr'><strong>admittere</strong></span> <span class='ocrx_word' id='word_1_419' title='bbox 2359 2618 2592 2674; x_wconf 88' lang='lat' dir='ltr'><strong>oblatam</strong></span> <span class='ocrx_word' id='word_1_420' title='bbox 2625 2618 2724 2673; x_wconf 87' lang='lat' dir='ltr'><strong>sibi</strong></span> <span class='ocrx_word' id='word_1_421' title='bbox 2745 2619 2868 2672; x_wconf 89' lang='lat' dir='ltr'><strong>boni</strong></span> <span class='ocrx_word' id='word_1_422' title='bbox 2891 2617 3334 2688; x_wconf 85' lang='lat' dir='ltr'><strong>appellationem,</strong></span> 
     </span>
    </p>
   </div>
   <div class='ocr_carea' id='block_1_58' title="bbox 1763 2708 3339 2783">
    <p class='ocr_par' dir='ltr' id='par_1_58' title="bbox 1763 2708 3339 2783">
     <span class='ocr_line' id='line_1_58' title="bbox 1763 2708 3339 2783; baseline -0.003 -16"><span class='ocrx_word' id='word_1_423' title='bbox 1763 2715 2059 2783; x_wconf 81' lang='lat' dir='ltr'><strong>propriam,</strong></span> <span class='ocrx_word' id='word_1_424' title='bbox 2129 2722 2184 2768; x_wconf 90' lang='lat' dir='ltr'><strong>et</strong></span> <span class='ocrx_word' id='word_1_425' title='bbox 2236 2728 2444 2778; x_wconf 85' lang='lat' dir='ltr'><strong>veram,</strong></span> <span class='ocrx_word' id='word_1_426' title='bbox 2498 2720 2554 2765; x_wconf 89' lang='lat' dir='ltr'><strong>et</strong></span> <span class='ocrx_word' id='word_1_427' title='bbox 2600 2711 2920 2780; x_wconf 78' lang='lat' dir='ltr'><strong>perfectam,</strong></span> <span class='ocrx_word' id='word_1_428' title='bbox 2958 2708 3054 2766; x_wconf 80' lang='lat' dir='ltr'><strong>sed</strong></span> <span class='ocrx_word' id='word_1_429' title='bbox 3101 2709 3339 2779; x_wconf 81' lang='lat' dir='ltr'><strong>gratiose</strong></span> 
     </span>
    </p>
   </div>
   <div class='ocr_carea' id='block_1_59' title="bbox 1765 2801 3334 2866">
    <p class='ocr_par' dir='ltr' id='par_1_59' title="bbox 1765 2801 3334 2866">
     <span class='ocr_line' id='line_1_59' title="bbox 1765 2801 3334 2866; baseline -0.002 -7"><span class='ocrx_word' id='word_1_430' title='bbox 1765 2806 2052 2860; x_wconf 88' lang='lat' dir='ltr'><strong>admodum</strong></span> <span class='ocrx_word' id='word_1_431' title='bbox 2088 2803 2345 2860; x_wconf 81' lang='lat' dir='ltr'><strong>referenti</strong></span> <span class='ocrx_word' id='word_1_432' title='bbox 2379 2818 2498 2856; x_wconf 87' lang='lat' dir='ltr'><strong>eam</strong></span> <span class='ocrx_word' id='word_1_433' title='bbox 2533 2801 2599 2855; x_wconf 87' lang='lat' dir='ltr'><strong>ad</strong></span> <span class='ocrx_word' id='word_1_434' title='bbox 2633 2801 2847 2856; x_wconf 86' lang='lat' dir='ltr'><strong>Patrem</strong></span> <span class='ocrx_word' id='word_1_435' title='bbox 2887 2801 2952 2866; x_wconf 83' lang='lat'><strong>“,</strong></span> <span class='ocrx_word' id='word_1_436' title='bbox 3000 2815 3122 2856; x_wconf 89' lang='lat' dir='ltr'><strong>cum</strong></span> <span class='ocrx_word' id='word_1_437' title='bbox 3154 2803 3334 2856; x_wconf 81' lang='lat' dir='ltr'><strong>incre-</strong></span> 
     </span>
    </p>
   </div>
   <div class='ocr_carea' id='block_1_60' title="bbox 1763 2891 3336 2966">
    <p class='ocr_par' dir='ltr' id='par_1_60' title="bbox 1763 2891 3336 2966">
     <span class='ocr_line' id='line_1_60' title="bbox 1763 2891 3336 2966; baseline -0.002 -18"><span class='ocrx_word' id='word_1_438' title='bbox 1763 2898 1984 2966; x_wconf 83' lang='lat' dir='ltr'><strong>patione</strong></span> <span class='ocrx_word' id='word_1_439' title='bbox 2024 2897 2167 2951; x_wconf 88' lang='lat' dir='ltr'><strong>illius</strong></span> <span class='ocrx_word' id='word_1_440' title='bbox 2196 2895 2285 2964; x_wconf 89' lang='lat' dir='ltr'><strong>qui</strong></span> <span class='ocrx_word' id='word_1_441' title='bbox 2323 2895 2534 2950; x_wconf 89' lang='lat' dir='ltr'><strong>volebat</strong></span> <span class='ocrx_word' id='word_1_442' title='bbox 2581 2892 2890 2964; x_wconf 81' lang='lat' dir='ltr'><strong>gloriﬁcare</strong></span> <span class='ocrx_word' id='word_1_443' title='bbox 2938 2891 3157 2956; x_wconf 73' lang='lat' dir='ltr'><strong>Filium,</strong></span> <span class='ocrx_word' id='word_1_444' title='bbox 3197 2893 3336 2948; x_wconf 73' lang='lat' dir='ltr'><strong>dici-</strong></span> 
     </span>
    </p>
   </div>
   <div class='ocr_carea' id='block_1_61' title="bbox 1765 2982 3333 3057">
    <p class='ocr_par' dir='ltr' id='par_1_61' title="bbox 1765 2982 3333 3057">
     <span class='ocr_line' id='line_1_61' title="bbox 1765 2982 3333 3057; baseline -0.004 -14"><span class='ocrx_word' id='word_1_445' title='bbox 1765 3004 1902 3054; x_wconf 89' lang='lat' dir='ltr'><strong>ntus,</strong></span> <span class='ocrx_word' id='word_1_446' title='bbox 1937 3003 2039 3043; x_wconf 91' lang='lat' dir='ltr'><strong>non</strong></span> <span class='ocrx_word' id='word_1_447' title='bbox 2071 2988 2502 3057; x_wconf 88' lang='lat' dir='ltr'><strong>comparatione,</strong></span> <span class='ocrx_word' id='word_1_448' title='bbox 2539 2985 2632 3040; x_wconf 85' lang='lat' dir='ltr'><strong>sed</strong></span> <span class='ocrx_word' id='word_1_449' title='bbox 2657 2983 2980 3038; x_wconf 73' lang='lat' dir='ltr'><strong>exuberanti</strong></span> <span class='ocrx_word' id='word_1_450' title='bbox 3014 2982 3333 3038; x_wconf 78' lang='lat' dir='ltr'><strong>excellentia</strong></span> 
     </span>
    </p>
   </div>
   <div class='ocr_carea' id='block_1_62' title="bbox 1760 3071 3334 3143">
    <p class='ocr_par' dir='ltr' id='par_1_62' title="bbox 1760 3071 3334 3143">
     <span class='ocr_line' id='line_1_62' title="bbox 1760 3071 3334 3143; baseline -0.002 -14"><span class='ocrx_word' id='word_1_451' title='bbox 1760 3075 2011 3129; x_wconf 75' lang='lat' dir='ltr'><strong>omnibus</strong></span> <span class='ocrx_word' id='word_1_452' title='bbox 2041 3089 2160 3143; x_wconf 66' lang='lat' dir='ltr'><strong>quae</strong></span> <span class='ocrx_word' id='word_1_453' title='bbox 2187 3073 2327 3128; x_wconf 82' lang='lat' dir='ltr'><strong>facta</strong></span> <span class='ocrx_word' id='word_1_454' title='bbox 2353 3083 2501 3137; x_wconf 88' lang='lat' dir='ltr'><strong>sunt,</strong></span> <span class='ocrx_word' id='word_1_455' title='bbox 2528 3072 2853 3127; x_wconf 89' lang='lat' dir='ltr'><strong>antecellere</strong></span> <span class='ocrx_word' id='word_1_456' title='bbox 2885 3071 3254 3138; x_wconf 85' lang='lat' dir='ltr'><strong>Servatorem,</strong></span> <span class='ocrx_word' id='word_1_457' title='bbox 3279 3080 3334 3126; x_wconf 88' lang='lat' dir='ltr'><strong>ct</strong></span> 
     </span>
    </p>
   </div>
   <div class='ocr_carea' id='block_1_63' title="bbox 93 3155 1674 3260">
    <p class='ocr_par' dir='ltr' id='par_1_63' title="bbox 93 3155 1662 3234">
     <span class='ocr_line' id='line_1_63' title="bbox 93 3155 1662 3234; baseline 0.01 -30"><span class='ocrx_word' id='word_1_458' title='bbox 93 3155 183 3224; x_wconf 75' lang='grc' dir='ltr'>ὅσῳ</span> <span class='ocrx_word' id='word_1_459' title='bbox 212 3157 478 3228; x_wconf 75' lang='grc' dir='ltr'>ὑπερέχει</span> <span class='ocrx_word' id='word_1_460' title='bbox 506 3160 667 3223; x_wconf 67' lang='grc' dir='ltr'>αὐτὸς</span> <span class='ocrx_word' id='word_1_461' title='bbox 721 3162 814 3215; x_wconf 71' lang='grc' dir='ltr'><strong>καὶ</strong></span> <span class='ocrx_word' id='word_1_462' title='bbox 856 3163 916 3215; x_wconf 84' lang='grc' dir='ltr'><strong>τὸ</strong></span> <span class='ocrx_word' id='word_1_463' title='bbox 951 3163 1103 3231; x_wconf 79' lang='grc' dir='ltr'>ἅγιον</span> <span class='ocrx_word' id='word_1_464' title='bbox 1154 3163 1377 3234; x_wconf 84' lang='grc' dir='ltr'>Πνεῦμα</span> <span class='ocrx_word' id='word_1_465' title='bbox 1420 3166 1526 3219; x_wconf 92' lang='grc' dir='ltr'><strong>τῶν</strong></span> <span class='ocrx_word' id='word_1_466' title='bbox 1553 3167 1662 3220; x_wconf 89' lang='grc' dir='ltr'>λοι-</span> 
     </span>
    </p>
   </div>
   <div class='ocr_carea' id='block_1_64' title="bbox 1767 3155 3334 3260">
    <p class='ocr_par' dir='ltr' id='par_1_64' title="bbox 1767 3163 3334 3235">
     <span class='ocr_line' id='line_1_64' title="bbox 1767 3163 3334 3235; baseline -0.004 -14"><span class='ocrx_word' id='word_1_467' title='bbox 1767 3165 2022 3235; x_wconf 87' lang='lat' dir='ltr'><strong>Spiritum</strong></span> <span class='ocrx_word' id='word_1_468' title='bbox 2057 3175 2326 3232; x_wconf 86' lang='lat' dir='ltr'><strong>sanctum,</strong></span> <span class='ocrx_word' id='word_1_469' title='bbox 2359 3169 2449 3235; x_wconf 91' lang='lat' dir='ltr'><strong>qui</strong></span> <span class='ocrx_word' id='word_1_470' title='bbox 2484 3174 2628 3219; x_wconf 89' lang='lat' dir='ltr'><strong>tanta</strong></span> <span class='ocrx_word' id='word_1_471' title='bbox 2652 3174 2746 3218; x_wconf 88' lang='lat' dir='ltr'><strong>aut</strong></span> <span class='ocrx_word' id='word_1_472' title='bbox 2780 3164 2988 3234; x_wconf 88' lang='lat' dir='ltr'><strong>majore</strong></span> <span class='ocrx_word' id='word_1_473' title='bbox 3016 3163 3334 3233; x_wconf 69' lang='lat' dir='ltr'><strong>prastautia</strong></span> 
     </span>
    </p>
   </div>
   <div class='ocr_carea' id='block_1_65' title="bbox 97 3247 1658 3331">
    <p class='ocr_par' dir='ltr' id='par_1_65' title="bbox 97 3247 1658 3331">
     <span class='ocr_line' id='line_1_65' title="bbox 97 3247 1658 3331; baseline 0.01 -34"><span class='ocrx_word' id='word_1_474' title='bbox 97 3247 214 3307; x_wconf 79' lang='grc' dir='ltr'>πῶν,</span> <span class='ocrx_word' id='word_1_475' title='bbox 241 3249 302 3302; x_wconf 81' lang='grc' dir='ltr'><strong>οὐ</strong></span> <span class='ocrx_word' id='word_1_476' title='bbox 324 3250 440 3303; x_wconf 88' lang='grc' dir='ltr'><strong>τῶν</strong></span> <span class='ocrx_word' id='word_1_477' title='bbox 487 3253 777 3322; x_wconf 82' lang='grc' dir='ltr'>τυχόντων·</span> <span class='ocrx_word' id='word_1_478' title='bbox 813 3255 912 3325; x_wconf 83' lang='grc' dir='ltr'><strong>ὅση</strong></span> <span class='ocrx_word' id='word_1_479' title='bbox 941 3255 1049 3326; x_wconf 87' lang='grc' dir='ltr'><strong>γὰρ</strong></span> <span class='ocrx_word' id='word_1_480' title='bbox 1081 3254 1354 3325; x_wconf 79' lang='grc' dir='ltr'>δοξολογία</span> <span class='ocrx_word' id='word_1_481' title='bbox 1375 3259 1465 3311; x_wconf 85' lang='grc' dir='ltr'><strong>τοῦ</strong></span> <span class='ocrx_word' id='word_1_482' title='bbox 1491 3258 1658 3331; x_wconf 79' lang='grc' dir='ltr'>ὑπερ-</span> 
     </span>
    </p>
   </div>
   <div class='ocr_carea' id='block_1_66' title="bbox 91 3336 1658 3418">
    <p class='ocr_par' dir='ltr' id='par_1_66' title="bbox 91 3336 1658 3418">
     <span class='ocr_line' id='line_1_66' title="bbox 91 3336 1658 3418; baseline 0.01 -29"><span class='ocrx_word' id='word_1_483' title='bbox 91 3336 284 3406; x_wconf 78' lang='grc' dir='ltr'>έχοντος</span> <span class='ocrx_word' id='word_1_484' title='bbox 315 3341 549 3414; x_wconf 83' lang='grc' dir='ltr'>Θρόνων,</span> <span class='ocrx_word' id='word_1_485' title='bbox 600 3347 953 3417; x_wconf 81' lang='grc' dir='ltr'>κυριοτήτων,</span> <span class='ocrx_word' id='word_1_486' title='bbox 993 3347 1198 3418; x_wconf 85' lang='grc' dir='ltr'>ἀρχῶν,</span> <span class='ocrx_word' id='word_1_487' title='bbox 1243 3348 1518 3414; x_wconf 78' lang='grc' dir='ltr'>ἐξουσιῶν,</span> <span class='ocrx_word' id='word_1_488' title='bbox 1564 3351 1658 3404; x_wconf 79' lang='grc' dir='ltr'><strong>καὶ</strong></span> 
     </span>
    </p>
   </div>
   <div class='ocr_carea' id='block_1_67' title="bbox 181 3497 1190 3570">
    <p class='ocr_par' dir='ltr' id='par_1_67' title="bbox 181 3497 1190 3570">
     <span class='ocr_line' id='line_1_67' title="bbox 181 3497 1190 3570; baseline 0.009 -20"><span class='ocrx_word' id='word_1_489' title='bbox 181 3497 410 3554; x_wconf 80' lang='lat' dir='ltr'><strong>&quot;Joan.</strong></span> <span class='ocrx_word' id='word_1_490' title='bbox 447 3516 522 3565; x_wconf 80' lang='lat' dir='ltr'><strong>tv,</strong></span> <span class='ocrx_word' id='word_1_491' title='bbox 552 3501 644 3556; x_wconf 68' lang='grc' dir='ltr'>ει.</span> <span class='ocrx_word' id='word_1_492' title='bbox 739 3505 783 3536; x_wconf 67' lang='grc' dir='ltr'><strong>ου</strong></span> <span class='ocrx_word' id='word_1_493' title='bbox 814 3503 968 3563; x_wconf 81' lang='lat' dir='ltr'><strong>Rom.</strong></span> <span class='ocrx_word' id='word_1_494' title='bbox 1005 3521 1105 3570; x_wconf 91' lang='lat' dir='ltr'><strong>xu,</strong></span> <span class='ocrx_word' id='word_1_495' title='bbox 1139 3506 1190 3559; x_wconf 81' lang='lat' dir='ltr'><strong>i.</strong></span> 
     </span>
    </p>
   </div>
   <div class='ocr_carea' id='block_1_68' title="bbox 153 3616 1658 3687">
    <p class='ocr_par' dir='ltr' id='par_1_68' title="bbox 153 3616 1658 3687">
     <span class='ocr_line' id='line_1_68' title="bbox 153 3616 1658 3687; baseline 0.003 -18"><span class='ocrx_word' id='word_1_496' title='bbox 153 3616 253 3686; x_wconf 78' lang='grc'>(88)</span> <span class='ocrx_word' id='word_1_497' title='bbox 305 3616 764 3685; x_wconf 78' lang='grc' dir='ltr'>Ἑπιστήσωμεν</span> <span class='ocrx_word' id='word_1_498' title='bbox 789 3617 878 3684; x_wconf 83' lang='grc' dir='ltr'><strong>δέ,</strong></span> <span class='ocrx_word' id='word_1_499' title='bbox 902 3629 1010 3676; x_wconf 89' lang='lat' dir='ltr'><strong>etc.</strong></span> <span class='ocrx_word' id='word_1_500' title='bbox 1045 3618 1305 3686; x_wconf 79' lang='lat' dir='ltr'><strong>Origenes</strong></span> <span class='ocrx_word' id='word_1_501' title='bbox 1331 3619 1420 3674; x_wconf 86' lang='lat' dir='ltr'><strong>Itic</strong></span> <span class='ocrx_word' id='word_1_502' title='bbox 1471 3618 1658 3687; x_wconf 88' lang='lat' dir='ltr'><strong>impie-</strong></span> 
     </span>
    </p>
   </div>
   <div class='ocr_carea' id='block_1_69' title="bbox 97 3687 1657 3758">
    <p class='ocr_par' dir='ltr' id='par_1_69' title="bbox 97 3687 1657 3758">
     <span class='ocr_line' id='line_1_69' title="bbox 97 3687 1657 3758; baseline 0.002 -18"><span class='ocrx_word' id='word_1_503' title='bbox 97 3690 205 3742; x_wconf 76' lang='lat' dir='ltr'><strong>tatis</strong></span> <span class='ocrx_word' id='word_1_504' title='bbox 255 3687 436 3755; x_wconf 83' lang='lat' dir='ltr'><strong>arguit</strong></span> <span class='ocrx_word' id='word_1_505' title='bbox 469 3687 873 3758; x_wconf 9' lang='lat' dir='ltr'><strong>rl-ieracleonem</strong></span> <span class='ocrx_word' id='word_1_506' title='bbox 903 3728 919 3752; x_wconf 91' lang='lat'><strong>,</strong></span> <span class='ocrx_word' id='word_1_507' title='bbox 973 3691 1064 3758; x_wconf 92' lang='lat' dir='ltr'><strong>qtti</strong></span> <span class='ocrx_word' id='word_1_508' title='bbox 1125 3690 1370 3758; x_wconf 87' lang='lat' dir='ltr'><strong>ejusdem</strong></span> <span class='ocrx_word' id='word_1_509' title='bbox 1422 3704 1542 3743; x_wconf 90' lang='lat' dir='ltr'><strong>esse</strong></span> <span class='ocrx_word' id='word_1_510' title='bbox 1593 3705 1657 3743; x_wconf 90' lang='lat' dir='ltr'><strong>ac</strong></span> 
     </span>
    </p>
   </div>
   <div class='ocr_carea' id='block_1_70' title="bbox 99 3757 1654 3827">
    <p class='ocr_par' dir='ltr' id='par_1_70' title="bbox 99 3757 1654 3827">
     <span class='ocr_line' id='line_1_70' title="bbox 99 3757 1654 3827; baseline 0.001 -17"><span class='ocrx_word' id='word_1_511' title='bbox 99 3757 538 3827; x_wconf 74' lang='lat' dir='ltr'><strong>iieumessentite</strong></span> <span class='ocrx_word' id='word_1_512' title='bbox 581 3758 814 3825; x_wconf 84' lang='lat' dir='ltr'><strong>lingebat</strong></span> <span class='ocrx_word' id='word_1_513' title='bbox 865 3757 1177 3827; x_wconf 83' lang='lat' dir='ltr'><strong>quicunque</strong></span> <span class='ocrx_word' id='word_1_514' title='bbox 1235 3761 1411 3826; x_wconf 83' lang='lat' dir='ltr'><strong>ipsum</strong></span> <span class='ocrx_word' id='word_1_515' title='bbox 1459 3759 1654 3825; x_wconf 84' lang='lat' dir='ltr'><strong>spiritu</strong></span> 
     </span>
    </p>
   </div>
   <div class='ocr_carea' id='block_1_71' title="bbox 99 3826 1655 3894">
    <p class='ocr_par' dir='ltr' id='par_1_71' title="bbox 99 3826 1655 3894">
     <span class='ocr_line' id='line_1_71' title="bbox 99 3826 1655 3894; baseline 0.001 -15"><span class='ocrx_word' id='word_1_516' title='bbox 99 3833 395 3882; x_wconf 81' lang='lat' dir='ltr'><strong>adorarent.</strong></span> <span class='ocrx_word' id='word_1_517' title='bbox 439 3826 544 3892; x_wconf 78' lang='lat' dir='ltr'><strong>Qui</strong></span> <span class='ocrx_word' id='word_1_518' title='bbox 583 3843 714 3894; x_wconf 84' lang='lat' dir='ltr'><strong>ergo</strong></span> <span class='ocrx_word' id='word_1_519' title='bbox 760 3826 892 3881; x_wconf 86' lang='lat' dir='ltr'><strong>vera</strong></span> <span class='ocrx_word' id='word_1_520' title='bbox 941 3830 1011 3882; x_wconf 88' lang='lat' dir='ltr'><strong>sit</strong></span> <span class='ocrx_word' id='word_1_521' title='bbox 1074 3826 1338 3883; x_wconf 85' lang='lat' dir='ltr'><strong>intentata</strong></span> <span class='ocrx_word' id='word_1_522' title='bbox 1393 3829 1655 3881; x_wconf 87' lang='lat' dir='ltr'><strong>adversus</strong></span> 
     </span>
    </p>
   </div>
   <div class='ocr_carea' id='block_1_72' title="bbox 96 3895 1654 3968">
    <p class='ocr_par' dir='ltr' id='par_1_72' title="bbox 96 3895 1654 3968">
     <span class='ocr_line' id='line_1_72' title="bbox 96 3895 1654 3968; baseline 0.003 -25"><span class='ocrx_word' id='word_1_523' title='bbox 96 3913 200 3947; x_wconf 76' lang='lat' dir='ltr'><strong>eum</strong></span> <span class='ocrx_word' id='word_1_524' title='bbox 231 3897 551 3968; x_wconf 70' lang='lat' dir='ltr'><strong>criminatio</strong></span> <span class='ocrx_word' id='word_1_525' title='bbox 575 3897 642 3948; x_wconf 88' lang='lat' dir='ltr'><strong>ab</strong></span> <span class='ocrx_word' id='word_1_526' title='bbox 672 3895 1000 3967; x_wconf 84' lang='lat' dir='ltr'><strong>Hieronymo</strong></span> <span class='ocrx_word' id='word_1_527' title='bbox 1029 3899 1191 3968; x_wconf 86' lang='lat' dir='ltr'><strong>epist.</strong></span> <span class='ocrx_word' id='word_1_528' title='bbox 1224 3897 1318 3959; x_wconf 83' lang='lat'><strong>59.</strong></span> <span class='ocrx_word' id='word_1_529' title='bbox 1360 3898 1426 3952; x_wconf 86' lang='lat' dir='ltr'><strong>ad</strong></span> <span class='ocrx_word' id='word_1_530' title='bbox 1485 3898 1654 3960; x_wconf 85' lang='lat' dir='ltr'><strong>Avit.,</strong></span> 
     </span>
    </p>
   </div>
   <div class='ocr_carea' id='block_1_73' title="bbox 97 3964 1652 4037">
    <p class='ocr_par' dir='ltr' id='par_1_73' title="bbox 97 3964 1652 4037">
     <span class='ocr_line' id='line_1_73' title="bbox 97 3964 1652 4037; baseline 0 -19"><span class='ocrx_word' id='word_1_531' title='bbox 97 3983 196 4032; x_wconf 79' lang='lat' dir='ltr'><strong>cap.</strong></span> <span class='ocrx_word' id='word_1_532' title='bbox 228 3966 305 4020; x_wconf 67' lang='lat'><strong>4:</strong></span> <span class='ocrx_word' id='word_1_533' title='bbox 345 3985 365 4016; x_wconf 73' lang='grc' dir='ltr'><strong>ι</strong></span> <span class='ocrx_word' id='word_1_534' title='bbox 415 3964 491 4018; x_wconf 69' lang='lat' dir='ltr'><strong>Ne</strong></span> <span class='ocrx_word' id='word_1_535' title='bbox 532 3982 754 4034; x_wconf 86' lang='lat' dir='ltr'><strong>parvam</strong></span> <span class='ocrx_word' id='word_1_536' title='bbox 788 3964 1122 4034; x_wconf 76' lang='lat' dir='ltr'><strong>putaremus,</strong></span> <span class='ocrx_word' id='word_1_537' title='bbox 1157 3968 1330 4037; x_wconf 84' lang='lat' dir='ltr'><strong>inquit</strong></span> <span class='ocrx_word' id='word_1_538' title='bbox 1352 4007 1366 4030; x_wconf 87' lang='lat'><strong>,</strong></span> <span class='ocrx_word' id='word_1_539' title='bbox 1402 3968 1652 4036; x_wconf 78' lang='lat' dir='ltr'><strong>impieta-</strong></span> 
     </span>
    </p>
   </div>
   <div class='ocr_carea' id='block_1_74' title="bbox 99 4038 1655 4105">
    <p class='ocr_par' dir='ltr' id='par_1_74' title="bbox 99 4038 1655 4105">
     <span class='ocr_line' id='line_1_74' title="bbox 99 4038 1655 4105; baseline 0.003 -21"><span class='ocrx_word' id='word_1_540' title='bbox 99 4048 190 4087; x_wconf 85' lang='lat' dir='ltr'><strong>tem</strong></span> <span class='ocrx_word' id='word_1_541' title='bbox 217 4051 334 4088; x_wconf 78' lang='lat' dir='ltr'><strong>esse</strong></span> <span class='ocrx_word' id='word_1_542' title='bbox 366 4051 561 4088; x_wconf 90' lang='lat' dir='ltr'><strong>eorum</strong></span> <span class='ocrx_word' id='word_1_543' title='bbox 587 4051 706 4105; x_wconf 68' lang='lat' dir='ltr'><strong>qua:</strong></span> <span class='ocrx_word' id='word_1_544' title='bbox 737 4038 1092 4104; x_wconf 70' lang='lat' dir='ltr'><strong>praemiserat,</strong></span> <span class='ocrx_word' id='word_1_545' title='bbox 1146 4039 1197 4092; x_wconf 89' lang='lat' dir='ltr'><strong>itt</strong></span> <span class='ocrx_word' id='word_1_546' title='bbox 1222 4039 1462 4105; x_wconf 89' lang='lat' dir='ltr'><strong>ejusdem</strong></span> <span class='ocrx_word' id='word_1_547' title='bbox 1497 4038 1655 4090; x_wconf 87' lang='lat' dir='ltr'><strong>volu-</strong></span> 
     </span>
    </p>
   </div>
   <div class='ocr_carea' id='block_1_75' title="bbox 98 4103 1655 4176">
    <p class='ocr_par' dir='ltr' id='par_1_75' title="bbox 98 4103 1655 4176">
     <span class='ocr_line' id='line_1_75' title="bbox 98 4103 1655 4176; baseline 0 -18"><span class='ocrx_word' id='word_1_548' title='bbox 98 4107 236 4158; x_wconf 79' lang='lat' dir='ltr'><strong>minis</strong></span> <span class='ocrx_word' id='word_1_549' title='bbox 259 4105 428 4173; x_wconf 74' lang='grc' dir='ltr'>(Περὶ</span> <span class='ocrx_word' id='word_1_550' title='bbox 451 4103 676 4176; x_wconf 80' lang='grc' dir='ltr'>ἀρχῶν)</span> <span class='ocrx_word' id='word_1_551' title='bbox 692 4107 812 4176; x_wconf 17' lang='grc' dir='ltr'>Ῠιὶιιθ</span> <span class='ocrx_word' id='word_1_552' title='bbox 840 4108 1121 4176; x_wconf 80' lang='lat' dir='ltr'><strong>conjungit</strong></span> <span class='ocrx_word' id='word_1_553' title='bbox 1142 4103 1330 4162; x_wconf 88' lang='lat' dir='ltr'><strong>omnes</strong></span> <span class='ocrx_word' id='word_1_554' title='bbox 1358 4107 1655 4176; x_wconf 87' lang='lat' dir='ltr'><strong>rationabi-</strong></span> 
     </span>
    </p>
   </div>
   <div class='ocr_carea' id='block_1_76' title="bbox 102 4175 1648 4244">
    <p class='ocr_par' dir='ltr' id='par_1_76' title="bbox 102 4175 1648 4244">
     <span class='ocr_line' id='line_1_76' title="bbox 102 4175 1648 4244; baseline 0.004 -20"><span class='ocrx_word' id='word_1_555' title='bbox 102 4177 432 4234; x_wconf 79' lang='lat' dir='ltr'><strong>Iesualuras,</strong></span> <span class='ocrx_word' id='word_1_556' title='bbox 477 4175 527 4226; x_wconf 93' lang='lat' dir='ltr'><strong>id</strong></span> <span class='ocrx_word' id='word_1_557' title='bbox 551 4175 922 4240; x_wconf 87' lang='lat' dir='ltr'><strong>est,Patrem,</strong></span> <span class='ocrx_word' id='word_1_558' title='bbox 945 4187 1000 4230; x_wconf 91' lang='lat' dir='ltr'><strong>et</strong></span> <span class='ocrx_word' id='word_1_559' title='bbox 1027 4177 1255 4237; x_wconf 72' lang='lat' dir='ltr'><strong>Ftliutn,</strong></span> <span class='ocrx_word' id='word_1_560' title='bbox 1286 4189 1341 4230; x_wconf 88' lang='lat' dir='ltr'><strong>et</strong></span> <span class='ocrx_word' id='word_1_561' title='bbox 1388 4175 1648 4244; x_wconf 88' lang='lat' dir='ltr'><strong>Spiritum</strong></span> 
     </span>
    </p>
   </div>
   <div class='ocr_carea' id='block_1_77' title="bbox 101 4245 1652 4312">
    <p class='ocr_par' dir='ltr' id='par_1_77' title="bbox 101 4245 1652 4312">
     <span class='ocr_line' id='line_1_77' title="bbox 101 4245 1652 4312; baseline 0.002 -17"><span class='ocrx_word' id='word_1_562' title='bbox 101 4257 348 4308; x_wconf 73' lang='lat' dir='ltr'><strong>SattCItlItt,</strong></span> <span class='ocrx_word' id='word_1_563' title='bbox 380 4245 648 4312; x_wconf 81' lang='lat' dir='ltr'><strong>angelos,</strong></span> <span class='ocrx_word' id='word_1_564' title='bbox 701 4255 1015 4311; x_wconf 84' lang='lat' dir='ltr'><strong>potestates,</strong></span> <span class='ocrx_word' id='word_1_565' title='bbox 1078 4246 1490 4310; x_wconf 84' lang='lat' dir='ltr'><strong>dominationes,</strong></span> <span class='ocrx_word' id='word_1_566' title='bbox 1547 4260 1652 4300; x_wconf 74' lang='lat' dir='ltr'><strong>ca:-</strong></span> 
     </span>
    </p>
   </div>
   <div class='ocr_carea' id='block_1_78' title="bbox 103 4314 1647 4384">
    <p class='ocr_par' dir='ltr' id='par_1_78' title="bbox 103 4314 1647 4384">
     <span class='ocr_line' id='line_1_78' title="bbox 103 4314 1647 4384; baseline 0.002 -19"><span class='ocrx_word' id='word_1_567' title='bbox 103 4325 330 4380; x_wconf 75' lang='lat' dir='ltr'><strong>terasque</strong></span> <span class='ocrx_word' id='word_1_568' title='bbox 355 4314 608 4372; x_wconf 82' lang='lat' dir='ltr'><strong>virtutes.</strong></span> <span class='ocrx_word' id='word_1_569' title='bbox 655 4315 828 4382; x_wconf 78' lang='lat' dir='ltr'><strong>ipsum</strong></span> <span class='ocrx_word' id='word_1_570' title='bbox 853 4331 1069 4384; x_wconf 85' lang='lat' dir='ltr'><strong>quoque</strong></span> <span class='ocrx_word' id='word_1_571' title='bbox 1128 4317 1398 4369; x_wconf 83' lang='lat' dir='ltr'><strong>hominem</strong></span> <span class='ocrx_word' id='word_1_572' title='bbox 1448 4329 1647 4370; x_wconf 86' lang='lat' dir='ltr'><strong>secun-</strong></span> 
     </span>
    </p>
   </div>
   <div class='ocr_carea' id='block_1_79' title="bbox 101 4385 1646 4453">
    <p class='ocr_par' dir='ltr' id='par_1_79' title="bbox 101 4385 1646 4453">
     <span class='ocr_line' id='line_1_79' title="bbox 101 4385 1646 4453; baseline 0.005 -23"><span class='ocrx_word' id='word_1_573' title='bbox 101 4385 432 4453; x_wconf 60' lang='lat' dir='ltr'><strong>duntaniutse</strong></span> <span class='ocrx_word' id='word_1_574' title='bbox 492 4385 810 4453; x_wconf 79' lang='lat' dir='ltr'><strong>dignitatem</strong></span> <span class='ocrx_word' id='word_1_575' title='bbox 866 4388 1024 4439; x_wconf 91' lang='lat' dir='ltr'><strong>unius</strong></span> <span class='ocrx_word' id='word_1_576' title='bbox 1081 4400 1205 4440; x_wconf 85' lang='lat' dir='ltr'><strong>esse</strong></span> <span class='ocrx_word' id='word_1_577' title='bbox 1259 4385 1646 4440; x_wconf 65' lang='lat' dir='ltr'><strong>substantiae.»</strong></span> 
     </span>
    </p>
   </div>
   <div class='ocr_carea' id='block_1_80' title="bbox 103 4451 1648 4524">
    <p class='ocr_par' dir='ltr' id='par_1_80' title="bbox 103 4451 1648 4524">
     <span class='ocr_line' id='line_1_80' title="bbox 103 4451 1648 4524; baseline 0.004 -22"><span class='ocrx_word' id='word_1_578' title='bbox 103 4451 582 4524; x_wconf 69' lang='lat' dir='ltr'><strong>«Intellectualetn,</strong></span> <span class='ocrx_word' id='word_1_579' title='bbox 618 4455 813 4520; x_wconf 89' lang='lat' dir='ltr'><strong>inquit,</strong></span> <span class='ocrx_word' id='word_1_580' title='bbox 860 4455 1348 4524; x_wconf 89' lang='lat' dir='ltr'><strong>rationabiletnque</strong></span> <span class='ocrx_word' id='word_1_581' title='bbox 1398 4464 1648 4510; x_wconf 84' lang='lat' dir='ltr'><strong>naturam</strong></span> 
     </span>
    </p>
   </div>
   <div class='ocr_carea' id='block_1_81' title="bbox 105 4523 1652 4594">
    <p class='ocr_par' dir='ltr' id='par_1_81' title="bbox 105 4523 1652 4594">
     <span class='ocr_line' id='line_1_81' title="bbox 105 4523 1652 4594; baseline 0.003 -22"><span class='ocrx_word' id='word_1_582' title='bbox 105 4525 290 4577; x_wconf 70' lang='lat' dir='ltr'><strong>«sentit</strong></span> <span class='ocrx_word' id='word_1_583' title='bbox 323 4523 490 4587; x_wconf 83' lang='lat' dir='ltr'><strong>Deus,</strong></span> <span class='ocrx_word' id='word_1_584' title='bbox 517 4533 570 4594; x_wconf 86' lang='lat' dir='ltr'><strong>et</strong></span> <span class='ocrx_word' id='word_1_585' title='bbox 617 4524 924 4592; x_wconf 86' lang='lat' dir='ltr'><strong>unigenittts</strong></span> <span class='ocrx_word' id='word_1_586' title='bbox 953 4524 1121 4578; x_wconf 84' lang='lat' dir='ltr'><strong>Filius</strong></span> <span class='ocrx_word' id='word_1_587' title='bbox 1153 4523 1288 4594; x_wconf 87' lang='lat' dir='ltr'><strong>ejus,</strong></span> <span class='ocrx_word' id='word_1_588' title='bbox 1319 4535 1372 4578; x_wconf 90' lang='lat' dir='ltr'><strong>et</strong></span> <span class='ocrx_word' id='word_1_589' title='bbox 1419 4525 1652 4594; x_wconf 87' lang='lat' dir='ltr'><strong>Spiritus</strong></span> 
     </span>
    </p>
   </div>
   <div class='ocr_carea' id='block_1_82' title="bbox 106 4593 1654 4664">
    <p class='ocr_par' dir='ltr' id='par_1_82' title="bbox 106 4593 1654 4664">
     <span class='ocr_line' id='line_1_82' title="bbox 106 4593 1654 4664; baseline 0.003 -20"><span class='ocrx_word' id='word_1_590' title='bbox 106 4611 120 4640; x_wconf 78' lang='grc' dir='ltr'><strong>ι</strong></span> <span class='ocrx_word' id='word_1_591' title='bbox 141 4604 391 4658; x_wconf 81' lang='lat' dir='ltr'><strong>sanctus;</strong></span> <span class='ocrx_word' id='word_1_592' title='bbox 420 4593 662 4664; x_wconf 83' lang='lat' dir='ltr'><strong>sentiunt</strong></span> <span class='ocrx_word' id='word_1_593' title='bbox 685 4594 884 4661; x_wconf 80' lang='lat' dir='ltr'><strong>angeli,</strong></span> <span class='ocrx_word' id='word_1_594' title='bbox 915 4605 969 4648; x_wconf 89' lang='lat' dir='ltr'><strong>et</strong></span> <span class='ocrx_word' id='word_1_595' title='bbox 997 4593 1308 4664; x_wconf 80' lang='lat' dir='ltr'><strong>potestates,</strong></span> <span class='ocrx_word' id='word_1_596' title='bbox 1337 4593 1654 4660; x_wconf 61' lang='lat' dir='ltr'><strong>ceteraeque</strong></span> 
     </span>
    </p>
   </div>
   <div class='ocr_carea' id='block_1_83' title="bbox 104 4663 1649 4733">
    <p class='ocr_par' dir='ltr' id='par_1_83' title="bbox 104 4663 1649 4733">
     <span class='ocr_line' id='line_1_83' title="bbox 104 4663 1649 4733; baseline 0.002 -21"><span class='ocrx_word' id='word_1_597' title='bbox 104 4680 118 4712; x_wconf 77' lang='grc' dir='ltr'><strong>ι</strong></span> <span class='ocrx_word' id='word_1_598' title='bbox 145 4664 361 4718; x_wconf 81' lang='lat' dir='ltr'><strong>virtutes</strong></span> <span class='ocrx_word' id='word_1_599' title='bbox 387 4681 403 4728; x_wconf 90' lang='lat'><strong>;</strong></span> <span class='ocrx_word' id='word_1_600' title='bbox 433 4663 595 4717; x_wconf 87' lang='lat' dir='ltr'><strong>sentit</strong></span> <span class='ocrx_word' id='word_1_601' title='bbox 626 4663 854 4733; x_wconf 81' lang='lat' dir='ltr'><strong>interior</strong></span> <span class='ocrx_word' id='word_1_602' title='bbox 883 4663 1044 4720; x_wconf 85' lang='lat' dir='ltr'><strong>homo</strong></span> <span class='ocrx_word' id='word_1_603' title='bbox 1072 4673 1278 4727; x_wconf 88' lang='lat' dir='ltr'><strong>noster,</strong></span> <span class='ocrx_word' id='word_1_604' title='bbox 1300 4665 1394 4733; x_wconf 90' lang='lat' dir='ltr'><strong>qui</strong></span> <span class='ocrx_word' id='word_1_605' title='bbox 1427 4665 1492 4716; x_wconf 88' lang='lat' dir='ltr'><strong>ad</strong></span> <span class='ocrx_word' id='word_1_606' title='bbox 1517 4666 1649 4716; x_wconf 87' lang='lat' dir='ltr'><strong>inta-</strong></span> 
     </span>
    </p>
   </div>
   <div class='ocr_carea' id='block_1_84' title="bbox 106 4732 1654 4802">
    <p class='ocr_par' dir='ltr' id='par_1_84' title="bbox 106 4732 1654 4802">
     <span class='ocr_line' id='line_1_84' title="bbox 106 4732 1654 4802; baseline 0.003 -18"><span class='ocrx_word' id='word_1_607' title='bbox 106 4733 305 4800; x_wconf 80' lang='lat' dir='ltr'><strong>tgioeut</strong></span> <span class='ocrx_word' id='word_1_608' title='bbox 336 4745 395 4785; x_wconf 78' lang='lat' dir='ltr'><strong>et</strong></span> <span class='ocrx_word' id='word_1_609' title='bbox 435 4732 843 4786; x_wconf 86' lang='lat' dir='ltr'><strong>similitudinem</strong></span> <span class='ocrx_word' id='word_1_610' title='bbox 882 4733 972 4786; x_wconf 90' lang='lat' dir='ltr'><strong>Dei</strong></span> <span class='ocrx_word' id='word_1_611' title='bbox 1018 4736 1266 4788; x_wconf 87' lang='lat' dir='ltr'><strong>conditus</strong></span> <span class='ocrx_word' id='word_1_612' title='bbox 1297 4732 1398 4789; x_wconf 90' lang='lat' dir='ltr'><strong>est.</strong></span> <span class='ocrx_word' id='word_1_613' title='bbox 1440 4733 1513 4786; x_wconf 77' lang='lat' dir='ltr'><strong>E-x</strong></span> <span class='ocrx_word' id='word_1_614' title='bbox 1547 4751 1654 4802; x_wconf 92' lang='lat' dir='ltr'><strong>quo</strong></span> 
     </span>
    </p>
   </div>
   <div class='ocr_carea' id='block_1_85' title="bbox 104 4803 1653 4873">
    <p class='ocr_par' dir='ltr' id='par_1_85' title="bbox 104 4803 1653 4873">
     <span class='ocr_line' id='line_1_85' title="bbox 104 4803 1653 4873; baseline 0.005 -23"><span class='ocrx_word' id='word_1_615' title='bbox 104 4821 118 4850; x_wconf 80' lang='grc' dir='ltr'><strong>ι</strong></span> <span class='ocrx_word' id='word_1_616' title='bbox 145 4805 479 4856; x_wconf 77' lang='lat' dir='ltr'><strong>concluditur</strong></span> <span class='ocrx_word' id='word_1_617' title='bbox 513 4803 700 4873; x_wconf 68' lang='lat' dir='ltr'><strong>Deum,</strong></span> <span class='ocrx_word' id='word_1_618' title='bbox 723 4812 776 4873; x_wconf 87' lang='lat' dir='ltr'><strong>et</strong></span> <span class='ocrx_word' id='word_1_619' title='bbox 804 4805 918 4857; x_wconf 57' lang='lat' dir='ltr'><strong>haec</strong></span> <span class='ocrx_word' id='word_1_620' title='bbox 943 4805 1338 4873; x_wconf 88' lang='lat' dir='ltr'><strong>quodammodo</strong></span> <span class='ocrx_word' id='word_1_621' title='bbox 1357 4805 1512 4857; x_wconf 84' lang='lat' dir='ltr'><strong>unius</strong></span> <span class='ocrx_word' id='word_1_622' title='bbox 1534 4820 1653 4857; x_wconf 82' lang='lat' dir='ltr'><strong>esse</strong></span> 
     </span>
    </p>
   </div>
   <div class='ocr_carea' id='block_1_86' title="bbox 105 4871 1654 4942">
    <p class='ocr_par' dir='ltr' id='par_1_86' title="bbox 105 4871 1654 4942">
     <span class='ocr_line' id='line_1_86' title="bbox 105 4871 1654 4942; baseline 0.001 -19"><span class='ocrx_word' id='word_1_623' title='bbox 105 4874 472 4925; x_wconf 64' lang='lat' dir='ltr'><strong>tsubslaulizf.</strong></span> <span class='ocrx_word' id='word_1_624' title='bbox 509 4891 528 4922; x_wconf 77' lang='grc' dir='ltr'><strong>ι</strong></span> <span class='ocrx_word' id='word_1_625' title='bbox 560 4871 666 4925; x_wconf 90' lang='lat' dir='ltr'><strong>Sed</strong></span> <span class='ocrx_word' id='word_1_626' title='bbox 701 4871 974 4942; x_wconf 75' lang='lat' dir='ltr'><strong>Origenes</strong></span> <span class='ocrx_word' id='word_1_627' title='bbox 1002 4889 1185 4928; x_wconf 86' lang='lat' dir='ltr'><strong>vocem</strong></span> <span class='ocrx_word' id='word_1_628' title='bbox 1215 4875 1438 4935; x_wconf 87' lang='lat' dir='ltr'><strong>addens.</strong></span> <span class='ocrx_word' id='word_1_629' title='bbox 1469 4893 1488 4925; x_wconf 82' lang='lat' dir='ltr'><strong>t</strong></span> <span class='ocrx_word' id='word_1_630' title='bbox 1527 4889 1654 4941; x_wconf 81' lang='lat' dir='ltr'><strong>quu-</strong></span> 
     </span>
    </p>
   </div>
   <div class='ocr_carea' id='block_1_87' title="bbox 103 4942 1654 5011">
    <p class='ocr_par' dir='ltr' id='par_1_87' title="bbox 103 4942 1654 5011">
     <span class='ocr_line' id='line_1_87' title="bbox 103 4942 1654 5011; baseline 0.005 -24"><span class='ocrx_word' id='word_1_631' title='bbox 103 4943 390 5006; x_wconf 73' lang='lat' dir='ltr'><strong>tiatltnmdo,</strong></span> <span class='ocrx_word' id='word_1_632' title='bbox 434 4961 454 4994; x_wconf 74' lang='grc' dir='ltr'><strong>ι</strong></span> <span class='ocrx_word' id='word_1_633' title='bbox 497 4942 795 5011; x_wconf 89' lang='lat' dir='ltr'><strong>impietatis</strong></span> <span class='ocrx_word' id='word_1_634' title='bbox 833 4943 1304 5011; x_wconf 86' lang='lat' dir='ltr'><strong>reprehensionem</strong></span> <span class='ocrx_word' id='word_1_635' title='bbox 1337 4959 1365 4995; x_wconf 89' lang='lat' dir='ltr'><strong>a</strong></span> <span class='ocrx_word' id='word_1_636' title='bbox 1389 4958 1447 4998; x_wconf 85' lang='lat' dir='ltr'><strong>se</strong></span> <span class='ocrx_word' id='word_1_637' title='bbox 1476 4959 1654 4996; x_wconf 85' lang='lat' dir='ltr'><strong>remo-</strong></span> 
     </span>
    </p>
   </div>
   <div class='ocr_carea' id='block_1_88' title="bbox 105 5011 1649 5082">
    <p class='ocr_par' dir='ltr' id='par_1_88' title="bbox 105 5011 1649 5082">
     <span class='ocr_line' id='line_1_88' title="bbox 105 5011 1649 5082; baseline 0.002 -21"><span class='ocrx_word' id='word_1_638' title='bbox 105 5023 188 5061; x_wconf 60' lang='grc' dir='ltr'>πει.</span> <span class='ocrx_word' id='word_1_639' title='bbox 213 5011 422 5066; x_wconf 69' lang='lat' dir='ltr'><strong>«Unum</strong></span> <span class='ocrx_word' id='word_1_640' title='bbox 453 5012 657 5076; x_wconf 61' lang='lat' dir='ltr'><strong>addit,»</strong></span> <span class='ocrx_word' id='word_1_641' title='bbox 689 5013 863 5080; x_wconf 87' lang='lat' dir='ltr'><strong>inquit</strong></span> <span class='ocrx_word' id='word_1_642' title='bbox 893 5011 1278 5082; x_wconf 82' lang='lat' dir='ltr'><strong>Hieronymus,</strong></span> <span class='ocrx_word' id='word_1_643' title='bbox 1337 5031 1354 5064; x_wconf 85' lang='lat' dir='ltr'><strong>t</strong></span> <span class='ocrx_word' id='word_1_644' title='bbox 1403 5015 1649 5076; x_wconf 88' lang='lat' dir='ltr'><strong>verbum,</strong></span> 
     </span>
    </p>
   </div>
   <div class='ocr_carea' id='block_1_89' title="bbox 103 5082 1644 5152">
    <p class='ocr_par' dir='ltr' id='par_1_89' title="bbox 103 5082 1644 5152">
     <span class='ocr_line' id='line_1_89' title="bbox 103 5082 1644 5152; baseline 0.003 -23"><span class='ocrx_word' id='word_1_645' title='bbox 103 5083 494 5146; x_wconf 67' lang='lat' dir='ltr'><strong>quodammodo,</strong></span> <span class='ocrx_word' id='word_1_646' title='bbox 541 5095 596 5136; x_wconf 92' lang='lat' dir='ltr'><strong>ttt</strong></span> <span class='ocrx_word' id='word_1_647' title='bbox 646 5083 776 5135; x_wconf 88' lang='lat' dir='ltr'><strong>tanti</strong></span> <span class='ocrx_word' id='word_1_648' title='bbox 806 5084 1298 5152; x_wconf 82' lang='lat' dir='ltr'><strong>sacrilegiicrimeu</strong></span> <span class='ocrx_word' id='word_1_649' title='bbox 1330 5082 1644 5150; x_wconf 64' lang='lat' dir='ltr'><strong>effugeret.»</strong></span> 
     </span>
    </p>
   </div>
   <div class='ocr_carea' id='block_1_90' title="bbox 104 5145 1646 5222">
    <p class='ocr_par' dir='ltr' id='par_1_90' title="bbox 104 5145 1646 5222">
     <span class='ocr_line' id='line_1_90' title="bbox 104 5145 1646 5222; baseline 0.003 -22"><span class='ocrx_word' id='word_1_650' title='bbox 104 5153 272 5213; x_wconf 73' lang='lat' dir='ltr'><strong>Quidni</strong></span> <span class='ocrx_word' id='word_1_651' title='bbox 301 5145 489 5220; x_wconf 83' lang='lat' dir='ltr'><strong>potius</strong></span> <span class='ocrx_word' id='word_1_652' title='bbox 525 5153 867 5222; x_wconf 77' lang='lat' dir='ltr'><strong>utopiuiouis</strong></span> <span class='ocrx_word' id='word_1_653' title='bbox 895 5145 1052 5219; x_wconf 66' lang='lat' dir='ltr'><strong>hujus</strong></span> <span class='ocrx_word' id='word_1_654' title='bbox 1091 5145 1397 5222; x_wconf 79' lang='lat' dir='ltr'><strong>neutiquam</strong></span> <span class='ocrx_word' id='word_1_655' title='bbox 1436 5145 1646 5222; x_wconf 73' lang='lat' dir='ltr'><strong>aliinettt</strong></span> 
     </span>
    </p>
   </div>
   <div class='ocr_carea' id='block_1_91' title="bbox 105 5220 1649 5292">
    <p class='ocr_par' dir='ltr' id='par_1_91' title="bbox 105 5220 1649 5292">
     <span class='ocr_line' id='line_1_91' title="bbox 105 5220 1649 5292; baseline 0.001 -21"><span class='ocrx_word' id='word_1_656' title='bbox 105 5235 156 5292; x_wconf 44' lang='lat' dir='ltr'><strong>se</strong></span> <span class='ocrx_word' id='word_1_657' title='bbox 178 5222 473 5292; x_wconf 73' lang='lat' dir='ltr'><strong>declararet</strong></span> <span class='ocrx_word' id='word_1_658' title='bbox 493 5220 650 5292; x_wconf 77' lang='lat' dir='ltr'><strong>?Sic</strong></span> <span class='ocrx_word' id='word_1_659' title='bbox 670 5225 723 5275; x_wconf 92' lang='lat' dir='ltr'><strong>in</strong></span> <span class='ocrx_word' id='word_1_660' title='bbox 751 5223 888 5278; x_wconf 90' lang='lat' dir='ltr'><strong>libro</strong></span> <span class='ocrx_word' id='word_1_661' title='bbox 921 5222 994 5276; x_wconf 80' lang='lat' dir='ltr'><strong>De</strong></span> <span class='ocrx_word' id='word_1_662' title='bbox 1049 5220 1326 5292; x_wconf 79' lang='lat' dir='ltr'><strong>martyrio,</strong></span> <span class='ocrx_word' id='word_1_663' title='bbox 1379 5239 1527 5292; x_wconf 86' lang='lat' dir='ltr'><strong>num.</strong></span> <span class='ocrx_word' id='word_1_664' title='bbox 1557 5221 1649 5285; x_wconf 72' lang='grc'><strong>47,</strong></span> 
     </span>
    </p>
   </div>
   <div class='ocr_carea' id='block_1_92' title="bbox 109 5289 1650 5374">
    <p class='ocr_par' dir='ltr' id='par_1_92' title="bbox 109 5289 1650 5374">
     <span class='ocr_line' id='line_1_92' title="bbox 109 5289 1650 5374; baseline 0.004 -35"><span class='ocrx_word' id='word_1_665' title='bbox 109 5289 203 5374; x_wconf 36' lang='lat' dir='ltr'><strong>ilia:</strong></span> <span class='ocrx_word' id='word_1_666' title='bbox 226 5292 296 5374; x_wconf 44' lang='lat' dir='ltr'><strong>5s</strong></span> <span class='ocrx_word' id='word_1_667' title='bbox 312 5291 410 5343; x_wconf 76' lang='grc' dir='ltr'><strong>καὶ</strong></span> <span class='ocrx_word' id='word_1_668' title='bbox 435 5291 718 5374; x_wconf 41' lang='lat' dir='ltr'><strong>eadem“</strong></span> <span class='ocrx_word' id='word_1_669' title='bbox 752 5293 1057 5374; x_wconf 53' lang='grc' dir='ltr'>ανθρωπος,</span> <span class='ocrx_word' id='word_1_670' title='bbox 1081 5289 1286 5363; x_wconf 81' lang='grc' dir='ltr'>πεῖσμα</span> <span class='ocrx_word' id='word_1_671' title='bbox 1309 5291 1490 5374; x_wconf 57' lang='grc' dir='ltr'>λαᾷῶν</span> <span class='ocrx_word' id='word_1_672' title='bbox 1512 5293 1650 5374; x_wconf 52' lang='grc' dir='ltr'>περὶ</span> 
     </span>
    </p>
   </div>
   <div class='ocr_carea' id='block_1_93' title="bbox 104 5361 1645 5434">
    <p class='ocr_par' dir='ltr' id='par_1_93' title="bbox 104 5361 1645 5434">
     <span class='ocr_line' id='line_1_93' title="bbox 104 5361 1645 5434; baseline 0.002 -22"><span class='ocrx_word' id='word_1_673' title='bbox 104 5361 259 5434; x_wconf 57' lang='lat' dir='ltr'><strong>obsis;</strong></span> <span class='ocrx_word' id='word_1_674' title='bbox 279 5361 506 5434; x_wconf 80' lang='grc' dir='ltr'>λογικῆς</span> <span class='ocrx_word' id='word_1_675' title='bbox 535 5362 730 5431; x_wconf 69' lang='grc' dir='ltr'>ψυχῆς,</span> <span class='ocrx_word' id='word_1_676' title='bbox 760 5363 836 5434; x_wconf 78' lang='grc' dir='ltr'>ᾡς</span> <span class='ocrx_word' id='word_1_677' title='bbox 856 5361 1084 5434; x_wconf 76' lang='grc' dir='ltr'>ἐχούσης</span> <span class='ocrx_word' id='word_1_678' title='bbox 1122 5380 1174 5416; x_wconf 92' lang='grc' dir='ltr'><strong>τι</strong></span> <span class='ocrx_word' id='word_1_679' title='bbox 1208 5361 1462 5432; x_wconf 83' lang='grc' dir='ltr'>συγγενὲς</span> <span class='ocrx_word' id='word_1_680' title='bbox 1508 5361 1645 5433; x_wconf 84' lang='grc' dir='ltr'><strong>Θεῷ.</strong></span> 
     </span>
    </p>
   </div>
   <div class='ocr_carea' id='block_1_94' title="bbox 107 5431 1649 5491">
    <p class='ocr_par' dir='ltr' id='par_1_94' title="bbox 107 5431 1649 5491">
     <span class='ocr_line' id='line_1_94' title="bbox 107 5431 1649 5491; baseline 0.002 -8"><span class='ocrx_word' id='word_1_681' title='bbox 107 5431 296 5491; x_wconf 75' lang='lat' dir='ltr'><strong>Quodsi</strong></span> <span class='ocrx_word' id='word_1_682' title='bbox 327 5449 358 5486; x_wconf 90' lang='lat' dir='ltr'><strong>e</strong></span> <span class='ocrx_word' id='word_1_683' title='bbox 386 5432 478 5484; x_wconf 89' lang='lat' dir='ltr'><strong>Dei</strong></span> <span class='ocrx_word' id='word_1_684' title='bbox 523 5433 826 5485; x_wconf 81' lang='lat' dir='ltr'><strong>substantia</strong></span> <span class='ocrx_word' id='word_1_685' title='bbox 851 5431 1146 5486; x_wconf 81' lang='lat' dir='ltr'><strong>delibatam</strong></span> <span class='ocrx_word' id='word_1_686' title='bbox 1175 5431 1480 5487; x_wconf 71' lang='lat' dir='ltr'><strong>cenSuisset</strong></span> <span class='ocrx_word' id='word_1_687' title='bbox 1529 5431 1649 5486; x_wconf 83' lang='lat' dir='ltr'><strong>atti-</strong></span> 
     </span>
    </p>
   </div>
   <div class='ocr_carea' id='block_1_95' title="bbox 111 5500 1647 5573">
    <p class='ocr_par' dir='ltr' id='par_1_95' title="bbox 111 5500 1647 5573">
     <span class='ocr_line' id='line_1_95' title="bbox 111 5500 1647 5573; baseline 0.007 -27"><span class='ocrx_word' id='word_1_688' title='bbox 111 5514 246 5573; x_wconf 76' lang='lat' dir='ltr'><strong>tuam,</strong></span> <span class='ocrx_word' id='word_1_689' title='bbox 271 5517 379 5555; x_wconf 90' lang='lat' dir='ltr'><strong>non</strong></span> <span class='ocrx_word' id='word_1_690' title='bbox 413 5500 575 5556; x_wconf 78' lang='lat' dir='ltr'><strong>aliine</strong></span> <span class='ocrx_word' id='word_1_691' title='bbox 607 5501 810 5573; x_wconf 80' lang='lat' dir='ltr'><strong>aliquid</strong></span> <span class='ocrx_word' id='word_1_692' title='bbox 841 5503 1060 5568; x_wconf 83' lang='lat' dir='ltr'><strong>habere,</strong></span> <span class='ocrx_word' id='word_1_693' title='bbox 1093 5504 1186 5557; x_wconf 87' lang='lat' dir='ltr'><strong>sed</strong></span> <span class='ocrx_word' id='word_1_694' title='bbox 1213 5504 1383 5573; x_wconf 86' lang='lat' dir='ltr'><strong>ipsius</strong></span> <span class='ocrx_word' id='word_1_695' title='bbox 1409 5504 1647 5571; x_wconf 88' lang='lat' dir='ltr'><strong>particu-</strong></span> 
     </span>
    </p>
   </div>
   <div class='ocr_carea' id='block_1_96' title="bbox 109 5568 1644 5642">
    <p class='ocr_par' dir='ltr' id='par_1_96' title="bbox 109 5568 1644 5642">
     <span class='ocr_line' id='line_1_96' title="bbox 109 5568 1644 5642; baseline 0 -18"><span class='ocrx_word' id='word_1_696' title='bbox 109 5568 191 5642; x_wconf 65' lang='lat' dir='ltr'><strong>iatn</strong></span> <span class='ocrx_word' id='word_1_697' title='bbox 215 5587 335 5624; x_wconf 88' lang='lat' dir='ltr'><strong>esse</strong></span> <span class='ocrx_word' id='word_1_698' title='bbox 360 5573 614 5642; x_wconf 77' lang='lat' dir='ltr'><strong>dixisset.</strong></span> <span class='ocrx_word' id='word_1_699' title='bbox 637 5568 810 5642; x_wconf 78' lang='lat' dir='ltr'><strong>AIIine</strong></span> <span class='ocrx_word' id='word_1_700' title='bbox 857 5585 1037 5626; x_wconf 88' lang='lat' dir='ltr'><strong>autem</strong></span> <span class='ocrx_word' id='word_1_701' title='bbox 1095 5568 1328 5629; x_wconf 42' lang='lat' dir='ltr'><strong>cunt-eo</strong></span> <span class='ocrx_word' id='word_1_702' title='bbox 1369 5568 1644 5642; x_wconf 83' lang='lat' dir='ltr'><strong>quidpiam</strong></span> 
     </span>
    </p>
   </div>
   <div class='ocr_carea' id='block_1_97' title="bbox 111 5639 1644 5712">
    <p class='ocr_par' dir='ltr' id='par_1_97' title="bbox 111 5639 1644 5712">
     <span class='ocr_line' id='line_1_97' title="bbox 111 5639 1644 5712; baseline -0.005 -11"><span class='ocrx_word' id='word_1_703' title='bbox 111 5639 263 5712; x_wconf 63' lang='lat' dir='ltr'><strong>habet.</strong></span> <span class='ocrx_word' id='word_1_704' title='bbox 286 5644 432 5711; x_wconf 87' lang='lat' dir='ltr'><strong>quod</strong></span> <span class='ocrx_word' id='word_1_705' title='bbox 459 5642 526 5693; x_wconf 85' lang='lat' dir='ltr'><strong>ad</strong></span> <span class='ocrx_word' id='word_1_706' title='bbox 550 5640 670 5712; x_wconf 84' lang='lat' dir='ltr'><strong>ejus</strong></span> <span class='ocrx_word' id='word_1_707' title='bbox 696 5641 986 5711; x_wconf 86' lang='lat' dir='ltr'><strong>imaginem</strong></span> <span class='ocrx_word' id='word_1_708' title='bbox 1016 5645 1228 5698; x_wconf 90' lang='lat' dir='ltr'><strong>condita</strong></span> <span class='ocrx_word' id='word_1_709' title='bbox 1256 5644 1328 5698; x_wconf 79' lang='lat' dir='ltr'><strong>sit</strong></span> <span class='ocrx_word' id='word_1_710' title='bbox 1350 5686 1366 5710; x_wconf 93' lang='lat'><strong>,</strong></span> <span class='ocrx_word' id='word_1_711' title='bbox 1387 5639 1535 5712; x_wconf 80' lang='lat' dir='ltr'><strong>quod</strong></span> <span class='ocrx_word' id='word_1_712' title='bbox 1560 5642 1644 5712; x_wconf 81' lang='lat' dir='ltr'><strong>lu-</strong></span> 
     </span>
    </p>
   </div>
   <div class='ocr_carea' id='block_1_98' title="bbox 111 5710 1644 5782">
    <p class='ocr_par' dir='ltr' id='par_1_98' title="bbox 111 5710 1644 5782">
     <span class='ocr_line' id='line_1_98' title="bbox 111 5710 1644 5782; baseline 0.007 -26"><span class='ocrx_word' id='word_1_713' title='bbox 111 5710 227 5763; x_wconf 80' lang='lat' dir='ltr'><strong>mine</strong></span> <span class='ocrx_word' id='word_1_714' title='bbox 256 5710 442 5766; x_wconf 82' lang='lat' dir='ltr'><strong>divino</strong></span> <span class='ocrx_word' id='word_1_715' title='bbox 469 5711 654 5782; x_wconf 84' lang='lat' dir='ltr'><strong>vultus</strong></span> <span class='ocrx_word' id='word_1_716' title='bbox 679 5710 848 5780; x_wconf 77' lang='lat' dir='ltr'><strong>ipsius</strong></span> <span class='ocrx_word' id='word_1_717' title='bbox 873 5713 1118 5780; x_wconf 82' lang='lat' dir='ltr'><strong>signatus</strong></span> <span class='ocrx_word' id='word_1_718' title='bbox 1148 5713 1238 5777; x_wconf 90' lang='lat' dir='ltr'><strong>sit,</strong></span> <span class='ocrx_word' id='word_1_719' title='bbox 1273 5710 1424 5782; x_wconf 80' lang='lat' dir='ltr'><strong>quod</strong></span> <span class='ocrx_word' id='word_1_720' title='bbox 1455 5711 1644 5766; x_wconf 90' lang='lat' dir='ltr'><strong>mortis</strong></span> 
     </span>
    </p>
   </div>
   <div class='ocr_carea' id='block_1_99' title="bbox 111 5781 1641 5851">
    <p class='ocr_par' dir='ltr' id='par_1_99' title="bbox 111 5781 1641 5851">
     <span class='ocr_line' id='line_1_99' title="bbox 111 5781 1641 5851; baseline 0.001 -20"><span class='ocrx_word' id='word_1_721' title='bbox 111 5791 274 5844; x_wconf 78' lang='lat' dir='ltr'><strong>expers</strong></span> <span class='ocrx_word' id='word_1_722' title='bbox 296 5791 352 5836; x_wconf 90' lang='lat' dir='ltr'><strong>et</strong></span> <span class='ocrx_word' id='word_1_723' title='bbox 375 5781 898 5851; x_wconf 12' lang='lat' dir='ltr'><strong>beatitatisgteterum</strong></span> <span class='ocrx_word' id='word_1_724' title='bbox 950 5797 1118 5851; x_wconf 88' lang='lat' dir='ltr'><strong>capax</strong></span> <span class='ocrx_word' id='word_1_725' title='bbox 1165 5785 1256 5838; x_wconf 89' lang='lat' dir='ltr'><strong>sit.</strong></span> <span class='ocrx_word' id='word_1_726' title='bbox 1292 5781 1431 5838; x_wconf 15' lang='lat' dir='ltr'><strong>illoc</strong></span> <span class='ocrx_word' id='word_1_727' title='bbox 1478 5784 1641 5836; x_wconf 82' lang='lat' dir='ltr'><strong>etiam</strong></span> 
     </span>
    </p>
   </div>
   <div class='ocr_carea' id='block_1_100' title="bbox 113 5849 1642 5924">
    <p class='ocr_par' dir='ltr' id='par_1_100' title="bbox 113 5849 1642 5924">
     <span class='ocr_line' id='line_1_100' title="bbox 113 5849 1642 5924; baseline 0.007 -28"><span class='ocrx_word' id='word_1_728' title='bbox 113 5851 308 5906; x_wconf 78' lang='lat' dir='ltr'><strong>crimine</strong></span> <span class='ocrx_word' id='word_1_729' title='bbox 337 5867 396 5908; x_wconf 87' lang='lat' dir='ltr'><strong>se</strong></span> <span class='ocrx_word' id='word_1_730' title='bbox 419 5859 614 5920; x_wconf 77' lang='lat' dir='ltr'><strong>purgat</strong></span> <span class='ocrx_word' id='word_1_731' title='bbox 641 5849 904 5922; x_wconf 77' lang='lat' dir='ltr'><strong>Origenes</strong></span> <span class='ocrx_word' id='word_1_732' title='bbox 946 5849 1088 5924; x_wconf 85' lang='lat' dir='ltr'><strong>quod</strong></span> <span class='ocrx_word' id='word_1_733' title='bbox 1121 5853 1356 5910; x_wconf 83' lang='lat' dir='ltr'><strong>animam</strong></span> <span class='ocrx_word' id='word_1_734' title='bbox 1388 5868 1642 5921; x_wconf 84' lang='lat' dir='ltr'><strong>corpora-</strong></span> 
     </span>
    </p>
   </div>
   <div class='ocr_carea' id='block_1_101' title="bbox 1764 3256 3337 3328">
    <p class='ocr_par' dir='ltr' id='par_1_101' title="bbox 1764 3256 3337 3328">
     <span class='ocr_line' id='line_1_101' title="bbox 1764 3256 3337 3328; baseline -0.003 -16"><span class='ocrx_word' id='word_1_735' title='bbox 1764 3274 1794 3312; x_wconf 90' lang='lat' dir='ltr'><strong>a</strong></span> <span class='ocrx_word' id='word_1_736' title='bbox 1826 3256 1987 3312; x_wconf 87' lang='lat' dir='ltr'><strong>Patre</strong></span> <span class='ocrx_word' id='word_1_737' title='bbox 2020 3266 2326 3327; x_wconf 87' lang='lat' dir='ltr'><strong>superatur,</strong></span> <span class='ocrx_word' id='word_1_738' title='bbox 2356 3269 2563 3327; x_wconf 88' lang='lat' dir='ltr'><strong>quanta</strong></span> <span class='ocrx_word' id='word_1_739' title='bbox 2595 3259 2708 3328; x_wconf 89' lang='lat' dir='ltr'><strong>ipse</strong></span> <span class='ocrx_word' id='word_1_740' title='bbox 2738 3267 2902 3326; x_wconf 88' lang='lat' dir='ltr'><strong>atque</strong></span> <span class='ocrx_word' id='word_1_741' title='bbox 2955 3256 3188 3324; x_wconf 90' lang='lat' dir='ltr'><strong>Spiritus</strong></span> <span class='ocrx_word' id='word_1_742' title='bbox 3216 3269 3337 3309; x_wconf 82' lang='lat' dir='ltr'><strong>sau-</strong></span> 
     </span>
    </p>
   </div>
   <div class='ocr_carea' id='block_1_102' title="bbox 1762 3347 3334 3419">
    <p class='ocr_par' dir='ltr' id='par_1_102' title="bbox 1762 3347 3334 3419">
     <span class='ocr_line' id='line_1_102' title="bbox 1762 3347 3334 3419; baseline -0.001 -17"><span class='ocrx_word' id='word_1_743' title='bbox 1762 3357 1889 3402; x_wconf 90' lang='lat' dir='ltr'><strong>ctus</strong></span> <span class='ocrx_word' id='word_1_744' title='bbox 1927 3347 2158 3417; x_wconf 81' lang='lat' dir='ltr'><strong>reliqua,</strong></span> <span class='ocrx_word' id='word_1_745' title='bbox 2185 3361 2291 3403; x_wconf 92' lang='lat' dir='ltr'><strong>non</strong></span> <span class='ocrx_word' id='word_1_746' title='bbox 2314 3349 2591 3418; x_wconf 70' lang='lat' dir='ltr'><strong>qutelibet,</strong></span> <span class='ocrx_word' id='word_1_747' title='bbox 2623 3359 2904 3419; x_wconf 90' lang='lat' dir='ltr'><strong>superant.</strong></span> <span class='ocrx_word' id='word_1_748' title='bbox 2948 3350 3160 3416; x_wconf 81' lang='lat' dir='ltr'><strong>Quanta</strong></span> <span class='ocrx_word' id='word_1_749' title='bbox 3187 3349 3334 3402; x_wconf 90' lang='lat' dir='ltr'><strong>enitn</strong></span> 
     </span>
    </p>
   </div>
   <div class='ocr_carea' id='block_1_103' title="bbox 1295 3504 2772 3574">
    <p class='ocr_par' dir='ltr' id='par_1_103' title="bbox 1295 3504 2772 3574">
     <span class='ocr_line' id='line_1_103' title="bbox 1295 3504 2772 3574; baseline 0.001 -15"><span class='ocrx_word' id='word_1_750' title='bbox 1295 3505 1338 3537; x_wconf 86' lang='grc'><strong>⁶¹</strong></span> <span class='ocrx_word' id='word_1_751' title='bbox 1369 3504 1525 3560; x_wconf 77' lang='lat' dir='ltr'><strong>Joan.</strong></span> <span class='ocrx_word' id='word_1_752' title='bbox 1553 3523 1664 3571; x_wconf 84' lang='lat' dir='ltr'><strong>xtv,</strong></span> <span class='ocrx_word' id='word_1_753' title='bbox 1695 3505 1784 3562; x_wconf 74' lang='lat'><strong>28.</strong></span> <span class='ocrx_word' id='word_1_754' title='bbox 1851 3505 1896 3538; x_wconf 78' lang='lat'><strong>&quot;</strong></span> <span class='ocrx_word' id='word_1_755' title='bbox 1918 3504 2083 3560; x_wconf 78' lang='lat' dir='ltr'><strong>Marc.</strong></span> <span class='ocrx_word' id='word_1_756' title='bbox 2111 3521 2168 3572; x_wconf 88' lang='lat' dir='ltr'><strong>x,</strong></span> <span class='ocrx_word' id='word_1_757' title='bbox 2201 3506 2294 3572; x_wconf 70' lang='lat'><strong>18;</strong></span> <span class='ocrx_word' id='word_1_758' title='bbox 2327 3505 2459 3561; x_wconf 91' lang='lat' dir='ltr'><strong>Luc.</strong></span> <span class='ocrx_word' id='word_1_759' title='bbox 2487 3521 2640 3574; x_wconf 85' lang='lat' dir='ltr'><strong>xvut,</strong></span> <span class='ocrx_word' id='word_1_760' title='bbox 2684 3505 2772 3561; x_wconf 78' lang='grc'><strong>19.</strong></span> 
     </span>
    </p>
   </div>
   <div class='ocr_carea' id='block_1_104' title="bbox 1768 3616 3334 3688">
    <p class='ocr_par' dir='ltr' id='par_1_104' title="bbox 1768 3616 3334 3688">
     <span class='ocr_line' id='line_1_104' title="bbox 1768 3616 3334 3688; baseline 0.005 -17"><span class='ocrx_word' id='word_1_761' title='bbox 1768 3628 1874 3688; x_wconf 90' lang='lat' dir='ltr'><strong>tam</strong></span> <span class='ocrx_word' id='word_1_762' title='bbox 1909 3633 2030 3674; x_wconf 89' lang='lat' dir='ltr'><strong>esse</strong></span> <span class='ocrx_word' id='word_1_763' title='bbox 2058 3619 2318 3674; x_wconf 85' lang='lat' dir='ltr'><strong>decrevit.</strong></span> <span class='ocrx_word' id='word_1_764' title='bbox 2353 3616 2456 3685; x_wconf 83' lang='lat' dir='ltr'><strong>Qui</strong></span> <span class='ocrx_word' id='word_1_765' title='bbox 2479 3620 2624 3673; x_wconf 90' lang='lat' dir='ltr'><strong>cnim</strong></span> <span class='ocrx_word' id='word_1_766' title='bbox 2643 3634 2903 3688; x_wconf 87' lang='lat' dir='ltr'><strong>corporea</strong></span> <span class='ocrx_word' id='word_1_767' title='bbox 2933 3633 3023 3674; x_wconf 90' lang='lat' dir='ltr'><strong>res</strong></span> <span class='ocrx_word' id='word_1_768' title='bbox 3060 3635 3186 3688; x_wconf 88' lang='lat' dir='ltr'><strong>pars</strong></span> <span class='ocrx_word' id='word_1_769' title='bbox 3211 3636 3334 3679; x_wconf 85' lang='lat' dir='ltr'><strong>esse</strong></span> 
     </span>
    </p>
   </div>
   <div class='ocr_carea' id='block_1_105' title="bbox 1770 3687 3332 3762">
    <p class='ocr_par' dir='ltr' id='par_1_105' title="bbox 1770 3687 3332 3762">
     <span class='ocr_line' id='line_1_105' title="bbox 1770 3687 3332 3762; baseline 0.003 -21"><span class='ocrx_word' id='word_1_770' title='bbox 1770 3687 1857 3742; x_wconf 88' lang='lat' dir='ltr'><strong>Dei</strong></span> <span class='ocrx_word' id='word_1_771' title='bbox 1889 3703 2117 3762; x_wconf 82' lang='lat' dir='ltr'><strong>corpore</strong></span> <span class='ocrx_word' id='word_1_772' title='bbox 2143 3689 2402 3762; x_wconf 76' lang='lat' dir='ltr'><strong>carentis.</strong></span> <span class='ocrx_word' id='word_1_773' title='bbox 2425 3691 2638 3762; x_wconf 82' lang='lat' dir='ltr'><strong>qualem</strong></span> <span class='ocrx_word' id='word_1_774' title='bbox 2669 3687 2812 3762; x_wconf 61' lang='lat' dir='ltr'><strong>esse</strong></span> <span class='ocrx_word' id='word_1_775' title='bbox 2856 3687 3104 3762; x_wconf 78' lang='lat' dir='ltr'><strong>defendit</strong></span> <span class='ocrx_word' id='word_1_776' title='bbox 3136 3690 3332 3762; x_wconf 78' lang='lat' dir='ltr'><strong>Orige-</strong></span> 
     </span>
    </p>
   </div>
   <div class='ocr_carea' id='block_1_106' title="bbox 1759 3758 3332 3829">
    <p class='ocr_par' dir='ltr' id='par_1_106' title="bbox 1759 3758 3332 3829">
     <span class='ocr_line' id='line_1_106' title="bbox 1759 3758 3332 3829; baseline 0.004 -18"><span class='ocrx_word' id='word_1_777' title='bbox 1759 3775 1874 3824; x_wconf 90' lang='lat' dir='ltr'><strong>nes,</strong></span> <span class='ocrx_word' id='word_1_778' title='bbox 1901 3761 2009 3812; x_wconf 84' lang='lat' dir='ltr'><strong>dici</strong></span> <span class='ocrx_word' id='word_1_779' title='bbox 2037 3759 2276 3829; x_wconf 77' lang='lat' dir='ltr'><strong>poterit?</strong></span> <span class='ocrx_word' id='word_1_780' title='bbox 2302 3758 2422 3829; x_wconf 13' lang='lat' dir='ltr'><strong>Nec,</strong></span> <span class='ocrx_word' id='word_1_781' title='bbox 2453 3760 2631 3829; x_wconf 88' lang='lat' dir='ltr'><strong>minus</strong></span> <span class='ocrx_word' id='word_1_782' title='bbox 2668 3760 2770 3813; x_wconf 87' lang='lat' dir='ltr'><strong>hoc</strong></span> <span class='ocrx_word' id='word_1_783' title='bbox 2795 3759 2930 3829; x_wconf 86' lang='lat' dir='ltr'><strong>utile</strong></span> <span class='ocrx_word' id='word_1_784' title='bbox 2965 3761 3106 3826; x_wconf 92' lang='lat' dir='ltr'><strong>quod</strong></span> <span class='ocrx_word' id='word_1_785' title='bbox 3137 3758 3332 3817; x_wconf 71' lang='lat' dir='ltr'><strong>Hiero-</strong></span> 
     </span>
    </p>
   </div>
   <div class='ocr_carea' id='block_1_107' title="bbox 1760 3827 3329 3900">
    <p class='ocr_par' dir='ltr' id='par_1_107' title="bbox 1760 3827 3329 3900">
     <span class='ocr_line' id='line_1_107' title="bbox 1760 3827 3329 3900; baseline 0.002 -19"><span class='ocrx_word' id='word_1_786' title='bbox 1760 3843 1954 3899; x_wconf 84' lang='lat' dir='ltr'><strong>uyntus</strong></span> <span class='ocrx_word' id='word_1_787' title='bbox 2003 3827 2092 3898; x_wconf 78' lang='lat' dir='ltr'><strong>ep.</strong></span> <span class='ocrx_word' id='word_1_788' title='bbox 2127 3828 2217 3900; x_wconf 74' lang='lat'><strong>82,</strong></span> <span class='ocrx_word' id='word_1_789' title='bbox 2268 3833 2335 3900; x_wconf 87' lang='lat' dir='ltr'><strong>ad</strong></span> <span class='ocrx_word' id='word_1_790' title='bbox 2380 3827 2754 3882; x_wconf 82' lang='lat' dir='ltr'><strong>Marcellinum</strong></span> <span class='ocrx_word' id='word_1_791' title='bbox 2793 3839 2869 3900; x_wconf 77' lang='lat' dir='ltr'><strong>_et_</strong></span> <span class='ocrx_word' id='word_1_792' title='bbox 2907 3828 3329 3900; x_wconf 85' lang='lat' dir='ltr'><strong>Anapsychiatu,</strong></span> 
     </span>
    </p>
   </div>
   <div class='ocr_carea' id='block_1_108' title="bbox 1757 3897 3328 3967">
    <p class='ocr_par' dir='ltr' id='par_1_108' title="bbox 1757 3897 3328 3967">
     <span class='ocr_line' id='line_1_108' title="bbox 1757 3897 3328 3967; baseline 0.002 -16"><span class='ocrx_word' id='word_1_793' title='bbox 1757 3897 2072 3965; x_wconf 75' lang='lat' dir='ltr'><strong>germanam</strong></span> <span class='ocrx_word' id='word_1_794' title='bbox 2109 3898 2362 3967; x_wconf 86' lang='lat' dir='ltr'><strong>Origettis</strong></span> <span class='ocrx_word' id='word_1_795' title='bbox 2393 3899 2712 3952; x_wconf 88' lang='lat' dir='ltr'><strong>sententiam</strong></span> <span class='ocrx_word' id='word_1_796' title='bbox 2755 3897 2825 3951; x_wconf 91' lang='lat' dir='ltr'><strong>ab</strong></span> <span class='ocrx_word' id='word_1_797' title='bbox 2859 3898 2958 3967; x_wconf 84' lang='lat' dir='ltr'><strong>hac</strong></span> <span class='ocrx_word' id='word_1_798' title='bbox 3011 3897 3106 3964; x_wconf 89' lang='lat' dir='ltr'><strong>ipsi</strong></span> <span class='ocrx_word' id='word_1_799' title='bbox 3154 3899 3328 3954; x_wconf 78' lang='lat' dir='ltr'><strong>aiﬁcta</strong></span> 
     </span>
    </p>
   </div>
   <div class='ocr_carea' id='block_1_109' title="bbox 1758 3966 3334 4036">
    <p class='ocr_par' dir='ltr' id='par_1_109' title="bbox 1758 3966 3334 4036">
     <span class='ocr_line' id='line_1_109' title="bbox 1758 3966 3334 4036; baseline 0.003 -16"><span class='ocrx_word' id='word_1_800' title='bbox 1758 3968 2072 4036; x_wconf 87' lang='lat' dir='ltr'><strong>distinguit.</strong></span> <span class='ocrx_word' id='word_1_801' title='bbox 2100 3966 2307 4035; x_wconf 68' lang='lat' dir='ltr'><strong>«Super</strong></span> <span class='ocrx_word' id='word_1_802' title='bbox 2335 3967 2528 4019; x_wconf 78' lang='lat' dir='ltr'><strong>anima:</strong></span> <span class='ocrx_word' id='word_1_803' title='bbox 2556 3975 2719 4030; x_wconf 88' lang='lat' dir='ltr'><strong>statu,</strong></span> <span class='ocrx_word' id='word_1_804' title='bbox 2747 3966 2938 4036; x_wconf 86' lang='lat' dir='ltr'><strong>inquit,</strong></span> <span class='ocrx_word' id='word_1_805' title='bbox 2970 3968 3184 4020; x_wconf 88' lang='lat' dir='ltr'><strong>tuemini</strong></span> <span class='ocrx_word' id='word_1_806' title='bbox 3241 3985 3334 4024; x_wconf 58' lang='lat' dir='ltr'><strong>ven</strong></span> 
     </span>
    </p>
   </div>
   <div class='ocr_carea' id='block_1_110' title="bbox 1759 4035 3331 4106">
    <p class='ocr_par' dir='ltr' id='par_1_110' title="bbox 1759 4035 3331 4106">
     <span class='ocr_line' id='line_1_110' title="bbox 1759 4035 3331 4106; baseline 0.001 -16"><span class='ocrx_word' id='word_1_807' title='bbox 1759 4049 1892 4090; x_wconf 74' lang='lat' dir='ltr'><strong>stt-te</strong></span> <span class='ocrx_word' id='word_1_808' title='bbox 1931 4035 2355 4104; x_wconf 65' lang='lat' dir='ltr'><strong>quastiunculte,</strong></span> <span class='ocrx_word' id='word_1_809' title='bbox 2381 4035 2490 4090; x_wconf 92' lang='lat' dir='ltr'><strong>itno</strong></span> <span class='ocrx_word' id='word_1_810' title='bbox 2521 4037 2753 4106; x_wconf 67' lang='lat' dir='ltr'><strong>tttaxitne</strong></span> <span class='ocrx_word' id='word_1_811' title='bbox 2775 4035 3154 4106; x_wconf 72' lang='lat' dir='ltr'><strong>ecclesiasticas</strong></span> <span class='ocrx_word' id='word_1_812' title='bbox 3183 4054 3331 4105; x_wconf 74' lang='lat' dir='ltr'><strong>quae-</strong></span> 
     </span>
    </p>
   </div>
   <div class='ocr_carea' id='block_1_111' title="bbox 1768 4103 3329 4176">
    <p class='ocr_par' dir='ltr' id='par_1_111' title="bbox 1768 4103 3329 4176">
     <span class='ocr_line' id='line_1_111' title="bbox 1768 4103 3329 4176; baseline 0.002 -17"><span class='ocrx_word' id='word_1_813' title='bbox 1768 4103 1983 4170; x_wconf 80' lang='lat' dir='ltr'><strong>stionis,</strong></span> <span class='ocrx_word' id='word_1_814' title='bbox 2015 4118 2204 4176; x_wconf 10' lang='lat' dir='ltr'><strong>rutrum</strong></span> <span class='ocrx_word' id='word_1_815' title='bbox 2261 4106 2406 4175; x_wconf 89' lang='lat' dir='ltr'><strong>lapsa</strong></span> <span class='ocrx_word' id='word_1_816' title='bbox 2457 4107 2524 4176; x_wconf 67' lang='lat' dir='ltr'><strong>de</strong></span> <span class='ocrx_word' id='word_1_817' title='bbox 2559 4103 2701 4159; x_wconf 59' lang='lat' dir='ltr'><strong>caelo</strong></span> <span class='ocrx_word' id='word_1_818' title='bbox 2742 4106 2832 4168; x_wconf 91' lang='lat' dir='ltr'><strong>sit,</strong></span> <span class='ocrx_word' id='word_1_819' title='bbox 2886 4114 2961 4176; x_wconf 20' lang='lat' dir='ltr'><strong>uti</strong></span> <span class='ocrx_word' id='word_1_820' title='bbox 2995 4103 3329 4176; x_wconf 81' lang='lat' dir='ltr'><strong>Pythagoras</strong></span> 
     </span>
    </p>
   </div>
   <div class='ocr_carea' id='block_1_112' title="bbox 1761 4174 3332 4244">
    <p class='ocr_par' dir='ltr' id='par_1_112' title="bbox 1761 4174 3332 4244">
     <span class='ocr_line' id='line_1_112' title="bbox 1761 4174 3332 4244; baseline 0.003 -17"><span class='ocrx_word' id='word_1_821' title='bbox 1761 4175 2132 4244; x_wconf 86' lang='lat' dir='ltr'><strong>philosophus,</strong></span> <span class='ocrx_word' id='word_1_822' title='bbox 2162 4174 2460 4244; x_wconf 82' lang='lat' dir='ltr'><strong>omnesque</strong></span> <span class='ocrx_word' id='word_1_823' title='bbox 2500 4174 2762 4230; x_wconf 84' lang='lat' dir='ltr'><strong>Platonici</strong></span> <span class='ocrx_word' id='word_1_824' title='bbox 2816 4184 2871 4228; x_wconf 90' lang='lat' dir='ltr'><strong>et</strong></span> <span class='ocrx_word' id='word_1_825' title='bbox 2932 4174 3195 4242; x_wconf 70' lang='lat' dir='ltr'><strong>Origenes</strong></span> <span class='ocrx_word' id='word_1_826' title='bbox 3236 4193 3332 4244; x_wconf 89' lang='lat' dir='ltr'><strong>pu-</strong></span> 
     </span>
    </p>
   </div>
   <div class='ocr_carea' id='block_1_113' title="bbox 1761 4244 3330 4316">
    <p class='ocr_par' dir='ltr' id='par_1_113' title="bbox 1761 4244 3330 4316">
     <span class='ocr_line' id='line_1_113' title="bbox 1761 4244 3330 4316; baseline 0.002 -19"><span class='ocrx_word' id='word_1_827' title='bbox 1761 4255 1905 4310; x_wconf 87' lang='lat' dir='ltr'><strong>tant;</strong></span> <span class='ocrx_word' id='word_1_828' title='bbox 1940 4261 2006 4298; x_wconf 90' lang='lat' dir='ltr'><strong>an</strong></span> <span class='ocrx_word' id='word_1_829' title='bbox 2047 4264 2074 4298; x_wconf 87' lang='lat' dir='ltr'><strong>a</strong></span> <span class='ocrx_word' id='word_1_830' title='bbox 2099 4247 2310 4316; x_wconf 91' lang='lat' dir='ltr'><strong>propria</strong></span> <span class='ocrx_word' id='word_1_831' title='bbox 2339 4245 2459 4316; x_wconf 15' lang='lat' dir='ltr'><strong>iDe_i</strong></span> <span class='ocrx_word' id='word_1_832' title='bbox 2505 4246 2829 4316; x_wconf 75' lang='lat' dir='ltr'><strong>substantia,</strong></span> <span class='ocrx_word' id='word_1_833' title='bbox 2881 4255 2938 4297; x_wconf 90' lang='lat' dir='ltr'><strong>ut</strong></span> <span class='ocrx_word' id='word_1_834' title='bbox 2975 4244 3164 4310; x_wconf 91' lang='lat' dir='ltr'><strong>Stoici,</strong></span> <span class='ocrx_word' id='word_1_835' title='bbox 3218 4245 3330 4300; x_wconf 78' lang='lat' dir='ltr'><strong>Ma-</strong></span> 
     </span>
    </p>
   </div>
   <div class='ocr_carea' id='block_1_114' title="bbox 1761 4313 3331 4385">
    <p class='ocr_par' dir='ltr' id='par_1_114' title="bbox 1761 4313 3331 4385">
     <span class='ocr_line' id='line_1_114' title="bbox 1761 4313 3331 4385; baseline 0.002 -18"><span class='ocrx_word' id='word_1_836' title='bbox 1761 4316 2020 4381; x_wconf 73' lang='lat' dir='ltr'><strong>taichtcus,</strong></span> <span class='ocrx_word' id='word_1_837' title='bbox 2048 4313 2107 4371; x_wconf 87' lang='lat' dir='ltr'><strong>et</strong></span> <span class='ocrx_word' id='word_1_838' title='bbox 2127 4313 2400 4384; x_wconf 65' lang='lat' dir='ltr'><strong>Iliépaniae</strong></span> <span class='ocrx_word' id='word_1_839' title='bbox 2428 4313 2752 4385; x_wconf 74' lang='lat' dir='ltr'><strong>Priscilliani</strong></span> <span class='ocrx_word' id='word_1_840' title='bbox 2785 4316 3018 4385; x_wconf 70' lang='lat' dir='ltr'><strong>luereSes</strong></span> <span class='ocrx_word' id='word_1_841' title='bbox 3045 4317 3331 4385; x_wconf 88' lang='lat' dir='ltr'><strong>suspican-</strong></span> 
     </span>
    </p>
   </div>
   <div class='ocr_carea' id='block_1_115' title="bbox 1762 4383 3332 4455">
    <p class='ocr_par' dir='ltr' id='par_1_115' title="bbox 1762 4383 3332 4455">
     <span class='ocr_line' id='line_1_115' title="bbox 1762 4383 3332 4455; baseline 0.003 -19"><span class='ocrx_word' id='word_1_842' title='bbox 1762 4395 1867 4438; x_wconf 87' lang='lat' dir='ltr'><strong>tur.</strong></span> <span class='ocrx_word' id='word_1_843' title='bbox 1893 4403 1912 4436; x_wconf 76' lang='grc' dir='ltr'><strong>ι</strong></span> <span class='ocrx_word' id='word_1_844' title='bbox 1956 4385 2080 4440; x_wconf 75' lang='lat' dir='ltr'><strong>llaec</strong></span> <span class='ocrx_word' id='word_1_845' title='bbox 2107 4383 2417 4440; x_wconf 88' lang='lat' dir='ltr'><strong>observavit</strong></span> <span class='ocrx_word' id='word_1_846' title='bbox 2447 4383 2695 4448; x_wconf 85' lang='lat' dir='ltr'><strong>Huetius,</strong></span> <span class='ocrx_word' id='word_1_847' title='bbox 2725 4383 2881 4451; x_wconf 87' lang='lat' dir='ltr'><strong>cujus</strong></span> <span class='ocrx_word' id='word_1_848' title='bbox 2933 4386 3057 4440; x_wconf 82' lang='lat' dir='ltr'><strong>vide</strong></span> <span class='ocrx_word' id='word_1_849' title='bbox 3107 4383 3332 4455; x_wconf 87' lang='lat' dir='ltr'><strong>insuper</strong></span> 
     </span>
    </p>
   </div>
   <div class='ocr_carea' id='block_1_116' title="bbox 1761 4454 3219 4524">
    <p class='ocr_par' dir='ltr' id='par_1_116' title="bbox 1761 4454 3219 4524">
     <span class='ocr_line' id='line_1_116' title="bbox 1761 4454 3219 4524; baseline 0.001 -16"><span class='ocrx_word' id='word_1_850' title='bbox 1761 4454 2203 4521; x_wconf 82' lang='lat' dir='ltr'><strong>Origenianorum</strong></span> <span class='ocrx_word' id='word_1_851' title='bbox 2233 4455 2326 4509; x_wconf 88' lang='lat' dir='ltr'><strong>Iib.</strong></span> <span class='ocrx_word' id='word_1_852' title='bbox 2356 4469 2416 4516; x_wconf 92' lang='lat' dir='ltr'><strong>ll,</strong></span> <span class='ocrx_word' id='word_1_853' title='bbox 2439 4465 2630 4524; x_wconf 76' lang='lat' dir='ltr'><strong>quaest.</strong></span> <span class='ocrx_word' id='word_1_854' title='bbox 2670 4456 2720 4515; x_wconf 84' lang='grc'>1,</span> <span class='ocrx_word' id='word_1_855' title='bbox 2761 4469 2910 4508; x_wconf 87' lang='lat' dir='ltr'><strong>num.</strong></span> <span class='ocrx_word' id='word_1_856' title='bbox 2947 4455 2999 4507; x_wconf 90' lang='lat'><strong>7.</strong></span> <span class='ocrx_word' id='word_1_857' title='bbox 3213 4503 3219 4509; x_wconf 84' lang='lat'>,</span> 
     </span>
    </p>
   </div>
   <div class='ocr_carea' id='block_1_117' title="bbox 1828 4524 3332 4593">
    <p class='ocr_par' dir='ltr' id='par_1_117' title="bbox 1828 4524 3332 4593">
     <span class='ocr_line' id='line_1_117' title="bbox 1828 4524 3332 4593; baseline 0 -15"><span class='ocrx_word' id='word_1_858' title='bbox 1828 4524 1942 4593; x_wconf 77' lang='lat'><strong>(89)</strong></span> <span class='ocrx_word' id='word_1_859' title='bbox 2000 4525 2095 4578; x_wconf 83' lang='grc' dir='ltr'><em>Ἐν</em></span> <span class='ocrx_word' id='word_1_860' title='bbox 2127 4526 2438 4592; x_wconf 76' lang='grc' dir='ltr'>πνεύματι.</span> <span class='ocrx_word' id='word_1_861' title='bbox 2483 4524 2766 4580; x_wconf 84' lang='lat' dir='ltr'><strong>Ferrarius</strong></span> <span class='ocrx_word' id='word_1_862' title='bbox 2803 4525 3015 4593; x_wconf 79' lang='lat' dir='ltr'><strong>legebat</strong></span> <span class='ocrx_word' id='word_1_863' title='bbox 3061 4525 3119 4576; x_wconf 83' lang='grc' dir='ltr'>ὲν</span> <span class='ocrx_word' id='word_1_864' title='bbox 3164 4525 3332 4578; x_wconf 81' lang='grc' dir='ltr'>πνεύ-</span> 
     </span>
    </p>
   </div>
   <div class='ocr_carea' id='block_1_118' title="bbox 1762 4593 2529 4666">
    <p class='ocr_par' dir='ltr' id='par_1_118' title="bbox 1762 4593 2529 4666">
     <span class='ocr_line' id='line_1_118' title="bbox 1762 4593 2529 4666; baseline 0 -20"><span class='ocrx_word' id='word_1_865' title='bbox 1762 4596 2007 4666; x_wconf 21' lang='grc' dir='ltr'>ματιᾉκαὶ</span> <span class='ocrx_word' id='word_1_866' title='bbox 2034 4594 2260 4666; x_wconf 70' lang='grc' dir='ltr'>ἀληθείᾳ</span> <span class='ocrx_word' id='word_1_867' title='bbox 2285 4593 2362 4663; x_wconf 81' lang='grc' dir='ltr'><strong>τῷ</strong></span> <span class='ocrx_word' id='word_1_868' title='bbox 2393 4593 2529 4664; x_wconf 81' lang='grc' dir='ltr'><strong>Θεῷ.</strong></span> 
     </span>
    </p>
   </div>
   <div class='ocr_carea' id='block_1_119' title="bbox 1830 4664 3328 4736">
    <p class='ocr_par' dir='ltr' id='par_1_119' title="bbox 1830 4664 3328 4736">
     <span class='ocr_line' id='line_1_119' title="bbox 1830 4664 3328 4736; baseline 0.001 -20"><span class='ocrx_word' id='word_1_869' title='bbox 1830 4664 1942 4736; x_wconf 77' lang='lat'><strong>(90)</strong></span> <span class='ocrx_word' id='word_1_870' title='bbox 1973 4664 2144 4736; x_wconf 73' lang='lat' dir='ltr'><strong>Codd.</strong></span> <span class='ocrx_word' id='word_1_871' title='bbox 2181 4664 2529 4736; x_wconf 75' lang='lat' dir='ltr'><strong>Bodleianus</strong></span> <span class='ocrx_word' id='word_1_872' title='bbox 2567 4675 2624 4720; x_wconf 90' lang='lat' dir='ltr'><strong>et</strong></span> <span class='ocrx_word' id='word_1_873' title='bbox 2668 4664 3017 4736; x_wconf 86' lang='lat' dir='ltr'><strong>Barberiuus,</strong></span> <span class='ocrx_word' id='word_1_874' title='bbox 3043 4665 3328 4736; x_wconf 55' lang='lat' dir='ltr'><strong>sxa-camp-</strong></span> 
     </span>
    </p>
   </div>
   <div class='ocr_carea' id='block_1_120' title="bbox 1757 4735 3324 4804">
    <p class='ocr_par' dir='ltr' id='par_1_120' title="bbox 1757 4735 3324 4804">
     <span class='ocr_line' id='line_1_120' title="bbox 1757 4735 3324 4804; baseline 0.001 -17"><span class='ocrx_word' id='word_1_875' title='bbox 1757 4735 2022 4798; x_wconf 84' lang='grc' dir='ltr'>νευκέναι,</span> <span class='ocrx_word' id='word_1_876' title='bbox 2063 4735 2734 4804; x_wconf 69' lang='grc' dir='ltr'>Ιίοείυδπεπορνευκέναι.</span> <span class='ocrx_word' id='word_1_877' title='bbox 2787 4735 2926 4804; x_wconf 81' lang='lat' dir='ltr'><strong>Mox</strong></span> <span class='ocrx_word' id='word_1_878' title='bbox 2953 4735 3122 4804; x_wconf 76' lang='lat' dir='ltr'><strong>codex</strong></span> <span class='ocrx_word' id='word_1_879' title='bbox 3184 4735 3324 4789; x_wconf 81' lang='lat' dir='ltr'><strong>Bod-</strong></span> 
     </span>
    </p>
   </div>
   <div class='ocr_carea' id='block_1_121' title="bbox 1757 4803 3324 4878">
    <p class='ocr_par' dir='ltr' id='par_1_121' title="bbox 1757 4803 3324 4878">
     <span class='ocr_line' id='line_1_121' title="bbox 1757 4803 3324 4878; baseline -0.001 -22"><span class='ocrx_word' id='word_1_880' title='bbox 1757 4806 1966 4878; x_wconf 78' lang='lat' dir='ltr'><strong>Ieiauus</strong></span> <span class='ocrx_word' id='word_1_881' title='bbox 1994 4803 2176 4878; x_wconf 40' lang='lat' dir='ltr'><strong>liabet}</strong></span> <span class='ocrx_word' id='word_1_882' title='bbox 2220 4803 2358 4878; x_wconf 68' lang='grc' dir='ltr'>’ᾼλλ“</span> <span class='ocrx_word' id='word_1_883' title='bbox 2382 4803 2494 4878; x_wconf 75' lang='grc' dir='ltr'>σῦχ’</span> <span class='ocrx_word' id='word_1_884' title='bbox 2517 4809 2716 4878; x_wconf 74' lang='grc' dir='ltr'>ὁρῶσιν</span> <span class='ocrx_word' id='word_1_885' title='bbox 2742 4809 2789 4858; x_wconf 77' lang='grc' dir='ltr'>οἱ</span> <span class='ocrx_word' id='word_1_886' title='bbox 2818 4803 3002 4878; x_wconf 57' lang='grc' dir='ltr'>ταῦτα</span> <span class='ocrx_word' id='word_1_887' title='bbox 3052 4803 3324 4878; x_wconf 58' lang='grc' dir='ltr'>λέγοντες,</span> 
     </span>
    </p>
   </div>
   <div class='ocr_carea' id='block_1_122' title="bbox 1753 4873 3322 4939">
    <p class='ocr_par' dir='ltr' id='par_1_122' title="bbox 1753 4873 3322 4939">
     <span class='ocr_line' id='line_1_122' title="bbox 1753 4873 3322 4939; baseline 0 -12"><span class='ocrx_word' id='word_1_888' title='bbox 1753 4875 1836 4928; x_wconf 83' lang='grc' dir='ltr'>ὃτι</span> <span class='ocrx_word' id='word_1_889' title='bbox 1863 4876 2063 4939; x_wconf 83' lang='grc' dir='ltr'>παντὸς</span> <span class='ocrx_word' id='word_1_890' title='bbox 2100 4873 2206 4928; x_wconf 89' lang='grc' dir='ltr'><strong>τῶν</strong></span> <span class='ocrx_word' id='word_1_891' title='bbox 2233 4873 2490 4928; x_wconf 79' lang='grc' dir='ltr'>ἐναντίων</span> <span class='ocrx_word' id='word_1_892' title='bbox 2511 4873 2601 4929; x_wconf 73' lang='grc' dir='ltr'><strong>καὶ</strong></span> <span class='ocrx_word' id='word_1_893' title='bbox 2635 4876 2739 4930; x_wconf 92' lang='grc' dir='ltr'><strong>τῶν</strong></span> <span class='ocrx_word' id='word_1_894' title='bbox 2767 4874 2946 4929; x_wconf 79' lang='grc' dir='ltr'>αὐτῶν</span> <span class='ocrx_word' id='word_1_895' title='bbox 2973 4873 3234 4927; x_wconf 85' lang='grc' dir='ltr'>δεκτικόν.</span> <span class='ocrx_word' id='word_1_896' title='bbox 3262 4875 3322 4927; x_wconf 80' lang='grc' dir='ltr'><strong>Εἰ</strong></span> 
     </span>
    </p>
   </div>
   <div class='ocr_carea' id='block_1_123' title="bbox 1752 4941 3326 5016">
    <p class='ocr_par' dir='ltr' id='par_1_123' title="bbox 1752 4941 3326 5016">
     <span class='ocr_line' id='line_1_123' title="bbox 1752 4941 3326 5016; baseline -0.001 -18"><span class='ocrx_word' id='word_1_897' title='bbox 1752 4946 1809 4998; x_wconf 83' lang='grc' dir='ltr'><strong>δὲ</strong></span> <span class='ocrx_word' id='word_1_898' title='bbox 1829 4945 2047 5016; x_wconf 76' lang='grc' dir='ltr'>ἐδέξατο</span> <span class='ocrx_word' id='word_1_899' title='bbox 2077 4946 2138 4998; x_wconf 79' lang='grc' dir='ltr'><strong>τὸ</strong></span> <span class='ocrx_word' id='word_1_900' title='bbox 2194 4945 2536 5016; x_wconf 80' lang='grc' dir='ltr'>πορνεῦσαιή</span> <span class='ocrx_word' id='word_1_901' title='bbox 2568 4944 2906 5016; x_wconf 79' lang='grc' dir='ltr'>πνευματικὴ</span> <span class='ocrx_word' id='word_1_902' title='bbox 2927 4941 3104 5010; x_wconf 77' lang='grc' dir='ltr'>φύσις,</span> <span class='ocrx_word' id='word_1_903' title='bbox 3136 4943 3326 5016; x_wconf 61' lang='grc' dir='ltr'>ὁμοούτ</span> 
     </span>
    </p>
   </div>
   <div class='ocr_carea' id='block_1_124' title="bbox 1755 5014 3323 5087">
    <p class='ocr_par' dir='ltr' id='par_1_124' title="bbox 1755 5014 3323 5087">
     <span class='ocr_line' id='line_1_124' title="bbox 1755 5014 3323 5087; baseline -0.003 -19"><span class='ocrx_word' id='word_1_904' title='bbox 1755 5032 1866 5079; x_wconf 87' lang='grc' dir='ltr'>σιος</span> <span class='ocrx_word' id='word_1_905' title='bbox 1920 5014 2054 5071; x_wconf 83' lang='grc' dir='ltr'>οὖσα</span> <span class='ocrx_word' id='word_1_906' title='bbox 2087 5019 2152 5087; x_wconf 82' lang='grc' dir='ltr'>τῇ</span> <span class='ocrx_word' id='word_1_907' title='bbox 2184 5014 2877 5087; x_wconf 47' lang='grc' dir='ltr'><strong>ἀγεννήτῳ,ἀνόσιαζιξιυ.ι</strong></span> <span class='ocrx_word' id='word_1_908' title='bbox 2893 5014 3323 5087; x_wconf 68' lang='lat' dir='ltr'><strong>Sthtte_s=u_titati</strong></span> 
     </span>
    </p>
   </div>
   <div class='ocr_carea' id='block_1_125' title="bbox 1752 5082 3322 5194">
    <p class='ocr_par' dir='ltr' id='par_1_125' title="bbox 1752 5082 3322 5194">
     <span class='ocr_line' id='line_1_125' title="bbox 1752 5082 3322 5194; baseline 0 -56"><span class='ocrx_word' id='word_1_909' title='bbox 1752 5087 1935 5194; x_wconf 55' lang='lat' dir='ltr'><strong>utqui:</strong></span> <span class='ocrx_word' id='word_1_910' title='bbox 1959 5082 2340 5194; x_wconf 49' lang='lat' dir='ltr'><strong>restituuntur.</strong></span> <span class='ocrx_word' id='word_1_911' title='bbox 2371 5082 2529 5140; x_wconf 65' lang='lat' dir='ltr'><strong>modo</strong></span> <span class='ocrx_word' id='word_1_912' title='bbox 2561 5103 2657 5155; x_wconf 90' lang='lat' dir='ltr'><strong>pro</strong></span> <span class='ocrx_word' id='word_1_913' title='bbox 2679 5086 2772 5138; x_wconf 74' lang='grc' dir='ltr'>καὶ</span> <span class='ocrx_word' id='word_1_914' title='bbox 2810 5083 2918 5135; x_wconf 91' lang='grc' dir='ltr'><strong>τῶν</strong></span> <span class='ocrx_word' id='word_1_915' title='bbox 2956 5082 3132 5135; x_wconf 72' lang='grc' dir='ltr'>αὐτῶν</span> <span class='ocrx_word' id='word_1_916' title='bbox 3174 5084 3322 5152; x_wconf 78' lang='lat' dir='ltr'><strong>legas</strong></span> 
     </span>
     <span class='ocr_line' id='line_1_126' title="bbox 1752 5159 2064 5194; baseline 0 0"><span class='ocrx_word' id='word_1_917' title='bbox 1752 5173 1817 5194; x_wconf 73' lang='grc' dir='ltr'><strong>νη</strong></span> <span class='ocrx_word' id='word_1_918' title='bbox 1874 5175 1904 5194; x_wconf 71' lang='grc' dir='ltr'><strong>η·</strong></span> <span class='ocrx_word' id='word_1_919' title='bbox 1960 5159 2064 5194; x_wconf 55' lang='lat' dir='ltr'><strong>ni’.»</strong></span> 
     </span>
    </p>
   </div>
   <div class='ocr_carea' id='block_1_126' title="bbox 1752 5158 2110 5212">
    <p class='ocr_par' dir='ltr' id='par_1_126' title="bbox 1752 5158 2110 5212">
     <span class='ocr_line' id='line_1_127' title="bbox 1752 5158 2110 5212; baseline 0.014 -5"><span class='ocrx_word' id='word_1_920' title='bbox 1752 5158 1843 5208; x_wconf 72' lang='grc' dir='ltr'><strong>καὶ</strong></span> <span class='ocrx_word' id='word_1_921' title='bbox 1874 5158 1935 5210; x_wconf 83' lang='grc' dir='ltr'><strong>τὸ</strong></span> <span class='ocrx_word' id='word_1_922' title='bbox 1960 5159 2110 5212; x_wconf 84' lang='grc' dir='ltr'>αὑτό.</span> 
     </span>
    </p>
   </div>
   <div class='ocr_carea' id='block_1_127' title="bbox 1824 5222 3320 5296">
    <p class='ocr_par' dir='ltr' id='par_1_127' title="bbox 1824 5222 3320 5296">
     <span class='ocr_line' id='line_1_128' title="bbox 1824 5222 3320 5296; baseline -0.001 -16"><span class='ocrx_word' id='word_1_923' title='bbox 1824 5228 1935 5293; x_wconf 80' lang='grc'>(91)</span> <span class='ocrx_word' id='word_1_924' title='bbox 1976 5231 2157 5282; x_wconf 80' lang='lat' dir='ltr'><strong>Codex</strong></span> <span class='ocrx_word' id='word_1_925' title='bbox 2210 5227 2410 5296; x_wconf 78' lang='lat' dir='ltr'><strong>Regius</strong></span> <span class='ocrx_word' id='word_1_926' title='bbox 2457 5225 2950 5296; x_wconf 60' lang='lat' dir='ltr'><strong>perperanritabet</strong></span> <span class='ocrx_word' id='word_1_927' title='bbox 2993 5222 3320 5296; x_wconf 71' lang='grc' dir='ltr'>ἀναφέροντι</span> 
     </span>
    </p>
   </div>
   <div class='ocr_carea' id='block_1_128' title="bbox 1752 5293 3321 5421">
    <p class='ocr_par' dir='ltr' id='par_1_128' title="bbox 1752 5293 3321 5421">
     <span class='ocr_line' id='line_1_129' title="bbox 1753 5293 3321 5369; baseline -0.003 -21"><span class='ocrx_word' id='word_1_928' title='bbox 1753 5296 1850 5367; x_wconf 84' lang='grc' dir='ltr'>τὴν</span> <span class='ocrx_word' id='word_1_929' title='bbox 1884 5299 2218 5369; x_wconf 78' lang='grc' dir='ltr'>εὐχαρίστως</span> <span class='ocrx_word' id='word_1_930' title='bbox 2245 5293 2322 5368; x_wconf 79' lang='grc' dir='ltr'>τῷ</span> <span class='ocrx_word' id='word_1_931' title='bbox 2350 5295 2615 5364; x_wconf 78' lang='grc' dir='ltr'>πνεύματι</span> <span class='ocrx_word' id='word_1_932' title='bbox 2657 5293 2772 5364; x_wconf 77' lang='grc' dir='ltr'>μετ’</span> <span class='ocrx_word' id='word_1_933' title='bbox 2791 5295 3158 5364; x_wconf 73' lang='grc' dir='ltr'>ἐπιτιμήσεως</span> <span class='ocrx_word' id='word_1_934' title='bbox 3184 5294 3321 5363; x_wconf 76' lang='grc' dir='ltr'>πρὸς</span> 
     </span>
     <span class='ocr_line' id='line_1_130' title="bbox 1752 5367 2185 5421; baseline 0 0"><span class='ocrx_word' id='word_1_935' title='bbox 1752 5367 1810 5421; x_wconf 81' lang='grc' dir='ltr'>ὃν</span> <span class='ocrx_word' id='word_1_936' title='bbox 1845 5369 2185 5421; x_wconf 71' lang='grc' dir='ltr'>βουλόμενον.</span> 
     </span>
    </p>
   </div>
   <div class='ocr_carea' id='block_1_129' title="bbox 1783 5369 2185 5422">
    <p class='ocr_par' dir='ltr' id='par_1_129' title="bbox 1783 5369 2185 5422">
     <span class='ocr_line' id='line_1_131' title="bbox 1783 5369 2185 5422; baseline 0.005 -3"><span class='ocrx_word' id='word_1_937' title='bbox 1783 5384 1810 5419; x_wconf 91' lang='grc' dir='ltr'><strong>ν</strong></span> <span class='ocrx_word' id='word_1_938' title='bbox 1845 5369 2185 5422; x_wconf 70' lang='grc' dir='ltr'>βουλόμενον.</span> 
     </span>
    </p>
   </div>
   <div class='ocr_carea' id='block_1_130' title="bbox 1823 5369 3322 5516">
    <p class='ocr_par' dir='ltr' id='par_1_130' title="bbox 1823 5369 3322 5516">
     <span class='ocr_line' id='line_1_132' title="bbox 1844 5369 2185 5440; baseline 0.009 -21"><span class='ocrx_word' id='word_1_939' title='bbox 1844 5369 2185 5440; x_wconf 79' lang='grc' dir='ltr'>βουλόμενον.</span> 
     </span>
     <span class='ocr_line' id='line_1_133' title="bbox 1823 5434 3322 5516; baseline -0.003 -26"><span class='ocrx_word' id='word_1_940' title='bbox 1823 5440 1936 5506; x_wconf 69' lang='lat'><strong>(9&#39;2)</strong></span> <span class='ocrx_word' id='word_1_941' title='bbox 1972 5439 2446 5516; x_wconf 54' lang='grc' dir='ltr'>’ζπερεχόμενοη</span> <span class='ocrx_word' id='word_1_942' title='bbox 2488 5434 2716 5515; x_wconf 79' lang='lat' dir='ltr'><strong>Videtur</strong></span> <span class='ocrx_word' id='word_1_943' title='bbox 2745 5434 3026 5516; x_wconf 69' lang='lat' dir='ltr'><strong>legendum</strong></span> <span class='ocrx_word' id='word_1_944' title='bbox 3059 5435 3322 5516; x_wconf 72' lang='grc' dir='ltr'>ὑπερεχο-</span> 
     </span>
    </p>
   </div>
   <div class='ocr_carea' id='block_1_131' title="bbox 1751 5505 3322 5579">
    <p class='ocr_par' dir='ltr' id='par_1_131' title="bbox 1751 5505 3322 5579">
     <span class='ocr_line' id='line_1_134' title="bbox 1751 5505 3322 5579; baseline -0.004 -16"><span class='ocrx_word' id='word_1_945' title='bbox 1751 5505 1966 5579; x_wconf 80' lang='grc' dir='ltr'>μένους.</span> <span class='ocrx_word' id='word_1_946' title='bbox 1996 5505 2118 5564; x_wconf 68' lang='grc' dir='ltr'><strong>Πωὸ</strong></span> <span class='ocrx_word' id='word_1_947' title='bbox 2145 5505 2322 5561; x_wconf 76' lang='lat' dir='ltr'><strong>autem</strong></span> <span class='ocrx_word' id='word_1_948' title='bbox 2353 5515 2408 5559; x_wconf 87' lang='lat' dir='ltr'><strong>et</strong></span> <span class='ocrx_word' id='word_1_949' title='bbox 2439 5506 2746 5572; x_wconf 86' lang='lat' dir='ltr'><strong>sequentia,</strong></span> <span class='ocrx_word' id='word_1_950' title='bbox 2767 5508 2851 5579; x_wconf 27' lang='lat' dir='ltr'><strong>“in</strong></span> <span class='ocrx_word' id='word_1_951' title='bbox 2899 5505 3098 5579; x_wconf 83' lang='lat' dir='ltr'><strong>quibus</strong></span> <span class='ocrx_word' id='word_1_952' title='bbox 3146 5505 3322 5557; x_wconf 80' lang='lat' dir='ltr'><strong>Filius</strong></span> 
     </span>
    </p>
   </div>
   <div class='ocr_carea' id='block_1_132' title="bbox 1746 5575 3321 5647">
    <p class='ocr_par' dir='ltr' id='par_1_132' title="bbox 1746 5575 3321 5647">
     <span class='ocr_line' id='line_1_135' title="bbox 1746 5575 3321 5647; baseline -0.004 -15"><span class='ocrx_word' id='word_1_953' title='bbox 1746 5575 2072 5645; x_wconf 67' lang='lat' dir='ltr'><strong>Substantia,</strong></span> <span class='ocrx_word' id='word_1_954' title='bbox 2108 5579 2394 5647; x_wconf 80' lang='lat' dir='ltr'><strong>dignitate,</strong></span> <span class='ocrx_word' id='word_1_955' title='bbox 2429 5585 2717 5647; x_wconf 84' lang='lat' dir='ltr'><strong>potestate,</strong></span> <span class='ocrx_word' id='word_1_956' title='bbox 2747 5575 3052 5647; x_wconf 88' lang='lat' dir='ltr'><strong>divinitate,</strong></span> <span class='ocrx_word' id='word_1_957' title='bbox 3119 5583 3198 5647; x_wconf 65' lang='grc' dir='ltr'><strong>ιιιΔ</strong></span> <span class='ocrx_word' id='word_1_958' title='bbox 3227 5591 3321 5628; x_wconf 87' lang='lat' dir='ltr'><strong>sa-</strong></span> 
     </span>
    </p>
   </div>
   <div class='ocr_carea' id='block_1_133' title="bbox 1746 5644 3320 5717">
    <p class='ocr_par' dir='ltr' id='par_1_133' title="bbox 1746 5644 3320 5717">
     <span class='ocr_line' id='line_1_136' title="bbox 1746 5644 3320 5717; baseline -0.004 -16"><span class='ocrx_word' id='word_1_959' title='bbox 1746 5651 1947 5717; x_wconf 88' lang='lat' dir='ltr'><strong>pientia</strong></span> <span class='ocrx_word' id='word_1_960' title='bbox 2005 5644 2517 5717; x_wconf 49' lang='lat' dir='ltr'><strong>Patri&#39;ttetttiquatu</strong></span> <span class='ocrx_word' id='word_1_961' title='bbox 2577 5646 2996 5715; x_wconf 70' lang='lat' dir='ltr'><strong>mquiparandus</strong></span> <span class='ocrx_word' id='word_1_962' title='bbox 3039 5644 3320 5717; x_wconf 76' lang='lat' dir='ltr'><strong>statuitur,</strong></span> 
     </span>
    </p>
   </div>
   <div class='ocr_carea' id='block_1_134' title="bbox 1745 5712 3320 5788">
    <p class='ocr_par' dir='ltr' id='par_1_134' title="bbox 1745 5712 3320 5788">
     <span class='ocr_line' id='line_1_137' title="bbox 1745 5712 3320 5788; baseline -0.004 -15"><span class='ocrx_word' id='word_1_963' title='bbox 1745 5712 2130 5788; x_wconf 74' lang='lat' dir='ltr'><strong>expenduntur</strong></span> <span class='ocrx_word' id='word_1_964' title='bbox 2177 5719 2229 5773; x_wconf 90' lang='lat' dir='ltr'><strong>itt</strong></span> <span class='ocrx_word' id='word_1_965' title='bbox 2302 5715 2640 5786; x_wconf 75' lang='lat' dir='ltr'><strong>Origeuianis</strong></span> <span class='ocrx_word' id='word_1_966' title='bbox 2673 5755 2689 5783; x_wconf 94' lang='lat'><strong>,</strong></span> <span class='ocrx_word' id='word_1_967' title='bbox 2724 5712 2838 5772; x_wconf 57' lang='lat' dir='ltr'><strong>&#39;lib.</strong></span> <span class='ocrx_word' id='word_1_968' title='bbox 2886 5730 2946 5780; x_wconf 90' lang='lat' dir='ltr'><strong>tt,</strong></span> <span class='ocrx_word' id='word_1_969' title='bbox 2988 5724 3180 5785; x_wconf 59' lang='lat' dir='ltr'><strong>quaest:</strong></span> <span class='ocrx_word' id='word_1_970' title='bbox 3236 5712 3320 5779; x_wconf 65' lang='lat'><strong>2-,</strong></span> 
     </span>
    </p>
   </div>
   <div class='ocr_carea' id='block_1_135' title="bbox 1745 5789 1985 5845">
    <p class='ocr_par' dir='ltr' id='par_1_135' title="bbox 1745 5789 1985 5845">
     <span class='ocr_line' id='line_1_138' title="bbox 1745 5789 1985 5845; baseline -0.008 0"><span class='ocrx_word' id='word_1_971' title='bbox 1745 5805 1895 5845; x_wconf 88' lang='lat' dir='ltr'><strong>nutu.</strong></span> <span class='ocrx_word' id='word_1_972' title='bbox 1934 5789 1985 5843; x_wconf 86' lang='lat'><strong>7.</strong></span> 
     </span>
    </p>
   </div>
  </div>
