3826 6534
425 413 533 471 ιιδ

1877 410 2036 469 οιιις
2045 410 2199 467 ENlS

3569 418 3671 470 ᾹΗ

429 531 504 583 sit
535 527 821 597 doxologia
867 527 988 583 Filii
1037 527 1410 583 antecedentis
1448 527 1694 593 thronos,
1750 527 2000 583 domina-

2105 529 2300 592 παντὸς
2333 528 2595 599 ὀνόματος
2616 529 3035 600 ὀνομαζομένου,
3063 530 3122 582 οὐ
3149 529 3308 601 μόνον
3338 531 3396 582 ὲν
3412 528 3489 599 τῷ
3523 529 3675 582 αἰῶνι

428 621 634 681 tiones,
663 619 1019 689 principatus,
1049 628 1364 688 potestates.
1415 632 1579 688 atque
1609 635 1769 675 omne
1800 635 1994 674 nomen

425 713 570 778 quod
597 713 911 766 nominatur
952 728 1057 766 non
1090 711 1262 767 solum
1309 713 1362 766 in
1412 712 1515 767 hoc
1559 712 1774 774 saeculo,
1807 725 1994 765 verum

427 801 594 854 etiam
626 803 678 854 in
711 803 894 856 futuro
927 803 994 866 “,
1022 811 1076 857 et
1106 815 1368 872 praeterea
1397 813 1617 859 sanctos
1659 802 1901 870 angelos,
1933 818 1997 858 ac

427 892 676 959 spiritus,
726 902 782 947 et
828 894 1037 948 animas
1077 895 1251 964 justas
1419 896 1583 950 etiam
1628 895 1830 949 dicere.
1888 892 1996 949 Sed

430 991 611 1036 tamen
643 999 765 1038 cum
816 985 930 1054 ipse
958 989 1124 1041 tantis
1175 1002 1239 1042 ac
1291 989 1492 1043 talibus
1539 987 1750 1042 naturis
1781 995 1998 1057 praestet

429 1076 689 1139 essentia,
733 1078 1081 1146 antiquitate,
1143 1089 1196 1134 et
1243 1090 1532 1150 potestate,
1591 1095 1656 1135 ac
1689 1080 1995 1146 divinitate,

430 1177 594 1235 atque
628 1171 887 1238 sapientia
924 1173 1029 1240 (est
1068 1173 1211 1226 enim
1239 1174 1538 1225 animalum
1579 1171 1864 1242 Verbum),
1901 1173 2000 1226 Pa-

428 1258 498 1311 tri
529 1259 673 1312 nulla
704 1275 761 1314 re
788 1272 1155 1330 comparatur.
1186 1261 1282 1316 Est
1313 1265 1458 1318 enim
1487 1263 1668 1331 imago
1697 1263 1860 1334 236
1881 1265 1999 1334 ejus

428 1353 708 1418 bonitatis,
757 1356 1117 1426 splendorque
1178 1372 1282 1412 non
1317 1357 1446 1424 Dei,
1495 1360 1588 1412 sed
1635 1358 1751 1426 ejus
1789 1360 1996 1428 glorim,

427 1443 654 1514 ejusque
700 1446 835 1501 lucis
866 1458 1113 1514 sternar;
1149 1459 1200 1504 et
1247 1451 1452 1516 radius,
1500 1466 1604 1504 non
1655 1449 1851 1516 Patris,
1903 1451 1997 1506 sed

427 1533 544 1602 t-jus
574 1539 892 1606 potestatis;
935 1540 1259 1609 sinceraque
1285 1543 1636 1610 prapotentis
1663 1543 1780 1612 ejus
1812 1543 1999 1610 gloria:

426 1626 614 1696 ﬂuxio,
649 1640 703 1683 et
733 1631 1013 1700 speculum
1057 1632 1411 1688 immutabilis
1442 1635 1680 1702 ejusdem
1727 1633 2000 1704 operatio-

427 1719 513 1774 nis
544 1720 609 1785 “,
639 1735 735 1789 per
761 1722 904 1790 quod
933 1723 1205 1791 speculum
1252 1724 1455 1782 Paulus
1495 1737 1550 1780 et
1598 1726 1789 1781 Petrus
1814 1728 2001 1797 eisque

427 1809 636 1864 similes
685 1810 850 1864 Deum
901 1813 1110 1877 vident,
1158 1814 1438 1870 dicentis:
1494 1833 1514 1867 ι
1553 1815 1653 1882 Qui
1707 1816 1840 1871 vidit
1888 1831 1997 1882 me,

429 1899 565 1954 vidit
594 1900 808 1955 Patrem
839 1901 1040 1968 meum,
1072 1907 1161 1972 qui
1195 1905 1343 1960 misit
1373 1921 1458 1960 me
1487 1907 1554 1961 ".
1597 1925 1617 1960 ι

494 1991 588 2047 26.
610 2010 630 2044 ι
659 1991 796 2046 Dicit
815 1993 864 2047 ei
890 1994 1084 2048 mulier
1102 2011 1116 2046 :
1132 1993 1258 2049 Scio
1273 1993 1524 2050 Messiam
1541 2007 1830 2050 venturum
1853 2011 1992 2062 esse,

2094 618 2288 689 τούτῳ,
2319 619 2454 673 ἀλλά
2502 622 2596 672 καὶ
2628 621 2686 672 ὲν
2722 620 2799 690 τῷ
2833 620 3096 690 μέλλοντι,
3142 621 3277 690 πρὸς
3322 619 3532 682 τούτοις
3579 621 3673 673 καὶ

2096 710 2266 777 ἁγίων
2281 711 2547 778 ἀγγέλων,
2566 711 2658 764 καὶ
2678 713 3020 782 πνευμάτων,
3045 711 3138 764 καὶ
3149 711 3336 782 ψυχῶν
3356 711 3669 774 δικαίων,...

2097 802 2189 853 καὶ
2221 800 2397 870 λέγειν
2429 802 2564 872 (95).
2610 802 2747 856 Ἀλλ’
2775 805 2925 874 ὅμως
2954 804 3059 858 τῶν
3091 803 3362 857 τοσούτων
3398 805 3493 857 καὶ
3527 805 3674 875 τηλι-

2097 902 2303 956 κούτων
2327 901 2609 973 ὑπερέχων
2640 902 2814 972 οὐσίᾳ,
2853 902 2945 955 καὶ
2977 899 3258 972 πρεσϐείᾳ,
3291 902 3387 954 καὶ
3429 901 3674 970 δυνάμει,

2098 995 2192 1046 καὶ
2211 992 2446 1062 θειότητι
2475 992 2735 1063 (ἔμψυχος
2766 993 2874 1063 γάρ
2898 993 3013 1044 ἐστι
3053 994 3264 1063 Λόγος),
3291 993 3385 1045 καὶ
3406 993 3584 1062 σοφίᾳ,
3615 994 3674 1045 οὐ

2099 1085 2446 1154 συγκρίνεται
2478 1084 2596 1136 κατ’
2636 1082 2788 1135 οὐδὲν
2826 1081 2905 1152 τῷ
2951 1083 3124 1153 Πατρί
3167 1082 3299 1152 (94).
3337 1080 3518 1134 Είκὼν
3568 1080 3675 1152 γάρ

2099 1177 2214 1228 ἐστι
2246 1175 2345 1244 τῆς
2373 1174 2705 1243 ἀγαθότητος
2748 1172 2934 1238 αὐτοῦ,
2975 1174 3068 1226 καὶ
3105 1172 3445 1243 ἀπαύγασμα
3477 1173 3540 1225 οὐ
3580 1171 3672 1226 τοῦ

2097 1265 2252 1328 Θεοῦ,
2283 1265 2416 1319 ἀλλά
2449 1265 2547 1334 τῆς
2571 1264 2727 1335 δόξης
2756 1263 2941 1327 αὐτοῦ,
2972 1263 3174 1317 καὶτοῦ
3192 1265 3363 1318 ἀϊδίου
3384 1265 3564 1332 φωτὸς
3583 1264 3676 1318 αὐ-

2097 1359 2212 1423 τοῦ,
2231 1359 2324 1411 καὶ
2340 1358 2501 1428 ἀτμὶς
2531 1355 2642 1427 (95)
2659 1357 2718 1409 οὐ
2739 1357 2829 1408 τοῦ
2849 1357 3079 1426 Πατρὸς,
3105 1357 3238 1410 ἀλλά
3266 1358 3365 1428 τῆς
3394 1358 3676 1428 δυνάμεως

2100 1450 2283 1514 αὐτοῦ,
2312 1452 2405 1502 καὶ
2433 1451 2699 1520 ἀπόρροια
2729 1449 3022 1520 εἰλικρινὴς
3042 1450 3138 1520 τῆς
3172 1450 3675 1521 παντοκρατορικῆς

2095 1543 2252 1612 δόξης
2277 1541 2462 1605 αὐτοῦ,
2492 1543 2586 1595 καὶ
2609 1542 2870 1613 ἔσοπτρον
2900 1541 3225 1610 ἀκηλίδωτον
3256 1543 3357 1612 τῆς
3399 1542 3675 1614 ἐνεργείας

2098 1634 2283 1697 αὐτοῦ,
2314 1634 2380 1687 δι’
2405 1626 2467 1687 οὐ
2497 1634 2763 1706 ἐσόπτρου
2798 1635 3026 1698 Παῦλος,
3075 1635 3168 1688 καὶ
3210 1635 3442 1706 Πέτρος,
3487 1637 3580 1688 καὶ
3626 1638 3674 1688 oi

2100 1726 2468 1796 παραπλήσιοι
2494 1726 2674 1789 αὐτοῖς
2709 1724 2964 1795 βλέπουσι
2985 1725 3074 1778 τὸν
3099 1725 3230 1778 Θεδν
3255 1726 3508 1794 λέγοντος
3542 1725 3672 1795 (96)·

2105 1836 2125 1870 ι
2168 1818 2225 1872 '0
2254 1817 2512 1891 ἑωρακὼς
2536 1818 2636 1889 ἐμὲ
2660 1816 2869 1889 ἑώρακε
2898 1817 2988 1872 τὸν
3021 1816 3239 1889 Πατέρα
3262 1817 3354 1870 τὸν
3380 1817 3675 1888 πέμψαντά

2105 1927 2252 2051 μὲϐῗ
2280 2012 2299 2045 ι
2336 1993 2498 2062 Λέγει
2540 1991 2688 2064 αὐτῷ
2719 1991 2752 2062 η
2784 1988 2922 2061 γυνή
2943 2006 2957 2020 ·
2986 1982 3116 2042 Οἶδα
3137 2027 3152 2051 ,
3181 1987 3262 2041 ὅτι
3294 1985 3546 2048 Μεσσίας
3577 1985 3670 2056 ἔρ·-

429 2084 523 2152 qui
559 2084 760 2138 dicitur
792 2084 1084 2140 Christus:
1127 2100 1248 2139 cum
1281 2086 1491 2140 venerit
1514 2086 1625 2150 ille,
1655 2088 2003 2144 annuntiabit

2105 2103 2237 2159 εεται
2275 2088 2304 2139 ὁ
2339 2084 2628 2156 λεγόμενος
2667 2081 2920 2154 Χριστόςο
2964 2081 3092 2133 ὅταν
3133 2078 3260 2150 ἔλθη
3303 2081 3535 2141 ἐκεῖνος,
3575 2079 3670 2130 άν-

430 2176 587 2230 nobis
619 2175 799 2229 omnia
828 2175 894 2230 “.
935 2194 954 2228 ι
989 2175 1214 2246 Dignum
1239 2186 1324 2232 est
1369 2185 1429 2230 ut
1459 2177 1740 2231 videamus
1767 2193 1998 2248 quonam

428 2275 588 2337 pacto
619 2266 928 2333 Samaritis,
971 2267 1104 2321 nihil
1137 2267 1258 2335 plus
1319 2268 1613 2322 admittens
1645 2283 1807 2338 quam
1835 2270 1997 2338 quin-

433 2373 539 2426 que
564 2357 764 2430 Moysis
785 2359 976 2422 libros,
1000 2358 1198 2413 Christi
1229 2361 1518 2414 adventum
1542 2369 1848 2429 exspectat,
1879 2360 1996 2415 vel-

431 2450 509 2504 uti
544 2459 751 2504 tantum
787 2465 817 2504 a
868 2451 985 2517 lege
1017 2451 1324 2503 nuntiatum
1354 2471 1365 2504 :
1406 2463 1468 2504 ac
1500 2449 1743 2520 profecto
1773 2465 2002 2506 consen-

431 2552 649 2596 taneum
683 2551 766 2596 est
793 2556 912 2596 eam
943 2541 1180 2596 futurum
1227 2543 1387 2612 hujus
1431 2542 1722 2596 adventum
1750 2557 2001 2610 sperasse

428 2648 497 2687 ex
529 2632 904 2688 benedictione
929 2648 1089 2702 quam
1125 2631 1273 2686 lude
1301 2630 1472 2687 Jacob
1507 2632 1653 2686 dedit
1681 2633 1870 2687 dicens
1902 2631 1948 2662 ⁸⁷
1980 2647 1996 2685 :

435 2743 457 2777 ι
496 2724 652 2786 Juda.
709 2735 760 2779 te
808 2723 1103 2778 laudabunt
1143 2722 1339 2778 fratres
1386 2724 1460 2777 tui
1493 2740 1507 2777 :
1543 2737 1738 2776 manus
1791 2731 1894 2776 tua:
1945 2723 2000 2777 in

433 2820 651 2874 cervice
677 2805 910 2872 hostium
946 2829 1160 2872 tuorum
1199 2834 1212 2869 :
1246 2833 1384 2889 genu
1416 2816 1633 2872 ﬂecteut
1657 2816 1747 2870 tibi
1781 2816 1873 2870 lilii
1904 2831 2000 2885 pa-

429 2913 528 2964 tris
562 2911 672 2975 tui;
710 2930 729 2962 ι
759 2921 815 2964 et
868 2921 988 2979 post
1033 2925 1204 2979 pauca
1236 2928 1250 2964 :
1282 2929 1300 2960 ι
1331 2908 1447 2964 Non
1506 2909 1723 2962 deﬁciet
1779 2911 1885 2962 dux
1932 2907 2001 2963 de

428 3001 589 3068 Juda,
617 3013 672 3056 et
699 3002 948 3072 princeps
974 3002 1040 3057 de
1063 2999 1360 3056 femoribus
1383 3001 1520 3070 ejus,
1549 3000 1720 3056 donec
1751 2999 2004 3053 venerint

2085 2177 2306 2248 αγγελεί
2347 2179 2481 2249 ἡμῖν
2538 2176 2772 2230 ἅπαντα.
2825 2192 2842 2224 ι
2884 2169 3066 2236 Ἄξιον
3121 2171 3250 2223 ἰδεῖν
3290 2169 3412 2232 πῶς
3471 2171 3505 2239 ἠ
3570 2169 3672 2220 Σαο

2089 2274 2336 2346 μαρεῖτις
2376 2271 2557 2325 πλεῖον
2617 2269 2716 2339 τῆς
2769 2264 3138 2334 Πεντατεύχου
3177 2261 3456 2324 Μωῡσὲως
3511 2258 3674 2330 μηδὲν

2087 2364 2454 2436 προσιεμένη,
2494 2363 2594 2434 τὴν
2633 2360 2936 2433 παρουσίαν
2983 2353 3250 2429 Χριστοῦ,
3289 2355 3368 2417 ὡς
3427 2353 3536 2408 ἀπὺ
3581 2349 3676 2404 τοῦ

2087 2459 2252 2528 νόμου
2309 2457 2472 2528 μόνου
2525 2452 2978 2528 κηρυσσομένην,
3033 2449 3344 2522 προσδοκᾷο
3395 2445 3493 2499 καὶ
3532 2443 3679 2506 εἰκός

2088 2567 2152 2619 γε
2190 2553 2254 2604 ἐκ
2293 2549 2393 2619 τῆς
2431 2547 2681 2617 εὐλογίας
2717 2544 2811 2600 τοῦ
2851 2541 3047 2596 Ἰακὼό
3085 2543 3183 2612 τῆς
3222 2539 3361 2611 πρὸς
3413 2538 3507 2591 τὸν
3546 2535 3679 2588 Ἰούο

2090 2644 2186 2698 δαν
2221 2641 2463 2707 ἐλπίζειν
2515 2639 2678 2694 αὐτοῦ
2718 2638 2939 2691 ἔσεσθαι
2979 2637 3070 2689 καὶ
3115 2633 3214 2705 τὴν
3252 2628 3552 2700 ἐπιδημίαν
3588 2627 3680 2679 λέ-

2089 2751 2307 2804 γοντος·
2354 2753 2371 2784 ι
2419 2732 2612 2796 Ἰούδα,
2656 2731 2713 2784 σὲ
2753 2729 3068 2783 αίνέσαισαν
3105 2727 3154 2779 oi
3193 2722 3410 2794 ἀδελφοί
3453 2735 3581 2774 σου·
3626 2719 3681 2773 αἱ

2091 2827 2272 2900 χεῖρές
2312 2843 2406 2888 σου
2446 2825 2538 2878 ἐπὶ
2575 2822 2745 2877 νώτου
2791 2822 2900 2875 τῶν
2940 2819 3149 2890 ἐχθρῶν
3187 2834 3318 2871 σου·
3361 2813 3679 2886 προσκυνή-

2094 2919 2245 2973 σουσί
2287 2936 2370 2971 σοι
2409 2919 2516 2970 υίοὶ
2553 2914 2646 2968 τοῦ
2687 2914 2889 2984 πατρός
2943 2927 3073 2964 σου*
3123 2928 3141 2962 ι
3186 2909 3280 2962 καὶ
3325 2906 3444 2978 μετ’
3481 2905 3639 2972 ὀλίγα
3663 2921 3676 2932 ·

2030 3029 2118 3105 ct
2166 3011 2279 3064 Οὐκ
2316 3007 2552 3078 ἐκλείψει
2591 3007 2772 3078 ἄρχων
2812 3005 2871 3069 ἐξ
2908 3002 3101 3105 Ἰούδα,
3273 2997 3580 3105 ἡγούμενος
3619 2997 3682 3102 ὲκ

433 3097 668 3166 reposita
699 3095 796 3160 illi,
829 3104 884 3147 et
916 3096 1030 3162 ipse
1058 3095 1399 3163 exspectatio
1441 3093 1683 3164 gentium
1708 3090 1775 3146 “.
1809 3108 1828 3142 ι
1862 3091 2002 3157 Quin

2105 3102 2203 3156 τῶν
2240 3101 2432 3172 μηρῶν
2471 3098 2657 3164 αὐτοῦ,
2697 3096 2802 3159 ἕως
2840 3095 2906 3149 ἂν
2944 3094 3074 3167 ἔλθῃ
3109 3093 3178 3146 τά
3213 3091 3556 3159 ἀποκείμενα
3594 3088 3686 3140 αὐο

435 3185 733 3242 verisimile
774 3195 860 3240 est
902 3185 1276 3240 Samaritanos
1318 3199 1386 3240 ex
1435 3183 1734 3252 prophetiis
1792 3182 2003 3234 Balaam

2105 3194 2193 3265 τῷ,
2234 3195 2329 3248 καὶ
2368 3193 2528 3255 αὐτὸς
2566 3189 2863 3261 προσδοκία
2900 3185 3090 3240 ἐθνῶν.
3138 3203 3156 3237 ι
3191 3182 3356 3245 Εἰκὸς
3391 3181 3449 3234 δὲ
3488 3180 3584 3233 καὶ
3623 3179 3686 3230 ἐκ

434 3281 579 3334 idem
624 3291 894 3348 sperasse,
921 3285 977 3331 et
1001 3290 1064 3330 ex
1094 3277 1196 3331 hac
1236 3276 1539 3346 prmsertim
1569 3276 1655 3328 “2
1693 3293 1711 3326 ι
1751 3273 2003 3344 Egredie-

2105 3287 2206 3340 τῶν
2244 3282 2592 3358 προφητειῶν
2629 3281 2724 3335 τοῦ
2764 3278 2993 3349 Βαλαάμ
3027 3278 3089 3330 τὸ
3126 3273 3258 3329 αὐτὸ
3293 3269 3494 3334 αὐτοὺς
3532 3267 3686 3322 ἑλπί-

436 3383 526 3426 ιιιι·
552 3375 715 3427 homo
745 3387 810 3428 ex
842 3373 1050 3426 semine
1079 3369 1218 3440 ejus,
1251 3378 1305 3423 et
1354 3368 1726 3424 dominabitur
1760 3370 2003 3439 gentibus

2105 3377 2236 3445 ζειν.
2274 3379 2373 3449 τῆς
2403 3394 2481 3430 τε·
2524 3394 2543 3428 ι
2581 3373 2950 3439 Ἐξελεύσεται
2986 3369 3269 3440 ἄνθρωπος
3301 3367 3366 3418 ὲκ
3394 3361 3490 3416 τοῦ
3528 3361 3691 3432 σπέρ-

437 3463 643 3524 multis.
675 3471 730 3517 et
756 3460 1086 3516 exaltabitur
1117 3474 1338 3529 regnum
1373 3457 1523 3528 (ἔοις,
1553 3467 1607 3513 et
1637 3473 1862 3529 regnum
1895 3457 2003 3526 ejus

2105 3488 2274 3542 ματος
2307 3467 2493 3530 αὐτοῦ,
2526 3467 2620 3521 καὶ
2649 3464 2928 3537 κυριεύσει
2961 3461 3130 3516 ἐθνῶν
3163 3457 3394 3519 πολλῶν,
3427 3454 3523 3508 καὶ
3551 3452 3691 3522 ὑψω-

433 3556 723 3626 augeliitur
759 3575 770 3610 :
806 3555 949 3609 Deus
984 3554 1215 3607 deducet
1246 3569 1369 3607 eum
1418 3567 1485 3608 ex
1515 3550 1750 3623 Egypto
1781 3567 1795 3604 ι
1841 3551 2003 3622 gloria

2105 3563 2330 3633 θήσεται
2377 3562 2410 3631 η
2457 3557 2580 3626 Γὼγ
2615 3555 2880 3628 βασιλεία,
2915 3555 3010 3608 καὶ
3055 3550 3426 3622 αὐξηθήσεται
3469 3549 3503 3616 ἡ
3541 3545 3692 3615 βασι-

435 3648 556 3714 ejus
579 3648 745 3702 veluti
767 3647 939 3717 gloria
968 3647 1243 3700 unicornis
1267 3665 1281 3700 :
1303 3645 1586 3700 devorabit
1610 3655 1798 3714 gentes
1829 3645 2003 3698 inimi-

2105 3653 2222 3708 λεία
2260 3651 2446 3708 αὐτοῦ’
2487 3651 2622 3714 Θεὸς
2660 3649 2939 3718 ὡδήγησεν
2978 3644 3139 3699 αὐτὸν
3176 3641 3235 3708 ἐξ
3274 3638 3578 3708 Αἰγύπτου,
3617 3633 3692 3695 ὡς

434 3753 624 3792 corum
650 3753 891 3800 suorum,
905 3747 960 3792 et
976 3737 1253 3791 crassities
1269 3735 1485 3791 illorum
1505 3735 1734 3790 medulla
1759 3733 2010 3804 privabit,

433 3840 489 3883 et
512 3829 708 3898 jaculis
733 3829 1144 3883 suisinimicum
1176 3827 1775 3897 impetetzdecumhens
1797 3825 2014 3894 requie-

435 3920 513 3974 vit
535 3929 590 3974 ut
612 3920 716 3985 leo,
739 3928 794 3976 et
815 3929 870 3974 ut
888 3919 1098 3974 catulus
1115 3919 1316 3975 leonis:
1336 3920 1457 3990 quis
1471 3918 1730 3974 excitabit
1749 3935 1870 3973 eum
1889 3919 1912 3971 ?
1929 3917 2014 3971 be-

437 4012 757 4066 nedicentes
805 4022 856 4066 te
878 4012 1292 4078 benedicentur,
1314 4020 1366 4064 et
1399 4019 1748 4066 exsecrantes
1782 4019 1833 4063 te
1853 4024 2012 4064 exse-

435 4105 570 4159 crati
595 4105 754 4159 sint.»
777 4103 917 4170 Quin
942 4105 993 4158 in
1015 4105 1368 4173 sequentibus
1394 4103 1559 4157 etiam
1589 4101 1760 4170 inquit
1785 4102 1898 4170 ipse
1921 4101 2016 4154 Ba-

436 4194 580 4249 laam
610 4197 656 4228 "
685 4211 696 4243 :
732 4214 750 4246 ι
783 4196 1066 4265 Apparebo
1115 4195 1242 4260 illis,
1286 4204 1341 4250 et
1384 4210 1490 4248 non
1536 4209 1682 4248 nunc
1715 4211 1729 4248 :
1763 4193 2016 4248 heatilico

437 4297 494 4342 et
544 4303 651 4344 non
697 4288 1036 4356 approximat
1064 4304 1079 4341 :
1111 4289 1318 4341 orietur
1367 4297 1572 4340 astrum
1618 4301 1686 4340 ex
1739 4283 1929 4350 Jacob,
1962 4291 2020 4338 et

2113 3744 2239 3810 δόξα
2278 3741 2644 3815 μονοκέρωτος
2672 3734 2838 3806 αὐτῷ’
2881 3735 3054 3788 ἔδεται
3088 3733 3213 3802 ἔθνη
3255 3729 3464 3801 ἐχθρῶν
3497 3727 3685 3790 αὐτοῦ,

2114 3837 2206 3889 καὶ
2234 3833 2302 3887 τά
2326 3833 2472 3902 πάχη
2495 3828 2674 3884 αὐτῶν
2703 3824 2994 3896 ὲκμυελιεϊ,
3025 3823 3119 3876 καὶ
3145 3823 3262 3885 ταῖς
3291 3819 3492 3891 βολίσιν
3524 3816 3688 3872 αὐτοῦ

2116 3923 2495 3988 κατατοξεύσει
2540 3918 2750 3991 ἐχθρόν’
2806 3913 3146 3975 κατακλιθεὶς
3195 3909 3304 3981 (97)
3348 3908 3690 3962 ἀνεπαύσατο

2113 4017 2187 4081 ὼς
2211 4017 2368 4079 λέων,
2403 4013 2498 4066 καὶ
2534 4012 2609 4073 ὼς
2643 4007 2898 4077 σκύμνοςο
2934 4003 3017 4067 τίς
3059 4001 3352 4070 ἀναστήσει
3399 3997 3592 4059 αὐτόν;
3639 3998 3689 4048 oi

2116 4105 2460 4176 εὐλογοῦντες
2487 4119 2544 4156 σε
2570 4099 2907 4170 εὐλόγηνται,
2928 4095 3019 4147 καὶ
3036 4095 3084 4146 οί
3106 4089 3486 4162 καταρώμενοί
3513 4105 3572 4140 σε
3600 4103 3692 4140 κε-

2117 4203 2472 4272 κατήρανται.
2513 4215 2532 4247 ι
2560 4192 2669 4246 Καὶ
2695 4194 2752 4244 ὲν
2795 4191 2907 4250 τοῖς
2939 4186 3064 4256 ὲξῆς
3107 4185 3164 4237 δέ
3191 4199 3354 4254 φησιν
3384 4180 3544 4243 αὐτὸς
3587 4180 3692 4230 Βα-

2117 4295 2282 4363 λαάμ·
2316 4312 2334 4342 ι
2368 4289 2536 4352 Δείξω
2559 4286 2763 4346 αὐτοῖς,
2795 4281 2889 4334 καὶ
2927 4277 3049 4347 οὐχὶ
3097 4274 3210 4328 νῦν⁶
3250 4274 3559 4344 μακαρίζω,
3600 4273 3694 4325 καὶ

441 4389 700 4450 exsurget
731 4381 892 4434 homo
920 4396 987 4435 ex
1019 4380 1206 4444 Israel,
1232 4389 1285 4433 et
1315 4379 1621 4432 vulnerabit
1644 4378 1808 4432 duces
1832 4375 2003 4439 Moab,

2115 4386 2214 4439 οὐκ
2262 4382 2492 4451 ἐγγίζει·
2524 4374 2772 4432 ἀνατελεί
2817 4372 3014 4442 ἄστρον
3061 4366 3118 4432 ἐξ
3173 4364 3391 4428 Ἰακὼϐ,
3436 4365 3530 4417 καὶ
3561 4365 3691 4415 ἀνα-

441 4485 498 4528 et
521 4475 763 4543 captivos
803 4474 964 4528 ducet
995 4488 1184 4527 omnes
1227 4471 1368 4526 ﬁlios
1396 4471 1551 4534 Seth,
1593 4477 1648 4525 et
1691 4469 1797 4523 erit
1844 4468 2011 4522 Edom

445 4569 733 4624 luereditas
768 4583 780 4617 :
813 4577 869 4625 et
902 4569 1005 4623 erit
1034 4569 1319 4624 hmreditas
1349 4567 1488 4621 Esau
1516 4564 1768 4619 inimicus
1798 4562 1936 4632 ejus,
1959 4568 2016 4615 et

446 4660 610 4714 Israel
641 4659 766 4716 fecit
802 4660 854 4714 in
885 4659 1219 4725 fortitudine,
1273 4668 1327 4714 et
1360 4657 1693 4714 excitabitur
1721 4671 1786 4709 ex
1819 4652 2012 4716 Jacob,

443 4763 498 4806 et
528 4753 718 4822 perdet
747 4761 1020 4808 servatum
1065 4768 1132 4808 ex
1166 4753 1318 4806 urbe.
1363 4771 1380 4803 ι
1413 4750 1671 4819 lnspicies
1718 4761 1849 4800 vero
1883 4759 2012 4798 num

444 4845 588 4901 forte
617 4845 978 4900 Samaritanis
1005 4861 1216 4915 quoque
1241 4845 1573 4915 eotnplaceat
1601 4851 1660 4896 ut
1692 4840 1892 4911 Moysis
1920 4839 2014 4894 be-

449 4942 680 4998 nedictio
710 4943 776 4996 ad
806 4943 1026 5008 inviam,
1062 4943 1334 4997 referatur
1359 4942 1424 4994 ad
1451 4940 1753 5002 Christum,
1807 4937 1886 4992 sic
1914 4937 2014 4990 lia-

2120 4477 2375 4548 στήσεται
2430 4469 2714 4541 ἄνθρωπος
2761 4464 2822 4529 ἐξ
2875 4460 3111 4532 Ἰσραὴλ,
3163 4458 3257 4513 καὶ
3301 4453 3528 4528 Θραύσει
3571 4455 3697 4514 τούς

2119 4567 2394 4638 ἀρχηγοὺς
2419 4560 2612 4626 Μωὰδ,
2644 4558 2739 4612 καὶ
2772 4553 3133 4628 προνομεύσει
3163 4549 3372 4638 πάντας
3398 4548 3698 4638 τοῦςᾼυίοῦς

2120 4635 2258 4728 Σηί),
2280 4656 2373 4708 καὶ
2403 4652 2556 4705 ἔσται
2601 4646 2780 4716 Ἐδὼμ
2808 4639 3160 4715 κληρονομία·
3199 4637 3292 4690 καὶ
3315 4635 3468 4688 ἔσται
3497 4635 3695 4728 κληρο-

2121 4726 2281 4817 νομία
2314 4745 2424 4815 (98)
2465 4741 2632 4796 Ἠσαῦ
2663 4742 2691 4792 ό
2713 4736 2906 4808 ἐχθρὸς
2929 4733 3113 4797 αὐτοῦ,
3145 4732 3239 4784 καὶ
3276 4728 3492 4799 Ἰσραὴλ
3514 4726 3699 4794 ἐποίη-

2125 4857 2214 4893 σεν
2240 4841 2297 4891 ἐν
2329 4834 2492 4906 ίσχύῖ,
2527 4833 2622 4886 καὶ
2655 4828 3066 4900 ὲξεγερθήσεται
3095 4826 3153 4891 ἐξ
3174 4864 3176 4866 τ
3199 4822 3416 4884 Ἰακὼϐ,
3440 4819 3534 4874 καὶ
3567 4821 3700 4872 ἀπο-

2118 4931 2200 4984 λεῖ
2226 4927 2530 4997 σωζόμενον
2570 4927 2635 4977 ὲκ
2673 4923 2902 4984 πόλεως.
2943 4939 2961 4972 ι
3011 4917 3358 4985 Ἐπιστήσεις
3382 4914 3440 4966 δὲ
3470 4913 3518 4964 εί
3547 4909 3642 4963 καὶ
3668 4908 3701 4976 ἡ

449 5035 647 5091 heus"
684 5053 698 5090 :
734 5053 753 5088 ι
787 5001 1023 5098 Exaudi,
1080 5034 1318 5097 Domine,
1381 5047 1566 5087 vocem
1628 5001 1787 5095 Iuda,
1839 5037 1894 5082 et
1945 5026 2003 5080 ad

2119 5019 2214 5075 τοῦ
2244 5017 2520 5080 Μωῦσέως
2551 5015 2686 5086 πρὸς
2733 5012 2932 5067 Ἰούδαν
2960 5007 3178 5078 εὐλογία
3206 5007 3285 5069 είς
3318 5001 3550 5076 Χριστὸν
3572 5002 3702 5054 ἀνα-

522 5177 569 5208 ⁶³
615 5177 812 5243 Ephcs.
858 5193 897 5238 t,
923 5177 1016 5230 2|.
1091 5177 1137 5207 “
1178 5175 1304 5245 Sap.
1337 5190 1433 5228 \‘li.
1463 5173 1569 5245 ΞΒ,
1601 5172 1693 5245 26ἐ
1793 5170 1838 5202 ⁸⁵
1877 5166 2003 5245 Joatt

2105 5179 2164 5230 ll,
2194 5160 2284 5218 45.
2358 5160 2404 5191 ⁸⁸
2432 5157 2588 5245 δολίῃ.
2622 5170 2693 5219 tv,
2720 5153 2811 5207 25.
2911 5150 2957 5183 ⁸⁷
2991 5148 3126 5204 Gen.
3157 5161 3302 5208 χιιι,
3333 5143 3386 5198 8.
3492 5142 3537 5172 ⁸⁸
3566 5141 3698 5196 ibid.

454 5247 541 5302 to.
615 5227 1312 5315 ῖνίἡέιῆι.“ὶιῐιῖ,τοιὲέἑιέ
1386 5227 1433 5276 τά
1467 5227 1595 5299 ibid.
1627 5243 1689 5296 ιτ
1726 5249 1778 5296 et
1813 5254 1932 5309 seq.
2000 5227 2542 5296 ⁷¹υεί¹¹·“¹¹¹¹’⁷⁶

531 5362 643 5429 (93)
679 5361 786 5414 Καὶ
819 5361 1040 5431 λέγειν.
1071 5362 1258 5416 Hiatus
1280 5370 1365 5416 est
1396 5361 1448 5415 in
1475 5375 1608 5416 mss.
1649 5359 1790 5426 Quid
1840 5366 2003 5411 auten

2131 5354 2302 5431 ipsum
2333 5347 2478 5417 quod
2509 5354 2618 5410 est,
2660 5342 2865 5398 habere
2925 5353 3005 5405 se,
3035 5333 3160 5406 quia
3211 5331 3378 5387 Pater
3398 5330 3655 5385 dedisset.
3685 5346 3702 5378 ι

462 5423 636 5490 desit,
656 5432 777 5485 aliis
805 5423 1154 5486 divinandum
1185 5433 1452 5500 relinquo.
1676 5423 1692 5426 ⁷
2131 5423 2394 5476 ΙΙυετιυε.
2815 5480 2827 5492 ,
2908 5478 2921 5490 ,
3129 5475 3140 5486 .

533 5500 641 5522 [nn
675 5503 756 5522 Α)-
797 5517 886 5522 ..μη
917 5505 1166 5522 ηᾲσηηηη
1211 5503 1327 5522 ,,__r
1371 5500 1539 5522 Lmen“
1566 5499 1637 5522 ,ε
1679 5498 1855 5522 11---!
1921 5494 1996 5522 MA
2199 5491 2310 5522 (OEH
2349 5488 2448 5522 ιιήῑ
2479 5486 2652 5522 ris-nlo
2710 5483 2992 5522 Das-mnum
3040 5476 3190 5522 Ieml.
3246 5473 3342 5522 καὶ
3379 5468 3505 5522 ἀκτί

531 5470 1169 5572 (“si”)
1187 5470 1540 5556 '.:;;;~“;;;s..
1563 5498 1893 5572 Magn,
1920 5494 2028 5549 No.
2131 5470 2451 5572 “rs-sm
2478 5486 2671 5572 4.9a.
2709 5470 3554 5572 Pejgnjtggn'ggilfgmxﬁﬁfﬂc-
3611 5470 3708 5525 sed

467 5611 566 5712 ειῖιξ
595 5611 866 5709 όζεῖίῦὖέ
894 5611 1720 5710 νὲἓῖίἶὶἱῑῖτιῖιΐὶῖιὶίῦῖῖξὲ”ἑὸιέι,
1754 5652 1874 5704 cap.
1913 5634 1980 5688 η

2135 5611 2510 5712 ξαξϋῐᾱψδ.
2553 5611 2878 5712 Burneianus
2908 5629 2963 5674 et
3011 5611 3364 5676 Barberinus,
3416 5611 3666 5678 λέγοντος

476 5693 500 5760 ἰ
535 5693 977 5792 Qui—:t'ttivisetti'm
1005 5693 1290 5793 seexfpeo
1331 5693 1491 5793 ξειηςξ
1525 5693 1719 5763 θάψω
1749 5693 1869 5760 esse
1923 5717 2036 5793 tne-
2139 5693 2926 5793 ιιυςξξέξ,ρλέγξντξιέξξξζιεοω
2957 5754 3269 5793 vrﬂhm,

475 5754 740 5844 tni‘t‘tisset,
781 5799 1052 5851 nunquam
1084 5754 1147 5836 se
1180 5783 1286 5834 Deo
1343 5775 1484 5834 Pati-i
1541 5790 1632 5851 aut
1665 5774 2000 5851 comparavit

2211 5754 2322 5851 (92>
2348 5754 2541 5851 ’ροιίω
2579 5754 2932 5851 ﬁssis:
2957 5754 3320 5851 κξτξξὶξεῖῖὶξτ

477 5823 1918 5920 ἐἶ’έωῖῑίειῦῖέζτέἷ
1937 5823 2040 5898 hoc
2211 5823 2326 5911 ξε)θῇ
2355 5823 2496 5894 Idem
2519 5823 2689 5893 codex
2723 5832 2943 5904 Regius,
2987 5831 3020 5898 ὴ
3057 5825 3153 5882 κλτ
3166 5823 3413 5882 οονομλτι,
