3826 6520
147 429 232 489 £45

1175 411 1529 468 COMMENT.
1567 409 1635 467 IN
1671 406 1864 464 JOAN.
1903 404 2143 463 TOMUS
2173 403 2314 459 XIII.

3257 397 3361 452 “6

149 543 373 617 φέρεσθαι
397 537 494 594 καὶ
520 539 644 602 τοῖς
698 535 1040 608 Σαμαρεῦσιν
1077 530 1142 585 ἂν
1175 529 1473 599 συνδοκοίη,
1525 527 1696 591 οὕτως

1803 522 2053 594 populum
2105 535 2241 588 ejus,
2285 494 2490 588 quaso,
2531 514 2720 570 venias
2758 529 2772 566 :
2804 527 2994 569 manus
3036 510 3151 580 ejus
3201 512 3362 566 simul

144 641 329 710 ἔχουσα·
381 652 400 684 ι
438 632 805 693 Είσάικουσον,
837 626 1026 697 Κύριε,
1054 621 1234 693 φωνὴν
1279 620 1469 683 Ἰούδα,
1497 621 1592 673 καὶ
1618 620 1698 681 εἰς

145 707 218 782 τόν
236 725 350 778 λαὸν
379 721 544 776 αὐτοῦ
581 720 762 782 ἔλθοις
794 718 876 772 ἄν·
910 716 967 769 αἱ
1004 716 1184 785 χεῖρες
1213 710 1376 765 αὐτοῦ
1412 710 1529 780 ἅμα
1573 707 1696 779 κρί-

143 831 296 872 νουσιν
329 809 499 880 αύτῷ,
533 810 638 862 καὶ
671 806 862 878 βοηθὸς
901 807 966 857 ἐκ
1014 801 1120 854 τῶν
1155 799 1364 870 ἐχθρῶν
1397 798 1561 851 αὑτοῦ
1586 795 1695 867 (99)

144 910 243 980 ἔσῃ.
280 925 298 957 ι
335 903 487 956 Ἐπεὶ
527 902 594 955 δὲ
638 899 864 970 αὐχοῦσι
907 895 1248 966 πατριάρχην
1293 892 1567 962 Σαμαρεῖς
1605 889 1696 942 τὸν

154 978 341 1067 Ἰωσὴφ,
377 992 650 1063 ἐφίστημι
681 992 885 1061 μήποτε
911 989 1008 1058 τήν
1043 1003 1102 1038 τε
1137 983 1231 1037 τοῦ
1267 980 1460 1035 Ἰακὼὸ
1487 982 1567 1043 εἰς
1604 978 1697 1032 τὸν

153 1089 320 1158 Ἰωσήφ
341 1101 487 1148 τινες
535 1081 790 1150 εὐλογίαν
831 1077 998 1148 αύτῷ,
1044 1076 1138 1131 καὶ
1171 1074 1270 1146 τὴν
1300 1073 1393 1127 τοῦ
1421 1071 1698 1134 Μωῦσέως

142 1176 412 1243 ἐκδέξονται
455 1172 722 1241 λέγεσθαι
753 1173 831 1233 είς
859 1170 958 1240 τὴν
998 1165 1232 1238 Χριστοῦ
1255 1162 1574 1235 παρουσίαν.
1606 1160 1696 1231 Τῷ

143 1267 189 1320 δὲ
213 1263 504 1336 βουλομένῳ
538 1261 761 1325 ἐξέσται
808 1259 900 1311 ἀπ’
931 1256 1101 1324 αὐτῆς
1129 1254 1228 1324 τῆς
1267 1253 1489 1324 Γραφῆς
1513 1251 1696 1304 λαϐεῖν

143 1357 200 1410 τὰ
223 1356 369 1427 ῥητά·
392 1354 488 1407 καὶ
512 1351 684 1415 αὐτὸς
704 1350 760 1402 δὲ
790 1352 818 1406 6
860 1347 1069 1418 Σωτὴρ,
1094 1344 1246 1410 εἰδὼς
1267 1343 1504 1398 Μωῦσέα
1527 1341 1696 1395 πολλὰ

143 1439 537 1512 ὰναγεγραφότα
560 1438 664 1510 τῆς
687 1437 812 1508 περὶ
831 1435 1067 1507 Χριστοῦ
1091 1433 1427 1506 προφητείας
1448 1431 1547 1504 (1),
1573 1431 1706 1502 φησὶ

142 1539 233 1599 τοῖς
253 1531 545 1594 Ἰουδαίοις·
573 1549 594 1582 ι
621 1531 684 1582 ΕΞ
707 1527 1019 1582 ἐπιστεύετε
1040 1527 1286 1591 Μωῦσεῖ,
1305 1523 1619 1578 ἐπιστεύετε
1639 1522 1707 1576 ἂν

142 1626 262 1696 ἐμοί·
284 1623 408 1694 περὶ
442 1620 564 1692 γὰρ
605 1617 743 1690 ἐμοῦ
769 1619 975 1680 ἐκεῖνος
1015 1614 1240 1686 ἔγραψε.
1271 1633 1291 1665 ι
1316 1612 1574 1675 Τυπικῶς
1609 1613 1706 1682 μὲν

143 1714 220 1772 οὖν
241 1716 327 1770 καὶ
350 1710 779 1784 αἰνιγματωδῶς
815 1709 1194 1778 ἀναφερόμενα
1235 1708 1314 1769 είς
1355 1705 1446 1759 τὸν
1472 1701 1707 1774 Χριστὸν

140 1807 230 1860 τῶν
252 1803 768 1874 ἀναγεγραμμένων
794 1801 852 1853 ἐν
879 1797 957 1868 τῷ
980 1797 1150 1868 Νόμῳ
1175 1796 1402 1851 πλεῖστα
1428 1795 1528 1848 ὅσα
1562 1793 1707 1846 ἔστιν

1793 614 2037 684 judicant
2065 625 2212 674 eum,
2242 616 2299 663 et
2321 605 2536 675 adjutor
2557 603 2661 660 sibi
2693 603 2762 658 ab
2794 603 3030 657 inimicis
3059 603 3176 670 ejus
3197 603 3359 656 eris.»

1799 705 1904 760 Sed
1935 701 2190 772 quoniam
2239 699 2543 769 gloriantur
2593 695 2922 750 Satnaritani
2960 694 3027 748 de
3056 692 3362 762 patriarcha

1794 794 2018 863 Joseph,
2045 791 2205 862 237
2235 787 2464 860 inspicio
2500 801 2630 840 num
2678 784 2821 839 forte
2862 782 3028 852 aliqui
3068 791 3125 836 et
3143 783 3366 835 benedi-

1797 889 2034 943 ctionem
2083 881 2254 938 Jacob
2279 880 2347 934 ad
2373 877 2594 946 Joseph,
2623 884 2678 932 et
2709 874 3139 930 benedictionem
3168 870 3364 941 Moysis

1797 977 2070 1046 accipiant
2111 973 2217 1028 dici
2265 970 2335 1027 de
2375 967 2575 1024 Christi
2621 966 2876 1022 adventu.
2931 963 3140 1018 Poterit
3184 970 3364 1016 autem

1797 1068 2042 1140 quisquis
2068 1064 2302 1119 voluerit
2331 1076 2399 1116 ex
2437 1060 2554 1130 ipsa
2599 1057 2881 1126 Scriptura
2920 1068 3139 1109 sumere
3175 1053 3364 1107 verba.

1797 1159 1938 1227 Quin
1971 1157 2234 1212 Scrvator
2259 1154 2376 1223 ipse
2408 1153 2590 1208 sciens
2620 1149 2836 1217 Moysen
2864 1145 3033 1200 multa
3064 1144 3133 1200 de
3157 1143 3368 1199 Messias

1797 1250 2076 1322 prophetia
2109 1247 2420 1316 scripsisse,
2456 1243 2522 1297 ad
2545 1239 2763 1296 Judteos
2789 1238 2967 1308 inquit
2999 1251 3016 1291 :
3051 1254 3070 1287 ι
3109 1236 3167 1290 Si
3196 1234 3366 1306 Moysi

1795 1340 2114 1404 crederetis,
2143 1335 2442 1394 crederetis
2485 1336 2648 1388 etiatn
2687 1331 2842 1394 mihi,
2879 1330 2947 1384 de
2979 1343 3064 1383 me
3097 1327 3240 1382 enim
3277 1326 3365 1379 ille

1796 1426 2014 1503 scripsit
2056 1434 2123 1490 ⁷³,
2179 1449 2198 1482 ι
2249 1425 2613 1496 Quamobrem
2665 1421 3059 1493 quamplurima
3121 1419 3365 1472 invenire

1796 1525 1918 1578 licet
1949 1523 2152 1592 scripta
2186 1520 2238 1574 in
2271 1519 2534 1588 lege~tum
2573 1513 2752 1584 typice
2781 1521 2990 1580 aperte,
3028 1519 3138 1562 tum
3167 1508 3367 1562 obscu-

1795 1631 1877 1682 re,
1929 1629 2049 1685 quas
2080 1611 2392 1668 refcrantur
2419 1606 2485 1661 ad
2538 1604 2836 1661 Christum.
2897 1603 3183 1670 Apertiora
3239 1613 3366 1652 vero

1795 1707 1897 1763 alia
1931 1717 1986 1762 et
2021 1703 2394 1760 manifestiora
2429 1706 2627 1768 printer
2680 1697 2816 1759 lucc,
2843 1709 2943 1764 ego
2977 1695 3029 1746 in
3080 1691 3366 1762 praesentia

1799 1815 1904 1855 non
1942 1796 2120 1852 video.
2148 1796 2373 1852 Messias
2401 1797 2619 1867 quidem
2649 1795 2830 1865 lingua
2862 1792 3205 1848 Hebraeorum
3229 1789 3368 1843 dici-

143 1899 316 1964 εὑρεῖνο
344 1865 671 1966 γυμνότέρα
695 1893 752 1947 δὲ
777 1892 871 1946 καὶ
896 1865 1206 1961 σαφέστερα
1231 1889 1340 1958 ἐγὼ
1367 1888 1465 1958 οὐχ
1483 1885 1595 1956 ὁρῶ
1617 1885 1704 1938 ἐπὶ

1803 1899 1907 1953 tur,
1946 1889 2090 1958 quod
2116 1865 2468 1958 Septuaginta
2505 1884 2850 1956 interpretati
2889 1891 3037 1949 sunt,
3090 1879 3369 1944 Christus;

141 1990 218 2043 τοῦ
245 1989 510 2061 παρόντος
544 1987 689 2041 ἄλλα
718 1985 842 2039 τινὰ
881 1983 1035 2055 παρὰ
1073 1982 1268 2039 ταῦτα.
1306 1980 1548 2042 Μεσσίας
1583 1977 1709 2050 μέν·

143 2100 264 2151 τοιγε
295 2081 604 2150 Ἑϐραῖστὶ,
637 2078 906 2137 καλεῖται.
929 2077 1067 2146 ὅπερ
1087 2077 1135 2129 οἱ
1163 2077 1261 2145 μὲν
1285 2071 1706 2143 Ἑϐδομήκοντα,

142 2177 393 2243 Χριστός,
437 2173 806 2246 ήρμήνευσαν
827 2188 841 2201 '
874 2172 904 2225 6
933 2170 991 2224 δέ
1019 2167 1271 2232 Ἀκύλας,
1310 2162 1706 2234 Ἠλειμμένος.

201 2265 280 2319 27.
305 2261 636 2335 Θεωρητέον
667 2258 763 2313 καὶ
784 2257 865 2310 τό⁹
902 2275 922 2308 ι
959 2256 1126 2308 Ὅταν
1150 2253 1278 2324 ἔλθῃ
1301 2253 1526 2314 ἐκεῖνος,
1544 2250 1713 2317 ἀναγ-

140 2355 267 2425 γελεῖ
309 2356 438 2425 ἡμῖν
481 2353 734 2413 ἅπαντα,
777 2367 795 2400 ι
833 2347 1060 2418 πότερον
1103 2344 1212 2399 ἀπὸ
1261 2341 1608 2414 παραδόσεως
1639 2341 1707 2411 τῇ

141 2445 462 2518 Σαμαρείτιδι
499 2444 749 2515 εἴρηται,
789 2441 821 2512 ἢ
861 2439 968 2494 ἀπὸ
995 2437 1088 2491 τοῦ
1125 2438 1330 2508 Νόμου.
1369 2436 1481 2489 Ούκ
1513 2435 1712 2504 ἀγνοη-

140 2540 240 2592 τέον
293 2537 570 2608 μέντοιγε,
599 2537 710 2597 ὅτι,
765 2532 952 2602 ὥσπερ
982 2530 1090 2584 ἀπὸ
1126 2528 1390 2582 Ἰουδαίων
1429 2528 1629 2597 ἀνέστη
1680 2526 1710 2579 6

150 2631 329 2702 Ἰησοῦς
353 2629 601 2701 Χριστὸς
627 2623 769 2679 εἶναι
797 2624 873 2695 (2)
917 2624 978 2677 ού
1014 2622 1170 2693 μόνον
1215 2621 1408 2690 λέγων,
1441 2620 1576 2674 ἀλλὰ
1615 2619 1709 2672 καὶ

139 2721 451 2785 ἀποδεικνύς·
499 2719 686 2781 οὕτως
717 2717 824 2770 ἀπὸ
861 2715 1160 2788 Σαμαρέων
1205 2712 1452 2775 Δοσίθεός
1487 2710 1560 2782 (5)
1623 2726 1709 2774 τις

140 2812 347 2877 ἀναστὰς
375 2812 624 2880 ἔφασκεν
654 2807 844 2861 ἐαυτὸν
894 2801 1035 2858 εἶναι
1069 2804 1162 2858 τὸν
1195 2800 1708 2872 προπεφητευμένον

139 2906 362 2976 Χριστὸν,
395 2905 490 2973 ἀφ’
534 2897 601 2957 οὗ
645 2901 806 2972 δεῦρο
843 2899 1004 2970 μέχρι
1043 2897 1178 2950 είσὶν
1208 2897 1257 2948 οι
1288 2893 1578 2947 Δοσιθεινοὶ
1607 2892 1706 2964 (4),

139 2999 366 3068 φέροντες
396 2997 495 3050 καὶ
538 2994 765 3066 βίϐλους
785 2993 880 3044 τοῦ
913 2989 1186 3051 Δοσιθέου,
1211 2989 1306 3041 καὶ
1337 2987 1539 3058 μύθους
1555 2985 1708 3049 τινὰς

139 3090 245 3160 περὶ
270 3088 430 3142 αὑτοῦ
464 3085 847 3158 διηγούμενοι,
875 3082 950 3145 ὡς
986 3081 1059 3152 μὴ
1080 3079 1417 3150 γευσαμένου
1453 3077 1706 3144 θανάτου,

252 3182 304 3231 ἐν
331 3179 408 3250 τῷ
442 3179 548 3249 βίῳ
587 3194 698 3230 που
727 3174 1104 3244 τυγχάνοντος.
1149 3171 1260 3223 Καὶ
1287 3169 1463 3222 ταῦτα
1505 3168 1603 3239 μὲν
1635 3168 1764 3254 ὼςο

138 3271 250 3341 πρὸς
276 3271 368 3342 τὴν
401 3270 578 3337 λέξιν.
617 3266 783 3321 Ἀλλὰ
804 3265 898 3317 καὶ
923 3266 957 3335 ἡ
981 3261 1283 3334 ἑτερόδοξος
1305 3259 1456 3332 παρὰ
1474 3261 1541 3330 τῇ
1559 3261 1708 3329 πηγῇ

137 3360 212 3413 τοῦ
265 3361 482 3424 Ἰακὼϐ,
544 3359 752 3431 φρέατι
779 3356 894 3430 ὑπ’
945 3354 1114 3423 αὐτῆς
1153 3348 1292 3405 εἶναι
1346 3347 1709 3420 νομιζομένῳ,

137 3453 302 3524 γνώμη
336 3455 436 3525 (5),
471 3455 537 3507 ὃν
572 3448 951 3521 ὑπολαμϐάνει
983 3443 1119 3500 εἶναι
1154 3445 1484 3515 τελειότερον
1515 3441 1707 3509 Λόγον,

135 3545 296 3600 τοῦτον
314 3545 558 3616 Χριστὸν
586 3538 936 3612 ὀνομάζουσά
961 3553 1144 3609 φησιν’
1174 3555 1192 3588 ι
1219 3537 1384 3590 Ὅταν
1411 3533 1538 3604 ἔλθῃ
1568 3535 1710 3586 ἐκεῖ-

136 3655 227 3703 νος,
283 3637 582 3707 ἀναγγελεῖ
623 3637 759 3705 ἡμῖν
810 3632 1045 3686 ἅπαντα·
1086 3648 1106 3682 ι
1159 3627 1350 3700 παρὼν
1388 3627 1446 3680 δὲ
1487 3627 1624 3697 αὐτῇ
1681 3628 1710 3680 6

137 3730 585 3800 προσδοκώμενος,
638 3725 740 3780 καὶ
786 3721 1154 3794 ἐλπιζόμενος,
1189 3720 1324 3792 φησὶ
1358 3720 1438 3773 τόο
1476 3737 1495 3770 ι
1571 3716 1710 3786 Ἐγώ

137 3824 232 3892 εἰμι
259 3825 285 3875 6
310 3821 492 3874 λαλῶν
528 3836 642 3872 σοι.
679 3836 696 3868 ι
733 3813 877 3887 ’Όρα
908 3813 965 3867 δὲ
993 3813 1088 3867 καὶ
1132 3812 1224 3867 τὸν
1277 3810 1629 3882 Ἡρακλέωνα.
1655 3808 1710 3862 τί

137 3913 265 3982 φησί·
291 3913 439 3980 λέγει
461 3911 604 3982 γὰρ,
647 3909 733 3961 ὅτι
774 3925 793 3959 ι
833 3904 1249 3977 Προσεδέχετοή
1293 3900 1592 3972 Ἐκκλησία
1617 3900 1710 3953 τὸν

137 4004 362 4074 Χριστὸν,
409 4003 510 4057 καὶ
545 4000 848 4054 ἐπέπειστο
892 3996 1022 4070 περὶ
1065 3991 1255 4061 αὐτοῦ,
1300 3995 1382 4047 ὅτι
1429 3991 1499 4044 τὰ.
1532 3989 1710 4045 πάντα

139 4093 274 4164 μόνος
301 4095 515 4156 ἐκεῖνος
551 4089 874 4144 ἐπίσταται.
909 4104 929 4138 ι

186 4184 268 4238 28.
305 4203 324 4236 ι
352 4184 524 4252 Λέγει
556 4182 702 4252 αὐτῇ
732 4181 761 4232 6
785 4176 1014 4250 Ἰησοῦς·
1038 4174 1184 4246 Ἐγώ
1207 4175 1322 4246 εἰμι
1340 4172 1372 4226 6
1399 4170 1577 4226 λαλῶν
1599 4180 1702 4222 σοι·

130 4290 209 4343 καὶ
233 4291 320 4345 ἐπὶ
353 4289 522 4345 τοῦτο
558 4285 728 4361 ἦλθον
756 4287 805 4339 oi
841 4285 1080 4358 μαθηταὶ
1112 4280 1310 4347 αὐτοῦ,
1343 4279 1438 4335 καὶ
1468 4275 1709 4346 ἐθαύμα-

132 4393 225 4461 ζον,
252 4397 330 4450 ὅτι
361 4397 508 4468 μετὰ
542 4393 812 4464 γυναικὸς
838 4392 1048 4446 ἐλάλει⁸
1078 4389 1251 4452 οὐδεὶς
1276 4385 1524 4459 μέντοιγε
1553 4375 1706 4434 εἴπεο

1795 1977 2018 2047 Aquilas
2043 1992 2190 2042 vero,
2225 1974 2448 2030 Unctus.

1865 2244 1957 2299 27.
1989 2243 2312 2299 Intuendum
2341 2253 2397 2299 et
2423 2243 2552 2298 illud
2583 2258 2599 2300 :
2637 2258 2656 2296 ι
2689 2240 2824 2298 Cum
2873 2239 3088 2296 venerit
3136 2237 3251 2303 ille,
3280 2251 3376 2292 an-

1795 2335 2066 2390 nuntiabit
2101 2335 2256 2390 nobis
2289 2335 2472 2390 omnia
2506 2335 2573 2399 ⁷³,
2610 2353 2629 2383 ι
2666 2343 2850 2387 utrum
2882 2347 2950 2386 ex
2990 2329 3281 2385 traditione
3315 2328 3371 2383 id

1797 2425 1998 2480 dixerit
2048 2423 2357 2489 Samaritis,
2406 2439 2475 2477 an
2504 2439 2571 2478 ex
2629 2423 2766 2492 lege.
2801 2420 2912 2476 Nec
2948 2435 3079 2475 sane
3108 2418 3371 2490 ignoran-

1797 2518 1922 2572 dum
1953 2525 2059 2582 est,
2089 2525 2148 2571 ut
2169 2515 2327 2571 Josus
2370 2516 2612 2585 seipsum
2643 2529 2750 2568 non
2799 2513 2973 2567 soluat
3005 2527 3128 2567 esse
3176 2526 3242 2564 ex
3273 2508 3375 2564 Ju-

1797 2608 1926 2662 dacis
1961 2607 2208 2662 Messiam
2241 2607 2481 2673 dicebat,
2511 2606 2604 2662 sed
2630 2607 2793 2660 etiam
2820 2604 3253 2669 demonstrabat;
3289 2603 3371 2658 sic

1797 2699 2106 2780 Dositheum
2142 2699 2306 2753 etiam
2335 2698 2624 2768 quemdam
2661 2697 2942 2752 exstitisse
2971 2711 3039 2750 ex
3065 2694 3371 2750 Samarita-

1796 2787 1903 2850 nis,
1935 2788 2025 2855 qui
2060 2787 2301 2855 seipsum
2354 2786 2562 2840 diceret
2619 2784 2867 2840 Messiam
2911 2786 3374 2854 prophetatum,a

1796 2889 2093 2945 quousque
2151 2891 2294 2930 nunc
2347 2875 2647 2929 Dositheini
2701 2883 2850 2940 sunt,
2914 2873 3081 2928 libros
3127 2872 3373 2928 Dosithei

1796 2967 2260 3029 circumferentes,
2293 2975 2346 3020 et
2379 2965 2587 3020 fabulas
2616 2965 2879 3032 quasdam
2934 2973 3257 3018 enarrantes
3306 2963 3374 3016 de

1795 3073 1880 3124 eo,
1909 3057 2136 3128 perinde
2185 3057 2340 3126 quasi
2375 3057 2462 3111 ille
2491 3071 2597 3110 non
2629 3055 2874 3124 perierit,
2935 3056 3030 3109 sed
3084 3053 3280 3108 alicubi
3317 3053 3373 3109 in

1798 3150 1900 3204 liae
1927 3149 2039 3203 vita
2076 3149 2255 3220 degat.
2317 3148 2380 3202 Et
2416 3150 2529 3202 litae
2561 3149 2803 3217 quidem,
2843 3146 2987 3217 quod
3021 3145 3087 3201 ad
3121 3146 3376 3202 lectionis

1799 3240 1995 3295 seriem
2043 3240 2262 3293 attinet.
2305 3237 2444 3304 Quin
2507 3237 2674 3292 etiam
2719 3237 2950 3292 diversae
2995 3245 3157 3294 secta
3181 3235 3377 3291 mulier

1798 3332 1940 3403 apud
1996 3331 2199 3386 fontem
2237 3329 2426 3395 Jacob,
2455 3344 2615 3399 quem
2665 3338 2883 3397 puteum
2932 3329 3180 3403 putabat,
3212 3342 3374 3396 quem

1802 3399 1981 3481 mente
2008 3424 2316 3494 suspicatur
2347 3437 2466 3477 esse
2525 3421 2908 3492 perfectiorem
2934 3399 3240 3491 Λόγονίῇύ
3293 3426 3378 3474 est

1805 3537 1826 3574 ι
1869 3519 2210 3582 Sermonem,
2246 3514 2294 3588 ι]
2335 3517 2478 3571 hunc
2507 3514 2786 3570 Christum
2823 3515 3114 3569 nominans
3143 3513 3322 3582 inquit
3357 3527 3373 3565 :

1805 3630 1824 3665 ι
1861 3611 1995 3666 Cum
2044 3611 2255 3666 venerit
2321 3609 2430 3676 ille,
2497 3607 2846 3663 annuntiabit
2900 3608 3056 3662 nobis
3099 3607 3312 3666 omnia;
3351 3622 3372 3657 ι

1801 3718 2041 3771 prtesens
2067 3711 2248 3756 autem
2277 3714 2402 3755 curn
2438 3708 2584 3753 esset
2617 3697 2706 3751 ille
2740 3697 2832 3766 qui
2877 3706 2932 3751 et
2960 3697 3379 3765 exspectabatur

1798 3805 1850 3848 et
1879 3791 2196 3862 sperabatur
2224 3808 2238 3844 :
2279 3808 2298 3841 ι
2329 3788 2438 3858 Ego
2489 3802 2628 3852 sum,
2661 3787 2754 3854 qui
2787 3796 2961 3840 tecum
2993 3786 3201 3854 loquor,
3233 3802 3253 3834 ι
3292 3783 3379 3837 in-

1799 3884 1915 3955 quit
1937 3885 2000 3936 “.
2029 3883 2134 3938 Sed
2162 3881 2282 3936 vide
2305 3881 2434 3949 quid
2461 3879 2756 3934 Heracleon
2783 3879 2958 3942 dicat;
2987 3876 3330 3947 inquitenim
3357 3892 3372 3927 :

1803 3992 1822 4026 ι
1879 3972 2225 4041 Exspectabat
2277 3970 2517 4024 Ecclesia
2576 3968 2894 4036 Christum,
2943 3979 2998 4023 et
3056 3981 3374 4037 persuasum

1801 4066 2034 4121 habebat
2071 4063 2243 4118 solum
2277 4062 2427 4116 illum
2455 4063 2635 4117 omnia
2666 4075 2843 4116 nosse.
2883 4079 2902 4112 ι

1868 4155 1958 4209 28.
1985 4173 2004 4207 ι
2031 4155 2172 4210 Dicit
2204 4155 2276 4209 illi
2310 4154 2509 4209 Jesus:
2540 4153 2652 4222 Ego
2673 4167 2790 4206 smn
2814 4151 2906 4222 qui
2939 4150 3130 4220 loquor
3161 4157 3371 4209 tecum.

1801 4246 1869 4302 Et
1897 4233 2110 4302 interim
2146 4255 2412 4300 venerunt
2455 4242 2704 4311 discipuli
2738 4242 2878 4311 ejus,
2922 4242 3372 4309 mirabanturque

1800 4338 1943 4407 quod
1977 4353 2096 4392 cum
2133 4336 2358 4390 muliere
2395 4336 2746 4403 loqueretur;
2787 4347 2948 4386 nemo
2976 4342 3156 4386 tamen
3182 4331 3321 4385 dixit
3353 4346 3369 4384 :

1803 4429 1942 4497 Quid
1962 4429 2185 4497 quteris,
2214 4439 2308 4482 aut
2341 4442 2438 4481 cur
2455 4426 2697 4494 loqueris
2717 4439 2838 4478 cum
2863 4437 2925 4477 ea
2945 4423 3029 4477 '5?
3053 4441 3071 4475 ι
3100 4423 3380 4491 lnquirere

130 4500 184 4552 Τί
211 4499 420 4572 ζητεῖς,
467 4501 504 4571 ἢ
552 4498 609 4552 τί
652 4496 834 4560 λαλεῖς
877 4493 993 4567 μετ’
1037 4491 1242 4563 αὐτῆς
1297 4507 1316 4541 ι
1363 4484 1632 4557 Ζητητέον
1659 4481 1704 4536 ει

1806 4521 2065 4576 debemus
2114 4519 2287 4575 sicubi
2327 4520 2576 4575 Christus
2617 4517 3078 4588 evangelizaverit
3110 4517 3373 4585 seipsum,

132 4621 217 4656 mu
246 4607 273 4659 6
297 4606 546 4678 Χριστὸς
581 4603 778 4658 ἐαυτὸν
820 4597 1240 4672 εὐηγγελίσατο,
1267 4594 1362 4649 καὶ
1392 4587 1710 4661 συγκριτέον

1806 4614 2033 4682 locaque
2058 4613 2200 4667 inter
2237 4628 2295 4667 se
2339 4615 2612 4678 conferre,
2670 4613 2835 4668 veluti
2867 4629 2880 4665 :
2919 4629 2938 4665 ι
2967 4610 3080 4679 Ego
3106 4623 3245 4672 sum,
3285 4606 3378 4675 qui

129 4710 278 4765 ταῦτα
302 4713 590 4785 ἀλλήλοις,
618 4709 829 4776 ὥσπερ
854 4725 872 4758 ι
903 4704 1049 4774 Ἐγώ
1071 4705 1185 4774 εἰμι
1208 4703 1236 4755 6
1265 4693 1558 4771 μαρτυρῶν
1585 4689 1704 4761 περ)

1805 4700 1870 4755 de
1907 4700 2114 4768 meipso
2175 4701 2542 4755 testimonium
2597 4700 2736 4767 fero,
2783 4710 2836 4756 et
2893 4708 3125 4755 testatur
3166 4697 3235 4750 de
3269 4710 3374 4757 me,

128 4813 358 4885 ἐμαυτοῦ,
393 4816 493 4870 καὶ
534 4813 808 4885 μαρτυρεῖ
838 4808 968 4880 περὶ
993 4805 1127 4878 ἐμοῦ
1161 4806 1190 4859 6
1222 4802 1444 4875 πέμψας
1481 4819 1548 4873 με
1583 4801 1700 4853 Πα-

125 4909 228 4980 τήρο
251 4929 268 4960 ι
307 4909 401 4962 καὶ
434 4909 496 4961 ἐν
519 4905 622 4975 τῷο
656 4923 676 4955 ι
701 4904 765 4956 Εἰ
791 4899 1101 4954 ἐπιστεύετε
1117 4898 1360 4961 Μωῦσεί,
1384 4892 1700 4948 ἐπιστεύετε

127 4993 180 5047 iw
207 4997 337 5068 ἐμοί·
368 4996 505 5068 περὶ
550 4995 663 5066 γὰρ
695 4991 831 5064 ἐμοῦ
853 4992 1061 5054 ἐκεῖνος
1091 4987 1318 5061 ἔγραψε·
1365 5004 1385 5038 ι
1441 4985 1538 5038 καὶ
1565 4983 1622 5036 εἰ
1645 4999 1700 5036 τι

183 5131 389 5189 "Joan.
421 5151 477 5201 ν,
508 5133 608 5188 46.
710 5133 758 5165 ⁷³
780 5131 937 5188 Joan.
972 5147 1046 5198 tv,
1083 5131 1175 5189 25.
1278 5129 1326 5163 ⁷⁸
1348 5130 1480 5186 ibid.
1503 5128 1594 5184 26.

186 5263 286 5332 (799)
312 5263 505 5318 Codex
541 5261 774 5332 Regius,
798 5265 999 5318 αὐτῶν.

186 5331 254 5401 (ι)
299 5331 711 5404 Προφῃτείᾷς.
761 5333 817 5386 ln
873 5335 1113 5404 margine
1162 5349 1368 5392 coatcts
1419 5333 1698 5390 Bodleiani

127 5400 437 5476 admonetur
466 5401 947 5476 forteAIegendunt
961 5400 1293 5476 παρουσίας.

129 5472 250 5603 mg)
283 5472 556 5553 Χριστὸς
580 5468 761 5554 aly-dt.
802 5471 859 5526 In
885 5468 1120 5530 editione
1155 5468 1333 5556 Httetii
1379 5475 1531 5528 deest
1566 5474 1702 5545 Xpt-

239 5582 252 5603 ,
281 5546 376 5598 sed
416 5552 742 5598 resutuuur
772 5557 805 5596 e
847 5544 1005 5598 codd.
1057 5545 1352 5601 Bodleiano
1402 5552 1457 5599 et
1497 5543 1701 5597 Barbe-

155 5543 252 5618 τός,
281 5546 376 5598 sed
416 5543 742 5598 reatituitur
772 5557 805 5596 e
847 5544 1005 5598 codd.
1057 5545 1352 5601 Bodleiano
1402 5552 1457 5599 et
1497 5543 1701 5597 Barbe-

130 5624 249 5664 Πιιο.

186 5682 254 5747 (5)
280 5682 597 5749 Δοσίθεος,
623 5690 736 5736 etc.
767 5681 1028 5750 Origenes
1051 5684 1142 5737 lib.
1175 5699 1192 5737 ι
1240 5693 1426 5737 contra
1464 5681 1696 5748 Celsum,

130 5763 257 5819 num.
299 5751 388 5814 57,
421 5764 478 5806 et
540 5755 640 5806 lib.
682 5767 759 5815 νι,
812 5766 966 5805 num.
1013 5753 1119 5819 ll;
1173 5752 1356 5808 Tract.
1418 5768 1566 5806 xxvu
1642 5753 1695 5804 in

132 5815 326 5889 ΙίιιιιΙιἼ
351 5838 478 5891 pag.
515 5823 644 5889 851,
689 5831 747 5877 et
775 5821 961 5878 bomil.
989 5822 1059 5878 25
1098 5815 1152 5878 in
1186 5822 1341 5891 Lua,
1396 5839 1517 5894 pag.
1556 5821 1692 5894 962;

710 5133 758 5165 ⁷³
780 5131 937 5188 Joan.
972 5147 1046 5198 tv,
1083 5131 1175 5189 25.

1701 5127 1748 5160 '"’
1778 5127 1908 5184 ibid.
1951 5125 2043 5191 26,
2077 5125 2169 5179 27.
2246 5124 2293 5156 "
2313 5122 2467 5178 Joan.
2502 5137 2551 5187 ν,
2586 5122 2672 5187 5i,
2707 5119 2795 5174 57.

1802 4791 1894 4861 qui
1926 4790 2077 4845 misit
2110 4806 2218 4859 me,
2265 4792 2430 4848 Pater
2455 4792 2540 4861 7‘;
2579 4811 2598 4845 ι
2633 4801 2688 4847 et
2723 4793 2895 4848 illud:
2938 4810 2957 4843 ι
2995 4789 3050 4845 Si
3082 4786 3378 4842 crederetis

1801 4879 1995 4950 Moysi,
2019 4882 2319 4939 crederetis
2345 4884 2506 4939 etiam
2541 4883 2696 4947 mihi,
2749 4882 2814 4934 de
2837 4895 2920 4934 me
2944 4880 3086 4935 enim
3121 4877 3210 4930 ille
3238 4875 3376 4929 scri-

1800 4972 2003 5046 psit",
2034 4991 2055 5028 ι
2087 4985 2144 5032 et
2184 4975 2230 5032 si
2255 4977 2384 5046 quid
2435 4977 2626 5030 horum
2661 4975 2834 5058 _238
2858 4971 3034 5028 simile
3065 4970 3268 5023 dictum
3297 4975 3383 5022 est

2903 5117 2950 5150 "
2984 5115 3115 5172 ibid.
3144 5112 3237 5171 46.

1807 5259 2176 5314 Τυιιιυιιίοηυε
2209 5257 2284 5312 De
2332 5271 2546 5326 prwscr.
2582 5259 2702 5326 adv.
2749 5255 3044 5320 Ιιωνειὶεοεν
3097 5268 3220 5326 ρει).
3269 5255 3378 5326 ιδὶ

1805 5330 2138 5400 Epiphanius
2167 5324 2358 5383 lintres.
2386 5343 2522 5389 xm;
2579 5325 2900 5380 I’hilastrius
2932 5341 3053 5395 cap.
3079 5324 3137 5391 4,
3180 5333 3234 5379 et
3287 5325 3380 5379 alii

1805 5399 2072 5470 plerique.
2097 5399 2360 5470 Hunnus.

1877 5462 2326 5539 (4ῙΔοσιθειντοΙ.
2344 5464 2658 5539 Δοσιθεηνοί
2680 5466 2925 5539 appellati
2938 5475 3035 5539 tur
3050 5466 3117 5518 ab
3143 5462 3383 5539 gena

1803 5534 1896 5592 lib.
1927 5534 1977 5592 νι
1999 5548 2182 5592 contra
2210 5537 2436 5600 Ceisum,
2467 5534 2619 5591 nunt.
2641 5537 2729 5601 11,
2755 5534 2825 5591 et
2869 5536 3172 5590 Dositlteam'
3195 5534 3378 5588 Tract.

1805 5624 1954 5662 xxvn
1978 5610 2034 5661 in
2061 5605 2252 5660 Matth.
2291 5609 2490 5662 Veteris
2539 5608 3028 5675 interpretationis,
3070 5622 3193 5674 pag.
3227 5605 3322 5658 85l
3363 5617 3381 5661 ς

1798 5677 2038 5799 ﬁnalem
2066 5677 2133 5730 ab
2191 5675 2520 5746 Epiphanio,
2551 5677 2893 5734 'l'bcodoreto
2929 5687 2984 5733 et
3027 5679 3378 5731 [latitasccnm

1825 5764 1875 5801 D.

1871 5819 1948 5892 (5)
1985 5817 2218 5890 Γνώμη.
2251 5816 2543 5875 Ferrarius
2570 5818 2786 5891 legebat
2820 5821 2980 5891 γυνή.
