3826 6556
390 432 497 489 ιιτ
1835 420 1901 476 Ol

2142 421 2162 476 5
2494 476 2498 485 λ
3551 412 3653 468 ιιε

393 547 449 600 in
479 543 660 613 aliquo
685 539 994 610 Evangelio.
1035 539 1442 603 Verumtamen,
1496 538 1638 608 quod
1667 539 1733 593 ad.
1767 538 1904 593 lectit

2139 533 2265 597 ὅτοις
2288 532 2666 604 παραπλήσιον
2699 531 2755 584 ἕν
2779 546 2883 583 τινι
2907 528 3014 584 τῶν
3041 527 3390 598 Εὑαχγελίων
3405 524 3650 598 εἴρηται.

396 635 482 689 nis
507 635 704 689 seriem
739 632 952 697 attinet,
989 628 1054 684 ab
1077 629 1195 697 ipso
1226 629 1352 684 hinc
1382 629 1663 694 discimus,
1685 629 1827 698 quod
1857 645 1905 681 ιιι

2140 624 2207 696 ,ὴν
2230 625 2353 678 ὅσον
2393 623 2485 676 ἐπὶ
2529 623 2607 694 τῷ
2643 620 2792 692 ῥητῷ
2839 620 3178 691 μανθάνομεν
3207 619 3303 672 ἀπ’
3334 614 3504 671 αὑτοῦ
3557 617 3651 672 καὶ

397 727 467 781 tis
490 735 544 780 et
573 723 792 778 humilis
818 722 981 776 corde
1011 721 1056 752 ⁷⁸
1081 721 1171 786 sit,
1191 719 1386 774 talibus
1409 719 1474 774 de
1506 720 1672 774 rebus
1699 718 1908 774 dissere]

2137 715 2330 780 τεῦθεν,
2369 716 2450 768 ὅτι
2484 714 2657 786 πρᾶός
2711 715 2827 766 ἐστι
2881 713 2974 766 καὶ⁵
3019 711 3272 775 ταπεινὸς
3306 712 3372 782 τῇ
3425 709 3648 780 καρδίᾳ,

399 831 505 869 non
543 827 807 883 spernens
837 826 961 866 cum
1023 810 1249 864 muliere
1299 824 1490 878 aquam
1525 817 1766 878 gerente,
1807 816 1910 863 ett

2177 806 2538 880 ὑπερηφανῶν
2567 807 2696 878 περὶ
2721 804 3056 878 τηλικούτων
3087 803 3432 874 πραγμάτων
3475 801 3652 856 διαλέ-

398 903 624 958 multam
665 911 1036 972 paupertatem
1063 917 1129 956 ex
1167 901 1301 955 urbe
1332 915 1551 970 egressa
1592 915 1656 955 ac
1685 899 1906 954 laboran

2141 898 2256 952 σθαι
2301 898 2581 969 ὑδροφόρῳ
2611 899 2830 966 γυναικὶ
2860 896 2948 950 διὰ
2979 895 3175 966 πολλὴν
3201 893 3394 947 πενίαν
3431 891 3652 965 ἐξιούσῃ

401 995 453 1048 in
487 994 786 1048 haurienda
815 1009 975 1063 aqua.
1013 995 1091 1048 Ac
1120 992 1364 1063 profecto
1418 992 1686 1046 mirantur
1715 991 1912 1059 discipu

2138 1006 2165 1052 ς
2193 989 2396 1052 πόλεως
2426 988 2524 1058 (7),
2568 988 2661 1041 καὶ
2705 986 2985 1059 καμνούσῃ
3031 988 3109 1049 είς
3149 985 3211 1038 τὺ
3261 985 3649 1056 ὑδρεύσασθαι.

399 1089 861 1158 supervenientes,
899 1087 988 1155 qui
1023 1085 1388 1153 prmviderant
1416 1083 1844 1152 magnitudinem
1877 1084 1908 1136 d

2131 1079 2414 1151 ιυμάζουσί
2441 1096 2507 1148 γε
2534 1079 2629 1134 καὶ
2651 1080 2700 1131 oi
2727 1078 2966 1150 μαθηταὶ
2998 1077 3315 1140 ἐπελθόντες
3345 1075 3642 1147 προτεθεω-

401 1177 642 1230 vinitatis
664 1176 716 1229 in
740 1175 879 1245 ipso,
921 1176 1294 1244 miranturque
1328 1172 1600 1241 quomodo
1632 1178 1812 1226 tantus
1841 1187 1906 1227 cn

2142 1169 2296 1232 κότες
2321 1171 2380 1222 τὸ
2409 1168 2636 1240 μέγεθος
2678 1169 2776 1239 τῆς
2804 1169 2862 1221 ἐν
2893 1168 3040 1238 αὑτῷ
3078 1168 3350 1239 θεότητος,
3386 1170 3484 1222 καὶ
3507 1168 3651 1222 θαυ-

399 1267 626 1321 muliere
660 1266 1009 1335 loqueretur;
1038 1266 1133 1320 sed
1165 1279 1283 1327 nos,
1312 1263 1584 1333 jactantia
1609 1276 1674 1317 ac
1712 1262 1910 1330 superb

2141 1260 2301 1324 ιζουσι
2357 1259 2478 1312 τίνα
2522 1260 2722 1330 τρόπον
2761 1261 2790 1312 ό
2828 1258 3144 1329 τηλικοῦτος
3200 1259 3340 1330 μετὰ
3391 1259 3652 1328 γυναικὸς

405 1355 570 1420 ducti,
595 1356 870 1424 simplices
919 1355 1266 1425 deSpicimus,
1317 1352 1467 1406 obliti
1495 1351 1623 1405 illud
1653 1351 1908 1419 singulati

2142 1349 2264 1404 ίλει·
2309 1351 2472 1420 ἡμεῖς
2504 1349 2580 1414 δέ,
2611 1349 2716 1402 ὑπὸ
2745 1348 3061 1413 ἀλαζονείας
3092 1351 3186 1404 καὶ
3212 1350 3318 1404 ὑπὸ
3363 1352 3653 1420 ὑπερηφα-

405 1448 471 1501 ad
501 1448 746 1515 quemvis
796 1447 1064 1501 hominem
1116 1444 1428 1513 pertinere:
1463 1460 1484 1493 ι
1525 1441 1816 1497 Faciamus
1872 1444 1916 1498 In

2141 1459 2186 1504 ις
2213 1442 2494 1512 ἀγόμενοι,
2521 1443 2650 1506 τοὺς
2686 1442 3096 1513 εὐτελεστέρους
3121 1441 3528 1514 ὑπερορώμεθά
3568 1460 3652 1505 τε,

401 1537 600 1592 minem
624 1538 692 1590 ad
719 1537 1008 1607 imaginem
1060 1544 1116 1590 et
1136 1530 1550 1589 similitudinem
1585 1543 1826 1586 nostram
1851 1532 1912 1596 ".

2146 1533 2548 1605 ιλανθανόμενοι
2579 1534 2673 1587 τοὺ
2695 1535 2816 1588 καθ’
2846 1535 3074 1589 ἕκαστον
3101 1533 3388 1604 ἄνθρωπον
3408 1529 3550 1588 εἶναι
3571 1535 3652 1588 τό·

398 1637 454 1681 et
481 1628 742 1682 memoria
783 1642 889 1682 non
929 1635 1234 1696 repetentes
1274 1625 1571 1696 [ingentem
1603 1625 1657 1680 in
1711 1634 1888 1690 utero,

2144 1626 2456 1697 Ποιήσωμεν
2484 1625 2766 1698 ἄνθρωπον
2795 1627 2914 1679 κατ’
2954 1626 3137 1679 εἰκόνα
3169 1625 3263 1678 καὶ
3299 1626 3426 1678 καθ’
3459 1627 3655 1695 ὁμοίω-

402 1719 692 1788 lingentem
733 1717 1047 1786 singulatim
1082 1715 1243 1771 corda
1286 1715 1567 1771 hominum
1597 1715 1860 1780 omnium,

2144 1717 2454 1790 ιὴμετέραν
2478 1719 2576 1788 (8),
2611 1738 2630 1769 ι
2665 1719 2760 1771 καὶ
2787 1716 2862 1788 μὴ
2891 1717 3228 1788 μεμνημένοι
3257 1717 3352 1770 τοῦ
3385 1717 3655 1771 πλάσσον-

403 1810 792 1880 intelligentem
825 1809 878 1863 in
909 1809 1091 1862 omnia
1146 1823 1309 1876 opera
1338 1822 1530 1862 eorum
1559 1806 1629 1872 '°,
1669 1821 1775 1860 non
1807 1820 1914 1875 agni

2146 1825 2162 1872 ς
2191 1811 2249 1862 ἐν
2273 1808 2470 1880 κοιλίᾳ,
2498 1810 2590 1863 καὶ
2605 1809 2935 1872 πλάσσοντος
2954 1808 3094 1862 κατά
3117 1809 3282 1880 μόνας
3303 1809 3406 1872 τὰς
3425 1810 3657 1881 καρδίας

403 1874 608 1954 scimus
637 1900 780 1969 quod
831 1899 1164 1968 abjectorum
1186 1874 1277 1950 -ιιι
1329 1897 1676 1966 parvulorum
1715 1874 1858 1951 Deus
1888 1910 1914 1950 e

2145 1915 2288 1951 ιντων
2315 1874 2639 1970 ἀνθρώπων,
2661 1899 2754 1950 καὶ
2786 1897 3055 1961 συνιέντος
3080 1874 3161 1962 είς
3193 1898 3376 1952 πάντα
3399 1898 3472 1952 τὰ
3505 1874 3656 1970 ’ἔργα

402 1992 715 2058 auxiliator,
751 2000 806 2046 et
834 1998 1113 2059 susceptor
1144 1989 1505 2053 inlirmorum,
1529 2001 1852 2043 succurrens
1879 1987 1910 2040 d

2145 1990 2248 2042 τῶν
2284 1991 2345 2042 οὑ
2392 1989 2756 2060 γινώσκομεν,
2802 1990 2886 2042 ὃτι
2924 1988 3194 2042 ταπεινῶν
3237 1991 3386 2043 ἐστιν
3430 1993 3460 2044 ὁ
3501 1990 3656 2055 Θεὸς,

403 2084 774 2151 sperantibus,
801 2091 857 2137 et
885 2097 979 2136 eos
1001 2083 1093 2150 qui
1129 2082 1392 2150 deplorati
1416 2089 1544 2136 sunt
1572 2095 1814 2136 servans.
1853 2079 1914 2134 UI

2143 2084 2165 2135 l.
2191 2083 2487 2136 ἐλαττόνων
2512 2082 2725 2154 βοηθὸς,
2771 2082 2863 2134 καὶ
2887 2081 3229 2155 ἀντιλήπτωρ
3258 2083 3654 2150 ἀσθενούντων,

405 2185 495 2229 tur
515 2184 692 2230 autem
734 2174 836 2229 hac
892 2173 1119 2227 muliere
1167 2172 1332 2227 veluti
1377 2172 1617 2243 apostola
1653 2174 1719 2226 ad
1755 2186 1848 2227 eos
1879 2187 1910 2241 q

2137 2174 2498 2246 ιηλπισμένων
2534 2173 2867 2243 σκεπαστὴς,
2910 2176 3005 2227 καὶ
3052 2175 3498 2246 ἀπεγνωσμένων
3543 2177 3648 2229 ἃν-

403 2274 562 2320 erant
598 2265 654 2320 in
685 2267 839 2330 urbe,
877 2265 929 2318 in
964 2273 1168 2318 tantum
1201 2278 1320 2318 eam
1363 2264 1705 2319 sermonibus
1755 2263 1914 2318 inllan

2148 2282 2194 2335 ρ.
2228 2264 2403 2318 Οίονεὶ¹
2429 2264 2487 2318 δὲ
2533 2263 2628 2317 καὶ
2659 2263 2943 2334 ἀποστόλῳ
2973 2264 3110 2336 πρὸς
3153 2266 3279 2329 τοὺς
3317 2267 3375 2319 ἐν
3404 2269 3473 2338 τῇ
3507 2267 3659 2320 πόλει

408 2372 585 2423 mans,
612 2367 670 2410 ut
693 2355 916 2411 dimissa
945 2355 1139 2425 hydria
1165 2369 1260 2409 sua
1289 2353 1483 2409 mulier
1513 2354 1703 2410 abierit
1733 2354 1788 2408 in
1836 2355 1919 2409 civ

2150 2356 2272 2426 ἧται
2293 2359 2359 2426 τῇ
2395 2357 2612 2424 γυναικὶ
2641 2355 2835 2429 ταύτῃ,
2867 2356 2960 2408 ἐπὶ
2987 2355 3239 2410 τοσοῦτον
3263 2355 3473 2427 ἐξάψας
3492 2357 3661 2428 αὑτὴν

391 2456 598 2510 tatem,
627 2446 932 2514 dixeritque
973 2446 1323 2504 hominibus:
1356 2461 1376 2496 ι
1411 2442 1622 2509 Venite,
1675 2445 1850 2500 videte
1882 2447 1902 2501 l

2149 2463 2158 2499 ι
2187 2445 2297 2499 τῶν
2327 2446 2520 2514 λόγων,
2541 2445 2665 2509 ἕως,
2689 2446 2886 2514 ἀφεῖσα
2907 2445 3005 2517 τὴν
3039 2445 3225 2516 ὑδρίαν
3238 2446 3431 2516 αὑτῆς,
3457 2449 3493 2517 ἡ
3523 2447 3660 2516 γυνὴ

409 2537 634 2598 minem,
658 2537 751 2606 qui
784 2537 922 2590 dixit
954 2536 1086 2589 mibi
1115 2535 1294 2590 omnia
1343 2550 1678 2606 quacunque
1709 2536 1810 2592 feci
1849 2553 1863 2590 :
1903 2553 1920 2592 ε

2215 2537 2380 2591 θοῦσα
2405 2539 2487 2601 εἰς
2514 2536 2612 2608 τὴν
2628 2536 2781 2590 πόλιν
2800 2537 2930 2608 εἴπῃ
2947 2539 3058 2600 τοῖς
3081 2536 3408 2608 ἀνθρὼποις’
3430 2557 3449 2589 ι
3471 2538 3659 2602 Δεῦτε,
3724 2607 3726 2610 ι

410 2629 498 2684 hic
525 2637 608 2684 est
631 2628 718 2682 ille
743 2627 1021 2683 Christus?
1053 2626 1201 2682 Tunc
1229 2643 1298 2683 ex
1333 2628 1466 2683 urbe
1492 2630 1760 2693 exierunt,
1792 2637 1848 2683 et
1877 2645 1921 2682 Vt

2147 2649 2214 2683 :te
2247 2630 2555 2702 ἄνθρωπον,
2594 2630 2650 2693 ὃς
2696 2626 2817 2682 εἶπέ
2845 2647 2935 2701 μοι
2969 2631 3145 2684 πάντα
3168 2631 3269 2684 ὅσα
3299 2630 3538 2702 ἐποίησα
3563 2631 3658 2702 (9)·

411 2729 606 2776 nerunt
639 2722 706 2774 ad
745 2719 918 2789 ipsum
951 2719 1028 2782 αις
1080 2737 1100 2770 ι
1132 2729 1294 2789 atque
1343 2721 1620 2775 mulierem
1675 2723 1816 2775 hanc
1863 2737 1922 2776 nc

2155 2741 2206 2776 τι
2238 2716 2393 2786 οὗτός
2426 2725 2573 2776 ἐστιν
2610 2723 2638 2774 ό
2670 2723 2935 2794 Χριστός;
2984 2741 3002 2774 ι
3028 2720 3157 2777 Ὅτε
3186 2721 3294 2793 (10)
3330 2722 3557 2794 ἐξῆλθον
3598 2723 3664 2776 ἐκ

410 2810 759 2879 posthabens,
813 2810 1158 2880 apertissime
1209 2814 1446 2880 seipsum
1497 2811 1734 2866 ostendit
1781 2809 1921 2866 εει-ιιι

2152 2830 2172 2876 ς
2205 2812 2432 2876 πόλεως,
2459 2813 2554 2866 καὶ¹
2587 2812 2818 2884 ἤρχοντο
2864 2812 2999 2884 πρὸς
3036 2811 3215 2877 αὑτὸν,
3248 2812 3344 2865 καὶ
3368 2815 3434 2883 τῇ
3481 2813 3663 2884 τοιᾷδε

409 2899 504 2954 Dei
537 2900 725 2965 Filius,
763 2904 900 2956 adeo
931 2910 990 2957 ut
1022 2917 1144 2956 cum
1174 2902 1450 2957 venissent
1490 2901 1748 2969 apostoli,
1802 2917 1920 2955 nnr:

2151 2919 2175 2957 ν
2201 2904 2273 2974 μὴ
2309 2903 2547 2974 ὑστερῶν
2573 2903 2692 2957 τότε
2734 2903 3046 2972 σαφέστατα
3072 2903 3360 2976 ἐμφανίζει
3387 2904 3504 2976 (Η)
3535 2905 3662 2958 ἐαυ-

411 2999 600 3045 rentur
642 2991 686 3046 si
733 3006 856 3046 cum
908 2992 1008 3046 hac
1051 2992 1289 3058 feiiiella,
1349 3002 1405 3047 et
1435 3007 1556 3062 qua:
1587 2991 1748 3048 facile
1796 2993 1922 3058 deci

2155 2996 2223 3048 ιό
2260 2995 2452 3068 Λόγος,
2485 2994 2563 3057 ὡς
2615 2993 2866 3058 ἐλθόντας
2911 2996 3037 3059 τοὺς
3078 2995 3325 3066 μαθητὰς
3363 2995 3666 3067 θαυμάζειν

408 3092 612 3154 posset,
663 3075 1244 3157 dignaretur'colloqui
1296 3085 1490 3141 Sermo
1521 3085 1692 3140 Filius
1730 3085 1844 3144 Dei.
1875 3086 1915 3138 Α

2177 3090 2272 3142 καὶ
2302 3087 2442 3158 αὕτη
2489 3087 2716 3158 ἠξίωται
2762 3090 2928 3162 θῆλύς
2968 3108 3048 3154 τις
3091 3090 3504 3162 εὐεξαπάτητος
3531 3088 3665 3145 οὖσα

417 3187 596 3230 tamen
627 3178 807 3230 omnia
834 3177 1092 3245 praeclare
1121 3177 1238 3231 ﬁeri
1264 3193 1292 3230 a
1325 3177 1587 3232 Sermone
1613 3176 1856 3245 persuasi
1893 3176 1924 3230 d

2154 3182 2260 3252 χεῖν
2278 3181 2389 3252 (12)
2417 3181 2518 3251 τῆς
2542 3181 2756 3252 ὁμιλίας
2786 3183 2922 3255 πρὸς
2953 3183 3122 3254 αὑτὴν
3146 3182 3241 3236 τοῦ
3285 3184 3488 3250 Λόγου.
3519 3183 3665 3253 Πλὴν

412 3267 632 3336 scipuli,
661 3283 766 3322 non
797 3269 1078 3337 increpant
1105 3267 1291 3323 Jesum
1314 3306 1330 3331 ,
1378 3280 1479 3321 nec
1504 3268 1750 3322 dubitant
1775 3267 1841 3323 de
1869 3268 1920 3322 di

2155 3271 2390 3340 ιθόμενοι
2433 3271 2616 3334 καλῶς
2649 3271 2754 3325 ὑπὸ
2780 3273 2873 3325 τοῦ
2907 3273 3079 3340 Λόγου
3111 3272 3289 3327 πάντα
3337 3272 3587 3340 γίνεσθαι
3616 3274 3665 3326 οί

417 3360 698 3426 putatione
728 3362 843 3429 ejus
871 3375 994 3414 cum
1021 3359 1368 3422 Samaritide,
1396 3357 1479 3411 vel
1512 3359 1577 3412 de
1637 3358 1927 3414 Samaritid

2155 3361 2321 3432 ιθηταὶ⁸
2357 3362 2458 3415 οὑκ
2496 3362 2939 3435 ἐπιπλήττουσιν,
2985 3364 3106 3417 οὑδὲ
3151 3364 3494 3436 ἐπαποροῦσι
3537 3367 3666 3437 περὶ

415 3448 775 3507 collocutione
804 3466 926 3506 cum
951 3451 1078 3506 Iesu
1117 3473 1129 3507 :
1157 3451 1407 3506 fortassis
1445 3465 1578 3506 vero
1599 3452 1762 3506 etiam
1789 3453 1926 3508 obsti

2156 3470 2176 3516 ς
2195 3453 2332 3524 πρὸς
2356 3452 2455 3524 τὴν
2475 3453 2807 3526 Σαμαρεῖτιν
2839 3455 3135 3527 ζητήσεως,
3164 3455 3260 3509 καὶ
3288 3455 3389 3526 τῆς
3410 3455 3552 3526 πρὸς
3573 3457 3667 3510 αύ-

414 3552 646 3612 puerant
673 3542 740 3597 de
760 3543 926 3596 multa
950 3543 1192 3597 bonitate
1217 3541 1338 3596 Filii
1367 3541 1462 3596 Dei
1492 3541 1925 3596 condescendent

2158 3557 2176 3593 ν
2211 3542 2565 3609 κοινολογίας⁹
2619 3542 2762 3614 τάχα
2809 3543 2865 3597 δὲ
2921 3545 3016 3599 καὶ
3061 3545 3518 3616 καταπεπλήγασι
3567 3548 3669 3618 τὴν

417 3629 613 3684 anima:
641 3632 916 3700 spernenti
950 3631 1103 3695 Sion,
1151 3640 1204 3686 et
1237 3647 1386 3698 spem
1424 3633 1477 3686 in
1514 3643 1751 3686 niontem
1785 3631 1928 3688 Sam:

2157 3632 2282 3704 λλὴν
2311 3635 2653 3706 χρηστότητα
2685 3633 2780 3689 τοῦ
2811 3635 2986 3705 Λόγου
3018 3638 3544 3706 συγκαταϐαίνοντος
3572 3639 3668 3708 ψυ-

416 3718 510 3774 riae
533 3718 791 3786 babenti;
827 3735 987 3788 quam
1016 3721 1084 3776 ob
1116 3735 1336 3776 causam
1362 3722 1620 3789 scriptum
1665 3731 1750 3775 est
1782 3736 1797 3774 :
1832 3739 1851 3773 ι
1883 3721 1927 3774 Μ

2185 3723 2540 3798 ἐξουθενούσῃ
2575 3727 2736 3793 Σιὼν,
2764 3730 2858 3784 καὶ
2889 3729 3178 3802 πεποιθυίᾳ
3203 3731 3293 3784 ἐπὶ
3323 3731 3384 3784 τὸ
3407 3731 3537 3803 ὅρος
3565 3732 3667 3784 Σα-

417 3810 703 3873 rebantur,
734 3811 875 3878 quod
909 3825 1029 3864 cum
1057 3810 1284 3866 muliere
1307 3809 1622 3880 loqueretur
1649 3809 1716 3861 ³⁸.
1751 3827 1770 3859 ι
1811 3807 1928 3862 Her.

2156 3815 2332 3886 ιρείαςο
2363 3816 2551 3889 διόπερ
2581 3819 2906 3892 γέγραπται·
2949 3839 2968 3871 ι
3018 3820 3377 3892 Ἐθαύμαζον,
3417 3823 3503 3875 ὅτι
3530 3821 3667 3893 μετά

415 3897 568 3954 Cleon
593 3914 721 3954 vero
754 3900 804 3953 in
839 3915 899 3954 ea
934 3900 1092 3953 verba
1129 3918 1142 3954 :
1182 3918 1200 3951 ι
1240 3900 1350 3969 Ego
1386 3912 1530 3962 sum,
1560 3897 1652 3966 qui
1686 3894 1877 3965 loquor
1905 3906 1926 3950 ιη

2155 3908 2336 3971 ναικὸς
2359 3909 2558 3966 ἐλάλει.
2601 3931 2620 3963 ι
2646 3913 2756 3966 Καὶ
2782 3915 2811 3966 ὁ
2856 3913 3167 3984 ’Πρακλέων
3199 3913 3255 3966 δέ
3271 3930 3404 3984 φησι
3429 3915 3569 3985 πρὸς
3586 3914 3665 3967 τόι

415 4006 538 4046 cum
554 3989 619 4057 ⁸³,
641 4007 662 4039 ι
686 3991 878 4060 inquit,
897 3991 1226 4056 Samaritidi,
1247 3989 1502 4059 quoniam
1529 4002 1786 4057 persuasa
1809 3987 1926 4041 [uer

2156 3997 2291 4068 Ἐγώ
2311 4002 2425 4072 ειμι
2446 4002 2474 4054 ὁ
2505 4001 2682 4055 λαλῶν
2713 4020 2818 4067 σοι,
2862 4023 2881 4056 ι
2913 4006 3015 4069 ὅτι,
3049 4005 3205 4075 εῐπερ
3227 4004 3340 4072 (-13)
3374 4007 3667 4059 ἐπέπειστο

413 4078 707 4144 Christum,
733 4096 855 4136 cum
891 4082 1147 4162 venisset,
1179 4082 1365 4136 omnia
1403 4080 1481 4136 illi
1506 4079 1924 4133 annuntiaturuu

2155 4089 2477 4162 Σαμαρεῖτις
2509 4093 2749 4164 περὶτοῦ
2767 4093 3025 4165 Χριστοῦ,
3051 4094 3128 4158 ὡς
3154 4095 3261 4166 ἄρα
3288 4095 3461 4148 ἐλθὼν
3490 4097 3666 4149 πάντα

417 4171 600 4225 dicere
621 4170 805 4226 Iesum
825 4173 938 4226 haec
961 4172 1120 4227 verba
1150 4189 1164 4225 :
1191 4191 1210 4224 ι
1244 4173 1394 4228 Scito
1421 4172 1569 4224 illum
1608 4186 1766 4240 quem
1809 4180 1864 4224 tu
1889 4185 1928 4224 et

2154 4180 2382 4248 ;αγγελεί
2425 4183 2584 4254 αὑτῇ,
2620 4183 2770 4255 φησί·
2824 4184 3064 4238 Γίνωσκε
3099 4185 3232 4256 (14),
3263 4188 3346 4239 ὅτι
3377 4189 3586 4250 ἐκεῖνος
3607 4187 3665 4238 ὃν

416 4270 651 4330 spectas,
675 4263 752 4334 (6)
797 4260 908 4332 [me
929 4278 1072 4331 esse,
1107 4265 1198 4333 qui
1224 4274 1404 4320 tecum
1443 4264 1666 4332 loquor;
1699 4282 1718 4314 ι
1747 4272 1802 4318 et
1859 4277 1924 4317 cu

2154 4268 2407 4341 ιοσδοκᾷς,
2430 4270 2540 4339 ἐγώ
2571 4272 2682 4342 εἰμι
2705 4274 2733 4325 ό
2763 4272 2939 4326 λαλῶν
2979 4289 3080 4325 σοι·
3115 4273 3208 4326 καὶ
3233 4274 3360 4326 ὅταν
3384 4273 3665 4343 ὡμολόγη-

420 4355 656 4421 seipsnm
692 4369 812 4408 eum
848 4368 969 4409 esse
988 4355 1079 4424 qui
1112 4365 1370 4411 venturus
1390 4365 1819 4425 exspectaretur,
1852 4367 1931 4408 eo:

2153 4381 2177 4415 ν
2201 4362 2387 4415 ἑαυτὸν
2403 4363 2492 4417 τὸν
2521 4363 2968 4435 προσδοκώμενον
2999 4363 3334 4435 ἐληλυθέναι,
3354 4383 3373 4416 ι
3395 4360 3620 4426 Ἷιλθον,
3643 4382 3661 4414 ι

420 4443 598 4498 fessus
619 4444 810 4516 esset.)
832 4446 1007 4512 inquit
1029 4449 1190 4521 etiam
1215 4446 1538 4510 Heracleon,
1576 4463 1595 4497 ι
1621 4443 1931 4499 Venerunt:

2153 4455 2269 4522 ισὶν,
2306 4472 2324 4504 ι
2355 4455 2402 4506 οί
2435 4454 2672 4526 μαθηταὶ
2695 4456 2831 4525 πρὸς
2860 4457 3040 4521 αὑτὸν,
3085 4457 3151 4510 δι’
3185 4455 3277 4519 οὓς
3307 4456 3564 4528 ἐληλύθει
3589 4458 3664 4519 εἰς

418 4548 546 4586 eum
604 4534 846 4602 discipuli
888 4536 1048 4606 239
1077 4544 1304 4606 quorum
1333 4552 1499 4592 causa
1531 4545 1756 4592 venerat
1803 4535 1857 4588 in
1884 4533 1929 4589 S:

2154 4562 2182 4596 ν
2210 4543 2544 4615 Σαμάρειαν.
2589 4564 2608 4596 ι
2643 4545 2765 4608 Πῶς
2792 4545 2848 4599 δὲ
2878 4545 2964 4599 διὰ
2992 4546 3116 4608 τοὺς
3147 4545 3394 4617 μαθητὰς
3423 4545 3665 4618 ἐληλύθει

423 4626 670 4679 mariam.
701 4645 720 4679 ι
750 4629 817 4680 At
845 4643 1077 4696 quonam
1110 4639 1268 4698 pacto
1296 4630 1678 4700 discipulorum
1727 4643 1892 4684 causa
1925 4629 1934 4682 i

2154 4625 2174 4697 ξ
2197 4634 2295 4704 τὴν
2327 4635 2658 4706 Σαμάρειαν,
2684 4634 2879 4698 οἵτινες
2913 4637 3005 4689 κα)⁵
3055 4633 3316 4708 πρότερον
3351 4635 3505 4706 αύτῷ
3543 4651 3665 4687 συν-

423 4717 726 4773 Samariam
762 4732 1003 4787 venerat,
1035 4723 1126 4791 qui
1162 4737 1284 4777 cum
1320 4723 1409 4776 illo
1438 4723 1591 4791 prius
1622 4720 1882 4774 fuerant?
2091 4722 2261 4793 ἧσαν;

489 4808 579 4865 29.
616 4827 635 4862 ι
670 4810 909 4881 Reliquit
938 4813 1100 4882 igitur
1129 4812 1326 4868 mulier
1365 4813 1608 4883 hydriam
1629 4827 1804 4876 suam,
1828 4822 1884 4868 et
1911 4813 1983 4867 ci-

2156 4815 2242 4871 29.
2285 4835 2304 4869 ι
2327 4817 2561 4889 Ἀφῆκεν
2589 4811 2681 4871 οὖν
2719 4817 2820 4888 τὴν
2852 4816 3038 4889 ὑδρίαν
3081 4817 3253 4887 αὑτῆς
3297 4819 3331 4887 ὴ
3365 4818 3529 4888 γυνὴ,
3578 4816 3667 4870 καὶ

525 4973 570 5004 τε
598 4972 788 5047 Matth.
843 4989 918 5040 xi,
949 4973 1038 5028 29.
1111 4975 1156 5006 ⁷³
1187 4973 1321 5029 Gcn.
1359 4991 1399 5040 ι,
1427 4975 1518 5030 26.
1610 4975 1656 5007 ⁸⁸
1691 4974 1831 5030 Psal-
1869 4989 2036 5040 XXIII.

2153 5016 2164 5030 .
2192 5035 2200 5044 ,
2243 4975 2286 5007 ⁸⁸
2319 4973 2474 5030 Joan.
2513 4989 2586 5039 tv,
2618 4974 2708 5037 ‘29,
2739 4973 2826 5028 50.
2905 4973 2952 5005 ⁸⁸
2985 4973 3116 5028 ibid.
3145 4971 3236 5026 27.
3337 4971 3386 5004 ⁸³
3414 4973 3545 5026 ibid.
3577 4970 3664 5024 26.

595 5116 718 5193 ἰξίςο
741 5132 771 5172 e
796 5117 1494 5193 Perioniosupplevimlts.__
1532 5187 1544 5193 _
1787 5189 1818 5193 _
1903 5190 1912 5193 _
2102 5190 2138 5193 __
2164 5120 2274 5193 (10)
2300 5122 2465 5193 βὈτε.
2496 5119 2551 5173 ln
2578 5119 2821 5193 margine
2851 5118 3057 5193 codicis
3086 5117 3622 5193 Bodleiani_notatur
3648 5132 3661 5166 :

495 5188 573 5258 (_7)
604 5186 719 5254 Τῆς
748 5189 996 5255 πόλεως.
1037 5186 1324 5243 Sic'c'odex
1362 5187 1726 5252 Bodleianus;
1787 5189 1987 5258 Regius
2093 5186 2264 5246 Fo‘rte’
2291 5191 2564 5257 legendum
2593 5186 2736 5258 τότε,
2769 5189 2915 5258 quod
2956 5197 3176 5258 secutus
3209 5195 3294 5240 est
3355 5186 3663 5258 Ferrarius.

426 5271 474 5329 ςι
505 5253 848 5329 Bai-hermus,
876 5253 974 5329 τὴν
1005 5259 1178 5312 πόλιν.
1223 5258 1344 5329 Mox
1377 5259 1533 5329 codd.
1585 5253 1907 5329 Rodleianus

2165 5261 2276 5328 (il)
2305 5253 2400 5326 Μὴ
2451 5253 2729 5329 ὑστερῶν
2763 5253 2896 5329 fore
2927 5256 3293 5329 capi-50mm
3343 5253 3664 5329 ἐμφανίζει.

430 5325 781 5398 B:u:|_ierinu_s,
810 5324 1193 5398 ὑδρεύσασθαι,
1223 5327 1442 5396 Regius,
1469 5328 1746 5398 ὑδρεύσαι.
1845 5397 1852 5398 ί

2158 5324 2361 5383 {codex
2389 5324 2748 5398 Bodleizinus;
2807 5327 3005 5396 Regius
3032 5324 3151 5398 pro
3197 5324 3446 5396 ὑστερῶν
3513 5327 3669 5378 habet

499 5393 574 5464 (8)
605 5396 740 5470 Κατ’
761 5393 971 5470 ἐἰκόνα
1015 5398 1113 5451 καὶ
1155 5393 1326 5470 gaza“
1346 5393 1626 5470 ὀμοίῳὸνιν
1679 5397 1989 5470 ἡμετέραν.
2096 5402 2340 5469 ὕστερον,
2372 5409 2422 5452 et
2447 5397 2719 5470 ἐμφανίζῃ
2746 5411 2842 5464 pro
2873 5393 3180 5470 ξμφανίζει.

431 5462 713 5539 Sitieodex
760 5467 1121 5539 Bodleianns;
1155 5462 1446 5539 Rgag_ius_'et
1478 5462 1823 5539 Barberinus,
1850 5462 1940 5539 ’κα

2170 5462 2279 5539 (l2)
2325 5462 2788 5539 Εὑεξάὶτὰτηὲός
2828 5462 2991 5539 paea
3054 5465 3283 5539 τυχεῖν.
3351 5463 3445 5518 Sic
3504 5462 3665 5539 codex

429 5534 613 5607 εἰκόνα
646 5536 940 5606 ἡμετέραν,
973 5537 1066 5590 καὶ
1093 5535 1214 5607 καθ’
1239 5530 1507 5606 ’ὁμοίωσιν
1540 5530 1831 5607 ἡμετέραν.
1869 5537 1940 5607 Mo

2154 5530 2475 5603 )dle'ianus,
2522 5530 2774 5607 optimep
2815 5537 3056 5605 Regius,
3115 5530 3460 5605 ἐξαπάτητος
3529 5530 3665 5586 οὖσα

431 5605 1063 5678 iidemrcnilieesltabent
1106 5606 1188 5678 his
1243 5605 1590 5672 ﬁliam/tog,
1619 5605 1725 5676 pro
1769 5622 1874 5675 quo
1933 5606 1942 5659 i

743 5605 1063 5678 ces_lt:ibent
1106 5606 1188 5678 his
1243 5605 1590 5672 ﬁliam/tog,
1619 5605 1725 5676 pro
1769 5622 1874 5675 quo
1933 5606 1989 5659 in
2095 5609 2254 5678 τύχῃ.

430 5673 504 5725 Bo
527 5675 720 5746 lleinno
756 5675 948 5746 legitur
975 5675 1054 5727 his
1089 5674 1438 5746 πλάσσοντος.
1580 5745 1586 5746 γ
1620 5673 1636 5676 ”
1785 5673 1822 5746 ’ί
1913 5744 1921 5746 4

1913 5744 1921 5746 Α
2165 5673 2283 5745 ’(1⁷5)
2312 5678 2513 5744 Εἴπερ.
2543 5674 2766 5746 Videtur
2799 5674 3078 5746 legendum
3115 5674 3362 5746 ἐπείπερ.

503 5744 578 5807 (9)
612 5745 765 5796 Ὅσα
788 5743 1066 5807 ἐποίησα.
1101 5745 1172 5796 Ita
1207 5747 1374 5800 codex
1412 5745 1762 5810 Bodlciunus;
1799 5744 1995 5814 Regius

515 5812 857 5866 Barbcrinus.
883 5811 920 5865 ἃ
949 5812 1196 5866 ἐποίησα.

1940 5760 1995 5799 us
2173 5743 2284 5819 (lli)
2311 5743 2600 5803 Γίνώσκε.
2635 5745 2792 5800 Deest
2818 5747 2868 5798 in
2912 5744 3207 5801 Bodleiano
3239 5743 3451 5799 codice.

438 5824 488 5865 et
515 5824 857 5874 uarum-inus,
883 5824 920 5865 α
949 5824 1196 5868 ἐποίησα.
