  <div class='ocr_page' id='page_1' title='image "/cluster/home/n/w/nwhite01/storage/ocr_20150623/14/hvd.32044024333478/232.png"; bbox 0 0 3806 6542; ppageno 0'>
   <div class='ocr_carea' id='block_1_1' title="bbox 107 439 202 495">
    <p class='ocr_par' dir='ltr' id='par_1_1' title="bbox 107 439 202 495">
     <span class='ocr_line' id='line_1_1' title="bbox 107 439 202 495; baseline -0.021 0"><span class='ocrx_word' id='word_1_1' title='bbox 107 439 202 495; x_wconf 61' lang='lat'><strong>4.59</strong></span> 
     </span>
    </p>
   </div>
   <div class='ocr_carea' id='block_1_2' title="bbox 1167 428 2299 487">
    <p class='ocr_par' dir='ltr' id='par_1_2' title="bbox 1167 428 2299 487">
     <span class='ocr_line' id='line_1_2' title="bbox 1167 428 2299 487; baseline -0.001 0"><span class='ocrx_word' id='word_1_2' title='bbox 1167 430 1523 487; x_wconf 73' lang='lat' dir='ltr'><strong>COMMENT.</strong></span> <span class='ocrx_word' id='word_1_3' title='bbox 1562 431 1628 485; x_wconf 78' lang='lat' dir='ltr'><strong>IN</strong></span> <span class='ocrx_word' id='word_1_4' title='bbox 1663 429 1853 487; x_wconf 81' lang='lat' dir='ltr'><strong>JOAN.</strong></span> <span class='ocrx_word' id='word_1_5' title='bbox 1891 428 2128 486; x_wconf 73' lang='lat' dir='ltr'><strong>TOMUS</strong></span> <span class='ocrx_word' id='word_1_6' title='bbox 2160 429 2299 486; x_wconf 81' lang='lat' dir='ltr'><strong>XI&quot;.</strong></span> 
     </span>
    </p>
   </div>
   <div class='ocr_carea' id='block_1_3' title="bbox 3255 437 3363 494">
    <p class='ocr_par' dir='ltr' id='par_1_3' title="bbox 3255 437 3363 494">
     <span class='ocr_line' id='line_1_3' title="bbox 3255 437 3363 494; baseline -0.009 -2"><span class='ocrx_word' id='word_1_7' title='bbox 3255 437 3284 492; x_wconf 70' lang='grc'><strong>4</strong></span> <span class='ocrx_word' id='word_1_8' title='bbox 3295 437 3363 494; x_wconf 61' lang='lat' dir='ltr'><strong>Fid</strong></span> 
     </span>
    </p>
   </div>
   <div class='ocr_carea' id='block_1_4' title="bbox 109 532 1689 622">
    <p class='ocr_par' dir='ltr' id='par_1_4' title="bbox 109 532 1689 622">
     <span class='ocr_line' id='line_1_4' title="bbox 109 532 1689 622; baseline -0.006 -18"><span class='ocrx_word' id='word_1_9' title='bbox 109 551 343 622; x_wconf 79' lang='grc' dir='ltr'>ἀπῆλθεν</span> <span class='ocrx_word' id='word_1_10' title='bbox 385 551 469 613; x_wconf 81' lang='grc' dir='ltr'>εἰς</span> <span class='ocrx_word' id='word_1_11' title='bbox 518 547 616 620; x_wconf 75' lang='grc' dir='ltr'>τὴν</span> <span class='ocrx_word' id='word_1_12' title='bbox 647 532 820 604; x_wconf 80' lang='grc' dir='ltr'>πόλιν,</span> <span class='ocrx_word' id='word_1_13' title='bbox 876 546 972 598; x_wconf 71' lang='grc' dir='ltr'>καὶ</span> <span class='ocrx_word' id='word_1_14' title='bbox 1023 543 1170 611; x_wconf 86' lang='grc' dir='ltr'>λέγει</span> <span class='ocrx_word' id='word_1_15' title='bbox 1209 547 1321 607; x_wconf 87' lang='grc' dir='ltr'>τοῖς</span> <span class='ocrx_word' id='word_1_16' title='bbox 1347 543 1653 614; x_wconf 78' lang='grc' dir='ltr'>ἀνθρώποις</span> <span class='ocrx_word' id='word_1_17' title='bbox 1675 559 1689 574; x_wconf 90' lang='grc'><strong>·</strong></span> 
     </span>
    </p>
   </div>
   <div class='ocr_carea' id='block_1_5' title="bbox 1795 532 3363 622">
    <p class='ocr_par' dir='ltr' id='par_1_5' title="bbox 1796 542 3363 612">
     <span class='ocr_line' id='line_1_5' title="bbox 1796 542 3363 612; baseline 0.007 -17"><span class='ocrx_word' id='word_1_18' title='bbox 1796 543 2019 596; x_wconf 77' lang='lat' dir='ltr'><strong>vitalem</strong></span> <span class='ocrx_word' id='word_1_19' title='bbox 2052 543 2205 608; x_wconf 90' lang='lat' dir='ltr'><strong>adiit,</strong></span> <span class='ocrx_word' id='word_1_20' title='bbox 2237 552 2291 596; x_wconf 91' lang='lat' dir='ltr'><strong>ct</strong></span> <span class='ocrx_word' id='word_1_21' title='bbox 2317 542 2631 600; x_wconf 89' lang='lat' dir='ltr'><strong>hominibus</strong></span> <span class='ocrx_word' id='word_1_22' title='bbox 2663 545 2740 600; x_wconf 97' lang='lat' dir='ltr'><strong>ait</strong></span> <span class='ocrx_word' id='word_1_23' title='bbox 2768 565 2781 602; x_wconf 88' lang='lat'><strong><em>:</em></strong></span> <span class='ocrx_word' id='word_1_24' title='bbox 2819 546 3034 612; x_wconf 79' lang='lat' dir='ltr'><strong>Venite,</strong></span> <span class='ocrx_word' id='word_1_25' title='bbox 3073 550 3253 605; x_wconf 88' lang='lat' dir='ltr'><strong>videte</strong></span> <span class='ocrx_word' id='word_1_26' title='bbox 3282 556 3363 605; x_wconf 82' lang='lat' dir='ltr'><strong>vi-</strong></span> 
     </span>
    </p>
   </div>
   <div class='ocr_carea' id='block_1_6' title="bbox 106 632 1692 710">
    <p class='ocr_par' dir='ltr' id='par_1_6' title="bbox 106 632 1692 710">
     <span class='ocr_line' id='line_1_6' title="bbox 106 632 1692 710; baseline -0.008 -13"><span class='ocrx_word' id='word_1_27' title='bbox 106 644 286 706; x_wconf 82' lang='grc' dir='ltr'>Δεῦτε,</span> <span class='ocrx_word' id='word_1_28' title='bbox 322 644 465 698; x_wconf 70' lang='grc' dir='ltr'>ἴδετε</span> <span class='ocrx_word' id='word_1_29' title='bbox 485 640 792 710; x_wconf 79' lang='grc' dir='ltr'>ἄνθρωπον,</span> <span class='ocrx_word' id='word_1_30' title='bbox 827 637 884 698; x_wconf 79' lang='grc' dir='ltr'>ὃς</span> <span class='ocrx_word' id='word_1_31' title='bbox 905 632 1030 688; x_wconf 80' lang='grc' dir='ltr'>εἶπέ</span> <span class='ocrx_word' id='word_1_32' title='bbox 1060 652 1150 706; x_wconf 88' lang='grc' dir='ltr'><strong>μοι</strong></span> <span class='ocrx_word' id='word_1_33' title='bbox 1183 635 1360 688; x_wconf 82' lang='grc' dir='ltr'>πάντα</span> <span class='ocrx_word' id='word_1_34' title='bbox 1383 635 1485 688; x_wconf 80' lang='grc' dir='ltr'>ὅσα</span> <span class='ocrx_word' id='word_1_35' title='bbox 1513 634 1692 706; x_wconf 78' lang='grc' dir='ltr'>ἐποίη·</span> 
     </span>
    </p>
   </div>
   <div class='ocr_carea' id='block_1_7' title="bbox 109 721 1690 805">
    <p class='ocr_par' dir='ltr' id='par_1_7' title="bbox 109 721 1690 805">
     <span class='ocr_line' id='line_1_7' title="bbox 109 721 1690 805; baseline -0.006 -17"><span class='ocrx_word' id='word_1_36' title='bbox 109 753 201 788; x_wconf 85' lang='grc' dir='ltr'>σα·</span> <span class='ocrx_word' id='word_1_37' title='bbox 243 737 377 805; x_wconf 86' lang='grc' dir='ltr'>μήτι</span> <span class='ocrx_word' id='word_1_38' title='bbox 431 722 589 792; x_wconf 78' lang='grc' dir='ltr'>οὗτός</span> <span class='ocrx_word' id='word_1_39' title='bbox 637 730 784 780; x_wconf 75' lang='grc' dir='ltr'>ἐστιν</span> <span class='ocrx_word' id='word_1_40' title='bbox 813 728 841 780; x_wconf 82' lang='grc' dir='ltr'><strong>ό</strong></span> <span class='ocrx_word' id='word_1_41' title='bbox 867 725 1104 796; x_wconf 83' lang='grc' dir='ltr'>Χριστός</span> <span class='ocrx_word' id='word_1_42' title='bbox 1129 742 1143 789; x_wconf 86' lang='grc'><strong>;</strong></span> <span class='ocrx_word' id='word_1_43' title='bbox 1173 744 1189 776; x_wconf 75' lang='grc' dir='ltr'><strong>ι</strong></span> <span class='ocrx_word' id='word_1_44' title='bbox 1225 726 1299 779; x_wconf 87' lang='grc' dir='ltr'>Οὑ</span> <span class='ocrx_word' id='word_1_45' title='bbox 1337 725 1513 796; x_wconf 85' lang='grc' dir='ltr'>μάτην</span> <span class='ocrx_word' id='word_1_46' title='bbox 1538 721 1690 796; x_wconf 72' lang='grc' dir='ltr'>οἶμαι</span> 
     </span>
    </p>
   </div>
   <div class='ocr_carea' id='block_1_8' title="bbox 107 814 1690 894">
    <p class='ocr_par' dir='ltr' id='par_1_8' title="bbox 107 814 1690 894">
     <span class='ocr_line' id='line_1_8' title="bbox 107 814 1690 894; baseline -0.001 -22"><span class='ocrx_word' id='word_1_47' title='bbox 107 821 548 894; x_wconf 74' lang='grc' dir='ltr'>ἀνστεγραφέναι</span> <span class='ocrx_word' id='word_1_48' title='bbox 592 817 687 872; x_wconf 85' lang='grc' dir='ltr'>τὸν</span> <span class='ocrx_word' id='word_1_49' title='bbox 733 815 1122 887; x_wconf 78' lang='grc' dir='ltr'>εὑαγγελιστὴν</span> <span class='ocrx_word' id='word_1_50' title='bbox 1167 816 1262 868; x_wconf 81' lang='grc' dir='ltr'>καὶ</span> <span class='ocrx_word' id='word_1_51' title='bbox 1306 814 1376 868; x_wconf 87' lang='grc' dir='ltr'>τὰ</span> <span class='ocrx_word' id='word_1_52' title='bbox 1426 817 1554 888; x_wconf 78' lang='grc' dir='ltr'>περὶ</span> <span class='ocrx_word' id='word_1_53' title='bbox 1592 817 1690 887; x_wconf 82' lang='grc' dir='ltr'>τῆς</span> 
     </span>
    </p>
   </div>
   <div class='ocr_carea' id='block_1_9' title="bbox 107 908 1690 987">
    <p class='ocr_par' dir='ltr' id='par_1_9' title="bbox 107 908 1690 987">
     <span class='ocr_line' id='line_1_9' title="bbox 107 908 1690 987; baseline -0.006 -16"><span class='ocrx_word' id='word_1_54' title='bbox 107 919 352 987; x_wconf 76' lang='grc' dir='ltr'><strong>ἀφέσεως</strong></span> <span class='ocrx_word' id='word_1_55' title='bbox 377 916 477 986; x_wconf 80' lang='grc' dir='ltr'>τῆς</span> <span class='ocrx_word' id='word_1_56' title='bbox 511 913 719 985; x_wconf 87' lang='grc' dir='ltr'>ὑδρίας,</span> <span class='ocrx_word' id='word_1_57' title='bbox 751 912 942 983; x_wconf 75' lang='grc' dir='ltr'>ἥντινα</span> <span class='ocrx_word' id='word_1_58' title='bbox 976 911 1176 979; x_wconf 80' lang='grc' dir='ltr'>ἀφεῖσα</span> <span class='ocrx_word' id='word_1_59' title='bbox 1209 911 1242 981; x_wconf 82' lang='grc' dir='ltr'><strong>ἡ</strong></span> <span class='ocrx_word' id='word_1_60' title='bbox 1282 908 1418 980; x_wconf 82' lang='grc' dir='ltr'>γυνὴ</span> <span class='ocrx_word' id='word_1_61' title='bbox 1449 908 1690 981; x_wconf 75' lang='grc' dir='ltr'><strong>ἀπῆλθεν</strong></span> 
     </span>
    </p>
   </div>
   <div class='ocr_carea' id='block_1_10' title="bbox 104 1000 1687 1080">
    <p class='ocr_par' dir='ltr' id='par_1_10' title="bbox 104 1000 1687 1080">
     <span class='ocr_line' id='line_1_10' title="bbox 104 1000 1687 1080; baseline -0.006 -17"><span class='ocrx_word' id='word_1_62' title='bbox 104 1013 176 1073; x_wconf 80' lang='grc' dir='ltr'><strong>εἰς</strong></span> <span class='ocrx_word' id='word_1_63' title='bbox 203 1010 305 1080; x_wconf 72' lang='grc' dir='ltr'>τὴν</span> <span class='ocrx_word' id='word_1_64' title='bbox 338 1008 526 1061; x_wconf 58' lang='grc' dir='ltr'>πόλιν</span> <span class='ocrx_word' id='word_1_65' title='bbox 559 1005 700 1060; x_wconf 85' lang='grc' dir='ltr'>κατὰ</span> <span class='ocrx_word' id='word_1_66' title='bbox 736 1006 834 1075; x_wconf 83' lang='grc' dir='ltr'>μὲν</span> <span class='ocrx_word' id='word_1_67' title='bbox 862 1000 955 1056; x_wconf 78' lang='grc' dir='ltr'>οὖν</span> <span class='ocrx_word' id='word_1_68' title='bbox 997 1002 1096 1073; x_wconf 81' lang='grc' dir='ltr'>τὴν</span> <span class='ocrx_word' id='word_1_69' title='bbox 1127 1000 1290 1065; x_wconf 80' lang='grc' dir='ltr'><strong>λέξιν,</strong></span> <span class='ocrx_word' id='word_1_70' title='bbox 1322 1000 1555 1072; x_wconf 82' lang='grc' dir='ltr'>σπουδὴν</span> <span class='ocrx_word' id='word_1_71' title='bbox 1588 1003 1687 1072; x_wconf 85' lang='grc' dir='ltr'>έμ-</span> 
     </span>
    </p>
   </div>
   <div class='ocr_carea' id='block_1_11' title="bbox 105 1092 1689 1172">
    <p class='ocr_par' dir='ltr' id='par_1_11' title="bbox 105 1092 1689 1172">
     <span class='ocr_line' id='line_1_11' title="bbox 105 1092 1689 1172; baseline -0.006 -17"><span class='ocrx_word' id='word_1_72' title='bbox 105 1102 280 1172; x_wconf 74' lang='grc' dir='ltr'>φαίνει</span> <span class='ocrx_word' id='word_1_73' title='bbox 310 1100 533 1155; x_wconf 81' lang='grc' dir='ltr'>πλείονα</span> <span class='ocrx_word' id='word_1_74' title='bbox 567 1099 667 1169; x_wconf 81' lang='grc' dir='ltr'>τῆς</span> <span class='ocrx_word' id='word_1_75' title='bbox 700 1095 1087 1168; x_wconf 79' lang='grc' dir='ltr'><strong>Σαμαρείτιδος</strong></span> <span class='ocrx_word' id='word_1_76' title='bbox 1119 1092 1552 1163; x_wconf 84' lang='grc' dir='ltr'><strong>καταλειπούσης</strong></span> <span class='ocrx_word' id='word_1_77' title='bbox 1590 1093 1689 1164; x_wconf 79' lang='grc' dir='ltr'>τὴν</span> 
     </span>
    </p>
   </div>
   <div class='ocr_carea' id='block_1_12' title="bbox 104 1185 1690 1266">
    <p class='ocr_par' dir='ltr' id='par_1_12' title="bbox 104 1185 1690 1266">
     <span class='ocr_line' id='line_1_12' title="bbox 104 1185 1690 1266; baseline -0.006 -17"><span class='ocrx_word' id='word_1_78' title='bbox 104 1195 312 1266; x_wconf 76' lang='grc' dir='ltr'>ὑδρίαν,</span> <span class='ocrx_word' id='word_1_79' title='bbox 345 1195 444 1248; x_wconf 72' lang='grc' dir='ltr'>καὶ</span> <span class='ocrx_word' id='word_1_80' title='bbox 485 1192 546 1245; x_wconf 85' lang='grc' dir='ltr'><strong>οὑ</strong></span> <span class='ocrx_word' id='word_1_81' title='bbox 577 1191 827 1244; x_wconf 87' lang='grc' dir='ltr'>τοσοῦτον</span> <span class='ocrx_word' id='word_1_82' title='bbox 860 1187 1282 1258; x_wconf 86' lang='grc' dir='ltr'>πεφροντικυίας</span> <span class='ocrx_word' id='word_1_83' title='bbox 1323 1185 1418 1239; x_wconf 88' lang='grc' dir='ltr'><strong>τοῦ</strong></span> <span class='ocrx_word' id='word_1_84' title='bbox 1453 1204 1690 1258; x_wconf 89' lang='grc' dir='ltr'>σωματι-</span> 
     </span>
    </p>
   </div>
   <div class='ocr_carea' id='block_1_13' title="bbox 106 1280 1688 1357">
    <p class='ocr_par' dir='ltr' id='par_1_13' title="bbox 106 1280 1688 1357">
     <span class='ocr_line' id='line_1_13' title="bbox 106 1280 1688 1357; baseline -0.004 -17"><span class='ocrx_word' id='word_1_85' title='bbox 106 1287 194 1341; x_wconf 86' lang='grc' dir='ltr'><strong>κοῦ</strong></span> <span class='ocrx_word' id='word_1_86' title='bbox 229 1286 346 1357; x_wconf 79' lang='grc'><strong>(15)</strong></span> <span class='ocrx_word' id='word_1_87' title='bbox 384 1285 479 1339; x_wconf 76' lang='grc' dir='ltr'><strong>καὶ</strong></span> <span class='ocrx_word' id='word_1_88' title='bbox 509 1285 892 1354; x_wconf 79' lang='grc' dir='ltr'><strong>ταπεινοτέρου</strong></span> <span class='ocrx_word' id='word_1_89' title='bbox 929 1280 1282 1352; x_wconf 83' lang='grc' dir='ltr'>καθήκοντος,</span> <span class='ocrx_word' id='word_1_90' title='bbox 1316 1281 1438 1332; x_wconf 82' lang='grc' dir='ltr'>ὅσον</span> <span class='ocrx_word' id='word_1_91' title='bbox 1457 1280 1558 1351; x_wconf 82' lang='grc' dir='ltr'>τῆς</span> <span class='ocrx_word' id='word_1_92' title='bbox 1579 1281 1688 1334; x_wconf 84' lang='grc' dir='ltr'><strong>τῶν</strong></span> 
     </span>
    </p>
   </div>
   <div class='ocr_carea' id='block_1_14' title="bbox 104 1371 1686 1450">
    <p class='ocr_par' dir='ltr' id='par_1_14' title="bbox 104 1371 1686 1450">
     <span class='ocr_line' id='line_1_14' title="bbox 104 1371 1686 1450; baseline -0.004 -17"><span class='ocrx_word' id='word_1_93' title='bbox 104 1380 314 1434; x_wconf 79' lang='grc' dir='ltr'>πολλῶν</span> <span class='ocrx_word' id='word_1_94' title='bbox 341 1378 614 1450; x_wconf 83' lang='grc' dir='ltr'>ὠφελείας</span> <span class='ocrx_word' id='word_1_95' title='bbox 633 1395 646 1408; x_wconf 77' lang='grc'><strong><em>⁸</em></strong></span> <span class='ocrx_word' id='word_1_96' title='bbox 681 1374 1168 1448; x_wconf 79' lang='grc' dir='ltr'>φιλανθρωπότατα</span> <span class='ocrx_word' id='word_1_97' title='bbox 1205 1373 1314 1443; x_wconf 79' lang='grc' dir='ltr'><strong>γὰρ</strong></span> <span class='ocrx_word' id='word_1_98' title='bbox 1345 1371 1625 1445; x_wconf 78' lang='grc' dir='ltr'>κεκίνηται</span> <span class='ocrx_word' id='word_1_99' title='bbox 1653 1375 1686 1444; x_wconf 80' lang='grc' dir='ltr'><strong>ἡ</strong></span> 
     </span>
    </p>
   </div>
   <div class='ocr_carea' id='block_1_15' title="bbox 107 1465 1689 1544">
    <p class='ocr_par' dir='ltr' id='par_1_15' title="bbox 107 1465 1689 1544">
     <span class='ocr_line' id='line_1_15' title="bbox 107 1465 1689 1544; baseline -0.006 -18"><span class='ocrx_word' id='word_1_100' title='bbox 107 1473 430 1544; x_wconf 71' lang='grc' dir='ltr'>βουληθεῖσα</span> <span class='ocrx_word' id='word_1_101' title='bbox 483 1473 596 1534; x_wconf 86' lang='grc' dir='ltr'>τοῖς</span> <span class='ocrx_word' id='word_1_102' title='bbox 641 1469 887 1532; x_wconf 83' lang='grc' dir='ltr'>πολίταις</span> <span class='ocrx_word' id='word_1_103' title='bbox 921 1465 1372 1536; x_wconf 83' lang='grc' dir='ltr'>εὐαγγελίσασθαι</span> <span class='ocrx_word' id='word_1_104' title='bbox 1432 1465 1523 1518; x_wconf 81' lang='grc' dir='ltr'>τὸν</span> <span class='ocrx_word' id='word_1_105' title='bbox 1555 1467 1689 1536; x_wconf 84' lang='grc' dir='ltr'>Χρι-</span> 
     </span>
    </p>
   </div>
   <div class='ocr_carea' id='block_1_16' title="bbox 107 1556 1688 1635">
    <p class='ocr_par' dir='ltr' id='par_1_16' title="bbox 107 1556 1688 1635">
     <span class='ocr_line' id='line_1_16' title="bbox 107 1556 1688 1635; baseline -0.003 -18"><span class='ocrx_word' id='word_1_106' title='bbox 107 1565 243 1625; x_wconf 75' lang='grc' dir='ltr'>στὸν,</span> <span class='ocrx_word' id='word_1_107' title='bbox 317 1560 678 1635; x_wconf 84' lang='grc' dir='ltr'>μαρτυροῦσα</span> <span class='ocrx_word' id='word_1_108' title='bbox 735 1559 880 1630; x_wconf 82' lang='grc' dir='ltr'>αὑτῷ</span> <span class='ocrx_word' id='word_1_109' title='bbox 935 1559 1180 1631; x_wconf 77' lang='grc' dir='ltr'>εἰρηκότι</span> <span class='ocrx_word' id='word_1_110' title='bbox 1230 1558 1366 1629; x_wconf 84' lang='grc' dir='ltr'>αὑτῇ</span> <span class='ocrx_word' id='word_1_111' title='bbox 1427 1557 1602 1611; x_wconf 82' lang='grc' dir='ltr'>πάντα</span> <span class='ocrx_word' id='word_1_112' title='bbox 1652 1556 1688 1612; x_wconf 74' lang='grc' dir='ltr'><strong>ἃ.</strong></span> 
     </span>
    </p>
   </div>
   <div class='ocr_carea' id='block_1_17' title="bbox 102 1648 1688 1726">
    <p class='ocr_par' dir='ltr' id='par_1_17' title="bbox 102 1648 1688 1726">
     <span class='ocr_line' id='line_1_17' title="bbox 102 1648 1688 1726; baseline -0.004 -18"><span class='ocrx_word' id='word_1_113' title='bbox 102 1656 346 1726; x_wconf 77' lang='grc' dir='ltr'>ἐποίησε.</span> <span class='ocrx_word' id='word_1_114' title='bbox 385 1654 558 1710; x_wconf 82' lang='grc' dir='ltr'>Καλεῖ</span> <span class='ocrx_word' id='word_1_115' title='bbox 585 1653 643 1707; x_wconf 84' lang='grc' dir='ltr'>δὲ</span> <span class='ocrx_word' id='word_1_116' title='bbox 684 1653 880 1716; x_wconf 74' lang='grc' dir='ltr'>αὐτοὺς</span> <span class='ocrx_word' id='word_1_117' title='bbox 911 1651 1003 1704; x_wconf 73' lang='grc' dir='ltr'><strong>ἐπὶ</strong></span> <span class='ocrx_word' id='word_1_118' title='bbox 1032 1651 1093 1704; x_wconf 77' lang='grc' dir='ltr'>τὸ</span> <span class='ocrx_word' id='word_1_119' title='bbox 1129 1649 1255 1703; x_wconf 90' lang='grc' dir='ltr'>ἰδεῖν</span> <span class='ocrx_word' id='word_1_120' title='bbox 1282 1648 1571 1720; x_wconf 77' lang='grc' dir='ltr'>ἄνθρωπον</span> <span class='ocrx_word' id='word_1_121' title='bbox 1600 1649 1688 1702; x_wconf 90' lang='grc' dir='ltr'>λό-</span> 
     </span>
    </p>
   </div>
   <div class='ocr_carea' id='block_1_18' title="bbox 102 1741 1688 1822">
    <p class='ocr_par' dir='ltr' id='par_1_18' title="bbox 102 1741 1688 1822">
     <span class='ocr_line' id='line_1_18' title="bbox 102 1741 1688 1822; baseline -0.004 -21"><span class='ocrx_word' id='word_1_122' title='bbox 102 1767 187 1817; x_wconf 85' lang='grc' dir='ltr'><strong>γον</strong></span> <span class='ocrx_word' id='word_1_123' title='bbox 221 1749 423 1819; x_wconf 83' lang='grc' dir='ltr'>ἔχοντα</span> <span class='ocrx_word' id='word_1_124' title='bbox 457 1747 676 1819; x_wconf 81' lang='grc' dir='ltr'>μείζονα</span> <span class='ocrx_word' id='word_1_125' title='bbox 699 1744 983 1817; x_wconf 84' lang='grc' dir='ltr'>ἀνθρώπου</span> <span class='ocrx_word' id='word_1_126' title='bbox 1008 1760 1022 1774; x_wconf 87' lang='grc'><strong>·</strong></span> <span class='ocrx_word' id='word_1_127' title='bbox 1050 1743 1110 1796; x_wconf 76' lang='grc' dir='ltr'><strong>τὸ</strong></span> <span class='ocrx_word' id='word_1_128' title='bbox 1135 1743 1242 1813; x_wconf 81' lang='grc' dir='ltr'><strong>γὰρ</strong></span> <span class='ocrx_word' id='word_1_129' title='bbox 1269 1743 1462 1822; x_wconf 72' lang='grc' dir='ltr'>ὁρατὸν</span> <span class='ocrx_word' id='word_1_130' title='bbox 1492 1741 1688 1810; x_wconf 83' lang='grc' dir='ltr'>ὀφθαλ-</span> 
     </span>
    </p>
   </div>
   <div class='ocr_carea' id='block_1_19' title="bbox 105 1834 1688 1914">
    <p class='ocr_par' dir='ltr' id='par_1_19' title="bbox 105 1834 1688 1914">
     <span class='ocr_line' id='line_1_19' title="bbox 105 1834 1688 1914; baseline -0.006 -18"><span class='ocrx_word' id='word_1_131' title='bbox 105 1845 219 1914; x_wconf 80' lang='grc' dir='ltr'>μοῖς</span> <span class='ocrx_word' id='word_1_132' title='bbox 239 1841 415 1895; x_wconf 87' lang='grc' dir='ltr'>αὑτοῦ</span> <span class='ocrx_word' id='word_1_133' title='bbox 445 1839 732 1911; x_wconf 79' lang='grc' dir='ltr'>ἄνθρωπος</span> <span class='ocrx_word' id='word_1_134' title='bbox 761 1834 849 1909; x_wconf 76' lang='grc' dir='ltr'><strong>ἦν.</strong></span> <span class='ocrx_word' id='word_1_135' title='bbox 891 1837 1012 1910; x_wconf 83' lang='grc' dir='ltr'><strong>Χρὴ</strong></span> <span class='ocrx_word' id='word_1_136' title='bbox 1041 1834 1134 1891; x_wconf 81' lang='grc' dir='ltr'><strong>οῦν</strong></span> <span class='ocrx_word' id='word_1_137' title='bbox 1164 1836 1259 1890; x_wconf 73' lang='grc' dir='ltr'>καὶ</span> <span class='ocrx_word' id='word_1_138' title='bbox 1285 1837 1435 1907; x_wconf 77' lang='grc' dir='ltr'>ἡμᾶς</span> <span class='ocrx_word' id='word_1_139' title='bbox 1469 1836 1688 1888; x_wconf 77' lang='grc' dir='ltr'>ἐπιλαν-</span> 
     </span>
    </p>
   </div>
   <div class='ocr_carea' id='block_1_20' title="bbox 1791 633 3363 707">
    <p class='ocr_par' dir='ltr' id='par_1_20' title="bbox 1791 633 3363 707">
     <span class='ocr_line' id='line_1_20' title="bbox 1791 633 3363 707; baseline 0.008 -22"><span class='ocrx_word' id='word_1_140' title='bbox 1791 647 1931 697; x_wconf 85' lang='lat' dir='ltr'><strong>rum,</strong></span> <span class='ocrx_word' id='word_1_141' title='bbox 1961 633 2050 701; x_wconf 94' lang='lat' dir='ltr'><strong>qui</strong></span> <span class='ocrx_word' id='word_1_142' title='bbox 2094 634 2230 686; x_wconf 82' lang='lat' dir='ltr'><strong>dixit</strong></span> <span class='ocrx_word' id='word_1_143' title='bbox 2263 634 2391 687; x_wconf 91' lang='lat' dir='ltr'><strong>mihi</strong></span> <span class='ocrx_word' id='word_1_144' title='bbox 2425 635 2604 689; x_wconf 84' lang='lat' dir='ltr'><strong>omnia</strong></span> <span class='ocrx_word' id='word_1_145' title='bbox 2635 652 2974 707; x_wconf 68' lang='lat' dir='ltr'><strong>quaecunque</strong></span> <span class='ocrx_word' id='word_1_146' title='bbox 3005 638 3107 694; x_wconf 89' lang='lat' dir='ltr'><strong>feci</strong></span> <span class='ocrx_word' id='word_1_147' title='bbox 3135 655 3149 692; x_wconf 90' lang='lat'><strong>:</strong></span> <span class='ocrx_word' id='word_1_148' title='bbox 3186 655 3253 693; x_wconf 87' lang='lat' dir='ltr'><strong>an</strong></span> <span class='ocrx_word' id='word_1_149' title='bbox 3280 643 3363 698; x_wconf 85' lang='lat' dir='ltr'><strong>hic</strong></span> 
     </span>
    </p>
   </div>
   <div class='ocr_carea' id='block_1_21' title="bbox 1790 723 3366 800">
    <p class='ocr_par' dir='ltr' id='par_1_21' title="bbox 1790 723 3366 800">
     <span class='ocr_line' id='line_1_21' title="bbox 1790 723 3366 800; baseline 0.008 -22"><span class='ocrx_word' id='word_1_150' title='bbox 1790 734 1870 780; x_wconf 84' lang='lat' dir='ltr'><strong>est</strong></span> <span class='ocrx_word' id='word_1_151' title='bbox 1911 725 1999 778; x_wconf 90' lang='lat' dir='ltr'><strong>ille</strong></span> <span class='ocrx_word' id='word_1_152' title='bbox 2049 723 2300 780; x_wconf 81' lang='lat' dir='ltr'><strong>Christus</strong></span> <span class='ocrx_word' id='word_1_153' title='bbox 2335 725 2474 780; x_wconf 69' lang='grc'><strong>⁸⁸2»</strong></span> <span class='ocrx_word' id='word_1_154' title='bbox 2512 727 2628 783; x_wconf 86' lang='grc' dir='ltr'>Νοη</span> <span class='ocrx_word' id='word_1_155' title='bbox 2660 728 2857 784; x_wconf 81' lang='lat' dir='ltr'><strong>frustra</strong></span> <span class='ocrx_word' id='word_1_156' title='bbox 2907 745 3034 785; x_wconf 89' lang='lat' dir='ltr'><strong>reor</strong></span> <span class='ocrx_word' id='word_1_157' title='bbox 3080 733 3366 800; x_wconf 69' lang='lat' dir='ltr'><strong>scripsisse</strong></span> 
     </span>
    </p>
   </div>
   <div class='ocr_carea' id='block_1_22' title="bbox 1789 815 3368 890">
    <p class='ocr_par' dir='ltr' id='par_1_22' title="bbox 1789 815 3368 890">
     <span class='ocr_line' id='line_1_22' title="bbox 1789 815 3368 890; baseline 0.004 -22"><span class='ocrx_word' id='word_1_158' title='bbox 1789 815 2174 884; x_wconf 83' lang='lat' dir='ltr'><strong>evangelistam</strong></span> <span class='ocrx_word' id='word_1_159' title='bbox 2203 815 2270 870; x_wconf 86' lang='lat' dir='ltr'><strong>de</strong></span> <span class='ocrx_word' id='word_1_160' title='bbox 2307 815 2624 872; x_wconf 89' lang='lat' dir='ltr'><strong>dimissione</strong></span> <span class='ocrx_word' id='word_1_161' title='bbox 2657 819 2882 890; x_wconf 72' lang='lat' dir='ltr'><strong>hydrite,</strong></span> <span class='ocrx_word' id='word_1_162' title='bbox 2917 821 3058 888; x_wconf 86' lang='lat' dir='ltr'><strong>quod</strong></span> <span class='ocrx_word' id='word_1_163' title='bbox 3089 821 3368 889; x_wconf 71' lang='lat' dir='ltr'><strong>reliquerit</strong></span> 
     </span>
    </p>
   </div>
   <div class='ocr_carea' id='block_1_23' title="bbox 1792 903 3366 978">
    <p class='ocr_par' dir='ltr' id='par_1_23' title="bbox 1792 903 3366 978">
     <span class='ocr_line' id='line_1_23' title="bbox 1792 903 3366 978; baseline 0.005 -22"><span class='ocrx_word' id='word_1_164' title='bbox 1792 903 1937 957; x_wconf 80' lang='lat' dir='ltr'><strong>illam</strong></span> <span class='ocrx_word' id='word_1_165' title='bbox 1975 904 2170 958; x_wconf 90' lang='lat' dir='ltr'><strong>mulier</strong></span> <span class='ocrx_word' id='word_1_166' title='bbox 2197 904 2438 974; x_wconf 87' lang='lat' dir='ltr'><strong>profecta</strong></span> <span class='ocrx_word' id='word_1_167' title='bbox 2471 908 2537 961; x_wconf 89' lang='lat' dir='ltr'><strong>ad</strong></span> <span class='ocrx_word' id='word_1_168' title='bbox 2590 907 2800 972; x_wconf 89' lang='lat' dir='ltr'><strong>urbem,</strong></span> <span class='ocrx_word' id='word_1_169' title='bbox 2851 910 3166 974; x_wconf 88' lang='lat' dir='ltr'><strong>ostendens,</strong></span> <span class='ocrx_word' id='word_1_170' title='bbox 3221 913 3366 978; x_wconf 89' lang='lat' dir='ltr'><strong>quod</strong></span> 
     </span>
    </p>
   </div>
   <div class='ocr_carea' id='block_1_24' title="bbox 1790 997 3368 1071">
    <p class='ocr_par' dir='ltr' id='par_1_24' title="bbox 1790 997 3368 1071">
     <span class='ocr_line' id='line_1_24' title="bbox 1790 997 3368 1071; baseline 0.004 -21"><span class='ocrx_word' id='word_1_171' title='bbox 1790 999 1854 1051; x_wconf 84' lang='lat' dir='ltr'><strong>ad</strong></span> <span class='ocrx_word' id='word_1_172' title='bbox 1889 997 2096 1051; x_wconf 53' lang='lat' dir='ltr'><strong>te‘xlum</strong></span> <span class='ocrx_word' id='word_1_173' title='bbox 2128 998 2342 1067; x_wconf 88' lang='lat' dir='ltr'><strong>quidem</strong></span> <span class='ocrx_word' id='word_1_174' title='bbox 2369 1001 2590 1065; x_wconf 88' lang='lat' dir='ltr'><strong>attinet,</strong></span> <span class='ocrx_word' id='word_1_175' title='bbox 2614 1001 2850 1055; x_wconf 88' lang='lat' dir='ltr'><strong>studium</strong></span> <span class='ocrx_word' id='word_1_176' title='bbox 2879 1003 3054 1070; x_wconf 90' lang='lat' dir='ltr'><strong>majus</strong></span> <span class='ocrx_word' id='word_1_177' title='bbox 3075 1017 3237 1071; x_wconf 89' lang='lat' dir='ltr'><strong>quam</strong></span> <span class='ocrx_word' id='word_1_178' title='bbox 3269 1017 3368 1071; x_wconf 90' lang='lat' dir='ltr'><strong>pro</strong></span> 
     </span>
    </p>
   </div>
   <div class='ocr_carea' id='block_1_25' title="bbox 1791 1088 3368 1164">
    <p class='ocr_par' dir='ltr' id='par_1_25' title="bbox 1791 1088 3368 1164">
     <span class='ocr_line' id='line_1_25' title="bbox 1791 1088 3368 1164; baseline 0.003 -20"><span class='ocrx_word' id='word_1_179' title='bbox 1791 1088 2142 1159; x_wconf 87' lang='lat' dir='ltr'><strong>Samaritide,</strong></span> <span class='ocrx_word' id='word_1_180' title='bbox 2197 1101 2258 1145; x_wconf 91' lang='lat' dir='ltr'><strong>ut</strong></span> <span class='ocrx_word' id='word_1_181' title='bbox 2305 1108 2424 1161; x_wconf 67' lang='lat' dir='ltr'><strong>qua:</strong></span> <span class='ocrx_word' id='word_1_182' title='bbox 2480 1093 2760 1162; x_wconf 90' lang='lat' dir='ltr'><strong>reliquerit</strong></span> <span class='ocrx_word' id='word_1_183' title='bbox 2810 1095 3079 1164; x_wconf 86' lang='lat' dir='ltr'><strong>hydriam,</strong></span> <span class='ocrx_word' id='word_1_184' title='bbox 3127 1109 3234 1147; x_wconf 87' lang='lat' dir='ltr'><strong>non</strong></span> <span class='ocrx_word' id='word_1_185' title='bbox 3286 1094 3368 1148; x_wconf 89' lang='lat' dir='ltr'><strong>sic</strong></span> 
     </span>
    </p>
   </div>
   <div class='ocr_carea' id='block_1_26' title="bbox 1788 1182 3368 1254">
    <p class='ocr_par' dir='ltr' id='par_1_26' title="bbox 1788 1182 3368 1254">
     <span class='ocr_line' id='line_1_26' title="bbox 1788 1182 3368 1254; baseline 0 -20"><span class='ocrx_word' id='word_1_186' title='bbox 1788 1183 1934 1234; x_wconf 85' lang='lat' dir='ltr'><strong>cordi</strong></span> <span class='ocrx_word' id='word_1_187' title='bbox 1967 1182 2174 1236; x_wconf 81' lang='lat' dir='ltr'><strong>habens</strong></span> <span class='ocrx_word' id='word_1_188' title='bbox 2199 1196 2522 1254; x_wconf 81' lang='lat' dir='ltr'><strong>corporeum</strong></span> <span class='ocrx_word' id='word_1_189' title='bbox 2553 1191 2609 1237; x_wconf 89' lang='lat' dir='ltr'><strong>et</strong></span> <span class='ocrx_word' id='word_1_190' title='bbox 2639 1183 2839 1236; x_wconf 86' lang='lat' dir='ltr'><strong>humile</strong></span> <span class='ocrx_word' id='word_1_191' title='bbox 2871 1182 3127 1246; x_wconf 76' lang='lat' dir='ltr'><strong>ofﬁcium,</strong></span> <span class='ocrx_word' id='word_1_192' title='bbox 3150 1191 3210 1237; x_wconf 93' lang='lat' dir='ltr'><strong>ut</strong></span> <span class='ocrx_word' id='word_1_193' title='bbox 3230 1183 3368 1236; x_wconf 89' lang='lat' dir='ltr'><strong>mul-</strong></span> 
     </span>
    </p>
   </div>
   <div class='ocr_carea' id='block_1_27' title="bbox 1791 1271 3366 1340">
    <p class='ocr_par' dir='ltr' id='par_1_27' title="bbox 1791 1271 3366 1340">
     <span class='ocr_line' id='line_1_27' title="bbox 1791 1271 3366 1340; baseline 0.001 -16"><span class='ocrx_word' id='word_1_194' title='bbox 1791 1280 1967 1324; x_wconf 90' lang='lat' dir='ltr'><strong>torum</strong></span> <span class='ocrx_word' id='word_1_195' title='bbox 2005 1271 2330 1326; x_wconf 87' lang='lat' dir='ltr'><strong>utilitatem:</strong></span> <span class='ocrx_word' id='word_1_196' title='bbox 2369 1272 2706 1326; x_wconf 84' lang='lat' dir='ltr'><strong>humanitate</strong></span> <span class='ocrx_word' id='word_1_197' title='bbox 2730 1273 2874 1327; x_wconf 88' lang='lat' dir='ltr'><strong>enim</strong></span> <span class='ocrx_word' id='word_1_198' title='bbox 2906 1283 3046 1327; x_wconf 90' lang='lat' dir='ltr'><strong>mota</strong></span> <span class='ocrx_word' id='word_1_199' title='bbox 3095 1283 3197 1336; x_wconf 83' lang='lat' dir='ltr'><strong>est,</strong></span> <span class='ocrx_word' id='word_1_200' title='bbox 3243 1287 3366 1340; x_wconf 66' lang='lat' dir='ltr'><strong>qua)</strong></span> 
     </span>
    </p>
   </div>
   <div class='ocr_carea' id='block_1_28' title="bbox 1789 1363 3368 1433">
    <p class='ocr_par' dir='ltr' id='par_1_28' title="bbox 1789 1363 3368 1433">
     <span class='ocr_line' id='line_1_28' title="bbox 1789 1363 3368 1433; baseline 0.002 -18"><span class='ocrx_word' id='word_1_201' title='bbox 1789 1363 1961 1417; x_wconf 89' lang='lat' dir='ltr'><strong>voluit</strong></span> <span class='ocrx_word' id='word_1_202' title='bbox 1981 1363 2197 1418; x_wconf 84' lang='lat' dir='ltr'><strong>civibus</strong></span> <span class='ocrx_word' id='word_1_203' title='bbox 2225 1364 2602 1433; x_wconf 86' lang='lat' dir='ltr'><strong>evangelizare</strong></span> <span class='ocrx_word' id='word_1_204' title='bbox 2631 1363 2943 1431; x_wconf 81' lang='lat' dir='ltr'><strong>Christum;</strong></span> <span class='ocrx_word' id='word_1_205' title='bbox 2987 1365 3087 1433; x_wconf 88' lang='lat' dir='ltr'><strong>ipsi</strong></span> <span class='ocrx_word' id='word_1_206' title='bbox 3125 1365 3368 1420; x_wconf 88' lang='lat' dir='ltr'><strong>testimo-</strong></span> 
     </span>
    </p>
   </div>
   <div class='ocr_carea' id='block_1_29' title="bbox 1787 1456 3365 1527">
    <p class='ocr_par' dir='ltr' id='par_1_29' title="bbox 1787 1456 3365 1527">
     <span class='ocr_line' id='line_1_29' title="bbox 1787 1456 3365 1527; baseline -0.001 -15"><span class='ocrx_word' id='word_1_207' title='bbox 1787 1457 1935 1512; x_wconf 89' lang='lat' dir='ltr'><strong>nium</strong></span> <span class='ocrx_word' id='word_1_208' title='bbox 1974 1457 2133 1522; x_wconf 88' lang='lat' dir='ltr'><strong>dans,</strong></span> <span class='ocrx_word' id='word_1_209' title='bbox 2176 1459 2319 1527; x_wconf 91' lang='lat' dir='ltr'><strong>quod</strong></span> <span class='ocrx_word' id='word_1_210' title='bbox 2367 1457 2549 1510; x_wconf 89' lang='lat' dir='ltr'><strong>omnia</strong></span> <span class='ocrx_word' id='word_1_211' title='bbox 2605 1471 2939 1526; x_wconf 61' lang='lat' dir='ltr'><strong>qua‘cunque</strong></span> <span class='ocrx_word' id='word_1_212' title='bbox 2993 1456 3213 1510; x_wconf 81' lang='lat' dir='ltr'><strong>fecisset</strong></span> <span class='ocrx_word' id='word_1_213' title='bbox 3262 1456 3365 1510; x_wconf 86' lang='lat' dir='ltr'><strong>sibi</strong></span> 
     </span>
    </p>
   </div>
   <div class='ocr_carea' id='block_1_30' title="bbox 1789 1547 3364 1618">
    <p class='ocr_par' dir='ltr' id='par_1_30' title="bbox 1789 1547 3364 1618">
     <span class='ocr_line' id='line_1_30' title="bbox 1789 1547 3364 1618; baseline -0.001 -15"><span class='ocrx_word' id='word_1_214' title='bbox 1789 1549 2007 1618; x_wconf 81' lang='lat' dir='ltr'><strong>dixerit.</strong></span> <span class='ocrx_word' id='word_1_215' title='bbox 2046 1547 2243 1604; x_wconf 84' lang='lat' dir='ltr'><strong>Invitat</strong></span> <span class='ocrx_word' id='word_1_216' title='bbox 2274 1549 2456 1604; x_wconf 82' lang='lat' dir='ltr'><strong>autem</strong></span> <span class='ocrx_word' id='word_1_217' title='bbox 2499 1550 2643 1618; x_wconf 87' lang='lat' dir='ltr'><strong>ipsos</strong></span> <span class='ocrx_word' id='word_1_218' title='bbox 2677 1551 2742 1604; x_wconf 90' lang='lat' dir='ltr'><strong>ad</strong></span> <span class='ocrx_word' id='word_1_219' title='bbox 2766 1551 3056 1603; x_wconf 87' lang='lat' dir='ltr'><strong>videndum</strong></span> <span class='ocrx_word' id='word_1_220' title='bbox 3091 1549 3364 1603; x_wconf 88' lang='lat' dir='ltr'><strong>hominem</strong></span> 
     </span>
    </p>
   </div>
   <div class='ocr_carea' id='block_1_31' title="bbox 1792 1640 3362 1710">
    <p class='ocr_par' dir='ltr' id='par_1_31' title="bbox 1792 1640 3362 1710">
     <span class='ocr_line' id='line_1_31' title="bbox 1792 1640 3362 1710; baseline -0.001 -16"><span class='ocrx_word' id='word_1_221' title='bbox 1792 1641 2076 1696; x_wconf 87' lang='lat' dir='ltr'><strong>habentem</strong></span> <span class='ocrx_word' id='word_1_222' title='bbox 2133 1643 2402 1698; x_wconf 89' lang='lat' dir='ltr'><strong>rationem</strong></span> <span class='ocrx_word' id='word_1_223' title='bbox 2453 1657 2517 1695; x_wconf 89' lang='lat' dir='ltr'><strong>ac</strong></span> <span class='ocrx_word' id='word_1_224' title='bbox 2577 1656 2880 1696; x_wconf 87' lang='lat' dir='ltr'><strong>sermonem</strong></span> <span class='ocrx_word' id='word_1_225' title='bbox 2939 1641 3093 1710; x_wconf 82' lang='lat' dir='ltr'><strong>longe</strong></span> <span class='ocrx_word' id='word_1_226' title='bbox 3143 1640 3362 1694; x_wconf 88' lang='lat' dir='ltr'><strong>homine</strong></span> 
     </span>
    </p>
   </div>
   <div class='ocr_carea' id='block_1_32' title="bbox 1790 1731 3368 1804">
    <p class='ocr_par' dir='ltr' id='par_1_32' title="bbox 1790 1731 3368 1804">
     <span class='ocr_line' id='line_1_32' title="bbox 1790 1731 3368 1804; baseline -0.001 -16"><span class='ocrx_word' id='word_1_227' title='bbox 1790 1733 2224 1804; x_wconf 69' lang='lat' dir='ltr'><strong>praastantiorem</strong></span> <span class='ocrx_word' id='word_1_228' title='bbox 2254 1751 2268 1788; x_wconf 89' lang='lat'><strong>:</strong></span> <span class='ocrx_word' id='word_1_229' title='bbox 2307 1733 2360 1787; x_wconf 90' lang='lat' dir='ltr'><strong>id</strong></span> <span class='ocrx_word' id='word_1_230' title='bbox 2389 1733 2532 1787; x_wconf 90' lang='lat' dir='ltr'><strong>enim</strong></span> <span class='ocrx_word' id='word_1_231' title='bbox 2567 1735 2708 1802; x_wconf 92' lang='lat' dir='ltr'><strong>quod</strong></span> <span class='ocrx_word' id='word_1_232' title='bbox 2743 1733 2809 1786; x_wconf 90' lang='lat' dir='ltr'><strong>de</strong></span> <span class='ocrx_word' id='word_1_233' title='bbox 2832 1747 2896 1786; x_wconf 89' lang='lat' dir='ltr'><strong>eo</strong></span> <span class='ocrx_word' id='word_1_234' title='bbox 2944 1733 3147 1786; x_wconf 84' lang='lat' dir='ltr'><strong>nostris</strong></span> <span class='ocrx_word' id='word_1_235' title='bbox 3193 1731 3368 1787; x_wconf 80' lang='lat' dir='ltr'><strong>oculis</strong></span> 
     </span>
    </p>
   </div>
   <div class='ocr_carea' id='block_1_33' title="bbox 1789 1825 3368 1897">
    <p class='ocr_par' dir='ltr' id='par_1_33' title="bbox 1789 1825 3368 1897">
     <span class='ocr_line' id='line_1_33' title="bbox 1789 1825 3368 1897; baseline -0.001 -15"><span class='ocrx_word' id='word_1_236' title='bbox 1789 1828 2124 1897; x_wconf 87' lang='lat' dir='ltr'><strong>aspectabile</strong></span> <span class='ocrx_word' id='word_1_237' title='bbox 2153 1836 2295 1896; x_wconf 89' lang='lat' dir='ltr'><strong>erat,</strong></span> <span class='ocrx_word' id='word_1_238' title='bbox 2322 1829 2482 1882; x_wconf 92' lang='lat' dir='ltr'><strong>homo</strong></span> <span class='ocrx_word' id='word_1_239' title='bbox 2511 1839 2650 1881; x_wconf 89' lang='lat' dir='ltr'><strong>erat.</strong></span> <span class='ocrx_word' id='word_1_240' title='bbox 2683 1825 3046 1893; x_wconf 79' lang='lat' dir='ltr'><strong>Quamobrem</strong></span> <span class='ocrx_word' id='word_1_241' title='bbox 3075 1825 3368 1880; x_wconf 76' lang='lat' dir='ltr'><strong>oblivisca-</strong></span> 
     </span>
    </p>
   </div>
   <div class='ocr_carea' id='block_1_34' title="bbox 104 1915 1689 2004">
    <p class='ocr_par' dir='ltr' id='par_1_34' title="bbox 104 1927 1686 2004">
     <span class='ocr_line' id='line_1_34' title="bbox 104 1927 1686 2004; baseline -0.003 -19"><span class='ocrx_word' id='word_1_242' title='bbox 104 1933 432 2004; x_wconf 85' lang='grc' dir='ltr'>θανομένους</span> <span class='ocrx_word' id='word_1_243' title='bbox 457 1931 567 1984; x_wconf 80' lang='grc' dir='ltr'><strong>τῶν</strong></span> <span class='ocrx_word' id='word_1_244' title='bbox 600 1929 1089 2001; x_wconf 85' lang='grc' dir='ltr'>σωματικωτέρων,</span> <span class='ocrx_word' id='word_1_245' title='bbox 1119 1928 1212 1982; x_wconf 79' lang='grc' dir='ltr'>καὶ</span> <span class='ocrx_word' id='word_1_246' title='bbox 1244 1929 1501 1998; x_wconf 80' lang='grc' dir='ltr'>ἀφιέντας</span> <span class='ocrx_word' id='word_1_247' title='bbox 1527 1927 1686 1991; x_wconf 79' lang='grc' dir='ltr'>αὑτὰ,</span> 
     </span>
    </p>
   </div>
   <div class='ocr_carea' id='block_1_35' title="bbox 1795 1915 3368 2004">
    <p class='ocr_par' dir='ltr' id='par_1_35' title="bbox 1795 1915 3368 1986">
     <span class='ocr_line' id='line_1_35' title="bbox 1795 1915 3368 1986; baseline -0.003 -12"><span class='ocrx_word' id='word_1_248' title='bbox 1795 1935 1914 1974; x_wconf 91' lang='lat' dir='ltr'><strong>mur</strong></span> <span class='ocrx_word' id='word_1_249' title='bbox 1952 1927 2009 1973; x_wconf 91' lang='lat' dir='ltr'><strong>et</strong></span> <span class='ocrx_word' id='word_1_250' title='bbox 2042 1933 2142 1973; x_wconf 88' lang='lat' dir='ltr'><strong>nos</strong></span> <span class='ocrx_word' id='word_1_251' title='bbox 2171 1933 2394 1973; x_wconf 90' lang='lat' dir='ltr'><strong>necesse</strong></span> <span class='ocrx_word' id='word_1_252' title='bbox 2421 1926 2500 1972; x_wconf 86' lang='lat' dir='ltr'><strong>est</strong></span> <span class='ocrx_word' id='word_1_253' title='bbox 2523 1932 2704 1971; x_wconf 81' lang='lat' dir='ltr'><strong>rerum</strong></span> <span class='ocrx_word' id='word_1_254' title='bbox 2738 1915 3128 1986; x_wconf 84' lang='lat' dir='ltr'><strong>corporalium,</strong></span> <span class='ocrx_word' id='word_1_255' title='bbox 3173 1917 3368 1986; x_wconf 80' lang='lat' dir='ltr'><strong>hisque</strong></span> 
     </span>
    </p>
   </div>
   <div class='ocr_carea' id='block_1_36' title="bbox 106 2013 1680 2091">
    <p class='ocr_par' dir='ltr' id='par_1_36' title="bbox 106 2013 1680 2091">
     <span class='ocr_line' id='line_1_36' title="bbox 106 2013 1680 2091; baseline -0.003 -15"><span class='ocrx_word' id='word_1_256' title='bbox 106 2023 350 2076; x_wconf 76' lang='grc' dir='ltr'>σπεύδειν</span> <span class='ocrx_word' id='word_1_257' title='bbox 400 2022 495 2076; x_wconf 76' lang='grc' dir='ltr'><strong>ἐπὶ</strong></span> <span class='ocrx_word' id='word_1_258' title='bbox 523 2020 583 2073; x_wconf 80' lang='grc' dir='ltr'>τὸ</span> <span class='ocrx_word' id='word_1_259' title='bbox 615 2019 950 2091; x_wconf 85' lang='grc' dir='ltr'>μεταδιδόναι</span> <span class='ocrx_word' id='word_1_260' title='bbox 998 2013 1067 2091; x_wconf 77' lang='grc' dir='ltr'><strong>ἧς</strong></span> <span class='ocrx_word' id='word_1_261' title='bbox 1102 2018 1507 2090; x_wconf 80' lang='grc' dir='ltr'>μετειλήφαμεν</span> <span class='ocrx_word' id='word_1_262' title='bbox 1533 2017 1680 2088; x_wconf 83' lang='grc' dir='ltr'>ὠφε-</span> 
     </span>
    </p>
   </div>
   <div class='ocr_carea' id='block_1_37' title="bbox 103 2109 1683 2184">
    <p class='ocr_par' dir='ltr' id='par_1_37' title="bbox 103 2109 1683 2184">
     <span class='ocr_line' id='line_1_37' title="bbox 103 2109 1683 2184; baseline -0.003 -17"><span class='ocrx_word' id='word_1_263' title='bbox 103 2114 240 2177; x_wconf 82' lang='grc' dir='ltr'>λείας</span> <span class='ocrx_word' id='word_1_264' title='bbox 271 2113 485 2184; x_wconf 80' lang='grc' dir='ltr'>ὲτέροις</span> <span class='ocrx_word' id='word_1_265' title='bbox 509 2129 524 2142; x_wconf 75' lang='grc'><strong>⁸</strong></span> <span class='ocrx_word' id='word_1_266' title='bbox 559 2112 650 2164; x_wconf 71' lang='grc' dir='ltr'><strong>ἐπὶ</strong></span> <span class='ocrx_word' id='word_1_267' title='bbox 691 2109 850 2164; x_wconf 90' lang='grc' dir='ltr'>τοῦτο</span> <span class='ocrx_word' id='word_1_268' title='bbox 875 2110 984 2182; x_wconf 84' lang='grc' dir='ltr'><strong>γὰρ</strong></span> <span class='ocrx_word' id='word_1_269' title='bbox 1013 2110 1364 2181; x_wconf 86' lang='grc' dir='ltr'>προκαλεῖται</span> <span class='ocrx_word' id='word_1_270' title='bbox 1392 2112 1420 2164; x_wconf 87' lang='grc' dir='ltr'><strong>ό</strong></span> <span class='ocrx_word' id='word_1_271' title='bbox 1459 2111 1683 2179; x_wconf 83' lang='grc' dir='ltr'>εὐαγγε-</span> 
     </span>
    </p>
   </div>
   <div class='ocr_carea' id='block_1_38' title="bbox 103 2200 1681 2276">
    <p class='ocr_par' dir='ltr' id='par_1_38' title="bbox 103 2200 1681 2276">
     <span class='ocr_line' id='line_1_38' title="bbox 103 2200 1681 2276; baseline -0.003 -17"><span class='ocrx_word' id='word_1_272' title='bbox 103 2206 285 2276; x_wconf 79' lang='grc' dir='ltr'>λιστὴς</span> <span class='ocrx_word' id='word_1_273' title='bbox 310 2205 533 2260; x_wconf 77' lang='grc' dir='ltr'>ἔπαινον</span> <span class='ocrx_word' id='word_1_274' title='bbox 578 2207 690 2270; x_wconf 80' lang='grc' dir='ltr'>τοῖς</span> <span class='ocrx_word' id='word_1_275' title='bbox 715 2203 908 2257; x_wconf 71' lang='grc' dir='ltr'>εἰδόσιν</span> <span class='ocrx_word' id='word_1_276' title='bbox 934 2200 1325 2271; x_wconf 84' lang='grc' dir='ltr'>ἀναγινώσκειν</span> <span class='ocrx_word' id='word_1_277' title='bbox 1353 2203 1681 2273; x_wconf 84' lang='grc' dir='ltr'>ἀναγράφων</span> 
     </span>
    </p>
   </div>
   <div class='ocr_carea' id='block_1_39' title="bbox 103 2291 1680 2367">
    <p class='ocr_par' dir='ltr' id='par_1_39' title="bbox 103 2291 1680 2367">
     <span class='ocr_line' id='line_1_39' title="bbox 103 2291 1680 2367; baseline -0.002 -18"><span class='ocrx_word' id='word_1_278' title='bbox 103 2297 191 2365; x_wconf 76' lang='grc' dir='ltr'>τῆς</span> <span class='ocrx_word' id='word_1_279' title='bbox 216 2295 503 2367; x_wconf 85' lang='grc' dir='ltr'>γυναικός.</span> <span class='ocrx_word' id='word_1_280' title='bbox 560 2294 705 2367; x_wconf 80' lang='grc' dir='ltr'>Πρὸς</span> <span class='ocrx_word' id='word_1_281' title='bbox 737 2294 982 2366; x_wconf 82' lang='grc' dir='ltr'>μέντοιγε</span> <span class='ocrx_word' id='word_1_282' title='bbox 1028 2291 1124 2364; x_wconf 83' lang='grc' dir='ltr'><strong>τὴν</strong></span> <span class='ocrx_word' id='word_1_283' title='bbox 1154 2291 1442 2362; x_wconf 84' lang='grc' dir='ltr'>ἀναγωγὴν</span> <span class='ocrx_word' id='word_1_284' title='bbox 1474 2309 1680 2362; x_wconf 88' lang='grc' dir='ltr'>σκοπη-</span> 
     </span>
    </p>
   </div>
   <div class='ocr_carea' id='block_1_40' title="bbox 102 2383 1682 2460">
    <p class='ocr_par' dir='ltr' id='par_1_40' title="bbox 102 2383 1682 2460">
     <span class='ocr_line' id='line_1_40' title="bbox 102 2383 1682 2460; baseline -0.004 -18"><span class='ocrx_word' id='word_1_285' title='bbox 102 2390 214 2442; x_wconf 82' lang='grc' dir='ltr'>τέον</span> <span class='ocrx_word' id='word_1_286' title='bbox 242 2389 334 2453; x_wconf 89' lang='grc' dir='ltr'><strong>τίς</strong></span> <span class='ocrx_word' id='word_1_287' title='bbox 380 2390 417 2460; x_wconf 78' lang='grc' dir='ltr'><strong>ἡ</strong></span> <span class='ocrx_word' id='word_1_288' title='bbox 450 2388 632 2460; x_wconf 80' lang='grc' dir='ltr'>ὑδρία,</span> <span class='ocrx_word' id='word_1_289' title='bbox 663 2388 730 2458; x_wconf 75' lang='grc' dir='ltr'>ἢν</span> <span class='ocrx_word' id='word_1_290' title='bbox 759 2385 949 2457; x_wconf 86' lang='grc' dir='ltr'>ἀφίησι</span> <span class='ocrx_word' id='word_1_291' title='bbox 996 2385 1414 2457; x_wconf 81' lang='grc' dir='ltr'>παραδεξαμένη</span> <span class='ocrx_word' id='word_1_292' title='bbox 1441 2401 1559 2448; x_wconf 88' lang='grc' dir='ltr'>πως</span> <span class='ocrx_word' id='word_1_293' title='bbox 1589 2383 1682 2436; x_wconf 89' lang='grc' dir='ltr'><strong>τοῦ</strong></span> 
     </span>
    </p>
   </div>
   <div class='ocr_carea' id='block_1_41' title="bbox 113 2475 1683 2553">
    <p class='ocr_par' dir='ltr' id='par_1_41' title="bbox 113 2475 1683 2553">
     <span class='ocr_line' id='line_1_41' title="bbox 113 2475 1683 2553; baseline -0.004 -18"><span class='ocrx_word' id='word_1_294' title='bbox 113 2481 284 2553; x_wconf 80' lang='grc' dir='ltr'>Ἰησοῦ</span> <span class='ocrx_word' id='word_1_295' title='bbox 316 2481 516 2548; x_wconf 79' lang='grc' dir='ltr'>λόγους</span> <span class='ocrx_word' id='word_1_296' title='bbox 563 2480 994 2551; x_wconf 80' lang='grc' dir='ltr'>ήΣαμαρεῖτις·</span> <span class='ocrx_word' id='word_1_297' title='bbox 1050 2478 1143 2531; x_wconf 77' lang='grc' dir='ltr'><strong>καὶ</strong></span> <span class='ocrx_word' id='word_1_298' title='bbox 1194 2476 1332 2547; x_wconf 84' lang='grc' dir='ltr'>τάχα</span> <span class='ocrx_word' id='word_1_299' title='bbox 1375 2476 1436 2529; x_wconf 84' lang='grc' dir='ltr'>τὸ</span> <span class='ocrx_word' id='word_1_300' title='bbox 1478 2475 1683 2546; x_wconf 83' lang='grc' dir='ltr'>δοχεῖον</span> 
     </span>
    </p>
   </div>
   <div class='ocr_carea' id='block_1_42' title="bbox 101 2565 1684 2643">
    <p class='ocr_par' dir='ltr' id='par_1_42' title="bbox 101 2565 1684 2643">
     <span class='ocr_line' id='line_1_42' title="bbox 101 2565 1684 2643; baseline 0.003 -18"><span class='ocrx_word' id='word_1_301' title='bbox 101 2573 186 2628; x_wconf 81' lang='grc' dir='ltr'><strong>τοῦ</strong></span> <span class='ocrx_word' id='word_1_302' title='bbox 223 2572 722 2643; x_wconf 82' lang='grc' dir='ltr'>σεμνοποιουμένου</span> <span class='ocrx_word' id='word_1_303' title='bbox 755 2569 865 2640; x_wconf 84' lang='grc'><strong>(16)</strong></span> <span class='ocrx_word' id='word_1_304' title='bbox 909 2569 1000 2622; x_wconf 75' lang='grc' dir='ltr'><strong>ἐπὶ</strong></span> <span class='ocrx_word' id='word_1_305' title='bbox 1036 2567 1296 2639; x_wconf 81' lang='grc' dir='ltr'>βαθύτητι</span> <span class='ocrx_word' id='word_1_306' title='bbox 1324 2565 1532 2629; x_wconf 69' lang='grc' dir='ltr'>ὓδατος,</span> <span class='ocrx_word' id='word_1_307' title='bbox 1586 2566 1684 2636; x_wconf 78' lang='grc' dir='ltr'><strong>τῆς</strong></span> 
     </span>
    </p>
   </div>
   <div class='ocr_carea' id='block_1_43' title="bbox 103 2656 1682 2734">
    <p class='ocr_par' dir='ltr' id='par_1_43' title="bbox 103 2656 1682 2734">
     <span class='ocr_line' id='line_1_43' title="bbox 103 2656 1682 2734; baseline -0.006 -16"><span class='ocrx_word' id='word_1_308' title='bbox 103 2665 474 2728; x_wconf 79' lang='grc' dir='ltr'>διδασκαλίας,</span> <span class='ocrx_word' id='word_1_309' title='bbox 530 2656 604 2716; x_wconf 81' lang='grc' dir='ltr'>ὧν</span> <span class='ocrx_word' id='word_1_310' title='bbox 660 2661 876 2734; x_wconf 77' lang='grc' dir='ltr'>ἐφρόνει</span> <span class='ocrx_word' id='word_1_311' title='bbox 933 2660 1196 2732; x_wconf 85' lang='grc' dir='ltr'>πρότερον</span> <span class='ocrx_word' id='word_1_312' title='bbox 1258 2657 1682 2723; x_wconf 73' lang='grc' dir='ltr'>ἐξευτελίζουσα,</span> 
     </span>
    </p>
   </div>
   <div class='ocr_carea' id='block_1_44' title="bbox 103 2749 1685 2826">
    <p class='ocr_par' dir='ltr' id='par_1_44' title="bbox 103 2749 1685 2826">
     <span class='ocr_line' id='line_1_44' title="bbox 103 2749 1685 2826; baseline -0.006 -15"><span class='ocrx_word' id='word_1_313' title='bbox 103 2757 419 2811; x_wconf 81' lang='grc' dir='ltr'>ἀποτίθεται</span> <span class='ocrx_word' id='word_1_314' title='bbox 451 2758 510 2809; x_wconf 80' lang='grc' dir='ltr'>ἐν</span> <span class='ocrx_word' id='word_1_315' title='bbox 553 2753 631 2825; x_wconf 82' lang='grc' dir='ltr'>τῷ</span> <span class='ocrx_word' id='word_1_316' title='bbox 659 2754 924 2826; x_wconf 83' lang='grc' dir='ltr'>κρείττονι</span> <span class='ocrx_word' id='word_1_317' title='bbox 969 2753 1068 2824; x_wconf 82' lang='grc' dir='ltr'>τῆς</span> <span class='ocrx_word' id='word_1_318' title='bbox 1101 2751 1308 2823; x_wconf 84' lang='grc' dir='ltr'>ὑδρίας,</span> <span class='ocrx_word' id='word_1_319' title='bbox 1352 2749 1591 2804; x_wconf 87' lang='grc' dir='ltr'>λαϐοῦσα</span> <span class='ocrx_word' id='word_1_320' title='bbox 1623 2751 1685 2802; x_wconf 83' lang='grc' dir='ltr'>ὲκ</span> 
     </span>
    </p>
   </div>
   <div class='ocr_carea' id='block_1_45' title="bbox 106 2839 1685 2916">
    <p class='ocr_par' dir='ltr' id='par_1_45' title="bbox 106 2839 1685 2916">
     <span class='ocr_line' id='line_1_45' title="bbox 106 2839 1685 2916; baseline -0.006 -12"><span class='ocrx_word' id='word_1_321' title='bbox 106 2850 189 2904; x_wconf 81' lang='grc' dir='ltr'><strong>τοῦ</strong></span> <span class='ocrx_word' id='word_1_322' title='bbox 223 2849 424 2912; x_wconf 73' lang='grc' dir='ltr'>ὕδατος</span> <span class='ocrx_word' id='word_1_323' title='bbox 453 2846 550 2901; x_wconf 84' lang='grc' dir='ltr'><strong>τοῦ</strong></span> <span class='ocrx_word' id='word_1_324' title='bbox 599 2845 889 2916; x_wconf 81' lang='grc' dir='ltr'>γενομένου</span> <span class='ocrx_word' id='word_1_325' title='bbox 940 2845 1042 2916; x_wconf 72' lang='grc' dir='ltr'>ἥδη</span> <span class='ocrx_word' id='word_1_326' title='bbox 1095 2845 1152 2897; x_wconf 84' lang='grc' dir='ltr'>ὲν</span> <span class='ocrx_word' id='word_1_327' title='bbox 1198 2844 1334 2914; x_wconf 80' lang='grc' dir='ltr'>αὑτῇ</span> <span class='ocrx_word' id='word_1_328' title='bbox 1363 2843 1546 2913; x_wconf 82' lang='grc' dir='ltr'>πηγῆς</span> <span class='ocrx_word' id='word_1_329' title='bbox 1575 2839 1685 2912; x_wconf 79' lang='grc'><strong>(17)</strong></span> 
     </span>
    </p>
   </div>
   <div class='ocr_carea' id='block_1_46' title="bbox 105 2933 1682 3012">
    <p class='ocr_par' dir='ltr' id='par_1_46' title="bbox 105 2933 1682 3012">
     <span class='ocr_line' id='line_1_46' title="bbox 105 2933 1682 3012; baseline -0.006 -15"><span class='ocrx_word' id='word_1_330' title='bbox 105 2942 293 3007; x_wconf 66' lang='grc' dir='ltr'>ὕδατος</span> <span class='ocrx_word' id='word_1_331' title='bbox 328 2940 630 3012; x_wconf 81' lang='grc' dir='ltr'>ἁλλομένου</span> <span class='ocrx_word' id='word_1_332' title='bbox 686 2939 768 3002; x_wconf 84' lang='grc' dir='ltr'>εἰς</span> <span class='ocrx_word' id='word_1_333' title='bbox 799 2936 944 3008; x_wconf 79' lang='grc' dir='ltr'><strong>ζωὴν</strong></span> <span class='ocrx_word' id='word_1_334' title='bbox 991 2935 1238 2990; x_wconf 82' lang='grc' dir='ltr'>αἰώνιον·</span> <span class='ocrx_word' id='word_1_335' title='bbox 1289 2935 1408 2999; x_wconf 85' lang='grc' dir='ltr'><strong>πῶς</strong></span> <span class='ocrx_word' id='word_1_336' title='bbox 1439 2933 1548 3005; x_wconf 86' lang='grc' dir='ltr'><strong>γὰρ</strong></span> <span class='ocrx_word' id='word_1_337' title='bbox 1595 2933 1682 2998; x_wconf 83' lang='grc' dir='ltr'>ἂν,</span> 
     </span>
    </p>
   </div>
   <div class='ocr_carea' id='block_1_47' title="bbox 104 3023 1689 3102">
    <p class='ocr_par' dir='ltr' id='par_1_47' title="bbox 104 3023 1689 3102">
     <span class='ocr_line' id='line_1_47' title="bbox 104 3023 1689 3102; baseline -0.008 -14"><span class='ocrx_word' id='word_1_338' title='bbox 104 3035 186 3088; x_wconf 79' lang='grc' dir='ltr'><strong>τοῦ</strong></span> <span class='ocrx_word' id='word_1_339' title='bbox 237 3035 437 3097; x_wconf 74' lang='grc' dir='ltr'>ὓδατος</span> <span class='ocrx_word' id='word_1_340' title='bbox 487 3030 679 3085; x_wconf 75' lang='grc' dir='ltr'>τούτου</span> <span class='ocrx_word' id='word_1_341' title='bbox 735 3029 809 3102; x_wconf 82' lang='grc' dir='ltr'>μὴ</span> <span class='ocrx_word' id='word_1_342' title='bbox 865 3028 1238 3100; x_wconf 85' lang='grc' dir='ltr'>μετειληφυῖα,</span> <span class='ocrx_word' id='word_1_343' title='bbox 1292 3023 1689 3097; x_wconf 81' lang='grc' dir='ltr'>φιλανθρώπως</span> 
     </span>
    </p>
   </div>
   <div class='ocr_carea' id='block_1_48' title="bbox 103 3113 1688 3200">
    <p class='ocr_par' dir='ltr' id='par_1_48' title="bbox 103 3113 1688 3200">
     <span class='ocr_line' id='line_1_48' title="bbox 103 3113 1688 3200; baseline -0.008 -20"><span class='ocrx_word' id='word_1_344' title='bbox 103 3127 335 3200; x_wconf 77' lang='grc' dir='ltr'>Χριστὸν</span> <span class='ocrx_word' id='word_1_345' title='bbox 386 3127 502 3189; x_wconf 86' lang='grc' dir='ltr'>τοῖς</span> <span class='ocrx_word' id='word_1_346' title='bbox 534 3122 775 3186; x_wconf 86' lang='grc' dir='ltr'>πολίταις</span> <span class='ocrx_word' id='word_1_347' title='bbox 808 3122 1097 3194; x_wconf 78' lang='grc' dir='ltr'>ἐκήρυσσε,</span> <span class='ocrx_word' id='word_1_348' title='bbox 1144 3117 1495 3188; x_wconf 80' lang='grc' dir='ltr'>θαυμάζουσα</span> <span class='ocrx_word' id='word_1_349' title='bbox 1527 3113 1688 3170; x_wconf 72' lang='grc' dir='ltr'>αὑτὸν</span> 
     </span>
    </p>
   </div>
   <div class='ocr_carea' id='block_1_49' title="bbox 105 3207 1687 3288">
    <p class='ocr_par' dir='ltr' id='par_1_49' title="bbox 105 3207 1687 3288">
     <span class='ocr_line' id='line_1_49' title="bbox 105 3207 1687 3288; baseline -0.008 -16"><span class='ocrx_word' id='word_1_350' title='bbox 105 3218 518 3288; x_wconf 75' lang='grc' dir='ltr'>ἀπαγγέλλοντα</span> <span class='ocrx_word' id='word_1_351' title='bbox 540 3216 718 3269; x_wconf 83' lang='grc' dir='ltr'>πάντα</span> <span class='ocrx_word' id='word_1_352' title='bbox 738 3213 774 3268; x_wconf 77' lang='grc' dir='ltr'><strong>ἃ.</strong></span> <span class='ocrx_word' id='word_1_353' title='bbox 801 3213 1074 3284; x_wconf 74' lang='grc' dir='ltr'>ἐποίησεν,</span> <span class='ocrx_word' id='word_1_354' title='bbox 1105 3212 1154 3263; x_wconf 84' lang='grc' dir='ltr'><strong>εί</strong></span> <span class='ocrx_word' id='word_1_355' title='bbox 1187 3209 1260 3281; x_wconf 79' lang='grc' dir='ltr'>μὴ</span> <span class='ocrx_word' id='word_1_356' title='bbox 1287 3209 1599 3280; x_wconf 80' lang='grc' dir='ltr'>μετειλήφει</span> <span class='ocrx_word' id='word_1_357' title='bbox 1621 3207 1687 3261; x_wconf 81' lang='grc' dir='ltr'><strong>δι’</strong></span> 
     </span>
    </p>
   </div>
   <div class='ocr_carea' id='block_1_50' title="bbox 106 3301 1688 3382">
    <p class='ocr_par' dir='ltr' id='par_1_50' title="bbox 106 3301 1688 3382">
     <span class='ocr_line' id='line_1_50' title="bbox 106 3301 1688 3382; baseline -0.006 -19"><span class='ocrx_word' id='word_1_358' title='bbox 106 3304 171 3363; x_wconf 81' lang='grc' dir='ltr'>ὧν</span> <span class='ocrx_word' id='word_1_359' title='bbox 201 3312 409 3382; x_wconf 67' lang='grc' dir='ltr'>ἤκουσε</span> <span class='ocrx_word' id='word_1_360' title='bbox 441 3308 553 3378; x_wconf 82' lang='grc'><strong>(18)</strong></span> <span class='ocrx_word' id='word_1_361' title='bbox 588 3305 682 3360; x_wconf 88' lang='grc' dir='ltr'><strong>τοῦ</strong></span> <span class='ocrx_word' id='word_1_362' title='bbox 714 3305 982 3378; x_wconf 81' lang='grc' dir='ltr'>σωτηρίου</span> <span class='ocrx_word' id='word_1_363' title='bbox 1006 3303 1230 3366; x_wconf 85' lang='grc' dir='ltr'>ὑδατος;</span> <span class='ocrx_word' id='word_1_364' title='bbox 1272 3301 1538 3354; x_wconf 88' lang='grc' dir='ltr'>Ῥεϐέκκα</span> <span class='ocrx_word' id='word_1_365' title='bbox 1569 3302 1688 3372; x_wconf 83' lang='grc' dir='ltr'>μέν·</span> 
     </span>
    </p>
   </div>
   <div class='ocr_carea' id='block_1_51' title="bbox 104 3393 1687 3472">
    <p class='ocr_par' dir='ltr' id='par_1_51' title="bbox 104 3393 1687 3472">
     <span class='ocr_line' id='line_1_51' title="bbox 104 3393 1687 3472; baseline -0.005 -18"><span class='ocrx_word' id='word_1_366' title='bbox 104 3419 198 3465; x_wconf 80' lang='grc' dir='ltr'>τοι,</span> <span class='ocrx_word' id='word_1_367' title='bbox 232 3403 334 3456; x_wconf 73' lang='grc' dir='ltr'><strong>καὶ</strong></span> <span class='ocrx_word' id='word_1_368' title='bbox 381 3399 522 3472; x_wconf 82' lang='grc' dir='ltr'>αὑτὴ</span> <span class='ocrx_word' id='word_1_369' title='bbox 575 3398 760 3471; x_wconf 85' lang='grc' dir='ltr'>ὑδρίαν</span> <span class='ocrx_word' id='word_1_370' title='bbox 794 3398 990 3470; x_wconf 78' lang='grc' dir='ltr'>ἔχουσα</span> <span class='ocrx_word' id='word_1_371' title='bbox 1034 3395 1126 3448; x_wconf 69' lang='grc' dir='ltr'><strong>ἐπὶ</strong></span> <span class='ocrx_word' id='word_1_372' title='bbox 1171 3393 1279 3448; x_wconf 83' lang='grc' dir='ltr'><strong>τῶν</strong></span> <span class='ocrx_word' id='word_1_373' title='bbox 1315 3393 1500 3464; x_wconf 77' lang='grc' dir='ltr'>ὤμων,</span> <span class='ocrx_word' id='word_1_374' title='bbox 1557 3395 1687 3464; x_wconf 74' lang='grc' dir='ltr'>πρὶν</span> 
     </span>
    </p>
   </div>
   <div class='ocr_carea' id='block_1_52' title="bbox 107 3478 1686 3553">
    <p class='ocr_par' dir='ltr' id='par_1_52' title="bbox 107 3478 1686 3553">
     <span class='ocr_line' id='line_1_52' title="bbox 107 3478 1686 3553; baseline -0.004 -15"><span class='ocrx_word' id='word_1_375' title='bbox 107 3486 426 3540; x_wconf 73' lang='grc' dir='ltr'>συντελέσαι</span> <span class='ocrx_word' id='word_1_376' title='bbox 473 3484 742 3538; x_wconf 86' lang='grc' dir='ltr'>λαλοῦντα</span> <span class='ocrx_word' id='word_1_377' title='bbox 788 3484 846 3536; x_wconf 86' lang='grc' dir='ltr'>ὲν</span> <span class='ocrx_word' id='word_1_378' title='bbox 891 3484 956 3553; x_wconf 80' lang='grc' dir='ltr'><strong>τῇ</strong></span> <span class='ocrx_word' id='word_1_379' title='bbox 1011 3481 1217 3552; x_wconf 77' lang='grc' dir='ltr'>διανοίᾳ</span> <span class='ocrx_word' id='word_1_380' title='bbox 1262 3480 1356 3533; x_wconf 80' lang='grc' dir='ltr'>τὸν</span> <span class='ocrx_word' id='word_1_381' title='bbox 1385 3479 1551 3532; x_wconf 87' lang='grc' dir='ltr'>παῖδα</span> <span class='ocrx_word' id='word_1_382' title='bbox 1593 3478 1686 3532; x_wconf 84' lang='grc' dir='ltr'><strong>τοῦ</strong></span> 
     </span>
    </p>
   </div>
   <div class='ocr_carea' id='block_1_53' title="bbox 116 3570 1686 3650">
    <p class='ocr_par' dir='ltr' id='par_1_53' title="bbox 116 3570 1686 3650">
     <span class='ocr_line' id='line_1_53' title="bbox 116 3570 1686 3650; baseline -0.006 -19"><span class='ocrx_word' id='word_1_383' title='bbox 116 3577 386 3650; x_wconf 69' lang='grc' dir='ltr'>Ἀϐραὰμ,</span> <span class='ocrx_word' id='word_1_384' title='bbox 425 3575 778 3648; x_wconf 76' lang='grc' dir='ltr'>ἐξεπορεύετο</span> <span class='ocrx_word' id='word_1_385' title='bbox 808 3573 948 3645; x_wconf 82' lang='grc' dir='ltr'>καλὴ</span> <span class='ocrx_word' id='word_1_386' title='bbox 976 3576 1043 3645; x_wconf 76' lang='grc' dir='ltr'>τῇ</span> <span class='ocrx_word' id='word_1_387' title='bbox 1065 3572 1185 3642; x_wconf 66' lang='grc' dir='ltr'>ὄψει</span> <span class='ocrx_word' id='word_1_388' title='bbox 1213 3570 1478 3642; x_wconf 88' lang='grc' dir='ltr'>παρθένος</span> <span class='ocrx_word' id='word_1_389' title='bbox 1502 3586 1518 3601; x_wconf 74' lang='grc'><strong><em>⁸</em></strong></span> <span class='ocrx_word' id='word_1_390' title='bbox 1545 3571 1686 3640; x_wconf 71' lang='grc' dir='ltr'>ἥτις,</span> 
     </span>
    </p>
   </div>
   <div class='ocr_carea' id='block_1_54' title="bbox 108 3662 1692 3742">
    <p class='ocr_par' dir='ltr' id='par_1_54' title="bbox 108 3662 1692 3742">
     <span class='ocr_line' id='line_1_54' title="bbox 108 3662 1692 3742; baseline -0.007 -18"><span class='ocrx_word' id='word_1_391' title='bbox 108 3672 332 3742; x_wconf 74' lang='grc' dir='ltr'>ἐπείπερ</span> <span class='ocrx_word' id='word_1_392' title='bbox 365 3669 466 3740; x_wconf 81' lang='grc' dir='ltr'>οὐχ</span> <span class='ocrx_word' id='word_1_393' title='bbox 498 3669 699 3739; x_wconf 83' lang='grc' dir='ltr'>ὁμοίως</span> <span class='ocrx_word' id='word_1_394' title='bbox 726 3666 902 3739; x_wconf 71' lang='grc' dir='ltr'>ἤντλει</span> <span class='ocrx_word' id='word_1_395' title='bbox 935 3667 1000 3737; x_wconf 84' lang='grc' dir='ltr'><strong>τῇ</strong></span> <span class='ocrx_word' id='word_1_396' title='bbox 1029 3663 1400 3736; x_wconf 83' lang='grc' dir='ltr'>Σαμαρείτιδι,</span> <span class='ocrx_word' id='word_1_397' title='bbox 1433 3662 1692 3716; x_wconf 88' lang='grc' dir='ltr'>καταϐαί-</span> 
     </span>
    </p>
   </div>
   <div class='ocr_carea' id='block_1_55' title="bbox 108 3753 1690 3835">
    <p class='ocr_par' dir='ltr' id='par_1_55' title="bbox 108 3753 1690 3835">
     <span class='ocr_line' id='line_1_55' title="bbox 108 3753 1690 3835; baseline -0.006 -20"><span class='ocrx_word' id='word_1_398' title='bbox 108 3781 179 3835; x_wconf 80' lang='grc' dir='ltr'><strong>νει</strong></span> <span class='ocrx_word' id='word_1_399' title='bbox 208 3763 304 3815; x_wconf 80' lang='grc' dir='ltr'><strong>ἐπὶ</strong></span> <span class='ocrx_word' id='word_1_400' title='bbox 333 3762 437 3833; x_wconf 77' lang='grc' dir='ltr'>τὴν</span> <span class='ocrx_word' id='word_1_401' title='bbox 481 3760 686 3833; x_wconf 83' lang='grc' dir='ltr'>πηγὴν,</span> <span class='ocrx_word' id='word_1_402' title='bbox 717 3759 812 3812; x_wconf 68' lang='grc' dir='ltr'>καὶ</span> <span class='ocrx_word' id='word_1_403' title='bbox 840 3757 1036 3829; x_wconf 85' lang='grc' dir='ltr'>πληροῖ</span> <span class='ocrx_word' id='word_1_404' title='bbox 1072 3757 1172 3828; x_wconf 80' lang='grc' dir='ltr'>τὴν</span> <span class='ocrx_word' id='word_1_405' title='bbox 1203 3755 1410 3827; x_wconf 90' lang='grc' dir='ltr'>ὑδρίαν,</span> <span class='ocrx_word' id='word_1_406' title='bbox 1442 3753 1690 3827; x_wconf 83' lang='grc' dir='ltr'>ἀναϐἀσῃ</span> 
     </span>
    </p>
   </div>
   <div class='ocr_carea' id='block_1_56' title="bbox 107 3846 1691 3927">
    <p class='ocr_par' dir='ltr' id='par_1_56' title="bbox 107 3846 1691 3927">
     <span class='ocr_line' id='line_1_56' title="bbox 107 3846 1691 3927; baseline -0.005 -19"><span class='ocrx_word' id='word_1_407' title='bbox 107 3873 158 3908; x_wconf 84' lang='grc' dir='ltr'><strong>τε</strong></span> <span class='ocrx_word' id='word_1_408' title='bbox 186 3857 322 3927; x_wconf 75' lang='grc' dir='ltr'>αὑτῇ</span> <span class='ocrx_word' id='word_1_409' title='bbox 351 3855 465 3925; x_wconf 88' lang='grc'>(19)</span> <span class='ocrx_word' id='word_1_410' title='bbox 503 3852 777 3924; x_wconf 78' lang='grc' dir='ltr'>ἐπιτρέχει</span> <span class='ocrx_word' id='word_1_411' title='bbox 806 3853 886 3914; x_wconf 81' lang='grc' dir='ltr'><strong>είς</strong></span> <span class='ocrx_word' id='word_1_412' title='bbox 919 3850 1240 3920; x_wconf 84' lang='grc' dir='ltr'>συνάντησιν</span> <span class='ocrx_word' id='word_1_413' title='bbox 1260 3849 1288 3900; x_wconf 87' lang='grc' dir='ltr'>ὁ</span> <span class='ocrx_word' id='word_1_414' title='bbox 1308 3846 1403 3900; x_wconf 89' lang='grc' dir='ltr'><strong>τοῦ</strong></span> <span class='ocrx_word' id='word_1_415' title='bbox 1442 3847 1691 3918; x_wconf 82' lang='grc' dir='ltr'>Ἀϐραὰμ</span> 
     </span>
    </p>
   </div>
   <div class='ocr_carea' id='block_1_57' title="bbox 108 3939 1691 4014">
    <p class='ocr_par' dir='ltr' id='par_1_57' title="bbox 108 3939 1691 4014">
     <span class='ocr_line' id='line_1_57' title="bbox 108 3939 1691 4014; baseline -0.008 -12"><span class='ocrx_word' id='word_1_416' title='bbox 108 3952 250 4014; x_wconf 64' lang='lat'><strong>7.11;,</strong></span> <span class='ocrx_word' id='word_1_417' title='bbox 281 3948 379 4002; x_wconf 70' lang='grc' dir='ltr'>καὶ</span> <span class='ocrx_word' id='word_1_418' title='bbox 429 3941 554 3999; x_wconf 74' lang='grc' dir='ltr'>εἷπε</span> <span class='ocrx_word' id='word_1_419' title='bbox 577 3962 592 3976; x_wconf 67' lang='grc' dir='ltr'><strong><em>ο</em></strong></span> <span class='ocrx_word' id='word_1_420' title='bbox 649 3964 667 3996; x_wconf 74' lang='grc' dir='ltr'><strong>ι</strong></span> <span class='ocrx_word' id='word_1_421' title='bbox 693 3943 918 3996; x_wconf 89' lang='grc' dir='ltr'>Πότισόν</span> <span class='ocrx_word' id='word_1_422' title='bbox 971 3958 1038 4012; x_wconf 89' lang='grc' dir='ltr'><strong>με</strong></span> <span class='ocrx_word' id='word_1_423' title='bbox 1087 3939 1282 4012; x_wconf 82' lang='grc' dir='ltr'>μικρὸν</span> <span class='ocrx_word' id='word_1_424' title='bbox 1325 3939 1468 4010; x_wconf 76' lang='grc' dir='ltr'>ὕδωρ</span> <span class='ocrx_word' id='word_1_425' title='bbox 1497 3939 1562 3991; x_wconf 84' lang='grc' dir='ltr'>ὲκ</span> <span class='ocrx_word' id='word_1_426' title='bbox 1592 3939 1691 4008; x_wconf 86' lang='grc' dir='ltr'>τῆς</span> 
     </span>
    </p>
   </div>
   <div class='ocr_carea' id='block_1_58' title="bbox 110 4029 1692 4113">
    <p class='ocr_par' dir='ltr' id='par_1_58' title="bbox 110 4029 1692 4113">
     <span class='ocr_line' id='line_1_58' title="bbox 110 4029 1692 4113; baseline -0.009 -17"><span class='ocrx_word' id='word_1_427' title='bbox 110 4042 290 4113; x_wconf 76' lang='grc' dir='ltr'>ὑδρίας</span> <span class='ocrx_word' id='word_1_428' title='bbox 321 4057 439 4094; x_wconf 88' lang='grc' dir='ltr'>σου.</span> <span class='ocrx_word' id='word_1_429' title='bbox 473 4059 493 4089; x_wconf 80' lang='grc'>›</span> <span class='ocrx_word' id='word_1_430' title='bbox 543 4037 697 4091; x_wconf 79' lang='grc' dir='ltr'>Ἐπεὶ</span> <span class='ocrx_word' id='word_1_431' title='bbox 723 4036 831 4108; x_wconf 80' lang='grc' dir='ltr'><strong>γὰρ</strong></span> <span class='ocrx_word' id='word_1_432' title='bbox 861 4036 990 4098; x_wconf 86' lang='grc' dir='ltr'>παῖς</span> <span class='ocrx_word' id='word_1_433' title='bbox 1021 4031 1088 4105; x_wconf 80' lang='grc' dir='ltr'>ἦν</span> <span class='ocrx_word' id='word_1_434' title='bbox 1114 4031 1206 4086; x_wconf 91' lang='grc' dir='ltr'><strong>τοῦ</strong></span> <span class='ocrx_word' id='word_1_435' title='bbox 1245 4030 1515 4102; x_wconf 81' lang='grc' dir='ltr'>Ἀϐραὰμ,</span> <span class='ocrx_word' id='word_1_436' title='bbox 1555 4029 1692 4099; x_wconf 75' lang='grc' dir='ltr'><strong>ἠγά-</strong></span> 
     </span>
    </p>
   </div>
   <div class='ocr_carea' id='block_1_59' title="bbox 111 4118 1693 4200">
    <p class='ocr_par' dir='ltr' id='par_1_59' title="bbox 111 4118 1693 4200">
     <span class='ocr_line' id='line_1_59' title="bbox 111 4118 1693 4200; baseline -0.008 -14"><span class='ocrx_word' id='word_1_437' title='bbox 111 4150 180 4185; x_wconf 76' lang='grc' dir='ltr'><strong>πα</strong></span> <span class='ocrx_word' id='word_1_438' title='bbox 203 4132 308 4185; x_wconf 73' lang='grc' dir='ltr'>κᾶν</span> <span class='ocrx_word' id='word_1_439' title='bbox 341 4127 546 4200; x_wconf 86' lang='grc' dir='ltr'>μικροῦ</span> <span class='ocrx_word' id='word_1_440' title='bbox 582 4127 772 4190; x_wconf 74' lang='grc' dir='ltr'>ὕδατος</span> <span class='ocrx_word' id='word_1_441' title='bbox 797 4124 905 4179; x_wconf 83' lang='grc' dir='ltr'><strong>ἀπὸ</strong></span> <span class='ocrx_word' id='word_1_442' title='bbox 938 4124 1035 4194; x_wconf 76' lang='grc' dir='ltr'>τῆς</span> <span class='ocrx_word' id='word_1_443' title='bbox 1059 4121 1246 4194; x_wconf 89' lang='grc' dir='ltr'>ὑδρίας</span> <span class='ocrx_word' id='word_1_444' title='bbox 1285 4119 1577 4182; x_wconf 88' lang='grc' dir='ltr'>Ῥεϐέκκας</span> <span class='ocrx_word' id='word_1_445' title='bbox 1604 4118 1693 4173; x_wconf 85' lang='grc' dir='ltr'>λα-</span> 
     </span>
    </p>
   </div>
   <div class='ocr_carea' id='block_1_60' title="bbox 113 4211 1691 4290">
    <p class='ocr_par' dir='ltr' id='par_1_60' title="bbox 113 4211 1691 4290">
     <span class='ocr_line' id='line_1_60' title="bbox 113 4211 1691 4290; baseline -0.008 -14"><span class='ocrx_word' id='word_1_446' title='bbox 113 4224 252 4278; x_wconf 82' lang='grc' dir='ltr'>ϐεῖν·</span> <span class='ocrx_word' id='word_1_447' title='bbox 305 4223 406 4276; x_wconf 74' lang='grc' dir='ltr'>καὶ</span> <span class='ocrx_word' id='word_1_448' title='bbox 451 4223 719 4274; x_wconf 76' lang='grc' dir='ltr'>ἔσπευσεν</span> <span class='ocrx_word' id='word_1_449' title='bbox 770 4220 803 4290; x_wconf 76' lang='grc' dir='ltr'>ἡ</span> <span class='ocrx_word' id='word_1_450' title='bbox 859 4216 1142 4280; x_wconf 88' lang='grc' dir='ltr'>Ῥεϐέκκα,</span> <span class='ocrx_word' id='word_1_451' title='bbox 1190 4214 1284 4268; x_wconf 73' lang='grc' dir='ltr'>καὶ</span> <span class='ocrx_word' id='word_1_452' title='bbox 1331 4211 1547 4265; x_wconf 86' lang='grc' dir='ltr'>καθεῖλε</span> <span class='ocrx_word' id='word_1_453' title='bbox 1592 4211 1691 4283; x_wconf 77' lang='grc' dir='ltr'>τὴν</span> 
     </span>
    </p>
   </div>
   <div class='ocr_carea' id='block_1_61' title="bbox 113 4303 1691 4387">
    <p class='ocr_par' dir='ltr' id='par_1_61' title="bbox 113 4303 1691 4387">
     <span class='ocr_line' id='line_1_61' title="bbox 113 4303 1691 4387; baseline -0.01 -16"><span class='ocrx_word' id='word_1_454' title='bbox 113 4317 294 4387; x_wconf 81' lang='grc' dir='ltr'>ὑδρίαν</span> <span class='ocrx_word' id='word_1_455' title='bbox 326 4313 425 4369; x_wconf 72' lang='grc' dir='ltr'><strong>ἐπὶ</strong></span> <span class='ocrx_word' id='word_1_456' title='bbox 479 4313 571 4366; x_wconf 81' lang='grc' dir='ltr'>τὸν</span> <span class='ocrx_word' id='word_1_457' title='bbox 621 4311 877 4384; x_wconf 85' lang='grc' dir='ltr'>βραχίονα</span> <span class='ocrx_word' id='word_1_458' title='bbox 922 4309 1031 4380; x_wconf 73' lang='grc'>(20)</span> <span class='ocrx_word' id='word_1_459' title='bbox 1060 4307 1248 4378; x_wconf 82' lang='grc' dir='ltr'>αὑτῆς,</span> <span class='ocrx_word' id='word_1_460' title='bbox 1304 4305 1399 4359; x_wconf 75' lang='grc' dir='ltr'>καὶ</span> <span class='ocrx_word' id='word_1_461' title='bbox 1440 4303 1691 4356; x_wconf 78' lang='grc' dir='ltr'>ἐπότισεν</span> 
     </span>
    </p>
   </div>
   <div class='ocr_carea' id='block_1_62' title="bbox 113 4391 1694 4476">
    <p class='ocr_par' dir='ltr' id='par_1_62' title="bbox 113 4391 1694 4476">
     <span class='ocr_line' id='line_1_62' title="bbox 113 4391 1694 4476; baseline -0.011 -12"><span class='ocrx_word' id='word_1_462' title='bbox 113 4411 288 4476; x_wconf 76' lang='grc' dir='ltr'>αὑτὸν,</span> <span class='ocrx_word' id='word_1_463' title='bbox 313 4411 423 4473; x_wconf 67' lang='grc' dir='ltr'><strong>ἕως</strong></span> <span class='ocrx_word' id='word_1_464' title='bbox 447 4406 725 4461; x_wconf 77' lang='grc' dir='ltr'>ἐπαύσατο</span> <span class='ocrx_word' id='word_1_465' title='bbox 751 4403 940 4458; x_wconf 85' lang='grc' dir='ltr'>πίνων.</span> <span class='ocrx_word' id='word_1_466' title='bbox 991 4400 1250 4470; x_wconf 86' lang='grc' dir='ltr'>Ἐπείπερ</span> <span class='ocrx_word' id='word_1_467' title='bbox 1271 4393 1362 4452; x_wconf 84' lang='grc' dir='ltr'><strong>οῦν</strong></span> <span class='ocrx_word' id='word_1_468' title='bbox 1382 4391 1450 4468; x_wconf 83' lang='grc' dir='ltr'>ἦν</span> <span class='ocrx_word' id='word_1_469' title='bbox 1478 4396 1694 4448; x_wconf 77' lang='grc' dir='ltr'>ἐπαινε-</span> 
     </span>
    </p>
   </div>
   <div class='ocr_carea' id='block_1_63' title="bbox 114 4487 1694 4574">
    <p class='ocr_par' dir='ltr' id='par_1_63' title="bbox 114 4487 1694 4574">
     <span class='ocr_line' id='line_1_63' title="bbox 114 4487 1694 4574; baseline -0.011 -17"><span class='ocrx_word' id='word_1_470' title='bbox 114 4503 174 4574; x_wconf 76' lang='grc' dir='ltr'>τὴ</span> <span class='ocrx_word' id='word_1_471' title='bbox 200 4504 233 4574; x_wconf 77' lang='grc' dir='ltr'><strong>η</strong></span> <span class='ocrx_word' id='word_1_472' title='bbox 264 4504 369 4574; x_wconf 80' lang='grc' dir='ltr'>τῆς</span> <span class='ocrx_word' id='word_1_473' title='bbox 407 4498 706 4560; x_wconf 89' lang='grc' dir='ltr'>Ῥεϐέκκας</span> <span class='ocrx_word' id='word_1_474' title='bbox 737 4495 914 4568; x_wconf 88' lang='grc' dir='ltr'>ὑδρία,</span> <span class='ocrx_word' id='word_1_475' title='bbox 948 4494 1008 4548; x_wconf 88' lang='grc' dir='ltr'><strong>οὑ</strong></span> <span class='ocrx_word' id='word_1_476' title='bbox 1047 4490 1434 4546; x_wconf 86' lang='grc' dir='ltr'>καταλείπεται</span> <span class='ocrx_word' id='word_1_477' title='bbox 1463 4487 1557 4541; x_wconf 83' lang='grc' dir='ltr'><strong>ἀπ’</strong></span> <span class='ocrx_word' id='word_1_478' title='bbox 1596 4487 1694 4540; x_wconf 89' lang='grc' dir='ltr'>αὑ-</span> 
     </span>
    </p>
   </div>
   <div class='ocr_carea' id='block_1_64' title="bbox 115 4577 1772 4676">
    <p class='ocr_par' dir='ltr' id='par_1_64' title="bbox 115 4577 1772 4676">
     <span class='ocr_line' id='line_1_64' title="bbox 115 4577 1772 4676; baseline -0.012 -28"><span class='ocrx_word' id='word_1_479' title='bbox 115 4594 226 4663; x_wconf 81' lang='grc' dir='ltr'>τῆς,</span> <span class='ocrx_word' id='word_1_480' title='bbox 255 4594 291 4664; x_wconf 78' lang='grc' dir='ltr'>ἡ</span> <span class='ocrx_word' id='word_1_481' title='bbox 313 4592 370 4646; x_wconf 77' lang='grc' dir='ltr'>δὲ</span> <span class='ocrx_word' id='word_1_482' title='bbox 398 4591 499 4660; x_wconf 80' lang='grc' dir='ltr'>τῆς</span> <span class='ocrx_word' id='word_1_483' title='bbox 520 4587 929 4660; x_wconf 84' lang='grc' dir='ltr'>Σαμαρείτιδος,</span> <span class='ocrx_word' id='word_1_484' title='bbox 959 4579 1093 4638; x_wconf 75' lang='grc' dir='ltr'>οὖσα</span> <span class='ocrx_word' id='word_1_485' title='bbox 1119 4583 1237 4653; x_wconf 85' lang='grc' dir='ltr'>ὥρα</span> <span class='ocrx_word' id='word_1_486' title='bbox 1261 4581 1418 4652; x_wconf 77' lang='grc' dir='ltr'>ἕκτη,</span> <span class='ocrx_word' id='word_1_487' title='bbox 1450 4577 1689 4648; x_wconf 83' lang='grc' dir='ltr'>ἀφίεται.</span> <span class='ocrx_word' id='word_1_488' title='bbox 1727 4620 1772 4676; x_wconf 75' lang='lat' dir='ltr'><strong>D</strong></span> 
     </span>
    </p>
   </div>
   <div class='ocr_carea' id='block_1_65' title="bbox 127 4669 1696 4754">
    <p class='ocr_par' dir='ltr' id='par_1_65' title="bbox 127 4669 1696 4754">
     <span class='ocr_line' id='line_1_65' title="bbox 127 4669 1696 4754; baseline -0.012 -15"><span class='ocrx_word' id='word_1_489' title='bbox 127 4684 341 4738; x_wconf 72' lang='grc' dir='ltr'>Ἐνθαδε</span> <span class='ocrx_word' id='word_1_490' title='bbox 377 4682 476 4754; x_wconf 82' lang='grc' dir='ltr'>μὲν</span> <span class='ocrx_word' id='word_1_491' title='bbox 499 4681 564 4752; x_wconf 82' lang='grc' dir='ltr'>δὴ</span> <span class='ocrx_word' id='word_1_492' title='bbox 590 4681 703 4744; x_wconf 87' lang='grc' dir='ltr'>τοῖς</span> <span class='ocrx_word' id='word_1_493' title='bbox 735 4676 1100 4749; x_wconf 87' lang='grc' dir='ltr'>Σαμαρείταις</span> <span class='ocrx_word' id='word_1_494' title='bbox 1127 4672 1262 4743; x_wconf 83' lang='grc' dir='ltr'>γυνὴ</span> <span class='ocrx_word' id='word_1_495' title='bbox 1288 4669 1696 4740; x_wconf 69' lang='grc' dir='ltr'>εὐαγγελίζεται</span> 
     </span>
    </p>
   </div>
   <div class='ocr_carea' id='block_1_66' title="bbox 117 4760 1698 4848">
    <p class='ocr_par' dir='ltr' id='par_1_66' title="bbox 117 4760 1698 4848">
     <span class='ocr_line' id='line_1_66' title="bbox 117 4760 1698 4848; baseline -0.011 -17"><span class='ocrx_word' id='word_1_496' title='bbox 117 4778 201 4830; x_wconf 67' lang='grc' dir='ltr'>τὸν</span> <span class='ocrx_word' id='word_1_497' title='bbox 226 4775 488 4848; x_wconf 81' lang='grc' dir='ltr'>Χριστόν·</span> <span class='ocrx_word' id='word_1_498' title='bbox 540 4774 632 4826; x_wconf 76' lang='grc' dir='ltr'><strong>ἐπὶ</strong></span> <span class='ocrx_word' id='word_1_499' title='bbox 658 4771 800 4826; x_wconf 91' lang='grc' dir='ltr'>τέλει</span> <span class='ocrx_word' id='word_1_500' title='bbox 848 4771 905 4824; x_wconf 85' lang='grc' dir='ltr'>δὲ</span> <span class='ocrx_word' id='word_1_501' title='bbox 951 4768 1060 4822; x_wconf 84' lang='grc' dir='ltr'><strong>τῶν</strong></span> <span class='ocrx_word' id='word_1_502' title='bbox 1088 4765 1435 4835; x_wconf 85' lang='grc' dir='ltr'>Εὐαγγελίων</span> <span class='ocrx_word' id='word_1_503' title='bbox 1481 4763 1574 4817; x_wconf 69' lang='grc' dir='ltr'><strong>καὶ</strong></span> <span class='ocrx_word' id='word_1_504' title='bbox 1599 4760 1698 4832; x_wconf 81' lang='grc' dir='ltr'>τὴν</span> 
     </span>
    </p>
   </div>
   <div class='ocr_carea' id='block_1_67' title="bbox 118 4851 1697 4934">
    <p class='ocr_par' dir='ltr' id='par_1_67' title="bbox 118 4851 1697 4934">
     <span class='ocr_line' id='line_1_67' title="bbox 118 4851 1697 4934; baseline -0.013 -11"><span class='ocrx_word' id='word_1_505' title='bbox 118 4869 408 4922; x_wconf 69' lang='grc' dir='ltr'>ἀνάστασιν</span> <span class='ocrx_word' id='word_1_506' title='bbox 454 4864 551 4919; x_wconf 87' lang='grc' dir='ltr'><strong>τοῦ</strong></span> <span class='ocrx_word' id='word_1_507' title='bbox 581 4863 834 4934; x_wconf 80' lang='grc' dir='ltr'>Σωτῆρος</span> <span class='ocrx_word' id='word_1_508' title='bbox 860 4862 972 4924; x_wconf 86' lang='grc' dir='ltr'>τοῖς</span> <span class='ocrx_word' id='word_1_509' title='bbox 1005 4857 1319 4921; x_wconf 86' lang='grc' dir='ltr'>ἀποστόλοις</span> <span class='ocrx_word' id='word_1_510' title='bbox 1357 4857 1390 4928; x_wconf 79' lang='grc' dir='ltr'>ἡ</span> <span class='ocrx_word' id='word_1_511' title='bbox 1420 4853 1525 4926; x_wconf 81' lang='grc' dir='ltr'>πρὸ</span> <span class='ocrx_word' id='word_1_512' title='bbox 1563 4851 1697 4905; x_wconf 85' lang='grc' dir='ltr'>πάν-</span> 
     </span>
    </p>
   </div>
   <div class='ocr_carea' id='block_1_68' title="bbox 119 4942 1696 5027">
    <p class='ocr_par' dir='ltr' id='par_1_68' title="bbox 119 4942 1696 5027">
     <span class='ocr_line' id='line_1_68' title="bbox 119 4942 1696 5027; baseline -0.011 -15"><span class='ocrx_word' id='word_1_513' title='bbox 119 4978 219 5013; x_wconf 84' lang='grc' dir='ltr'><strong>των</strong></span> <span class='ocrx_word' id='word_1_514' title='bbox 267 4958 430 5014; x_wconf 79' lang='grc' dir='ltr'>αὑτὸν</span> <span class='ocrx_word' id='word_1_515' title='bbox 476 4955 790 5027; x_wconf 88' lang='grc' dir='ltr'>θεασαμένη</span> <span class='ocrx_word' id='word_1_516' title='bbox 839 4952 978 5024; x_wconf 81' lang='grc' dir='ltr'>γυνὴ</span> <span class='ocrx_word' id='word_1_517' title='bbox 1020 4951 1308 5022; x_wconf 87' lang='grc' dir='ltr'>διηγεῖται.</span> <span class='ocrx_word' id='word_1_518' title='bbox 1385 4945 1526 4998; x_wconf 83' lang='grc' dir='ltr'>Ἀλλ’</span> <span class='ocrx_word' id='word_1_519' title='bbox 1570 4942 1696 4997; x_wconf 74' lang='grc' dir='ltr'>οὔτε</span> 
     </span>
    </p>
   </div>
   <div class='ocr_carea' id='block_1_69' title="bbox 1783 2007 3367 2077">
    <p class='ocr_par' dir='ltr' id='par_1_69' title="bbox 1783 2007 3367 2077">
     <span class='ocr_line' id='line_1_69' title="bbox 1783 2007 3367 2077; baseline -0.005 -10"><span class='ocrx_word' id='word_1_520' title='bbox 1783 2012 1998 2067; x_wconf 89' lang='lat' dir='ltr'><strong>omissis</strong></span> <span class='ocrx_word' id='word_1_521' title='bbox 2029 2011 2347 2066; x_wconf 87' lang='lat' dir='ltr'><strong>festinemus</strong></span> <span class='ocrx_word' id='word_1_522' title='bbox 2369 2010 2432 2063; x_wconf 90' lang='lat' dir='ltr'><strong>ad</strong></span> <span class='ocrx_word' id='word_1_523' title='bbox 2463 2007 2968 2065; x_wconf 87' lang='lat' dir='ltr'><strong>communicaudam</strong></span> <span class='ocrx_word' id='word_1_524' title='bbox 3005 2007 3150 2070; x_wconf 90' lang='lat' dir='ltr'><strong>aliis,</strong></span> <span class='ocrx_word' id='word_1_525' title='bbox 3197 2023 3367 2077; x_wconf 85' lang='lat' dir='ltr'><strong>quam</strong></span> 
     </span>
    </p>
   </div>
   <div class='ocr_carea' id='block_1_70' title="bbox 1783 2097 3370 2174">
    <p class='ocr_par' dir='ltr' id='par_1_70' title="bbox 1783 2097 3370 2174">
     <span class='ocr_line' id='line_1_70' title="bbox 1783 2097 3370 2174; baseline -0.004 -19"><span class='ocrx_word' id='word_1_526' title='bbox 1783 2102 2315 2174; x_wconf 89' lang='lat' dir='ltr'><strong>participaverimus,</strong></span> <span class='ocrx_word' id='word_1_527' title='bbox 2358 2100 2647 2155; x_wconf 82' lang='lat' dir='ltr'><strong>utilitatem</strong></span> <span class='ocrx_word' id='word_1_528' title='bbox 2679 2116 2692 2153; x_wconf 90' lang='lat'><strong>:</strong></span> <span class='ocrx_word' id='word_1_529' title='bbox 2727 2099 2792 2152; x_wconf 90' lang='lat' dir='ltr'><strong>ad</strong></span> <span class='ocrx_word' id='word_1_530' title='bbox 2821 2099 2922 2153; x_wconf 92' lang='lat' dir='ltr'><strong>hoc</strong></span> <span class='ocrx_word' id='word_1_531' title='bbox 2961 2113 3194 2166; x_wconf 82' lang='lat' dir='ltr'><strong>namque</strong></span> <span class='ocrx_word' id='word_1_532' title='bbox 3229 2097 3370 2151; x_wconf 78' lang='lat' dir='ltr'><strong>invi-</strong></span> 
     </span>
    </p>
   </div>
   <div class='ocr_carea' id='block_1_71' title="bbox 1787 2188 3364 2265">
    <p class='ocr_par' dir='ltr' id='par_1_71' title="bbox 1787 2188 3364 2265">
     <span class='ocr_line' id='line_1_71' title="bbox 1787 2188 3364 2265; baseline -0.004 -16"><span class='ocrx_word' id='word_1_533' title='bbox 1787 2205 1864 2249; x_wconf 86' lang='lat' dir='ltr'><strong>tat</strong></span> <span class='ocrx_word' id='word_1_534' title='bbox 1893 2195 2222 2265; x_wconf 77' lang='lat' dir='ltr'><strong>evangelista</strong></span> <span class='ocrx_word' id='word_1_535' title='bbox 2269 2192 2484 2247; x_wconf 89' lang='lat' dir='ltr'><strong>laudem</strong></span> <span class='ocrx_word' id='word_1_536' title='bbox 2535 2191 2783 2245; x_wconf 71' lang='lat' dir='ltr'><strong>scribens</strong></span> <span class='ocrx_word' id='word_1_537' title='bbox 2828 2189 3074 2245; x_wconf 86' lang='lat' dir='ltr'><strong>mulieris</strong></span> <span class='ocrx_word' id='word_1_538' title='bbox 3107 2188 3364 2258; x_wconf 82' lang='lat' dir='ltr'><strong>prudenti</strong></span> 
     </span>
    </p>
   </div>
   <div class='ocr_carea' id='block_1_72' title="bbox 1787 2279 3368 2352">
    <p class='ocr_par' dir='ltr' id='par_1_72' title="bbox 1787 2279 3368 2352">
     <span class='ocr_line' id='line_1_72' title="bbox 1787 2279 3368 2352; baseline -0.005 -12"><span class='ocrx_word' id='word_1_539' title='bbox 1787 2286 1996 2341; x_wconf 87' lang='lat' dir='ltr'><strong>lectori.</strong></span> <span class='ocrx_word' id='word_1_540' title='bbox 2030 2285 2138 2339; x_wconf 85' lang='lat' dir='ltr'><strong>Sed</strong></span> <span class='ocrx_word' id='word_1_541' title='bbox 2174 2284 2240 2339; x_wconf 89' lang='lat' dir='ltr'><strong>ad</strong></span> <span class='ocrx_word' id='word_1_542' title='bbox 2270 2284 2516 2338; x_wconf 86' lang='lat' dir='ltr'><strong>altiorem</strong></span> <span class='ocrx_word' id='word_1_543' title='bbox 2547 2280 2961 2352; x_wconf 81' lang='lat' dir='ltr'><strong>intelligentiam</strong></span> <span class='ocrx_word' id='word_1_544' title='bbox 3004 2279 3368 2334; x_wconf 88' lang='lat' dir='ltr'><strong>intendendus</strong></span> 
     </span>
    </p>
   </div>
   <div class='ocr_carea' id='block_1_73' title="bbox 1783 2373 3368 2447">
    <p class='ocr_par' dir='ltr' id='par_1_73' title="bbox 1783 2373 3368 2447">
     <span class='ocr_line' id='line_1_73' title="bbox 1783 2373 3368 2447; baseline -0.006 -13"><span class='ocrx_word' id='word_1_545' title='bbox 1783 2389 1869 2434; x_wconf 88' lang='lat' dir='ltr'><strong>est</strong></span> <span class='ocrx_word' id='word_1_546' title='bbox 1902 2378 2137 2441; x_wconf 90' lang='lat' dir='ltr'><strong>animus,</strong></span> <span class='ocrx_word' id='word_1_547' title='bbox 2162 2391 2412 2447; x_wconf 74' lang='lat' dir='ltr'><strong>quzenam</strong></span> <span class='ocrx_word' id='word_1_548' title='bbox 2445 2376 2654 2432; x_wconf 87' lang='lat' dir='ltr'><strong>scilicet</strong></span> <span class='ocrx_word' id='word_1_549' title='bbox 2685 2375 2755 2430; x_wconf 90' lang='lat' dir='ltr'><strong>sit</strong></span> <span class='ocrx_word' id='word_1_550' title='bbox 2784 2373 2975 2445; x_wconf 86' lang='lat' dir='ltr'><strong>hydria</strong></span> <span class='ocrx_word' id='word_1_551' title='bbox 3007 2388 3169 2442; x_wconf 90' lang='lat' dir='ltr'><strong>quam</strong></span> <span class='ocrx_word' id='word_1_552' title='bbox 3201 2373 3368 2428; x_wconf 55' lang='lat' dir='ltr'><strong>reliua</strong></span> 
     </span>
    </p>
   </div>
   <div class='ocr_carea' id='block_1_74' title="bbox 1784 2463 3370 2540">
    <p class='ocr_par' dir='ltr' id='par_1_74' title="bbox 1784 2463 3370 2540">
     <span class='ocr_line' id='line_1_74' title="bbox 1784 2463 3370 2540; baseline -0.005 -16"><span class='ocrx_word' id='word_1_553' title='bbox 1784 2471 1900 2540; x_wconf 91' lang='lat' dir='ltr'><strong>quit</strong></span> <span class='ocrx_word' id='word_1_554' title='bbox 1931 2471 2234 2536; x_wconf 88' lang='lat' dir='ltr'><strong>Samaritis,</strong></span> <span class='ocrx_word' id='word_1_555' title='bbox 2264 2485 2382 2540; x_wconf 65' lang='lat' dir='ltr'><strong>quae</strong></span> <span class='ocrx_word' id='word_1_556' title='bbox 2443 2469 2623 2538; x_wconf 80' lang='lat' dir='ltr'><strong>aliquo</strong></span> <span class='ocrx_word' id='word_1_557' title='bbox 2674 2467 2832 2522; x_wconf 90' lang='lat' dir='ltr'><strong>modo</strong></span> <span class='ocrx_word' id='word_1_558' title='bbox 2887 2474 3175 2535; x_wconf 88' lang='lat' dir='ltr'><strong>acceperat</strong></span> <span class='ocrx_word' id='word_1_559' title='bbox 3233 2463 3370 2519; x_wconf 73' lang='lat' dir='ltr'><strong>Jesu&#39;</strong></span> 
     </span>
    </p>
   </div>
   <div class='ocr_carea' id='block_1_75' title="bbox 1785 2555 3368 2627">
    <p class='ocr_par' dir='ltr' id='par_1_75' title="bbox 1785 2555 3368 2627">
     <span class='ocr_line' id='line_1_75' title="bbox 1785 2555 3368 2627; baseline -0.007 -11"><span class='ocrx_word' id='word_1_560' title='bbox 1785 2575 2103 2625; x_wconf 87' lang='lat' dir='ltr'><strong>sermones;</strong></span> <span class='ocrx_word' id='word_1_561' title='bbox 2135 2569 2190 2615; x_wconf 87' lang='lat' dir='ltr'><strong>et</strong></span> <span class='ocrx_word' id='word_1_562' title='bbox 2220 2559 2454 2615; x_wconf 87' lang='lat' dir='ltr'><strong>fortasse</strong></span> <span class='ocrx_word' id='word_1_563' title='bbox 2483 2575 2577 2614; x_wconf 88' lang='lat' dir='ltr'><strong>vas</strong></span> <span class='ocrx_word' id='word_1_564' title='bbox 2606 2573 2760 2627; x_wconf 66' lang='lat' dir='ltr'><strong>aqua:</strong></span> <span class='ocrx_word' id='word_1_565' title='bbox 2791 2557 3091 2612; x_wconf 71' lang='lat' dir='ltr'><strong>nobilitataa</strong></span> <span class='ocrx_word' id='word_1_566' title='bbox 3139 2555 3210 2608; x_wconf 91' lang='lat' dir='ltr'><strong>ob</strong></span> <span class='ocrx_word' id='word_1_567' title='bbox 3239 2569 3368 2624; x_wconf 85' lang='lat' dir='ltr'><strong>pro-</strong></span> 
     </span>
    </p>
   </div>
   <div class='ocr_carea' id='block_1_76' title="bbox 1788 2646 3365 2719">
    <p class='ocr_par' dir='ltr' id='par_1_76' title="bbox 1788 2646 3365 2719">
     <span class='ocr_line' id='line_1_76' title="bbox 1788 2646 3365 2719; baseline -0.005 -12"><span class='ocrx_word' id='word_1_568' title='bbox 1788 2653 2109 2709; x_wconf 87' lang='lat' dir='ltr'><strong>funditatem</strong></span> <span class='ocrx_word' id='word_1_569' title='bbox 2141 2654 2424 2715; x_wconf 62' lang='lat' dir='ltr'><strong>doctrinae,</strong></span> <span class='ocrx_word' id='word_1_570' title='bbox 2448 2652 2536 2705; x_wconf 89' lang='lat' dir='ltr'><strong>his</strong></span> <span class='ocrx_word' id='word_1_571' title='bbox 2564 2651 2725 2705; x_wconf 88' lang='lat' dir='ltr'><strong>rebus</strong></span> <span class='ocrx_word' id='word_1_572' title='bbox 2753 2664 2886 2719; x_wconf 87' lang='lat' dir='ltr'><strong>quas</strong></span> <span class='ocrx_word' id='word_1_573' title='bbox 2913 2659 3071 2702; x_wconf 86' lang='lat' dir='ltr'><strong>antea</strong></span> <span class='ocrx_word' id='word_1_574' title='bbox 3109 2646 3365 2708; x_wconf 85' lang='lat' dir='ltr'><strong>curabat,</strong></span> 
     </span>
    </p>
   </div>
   <div class='ocr_carea' id='block_1_77' title="bbox 1787 2735 3371 2814">
    <p class='ocr_par' dir='ltr' id='par_1_77' title="bbox 1787 2735 3371 2814">
     <span class='ocr_line' id='line_1_77' title="bbox 1787 2735 3371 2814; baseline -0.009 -16"><span class='ocrx_word' id='word_1_575' title='bbox 1787 2743 2004 2814; x_wconf 86' lang='lat' dir='ltr'><strong>spretis,</strong></span> <span class='ocrx_word' id='word_1_576' title='bbox 2038 2742 2252 2812; x_wconf 84' lang='lat' dir='ltr'><strong>reponit</strong></span> <span class='ocrx_word' id='word_1_577' title='bbox 2278 2741 2418 2810; x_wconf 88' lang='lat' dir='ltr'><strong>apud</strong></span> <span class='ocrx_word' id='word_1_578' title='bbox 2458 2753 2582 2793; x_wconf 90' lang='lat' dir='ltr'><strong>eum</strong></span> <span class='ocrx_word' id='word_1_579' title='bbox 2619 2738 2710 2806; x_wconf 91' lang='lat' dir='ltr'><strong>qui</strong></span> <span class='ocrx_word' id='word_1_580' title='bbox 2742 2750 2870 2790; x_wconf 88' lang='lat' dir='ltr'><strong>vase</strong></span> <span class='ocrx_word' id='word_1_581' title='bbox 2897 2735 3056 2804; x_wconf 82' lang='lat' dir='ltr'><strong>longe</strong></span> <span class='ocrx_word' id='word_1_582' title='bbox 3096 2741 3371 2803; x_wconf 67' lang='lat' dir='ltr'><strong>prmstan-</strong></span> 
     </span>
    </p>
   </div>
   <div class='ocr_carea' id='block_1_78' title="bbox 1790 2821 3370 2900">
    <p class='ocr_par' dir='ltr' id='par_1_78' title="bbox 1790 2821 3370 2900">
     <span class='ocr_line' id='line_1_78' title="bbox 1790 2821 3370 2900; baseline -0.009 -12"><span class='ocrx_word' id='word_1_583' title='bbox 1790 2835 1895 2889; x_wconf 87' lang='lat' dir='ltr'><strong>tior</strong></span> <span class='ocrx_word' id='word_1_584' title='bbox 1927 2843 2030 2898; x_wconf 83' lang='lat' dir='ltr'><strong>est,</strong></span> <span class='ocrx_word' id='word_1_585' title='bbox 2061 2847 2184 2887; x_wconf 90' lang='lat' dir='ltr'><strong>cum</strong></span> <span class='ocrx_word' id='word_1_586' title='bbox 2229 2829 2553 2900; x_wconf 86' lang='lat' dir='ltr'><strong>sumpsisset</strong></span> <span class='ocrx_word' id='word_1_587' title='bbox 2580 2841 2643 2880; x_wconf 80' lang='lat' dir='ltr'><strong>ex</strong></span> <span class='ocrx_word' id='word_1_588' title='bbox 2679 2827 2766 2880; x_wconf 89' lang='lat' dir='ltr'><strong>illa</strong></span> <span class='ocrx_word' id='word_1_589' title='bbox 2802 2840 2966 2894; x_wconf 85' lang='lat' dir='ltr'><strong>aqua,</strong></span> <span class='ocrx_word' id='word_1_590' title='bbox 2997 2838 3118 2891; x_wconf 63' lang='lat' dir='ltr'><strong>qua:</strong></span> <span class='ocrx_word' id='word_1_591' title='bbox 3160 2823 3275 2892; x_wconf 87' lang='lat' dir='ltr'><strong>jam</strong></span> <span class='ocrx_word' id='word_1_592' title='bbox 3313 2821 3370 2874; x_wconf 82' lang='lat' dir='ltr'><strong>in</strong></span> 
     </span>
    </p>
   </div>
   <div class='ocr_carea' id='block_1_79' title="bbox 1788 2913 3366 2988">
    <p class='ocr_par' dir='ltr' id='par_1_79' title="bbox 1788 2913 3366 2988">
     <span class='ocr_line' id='line_1_79' title="bbox 1788 2913 3366 2988; baseline -0.011 -8"><span class='ocrx_word' id='word_1_593' title='bbox 1788 2941 1847 2981; x_wconf 88' lang='lat' dir='ltr'><strong>se</strong></span> <span class='ocrx_word' id='word_1_594' title='bbox 1877 2924 2019 2979; x_wconf 88' lang='lat' dir='ltr'><strong>facta</strong></span> <span class='ocrx_word' id='word_1_595' title='bbox 2063 2922 2242 2977; x_wconf 90' lang='lat' dir='ltr'><strong>fuerat</strong></span> <span class='ocrx_word' id='word_1_596' title='bbox 2277 2921 2398 2976; x_wconf 86' lang='lat' dir='ltr'><strong>fons</strong></span> <span class='ocrx_word' id='word_1_597' title='bbox 2441 2933 2596 2988; x_wconf 59' lang='lat' dir='ltr'><strong>aquae</strong></span> <span class='ocrx_word' id='word_1_598' title='bbox 2629 2916 2874 2972; x_wconf 86' lang='lat' dir='ltr'><strong>salientis</strong></span> <span class='ocrx_word' id='word_1_599' title='bbox 2907 2915 2975 2968; x_wconf 89' lang='lat' dir='ltr'><strong>ad</strong></span> <span class='ocrx_word' id='word_1_600' title='bbox 3007 2913 3172 2966; x_wconf 91' lang='lat' dir='ltr'><strong>vitam</strong></span> <span class='ocrx_word' id='word_1_601' title='bbox 3203 2923 3366 2965; x_wconf 63' lang='lat' dir='ltr'><strong>aeter-</strong></span> 
     </span>
    </p>
   </div>
   <div class='ocr_carea' id='block_1_80' title="bbox 1789 3003 3370 3082">
    <p class='ocr_par' dir='ltr' id='par_1_80' title="bbox 1789 3003 3370 3082">
     <span class='ocr_line' id='line_1_80' title="bbox 1789 3003 3370 3082; baseline -0.01 -10"><span class='ocrx_word' id='word_1_602' title='bbox 1789 3033 1914 3073; x_wconf 91' lang='lat' dir='ltr'><strong>nam</strong></span> <span class='ocrx_word' id='word_1_603' title='bbox 1941 3015 2009 3070; x_wconf 83' lang='grc'><strong>⁸⁸.</strong></span> <span class='ocrx_word' id='word_1_604' title='bbox 2047 3013 2332 3082; x_wconf 84' lang='lat' dir='ltr'><strong>Quomodo</strong></span> <span class='ocrx_word' id='word_1_605' title='bbox 2360 3011 2504 3066; x_wconf 85' lang='lat' dir='ltr'><strong>enim</strong></span> <span class='ocrx_word' id='word_1_606' title='bbox 2533 3009 2577 3064; x_wconf 87' lang='lat' dir='ltr'><strong>si</strong></span> <span class='ocrx_word' id='word_1_607' title='bbox 2610 3023 2714 3062; x_wconf 91' lang='lat' dir='ltr'><strong>non</strong></span> <span class='ocrx_word' id='word_1_608' title='bbox 2751 3006 3021 3076; x_wconf 85' lang='lat' dir='ltr'><strong>particeps</strong></span> <span class='ocrx_word' id='word_1_609' title='bbox 3061 3003 3184 3058; x_wconf 86' lang='lat' dir='ltr'><strong>talis</strong></span> <span class='ocrx_word' id='word_1_610' title='bbox 3213 3016 3370 3070; x_wconf 68' lang='lat' dir='ltr'><strong>aqua</strong></span> 
     </span>
    </p>
   </div>
   <div class='ocr_carea' id='block_1_81' title="bbox 1791 3091 3371 3176">
    <p class='ocr_par' dir='ltr' id='par_1_81' title="bbox 1791 3091 3371 3176">
     <span class='ocr_line' id='line_1_81' title="bbox 1791 3091 3371 3176; baseline -0.011 -14"><span class='ocrx_word' id='word_1_611' title='bbox 1791 3105 2311 3176; x_wconf 83' lang='lat' dir='ltr'><strong>fuisset,quomodo,</strong></span> <span class='ocrx_word' id='word_1_612' title='bbox 2329 3102 2573 3170; x_wconf 88' lang='lat' dir='ltr'><strong>inquam,</strong></span> <span class='ocrx_word' id='word_1_613' title='bbox 2597 3099 2829 3152; x_wconf 87' lang='lat' dir='ltr'><strong>humane</strong></span> <span class='ocrx_word' id='word_1_614' title='bbox 2850 3095 3123 3150; x_wconf 80' lang='lat' dir='ltr'><strong>Christum</strong></span> <span class='ocrx_word' id='word_1_615' title='bbox 3155 3091 3371 3146; x_wconf 79' lang='lat' dir='ltr'><strong>civibus</strong></span> 
     </span>
    </p>
   </div>
   <div class='ocr_carea' id='block_1_82' title="bbox 1791 3184 3370 3268">
    <p class='ocr_par' dir='ltr' id='par_1_82' title="bbox 1791 3184 3370 3268">
     <span class='ocr_line' id='line_1_82' title="bbox 1791 3184 3370 3268; baseline -0.012 -15"><span class='ocrx_word' id='word_1_616' title='bbox 1791 3196 2162 3268; x_wconf 73' lang='lat' dir='ltr'><strong>praedicasset,</strong></span> <span class='ocrx_word' id='word_1_617' title='bbox 2191 3193 2472 3247; x_wconf 88' lang='lat' dir='ltr'><strong>admirans</strong></span> <span class='ocrx_word' id='word_1_618' title='bbox 2511 3204 2632 3244; x_wconf 89' lang='lat' dir='ltr'><strong>eum</strong></span> <span class='ocrx_word' id='word_1_619' title='bbox 2665 3187 2768 3241; x_wconf 85' lang='lat' dir='ltr'><strong>sibi</strong></span> <span class='ocrx_word' id='word_1_620' title='bbox 2811 3184 2990 3240; x_wconf 85' lang='lat' dir='ltr'><strong>omnia</strong></span> <span class='ocrx_word' id='word_1_621' title='bbox 3026 3194 3370 3253; x_wconf 70' lang='lat' dir='ltr'><strong>quaecunque</strong></span> 
     </span>
    </p>
   </div>
   <div class='ocr_carea' id='block_1_83' title="bbox 1792 3275 3371 3349">
    <p class='ocr_par' dir='ltr' id='par_1_83' title="bbox 1792 3275 3371 3349">
     <span class='ocr_line' id='line_1_83' title="bbox 1792 3275 3371 3349; baseline -0.013 -2"><span class='ocrx_word' id='word_1_622' title='bbox 1792 3291 2012 3346; x_wconf 83' lang='lat' dir='ltr'><strong>fecisset</strong></span> <span class='ocrx_word' id='word_1_623' title='bbox 2075 3286 2500 3346; x_wconf 90' lang='lat' dir='ltr'><strong>reuuntiautem,</strong></span> <span class='ocrx_word' id='word_1_624' title='bbox 2535 3281 2636 3336; x_wconf 90' lang='lat' dir='ltr'><strong>nisi</strong></span> <span class='ocrx_word' id='word_1_625' title='bbox 2669 3279 2939 3349; x_wconf 85' lang='lat' dir='ltr'><strong>particeps</strong></span> <span class='ocrx_word' id='word_1_626' title='bbox 2987 3278 3125 3331; x_wconf 89' lang='lat' dir='ltr'><strong>facta</strong></span> <span class='ocrx_word' id='word_1_627' title='bbox 3179 3275 3371 3330; x_wconf 88' lang='lat' dir='ltr'><strong>fuisset</strong></span> 
     </span>
    </p>
   </div>
   <div class='ocr_carea' id='block_1_84' title="bbox 1790 3366 3371 3452">
    <p class='ocr_par' dir='ltr' id='par_1_84' title="bbox 1790 3366 3371 3452">
     <span class='ocr_line' id='line_1_84' title="bbox 1790 3366 3371 3452; baseline -0.012 -15"><span class='ocrx_word' id='word_1_628' title='bbox 1790 3397 1944 3452; x_wconf 72' lang='lat' dir='ltr'><strong>aquae</strong></span> <span class='ocrx_word' id='word_1_629' title='bbox 1963 3379 2217 3436; x_wconf 87' lang='lat' dir='ltr'><strong>salutaris</strong></span> <span class='ocrx_word' id='word_1_630' title='bbox 2241 3391 2340 3448; x_wconf 88' lang='lat' dir='ltr'><strong>per</strong></span> <span class='ocrx_word' id='word_1_631' title='bbox 2361 3389 2424 3430; x_wconf 91' lang='lat' dir='ltr'><strong>ea</strong></span> <span class='ocrx_word' id='word_1_632' title='bbox 2460 3373 2623 3428; x_wconf 87' lang='lat' dir='ltr'><strong>verba</strong></span> <span class='ocrx_word' id='word_1_633' title='bbox 2655 3385 2775 3441; x_wconf 74' lang='lat' dir='ltr'><strong>qua:</strong></span> <span class='ocrx_word' id='word_1_634' title='bbox 2796 3367 3085 3424; x_wconf 84' lang='lat' dir='ltr'><strong>audierat?</strong></span> <span class='ocrx_word' id='word_1_635' title='bbox 3125 3366 3371 3421; x_wconf 78' lang='lat' dir='ltr'><strong>Rebecca</strong></span> 
     </span>
    </p>
   </div>
   <div class='ocr_carea' id='block_1_85' title="bbox 1789 3459 3373 3541">
    <p class='ocr_par' dir='ltr' id='par_1_85' title="bbox 1789 3459 3373 3541">
     <span class='ocr_line' id='line_1_85' title="bbox 1789 3459 3373 3541; baseline -0.015 -12"><span class='ocrx_word' id='word_1_636' title='bbox 1789 3488 1922 3529; x_wconf 85' lang='lat' dir='ltr'><strong>sane</strong></span> <span class='ocrx_word' id='word_1_637' title='bbox 1960 3480 2016 3527; x_wconf 89' lang='lat' dir='ltr'><strong>et</strong></span> <span class='ocrx_word' id='word_1_638' title='bbox 2047 3471 2160 3541; x_wconf 88' lang='lat' dir='ltr'><strong>ipsa</strong></span> <span class='ocrx_word' id='word_1_639' title='bbox 2193 3467 2443 3538; x_wconf 87' lang='lat' dir='ltr'><strong>hydriam</strong></span> <span class='ocrx_word' id='word_1_640' title='bbox 2475 3464 2685 3518; x_wconf 87' lang='lat' dir='ltr'><strong>habens</strong></span> <span class='ocrx_word' id='word_1_641' title='bbox 2713 3475 2879 3530; x_wconf 89' lang='lat' dir='ltr'><strong>super</strong></span> <span class='ocrx_word' id='word_1_642' title='bbox 2905 3459 3183 3522; x_wconf 88' lang='lat' dir='ltr'><strong>humeros,</strong></span> <span class='ocrx_word' id='word_1_643' title='bbox 3214 3464 3373 3510; x_wconf 78' lang='lat' dir='ltr'><strong>ante-</strong></span> 
     </span>
    </p>
   </div>
   <div class='ocr_carea' id='block_1_86' title="bbox 1789 3547 3378 3637">
    <p class='ocr_par' dir='ltr' id='par_1_86' title="bbox 1789 3547 3378 3637">
     <span class='ocr_line' id='line_1_86' title="bbox 1789 3547 3378 3637; baseline -0.016 -14"><span class='ocrx_word' id='word_1_644' title='bbox 1789 3581 1952 3637; x_wconf 89' lang='lat' dir='ltr'><strong>quam</strong></span> <span class='ocrx_word' id='word_1_645' title='bbox 1984 3563 2218 3620; x_wconf 66' lang='lat' dir='ltr'><strong>Abrahae</strong></span> <span class='ocrx_word' id='word_1_646' title='bbox 2252 3573 2390 3631; x_wconf 89' lang='lat' dir='ltr'><strong>puer</strong></span> <span class='ocrx_word' id='word_1_647' title='bbox 2414 3558 2577 3612; x_wconf 83' lang='lat' dir='ltr'><strong>tinem</strong></span> <span class='ocrx_word' id='word_1_648' title='bbox 2616 3551 2868 3622; x_wconf 90' lang='lat' dir='ltr'><strong>loquendi</strong></span> <span class='ocrx_word' id='word_1_649' title='bbox 2897 3550 3104 3605; x_wconf 90' lang='lat' dir='ltr'><strong>faceret</strong></span> <span class='ocrx_word' id='word_1_650' title='bbox 3138 3549 3190 3602; x_wconf 93' lang='lat' dir='ltr'><strong>in</strong></span> <span class='ocrx_word' id='word_1_651' title='bbox 3220 3547 3378 3616; x_wconf 81' lang='lat' dir='ltr'><strong>cogi--</strong></span> 
     </span>
    </p>
   </div>
   <div class='ocr_carea' id='block_1_87' title="bbox 1792 3639 3365 3728">
    <p class='ocr_par' dir='ltr' id='par_1_87' title="bbox 1792 3639 3365 3728">
     <span class='ocr_line' id='line_1_87' title="bbox 1792 3639 3365 3728; baseline -0.017 -14"><span class='ocrx_word' id='word_1_652' title='bbox 1792 3659 2022 3724; x_wconf 88' lang='lat' dir='ltr'><strong>talione,</strong></span> <span class='ocrx_word' id='word_1_653' title='bbox 2055 3654 2442 3728; x_wconf 82' lang='lat' dir='ltr'><strong>egrediebatur</strong></span> <span class='ocrx_word' id='word_1_654' title='bbox 2486 3651 2642 3718; x_wconf 90' lang='lat' dir='ltr'><strong>virgo</strong></span> <span class='ocrx_word' id='word_1_655' title='bbox 2693 3645 2874 3715; x_wconf 87' lang='lat' dir='ltr'><strong>specie</strong></span> <span class='ocrx_word' id='word_1_656' title='bbox 2924 3649 3250 3713; x_wconf 86' lang='lat' dir='ltr'><strong>pervenusta</strong></span> <span class='ocrx_word' id='word_1_657' title='bbox 3283 3639 3365 3688; x_wconf 72' lang='grc' dir='ltr'><strong>⁸ος</strong></span> 
     </span>
    </p>
   </div>
   <div class='ocr_carea' id='block_1_88' title="bbox 1790 3732 3373 3822">
    <p class='ocr_par' dir='ltr' id='par_1_88' title="bbox 1790 3732 3373 3822">
     <span class='ocr_line' id='line_1_88' title="bbox 1790 3732 3373 3822; baseline -0.012 -18"><span class='ocrx_word' id='word_1_658' title='bbox 1790 3767 1912 3822; x_wconf 72' lang='lat' dir='ltr'><strong>quae</strong></span> <span class='ocrx_word' id='word_1_659' title='bbox 1956 3749 2212 3820; x_wconf 88' lang='lat' dir='ltr'><strong>quoniam</strong></span> <span class='ocrx_word' id='word_1_660' title='bbox 2266 3761 2371 3799; x_wconf 90' lang='lat' dir='ltr'><strong>non</strong></span> <span class='ocrx_word' id='word_1_661' title='bbox 2420 3742 2646 3814; x_wconf 89' lang='lat' dir='ltr'><strong>perinde</strong></span> <span class='ocrx_word' id='word_1_662' title='bbox 2699 3749 2865 3808; x_wconf 89' lang='lat' dir='ltr'><strong>atque</strong></span> <span class='ocrx_word' id='word_1_663' title='bbox 2918 3733 3206 3790; x_wconf 87' lang='lat' dir='ltr'><strong>Samaritis</strong></span> <span class='ocrx_word' id='word_1_664' title='bbox 3255 3732 3373 3786; x_wconf 57' lang='lat' dir='ltr'><strong>hac</strong></span> 
     </span>
    </p>
   </div>
   <div class='ocr_carea' id='block_1_89' title="bbox 1793 3823 3368 3906">
    <p class='ocr_par' dir='ltr' id='par_1_89' title="bbox 1793 3823 3368 3906">
     <span class='ocr_line' id='line_1_89' title="bbox 1793 3823 3368 3906; baseline -0.017 -8"><span class='ocrx_word' id='word_1_665' title='bbox 1793 3843 2063 3906; x_wconf 89' lang='lat' dir='ltr'><strong>hauriret,</strong></span> <span class='ocrx_word' id='word_1_666' title='bbox 2089 3837 2368 3894; x_wconf 86' lang='lat' dir='ltr'><strong>descendit</strong></span> <span class='ocrx_word' id='word_1_667' title='bbox 2401 3835 2469 3889; x_wconf 88' lang='lat' dir='ltr'><strong>ad</strong></span> <span class='ocrx_word' id='word_1_668' title='bbox 2517 3833 2744 3894; x_wconf 89' lang='lat' dir='ltr'><strong>fontem,</strong></span> <span class='ocrx_word' id='word_1_669' title='bbox 2788 3838 2844 3882; x_wconf 92' lang='lat' dir='ltr'><strong>et</strong></span> <span class='ocrx_word' id='word_1_670' title='bbox 2879 3825 3063 3894; x_wconf 88' lang='lat' dir='ltr'><strong>implet</strong></span> <span class='ocrx_word' id='word_1_671' title='bbox 3094 3823 3368 3893; x_wconf 88' lang='lat' dir='ltr'><strong>hydriam,</strong></span> 
     </span>
    </p>
   </div>
   <div class='ocr_carea' id='block_1_90' title="bbox 1791 3915 3368 4005">
    <p class='ocr_par' dir='ltr' id='par_1_90' title="bbox 1791 3915 3368 4005">
     <span class='ocr_line' id='line_1_90' title="bbox 1791 3915 3368 4005; baseline -0.016 -14"><span class='ocrx_word' id='word_1_672' title='bbox 1791 3938 1954 4005; x_wconf 91' lang='lat' dir='ltr'><strong>eique</strong></span> <span class='ocrx_word' id='word_1_673' title='bbox 1985 3930 2299 3988; x_wconf 88' lang='lat' dir='ltr'><strong>ascendenti</strong></span> <span class='ocrx_word' id='word_1_674' title='bbox 2332 3927 2550 3981; x_wconf 90' lang='lat' dir='ltr'><strong>obviam</strong></span> <span class='ocrx_word' id='word_1_675' title='bbox 2602 3933 2897 3976; x_wconf 90' lang='lat' dir='ltr'><strong>accurrens</strong></span> <span class='ocrx_word' id='word_1_676' title='bbox 2950 3915 3182 3970; x_wconf 68' lang='lat' dir='ltr'><strong>Abrahae</strong></span> <span class='ocrx_word' id='word_1_677' title='bbox 3229 3926 3368 3982; x_wconf 87' lang='lat' dir='ltr'><strong>puer</strong></span> 
     </span>
    </p>
   </div>
   <div class='ocr_carea' id='block_1_91' title="bbox 1792 4003 3369 4089">
    <p class='ocr_par' dir='ltr' id='par_1_91' title="bbox 1792 4003 3369 4089">
     <span class='ocr_line' id='line_1_91' title="bbox 1792 4003 3369 4089; baseline -0.018 -7"><span class='ocrx_word' id='word_1_678' title='bbox 1792 4003 1970 4081; x_wconf 58' lang='lat' dir='ltr'><strong>ditit:</strong></span> <span class='ocrx_word' id='word_1_679' title='bbox 2010 4042 2028 4076; x_wconf 81' lang='grc' dir='ltr'><strong>ι</strong></span> <span class='ocrx_word' id='word_1_680' title='bbox 2059 4022 2253 4077; x_wconf 88' lang='lat' dir='ltr'><strong>Potum</strong></span> <span class='ocrx_word' id='word_1_681' title='bbox 2281 4019 2461 4089; x_wconf 74' lang='lat' dir='ltr'><strong>przcbe</strong></span> <span class='ocrx_word' id='word_1_682' title='bbox 2494 4013 2624 4070; x_wconf 85' lang='lat' dir='ltr'><strong>mihi</strong></span> <span class='ocrx_word' id='word_1_683' title='bbox 2657 4010 2948 4082; x_wconf 89' lang='lat' dir='ltr'><strong>pauculum</strong></span> <span class='ocrx_word' id='word_1_684' title='bbox 2981 4020 3138 4074; x_wconf 65' lang='lat' dir='ltr'><strong>aqua:</strong></span> <span class='ocrx_word' id='word_1_685' title='bbox 3165 4017 3230 4060; x_wconf 81' lang='lat' dir='ltr'><strong>ex</strong></span> <span class='ocrx_word' id='word_1_686' title='bbox 3263 4003 3369 4072; x_wconf 76' lang='lat' dir='ltr'><strong>hy-</strong></span> 
     </span>
    </p>
   </div>
   <div class='ocr_carea' id='block_1_92' title="bbox 1793 4095 3368 4178">
    <p class='ocr_par' dir='ltr' id='par_1_92' title="bbox 1793 4095 3368 4178">
     <span class='ocr_line' id='line_1_92' title="bbox 1793 4095 3368 4178; baseline -0.019 -5"><span class='ocrx_word' id='word_1_687' title='bbox 1793 4117 1908 4173; x_wconf 86' lang='lat' dir='ltr'><strong>dria</strong></span> <span class='ocrx_word' id='word_1_688' title='bbox 1943 4127 2030 4170; x_wconf 86' lang='lat' dir='ltr'><strong>tua</strong></span> <span class='ocrx_word' id='word_1_689' title='bbox 2056 4114 2124 4168; x_wconf 78' lang='grc' dir='ltr'><strong>θτ.</strong></span> <span class='ocrx_word' id='word_1_690' title='bbox 2157 4132 2176 4164; x_wconf 78' lang='grc' dir='ltr'><strong>ι</strong></span> <span class='ocrx_word' id='word_1_691' title='bbox 2209 4110 2476 4178; x_wconf 84' lang='lat' dir='ltr'><strong>Quoniam</strong></span> <span class='ocrx_word' id='word_1_692' title='bbox 2507 4105 2678 4176; x_wconf 87' lang='lat' dir='ltr'><strong>igitur</strong></span> <span class='ocrx_word' id='word_1_693' title='bbox 2710 4114 2844 4171; x_wconf 88' lang='lat' dir='ltr'><strong>puer</strong></span> <span class='ocrx_word' id='word_1_694' title='bbox 2892 4105 3011 4152; x_wconf 87' lang='lat' dir='ltr'><strong>erat</strong></span> <span class='ocrx_word' id='word_1_695' title='bbox 3064 4095 3368 4154; x_wconf 86' lang='lat' dir='ltr'><strong>Abraham,</strong></span> 
     </span>
    </p>
   </div>
   <div class='ocr_carea' id='block_1_93' title="bbox 1792 4183 3371 4264">
    <p class='ocr_par' dir='ltr' id='par_1_93' title="bbox 1792 4183 3371 4264">
     <span class='ocr_line' id='line_1_93' title="bbox 1792 4183 3371 4264; baseline -0.019 0"><span class='ocrx_word' id='word_1_696' title='bbox 1792 4215 2075 4264; x_wconf 85' lang='lat' dir='ltr'><strong>contentus</strong></span> <span class='ocrx_word' id='word_1_697' title='bbox 2101 4203 2199 4257; x_wconf 87' lang='lat' dir='ltr'><strong>fuit</strong></span> <span class='ocrx_word' id='word_1_698' title='bbox 2223 4204 2308 4256; x_wconf 86' lang='lat' dir='ltr'><strong>vel</strong></span> <span class='ocrx_word' id='word_1_699' title='bbox 2332 4195 2598 4252; x_wconf 89' lang='lat' dir='ltr'><strong>tantulum</strong></span> <span class='ocrx_word' id='word_1_700' title='bbox 2625 4206 2779 4262; x_wconf 70' lang='lat' dir='ltr'><strong>aqua:</strong></span> <span class='ocrx_word' id='word_1_701' title='bbox 2803 4204 2868 4246; x_wconf 80' lang='lat' dir='ltr'><strong>ex</strong></span> <span class='ocrx_word' id='word_1_702' title='bbox 2896 4185 3086 4259; x_wconf 86' lang='lat' dir='ltr'><strong>hydria</strong></span> <span class='ocrx_word' id='word_1_703' title='bbox 3111 4183 3371 4237; x_wconf 63' lang='lat' dir='ltr'><strong>Rebeccae</strong></span> 
     </span>
    </p>
   </div>
   <div class='ocr_carea' id='block_1_94' title="bbox 1792 4271 3372 4363">
    <p class='ocr_par' dir='ltr' id='par_1_94' title="bbox 1792 4271 3372 4363">
     <span class='ocr_line' id='line_1_94' title="bbox 1792 4271 3372 4363; baseline -0.02 -6"><span class='ocrx_word' id='word_1_704' title='bbox 1792 4313 2044 4363; x_wconf 88' lang='lat' dir='ltr'><strong>sumere;</strong></span> <span class='ocrx_word' id='word_1_705' title='bbox 2076 4304 2133 4350; x_wconf 86' lang='lat' dir='ltr'><strong>et</strong></span> <span class='ocrx_word' id='word_1_706' title='bbox 2191 4291 2464 4349; x_wconf 89' lang='lat' dir='ltr'><strong>festinavit</strong></span> <span class='ocrx_word' id='word_1_707' title='bbox 2527 4286 2794 4348; x_wconf 89' lang='lat' dir='ltr'><strong>Rebecca,</strong></span> <span class='ocrx_word' id='word_1_708' title='bbox 2848 4289 2903 4336; x_wconf 92' lang='lat' dir='ltr'><strong>et</strong></span> <span class='ocrx_word' id='word_1_709' title='bbox 2937 4271 3372 4346; x_wconf 69' lang='lat' dir='ltr'><strong>deposuitm</strong></span> 
     </span>
    </p>
   </div>
   <div class='ocr_carea' id='block_1_95' title="bbox 1793 4368 3367 4464">
    <p class='ocr_par' dir='ltr' id='par_1_95' title="bbox 1793 4368 3367 4464">
     <span class='ocr_line' id='line_1_95' title="bbox 1793 4368 3367 4464; baseline -0.02 -16"><span class='ocrx_word' id='word_1_710' title='bbox 1793 4391 2040 4464; x_wconf 83' lang='lat' dir='ltr'><strong>bydriam</strong></span> <span class='ocrx_word' id='word_1_711' title='bbox 2075 4401 2235 4457; x_wconf 85' lang='lat' dir='ltr'><strong>super</strong></span> <span class='ocrx_word' id='word_1_712' title='bbox 2261 4381 2540 4440; x_wconf 89' lang='lat' dir='ltr'><strong>brachium</strong></span> <span class='ocrx_word' id='word_1_713' title='bbox 2570 4392 2750 4439; x_wconf 90' lang='lat' dir='ltr'><strong>suum,</strong></span> <span class='ocrx_word' id='word_1_714' title='bbox 2776 4382 2957 4443; x_wconf 90' lang='lat' dir='ltr'><strong>potum</strong></span> <span class='ocrx_word' id='word_1_715' title='bbox 2990 4368 3367 4464; x_wconf 63' lang='lat' dir='ltr'><strong>illiprzchens,</strong></span> 
     </span>
    </p>
   </div>
   <div class='ocr_carea' id='block_1_96' title="bbox 1794 4455 3373 4541">
    <p class='ocr_par' dir='ltr' id='par_1_96' title="bbox 1794 4455 3373 4541">
     <span class='ocr_line' id='line_1_96' title="bbox 1794 4455 3373 4541; baseline -0.02 0"><span class='ocrx_word' id='word_1_716' title='bbox 1794 4455 1967 4541; x_wconf 78' lang='lat' dir='ltr'><strong>donec</strong></span> <span class='ocrx_word' id='word_1_717' title='bbox 1983 4455 2224 4538; x_wconf 81' lang='lat' dir='ltr'><strong>cessaret</strong></span> <span class='ocrx_word' id='word_1_718' title='bbox 2239 4493 2267 4531; x_wconf 89' lang='lat' dir='ltr'><strong>a</strong></span> <span class='ocrx_word' id='word_1_719' title='bbox 2282 4475 2515 4530; x_wconf 87' lang='lat' dir='ltr'><strong>bibendo</strong></span> <span class='ocrx_word' id='word_1_720' title='bbox 2527 4471 2595 4525; x_wconf 84' lang='grc'><strong>³⁸.</strong></span> <span class='ocrx_word' id='word_1_721' title='bbox 2620 4467 2887 4536; x_wconf 86' lang='lat' dir='ltr'><strong>Quoniam</strong></span> <span class='ocrx_word' id='word_1_722' title='bbox 2905 4464 3070 4534; x_wconf 89' lang='lat' dir='ltr'><strong>igitur</strong></span> <span class='ocrx_word' id='word_1_723' title='bbox 3085 4455 3373 4514; x_wconf 86' lang='lat' dir='ltr'><strong>laudabilis</strong></span> 
     </span>
    </p>
   </div>
   <div class='ocr_carea' id='block_1_97' title="bbox 1795 4550 3367 4636">
    <p class='ocr_par' dir='ltr' id='par_1_97' title="bbox 1795 4550 3367 4636">
     <span class='ocr_line' id='line_1_97' title="bbox 1795 4550 3367 4636; baseline -0.021 -6"><span class='ocrx_word' id='word_1_724' title='bbox 1795 4583 1913 4630; x_wconf 91' lang='lat' dir='ltr'><strong>erat</strong></span> <span class='ocrx_word' id='word_1_725' title='bbox 1942 4572 2203 4626; x_wconf 61' lang='lat' dir='ltr'><strong>Rebecca;</strong></span> <span class='ocrx_word' id='word_1_726' title='bbox 2247 4564 2464 4636; x_wconf 81' lang='lat' dir='ltr'><strong>hydria,</strong></span> <span class='ocrx_word' id='word_1_727' title='bbox 2517 4575 2624 4616; x_wconf 87' lang='lat' dir='ltr'><strong>nou</strong></span> <span class='ocrx_word' id='word_1_728' title='bbox 2682 4556 3060 4625; x_wconf 87' lang='lat' dir='ltr'><strong>relinquitura</strong></span> <span class='ocrx_word' id='word_1_729' title='bbox 3094 4550 3367 4610; x_wconf 85' lang='lat' dir='ltr'><strong>Rebecca,</strong></span> 
     </span>
    </p>
   </div>
   <div class='ocr_carea' id='block_1_98' title="bbox 1805 4643 3377 4728">
    <p class='ocr_par' dir='ltr' id='par_1_98' title="bbox 1805 4643 3377 4728">
     <span class='ocr_line' id='line_1_98' title="bbox 1805 4643 3377 4728; baseline -0.021 -4"><span class='ocrx_word' id='word_1_730' title='bbox 1805 4667 1898 4723; x_wconf 84' lang='lat' dir='ltr'><strong>sed</strong></span> <span class='ocrx_word' id='word_1_731' title='bbox 1934 4660 2280 4720; x_wconf 85' lang='lat' dir='ltr'><strong>Samaritidis</strong></span> <span class='ocrx_word' id='word_1_732' title='bbox 2307 4657 2500 4728; x_wconf 86' lang='lat' dir='ltr'><strong>hydria</strong></span> <span class='ocrx_word' id='word_1_733' title='bbox 2545 4652 2870 4721; x_wconf 89' lang='lat' dir='ltr'><strong>relinquitur</strong></span> <span class='ocrx_word' id='word_1_734' title='bbox 2903 4649 3035 4702; x_wconf 86' lang='lat' dir='ltr'><strong>hora</strong></span> <span class='ocrx_word' id='word_1_735' title='bbox 3077 4643 3377 4697; x_wconf 80' lang='lat' dir='ltr'><strong>exsistente</strong></span> 
     </span>
    </p>
   </div>
   <div class='ocr_carea' id='block_1_99' title="bbox 1804 4731 3371 4820">
    <p class='ocr_par' dir='ltr' id='par_1_99' title="bbox 1804 4731 3371 4820">
     <span class='ocr_line' id='line_1_99' title="bbox 1804 4731 3371 4820; baseline -0.022 -6"><span class='ocrx_word' id='word_1_736' title='bbox 1804 4767 1958 4816; x_wconf 78' lang='lat' dir='ltr'><strong>sexta</strong></span> <span class='ocrx_word' id='word_1_737' title='bbox 1987 4756 2054 4807; x_wconf 76' lang='grc'><strong>⁸⁸.</strong></span> <span class='ocrx_word' id='word_1_738' title='bbox 2083 4750 2195 4806; x_wconf 89' lang='lat' dir='ltr'><strong>lloc</strong></span> <span class='ocrx_word' id='word_1_739' title='bbox 2233 4750 2398 4820; x_wconf 84' lang='lat' dir='ltr'><strong>igitur</strong></span> <span class='ocrx_word' id='word_1_740' title='bbox 2431 4747 2483 4800; x_wconf 92' lang='lat' dir='ltr'><strong>in</strong></span> <span class='ocrx_word' id='word_1_741' title='bbox 2514 4744 2634 4799; x_wconf 90' lang='lat' dir='ltr'><strong>loco</strong></span> <span class='ocrx_word' id='word_1_742' title='bbox 2667 4739 2861 4796; x_wconf 87' lang='lat' dir='ltr'><strong>mulier</strong></span> <span class='ocrx_word' id='word_1_743' title='bbox 2893 4731 3247 4791; x_wconf 86' lang='lat' dir='ltr'><strong>Samaritanis</strong></span> <span class='ocrx_word' id='word_1_744' title='bbox 3269 4743 3371 4782; x_wconf 88' lang='lat' dir='ltr'><strong>an-</strong></span> 
     </span>
    </p>
   </div>
   <div class='ocr_carea' id='block_1_100' title="bbox 1803 4824 3372 4905">
    <p class='ocr_par' dir='ltr' id='par_1_100' title="bbox 1803 4824 3372 4905">
     <span class='ocr_line' id='line_1_100' title="bbox 1803 4824 3372 4905; baseline -0.022 -2"><span class='ocrx_word' id='word_1_745' title='bbox 1803 4847 2020 4905; x_wconf 88' lang='lat' dir='ltr'><strong>nuntiat</strong></span> <span class='ocrx_word' id='word_1_746' title='bbox 2047 4843 2328 4899; x_wconf 89' lang='lat' dir='ltr'><strong>Christum</strong></span> <span class='ocrx_word' id='word_1_747' title='bbox 2359 4857 2376 4904; x_wconf 85' lang='lat'><strong>;</strong></span> <span class='ocrx_word' id='word_1_748' title='bbox 2407 4839 2462 4892; x_wconf 91' lang='lat' dir='ltr'><strong>in</strong></span> <span class='ocrx_word' id='word_1_749' title='bbox 2503 4838 2608 4890; x_wconf 82' lang='lat' dir='ltr'><strong>fine</strong></span> <span class='ocrx_word' id='word_1_750' title='bbox 2636 4848 2766 4889; x_wconf 85' lang='lat' dir='ltr'><strong>vero</strong></span> <span class='ocrx_word' id='word_1_751' title='bbox 2814 4824 3249 4895; x_wconf 85' lang='lat' dir='ltr'><strong>Evangeliorum,</strong></span> <span class='ocrx_word' id='word_1_752' title='bbox 3285 4832 3372 4871; x_wconf 84' lang='lat' dir='ltr'><strong>re-</strong></span> 
     </span>
    </p>
   </div>
   <div class='ocr_carea' id='block_1_101' title="bbox 1803 4907 3372 4992">
    <p class='ocr_par' dir='ltr' id='par_1_101' title="bbox 1803 4907 3372 4992">
     <span class='ocr_line' id='line_1_101' title="bbox 1803 4907 3372 4992; baseline -0.02 0"><span class='ocrx_word' id='word_1_753' title='bbox 1803 4933 2198 4992; x_wconf 88' lang='lat' dir='ltr'><strong>surrectionem</strong></span> <span class='ocrx_word' id='word_1_754' title='bbox 2255 4925 2568 4984; x_wconf 85' lang='lat' dir='ltr'><strong>Servatoris</strong></span> <span class='ocrx_word' id='word_1_755' title='bbox 2622 4924 2786 4977; x_wconf 90' lang='lat' dir='ltr'><strong>etiam</strong></span> <span class='ocrx_word' id='word_1_756' title='bbox 2837 4923 3060 4972; x_wconf 84' lang='lat' dir='ltr'><strong>enarrat</strong></span> <span class='ocrx_word' id='word_1_757' title='bbox 3111 4907 3372 4980; x_wconf 88' lang='lat' dir='ltr'><strong>apostolis</strong></span> 
     </span>
    </p>
   </div>
   <div class='ocr_carea' id='block_1_102' title="bbox 185 5096 1689 5203">
    <p class='ocr_par' dir='ltr' id='par_1_102' title="bbox 185 5124 1689 5203">
     <span class='ocr_line' id='line_1_102' title="bbox 185 5124 1689 5203; baseline -0.013 -3"><span class='ocrx_word' id='word_1_758' title='bbox 185 5147 228 5177; x_wconf 72' lang='lat'><strong><em>“</em></strong></span> <span class='ocrx_word' id='word_1_759' title='bbox 253 5143 411 5198; x_wconf 83' lang='lat' dir='ltr'><strong>Jean.</strong></span> <span class='ocrx_word' id='word_1_760' title='bbox 444 5137 624 5203; x_wconf 68' lang='lat'><strong>“7,28,</strong></span> <span class='ocrx_word' id='word_1_761' title='bbox 650 5137 739 5195; x_wconf 71' lang='lat'><strong>29.</strong></span> <span class='ocrx_word' id='word_1_762' title='bbox 815 5138 860 5169; x_wconf 79' lang='grc'><strong>⁸⁸</strong></span> <span class='ocrx_word' id='word_1_763' title='bbox 883 5135 1011 5191; x_wconf 90' lang='lat' dir='ltr'><strong>ibid.</strong></span> <span class='ocrx_word' id='word_1_764' title='bbox 1043 5135 1132 5189; x_wconf 76' lang='grc'><strong>14.</strong></span> <span class='ocrx_word' id='word_1_765' title='bbox 1207 5131 1252 5164; x_wconf 81' lang='grc'>⁸⁸</span> <span class='ocrx_word' id='word_1_766' title='bbox 1277 5131 1414 5187; x_wconf 86' lang='lat' dir='ltr'><strong>Gen.</strong></span> <span class='ocrx_word' id='word_1_767' title='bbox 1448 5141 1595 5182; x_wconf 73' lang='lat' dir='ltr'><strong>utv.</strong></span> <span class='ocrx_word' id='word_1_768' title='bbox 1670 5124 1689 5158; x_wconf 78' lang='grc'><strong><em>⁸</em></strong></span> 
     </span>
    </p>
   </div>
   <div class='ocr_carea' id='block_1_103' title="bbox 1795 5096 2924 5203">
    <p class='ocr_par' dir='ltr' id='par_1_103' title="bbox 1795 5096 2924 5177">
     <span class='ocr_line' id='line_1_103' title="bbox 1795 5096 2924 5177; baseline -0.021 -4"><span class='ocrx_word' id='word_1_769' title='bbox 1795 5121 1880 5177; x_wconf 45' lang='lat' dir='ltr'><strong>rid.</strong></span> <span class='ocrx_word' id='word_1_770' title='bbox 1923 5118 2012 5177; x_wconf 82' lang='grc'><strong>1⁸7.</strong></span> <span class='ocrx_word' id='word_1_771' title='bbox 2085 5115 2132 5148; x_wconf 83' lang='grc'><strong>⁸⁸</strong></span> <span class='ocrx_word' id='word_1_772' title='bbox 2169 5112 2301 5170; x_wconf 88' lang='lat' dir='ltr'><strong>ibid.</strong></span> <span class='ocrx_word' id='word_1_773' title='bbox 2333 5109 2421 5166; x_wconf 85' lang='grc'><strong>18.</strong></span> <span class='ocrx_word' id='word_1_774' title='bbox 2496 5106 2544 5140; x_wconf 77' lang='grc'><strong>⁸⁸</strong></span> <span class='ocrx_word' id='word_1_775' title='bbox 2569 5104 2728 5160; x_wconf 79' lang='lat' dir='ltr'><strong>Joan.</strong></span> <span class='ocrx_word' id='word_1_776' title='bbox 2757 5113 2831 5164; x_wconf 88' lang='lat' dir='ltr'><strong>tv,</strong></span> <span class='ocrx_word' id='word_1_777' title='bbox 2869 5096 2924 5152; x_wconf 91' lang='lat'><strong>6.</strong></span> 
     </span>
    </p>
   </div>
   <div class='ocr_carea' id='block_1_104' title="bbox 189 5307 1694 5391">
    <p class='ocr_par' dir='ltr' id='par_1_104' title="bbox 189 5307 1694 5391">
     <span class='ocr_line' id='line_1_104' title="bbox 189 5307 1694 5391; baseline -0.015 -13"><span class='ocrx_word' id='word_1_778' title='bbox 189 5325 302 5391; x_wconf 80' lang='grc'><strong>(15)</strong></span> <span class='ocrx_word' id='word_1_779' title='bbox 338 5325 523 5382; x_wconf 79' lang='lat' dir='ltr'><strong>Codex</strong></span> <span class='ocrx_word' id='word_1_780' title='bbox 557 5319 902 5391; x_wconf 42' lang='lat' dir='ltr'><strong>Bodleianusj</strong></span> <span class='ocrx_word' id='word_1_781' title='bbox 937 5314 1032 5369; x_wconf 73' lang='grc' dir='ltr'>καὶ</span> <span class='ocrx_word' id='word_1_782' title='bbox 1063 5312 1236 5375; x_wconf 73' lang='grc' dir='ltr'>οὕτως</span> <span class='ocrx_word' id='word_1_783' title='bbox 1269 5307 1440 5378; x_wconf 83' lang='grc' dir='ltr'>αὑτῆς</span> <span class='ocrx_word' id='word_1_784' title='bbox 1463 5321 1694 5376; x_wconf 85' lang='grc' dir='ltr'>πεφρον-</span> 
     </span>
    </p>
   </div>
   <div class='ocr_carea' id='block_1_105' title="bbox 125 5387 919 5462">
    <p class='ocr_par' dir='ltr' id='par_1_105' title="bbox 125 5387 919 5462">
     <span class='ocr_line' id='line_1_105' title="bbox 125 5387 919 5462; baseline -0.013 -13"><span class='ocrx_word' id='word_1_785' title='bbox 125 5387 334 5460; x_wconf 48' lang='lat' dir='ltr'><strong>stium};</strong></span> <span class='ocrx_word' id='word_1_786' title='bbox 359 5395 421 5449; x_wconf 87' lang='grc' dir='ltr'><strong>οὑ</strong></span> <span class='ocrx_word' id='word_1_787' title='bbox 453 5393 547 5448; x_wconf 87' lang='grc' dir='ltr'><strong>τοῦ</strong></span> <span class='ocrx_word' id='word_1_788' title='bbox 558 5408 570 5421; x_wconf 69' lang='grc' dir='ltr'><strong>ο</strong></span> <span class='ocrx_word' id='word_1_789' title='bbox 582 5387 919 5462; x_wconf 87' lang='grc' dir='ltr'>σωματικοῦ.</span> 
     </span>
    </p>
   </div>
   <div class='ocr_carea' id='block_1_106' title="bbox 169 5470 1694 5611">
    <p class='ocr_par' dir='ltr' id='par_1_106' title="bbox 169 5470 1694 5611">
     <span class='ocr_line' id='line_1_106' title="bbox 169 5470 1694 5611; baseline -0.017 -67"><span class='ocrx_word' id='word_1_790' title='bbox 169 5490 305 5611; x_wconf 37' lang='lat' dir='ltr'><strong>£gilii)</strong></span> <span class='ocrx_word' id='word_1_791' title='bbox 327 5487 498 5543; x_wconf 87' lang='lat' dir='ltr'><strong>Codd.</strong></span> <span class='ocrx_word' id='word_1_792' title='bbox 523 5486 726 5555; x_wconf 86' lang='lat' dir='ltr'><strong>Regius</strong></span> <span class='ocrx_word' id='word_1_793' title='bbox 758 5490 812 5536; x_wconf 90' lang='lat' dir='ltr'><strong>et</strong></span> <span class='ocrx_word' id='word_1_794' title='bbox 837 5479 1194 5540; x_wconf 86' lang='lat' dir='ltr'><strong>Barberinus,</strong></span> <span class='ocrx_word' id='word_1_795' title='bbox 1263 5470 1462 5544; x_wconf 86' lang='grc' dir='ltr'>σεμνοῦ</span> <span class='ocrx_word' id='word_1_796' title='bbox 1509 5484 1694 5521; x_wconf 87' lang='grc' dir='ltr'>ποιου-</span> 
     </span>
     <span class='ocr_line' id='line_1_107' title="bbox 169 5579 309 5611; baseline 0 0"><span class='ocrx_word' id='word_1_797' title='bbox 169 5589 189 5611; x_wconf 73' lang='grc' dir='ltr'>ς</span> <span class='ocrx_word' id='word_1_798' title='bbox 257 5579 309 5611; x_wconf 67' lang='grc' dir='ltr'><strong>υ).</strong></span> 
     </span>
    </p>
   </div>
   <div class='ocr_carea' id='block_1_107' title="bbox 132 5576 1697 5771">
    <p class='ocr_par' dir='ltr' id='par_1_107' title="bbox 132 5576 1697 5771">
     <span class='ocr_line' id='line_1_108' title="bbox 132 5576 1697 5771; baseline -0.015 -65"><span class='ocrx_word' id='word_1_799' title='bbox 332 5645 652 5728; x_wconf 65' lang='lat' dir='ltr'><strong>Bodleianus</strong></span> <span class='ocrx_word' id='word_1_800' title='bbox 676 5643 852 5698; x_wconf 79' lang='lat' dir='ltr'><strong>codex</strong></span> <span class='ocrx_word' id='word_1_801' title='bbox 875 5637 1080 5709; x_wconf 84' lang='grc' dir='ltr'>πηγῆς,</span> <span class='ocrx_word' id='word_1_802' title='bbox 1119 5636 1320 5706; x_wconf 79' lang='lat' dir='ltr'><strong>Regius</strong></span> <span class='ocrx_word' id='word_1_803' title='bbox 1349 5643 1406 5690; x_wconf 88' lang='lat' dir='ltr'><strong>et</strong></span> <span class='ocrx_word' id='word_1_804' title='bbox 1439 5629 1697 5686; x_wconf 87' lang='lat' dir='ltr'><strong>Barberi-</strong></span> 
     </span>
     <span class='ocr_line' id='line_1_109' title="bbox 133 5735 475 5771; baseline -0.003 0"><span class='ocrx_word' id='word_1_805' title='bbox 133 5736 246 5771; x_wconf 70' lang='grc'><strong>11118.</strong></span> <span class='ocrx_word' id='word_1_806' title='bbox 320 5735 475 5771; x_wconf 77' lang='grc' dir='ltr'>ογης.</span> 
     </span>
    </p>
   </div>
   <div class='ocr_carea' id='block_1_108' title="bbox 133 5735 1698 5881">
    <p class='ocr_par' dir='ltr' id='par_1_108' title="bbox 133 5735 1698 5881">
     <span class='ocr_line' id='line_1_110' title="bbox 133 5735 475 5789; baseline -0.003 -18"><span class='ocrx_word' id='word_1_807' title='bbox 133 5736 246 5782; x_wconf 84' lang='lat' dir='ltr'><strong>nus,</strong></span> <span class='ocrx_word' id='word_1_808' title='bbox 275 5735 475 5789; x_wconf 84' lang='grc' dir='ltr'>αρχης.</span> 
     </span>
     <span class='ocr_line' id='line_1_111' title="bbox 139 5794 1698 5881; baseline -0.011 -14"><span class='ocrx_word' id='word_1_809' title='bbox 139 5880 152 5881; x_wconf 20' lang='lat'><em>7</em></span> <span class='ocrx_word' id='word_1_810' title='bbox 193 5811 304 5881; x_wconf 85' lang='lat' dir='ltr'><strong>(I8)</strong></span> <span class='ocrx_word' id='word_1_811' title='bbox 328 5802 988 5881; x_wconf 62' lang='lat' dir='ltr'><strong>Co:lex_Ro«lleiau_us,_6z’</strong></span> <span class='ocrx_word' id='word_1_812' title='bbox 1012 5794 1350 5881; x_wconf 57' lang='grc' dir='ltr'>ῥνῇκσυσε,</span> <span class='ocrx_word' id='word_1_813' title='bbox 1402 5797 1601 5880; x_wconf 61' lang='lat' dir='ltr'><strong>Regius</strong></span> <span class='ocrx_word' id='word_1_814' title='bbox 1641 5804 1698 5850; x_wconf 91' lang='lat' dir='ltr'><strong>et</strong></span> 
     </span>
    </p>
   </div>
   <div class='ocr_carea' id='block_1_109' title="bbox 134 5868 1694 5949">
    <p class='ocr_par' dir='ltr' id='par_1_109' title="bbox 134 5868 1694 5949">
     <span class='ocr_line' id='line_1_112' title="bbox 134 5868 1694 5949; baseline -0.01 -15"><span class='ocrx_word' id='word_1_815' title='bbox 134 5868 474 5946; x_wconf 64' lang='lat' dir='ltr'><strong>Rarberinus,</strong></span> <span class='ocrx_word' id='word_1_816' title='bbox 503 5879 744 5949; x_wconf 82' lang='grc' dir='ltr'>διήκουε.</span> <span class='ocrx_word' id='word_1_817' title='bbox 789 5874 966 5929; x_wconf 80' lang='lat' dir='ltr'><strong>Vertit</strong></span> <span class='ocrx_word' id='word_1_818' title='bbox 1012 5868 1316 5936; x_wconf 84' lang='lat' dir='ltr'><strong>Periouius,</strong></span> <span class='ocrx_word' id='word_1_819' title='bbox 1362 5886 1380 5920; x_wconf 82' lang='grc' dir='ltr'><strong>ι</strong></span> <span class='ocrx_word' id='word_1_820' title='bbox 1417 5868 1519 5922; x_wconf 90' lang='lat' dir='ltr'><strong>nisi</strong></span> <span class='ocrx_word' id='word_1_821' title='bbox 1571 5881 1694 5935; x_wconf 84' lang='lat' dir='ltr'><strong>par-</strong></span> 
     </span>
    </p>
   </div>
   <div class='ocr_carea' id='block_1_110' title="bbox 1797 5274 3373 5371">
    <p class='ocr_par' dir='ltr' id='par_1_110' title="bbox 1797 5274 3373 5371">
     <span class='ocr_line' id='line_1_113' title="bbox 1797 5274 3373 5371; baseline -0.019 -15"><span class='ocrx_word' id='word_1_822' title='bbox 1797 5302 1971 5371; x_wconf 87' lang='lat' dir='ltr'><strong>ticeps</strong></span> <span class='ocrx_word' id='word_1_823' title='bbox 1991 5299 2133 5371; x_wconf 84' lang='lat' dir='ltr'><strong>facta</strong></span> <span class='ocrx_word' id='word_1_824' title='bbox 2160 5304 2307 5352; x_wconf 86' lang='lat' dir='ltr'><strong>esset</strong></span> <span class='ocrx_word' id='word_1_825' title='bbox 2328 5305 2482 5364; x_wconf 69' lang='lat' dir='ltr'><strong>aqua:</strong></span> <span class='ocrx_word' id='word_1_826' title='bbox 2502 5293 2761 5358; x_wconf 90' lang='lat' dir='ltr'><strong>perpetuo</strong></span> <span class='ocrx_word' id='word_1_827' title='bbox 2793 5280 3074 5343; x_wconf 88' lang='lat' dir='ltr'><strong>salutaris,</strong></span> <span class='ocrx_word' id='word_1_828' title='bbox 3109 5294 3127 5329; x_wconf 78' lang='grc' dir='ltr'><strong>ι</strong></span> <span class='ocrx_word' id='word_1_829' title='bbox 3159 5274 3373 5346; x_wconf 87' lang='lat' dir='ltr'><strong>legebat</strong></span> 
     </span>
    </p>
   </div>
   <div class='ocr_carea' id='block_1_111' title="bbox 1797 5369 2080 5426">
    <p class='ocr_par' dir='ltr' id='par_1_111' title="bbox 1797 5369 2080 5426">
     <span class='ocr_line' id='line_1_114' title="bbox 1797 5369 2080 5426; baseline -0.028 0"><span class='ocrx_word' id='word_1_830' title='bbox 1797 5369 2080 5426; x_wconf 81' lang='grc' dir='ltr'>διηνεκῶς.</span> 
     </span>
    </p>
   </div>
   <div class='ocr_carea' id='block_1_112' title="bbox 1849 5386 3372 5514">
    <p class='ocr_par' dir='ltr' id='par_1_112' title="bbox 1849 5386 3372 5514">
     <span class='ocr_line' id='line_1_115' title="bbox 1849 5386 3372 5514; baseline -0.02 -17"><span class='ocrx_word' id='word_1_831' title='bbox 1849 5386 2330 5514; x_wconf 50' lang='grc' dir='ltr'><strong>τῧῖἧωξίναϐἁσῃ</strong></span> <span class='ocrx_word' id='word_1_832' title='bbox 2357 5447 2422 5485; x_wconf 82' lang='grc' dir='ltr'><strong>τε</strong></span> <span class='ocrx_word' id='word_1_833' title='bbox 2472 5425 2650 5495; x_wconf 79' lang='grc' dir='ltr'>αὐτῇ.</span> <span class='ocrx_word' id='word_1_834' title='bbox 2695 5437 2813 5514; x_wconf 44' lang='grc' dir='ltr'>εις..</span> <span class='ocrx_word' id='word_1_835' title='bbox 2848 5421 2922 5478; x_wconf 91' lang='lat' dir='ltr'><strong>Ita</strong></span> <span class='ocrx_word' id='word_1_836' title='bbox 2980 5419 3264 5514; x_wconf 57' lang='lat' dir='ltr'><strong>legs&#39;ndmn</strong></span> <span class='ocrx_word' id='word_1_837' title='bbox 3293 5429 3372 5514; x_wconf 31' lang='lat' dir='ltr'><strong>iens</strong></span> 
     </span>
    </p>
   </div>
   <div class='ocr_carea' id='block_1_113' title="bbox 1801 5488 3377 5573">
    <p class='ocr_par' dir='ltr' id='par_1_113' title="bbox 1801 5488 3377 5573">
     <span class='ocr_line' id='line_1_116' title="bbox 1801 5488 3377 5573; baseline -0.019 -6"><span class='ocrx_word' id='word_1_838' title='bbox 1801 5488 1997 5567; x_wconf 46' lang='lat' dir='ltr'><strong>Cenes.</strong></span> <span class='ocrx_word' id='word_1_839' title='bbox 2025 5488 2420 5573; x_wconf 42' lang='lat' dir='ltr'><strong>x-tttv,l7,&quot;nou</strong></span> <span class='ocrx_word' id='word_1_840' title='bbox 2453 5515 2580 5573; x_wconf 66' lang='lat' dir='ltr'><strong>vero</strong></span> <span class='ocrx_word' id='word_1_841' title='bbox 2598 5488 2896 5573; x_wconf 58' lang='grc' dir='ltr'>’καταϐἁση</span> <span class='ocrx_word' id='word_1_842' title='bbox 2919 5533 2934 5557; x_wconf 90' lang='grc'><strong>,</strong></span> <span class='ocrx_word' id='word_1_843' title='bbox 2971 5488 3263 5573; x_wconf 35' lang='grc' dir='ltr'>υιῖΙΙυωλυ</span> <span class='ocrx_word' id='word_1_844' title='bbox 3293 5488 3377 5538; x_wconf 88' lang='lat' dir='ltr'><strong>vi-</strong></span> 
     </span>
    </p>
   </div>
   <div class='ocr_carea' id='block_1_114' title="bbox 1803 5558 3375 5644">
    <p class='ocr_par' dir='ltr' id='par_1_114' title="bbox 1803 5558 3375 5644">
     <span class='ocr_line' id='line_1_117' title="bbox 1803 5558 3375 5644; baseline -0.017 -7"><span class='ocrx_word' id='word_1_845' title='bbox 1803 5558 2297 5644; x_wconf 49' lang='lat' dir='ltr'><strong>Eéiuij&#39;éiﬁéues&#39;.</strong></span> <span class='ocrx_word' id='word_1_846' title='bbox 2328 5587 2480 5644; x_wconf 40' lang='grc' dir='ltr'>χιι-ιν.</span> <span class='ocrx_word' id='word_1_847' title='bbox 2503 5569 2589 5644; x_wconf 57' lang='grc'><strong>45,</strong></span> <span class='ocrx_word' id='word_1_848' title='bbox 2625 5568 2774 5634; x_wconf 85' lang='lat' dir='ltr'><strong>Quod</strong></span> <span class='ocrx_word' id='word_1_849' title='bbox 2809 5558 3375 5644; x_wconf 41' lang='lat' dir='ltr'><strong>siLioca.lt@c“Gttpe-</strong></span> 
     </span>
    </p>
   </div>
   <div class='ocr_carea' id='block_1_115' title="bbox 1793 5628 3373 5707">
    <p class='ocr_par' dir='ltr' id='par_1_115' title="bbox 1793 5628 3373 5707">
     <span class='ocr_line' id='line_1_118' title="bbox 1793 5628 3373 5707; baseline -0.018 0"><span class='ocrx_word' id='word_1_850' title='bbox 1793 5628 2330 5707; x_wconf 47' lang='lat' dir='ltr'><strong>*Eéég&#39;éciiisiuiisset</strong></span> <span class='ocrx_word' id='word_1_851' title='bbox 2370 5628 2670 5695; x_wconf 55' lang='lat' dir='ltr'><strong>Ferrarius</strong></span> <span class='ocrx_word' id='word_1_852' title='bbox 2683 5677 2699 5702; x_wconf 93' lang='lat'><strong>,</strong></span> <span class='ocrx_word' id='word_1_853' title='bbox 2757 5634 2921 5690; x_wconf 86' lang='grc' dir='ltr'>παῖδα</span> <span class='ocrx_word' id='word_1_854' title='bbox 2950 5632 3074 5707; x_wconf 34' lang='grc' dir='ltr'>τοῦ-</span> <span class='ocrx_word' id='word_1_855' title='bbox 3102 5628 3373 5700; x_wconf 75' lang='grc' dir='ltr'>Ἀϐραάμ.</span> 
     </span>
    </p>
   </div>
   <div class='ocr_carea' id='block_1_116' title="bbox 1809 5702 3373 5782">
    <p class='ocr_par' dir='ltr' id='par_1_116' title="bbox 1809 5702 3373 5782">
     <span class='ocr_line' id='line_1_119' title="bbox 1809 5702 3373 5782; baseline -0.016 -9"><span class='ocrx_word' id='word_1_856' title='bbox 1809 5702 2276 5776; x_wconf 59' lang='grc' dir='ltr'>ξλιῖτεῖἣαέίίιίιιιη</span> <span class='ocrx_word' id='word_1_857' title='bbox 2301 5734 2320 5766; x_wconf 74' lang='grc' dir='ltr'><strong>ι</strong></span> <span class='ocrx_word' id='word_1_858' title='bbox 2363 5710 2701 5782; x_wconf 85' lang='lat' dir='ltr'><strong>ineptissime</strong></span> <span class='ocrx_word' id='word_1_859' title='bbox 2728 5722 2835 5763; x_wconf 86' lang='lat' dir='ltr'><strong>non</strong></span> <span class='ocrx_word' id='word_1_860' title='bbox 2870 5702 3217 5759; x_wconf 88' lang='lat' dir='ltr'><strong>reddidisset.</strong></span> <span class='ocrx_word' id='word_1_861' title='bbox 3255 5712 3314 5750; x_wconf 72' lang='lat' dir='ltr'><strong>se</strong></span> <span class='ocrx_word' id='word_1_862' title='bbox 3357 5731 3373 5758; x_wconf 95' lang='lat'><strong>,</strong></span> 
     </span>
    </p>
   </div>
   <div class='ocr_carea' id='block_1_117' title="bbox 1808 5792 2812 5856">
    <p class='ocr_par' dir='ltr' id='par_1_117' title="bbox 1808 5792 2812 5856">
     <span class='ocr_line' id='line_1_120' title="bbox 1808 5792 2812 5856; baseline 0.011 -12"><span class='ocrx_word' id='word_1_863' title='bbox 1808 5792 2070 5844; x_wconf 67' lang='lat' dir='ltr'><strong>«Abrahze</strong></span> <span class='ocrx_word' id='word_1_864' title='bbox 2100 5800 2409 5856; x_wconf 75' lang='lat' dir='ltr'><strong>puertth</strong></span> <span class='ocrx_word' id='word_1_865' title='bbox 2613 5848 2626 5856; x_wconf 81' lang='lat'><strong>_</strong></span> <span class='ocrx_word' id='word_1_866' title='bbox 2679 5850 2690 5856; x_wconf 89' lang='lat'><strong>_</strong></span> <span class='ocrx_word' id='word_1_867' title='bbox 2788 5844 2812 5855; x_wconf 86' lang='lat'><strong>-</strong></span> 
     </span>
    </p>
   </div>
   <div class='ocr_carea' id='block_1_118' title="bbox 1877 5841 3151 5931">
    <p class='ocr_par' dir='ltr' id='par_1_118' title="bbox 1877 5841 3151 5931">
     <span class='ocr_line' id='line_1_121' title="bbox 1877 5841 3151 5931; baseline -0.028 -10"><span class='ocrx_word' id='word_1_868' title='bbox 1877 5841 2204 5931; x_wconf 56' lang='grc' dir='ltr'>(ἕογεοὶιρι</span> <span class='ocrx_word' id='word_1_869' title='bbox 2230 5854 2574 5919; x_wconf 88' lang='lat' dir='ltr'><strong>Bodleianus,</strong></span> <span class='ocrx_word' id='word_1_870' title='bbox 2611 5848 2702 5903; x_wconf 73' lang='grc' dir='ltr'><strong>ἐπὶ</strong></span> <span class='ocrx_word' id='word_1_871' title='bbox 2723 5844 2816 5901; x_wconf 90' lang='grc' dir='ltr'><strong>τοῦ</strong></span> <span class='ocrx_word' id='word_1_872' title='bbox 2849 5841 3151 5916; x_wconf 75' lang='grc' dir='ltr'>βραχίονος.</span> 
     </span>
    </p>
   </div>
  </div>
