3826 6530
451 389 553 450 (Si

1899 382 2154 439 ORIGEN
2161 381 2222 437 IS

3599 384 3704 439 459.

437 505 654 568 mulier,
683 509 810 557 ante
836 511 1029 555 omnes
1053 497 1230 567 ipsum
1259 497 1571 567 conspicata
1597 496 1667 554 '°.
1704 494 1809 552 Sed
1837 511 1993 565 nequi

2115 493 2273 565 αὑτὴ,
2296 493 2374 558 ὡς
2397 492 2459 548 τὸ
2485 494 2688 548 τέλειον
2716 497 2814 567 τῆς
2841 495 3074 560 πίστεως
3093 495 3588 568 εὑαγγελισαμένη,
3611 499 3705 550 εὐ-

434 596 585 660 huic,
617 604 870 662 tanquam
903 607 1024 661 quae
1056 590 1381 644 renuntiarit
1425 587 1815 659 perfectionem
1859 589 2004 652 fidei,

433 690 624 758 gratia:
653 702 682 740 a
713 684 1082 742 Samaritanis
1124 684 1392 738 habentur
1431 682 1738 738 dicentibus
1771 698 1784 735 :
1837 699 1856 732 ι
1895 682 2006 736 Non

434 778 667 846 amplius
695 784 915 846 propter
940 771 1214 844 loquelam’
1234 783 1380 828 tuam
1400 769 1704 838 credimus;
1740 776 1839 841 ipsi
1865 772 2007 826 enim

434 869 765 934 audivimus,
797 876 853 922 et
884 867 1088 920 scimus
1121 866 1266 920 hunc
1311 879 1434 919 esse
1473 877 1606 918 vere
1658 863 2006 918 Servatorem

433 960 618 1013 mundi
646 959 689 990 "
711 972 946 1027 pueque
975 957 1052 1012 illi
1080 956 1451 1012 conceduntur
1475 955 1730 1024 primitiae
1755 953 2006 1022 tangendi

432 1050 730 1113 Christum,
765 1049 1033 1104 dicentem
1067 1048 1115 1102 ei
1144 1061 1159 1100 :
1192 1066 1208 1099 ι
1241 1045 1355 1100 Noli
1379 1061 1465 1101 me
1492 1055 1712 1114 tangere
1729 1047 1797 1110 ",
1826 1063 1844 1093 ι
1879 1044 2007 1112 quia

431 1139 669 1194 Thomas
691 1138 974 1192 auditurus
1000 1146 1154 1191 erat:
1185 1155 1205 1188 ι
1239 1137 1386 1191 Alfer
1415 1137 1643 1205 digitum
1688 1144 1836 1190 tuum
1881 1135 2006 1198 huc,

427 1238 483 1283 et
511 1231 632 1284 vide
666 1245 863 1285 manus
894 1243 1066 1292 meas,
1094 1241 1149 1282 et
1173 1227 1306 1281 aﬂ‘er
1331 1242 1551 1281 manum
1579 1235 1748 1292 tuam,
1773 1235 1826 1281 et
1853 1225 2008 1280 mitte

427 1321 481 1376 in
522 1322 663 1376 latus
697 1337 873 1376 meum
891 1321 990 1376 ⁸⁸.»
1027 1319 1218 1375 Omnia
1273 1329 1454 1372 autem
1500 1326 1674 1383 erant,
1713 1332 1834 1387 quae
1876 1316 2007 1372 fecit

427 1411 643 1478 mulier,
670 1411 1013 1466 consuetudo
1044 1424 1165 1464 cum
1199 1409 1440 1477 quinque
1473 1407 1628 1473 viris,
1661 1417 1717 1462 et
1747 1417 1868 1476 post
1908 1407 2006 1462 hos

422 1503 819 1560 condescensio
880 1503 949 1556 ad
1005 1510 1245 1567 sextum,
1294 1501 1384 1570 qui
1435 1500 1708 1570 legitimus
1754 1499 1838 1552 vir
1896 1513 2001 1554 non

421 1608 579 1664 erat;
610 1611 770 1668 quem
806 1612 927 1651 cum
962 1607 1237 1665 negasset,
1269 1594 1626 1665 hydriamqne
1673 1591 2002 1660 reliquisset,

425 1689 652 1744 honeste
681 1687 732 1741 in
761 1687 1052 1756 septimum
1085 1685 1378 1754 requiescit
1429 1682 1584 1754 [(21)
1617 1682 1851 1737 all'erens
1899 1683 2005 1737 uti-

423 1779 636 1834 litatem
669 1778 737 1832 iis
766 1791 983 1846 quoque
1018 1777 1110 1846 qui
1173 1776 1364 1830 iisdem
1418 1775 1760 1844 dogmatibus
1809 1773 2000 1828 imbuti

423 1871 615 1925 urbem
651 1867 982 1934 incolebant,
1021 1868 1074 1922 id
1109 1877 1216 1931 est,
1246 1866 1644 1922 institutionem
1685 1865 1998 1932 verborum,

423 1977 549 2030 quae
581 1975 687 2014 non
717 1969 865 2014 recta
903 1973 1146 2028 sanaque
1172 1967 1322 2021 sunt,
1345 1957 1592 2012 eamdem
1639 1971 1759 2026 qua:
1789 1957 2000 2011 mulieri

421 2052 601 2123 erat];
671 2067 792 2120 qtue
839 2051 1001 2105 etiam
1045 2051 1096 2103 in
1129 2065 1296 2106 causa
1351 2048 1472 2114 fuit,
1501 2057 1561 2103 ut
1594 2047 1671 2103 illi
1706 2063 1737 2102 e
1779 2048 2002 2104 civitate

418 2145 650 2207 exirent,
684 2152 738 2196 et
767 2143 1013 2197 venirent
1053 2143 1122 2195 ad
1173 2139 1382 2195 Jesum.
1424 2139 1616 2210 Magna
1668 2147 1852 2193 autem
1904 2139 2002 2193 ob—

418 2237 727 2294 servatione
748 2233 930 2289 Jesum
957 2242 1150 2304 rogant
1173 2231 1506 2288 Satnaritani
1537 2233 1588 2286 in
1622 2231 1993 2300 sequentibus,

424 2343 529 2384 non
561 2337 622 2381 ut
646 2335 862 2380 maneat
899 2326 952 2379 in
987 2325 1224 2388 civitate,
1257 2324 1351 2380 sed
1390 2341 1409 2376 ι
1440 2323 1578 2392 apud
1608 2323 1751 2392 ipsos
1780 2321 1877 2386 “,i
1897 2321 1999 2376 hoc

417 2426 524 2482 est,
552 2426 611 2472 ut
645 2418 716 2472 sit
746 2419 799 2472 in
831 2417 1141 2489 principatu
1174 2431 1365 2470 eorum
1411 2413 1626 2486 [animae
1662 2423 1816 2484 parte
1857 2428 1995 2482 prae-

419 2505 787 2579 stantissima]
827 2521 840 2556 :
885 2523 1010 2562 nam
1042 2508 1276 2562 fortasse
1309 2507 1570 2575 nequibat
1592 2503 1750 2560 Jesus
1778 2504 1832 2558 in
1862 2504 1996 2557 civi-

421 2606 528 2652 tate
565 2613 751 2653 eoruin
780 2613 1025 2664 manere,
1075 2597 1518 2668 quandoquidem
1551 2597 1717 2651 etiam
1775 2595 1875 2665 ipsi
1927 2609 1993 2648 ex

416 2687 639 2743 civitate
664 2689 938 2753 exierant,
969 2690 1174 2757 optime
1221 2687 1504 2755 facientes,
1541 2696 1596 2740 et
1635 2693 1897 2740 venerant
1927 2683 1992 2739 ad

415 2792 563 2834 eum.
613 2779 771 2846 Quod
825 2790 1006 2836 autem
1049 2778 1420 2848 hujuscemodi
1469 2778 1714 2847 quaedam
1765 2779 1994 2831 innuan-

417 2877 526 2935 tur,
553 2885 750 2925 causas
781 2871 936 2926 nobis
966 2870 1252 2940 praebente
1284 2869 1616 2940 evangelista
1645 2867 1994 2923 accuratissi-

415 2977 502 3015 me
525 2962 589 3015 ad
618 2977 835 3016 sensum
863 2962 1246 3032 anagogicum,
1280 2961 1382 3017 hoc
1409 2971 1496 3016 est
1524 2961 1590 3016 ad
1616 2963 1988 3022 sublimiorem

416 3052 856 3122 intelligentiam,
881 3068 947 3108 ex
983 3054 1066 3108 his
1094 3053 1276 3107 verbis
1297 3051 1703 3120 diiudicandum
1736 3067 1842 3111 est.
1871 3055 1992 3110 Pri-

417 3159 565 3198 mum
610 3145 829 3214 quidem
865 3145 1124 3214 scriptum
1157 3143 1343 3198 est”:
1383 3162 1401 3196 ι
1432 3144 1697 3199 Exierunt
1751 3161 1818 3201 ex
1853 3146 1988 3201 civi-
2019 3181 2062 3238 Ο

416 3243 545 3302 tate,
575 3245 629 3291 et
661 3247 928 3291 venerunt
964 3236 1030 3290 ad
1060 3251 1223 3303 eum;
1252 3254 1270 3287 ι
1299 3243 1354 3289 et
1385 3243 1504 3305 post
1546 3250 1718 3304 pauca
1743 3237 1790 3268 "
1815 3253 1831 3291 :
1866 3257 1884 3288 ι
1916 3238 1992 3294 Ex

414 3326 639 3382 civitate
681 3336 862 3382 autem
895 3327 982 3381 illa
1033 3326 1188 3381 multi
1234 3327 1702 3382 Samaritanorum
1750 3330 1996 3386 credide-

413 3426 541 3470 runt
571 3417 622 3468 in
649 3431 794 3482 eum,
824 3427 1042 3486 propter
1079 3430 1387 3471 sermonem
1446 3419 1711 3483 mulieris,
1747 3435 1868 3490 qua:
1919 3431 1996 3476 te-

410 3507 753 3562 SIillcabatur
773 3509 980 3572 dicens,
1004 3507 1140 3573 Quia
1172 3508 1313 3562 dixit
1353 3507 1483 3562 mihi
1514 3511 1694 3563 omnia
1735 3525 1991 3576 quaecun-

411 3613 518 3668 que
541 3598 666 3652 feci.
697 3597 768 3653 Ut
791 3614 923 3668 ergo
944 3609 1210 3654 venerunt
1240 3599 1306 3654 ad
1337 3613 1460 3654 eum
1492 3599 1798 3666 Samaritae,
1835 3617 1992 3674 roga-

412 3697 607 3742 verunt
626 3702 749 3742 eum
773 3695 832 3742 ut
853 3697 1097 3743 maneret
1117 3688 1256 3758 apud
1278 3689 1443 3759 ipsos.
1467 3709 1486 3744 ι
1507 3688 1678 3761 Igitur
1699 3691 1846 3760 prius
1867 3707 1988 3746 cum

411 3793 480 3838 ex
501 3779 724 3835 civitate
747 3781 814 3834 ad
845 3793 968 3835 eum
995 3781 1290 3850 venissent,
1318 3784 1482 3838 etiam
1510 3785 1690 3838 denuo
1722 3794 1992 3840 venerunt

413 3869 480 3924 ad
521 3884 642 3924 eum
675 3870 980 3936 Samaritaz,
1018 3873 1196 3926 adhuc
1219 3873 1571 3929 cxsistentem
1604 3875 1747 3945 apud
1784 3874 1984 3931 fontem

411 3959 581 4017 Jacob
614 3964 738 4034 (nec
768 3965 916 4018 enim
943 3965 1068 4019 inde
1119 3965 1498 4035 discesserat),
1545 3976 1600 4021 et
1656 3977 1987 4038 rogaverunt

411 4070 534 4110 eum
562 4065 622 4110 ut
642 4066 888 4111 maneret
922 4057 1060 4126 apud
1079 4058 1247 4125 ipsos.
1271 4057 1380 4112 Nec
1402 4059 1664 4128 scriptum
1687 4068 1770 4114 est
1798 4067 1981 4129 postea

414 4149 558 4217 quod
593 4149 870 4218 ingressus
891 4149 964 4203 sit
990 4149 1400 4214 civitatem,sed
1441 4169 1460 4202 c
1494 4151 1700 4205 mansit
1740 4151 1812 4206 ibi
1848 4153 1986 4207 duos

411 4237 528 4294 dies
547 4239 616 4292 ’⁷.
651 4257 671 4291 ι
700 4238 840 4305 Quin
875 4241 1038 4294 etiam
1069 4239 1226 4312 24],
1269 4241 1321 4295 in
1351 4244 1703 4312 sequentibus
1753 4259 1856 4296 non
1910 4243 1984 4296 di-

409 4341 555 4385 ctum
581 4341 664 4386 est
693 4350 704 4384 :
741 4349 761 4382 ι
793 4331 918 4386 Post
937 4332 1072 4387 duos
1095 4349 1220 4388 vero
1247 4335 1362 4388 dies
1397 4354 1415 4386 ο
1450 4335 1616 4388 exivit
1637 4350 1704 4390 ex
1741 4335 1982 4400 civitate,

411 4423 506 4476 sed
539 4424 799 4493 scriptum
844 4433 970 4478 est:
1009 4441 1028 4476 t
1057 4424 1121 4478 Et
1166 4425 1339 4480 exivit
1392 4426 1514 4480 inde
1537 4427 1582 4456 ’⁸
1608 4442 1622 4491 ;
1652 4445 1670 4477 ι
1724 4436 1984 4494 quantum

2111 587 2451 656 χαριστεῖται
2481 586 2586 639 ὑπὸ
2615 587 2726 640 τῶν
2757 588 3111 660 Σαμαρειτῶν
3139 590 3406 659 λεγόντων
3428 608 3443 622 ο
3481 611 3499 642 ι
3529 593 3704 644 Οὑκέ-

2109 693 2162 728 τι
2194 675 2282 729 διά
2312 676 2410 747 τὴν
2440 675 2628 730 λαλιάν
2661 696 2754 732 σου
2807 681 3135 752 πιστεύομεν
3159 700 3174 714 ο
3226 684 3382 737 αὐτοὶ⁸
3428 685 3540 756 7&9
3565 685 3705 757 ἀκη-

2109 768 2336 840 κόαμεν,
2365 771 2459 823 καὶ
2488 771 2731 841 οἴδαμεν,
2787 773 2869 825 ὅτι
2909 767 3060 839 οὗτός
3089 777 3236 829 ἐστιν
3277 777 3496 848 ἀληθῶς
3527 779 3554 830 ὁ
3583 779 3701 831 Σω-

2108 860 2214 932 τὴρ
2258 861 2352 914 τοῦ
2383 861 2615 931 κόσμοψ
2647 881 2664 913 ι
2703 862 2890 938 ἐκεοίνη
2919 880 2976 916 τε
3019 865 3116 937 τὴν
3142 867 3396 939 ἀπαρχὴν
3426 867 3526 940 τῆς
3557 869 3703 939 ἁφῆς

2109 951 2202 1004 τοῦ
2250 951 2486 1022 Χριστοῦ
2540 952 2601 1004 οὑ
2652 953 2987 1018 πιστεύεται,
3035 955 3282 1024 λέγοντος
3325 957 3502 1027 αὑτῇο
3560 960 3697 1029 «Μή

2113 1060 2213 1112 μου
2241 1043 2412 1096 ἆπτου
2436 1060 2449 1072 ·
2480 1062 2497 1094 ι
2549 1043 2740 1114 ἔμελλε
2770 1043 2880 1116 γάρ
2908 1046 2936 1098 ὁ
2967 1045 3167 1116 Θωμᾶς
3197 1047 3418 1102 ἀκούειν
3437 1065 3451 1078 ·
3511 1067 3529 1099 ι
3561 1049 3699 1120 Φέρε

2107 1133 2198 1185 τὸν
2229 1133 2490 1187 δάκτυλόν
2525 1151 2616 1188 σου
2661 1129 2784 1199 ὧδε,
2821 1136 2916 1189 καὶ
2965 1137 3040 1190 ῐδε
3090 1138 3188 1201 τὰς
3219 1139 3411 1211 χεῖράς
3444 1158 3570 1210 μου,
3601 1141 3698 1194 καὶ

2108 1226 2240 1296 φέρε
2269 1225 2367 1297 τὴν
2394 1226 2552 1298 χεῖρά
2575 1245 2690 1294 σου,
2714 1227 2808 1281 καὶ
2839 1227 2996 1298 βάλλε
3021 1231 3100 1294 είς
3125 1230 3222 1301 τὴν
3245 1230 3490 1303 πλευράν
3524 1250 3648 1302 μου.
3671 1252 3690 1284 ι

2107 1317 2288 1370 Πάντα
2315 1318 2370 1371 δὲ
2401 1315 2468 1389 ἦν
2498 1319 2534 1373 ἃ
2561 1320 2816 1392 ἐποίησεν
2845 1323 2878 1391 ἡ
2909 1321 3064 1392 γυνὴ,
3095 1323 3128 1392 ἥ
3158 1340 3218 1375 τε
3244 1322 3382 1395 πρὸς
3409 1325 3540 1387 τοὺς
3566 1324 3701 1377 πέν-

2105 1425 2163 1460 τε
2193 1409 2390 1479 ἀνδρας
2443 1411 2715 1476 κοινωνία,
2753 1415 2849 1466 καὶ
2905 1415 3018 1484 μετ’
3066 1415 3308 1479 ἐκείνους
3350 1417 3383 1486 ἠ
3417 1415 3558 1486 πρὸς
3603 1416 3696 1469 τὸν

2104 1497 2260 1552 ἕκτον
2297 1501 2357 1553 οὑ
2388 1502 2609 1572 γνήσιον
2644 1503 2812 1574 ἄνδρα
2846 1505 3254 1573 συγκαταϐασις
3273 1523 3286 1536 ⁸
3318 1507 3507 1561 ὅντινα
3528 1509 3696 1578 ἀρνη-

2106 1591 2338 1662 σαμένη,
2390 1594 2483 1646 καὶ
2525 1594 2624 1666 τὴν
2660 1595 2848 1666 ὑδρίαν
2895 1595 3285 1664 καταλιποῦσα,
3329 1599 3411 1661 είς
3462 1599 3694 1669 ἕϐδομον

2104 1682 2216 1753 (22)
2261 1684 2473 1755 σεμνῶς
2507 1685 2860 1750 ἀναπαύεται,
2918 1687 3254 1760 προξενοῦσα
3281 1689 3380 1760 τὴν
3422 1689 3694 1758 ὠφέλειαν

2103 1771 2198 1826 καὶ
2225 1777 2338 1838 τοῖς
2367 1775 2476 1828 ἀπὸ
2524 1775 2631 1830 τῶν
2656 1778 2936 1849 προτέρων
2983 1779 3119 1849 αὑτῇ
3163 1779 3453 1850 δογμάτων
3479 1779 3692 1833 οἰκοῦσι

2103 1865 2275 1928 πόλιν,
2306 1866 2406 1939 τὴν
2433 1868 2720 1942 οἰκοδομὴν
2751 1870 2859 1924 τῶν
2891 1872 2988 1941 οὑχ
3024 1871 3192 1940 ὑγιῶν
3231 1871 3427 1941 λόγων,
3461 1872 3560 1943 τὴν
3593 1873 3693 1926 αὑ-

2102 1962 2201 2032 τὴν
2231 1964 2295 2034 τῇ
2348 1965 2600 2032 γυναικί·
2643 1959 2725 2030 οἷς
2765 1966 2860 2019 καὶ
2897 1966 3044 2018 αἰτία
3081 1966 3289 2035 γίνεται
3323 1965 3564 2032 ἐξελθεῖν
3591 1965 3694 2034 τῆς

2103 2054 2328 2119 πόλεως,
2355 2056 2448 2108 καὶ⁵
2476 2055 2648 2110 ἐλθεῖν
2678 2057 2814 2128 πρὸς
2841 2057 2932 2110 τὸν
2971 2057 3198 2126 Ἰησοῦν.
3231 2058 3382 2112 Πάνυ
3417 2059 3476 2111 δὲ
3508 2075 3692 2128 παρα-

2099 2145 2484 2217 τετηρημένως
2523 2149 2580 2200 ἐν
2631 2150 2742 2212 τοῖς
2787 2147 2916 2219 ἑξῆς
2961 2149 3011 2202 οἱ
3053 2150 3392 2220 Σαμαρεῖται
3440 2148 3694 2219 ἐρωτῶσι

2097 2234 2189 2288 τὸν
2233 2235 2460 2307 Ἰησοῦν,
2505 2238 2604 2308 οὐχ
2630 2238 2718 2291 ἴνα
2749 2237 2906 2309 μείνῃ
2934 2238 2992 2290 ἐν
3017 2241 3081 2309 τῇ
3114 2238 3286 2302 πόλει,
3331 2237 3472 2291 ἀλλά
3510 2255 3529 2288 ι
3561 2238 3694 2307 παρ’

2097 2327 2302 2392 αὑτοῖς,
2333 2347 2352 2380 ι
2409 2329 2686 2384 τουτέστιν
2726 2330 2812 2383 ἵνα
2853 2329 3081 2401 γένηται
3126 2331 3184 2382 ἐν
3240 2329 3320 2400 τῷ
3372 2329 3694 2400 ἡγεμονικῷ

2099 2418 2307 2474 αὑτῶν·
2339 2421 2479 2490 τάχα
2503 2420 2611 2493 7&9
2637 2421 2736 2474 οὑκ
2765 2416 2832 2492 ἦν
2856 2419 3080 2475 δυνατὸν
3133 2422 3311 2490 μεῖναι
3340 2419 3507 2473 αὑτὸν
3534 2422 3592 2472 ἐν
3626 2422 3692 2490 τῇ

2097 2511 2250 2564 πόλει
2279 2512 2478 2575 αὐτῶν,
2509 2511 2741 2583 ἐπείπερ
2766 2512 2860 2566 καὶ
2886 2513 3038 2566 αὑτοὶ⁸
3067 2511 3290 2581 ἐξῆλθον
3315 2507 3374 2564 εὖ
3408 2511 3694 2571 ποιοῦντες

2096 2602 2160 2654 ἐκ
2190 2601 2286 2672 τῆς
2314 2603 2539 2668 πόλεως,
2571 2603 2664 2655 καὶ
2693 2604 2922 2674 ἤρχοντο
2951 2603 3086 2672 πρὸς
3108 2602 3291 2657 αὑτόν.
3330 2602 3457 2654 Ὀτι
3496 2601 3555 2654 δὲ
3583 2617 3696 2652 τοι·

2095 2691 2236 2746 αῦτά
2267 2710 2388 2746 τινα
2415 2692 2668 2763 δηλοῦται
2700 2694 3090 2765 ἀκριϐέστατα,
3137 2695 3217 2756 εἰς
3253 2691 3354 2755 τάς
3394 2688 3695 2758 ἀναγωγάς

2095 2782 2206 2853 (25)
2257 2783 2512 2854 ἀφορμὰς
2559 2787 2692 2856 ἡμῖν
2739 2785 2969 2848 διδόντος
3019 2782 3112 2838 τοῦ
3161 2781 3578 2852 εὐαγγελιστοῦ,
3627 2782 3695 2834 ἐκ

2092 2869 2296 2930 τούτων
2325 2876 2699 2946 κατακριτέον.
2738 2876 3008 2948 Πρότερον
3034 2876 3131 2946 μέν
3157 2874 3502 2946 γέγραπται·
3539 2891 3557 2923 ι
3581 2872 3696 2938 Ἐξ-

2093 2965 2252 3037 ῆλθον
2299 2969 2362 3020 ἐκ
2406 2967 2506 3037 τῆς
2541 2968 2765 3032 πόλεως,
2829 2968 2921 3020 καὶ
2965 2968 3192 3038 ἤρχοντο
3246 2965 3385 3037 πρὸς
3439 2964 3640 3018 αὑτόν·
3669 2984 3688 3016 ι

2094 3058 2189 3112 καὶ
2218 3060 2336 3127 μετ’
2363 3058 2518 3127 ὀλίγα
2543 3075 2556 3088 ο
2615 3076 2632 3110 ι
2657 3059 2750 3110 Ἐκ
2781 3058 2838 3111 δὲ
2877 3057 2975 3127 τῆς
3013 3057 3223 3120 πόλεως
3259 3057 3480 3126 ἐκείνης
3506 3054 3695 3106 πολλοὶ

2095 3149 2420 3204 ἐπίστευσαν
2453 3151 2532 3213 είς
2564 3150 2724 3202 αὑτὸν
2758 3148 2864 3202 τῶν
2899 3147 3254 3221 Σαμαρειτῶν
3280 3147 3369 3200 διὰ
3402 3147 3496 3201 τὸν
3531 3147 3693 3213 λόγον

2093 3242 2218 3314 τῆς’
2247 3242 2504 3312 γυναικὸς
2540 3240 2942 3313 μαρτυρούσης,
2985 3241 3086 3303 ὅτι,
3133 3235 3266 3292 Εῐπέ
3309 3256 3400 3308 μοι
3437 3238 3623 3291 πάντα
3655 3235 3693 3291 ἃ

2096 3332 2328 3403 ἐποίησα
2350 3349 2362 3362 ·
2400 3333 2475 3397 ὡς
2517 3327 2610 3386 οῦν
2659 3328 2820 3402 ἦλθον
2855 3331 2989 3402 πρὸς
3042 3329 3202 3384 αὑτὸν
3233 3329 3283 3381 οἱ
3315 3329 3687 3400 Σαμαρεῖται.

2096 3422 2323 3494 ἠρώτων
2369 3423 2531 3476 αὑτὸν
2564 3426 2740 3495 μεῖναι
2796 3423 2924 3493 παρ’
2953 3422 3154 3484 αὑτοῖς.
3181 3437 3200 3470 ι
3258 3419 3372 3473 Καὶ
3418 3419 3692 3490 πρότερον

2095 3510 2188 3568 οῦν
2220 3517 2284 3568 ἐκ
2307 3515 2405 3586 τῆς
2435 3515 2640 3577 πόλεως
2664 3515 2892 3585 ἤρχοντο
2915 3511 3050 3583 πρὸς
3085 3510 3264 3572 αὑτὸν,
3302 3510 3398 3562 καὶ
3432 3509 3690 3581 δεύτερον

2094 3599 2258 3676 ἦλθον
2291 3603 2426 3672 πρὸς
2458 3601 2616 3655 αὑτὸν
2665 3603 2713 3654 oi
2742 3602 3094 3674 Σαμαρεῖται,
3140 3597 3222 3652 ἔτι
3254 3597 3386 3651 ὄντα
3421 3597 3577 3668 παρά
3623 3601 3688 3668 τῇ

2096 3698 2247 3767 πηγῇ
2297 3694 2392 3747 τοῦ
2451 3693 2666 3760 Ἰακὼϐ,
2723 3694 2802 3762 (οὑ
2848 3692 2956 3764 γὰρ
3022 3691 3271 3762 φαίνεται
3322 3690 3691 3763 κεκινημένος

2097 3786 2306 3839 ἐκεῖθεν
2393 3786 2487 3839 καὶ
2533 3784 2764 3857 ἠρώτων
2791 3784 2950 3838 αὑτὸν
2985 3785 3162 3855 μεῖναι
3196 3783 3326 3852 παρ’
3355 3784 3566 3844 αὑτοῖς.
3609 3782 3688 3834 Οὑ

2094 3873 2403 3945 γέγραπται
2447 3872 2504 3926 δὲ
2555 3873 2692 3944 μετὰ
2723 3871 2902 3935 τοῦτο,
2937 3873 3018 3925 ὅτι
3049 3870 3298 3940 εἰσῆλθεν
3346 3873 3429 3934 εἰς
3454 3871 3554 3942 τὴν
3589 3870 3690 3923 πό-

2092 3965 2197 4029 λιν,
2231 3965 2344 4019 ἀλλ’
2371 3982 2384 3996 ’
2420 3965 2708 4036 «Ἔμεινεν
2751 3965 2868 4018 ἐκεῖ
2899 3962 2991 4016 δύο
3035 3961 3270 4033 ⁴ἡμέρας.
3301 3979 3321 4012 ι
3385 3961 3551 4014 Ἀλλά
3591 3963 3687 4014 καὶ

2092 4059 2150 4111 ἐν
2181 4062 2292 4122 τοῖς
2321 4058 2448 4128 ἐξῆς
2484 4057 2584 4111 οὑκ
2603 4057 2816 4129 εἴρηται
2835 4074 2848 4086 ο
2885 4074 2902 4107 t
2927 4053 3082 4110 Μετά
3101 4054 3158 4106 δέ
3184 4053 3282 4117 τὰς
3303 4053 3398 4107 δύο
3425 4054 3643 4126 ἡμέρας
3662 4073 3680 4103 ι

2092 4150 2315 4221 ἐξῆλθεν
2363 4152 2428 4204 ἐκ
2478 4151 2568 4222 τῆς
2602 4149 2829 4212 πόλεως,
2881 4147 3050 4202 ἀλλά⁶
3087 4166 3104 4197 ι
3131 4147 3238 4200 Καὶ
3273 4145 3500 4216 ἐξῆλθεν
3541 4148 3684 4198 ἐκεῖ·

2094 4241 2220 4294 θεν⁸
2255 4261 2273 4293 ι
2317 4242 2438 4295 ὅσον
2487 4241 2596 4314 γὰρ
2648 4241 2740 4294 ἐπὶ
2775 4237 3076 4310 τῷνοητῷ,
3131 4239 3346 4308 πᾶσαὴ
3399 4237 3685 4308 οἰκονομία

2092 4334 2189 4404 τῆς
2221 4332 2487 4402 ὠφελείας
2520 4335 2632 4394 τοῖς
2678 4329 2992 4402 Σαμαρεῦσι
3034 4329 3186 4401 παρά
3229 4331 3293 4400 τῇ
3330 4333 3486 4400 πηγῇ
3527 4330 3686 4397 γεγέ-

2094 4443 2250 4497 νηται
2273 4425 2365 4478 τοῦ
2408 4423 2622 4480 Ἰακώϐ.

410 4515 556 4569 enim
592 4516 659 4570 ad
691 4517 1100 4585 intelligentiam
1125 4518 1382 4587 pertinet,
1412 4520 1591 4575 omnis
1617 4522 1920 4574 meonomia
1957 4523 2202 4576 utilitatis
2241 4536 2368 4590 erga
2407 4519 2778 4574 Samaritanos
2802 4517 2942 4572 facta
2973 4528 3054 4574 est
3083 4518 3223 4586 apud
3248 4516 3456 4571 fontem
3491 4513 3682 4572 Jacob.

481 4608 573 4664 50.
604 4607 768 4664 Porto
798 4609 1094 4664 Heracleon
1131 4610 1380 4681 hydriam
1415 4624 1536 4666 esse
1564 4611 1844 4666 existimat
1877 4613 1986 4667 dis-

2160 4613 2248 4666 50.
2281 4611 2338 4664 Ὀ
2356 4609 2413 4663 δὲ
2443 4609 2751 4682 Ἡρακλέων
2781 4610 2880 4680 τὴν
2907 4609 3094 4682 ὑδρίαν
3122 4609 3220 4679 τὴν
3243 4607 3503 4678 δεκτικὴν
3534 4606 3682 4675 ζωῆς

410 4703 732 4772 positionem
781 4713 837 4756 et
876 4703 1152 4757 notionem
1200 4704 1565 4772 snsceptivatu
1625 4705 1770 4768 vitm,
1821 4714 1984 4773 atque

408 4794 573 4849 etiam
621 4794 742 4864 ejus
784 4795 1060 4864 potentia,
1093 4808 1264 4863 quea
1297 4791 1588 4848 Servatore
1629 4804 1732 4860 est,
1771 4812 1792 4844 ι
1823 4811 1984 4862 quant

406 4885 746 4954 relinquens,
800 4885 996 4954 inquit,
1039 4884 1179 4954 apud
1218 4884 1420 4953 ipsum,
1473 4884 1578 4938 hoc
1617 4892 1730 4947 est,
1780 4883 1987 4937 habens

410 4976 550 5044 apud
588 4975 936 5030 Servatorem
984 4974 1090 5029 tale
1135 4989 1252 5038 vas,
1295 4973 1347 5025 in
1395 4987 1502 5042 quo
1551 4973 1615 5025 ad
1666 4973 1983 5026 sumendam

409 5071 589 5121 vivam
635 5082 830 5138 aquam
883 5076 1148 5129 venerat,
1204 5079 1422 5120 reversa
1473 5073 1556 5117 est
1599 5063 1652 5116 in
1701 5065 1980 5127 mundum,

411 5158 668 5212 nuntians
703 5173 835 5212 voce
883 5159 1232 5228 praesentiam
1290 5163 1344 5209 et
1392 5155 1685 5208 adventum
1737 5153 1978 5210 Christi:

411 5260 508 5315 per
535 5245 782 5313 spiritum
804 5248 947 5302 enim
971 5257 1026 5301 et
1052 5262 1080 5300 a
1111 5246 1304 5317 spiritu
1330 5244 1510 5298 anima
1536 5243 1602 5297 ad
1638 5243 1982 5298 Servatorem

516 5391 738 5446 "Joan.
775 5408 868 5454 xx,
898 5392 985 5444 18.
1061 5393 1105 5426 οι
1132 5389 1289 5445 Joan.
1315 5404 1391 5443 IV.
1425 5388 1515 5442 42.
1593 5387 1637 5420 ¹¹²
1663 5385 1816 5442 Joan.
1840 5388 1993 5454 xx,l'

2115 5388 2160 5420 ’³
2189 5389 2316 5443 ibid.
2346 5388 2436 5444 27.

405 5459 608 5524 ειμι).
684 5462 882 5516 "ibid.
919 5461 1009 5514 40.
1084 5461 1128 5492 ’⁸
1156 5461 1282 5514 ibid.
1319 5461 1409 5514 45.

479 5602 591 5683 (2|)
615 5602 739 5657 llaec
767 5618 797 5656 a
823 5600 1081 5656 Ferrario
1108 5601 1498 5671 praetermissa,
1522 5614 1553 5654 ο
1576 5598 1828 5655 Perionio
1851 5615 1979 5670 sup-

407 5685 722 5810 ῃῃζξὲίιῖζδὶξ
738 5740 1010 5809 ἕϐδομον.
1042 5739 1133 5792 Sic
1161 5749 1306 5810 recte
1365 5741 1568 5796 habent
1626 5739 1784 5795 codd.
1809 5736 1990 5810 "Bodg

410 5807 617 5866 ieiunus
659 5821 713 5866 ct
768 5807 1128 5874 Barberinus;
1185 5808 1238 5862 in
1282 5810 1522 5866 editione
1577 5824 1756 5866 autem
1809 5807 1986 5862 Iluctii

2090 4702 2460 4774 ὑπολαμϐάνει
2488 4697 2626 4754 εἶναι
2659 4701 2916 4764 διάθεσιν,
2951 4701 3045 4754 καὶ
3076 4699 3305 4762 ἔννοιαν,
3337 4699 3436 4751 καὶ
3463 4699 3562 4769 τῆς
3591 4698 3685 4750 δυ-

2089 4797 2304 4866 νάμεως
2327 4795 2426 4865 τῆς
2459 4793 2609 4866 παρά
2637 4793 2732 4846 τοῦ
2764 4792 3038 4863 Σωτῆρος,
3067 4792 3255 4861 ἥντινα
3278 4789 3682 4854 καταλιποῦσα,

2090 4887 2244 4956 φησὶ,
2281 4887 2413 4956 παρ’
2441 4884 2610 4955 αὑτῷ,
2645 4885 2922 4938 τουτέστιν
2965 4883 3163 4953 ἔχουσα
3195 4881 3347 4952 παρά
3378 4881 3462 4952 τῷ
3497 4882 3681 4952 Σωτῆ-

2093 4995 2146 5049 ρι
2170 4978 2227 5030 τὸ
2254 4977 2489 5032 τοιοῦτον
2525 4977 2739 5042 σκεῦος,
2785 4980 2841 5031 ἐν
2884 4970 2928 5046 ᾧ
2959 4975 3206 5049 ἐληλύθει
3254 4974 3445 5028 λαϐεῖν
3475 4976 3536 5029 τὸ
3567 4975 3680 5040 ζῶν

2091 5065 2254 5138 ὕδωρ,
2293 5065 2629 5138 ὑπέστρεψεν
2659 5068 2740 5130 εἰς
2761 5067 2853 5119 τὸν
2885 5068 3086 5137 κόσμον
3117 5064 3584 5136 εύαγγελιζομένη
3617 5067 3682 5134 τῇ

2088 5157 2279 5228 κλήσει
2310 5159 2408 5225 τὴν
2440 5157 2676 5226 Χριστοῦ
2726 5159 3029 5228 παρουσίαν
3051 5175 3064 5188 ·
3117 5157 3206 5210 διὰ
3247 5158 3357 5229 γὰρ
3387 5157 3484 5210 τοῦ
3521 5158 3682 5210 πνεύ-

2092 5262 2259 5316 ματος
2293 5247 2384 5298 καὶ
2428 5246 2534 5299 ὑπὸ
2578 5247 2674 5300 τοῦ
2721 5247 3028 5319 πνεύματος
3073 5247 3419 5320 προσάγεται
3464 5252 3498 5319 ἡ
3532 5247 3678 5317 ψυχὴ

2528 5388 2576 5422 ⁸⁸
2595 5387 2753 5444 Jnan.
2786 5404 2860 5455 tv,
2887 5389 2972 5446 50.
3045 5390 3092 5422 "
3124 5389 3251 5444 ibid.
3280 5389 3372 5444 30.
3474 5391 3521 5422 ⁹⁶
3548 5389 3680 5443 ibid.

2092 5599 2241 5656 deest
2266 5604 2365 5668 είς.

2171 5675 2280 5746 (25)
2321 5674 2547 5729 Codices
2575 5673 2916 5729 Barherinns
2955 5685 3009 5731 et
3047 5675 3403 5746 Bndleianus,
3461 5679 3678 5746 ἀναγω-

2095 5743 2230 5811 γάς;
2259 5745 2474 5815 lit-gius,
2512 5760 2817 5815 perperam,
2859 5745 3193 5816 συναγωγάς.
