  <div class='ocr_page' id='page_1' title='image "/cluster/home/n/w/nwhite01/storage/ocr_20150623/14/hvd.32044024333478/234.png"; bbox 0 0 3806 6534; ppageno 0'>
   <div class='ocr_carea' id='block_1_1' title="bbox 1151 403 1646 473">
    <p class='ocr_par' dir='ltr' id='par_1_1' title="bbox 1151 405 1620 469">
     <span class='ocr_line' id='line_1_1' title="bbox 1151 405 1620 469; baseline -0.015 0"><span class='ocrx_word' id='word_1_1' title='bbox 1151 408 1511 469; x_wconf 71' lang='grc' dir='ltr'><strong>ΕΟΙΙΜΕΝΤ.</strong></span> <span class='ocrx_word' id='word_1_2' title='bbox 1550 405 1620 462; x_wconf 78' lang='lat' dir='ltr'><strong>IN</strong></span> 
     </span>
    </p>
   </div>
   <div class='ocr_carea' id='block_1_2' title="bbox 1760 403 3346 473">
    <p class='ocr_par' dir='ltr' id='par_1_2' title="bbox 1760 403 3346 473">
     <span class='ocr_line' id='line_1_2' title="bbox 1760 403 3346 473; baseline 0.007 -12"><span class='ocrx_word' id='word_1_3' title='bbox 1760 404 1851 462; x_wconf 55' lang='grc' dir='ltr'><strong>ΚΝ.</strong></span> <span class='ocrx_word' id='word_1_4' title='bbox 1888 403 2127 463; x_wconf 76' lang='lat' dir='ltr'><strong>TOIIUS</strong></span> <span class='ocrx_word' id='word_1_5' title='bbox 2159 406 2295 463; x_wconf 81' lang='lat' dir='ltr'><strong>Xlll.</strong></span> <span class='ocrx_word' id='word_1_6' title='bbox 3236 414 3346 473; x_wconf 62' lang='grc'><strong>454</strong></span> 
     </span>
    </p>
   </div>
   <div class='ocr_carea' id='block_1_3' title="bbox 87 520 1646 610">
    <p class='ocr_par' dir='ltr' id='par_1_3' title="bbox 87 526 1646 610">
     <span class='ocr_line' id='line_1_3' title="bbox 87 526 1646 610; baseline -0.006 -19"><span class='ocrx_word' id='word_1_7' title='bbox 87 538 164 610; x_wconf 77' lang='grc' dir='ltr'>τῷ</span> <span class='ocrx_word' id='word_1_8' title='bbox 192 535 432 608; x_wconf 76' lang='grc' dir='ltr'>Σωτῆρι.</span> <span class='ocrx_word' id='word_1_9' title='bbox 467 535 820 606; x_wconf 79' lang='grc' dir='ltr'>Κατανόησον</span> <span class='ocrx_word' id='word_1_10' title='bbox 863 529 927 604; x_wconf 82' lang='grc' dir='ltr'>δὴ</span> <span class='ocrx_word' id='word_1_11' title='bbox 957 531 1005 584; x_wconf 81' lang='grc' dir='ltr'>ει</span> <span class='ocrx_word' id='word_1_12' title='bbox 1048 530 1269 585; x_wconf 79' lang='grc' dir='ltr'>δύναται</span> <span class='ocrx_word' id='word_1_13' title='bbox 1296 526 1646 598; x_wconf 76' lang='grc' dir='ltr'>ἐπαινουμέντ</span> 
     </span>
    </p>
   </div>
   <div class='ocr_carea' id='block_1_4' title="bbox 1760 520 3347 610">
    <p class='ocr_par' dir='ltr' id='par_1_4' title="bbox 1770 520 3347 597">
     <span class='ocr_line' id='line_1_4' title="bbox 1770 520 3347 597; baseline 0.006 -22"><span class='ocrx_word' id='word_1_14' title='bbox 1770 521 2084 577; x_wconf 72' lang='lat' dir='ltr'><strong>adducitur.</strong></span> <span class='ocrx_word' id='word_1_15' title='bbox 2119 541 2141 575; x_wconf 73' lang='grc' dir='ltr'><strong>ι</strong></span> <span class='ocrx_word' id='word_1_16' title='bbox 2175 522 2344 594; x_wconf 74' lang='lat' dir='ltr'><strong>Igitur</strong></span> <span class='ocrx_word' id='word_1_17' title='bbox 2367 522 2658 582; x_wconf 82' lang='lat' dir='ltr'><strong>considera</strong></span> <span class='ocrx_word' id='word_1_18' title='bbox 2688 520 3047 580; x_wconf 79' lang='lat' dir='ltr'><strong>laudabilisne</strong></span> <span class='ocrx_word' id='word_1_19' title='bbox 3072 539 3191 582; x_wconf 87' lang='lat' dir='ltr'><strong>esse</strong></span> <span class='ocrx_word' id='word_1_20' title='bbox 3224 543 3347 597; x_wconf 85' lang='lat' dir='ltr'><strong>pos-</strong></span> 
     </span>
    </p>
   </div>
   <div class='ocr_carea' id='block_1_5' title="bbox 88 611 1646 697">
    <p class='ocr_par' dir='ltr' id='par_1_5' title="bbox 88 619 1646 697">
     <span class='ocr_line' id='line_1_5' title="bbox 88 619 1646 697; baseline -0.008 -14"><span class='ocrx_word' id='word_1_21' title='bbox 88 627 376 697; x_wconf 74' lang='grc' dir='ltr'>τυγχάνειν</span> <span class='ocrx_word' id='word_1_22' title='bbox 402 628 437 697; x_wconf 77' lang='grc' dir='ltr'><strong>ἡ</strong></span> <span class='ocrx_word' id='word_1_23' title='bbox 465 625 623 697; x_wconf 79' lang='grc' dir='ltr'>ὕδρία</span> <span class='ocrx_word' id='word_1_24' title='bbox 650 622 790 696; x_wconf 78' lang='grc' dir='ltr'>αὕτη</span> <span class='ocrx_word' id='word_1_25' title='bbox 823 623 999 694; x_wconf 83' lang='grc' dir='ltr'><strong>πάντη</strong></span> <span class='ocrx_word' id='word_1_26' title='bbox 1026 621 1293 692; x_wconf 78' lang='grc' dir='ltr'>ἀφιεμένη</span> <span class='ocrx_word' id='word_1_27' title='bbox 1309 637 1325 652; x_wconf 71' lang='grc'><em>”</em></span> <span class='ocrx_word' id='word_1_28' title='bbox 1373 640 1392 673; x_wconf 85' lang='grc' dir='ltr'><strong>ι</strong></span> <span class='ocrx_word' id='word_1_29' title='bbox 1416 619 1619 690; x_wconf 79' lang='grc' dir='ltr'>’Δφῆκε</span> <span class='ocrx_word' id='word_1_30' title='bbox 1645 664 1646 669; x_wconf 49' lang='grc' dir='ltr'><strong>η</strong></span> 
     </span>
    </p>
   </div>
   <div class='ocr_carea' id='block_1_6' title="bbox 1760 611 3341 697">
    <p class='ocr_par' dir='ltr' id='par_1_6' title="bbox 1775 611 3341 684">
     <span class='ocr_line' id='line_1_6' title="bbox 1775 611 3341 684; baseline 0.003 -17"><span class='ocrx_word' id='word_1_31' title='bbox 1775 612 1848 667; x_wconf 86' lang='lat' dir='ltr'><strong>sit</strong></span> <span class='ocrx_word' id='word_1_32' title='bbox 1874 611 1986 666; x_wconf 63' lang='lat' dir='ltr'><strong>haec</strong></span> <span class='ocrx_word' id='word_1_33' title='bbox 2009 612 2225 683; x_wconf 81' lang='lat' dir='ltr'><strong>hydria,</strong></span> <span class='ocrx_word' id='word_1_34' title='bbox 2253 629 2375 684; x_wconf 79' lang='lat' dir='ltr'><strong>qua:</strong></span> <span class='ocrx_word' id='word_1_35' title='bbox 2400 614 2624 670; x_wconf 89' lang='lat' dir='ltr'><strong>omnino</strong></span> <span class='ocrx_word' id='word_1_36' title='bbox 2646 612 3008 684; x_wconf 79' lang='lat' dir='ltr'><strong>relinquitur:</strong></span> <span class='ocrx_word' id='word_1_37' title='bbox 3038 631 3059 666; x_wconf 82' lang='grc' dir='ltr'><strong>ι</strong></span> <span class='ocrx_word' id='word_1_38' title='bbox 3086 615 3303 674; x_wconf 89' lang='lat' dir='ltr'><strong>Dimisit</strong></span> <span class='ocrx_word' id='word_1_39' title='bbox 3320 637 3341 672; x_wconf 77' lang='grc' dir='ltr'><strong>ι</strong></span> 
     </span>
    </p>
   </div>
   <div class='ocr_carea' id='block_1_7' title="bbox 85 700 1646 789">
    <p class='ocr_par' dir='ltr' id='par_1_7' title="bbox 85 710 1646 789">
     <span class='ocr_line' id='line_1_7' title="bbox 85 710 1646 789; baseline -0.004 -18"><span class='ocrx_word' id='word_1_40' title='bbox 85 716 210 789; x_wconf 73' lang='grc' dir='ltr'>γὰρ,</span> <span class='ocrx_word' id='word_1_41' title='bbox 259 717 419 787; x_wconf 82' lang='grc' dir='ltr'>φησὶ,</span> <span class='ocrx_word' id='word_1_42' title='bbox 485 714 629 786; x_wconf 76' lang='grc' dir='ltr'>«τὴν</span> <span class='ocrx_word' id='word_1_43' title='bbox 665 714 855 785; x_wconf 79' lang='grc' dir='ltr'>ὑδρίαν</span> <span class='ocrx_word' id='word_1_44' title='bbox 893 713 1064 783; x_wconf 81' lang='grc' dir='ltr'>αὐτῆς</span> <span class='ocrx_word' id='word_1_45' title='bbox 1110 715 1144 784; x_wconf 78' lang='grc' dir='ltr'>ἡ</span> <span class='ocrx_word' id='word_1_46' title='bbox 1192 713 1365 782; x_wconf 72' lang='grc' dir='ltr'>γυνή’</span> <span class='ocrx_word' id='word_1_47' title='bbox 1393 730 1412 763; x_wconf 76' lang='grc' dir='ltr'><strong>ι</strong></span> <span class='ocrx_word' id='word_1_48' title='bbox 1461 711 1522 765; x_wconf 83' lang='grc' dir='ltr'>οὐ</span> <span class='ocrx_word' id='word_1_49' title='bbox 1560 710 1646 782; x_wconf 76' lang='grc' dir='ltr'>γὰι</span> 
     </span>
    </p>
   </div>
   <div class='ocr_carea' id='block_1_8' title="bbox 1760 700 3346 789">
    <p class='ocr_par' dir='ltr' id='par_1_8' title="bbox 1773 700 3346 775">
     <span class='ocr_line' id='line_1_8' title="bbox 1773 700 3346 775; baseline 0.004 -20"><span class='ocrx_word' id='word_1_50' title='bbox 1773 700 1943 765; x_wconf 89' lang='lat' dir='ltr'><strong>enim,</strong></span> <span class='ocrx_word' id='word_1_51' title='bbox 1970 701 2164 771; x_wconf 90' lang='lat' dir='ltr'><strong>inquit,</strong></span> <span class='ocrx_word' id='word_1_52' title='bbox 2199 720 2218 755; x_wconf 77' lang='grc' dir='ltr'><strong>ι</strong></span> <span class='ocrx_word' id='word_1_53' title='bbox 2254 702 2498 775; x_wconf 81' lang='lat' dir='ltr'><strong>hydriam</strong></span> <span class='ocrx_word' id='word_1_54' title='bbox 2529 717 2682 759; x_wconf 85' lang='lat' dir='ltr'><strong>suam</strong></span> <span class='ocrx_word' id='word_1_55' title='bbox 2708 702 2902 760; x_wconf 85' lang='lat' dir='ltr'><strong>mulier</strong></span> <span class='ocrx_word' id='word_1_56' title='bbox 2916 702 2996 768; x_wconf 83' lang='lat'><strong>”;</strong></span> <span class='ocrx_word' id='word_1_57' title='bbox 3020 720 3041 756; x_wconf 72' lang='grc' dir='ltr'><strong>ι</strong></span> <span class='ocrx_word' id='word_1_58' title='bbox 3071 719 3177 760; x_wconf 93' lang='lat' dir='ltr'><strong>non</strong></span> <span class='ocrx_word' id='word_1_59' title='bbox 3200 707 3346 762; x_wconf 87' lang='lat' dir='ltr'><strong>enim</strong></span> 
     </span>
    </p>
   </div>
   <div class='ocr_carea' id='block_1_9' title="bbox 83 791 1646 879">
    <p class='ocr_par' dir='ltr' id='par_1_9' title="bbox 83 802 1646 879">
     <span class='ocr_line' id='line_1_9' title="bbox 83 802 1646 879; baseline -0.004 -17"><span class='ocrx_word' id='word_1_60' title='bbox 83 809 427 879; x_wconf 66' lang='grc' dir='ltr'>πρόσκειται,</span> <span class='ocrx_word' id='word_1_61' title='bbox 456 807 540 862; x_wconf 73' lang='grc' dir='ltr'>ὅτι</span> <span class='ocrx_word' id='word_1_62' title='bbox 568 807 780 877; x_wconf 78' lang='grc' dir='ltr'>ἀφῆκεν</span> <span class='ocrx_word' id='word_1_63' title='bbox 807 804 977 877; x_wconf 77' lang='grc' dir='ltr'>αὐτὴν</span> <span class='ocrx_word' id='word_1_64' title='bbox 1004 803 1154 876; x_wconf 81' lang='grc' dir='ltr'>παρὰ</span> <span class='ocrx_word' id='word_1_65' title='bbox 1169 803 1248 874; x_wconf 80' lang='grc' dir='ltr'><strong>τῷ</strong></span> <span class='ocrx_word' id='word_1_66' title='bbox 1274 804 1507 874; x_wconf 84' lang='grc' dir='ltr'>Σωτῆρι.</span> <span class='ocrx_word' id='word_1_67' title='bbox 1542 802 1646 856; x_wconf 66' lang='grc' dir='ltr'><strong>Πῶς</strong></span> 
     </span>
    </p>
   </div>
   <div class='ocr_carea' id='block_1_10' title="bbox 1760 791 3347 879">
    <p class='ocr_par' dir='ltr' id='par_1_10' title="bbox 1775 791 3347 862">
     <span class='ocr_line' id='line_1_10' title="bbox 1775 791 3347 862; baseline 0.004 -16"><span class='ocrx_word' id='word_1_68' title='bbox 1775 792 1998 846; x_wconf 75' lang='lat' dir='ltr'><strong>additur</strong></span> <span class='ocrx_word' id='word_1_69' title='bbox 2030 793 2174 862; x_wconf 91' lang='lat' dir='ltr'><strong>quod</strong></span> <span class='ocrx_word' id='word_1_70' title='bbox 2208 793 2481 851; x_wconf 89' lang='lat' dir='ltr'><strong>dimiserit</strong></span> <span class='ocrx_word' id='word_1_71' title='bbox 2517 807 2638 849; x_wconf 84' lang='lat' dir='ltr'><strong>eam</strong></span> <span class='ocrx_word' id='word_1_72' title='bbox 2667 793 2810 861; x_wconf 85' lang='lat' dir='ltr'><strong>apud</strong></span> <span class='ocrx_word' id='word_1_73' title='bbox 2835 791 3203 851; x_wconf 76' lang='lat' dir='ltr'><strong>Senatorem.</strong></span> <span class='ocrx_word' id='word_1_74' title='bbox 3237 794 3347 852; x_wconf 92' lang='lat' dir='ltr'><strong>Sed</strong></span> 
     </span>
    </p>
   </div>
   <div class='ocr_carea' id='block_1_11' title="bbox 80 882 1646 967">
    <p class='ocr_par' dir='ltr' id='par_1_11' title="bbox 80 894 1646 967">
     <span class='ocr_line' id='line_1_11' title="bbox 80 894 1646 967; baseline -0.004 -13"><span class='ocrx_word' id='word_1_75' title='bbox 80 900 133 954; x_wconf 76' lang='grc' dir='ltr'>δὲ</span> <span class='ocrx_word' id='word_1_76' title='bbox 164 900 260 953; x_wconf 80' lang='grc' dir='ltr'><strong>καὶ</strong></span> <span class='ocrx_word' id='word_1_77' title='bbox 293 899 397 954; x_wconf 80' lang='grc' dir='ltr'>οὐκ</span> <span class='ocrx_word' id='word_1_78' title='bbox 423 897 685 952; x_wconf 85' lang='grc' dir='ltr'>ἀπίθανον</span> <span class='ocrx_word' id='word_1_79' title='bbox 718 894 1118 952; x_wconf 76' lang='grc' dir='ltr'>καταλιποῦσαν</span> <span class='ocrx_word' id='word_1_80' title='bbox 1160 894 1329 967; x_wconf 80' lang='grc' dir='ltr'>αὐτὴν</span> <span class='ocrx_word' id='word_1_81' title='bbox 1360 895 1459 967; x_wconf 77' lang='grc' dir='ltr'>τὴν</span> <span class='ocrx_word' id='word_1_82' title='bbox 1489 894 1646 949; x_wconf 88' lang='grc' dir='ltr'>δεκτι-</span> 
     </span>
    </p>
   </div>
   <div class='ocr_carea' id='block_1_12' title="bbox 1760 882 3346 967">
    <p class='ocr_par' dir='ltr' id='par_1_12' title="bbox 1772 882 3346 957">
     <span class='ocr_line' id='line_1_12' title="bbox 1772 882 3346 957; baseline 0.004 -22"><span class='ocrx_word' id='word_1_83' title='bbox 1772 882 2044 950; x_wconf 91' lang='lat' dir='ltr'><strong>quomodo</strong></span> <span class='ocrx_word' id='word_1_84' title='bbox 2065 898 2171 939; x_wconf 91' lang='lat' dir='ltr'><strong>non</strong></span> <span class='ocrx_word' id='word_1_85' title='bbox 2202 884 2497 940; x_wconf 87' lang='lat' dir='ltr'><strong>absurdum</strong></span> <span class='ocrx_word' id='word_1_86' title='bbox 2527 886 2634 938; x_wconf 90' lang='lat' dir='ltr'><strong>erit</strong></span> <span class='ocrx_word' id='word_1_87' title='bbox 2662 896 2807 946; x_wconf 86' lang='lat' dir='ltr'><strong>eam.</strong></span> <span class='ocrx_word' id='word_1_88' title='bbox 2837 898 2959 953; x_wconf 62' lang='lat' dir='ltr'><strong>qua</strong></span> <span class='ocrx_word' id='word_1_89' title='bbox 2990 882 3346 957; x_wconf 81' lang='lat' dir='ltr'><strong>deseruisset,</strong></span> 
     </span>
    </p>
   </div>
   <div class='ocr_carea' id='block_1_13' title="bbox 78 974 1646 1061">
    <p class='ocr_par' dir='ltr' id='par_1_13' title="bbox 78 987 1646 1061">
     <span class='ocr_line' id='line_1_13' title="bbox 78 987 1646 1061; baseline -0.001 -17"><span class='ocrx_word' id='word_1_90' title='bbox 78 989 175 1061; x_wconf 74' lang='grc' dir='ltr'>κὴν</span> <span class='ocrx_word' id='word_1_91' title='bbox 203 991 310 1061; x_wconf 79' lang='grc' dir='ltr'><strong>τῆς</strong></span> <span class='ocrx_word' id='word_1_92' title='bbox 339 990 485 1060; x_wconf 75' lang='grc' dir='ltr'>ζωῆς</span> <span class='ocrx_word' id='word_1_93' title='bbox 533 990 791 1054; x_wconf 74' lang='grc' dir='ltr'>διάθεσιν,</span> <span class='ocrx_word' id='word_1_94' title='bbox 827 989 922 1043; x_wconf 76' lang='grc' dir='ltr'>καὶ</span> <span class='ocrx_word' id='word_1_95' title='bbox 968 987 1069 1060; x_wconf 78' lang='grc' dir='ltr'>τὴν</span> <span class='ocrx_word' id='word_1_96' title='bbox 1119 987 1328 1042; x_wconf 76' lang='grc' dir='ltr'>ἔννοιαν</span> <span class='ocrx_word' id='word_1_97' title='bbox 1376 987 1477 1058; x_wconf 86' lang='grc' dir='ltr'><strong>τῆς</strong></span> <span class='ocrx_word' id='word_1_98' title='bbox 1505 988 1646 1042; x_wconf 82' lang='grc' dir='ltr'>δυνά-</span> 
     </span>
    </p>
   </div>
   <div class='ocr_carea' id='block_1_14' title="bbox 1760 974 3345 1061">
    <p class='ocr_par' dir='ltr' id='par_1_14' title="bbox 1770 974 3345 1049">
     <span class='ocr_line' id='line_1_14' title="bbox 1770 974 3345 1049; baseline 0.004 -21"><span class='ocrx_word' id='word_1_99' title='bbox 1770 974 2186 1044; x_wconf 77' lang='lat' dir='ltr'><strong>dispositioneni</strong></span> <span class='ocrx_word' id='word_1_100' title='bbox 2209 985 2265 1031; x_wconf 85' lang='lat' dir='ltr'><strong>et</strong></span> <span class='ocrx_word' id='word_1_101' title='bbox 2287 977 2561 1033; x_wconf 90' lang='lat' dir='ltr'><strong>notionem</strong></span> <span class='ocrx_word' id='word_1_102' title='bbox 2594 975 2959 1045; x_wconf 87' lang='lat' dir='ltr'><strong>susceptivam</strong></span> <span class='ocrx_word' id='word_1_103' title='bbox 2991 977 3116 1033; x_wconf 65' lang='lat' dir='ltr'><strong>vita</strong></span> <span class='ocrx_word' id='word_1_104' title='bbox 3153 986 3211 1033; x_wconf 90' lang='lat' dir='ltr'><strong>et</strong></span> <span class='ocrx_word' id='word_1_105' title='bbox 3242 994 3345 1049; x_wconf 91' lang='lat' dir='ltr'><strong>po-</strong></span> 
     </span>
    </p>
   </div>
   <div class='ocr_carea' id='block_1_15' title="bbox 80 1064 1646 1153">
    <p class='ocr_par' dir='ltr' id='par_1_15' title="bbox 80 1073 1646 1153">
     <span class='ocr_line' id='line_1_15' title="bbox 80 1073 1646 1153; baseline 0 -18"><span class='ocrx_word' id='word_1_106' title='bbox 80 1097 224 1151; x_wconf 82' lang='grc' dir='ltr'>μεως</span> <span class='ocrx_word' id='word_1_107' title='bbox 274 1082 376 1153; x_wconf 86' lang='grc' dir='ltr'><strong>τῆς</strong></span> <span class='ocrx_word' id='word_1_108' title='bbox 426 1081 579 1153; x_wconf 84' lang='grc' dir='ltr'>παρὰ</span> <span class='ocrx_word' id='word_1_109' title='bbox 625 1079 721 1135; x_wconf 87' lang='grc' dir='ltr'><strong>τοῦ</strong></span> <span class='ocrx_word' id='word_1_110' title='bbox 768 1080 1041 1153; x_wconf 80' lang='grc' dir='ltr'><strong>Σωτῆρος,</strong></span> <span class='ocrx_word' id='word_1_111' title='bbox 1072 1080 1167 1134; x_wconf 78' lang='grc' dir='ltr'>καὶ</span> <span class='ocrx_word' id='word_1_112' title='bbox 1210 1079 1272 1133; x_wconf 79' lang='grc' dir='ltr'>τὸ</span> <span class='ocrx_word' id='word_1_113' title='bbox 1302 1079 1493 1143; x_wconf 87' lang='grc' dir='ltr'>σκεῦος</span> <span class='ocrx_word' id='word_1_114' title='bbox 1536 1073 1646 1149; x_wconf 66' lang='grc' dir='ltr'>ἐνιῖ</span> 
     </span>
    </p>
   </div>
   <div class='ocr_carea' id='block_1_16' title="bbox 1760 1064 3344 1153">
    <p class='ocr_par' dir='ltr' id='par_1_16' title="bbox 1772 1064 3344 1138">
     <span class='ocr_line' id='line_1_16' title="bbox 1772 1064 3344 1138; baseline 0.006 -20"><span class='ocrx_word' id='word_1_115' title='bbox 1772 1065 1979 1129; x_wconf 70' lang='lat' dir='ltr'><strong>tentite,</strong></span> <span class='ocrx_word' id='word_1_116' title='bbox 2006 1081 2035 1119; x_wconf 86' lang='lat' dir='ltr'><strong>a</strong></span> <span class='ocrx_word' id='word_1_117' title='bbox 2059 1064 2357 1123; x_wconf 79' lang='lat' dir='ltr'><strong>Servatore</strong></span> <span class='ocrx_word' id='word_1_118' title='bbox 2387 1077 2722 1132; x_wconf 85' lang='lat' dir='ltr'><strong>manantem,</strong></span> <span class='ocrx_word' id='word_1_119' title='bbox 2752 1076 2808 1122; x_wconf 89' lang='lat' dir='ltr'><strong>et</strong></span> <span class='ocrx_word' id='word_1_120' title='bbox 2831 1080 2931 1123; x_wconf 86' lang='lat' dir='ltr'><strong>vas</strong></span> <span class='ocrx_word' id='word_1_121' title='bbox 2956 1067 3008 1123; x_wconf 92' lang='lat' dir='ltr'><strong>in</strong></span> <span class='ocrx_word' id='word_1_122' title='bbox 3036 1083 3146 1138; x_wconf 93' lang='lat' dir='ltr'><strong>quo</strong></span> <span class='ocrx_word' id='word_1_123' title='bbox 3172 1084 3344 1127; x_wconf 84' lang='lat' dir='ltr'><strong>vene-</strong></span> 
     </span>
    </p>
   </div>
   <div class='ocr_carea' id='block_1_17' title="bbox 77 1158 1646 1245">
    <p class='ocr_par' dir='ltr' id='par_1_17' title="bbox 77 1170 1646 1245">
     <span class='ocr_line' id='line_1_17' title="bbox 77 1170 1646 1245; baseline 0.002 -22"><span class='ocrx_word' id='word_1_124' title='bbox 77 1170 327 1242; x_wconf 81' lang='grc' dir='ltr'>ἐληλύθει</span> <span class='ocrx_word' id='word_1_125' title='bbox 355 1172 655 1244; x_wconf 75' lang='grc' dir='ltr'>λαμϐάνειν</span> <span class='ocrx_word' id='word_1_126' title='bbox 700 1172 763 1226; x_wconf 76' lang='grc' dir='ltr'>τὸ</span> <span class='ocrx_word' id='word_1_127' title='bbox 807 1172 917 1238; x_wconf 78' lang='grc' dir='ltr'>ζῶν</span> <span class='ocrx_word' id='word_1_128' title='bbox 944 1171 1108 1245; x_wconf 80' lang='grc' dir='ltr'>ὕδωρ,</span> <span class='ocrx_word' id='word_1_129' title='bbox 1161 1171 1555 1244; x_wconf 81' lang='grc' dir='ltr'><strong>ἀπεληλυθέναι</strong></span> <span class='ocrx_word' id='word_1_130' title='bbox 1584 1174 1646 1236; x_wconf 67' lang='grc' dir='ltr'>είς</span> 
     </span>
    </p>
   </div>
   <div class='ocr_carea' id='block_1_18' title="bbox 1760 1158 3343 1245">
    <p class='ocr_par' dir='ltr' id='par_1_18' title="bbox 1771 1158 3343 1229">
     <span class='ocr_line' id='line_1_18' title="bbox 1771 1158 3343 1229; baseline 0.003 -16"><span class='ocrx_word' id='word_1_131' title='bbox 1771 1168 1858 1213; x_wconf 85' lang='lat' dir='ltr'><strong>rat</strong></span> <span class='ocrx_word' id='word_1_132' title='bbox 1898 1166 1956 1211; x_wconf 91' lang='lat' dir='ltr'><strong>ut</strong></span> <span class='ocrx_word' id='word_1_133' title='bbox 1991 1159 2266 1228; x_wconf 88' lang='lat' dir='ltr'><strong>acciperet</strong></span> <span class='ocrx_word' id='word_1_134' title='bbox 2295 1173 2492 1229; x_wconf 88' lang='lat' dir='ltr'><strong>aquam</strong></span> <span class='ocrx_word' id='word_1_135' title='bbox 2522 1160 2725 1223; x_wconf 88' lang='lat' dir='ltr'><strong>vivam,</strong></span> <span class='ocrx_word' id='word_1_136' title='bbox 2752 1158 2953 1215; x_wconf 82' lang='lat' dir='ltr'><strong>abiisse</strong></span> <span class='ocrx_word' id='word_1_137' title='bbox 2995 1160 3048 1214; x_wconf 92' lang='lat' dir='ltr'><strong>in</strong></span> <span class='ocrx_word' id='word_1_138' title='bbox 3081 1161 3343 1218; x_wconf 82' lang='lat' dir='ltr'><strong>mundum</strong></span> 
     </span>
    </p>
   </div>
   <div class='ocr_carea' id='block_1_19' title="bbox 76 1250 1646 1338">
    <p class='ocr_par' dir='ltr' id='par_1_19' title="bbox 76 1262 1646 1338">
     <span class='ocr_line' id='line_1_19' title="bbox 76 1262 1646 1338; baseline 0.004 -24"><span class='ocrx_word' id='word_1_139' title='bbox 76 1262 162 1314; x_wconf 70' lang='grc' dir='ltr'>τὸν</span> <span class='ocrx_word' id='word_1_140' title='bbox 188 1264 404 1334; x_wconf 86' lang='grc' dir='ltr'>κόσμον</span> <span class='ocrx_word' id='word_1_141' title='bbox 435 1266 605 1336; x_wconf 70' lang='grc' dir='ltr'>χωρὶς</span> <span class='ocrx_word' id='word_1_142' title='bbox 633 1264 859 1330; x_wconf 85' lang='grc' dir='ltr'>τούτων,</span> <span class='ocrx_word' id='word_1_143' title='bbox 887 1264 1342 1335; x_wconf 83' lang='grc' dir='ltr'>εὐαγγελίσασθαι</span> <span class='ocrx_word' id='word_1_144' title='bbox 1373 1267 1439 1337; x_wconf 74' lang='grc' dir='ltr'>τῇ</span> <span class='ocrx_word' id='word_1_145' title='bbox 1472 1266 1646 1338; x_wconf 52' lang='grc' dir='ltr'>κλήσεη</span> 
     </span>
    </p>
   </div>
   <div class='ocr_carea' id='block_1_20' title="bbox 1760 1250 3344 1338">
    <p class='ocr_par' dir='ltr' id='par_1_20' title="bbox 1764 1250 3344 1320">
     <span class='ocr_line' id='line_1_20' title="bbox 1764 1250 3344 1320; baseline 0.003 -14"><span class='ocrx_word' id='word_1_146' title='bbox 1764 1253 1887 1306; x_wconf 76' lang='lat' dir='ltr'><strong>sine</strong></span> <span class='ocrx_word' id='word_1_147' title='bbox 1921 1252 2030 1318; x_wconf 89' lang='lat' dir='ltr'><strong>his,</strong></span> <span class='ocrx_word' id='word_1_148' title='bbox 2063 1262 2124 1306; x_wconf 90' lang='lat' dir='ltr'><strong>ut</strong></span> <span class='ocrx_word' id='word_1_149' title='bbox 2170 1252 2578 1320; x_wconf 81' lang='lat' dir='ltr'><strong>evangelizaret</strong></span> <span class='ocrx_word' id='word_1_150' title='bbox 2627 1266 2759 1308; x_wconf 88' lang='lat' dir='ltr'><strong>voce</strong></span> <span class='ocrx_word' id='word_1_151' title='bbox 2801 1250 3009 1308; x_wconf 82' lang='lat' dir='ltr'><strong>Christi</strong></span> <span class='ocrx_word' id='word_1_152' title='bbox 3051 1253 3344 1311; x_wconf 79' lang='lat' dir='ltr'><strong>adventum</strong></span> 
     </span>
    </p>
   </div>
   <div class='ocr_carea' id='block_1_21' title="bbox 76 1342 1646 1433">
    <p class='ocr_par' dir='ltr' id='par_1_21' title="bbox 76 1354 1646 1433">
     <span class='ocr_line' id='line_1_21' title="bbox 76 1354 1646 1433; baseline 0.004 -27"><span class='ocrx_word' id='word_1_153' title='bbox 76 1354 168 1427; x_wconf 73' lang='grc' dir='ltr'>τὴν</span> <span class='ocrx_word' id='word_1_154' title='bbox 193 1354 440 1426; x_wconf 79' lang='grc' dir='ltr'>Χριστοῦ</span> <span class='ocrx_word' id='word_1_155' title='bbox 479 1356 822 1429; x_wconf 85' lang='grc' dir='ltr'>παρουσίαν;</span> <span class='ocrx_word' id='word_1_156' title='bbox 872 1358 997 1423; x_wconf 83' lang='grc' dir='ltr'>Πῶς</span> <span class='ocrx_word' id='word_1_157' title='bbox 1024 1358 1081 1412; x_wconf 83' lang='grc' dir='ltr'>δὲ</span> <span class='ocrx_word' id='word_1_158' title='bbox 1112 1358 1206 1411; x_wconf 81' lang='grc' dir='ltr'><strong>καὶ</strong></span> <span class='ocrx_word' id='word_1_159' title='bbox 1248 1360 1281 1433; x_wconf 79' lang='grc' dir='ltr'><strong>ἡ</strong></span> <span class='ocrx_word' id='word_1_160' title='bbox 1317 1359 1646 1431; x_wconf 79' lang='grc' dir='ltr'>πνευματικῦ</span> 
     </span>
    </p>
   </div>
   <div class='ocr_carea' id='block_1_22' title="bbox 1760 1342 3345 1433">
    <p class='ocr_par' dir='ltr' id='par_1_22' title="bbox 1765 1342 3345 1413">
     <span class='ocr_line' id='line_1_22' title="bbox 1765 1342 3345 1413; baseline 0.003 -16"><span class='ocrx_word' id='word_1_161' title='bbox 1765 1354 1821 1397; x_wconf 89' lang='lat' dir='ltr'><strong>et</strong></span> <span class='ocrx_word' id='word_1_162' title='bbox 1851 1342 2197 1413; x_wconf 66' lang='lat' dir='ltr'><strong>praesentiam</strong></span> <span class='ocrx_word' id='word_1_163' title='bbox 2216 1343 2240 1397; x_wconf 70' lang='grc' dir='ltr'><strong><em>τ</em></strong></span> <span class='ocrx_word' id='word_1_164' title='bbox 2259 1342 2541 1410; x_wconf 86' lang='lat' dir='ltr'><strong>Quomodo</strong></span> <span class='ocrx_word' id='word_1_165' title='bbox 2569 1344 2735 1400; x_wconf 88' lang='lat' dir='ltr'><strong>etiam</strong></span> <span class='ocrx_word' id='word_1_166' title='bbox 2762 1343 2875 1397; x_wconf 74' lang='lat' dir='ltr'><strong>haec</strong></span> <span class='ocrx_word' id='word_1_167' title='bbox 2901 1342 3198 1412; x_wconf 79' lang='lat' dir='ltr'><strong>spiritualis</strong></span> <span class='ocrx_word' id='word_1_168' title='bbox 3223 1353 3345 1413; x_wconf 88' lang='lat' dir='ltr'><strong>post</strong></span> 
     </span>
    </p>
   </div>
   <div class='ocr_carea' id='block_1_23' title="bbox 78 1433 1646 1520">
    <p class='ocr_par' dir='ltr' id='par_1_23' title="bbox 78 1444 1646 1520">
     <span class='ocr_line' id='line_1_23' title="bbox 78 1444 1646 1520; baseline 0.003 -23"><span class='ocrx_word' id='word_1_169' title='bbox 78 1444 210 1515; x_wconf 80' lang='grc' dir='ltr'>μετὰ</span> <span class='ocrx_word' id='word_1_170' title='bbox 235 1447 531 1512; x_wconf 79' lang='grc' dir='ltr'>τοσούτους</span> <span class='ocrx_word' id='word_1_171' title='bbox 557 1448 746 1518; x_wconf 81' lang='grc' dir='ltr'>λόγους</span> <span class='ocrx_word' id='word_1_172' title='bbox 772 1449 833 1503; x_wconf 81' lang='grc' dir='ltr'>οὐ</span> <span class='ocrx_word' id='word_1_173' title='bbox 863 1449 1151 1503; x_wconf 84' lang='grc' dir='ltr'>πέπεισται</span> <span class='ocrx_word' id='word_1_174' title='bbox 1181 1448 1366 1520; x_wconf 82' lang='grc' dir='ltr'>σαφῶς</span> <span class='ocrx_word' id='word_1_175' title='bbox 1406 1449 1533 1520; x_wconf 75' lang='grc' dir='ltr'>περὶ</span> <span class='ocrx_word' id='word_1_176' title='bbox 1563 1448 1646 1503; x_wconf 84' lang='grc' dir='ltr'>τοῐ</span> 
     </span>
    </p>
   </div>
   <div class='ocr_carea' id='block_1_24' title="bbox 1760 1433 3340 1520">
    <p class='ocr_par' dir='ltr' id='par_1_24' title="bbox 1767 1433 3340 1503">
     <span class='ocr_line' id='line_1_24' title="bbox 1767 1433 3340 1503; baseline 0.003 -18"><span class='ocrx_word' id='word_1_177' title='bbox 1767 1440 1846 1486; x_wconf 89' lang='lat' dir='ltr'><strong>tot</strong></span> <span class='ocrx_word' id='word_1_178' title='bbox 1871 1447 2153 1488; x_wconf 84' lang='lat' dir='ltr'><strong>sermones</strong></span> <span class='ocrx_word' id='word_1_179' title='bbox 2178 1446 2437 1503; x_wconf 86' lang='lat' dir='ltr'><strong>persuasa</strong></span> <span class='ocrx_word' id='word_1_180' title='bbox 2468 1433 2616 1489; x_wconf 90' lang='lat' dir='ltr'><strong>clare</strong></span> <span class='ocrx_word' id='word_1_181' title='bbox 2644 1448 2750 1487; x_wconf 90' lang='lat' dir='ltr'><strong>non</strong></span> <span class='ocrx_word' id='word_1_182' title='bbox 2781 1442 2863 1487; x_wconf 91' lang='lat' dir='ltr'><strong>est</strong></span> <span class='ocrx_word' id='word_1_183' title='bbox 2888 1433 2954 1488; x_wconf 90' lang='lat' dir='ltr'><strong>de</strong></span> <span class='ocrx_word' id='word_1_184' title='bbox 2981 1433 3222 1493; x_wconf 78' lang='lat' dir='ltr'><strong>Christo.</strong></span> <span class='ocrx_word' id='word_1_185' title='bbox 3245 1437 3340 1491; x_wconf 90' lang='lat' dir='ltr'><strong>sed</strong></span> 
     </span>
    </p>
   </div>
   <div class='ocr_carea' id='block_1_25' title="bbox 76 1523 1646 1613">
    <p class='ocr_par' dir='ltr' id='par_1_25' title="bbox 76 1534 1646 1613">
     <span class='ocr_line' id='line_1_25' title="bbox 76 1534 1646 1613; baseline 0.002 -21"><span class='ocrx_word' id='word_1_186' title='bbox 76 1537 334 1608; x_wconf 79' lang='grc' dir='ltr'>Χριστοῦ,</span> <span class='ocrx_word' id='word_1_187' title='bbox 367 1537 507 1593; x_wconf 81' lang='grc' dir='ltr'>ἀλλά</span> <span class='ocrx_word' id='word_1_188' title='bbox 530 1557 662 1612; x_wconf 88' lang='grc' dir='ltr'>φησι</span> <span class='ocrx_word' id='word_1_189' title='bbox 680 1541 874 1613; x_wconf 79' lang='grc' dir='ltr'>ἰΜήτι</span> <span class='ocrx_word' id='word_1_190' title='bbox 893 1534 1047 1606; x_wconf 74' lang='grc' dir='ltr'>οὗτος</span> <span class='ocrx_word' id='word_1_191' title='bbox 1069 1544 1097 1596; x_wconf 89' lang='grc' dir='ltr'><strong>ό</strong></span> <span class='ocrx_word' id='word_1_192' title='bbox 1123 1540 1528 1613; x_wconf 53' lang='grc' dir='ltr'>Χριστός»Κώ</span> <span class='ocrx_word' id='word_1_193' title='bbox 1560 1540 1646 1595; x_wconf 87' lang='grc' dir='ltr'>τό·</span> 
     </span>
    </p>
   </div>
   <div class='ocr_carea' id='block_1_26' title="bbox 1760 1523 3336 1613">
    <p class='ocr_par' dir='ltr' id='par_1_26' title="bbox 1764 1523 3336 1594">
     <span class='ocr_line' id='line_1_26' title="bbox 1764 1523 3336 1594; baseline 0.001 -16"><span class='ocrx_word' id='word_1_194' title='bbox 1764 1523 1942 1594; x_wconf 86' lang='lat' dir='ltr'><strong>inquit</strong></span> <span class='ocrx_word' id='word_1_195' title='bbox 1974 1543 1989 1580; x_wconf 91' lang='lat'><strong>:</strong></span> <span class='ocrx_word' id='word_1_196' title='bbox 2030 1543 2050 1576; x_wconf 83' lang='lat' dir='ltr'><strong>t</strong></span> <span class='ocrx_word' id='word_1_197' title='bbox 2081 1526 2162 1580; x_wconf 79' lang='lat' dir='ltr'><strong>An</strong></span> <span class='ocrx_word' id='word_1_198' title='bbox 2191 1525 2280 1581; x_wconf 89' lang='lat' dir='ltr'><strong>bic</strong></span> <span class='ocrx_word' id='word_1_199' title='bbox 2309 1533 2392 1581; x_wconf 80' lang='lat' dir='ltr'><strong>est</strong></span> <span class='ocrx_word' id='word_1_200' title='bbox 2414 1524 2506 1581; x_wconf 86' lang='lat' dir='ltr'><strong>ille</strong></span> <span class='ocrx_word' id='word_1_201' title='bbox 2522 1525 2774 1581; x_wconf 85' lang='lat' dir='ltr'><strong>Christus</strong></span> <span class='ocrx_word' id='word_1_202' title='bbox 2793 1525 2808 1555; x_wconf 86' lang='grc'>¹</span> <span class='ocrx_word' id='word_1_203' title='bbox 2831 1524 2857 1579; x_wconf 71' lang='grc' dir='ltr'><em>ἳ</em></span> <span class='ocrx_word' id='word_1_204' title='bbox 2884 1544 2903 1577; x_wconf 71' lang='grc' dir='ltr'><strong>ι</strong></span> <span class='ocrx_word' id='word_1_205' title='bbox 2929 1524 3068 1592; x_wconf 84' lang='lat' dir='ltr'><strong>Quin</strong></span> <span class='ocrx_word' id='word_1_206' title='bbox 3091 1533 3145 1581; x_wconf 86' lang='lat' dir='ltr'><strong>et</strong></span> <span class='ocrx_word' id='word_1_207' title='bbox 3171 1524 3336 1583; x_wconf 79' lang='lat' dir='ltr'><strong>illud:</strong></span> 
     </span>
    </p>
   </div>
   <div class='ocr_carea' id='block_1_27' title="bbox 79 1615 1646 1707">
    <p class='ocr_par' dir='ltr' id='par_1_27' title="bbox 79 1629 1646 1707">
     <span class='ocr_line' id='line_1_27' title="bbox 79 1629 1646 1707; baseline 0.004 -25"><span class='ocrx_word' id='word_1_208' title='bbox 79 1647 98 1681; x_wconf 83' lang='grc' dir='ltr'><strong>ι</strong></span> <span class='ocrx_word' id='word_1_209' title='bbox 118 1629 378 1701; x_wconf 81' lang='grc' dir='ltr'>Ἐξῆλθον</span> <span class='ocrx_word' id='word_1_210' title='bbox 411 1630 470 1685; x_wconf 81' lang='grc' dir='ltr'>δὲ</span> <span class='ocrx_word' id='word_1_211' title='bbox 516 1634 582 1686; x_wconf 88' lang='grc' dir='ltr'><strong>ἐκ</strong></span> <span class='ocrx_word' id='word_1_212' title='bbox 612 1632 711 1704; x_wconf 86' lang='grc' dir='ltr'><strong>τῆς</strong></span> <span class='ocrx_word' id='word_1_213' title='bbox 738 1632 967 1699; x_wconf 82' lang='grc' dir='ltr'>πόλεως,</span> <span class='ocrx_word' id='word_1_214' title='bbox 993 1654 1012 1686; x_wconf 75' lang='grc' dir='ltr'><strong>ι</strong></span> <span class='ocrx_word' id='word_1_215' title='bbox 1065 1633 1362 1707; x_wconf 83' lang='grc' dir='ltr'>διηγήσατο</span> <span class='ocrx_word' id='word_1_216' title='bbox 1409 1635 1530 1689; x_wconf 78' lang='grc' dir='ltr'>ἀντὶ</span> <span class='ocrx_word' id='word_1_217' title='bbox 1560 1635 1646 1689; x_wconf 80' lang='grc' dir='ltr'><strong>τοῦ</strong></span> 
     </span>
    </p>
   </div>
   <div class='ocr_carea' id='block_1_28' title="bbox 1760 1615 3343 1707">
    <p class='ocr_par' dir='ltr' id='par_1_28' title="bbox 1767 1615 3343 1687">
     <span class='ocr_line' id='line_1_28' title="bbox 1767 1615 3343 1687; baseline 0.003 -20"><span class='ocrx_word' id='word_1_218' title='bbox 1767 1632 1788 1667; x_wconf 75' lang='grc' dir='ltr'><strong>ι</strong></span> <span class='ocrx_word' id='word_1_219' title='bbox 1824 1615 2089 1672; x_wconf 72' lang='lat' dir='ltr'><strong>Exierunt</strong></span> <span class='ocrx_word' id='word_1_220' title='bbox 2121 1624 2301 1672; x_wconf 87' lang='lat' dir='ltr'><strong>autem</strong></span> <span class='ocrx_word' id='word_1_221' title='bbox 2325 1630 2358 1671; x_wconf 80' lang='grc' dir='ltr'><strong>ο</strong></span> <span class='ocrx_word' id='word_1_222' title='bbox 2388 1617 2613 1671; x_wconf 83' lang='lat' dir='ltr'><strong>civitate</strong></span> <span class='ocrx_word' id='word_1_223' title='bbox 2636 1618 2681 1683; x_wconf 79' lang='grc'>³,</span> <span class='ocrx_word' id='word_1_224' title='bbox 2708 1635 2727 1669; x_wconf 74' lang='grc' dir='ltr'><strong><em>ι</em></strong></span> <span class='ocrx_word' id='word_1_225' title='bbox 2761 1617 3009 1687; x_wconf 73' lang='grc' dir='ltr'>ειροειιίι</span> <span class='ocrx_word' id='word_1_226' title='bbox 3040 1631 3138 1686; x_wconf 91' lang='lat' dir='ltr'><strong>pro</strong></span> <span class='ocrx_word' id='word_1_227' title='bbox 3163 1617 3343 1686; x_wconf 84' lang='lat' dir='ltr'><strong>prima</strong></span> 
     </span>
    </p>
   </div>
   <div class='ocr_carea' id='block_1_29' title="bbox 71 1721 1652 1799">
    <p class='ocr_par' dir='ltr' id='par_1_29' title="bbox 71 1721 1652 1799">
     <span class='ocr_line' id='line_1_29' title="bbox 71 1721 1652 1799; baseline 0.004 -25"><span class='ocrx_word' id='word_1_228' title='bbox 71 1724 131 1775; x_wconf 70' lang='grc' dir='ltr'><strong>ἐκ</strong></span> <span class='ocrx_word' id='word_1_229' title='bbox 156 1721 259 1791; x_wconf 86' lang='grc' dir='ltr'><strong>τῆς</strong></span> <span class='ocrx_word' id='word_1_230' title='bbox 287 1724 566 1795; x_wconf 79' lang='grc' dir='ltr'>προτέρας</span> <span class='ocrx_word' id='word_1_231' title='bbox 591 1723 771 1778; x_wconf 77' lang='grc' dir='ltr'>αὐτῶν</span> <span class='ocrx_word' id='word_1_232' title='bbox 801 1721 1146 1797; x_wconf 71' lang='grc' dir='ltr'>ἀναστροφῆς</span> <span class='ocrx_word' id='word_1_233' title='bbox 1176 1724 1344 1799; x_wconf 77' lang='grc' dir='ltr'>οὔσης</span> <span class='ocrx_word' id='word_1_234' title='bbox 1363 1726 1652 1798; x_wconf 84' lang='grc' dir='ltr'>κοσμικῆς,</span> 
     </span>
    </p>
   </div>
   <div class='ocr_carea' id='block_1_30' title="bbox 77 1811 1654 1889">
    <p class='ocr_par' dir='ltr' id='par_1_30' title="bbox 77 1811 1654 1889">
     <span class='ocr_line' id='line_1_30' title="bbox 77 1811 1654 1889; baseline 0.004 -26"><span class='ocrx_word' id='word_1_235' title='bbox 77 1832 94 1862; x_wconf 79' lang='grc' dir='ltr'><strong>ι</strong></span> <span class='ocrx_word' id='word_1_236' title='bbox 116 1811 208 1865; x_wconf 79' lang='grc' dir='ltr'><strong>καὶ</strong></span> <span class='ocrx_word' id='word_1_237' title='bbox 251 1812 492 1883; x_wconf 69' lang='grc' dir='ltr'>ἤρχοντο</span> <span class='ocrx_word' id='word_1_238' title='bbox 523 1813 612 1868; x_wconf 73' lang='grc' dir='ltr'><strong>διὰ</strong></span> <span class='ocrx_word' id='word_1_239' title='bbox 642 1814 743 1884; x_wconf 86' lang='grc' dir='ltr'><strong>τῆς</strong></span> <span class='ocrx_word' id='word_1_240' title='bbox 790 1814 1045 1879; x_wconf 85' lang='grc' dir='ltr'>πίστεως,</span> <span class='ocrx_word' id='word_1_241' title='bbox 1076 1834 1095 1867; x_wconf 69' lang='grc' dir='ltr'><strong>ι</strong></span> <span class='ocrx_word' id='word_1_242' title='bbox 1155 1815 1309 1887; x_wconf 75' lang='grc' dir='ltr'>φησὶ,</span> <span class='ocrx_word' id='word_1_243' title='bbox 1350 1835 1369 1867; x_wconf 80' lang='grc' dir='ltr'><strong>ι</strong></span> <span class='ocrx_word' id='word_1_244' title='bbox 1393 1817 1529 1889; x_wconf 85' lang='grc' dir='ltr'>πρὸς</span> <span class='ocrx_word' id='word_1_245' title='bbox 1560 1816 1654 1870; x_wconf 79' lang='grc' dir='ltr'>τὸν</span> 
     </span>
    </p>
   </div>
   <div class='ocr_carea' id='block_1_31' title="bbox 1760 1707 3346 1777">
    <p class='ocr_par' dir='ltr' id='par_1_31' title="bbox 1760 1707 3346 1777">
     <span class='ocr_line' id='line_1_31' title="bbox 1760 1707 3346 1777; baseline -0.001 -15"><span class='ocrx_word' id='word_1_246' title='bbox 1760 1720 1947 1762; x_wconf 90' lang='lat' dir='ltr'><strong>eorum</strong></span> <span class='ocrx_word' id='word_1_247' title='bbox 1978 1707 2358 1775; x_wconf 79' lang='lat' dir='ltr'><strong>conversione,</strong></span> <span class='ocrx_word' id='word_1_248' title='bbox 2386 1722 2507 1777; x_wconf 82' lang='lat' dir='ltr'><strong>quae</strong></span> <span class='ocrx_word' id='word_1_249' title='bbox 2537 1707 2805 1762; x_wconf 89' lang='lat' dir='ltr'><strong>mundana</strong></span> <span class='ocrx_word' id='word_1_250' title='bbox 2845 1715 2992 1773; x_wconf 88' lang='lat' dir='ltr'><strong>erat,</strong></span> <span class='ocrx_word' id='word_1_251' title='bbox 3028 1722 3048 1758; x_wconf 82' lang='grc' dir='ltr'><strong>ι</strong></span> <span class='ocrx_word' id='word_1_252' title='bbox 3082 1715 3138 1761; x_wconf 88' lang='lat' dir='ltr'><strong>et</strong></span> <span class='ocrx_word' id='word_1_253' title='bbox 3174 1720 3346 1761; x_wconf 88' lang='lat' dir='ltr'><strong>vene-</strong></span> 
     </span>
    </p>
   </div>
   <div class='ocr_carea' id='block_1_32' title="bbox 1761 1796 3340 1873">
    <p class='ocr_par' dir='ltr' id='par_1_32' title="bbox 1761 1796 3340 1873">
     <span class='ocr_line' id='line_1_32' title="bbox 1761 1796 3340 1873; baseline -0.002 -17"><span class='ocrx_word' id='word_1_254' title='bbox 1761 1809 1889 1856; x_wconf 91' lang='lat' dir='ltr'><strong>runt</strong></span> <span class='ocrx_word' id='word_1_255' title='bbox 1941 1815 2040 1873; x_wconf 87' lang='lat' dir='ltr'><strong>per</strong></span> <span class='ocrx_word' id='word_1_256' title='bbox 2083 1800 2267 1867; x_wconf 77' lang='lat' dir='ltr'><strong>ﬁdem,</strong></span> <span class='ocrx_word' id='word_1_257' title='bbox 2320 1799 2518 1869; x_wconf 85' lang='lat' dir='ltr'><strong>inquit,</strong></span> <span class='ocrx_word' id='word_1_258' title='bbox 2576 1802 2646 1855; x_wconf 86' lang='lat' dir='ltr'><strong>ad</strong></span> <span class='ocrx_word' id='word_1_259' title='bbox 2693 1796 3077 1863; x_wconf 84' lang='lat' dir='ltr'><strong>Servatorem;</strong></span> <span class='ocrx_word' id='word_1_260' title='bbox 3105 1816 3125 1849; x_wconf 75' lang='grc' dir='ltr'><strong>ι</strong></span> <span class='ocrx_word' id='word_1_261' title='bbox 3161 1796 3256 1853; x_wconf 86' lang='lat' dir='ltr'><strong>sed</strong></span> <span class='ocrx_word' id='word_1_262' title='bbox 3288 1798 3340 1852; x_wconf 88' lang='lat' dir='ltr'><strong>ei</strong></span> 
     </span>
    </p>
   </div>
   <div class='ocr_carea' id='block_1_33' title="bbox 72 1886 1646 1972">
    <p class='ocr_par' dir='ltr' id='par_1_33' title="bbox 72 1886 1646 1972">
     <span class='ocr_line' id='line_1_33' title="bbox 72 1886 1646 1972; baseline 0.005 -23"><span class='ocrx_word' id='word_1_263' title='bbox 72 1896 331 1967; x_wconf 73' lang='grc' dir='ltr'>Σωτῆραο</span> <span class='ocrx_word' id='word_1_264' title='bbox 375 1917 396 1951; x_wconf 84' lang='lat'><strong>.</strong></span> <span class='ocrx_word' id='word_1_265' title='bbox 446 1896 665 1952; x_wconf 82' lang='grc' dir='ltr'>λεκτέον</span> <span class='ocrx_word' id='word_1_266' title='bbox 710 1898 767 1952; x_wconf 77' lang='grc' dir='ltr'>δὲ</span> <span class='ocrx_word' id='word_1_267' title='bbox 814 1899 951 1972; x_wconf 73' lang='grc' dir='ltr'>πρὸς</span> <span class='ocrx_word' id='word_1_268' title='bbox 981 1899 1164 1967; x_wconf 81' lang='grc' dir='ltr'>αὑτὸν,</span> <span class='ocrx_word' id='word_1_269' title='bbox 1195 1886 1314 1965; x_wconf 79' lang='grc' dir='ltr'>πῶς</span> <span class='ocrx_word' id='word_1_270' title='bbox 1348 1886 1498 1972; x_wconf 72' lang='grc' dir='ltr'>μένει</span> <span class='ocrx_word' id='word_1_271' title='bbox 1526 1905 1646 1969; x_wconf 80' lang='grc' dir='ltr'><strong>παρ·</strong></span> 
     </span>
    </p>
   </div>
   <div class='ocr_carea' id='block_1_34' title="bbox 1760 1886 3343 1972">
    <p class='ocr_par' dir='ltr' id='par_1_34' title="bbox 1762 1886 3343 1964">
     <span class='ocr_line' id='line_1_34' title="bbox 1762 1886 3343 1964; baseline -0.006 -15"><span class='ocrx_word' id='word_1_272' title='bbox 1762 1892 2197 1964; x_wconf 89' lang='lat' dir='ltr'><strong>respondendum</strong></span> <span class='ocrx_word' id='word_1_273' title='bbox 2226 1899 2311 1947; x_wconf 90' lang='lat' dir='ltr'><strong>est</strong></span> <span class='ocrx_word' id='word_1_274' title='bbox 2335 1907 2348 1943; x_wconf 92' lang='lat'><strong>:</strong></span> <span class='ocrx_word' id='word_1_275' title='bbox 2382 1890 2666 1958; x_wconf 85' lang='lat' dir='ltr'><strong>Quomodo</strong></span> <span class='ocrx_word' id='word_1_276' title='bbox 2689 1896 2875 1944; x_wconf 88' lang='lat' dir='ltr'><strong>manet</strong></span> <span class='ocrx_word' id='word_1_277' title='bbox 2903 1888 3041 1942; x_wconf 91' lang='lat' dir='ltr'><strong>duos</strong></span> <span class='ocrx_word' id='word_1_278' title='bbox 3063 1886 3180 1941; x_wconf 90' lang='lat' dir='ltr'><strong>dies</strong></span> <span class='ocrx_word' id='word_1_279' title='bbox 3200 1887 3343 1955; x_wconf 88' lang='lat' dir='ltr'><strong>apud</strong></span> 
     </span>
    </p>
   </div>
   <div class='ocr_carea' id='block_1_35' title="bbox 70 1987 1659 2068">
    <p class='ocr_par' dir='ltr' id='par_1_35' title="bbox 70 1987 1659 2068">
     <span class='ocr_line' id='line_1_35' title="bbox 70 1987 1659 2068; baseline 0.006 -28"><span class='ocrx_word' id='word_1_280' title='bbox 70 1987 248 2051; x_wconf 78' lang='grc' dir='ltr'>αὐτοῖς</span> <span class='ocrx_word' id='word_1_281' title='bbox 273 1988 379 2052; x_wconf 75' lang='grc' dir='ltr'>τὰς</span> <span class='ocrx_word' id='word_1_282' title='bbox 410 1988 507 2043; x_wconf 83' lang='grc' dir='ltr'>δύο</span> <span class='ocrx_word' id='word_1_283' title='bbox 533 1990 774 2062; x_wconf 82' lang='grc' dir='ltr'>ήμέρας;</span> <span class='ocrx_word' id='word_1_284' title='bbox 799 1991 861 2044; x_wconf 83' lang='grc' dir='ltr'>οὐ</span> <span class='ocrx_word' id='word_1_285' title='bbox 893 1991 1000 2063; x_wconf 84' lang='grc' dir='ltr'><strong>γὰρ</strong></span> <span class='ocrx_word' id='word_1_286' title='bbox 1016 1992 1317 2064; x_wconf 81' lang='grc' dir='ltr'>τετήρηκεν</span> <span class='ocrx_word' id='word_1_287' title='bbox 1347 1992 1377 2047; x_wconf 87' lang='grc' dir='ltr'><strong>δ</strong></span> <span class='ocrx_word' id='word_1_288' title='bbox 1408 2011 1659 2068; x_wconf 88' lang='grc' dir='ltr'>προπαρ-</span> 
     </span>
    </p>
   </div>
   <div class='ocr_carea' id='block_1_36' title="bbox 69 2077 1659 2154">
    <p class='ocr_par' dir='ltr' id='par_1_36' title="bbox 69 2077 1659 2154">
     <span class='ocr_line' id='line_1_36' title="bbox 69 2077 1659 2154; baseline 0.006 -24"><span class='ocrx_word' id='word_1_289' title='bbox 69 2077 299 2148; x_wconf 71' lang='grc' dir='ltr'>εθὲμεθα</span> <span class='ocrx_word' id='word_1_290' title='bbox 348 2080 518 2151; x_wconf 75' lang='grc' dir='ltr'>ἡμεῖς</span> <span class='ocrx_word' id='word_1_291' title='bbox 545 2080 675 2151; x_wconf 73' lang='grc' dir='ltr'>περὶ</span> <span class='ocrx_word' id='word_1_292' title='bbox 704 2079 798 2134; x_wconf 86' lang='grc' dir='ltr'><strong>τοῦ</strong></span> <span class='ocrx_word' id='word_1_293' title='bbox 845 2084 905 2136; x_wconf 84' lang='grc' dir='ltr'><strong>ἐν</strong></span> <span class='ocrx_word' id='word_1_294' title='bbox 931 2084 997 2153; x_wconf 78' lang='grc' dir='ltr'><strong>τῇ</strong></span> <span class='ocrx_word' id='word_1_295' title='bbox 1027 2082 1181 2136; x_wconf 85' lang='grc' dir='ltr'>πόλει</span> <span class='ocrx_word' id='word_1_296' title='bbox 1245 2083 1408 2139; x_wconf 76' lang='grc' dir='ltr'>αὐτὸν</span> <span class='ocrx_word' id='word_1_297' title='bbox 1455 2084 1659 2154; x_wconf 83' lang='grc' dir='ltr'>ἀναγε-</span> 
     </span>
    </p>
   </div>
   <div class='ocr_carea' id='block_1_37' title="bbox 68 2170 1375 2248">
    <p class='ocr_par' dir='ltr' id='par_1_37' title="bbox 68 2170 1375 2248">
     <span class='ocr_line' id='line_1_37' title="bbox 68 2170 1375 2248; baseline 0.007 -26"><span class='ocrx_word' id='word_1_298' title='bbox 68 2170 307 2241; x_wconf 82' lang='grc' dir='ltr'>γράφθαι</span> <span class='ocrx_word' id='word_1_299' title='bbox 339 2170 457 2243; x_wconf 67' lang='grc'><strong>(24)</strong></span> <span class='ocrx_word' id='word_1_300' title='bbox 489 2171 857 2243; x_wconf 76' lang='grc' dir='ltr'>μεμενηκέναι</span> <span class='ocrx_word' id='word_1_301' title='bbox 884 2173 984 2237; x_wconf 80' lang='grc' dir='ltr'><strong>τὰς</strong></span> <span class='ocrx_word' id='word_1_302' title='bbox 1018 2173 1113 2228; x_wconf 80' lang='grc' dir='ltr'>δύο</span> <span class='ocrx_word' id='word_1_303' title='bbox 1143 2175 1375 2248; x_wconf 80' lang='grc' dir='ltr'>ἡμέρας.</span> 
     </span>
    </p>
   </div>
   <div class='ocr_carea' id='block_1_38' title="bbox 132 2259 1660 2338">
    <p class='ocr_par' dir='ltr' id='par_1_38' title="bbox 132 2259 1660 2338">
     <span class='ocr_line' id='line_1_38' title="bbox 132 2259 1660 2338; baseline 0.004 -23"><span class='ocrx_word' id='word_1_304' title='bbox 132 2260 222 2315; x_wconf 73' lang='lat' dir='ltr'><strong>3i.</strong></span> <span class='ocrx_word' id='word_1_305' title='bbox 244 2275 268 2310; x_wconf 71' lang='grc' dir='ltr'><strong>ε</strong></span> <span class='ocrx_word' id='word_1_306' title='bbox 305 2261 400 2313; x_wconf 85' lang='grc' dir='ltr'>Ἐν</span> <span class='ocrx_word' id='word_1_307' title='bbox 430 2259 510 2332; x_wconf 80' lang='grc' dir='ltr'>τῷ</span> <span class='ocrx_word' id='word_1_308' title='bbox 538 2261 741 2332; x_wconf 79' lang='grc' dir='ltr'>μεταξὺ</span> <span class='ocrx_word' id='word_1_309' title='bbox 770 2261 997 2334; x_wconf 71' lang='grc' dir='ltr'><strong>⁴ίνιρώτων</strong></span> <span class='ocrx_word' id='word_1_310' title='bbox 1020 2264 1182 2319; x_wconf 78' lang='grc' dir='ltr'>αὐτὸν</span> <span class='ocrx_word' id='word_1_311' title='bbox 1204 2266 1254 2320; x_wconf 84' lang='grc' dir='ltr'><strong>οί</strong></span> <span class='ocrx_word' id='word_1_312' title='bbox 1290 2265 1550 2338; x_wconf 73' lang='grc' dir='ltr'>μαθηταὶ,</span> <span class='ocrx_word' id='word_1_313' title='bbox 1578 2265 1660 2321; x_wconf 78' lang='grc' dir='ltr'><strong>λέ-</strong></span> 
     </span>
    </p>
   </div>
   <div class='ocr_carea' id='block_1_39' title="bbox 69 2351 1661 2428">
    <p class='ocr_par' dir='ltr' id='par_1_39' title="bbox 69 2351 1661 2428">
     <span class='ocr_line' id='line_1_39' title="bbox 69 2351 1661 2428; baseline 0.006 -25"><span class='ocrx_word' id='word_1_314' title='bbox 69 2368 247 2420; x_wconf 77' lang='grc' dir='ltr'>γοντες</span> <span class='ocrx_word' id='word_1_315' title='bbox 267 2368 285 2383; x_wconf 78' lang='grc' dir='ltr'><strong><em>ο</em></strong></span> <span class='ocrx_word' id='word_1_316' title='bbox 327 2351 547 2416; x_wconf 75' lang='grc' dir='ltr'>Ῥασϐι,</span> <span class='ocrx_word' id='word_1_317' title='bbox 566 2352 728 2422; x_wconf 83' lang='grc' dir='ltr'>φάγε.</span> <span class='ocrx_word' id='word_1_318' title='bbox 754 2371 772 2407; x_wconf 78' lang='grc' dir='ltr'><strong>ι</strong></span> <span class='ocrx_word' id='word_1_319' title='bbox 797 2354 952 2408; x_wconf 75' lang='grc' dir='ltr'>Μετὰ</span> <span class='ocrx_word' id='word_1_320' title='bbox 976 2355 1077 2428; x_wconf 78' lang='grc' dir='ltr'>τὴν</span> <span class='ocrx_word' id='word_1_321' title='bbox 1093 2355 1220 2427; x_wconf 76' lang='grc' dir='ltr'>περὶ</span> <span class='ocrx_word' id='word_1_322' title='bbox 1244 2356 1304 2410; x_wconf 83' lang='grc' dir='ltr'>τὸ</span> <span class='ocrx_word' id='word_1_323' title='bbox 1327 2357 1489 2412; x_wconf 83' lang='grc' dir='ltr'>ποτὸν</span> <span class='ocrx_word' id='word_1_324' title='bbox 1515 2359 1661 2413; x_wconf 83' lang='grc' dir='ltr'>οίκο-</span> 
     </span>
    </p>
   </div>
   <div class='ocr_carea' id='block_1_40' title="bbox 68 2441 1659 2519">
    <p class='ocr_par' dir='ltr' id='par_1_40' title="bbox 68 2441 1659 2519">
     <span class='ocr_line' id='line_1_40' title="bbox 68 2441 1659 2519; baseline 0.006 -24"><span class='ocrx_word' id='word_1_325' title='bbox 68 2442 251 2509; x_wconf 84' lang='grc' dir='ltr'>νομίαν</span> <span class='ocrx_word' id='word_1_326' title='bbox 301 2443 404 2496; x_wconf 73' lang='grc' dir='ltr'>καὶ</span> <span class='ocrx_word' id='word_1_327' title='bbox 452 2441 556 2515; x_wconf 77' lang='grc' dir='ltr'><strong>τὴν</strong></span> <span class='ocrx_word' id='word_1_328' title='bbox 601 2443 949 2499; x_wconf 82' lang='grc' dir='ltr'>διδασκαλίαν</span> <span class='ocrx_word' id='word_1_329' title='bbox 973 2446 1073 2518; x_wconf 86' lang='grc' dir='ltr'><strong>τῆς</strong></span> <span class='ocrx_word' id='word_1_330' title='bbox 1102 2446 1366 2519; x_wconf 78' lang='grc' dir='ltr'>διαφορᾶς</span> <span class='ocrx_word' id='word_1_331' title='bbox 1391 2448 1501 2503; x_wconf 85' lang='grc' dir='ltr'>τῶν</span> <span class='ocrx_word' id='word_1_332' title='bbox 1530 2449 1659 2506; x_wconf 83' lang='grc' dir='ltr'><strong>ὑδά-</strong></span> 
     </span>
    </p>
   </div>
   <div class='ocr_carea' id='block_1_41' title="bbox 66 2529 1658 2615">
    <p class='ocr_par' dir='ltr' id='par_1_41' title="bbox 66 2529 1658 2615">
     <span class='ocr_line' id='line_1_41' title="bbox 66 2529 1658 2615; baseline 0.006 -26"><span class='ocrx_word' id='word_1_333' title='bbox 66 2553 166 2589; x_wconf 84' lang='grc' dir='ltr'><strong>των</strong></span> <span class='ocrx_word' id='word_1_334' title='bbox 194 2534 500 2590; x_wconf 76' lang='grc' dir='ltr'>ἀκόλουθον</span> <span class='ocrx_word' id='word_1_335' title='bbox 548 2529 619 2608; x_wconf 79' lang='grc' dir='ltr'>ἦν</span> <span class='ocrx_word' id='word_1_336' title='bbox 669 2537 867 2592; x_wconf 79' lang='grc' dir='ltr'>καὶτὰ</span> <span class='ocrx_word' id='word_1_337' title='bbox 919 2540 1048 2611; x_wconf 76' lang='grc' dir='ltr'>περὶ</span> <span class='ocrx_word' id='word_1_338' title='bbox 1096 2540 1303 2613; x_wconf 82' lang='grc' dir='ltr'>τροφῆς</span> <span class='ocrx_word' id='word_1_339' title='bbox 1353 2542 1658 2615; x_wconf 83' lang='grc' dir='ltr'>ἀναγεγρά-</span> 
     </span>
    </p>
   </div>
   <div class='ocr_carea' id='block_1_42' title="bbox 67 2621 1655 2706">
    <p class='ocr_par' dir='ltr' id='par_1_42' title="bbox 67 2621 1655 2706">
     <span class='ocr_line' id='line_1_42' title="bbox 67 2621 1655 2706; baseline 0.006 -27"><span class='ocrx_word' id='word_1_340' title='bbox 67 2629 208 2696; x_wconf 77' lang='grc' dir='ltr'>φθαι.</span> <span class='ocrx_word' id='word_1_341' title='bbox 251 2628 316 2681; x_wconf 84' lang='grc' dir='ltr'><strong><em>Ἦ</em></strong></span> <span class='ocrx_word' id='word_1_342' title='bbox 342 2627 451 2698; x_wconf 82' lang='grc' dir='ltr'>μὲν</span> <span class='ocrx_word' id='word_1_343' title='bbox 472 2621 568 2681; x_wconf 76' lang='grc' dir='ltr'>οὖν</span> <span class='ocrx_word' id='word_1_344' title='bbox 596 2629 925 2703; x_wconf 85' lang='grc' dir='ltr'>Σαμαρεῖτις</span> <span class='ocrx_word' id='word_1_345' title='bbox 944 2632 1238 2706; x_wconf 77' lang='grc' dir='ltr'>αἰτουμένη</span> <span class='ocrx_word' id='word_1_346' title='bbox 1264 2635 1409 2687; x_wconf 80' lang='grc' dir='ltr'>πιεῖν</span> <span class='ocrx_word' id='word_1_347' title='bbox 1439 2633 1526 2688; x_wconf 81' lang='grc' dir='ltr'><strong>διὰ</strong></span> <span class='ocrx_word' id='word_1_348' title='bbox 1546 2634 1655 2690; x_wconf 88' lang='grc' dir='ltr'><strong>τῶν</strong></span> 
     </span>
    </p>
   </div>
   <div class='ocr_carea' id='block_1_43' title="bbox 68 2723 1656 2801">
    <p class='ocr_par' dir='ltr' id='par_1_43' title="bbox 68 2723 1656 2801">
     <span class='ocr_line' id='line_1_43' title="bbox 68 2723 1656 2801; baseline 0.004 -27"><span class='ocrx_word' id='word_1_349' title='bbox 68 2723 466 2794; x_wconf 80' lang='grc' dir='ltr'>ἐπαπορήσεων</span> <span class='ocrx_word' id='word_1_350' title='bbox 496 2724 611 2797; x_wconf 77' lang='lat'><strong>(25)</strong></span> <span class='ocrx_word' id='word_1_351' title='bbox 641 2724 828 2795; x_wconf 75' lang='grc' dir='ltr'>αὐτῆς,</span> <span class='ocrx_word' id='word_1_352' title='bbox 885 2723 1047 2777; x_wconf 73' lang='grc' dir='ltr'>οἱονεὶ</span> <span class='ocrx_word' id='word_1_353' title='bbox 1075 2723 1133 2778; x_wconf 80' lang='grc' dir='ltr'>δὲ</span> <span class='ocrx_word' id='word_1_354' title='bbox 1161 2724 1248 2778; x_wconf 79' lang='grc' dir='ltr'>διὰ</span> <span class='ocrx_word' id='word_1_355' title='bbox 1288 2725 1381 2779; x_wconf 83' lang='grc' dir='ltr'><strong>τὸν</strong></span> <span class='ocrx_word' id='word_1_356' title='bbox 1403 2728 1656 2801; x_wconf 75' lang='grc' dir='ltr'>αἰτήσαν-</span> 
     </span>
    </p>
   </div>
   <div class='ocr_carea' id='block_1_44' title="bbox 64 2811 1654 2890">
    <p class='ocr_par' dir='ltr' id='par_1_44' title="bbox 64 2811 1654 2890">
     <span class='ocr_line' id='line_1_44' title="bbox 64 2811 1654 2890; baseline 0.003 -22"><span class='ocrx_word' id='word_1_357' title='bbox 64 2832 126 2869; x_wconf 88' lang='grc' dir='ltr'><strong>τα</strong></span> <span class='ocrx_word' id='word_1_358' title='bbox 175 2814 321 2886; x_wconf 72' lang='grc' dir='ltr'>(οὗτε</span> <span class='ocrx_word' id='word_1_359' title='bbox 343 2816 465 2890; x_wconf 84' lang='grc' dir='ltr'><strong>γὰρ</strong></span> <span class='ocrx_word' id='word_1_360' title='bbox 505 2811 622 2888; x_wconf 75' lang='grc' dir='ltr'>εἶχε</span> <span class='ocrx_word' id='word_1_361' title='bbox 652 2814 834 2869; x_wconf 90' lang='grc' dir='ltr'>δοῦναι</span> <span class='ocrx_word' id='word_1_362' title='bbox 857 2815 934 2887; x_wconf 81' lang='grc' dir='ltr'><strong>τῷ</strong></span> <span class='ocrx_word' id='word_1_363' title='bbox 977 2815 1152 2888; x_wconf 79' lang='grc' dir='ltr'>Ἰησοῦ</span> <span class='ocrx_word' id='word_1_364' title='bbox 1184 2813 1332 2882; x_wconf 80' lang='grc' dir='ltr'>ἄξιον</span> <span class='ocrx_word' id='word_1_365' title='bbox 1362 2817 1525 2872; x_wconf 81' lang='grc' dir='ltr'>αὐτοῦ</span> <span class='ocrx_word' id='word_1_366' title='bbox 1554 2820 1654 2873; x_wconf 81' lang='grc' dir='ltr'>πό-</span> 
     </span>
    </p>
   </div>
   <div class='ocr_carea' id='block_1_45' title="bbox 66 2906 1653 2983">
    <p class='ocr_par' dir='ltr' id='par_1_45' title="bbox 66 2906 1653 2983">
     <span class='ocr_line' id='line_1_45' title="bbox 66 2906 1653 2983; baseline 0.003 -22"><span class='ocrx_word' id='word_1_367' title='bbox 66 2907 177 2977; x_wconf 81' lang='grc' dir='ltr'>μα),</span> <span class='ocrx_word' id='word_1_368' title='bbox 210 2910 259 2962; x_wconf 79' lang='grc' dir='ltr'>εἰ</span> <span class='ocrx_word' id='word_1_369' title='bbox 308 2909 576 2973; x_wconf 79' lang='grc' dir='ltr'>κάκεῖνος</span> <span class='ocrx_word' id='word_1_370' title='bbox 620 2910 678 2962; x_wconf 86' lang='grc' dir='ltr'><strong>ἐν</strong></span> <span class='ocrx_word' id='word_1_371' title='bbox 722 2906 801 2978; x_wconf 83' lang='grc' dir='ltr'>τῷ</span> <span class='ocrx_word' id='word_1_372' title='bbox 853 2907 1069 2979; x_wconf 87' lang='grc' dir='ltr'>ἐκείνην</span> <span class='ocrx_word' id='word_1_373' title='bbox 1110 2907 1423 2980; x_wconf 77' lang='grc' dir='ltr'>αἰτηθεῖσαν</span> <span class='ocrx_word' id='word_1_374' title='bbox 1467 2910 1653 2983; x_wconf 82' lang='grc' dir='ltr'>ὀρέξαι</span> 
     </span>
    </p>
   </div>
   <div class='ocr_carea' id='block_1_46' title="bbox 64 2998 1649 3074">
    <p class='ocr_par' dir='ltr' id='par_1_46' title="bbox 64 2998 1649 3074">
     <span class='ocr_line' id='line_1_46' title="bbox 64 2998 1649 3074; baseline 0.004 -22"><span class='ocrx_word' id='word_1_375' title='bbox 64 3000 303 3055; x_wconf 71' lang='grc' dir='ltr'>ἐϐούλετο</span> <span class='ocrx_word' id='word_1_376' title='bbox 329 3001 701 3074; x_wconf 80' lang='grc' dir='ltr'>εὐεργετῆσαι</span> <span class='ocrx_word' id='word_1_377' title='bbox 722 2999 811 3053; x_wconf 81' lang='grc' dir='ltr'>διὰ</span> <span class='ocrx_word' id='word_1_378' title='bbox 829 3000 1019 3053; x_wconf 85' lang='grc' dir='ltr'>τούτου</span> <span class='ocrx_word' id='word_1_379' title='bbox 1039 2998 1134 3054; x_wconf 87' lang='grc' dir='ltr'><strong>τοῦ</strong></span> <span class='ocrx_word' id='word_1_380' title='bbox 1162 3004 1308 3055; x_wconf 80' lang='grc' dir='ltr'>πιεῖν</span> <span class='ocrx_word' id='word_1_381' title='bbox 1334 3001 1649 3059; x_wconf 87' lang='grc' dir='ltr'>δεδωκυῖαν.</span> 
     </span>
    </p>
   </div>
   <div class='ocr_carea' id='block_1_47' title="bbox 67 3091 1652 3165">
    <p class='ocr_par' dir='ltr' id='par_1_47' title="bbox 67 3091 1652 3165">
     <span class='ocr_line' id='line_1_47' title="bbox 67 3091 1652 3165; baseline 0.004 -22"><span class='ocrx_word' id='word_1_382' title='bbox 67 3091 338 3163; x_wconf 78' lang='grc' dir='ltr'>Ἔπρεπεν</span> <span class='ocrx_word' id='word_1_383' title='bbox 392 3093 499 3165; x_wconf 69' lang='grc' dir='ltr'>ἠδη</span> <span class='ocrx_word' id='word_1_384' title='bbox 536 3134 549 3149; x_wconf 92' lang='grc'><strong>.</strong></span> <span class='ocrx_word' id='word_1_385' title='bbox 573 3133 588 3150; x_wconf 94' lang='grc'><strong>.</strong></span> <span class='ocrx_word' id='word_1_386' title='bbox 609 3130 625 3147; x_wconf 94' lang='grc'><strong>.</strong></span> <span class='ocrx_word' id='word_1_387' title='bbox 647 3132 662 3147; x_wconf 96' lang='grc'><strong>.</strong></span> <span class='ocrx_word' id='word_1_388' title='bbox 684 3132 699 3147; x_wconf 91' lang='grc'><strong>.</strong></span> <span class='ocrx_word' id='word_1_389' title='bbox 734 3092 846 3147; x_wconf 79' lang='grc' dir='ltr'><strong>ἀπὸ</strong></span> <span class='ocrx_word' id='word_1_390' title='bbox 874 3093 978 3164; x_wconf 85' lang='grc' dir='ltr'><strong>τῆς</strong></span> <span class='ocrx_word' id='word_1_391' title='bbox 1024 3093 1452 3165; x_wconf 84' lang='grc' dir='ltr'>Σαμαρείτιδος.,</span> <span class='ocrx_word' id='word_1_392' title='bbox 1487 3096 1549 3149; x_wconf 83' lang='lat' dir='ltr'><strong>Ol</strong></span> <span class='ocrx_word' id='word_1_393' title='bbox 1594 3095 1652 3150; x_wconf 82' lang='grc' dir='ltr'>δὲ</span> 
     </span>
    </p>
   </div>
   <div class='ocr_carea' id='block_1_48' title="bbox 67 3182 1649 3257">
    <p class='ocr_par' dir='ltr' id='par_1_48' title="bbox 67 3182 1649 3257">
     <span class='ocr_line' id='line_1_48' title="bbox 67 3182 1649 3257; baseline 0.003 -22"><span class='ocrx_word' id='word_1_394' title='bbox 67 3183 294 3256; x_wconf 71' lang='grc' dir='ltr'>μαθηταὶ</span> <span class='ocrx_word' id='word_1_395' title='bbox 322 3225 338 3240; x_wconf 97' lang='grc'><strong>.</strong></span> <span class='ocrx_word' id='word_1_396' title='bbox 364 3228 381 3242; x_wconf 93' lang='grc'><strong>.</strong></span> <span class='ocrx_word' id='word_1_397' title='bbox 405 3223 424 3239; x_wconf 94' lang='grc'><strong>.</strong></span> <span class='ocrx_word' id='word_1_398' title='bbox 441 3224 456 3239; x_wconf 96' lang='grc'><strong>.</strong></span> <span class='ocrx_word' id='word_1_399' title='bbox 474 3223 491 3238; x_wconf 95' lang='grc'><strong>.</strong></span> <span class='ocrx_word' id='word_1_400' title='bbox 524 3182 941 3257; x_wconf 80' lang='grc' dir='ltr'>ἀπεληλυθότων</span> <span class='ocrx_word' id='word_1_401' title='bbox 964 3185 1044 3249; x_wconf 83' lang='grc' dir='ltr'><strong>είς</strong></span> <span class='ocrx_word' id='word_1_402' title='bbox 1071 3183 1170 3257; x_wconf 78' lang='grc' dir='ltr'>τὴν</span> <span class='ocrx_word' id='word_1_403' title='bbox 1199 3183 1374 3251; x_wconf 77' lang='grc' dir='ltr'>πόλιν,</span> <span class='ocrx_word' id='word_1_404' title='bbox 1409 3184 1499 3240; x_wconf 84' lang='grc' dir='ltr'><strong>ῖνα</strong></span> <span class='ocrx_word' id='word_1_405' title='bbox 1526 3203 1649 3257; x_wconf 89' lang='grc' dir='ltr'>τρο-</span> 
     </span>
    </p>
   </div>
   <div class='ocr_carea' id='block_1_49' title="bbox 60 3275 1648 3351">
    <p class='ocr_par' dir='ltr' id='par_1_49' title="bbox 60 3275 1648 3351">
     <span class='ocr_line' id='line_1_49' title="bbox 60 3275 1648 3351; baseline 0.002 -21"><span class='ocrx_word' id='word_1_406' title='bbox 60 3277 158 3347; x_wconf 69' lang='grc' dir='ltr'><strong>φὰς</strong></span> <span class='ocrx_word' id='word_1_407' title='bbox 189 3278 569 3351; x_wconf 68' lang='grc' dir='ltr'>ἀγοράσωσιν,</span> <span class='ocrx_word' id='word_1_408' title='bbox 605 3278 724 3351; x_wconf 69' lang='grc' dir='ltr'>ἤτοι</span> <span class='ocrx_word' id='word_1_409' title='bbox 752 3275 1045 3349; x_wconf 80' lang='grc' dir='ltr'>εὑρηκότες</span> <span class='ocrx_word' id='word_1_410' title='bbox 1075 3276 1415 3349; x_wconf 75' lang='grc' dir='ltr'>ἐπιτηδείους</span> <span class='ocrx_word' id='word_1_411' title='bbox 1441 3278 1648 3351; x_wconf 81' lang='grc' dir='ltr'>τροφὰς</span> 
     </span>
    </p>
   </div>
   <div class='ocr_carea' id='block_1_50' title="bbox 63 3368 1647 3442">
    <p class='ocr_par' dir='ltr' id='par_1_50' title="bbox 63 3368 1647 3442">
     <span class='ocr_line' id='line_1_50' title="bbox 63 3368 1647 3442; baseline 0.003 -19"><span class='ocrx_word' id='word_1_412' title='bbox 63 3371 202 3441; x_wconf 71' lang='grc' dir='ltr'>παρὰ</span> <span class='ocrx_word' id='word_1_413' title='bbox 223 3374 342 3435; x_wconf 83' lang='grc' dir='ltr'>τοῖς</span> <span class='ocrx_word' id='word_1_414' title='bbox 364 3369 701 3442; x_wconf 82' lang='grc' dir='ltr'>ἐτεροδὸξοις</span> <span class='ocrx_word' id='word_1_415' title='bbox 721 3369 912 3438; x_wconf 89' lang='grc' dir='ltr'>λόγους</span> <span class='ocrx_word' id='word_1_416' title='bbox 933 3368 1083 3433; x_wconf 83' lang='grc' dir='ltr'>τινὰς</span> <span class='ocrx_word' id='word_1_417' title='bbox 1102 3368 1460 3440; x_wconf 75' lang='grc' dir='ltr'>ἁρμόζοντας,</span> <span class='ocrx_word' id='word_1_418' title='bbox 1488 3409 1504 3426; x_wconf 95' lang='grc'><strong>.</strong></span> <span class='ocrx_word' id='word_1_419' title='bbox 1523 3408 1540 3425; x_wconf 96' lang='grc'><strong>.</strong></span> <span class='ocrx_word' id='word_1_420' title='bbox 1562 3411 1577 3426; x_wconf 98' lang='grc'><strong>.</strong></span> <span class='ocrx_word' id='word_1_421' title='bbox 1594 3409 1609 3426; x_wconf 89' lang='grc'><strong>.</strong></span> <span class='ocrx_word' id='word_1_422' title='bbox 1630 3414 1647 3430; x_wconf 94' lang='grc'><strong>.</strong></span> 
     </span>
    </p>
   </div>
   <div class='ocr_carea' id='block_1_51' title="bbox 64 3457 1650 3533">
    <p class='ocr_par' dir='ltr' id='par_1_51' title="bbox 64 3457 1650 3533">
     <span class='ocr_line' id='line_1_51' title="bbox 64 3457 1650 3533; baseline 0 -18"><span class='ocrx_word' id='word_1_423' title='bbox 64 3461 235 3533; x_wconf 73' lang='grc' dir='ltr'>αὐτῷ·</span> <span class='ocrx_word' id='word_1_424' title='bbox 275 3483 296 3515; x_wconf 77' lang='grc' dir='ltr'><strong>ι</strong></span> <span class='ocrx_word' id='word_1_425' title='bbox 328 3462 508 3532; x_wconf 66' lang='grc' dir='ltr'>Φάγε,</span> <span class='ocrx_word' id='word_1_426' title='bbox 538 3482 557 3515; x_wconf 76' lang='grc' dir='ltr'>ι</span> <span class='ocrx_word' id='word_1_427' title='bbox 604 3459 796 3533; x_wconf 82' lang='grc' dir='ltr'>καιρὸν</span> <span class='ocrx_word' id='word_1_428' title='bbox 830 3460 1150 3533; x_wconf 89' lang='grc' dir='ltr'>νομίσαντες</span> <span class='ocrx_word' id='word_1_429' title='bbox 1180 3461 1484 3533; x_wconf 78' lang='grc' dir='ltr'>ἐπιτήδειον</span> <span class='ocrx_word' id='word_1_430' title='bbox 1512 3457 1650 3515; x_wconf 74' lang='grc' dir='ltr'>εῖναι</span> 
     </span>
    </p>
   </div>
   <div class='ocr_carea' id='block_1_52' title="bbox 61 3551 1648 3628">
    <p class='ocr_par' dir='ltr' id='par_1_52' title="bbox 61 3551 1648 3628">
     <span class='ocr_line' id='line_1_52' title="bbox 61 3551 1648 3628; baseline 0.001 -22"><span class='ocrx_word' id='word_1_431' title='bbox 61 3555 199 3626; x_wconf 70' lang='grc' dir='ltr'>αὑτῷ</span> <span class='ocrx_word' id='word_1_432' title='bbox 241 3556 462 3628; x_wconf 82' lang='grc' dir='ltr'>τροφῆς</span> <span class='ocrx_word' id='word_1_433' title='bbox 492 3552 585 3608; x_wconf 80' lang='grc' dir='ltr'>τὸν</span> <span class='ocrx_word' id='word_1_434' title='bbox 641 3552 842 3625; x_wconf 77' lang='grc' dir='ltr'>μεταξὺ</span> <span class='ocrx_word' id='word_1_435' title='bbox 873 3553 968 3607; x_wconf 91' lang='grc' dir='ltr'><strong>τοῦ</strong></span> <span class='ocrx_word' id='word_1_436' title='bbox 1015 3551 1410 3625; x_wconf 80' lang='grc' dir='ltr'>ἀπεληλυθέναι</span> <span class='ocrx_word' id='word_1_437' title='bbox 1439 3554 1520 3617; x_wconf 76' lang='grc' dir='ltr'><strong>είς</strong></span> <span class='ocrx_word' id='word_1_438' title='bbox 1549 3551 1648 3625; x_wconf 83' lang='grc' dir='ltr'>τὴν</span> 
     </span>
    </p>
   </div>
   <div class='ocr_carea' id='block_1_53' title="bbox 64 3645 1650 3722">
    <p class='ocr_par' dir='ltr' id='par_1_53' title="bbox 64 3645 1650 3722">
     <span class='ocr_line' id='line_1_53' title="bbox 64 3645 1650 3722; baseline -0.001 -19"><span class='ocrx_word' id='word_1_439' title='bbox 64 3650 205 3703; x_wconf 62' lang='grc' dir='ltr'><strong>πῶιύ</strong></span> <span class='ocrx_word' id='word_1_440' title='bbox 254 3651 361 3722; x_wconf 79' lang='grc' dir='ltr'>τὴν</span> <span class='ocrx_word' id='word_1_441' title='bbox 413 3649 670 3718; x_wconf 84' lang='grc' dir='ltr'>γυναῖκα,</span> <span class='ocrx_word' id='word_1_442' title='bbox 722 3648 816 3702; x_wconf 69' lang='grc' dir='ltr'>καὶ</span> <span class='ocrx_word' id='word_1_443' title='bbox 845 3646 942 3701; x_wconf 86' lang='grc' dir='ltr'><strong>τοῦ</strong></span> <span class='ocrx_word' id='word_1_444' title='bbox 973 3646 1285 3718; x_wconf 76' lang='grc' dir='ltr'>ἐληλυθέναι</span> <span class='ocrx_word' id='word_1_445' title='bbox 1325 3646 1463 3718; x_wconf 75' lang='grc' dir='ltr'>πρὸς</span> <span class='ocrx_word' id='word_1_446' title='bbox 1488 3645 1650 3701; x_wconf 79' lang='grc' dir='ltr'>αὐτὸν</span> 
     </span>
    </p>
   </div>
   <div class='ocr_carea' id='block_1_54' title="bbox 61 3737 1650 3814">
    <p class='ocr_par' dir='ltr' id='par_1_54' title="bbox 61 3737 1650 3814">
     <span class='ocr_line' id='line_1_54' title="bbox 61 3737 1650 3814; baseline -0.001 -20"><span class='ocrx_word' id='word_1_447' title='bbox 61 3745 177 3806; x_wconf 67' lang='grc' dir='ltr'>τοὺς</span> <span class='ocrx_word' id='word_1_448' title='bbox 202 3740 595 3814; x_wconf 77' lang='grc' dir='ltr'>Σαμαρείτας·</span> <span class='ocrx_word' id='word_1_449' title='bbox 632 3744 717 3796; x_wconf 88' lang='grc' dir='ltr'>ἐπ’</span> <span class='ocrx_word' id='word_1_450' title='bbox 762 3739 975 3804; x_wconf 81' lang='grc' dir='ltr'>οὐδενὸς</span> <span class='ocrx_word' id='word_1_451' title='bbox 1004 3739 1113 3811; x_wconf 82' lang='grc' dir='ltr'>γὰρ</span> <span class='ocrx_word' id='word_1_452' title='bbox 1159 3737 1311 3804; x_wconf 77' lang='grc' dir='ltr'>ξένου</span> <span class='ocrx_word' id='word_1_453' title='bbox 1362 3738 1650 3810; x_wconf 85' lang='grc' dir='ltr'>παρετίθε-</span> 
     </span>
    </p>
   </div>
   <div class='ocr_carea' id='block_1_55' title="bbox 65 3829 1645 3905">
    <p class='ocr_par' dir='ltr' id='par_1_55' title="bbox 65 3829 1645 3905">
     <span class='ocr_line' id='line_1_55' title="bbox 65 3829 1645 3905; baseline 0 -20"><span class='ocrx_word' id='word_1_454' title='bbox 65 3850 153 3886; x_wconf 79' lang='grc' dir='ltr'><strong>σαν</strong></span> <span class='ocrx_word' id='word_1_455' title='bbox 199 3834 354 3904; x_wconf 77' lang='grc' dir='ltr'><strong>αὑτῷ</strong></span> <span class='ocrx_word' id='word_1_456' title='bbox 382 3833 489 3904; x_wconf 81' lang='grc' dir='ltr'>τὴν</span> <span class='ocrx_word' id='word_1_457' title='bbox 533 3834 772 3905; x_wconf 60' lang='grc' dir='ltr'>τροφήν</span> <span class='ocrx_word' id='word_1_458' title='bbox 828 3833 958 3896; x_wconf 85' lang='grc' dir='ltr'>ῖσως</span> <span class='ocrx_word' id='word_1_459' title='bbox 1011 3829 1501 3903; x_wconf 78' lang='grc' dir='ltr'>ἐπιθορυσηθείσης</span> <span class='ocrx_word' id='word_1_460' title='bbox 1535 3829 1645 3903; x_wconf 72' lang='grc'><strong>(26)</strong></span> 
     </span>
    </p>
   </div>
   <div class='ocr_carea' id='block_1_56' title="bbox 66 3923 1648 3999">
    <p class='ocr_par' dir='ltr' id='par_1_56' title="bbox 66 3923 1648 3999">
     <span class='ocr_line' id='line_1_56' title="bbox 66 3923 1648 3999; baseline -0.002 -19"><span class='ocrx_word' id='word_1_461' title='bbox 66 3927 122 3980; x_wconf 82' lang='grc' dir='ltr'>ἂν</span> <span class='ocrx_word' id='word_1_462' title='bbox 147 3927 248 3999; x_wconf 83' lang='grc' dir='ltr'><strong>τῆς</strong></span> <span class='ocrx_word' id='word_1_463' title='bbox 294 3925 697 3998; x_wconf 79' lang='grc' dir='ltr'>Σαμαρείτιδος</span> <span class='ocrx_word' id='word_1_464' title='bbox 744 3926 793 3979; x_wconf 75' lang='grc' dir='ltr'>εἰ</span> <span class='ocrx_word' id='word_1_465' title='bbox 821 3924 968 3998; x_wconf 84' lang='grc' dir='ltr'>ἐώρα</span> <span class='ocrx_word' id='word_1_466' title='bbox 1016 3926 1143 3988; x_wconf 79' lang='grc' dir='ltr'>τοὺς</span> <span class='ocrx_word' id='word_1_467' title='bbox 1173 3923 1419 3996; x_wconf 83' lang='grc' dir='ltr'>μαθητὰς</span> <span class='ocrx_word' id='word_1_468' title='bbox 1444 3923 1511 3978; x_wconf 76' lang='grc' dir='ltr'><strong>τὰ</strong></span> <span class='ocrx_word' id='word_1_469' title='bbox 1540 3923 1648 3977; x_wconf 85' lang='grc' dir='ltr'><strong>ἀπὸ</strong></span> 
     </span>
    </p>
   </div>
   <div class='ocr_carea' id='block_1_57' title="bbox 60 4014 1647 4090">
    <p class='ocr_par' dir='ltr' id='par_1_57' title="bbox 60 4014 1647 4090">
     <span class='ocr_line' id='line_1_57' title="bbox 60 4014 1647 4090; baseline -0.002 -19"><span class='ocrx_word' id='word_1_470' title='bbox 60 4018 153 4087; x_wconf 79' lang='grc' dir='ltr'><strong>τῆς</strong></span> <span class='ocrx_word' id='word_1_471' title='bbox 182 4019 401 4082; x_wconf 81' lang='grc' dir='ltr'>πόλεως</span> <span class='ocrx_word' id='word_1_472' title='bbox 429 4018 601 4088; x_wconf 76' lang='grc' dir='ltr'>αὐτῆς</span> <span class='ocrx_word' id='word_1_473' title='bbox 629 4018 891 4090; x_wconf 86' lang='grc' dir='ltr'>τρόφιμα,</span> <span class='ocrx_word' id='word_1_474' title='bbox 919 4017 1038 4088; x_wconf 74' lang='grc' dir='ltr'>ἦτοι</span> <span class='ocrx_word' id='word_1_475' title='bbox 1070 4015 1220 4080; x_wconf 76' lang='grc' dir='ltr'>ὄντα,</span> <span class='ocrx_word' id='word_1_476' title='bbox 1253 4014 1286 4088; x_wconf 74' lang='grc' dir='ltr'>ἢ</span> <span class='ocrx_word' id='word_1_477' title='bbox 1319 4015 1647 4087; x_wconf 79' lang='grc' dir='ltr'>νομιζόμενα</span> 
     </span>
    </p>
   </div>
   <div class='ocr_carea' id='block_1_58' title="bbox 60 4106 1645 4181">
    <p class='ocr_par' dir='ltr' id='par_1_58' title="bbox 60 4106 1645 4181">
     <span class='ocr_line' id='line_1_58' title="bbox 60 4106 1645 4181; baseline 0 -20"><span class='ocrx_word' id='word_1_478' title='bbox 60 4110 420 4181; x_wconf 74' lang='grc' dir='ltr'>παρατιθέναι</span> <span class='ocrx_word' id='word_1_479' title='bbox 467 4107 826 4181; x_wconf 65' lang='grc' dir='ltr'>βουλομένους</span> <span class='ocrx_word' id='word_1_480' title='bbox 871 4108 950 4180; x_wconf 81' lang='grc' dir='ltr'>τῷ</span> <span class='ocrx_word' id='word_1_481' title='bbox 993 4107 1297 4178; x_wconf 80' lang='grc' dir='ltr'>διδασκάλῳ</span> <span class='ocrx_word' id='word_1_482' title='bbox 1319 4124 1333 4138; x_wconf 72' lang='grc' dir='ltr'><strong>ο</strong></span> <span class='ocrx_word' id='word_1_483' title='bbox 1380 4106 1494 4160; x_wconf 78' lang='grc' dir='ltr'>ἀλλ’</span> <span class='ocrx_word' id='word_1_484' title='bbox 1527 4106 1645 4161; x_wconf 81' lang='grc' dir='ltr'>οὐδὲ</span> 
     </span>
    </p>
   </div>
   <div class='ocr_carea' id='block_1_59' title="bbox 62 4196 1641 4274">
    <p class='ocr_par' dir='ltr' id='par_1_59' title="bbox 62 4196 1641 4274">
     <span class='ocr_line' id='line_1_59' title="bbox 62 4196 1641 4274; baseline 0 -22"><span class='ocrx_word' id='word_1_485' title='bbox 62 4201 282 4255; x_wconf 74' lang='grc' dir='ltr'>ἐνώπιον</span> <span class='ocrx_word' id='word_1_486' title='bbox 310 4201 428 4255; x_wconf 85' lang='grc' dir='ltr'><strong>τῶν</strong></span> <span class='ocrx_word' id='word_1_487' title='bbox 458 4201 814 4274; x_wconf 81' lang='grc' dir='ltr'>Σαμαρειτῶν</span> <span class='ocrx_word' id='word_1_488' title='bbox 854 4200 1082 4263; x_wconf 87' lang='grc' dir='ltr'>δεόντως</span> <span class='ocrx_word' id='word_1_489' title='bbox 1107 4199 1172 4253; x_wconf 79' lang='grc' dir='ltr'>ἂν</span> <span class='ocrx_word' id='word_1_490' title='bbox 1201 4202 1395 4253; x_wconf 87' lang='grc' dir='ltr'>ἐκεῖνοι</span> <span class='ocrx_word' id='word_1_491' title='bbox 1428 4196 1641 4267; x_wconf 69' lang='grc' dir='ltr'>ἔλεγον*</span> 
     </span>
    </p>
   </div>
   <div class='ocr_carea' id='block_1_60' title="bbox 66 4289 1645 4364">
    <p class='ocr_par' dir='ltr' id='par_1_60' title="bbox 66 4289 1645 4364">
     <span class='ocr_line' id='line_1_60' title="bbox 66 4289 1645 4364; baseline 0.001 -22"><span class='ocrx_word' id='word_1_492' title='bbox 66 4310 83 4342; x_wconf 77' lang='grc' dir='ltr'><strong>ι</strong></span> <span class='ocrx_word' id='word_1_493' title='bbox 103 4292 313 4356; x_wconf 71' lang='grc' dir='ltr'><strong>Ῥαῦσὶ,</strong></span> <span class='ocrx_word' id='word_1_494' title='bbox 346 4292 517 4363; x_wconf 71' lang='grc' dir='ltr'>φάγε,</span> <span class='ocrx_word' id='word_1_495' title='bbox 548 4310 566 4343; x_wconf 76' lang='grc' dir='ltr'><strong>ι</strong></span> <span class='ocrx_word' id='word_1_496' title='bbox 596 4290 906 4364; x_wconf 76' lang='grc' dir='ltr'>χρηςόντων</span> <span class='ocrx_word' id='word_1_497' title='bbox 931 4289 1281 4345; x_wconf 83' lang='grc' dir='ltr'>καταλείπειν</span> <span class='ocrx_word' id='word_1_498' title='bbox 1317 4289 1525 4343; x_wconf 86' lang='grc' dir='ltr'>ἐαυτῶν</span> <span class='ocrx_word' id='word_1_499' title='bbox 1546 4289 1645 4360; x_wconf 82' lang='grc' dir='ltr'>τὴν</span> 
     </span>
    </p>
   </div>
   <div class='ocr_carea' id='block_1_61' title="bbox 60 4380 1643 4455">
    <p class='ocr_par' dir='ltr' id='par_1_61' title="bbox 60 4380 1643 4455">
     <span class='ocr_line' id='line_1_61' title="bbox 60 4380 1643 4455; baseline -0.005 -16"><span class='ocrx_word' id='word_1_500' title='bbox 60 4385 202 4439; x_wconf 72' lang='grc' dir='ltr'>πόλιν</span> <span class='ocrx_word' id='word_1_501' title='bbox 221 4402 238 4417; x_wconf 73' lang='grc'><strong><em>⁸</em></strong></span> <span class='ocrx_word' id='word_1_502' title='bbox 273 4385 368 4439; x_wconf 74' lang='grc' dir='ltr'><strong>διὰ</strong></span> <span class='ocrx_word' id='word_1_503' title='bbox 395 4384 559 4438; x_wconf 85' lang='grc' dir='ltr'>τοῦτο</span> <span class='ocrx_word' id='word_1_504' title='bbox 581 4383 763 4448; x_wconf 85' lang='grc' dir='ltr'>καλῶς</span> <span class='ocrx_word' id='word_1_505' title='bbox 795 4384 1115 4455; x_wconf 89' lang='grc' dir='ltr'>πρόσκειται</span> <span class='ocrx_word' id='word_1_506' title='bbox 1140 4382 1201 4436; x_wconf 84' lang='grc' dir='ltr'><strong>τό</strong></span> <span class='ocrx_word' id='word_1_507' title='bbox 1220 4398 1235 4412; x_wconf 85' lang='grc'><em>’</em></span> <span class='ocrx_word' id='word_1_508' title='bbox 1274 4400 1292 4432; x_wconf 79' lang='grc' dir='ltr'><strong>ι</strong></span> <span class='ocrx_word' id='word_1_509' title='bbox 1316 4380 1403 4434; x_wconf 85' lang='grc' dir='ltr'>Ἐν</span> <span class='ocrx_word' id='word_1_510' title='bbox 1434 4380 1512 4451; x_wconf 83' lang='grc' dir='ltr'>τῷ</span> <span class='ocrx_word' id='word_1_511' title='bbox 1545 4397 1643 4451; x_wconf 91' lang='grc' dir='ltr'>με-</span> 
     </span>
    </p>
   </div>
   <div class='ocr_carea' id='block_1_62' title="bbox 58 4472 1641 4549">
    <p class='ocr_par' dir='ltr' id='par_1_62' title="bbox 58 4472 1641 4549">
     <span class='ocr_line' id='line_1_62' title="bbox 58 4472 1641 4549; baseline -0.003 -18"><span class='ocrx_word' id='word_1_512' title='bbox 58 4478 182 4543; x_wconf 63' lang='grc' dir='ltr'>ταξὺ</span> <span class='ocrx_word' id='word_1_513' title='bbox 214 4476 457 4549; x_wconf 66' lang='grc' dir='ltr'>ἠρώτων</span> <span class='ocrx_word' id='word_1_514' title='bbox 510 4476 670 4530; x_wconf 64' lang='grc' dir='ltr'>αὐτὴν</span> <span class='ocrx_word' id='word_1_515' title='bbox 724 4477 773 4529; x_wconf 83' lang='lat' dir='ltr'><strong>oi</strong></span> <span class='ocrx_word' id='word_1_516' title='bbox 818 4474 1060 4546; x_wconf 76' lang='grc' dir='ltr'>μαθηταὶ</span> <span class='ocrx_word' id='word_1_517' title='bbox 1099 4473 1348 4543; x_wconf 79' lang='grc' dir='ltr'>λέγοντες</span> <span class='ocrx_word' id='word_1_518' title='bbox 1369 4490 1383 4505; x_wconf 78' lang='grc'><em>’</em></span> <span class='ocrx_word' id='word_1_519' title='bbox 1431 4472 1641 4539; x_wconf 78' lang='grc' dir='ltr'><strong>Ῥα66ὶ,</strong></span> 
     </span>
    </p>
   </div>
   <div class='ocr_carea' id='block_1_63' title="bbox 1762 1978 3342 2057">
    <p class='ocr_par' dir='ltr' id='par_1_63' title="bbox 1762 1978 3342 2057">
     <span class='ocr_line' id='line_1_63' title="bbox 1762 1978 3342 2057; baseline -0.006 -15"><span class='ocrx_word' id='word_1_520' title='bbox 1762 1986 1993 2057; x_wconf 73' lang='lat' dir='ltr'><strong>ipsos&#39;?</strong></span> <span class='ocrx_word' id='word_1_521' title='bbox 2029 2000 2136 2041; x_wconf 92' lang='lat' dir='ltr'><strong>non</strong></span> <span class='ocrx_word' id='word_1_522' title='bbox 2183 1984 2333 2040; x_wconf 89' lang='lat' dir='ltr'><strong>enim</strong></span> <span class='ocrx_word' id='word_1_523' title='bbox 2370 1982 2703 2050; x_wconf 89' lang='lat' dir='ltr'><strong>observavit,</strong></span> <span class='ocrx_word' id='word_1_524' title='bbox 2734 1981 2878 2052; x_wconf 92' lang='lat' dir='ltr'><strong>quod</strong></span> <span class='ocrx_word' id='word_1_525' title='bbox 2913 1994 3011 2035; x_wconf 86' lang='lat' dir='ltr'><strong>nos</strong></span> <span class='ocrx_word' id='word_1_526' title='bbox 3048 1978 3342 2049; x_wconf 84' lang='lat' dir='ltr'><strong>proposui-</strong></span> 
     </span>
    </p>
   </div>
   <div class='ocr_carea' id='block_1_64' title="bbox 1760 2067 3334 2144">
    <p class='ocr_par' dir='ltr' id='par_1_64' title="bbox 1760 2067 3334 2144">
     <span class='ocr_line' id='line_1_64' title="bbox 1760 2067 3334 2144; baseline -0.004 -14"><span class='ocrx_word' id='word_1_527' title='bbox 1760 2090 1903 2140; x_wconf 89' lang='lat' dir='ltr'><strong>mus,</strong></span> <span class='ocrx_word' id='word_1_528' title='bbox 1937 2075 2200 2144; x_wconf 89' lang='lat' dir='ltr'><strong>scriptum</strong></span> <span class='ocrx_word' id='word_1_529' title='bbox 2232 2071 2444 2129; x_wconf 86' lang='lat' dir='ltr'><strong>scilicet</strong></span> <span class='ocrx_word' id='word_1_530' title='bbox 2473 2085 2581 2127; x_wconf 88' lang='lat' dir='ltr'><strong>non</strong></span> <span class='ocrx_word' id='word_1_531' title='bbox 2610 2086 2753 2138; x_wconf 88' lang='lat' dir='ltr'><strong>esse,</strong></span> <span class='ocrx_word' id='word_1_532' title='bbox 2786 2085 2909 2127; x_wconf 89' lang='lat' dir='ltr'><strong>eum</strong></span> <span class='ocrx_word' id='word_1_533' title='bbox 2955 2070 3090 2125; x_wconf 89' lang='lat' dir='ltr'><strong>duos</strong></span> <span class='ocrx_word' id='word_1_534' title='bbox 3128 2067 3247 2123; x_wconf 88' lang='lat' dir='ltr'><strong>dies</strong></span> <span class='ocrx_word' id='word_1_535' title='bbox 3278 2069 3334 2124; x_wconf 90' lang='lat' dir='ltr'><strong>in</strong></span> 
     </span>
    </p>
   </div>
   <div class='ocr_carea' id='block_1_65' title="bbox 1758 2167 2292 2225">
    <p class='ocr_par' dir='ltr' id='par_1_65' title="bbox 1758 2167 2292 2225">
     <span class='ocr_line' id='line_1_65' title="bbox 1758 2167 2292 2225; baseline 0.002 -1"><span class='ocrx_word' id='word_1_536' title='bbox 1758 2167 1979 2225; x_wconf 85' lang='lat' dir='ltr'><strong>civitate</strong></span> <span class='ocrx_word' id='word_1_537' title='bbox 2005 2167 2292 2225; x_wconf 80' lang='lat' dir='ltr'><strong>mansisse.</strong></span> 
     </span>
    </p>
   </div>
   <div class='ocr_carea' id='block_1_66' title="bbox 1829 2280 3333 2354">
    <p class='ocr_par' dir='ltr' id='par_1_66' title="bbox 1829 2280 3333 2354">
     <span class='ocr_line' id='line_1_66' title="bbox 1829 2280 3333 2354; baseline -0.006 -14"><span class='ocrx_word' id='word_1_538' title='bbox 1829 2285 1921 2340; x_wconf 79' lang='grc'><strong>51.</strong></span> <span class='ocrx_word' id='word_1_539' title='bbox 1971 2301 1991 2337; x_wconf 79' lang='grc' dir='ltr'><strong>ι</strong></span> <span class='ocrx_word' id='word_1_540' title='bbox 2016 2281 2240 2341; x_wconf 88' lang='lat' dir='ltr'><strong>Interim</strong></span> <span class='ocrx_word' id='word_1_541' title='bbox 2274 2282 2537 2354; x_wconf 78' lang='lat' dir='ltr'><strong>rogabant</strong></span> <span class='ocrx_word' id='word_1_542' title='bbox 2568 2297 2693 2338; x_wconf 92' lang='lat' dir='ltr'><strong>eum</strong></span> <span class='ocrx_word' id='word_1_543' title='bbox 2737 2280 3011 2350; x_wconf 84' lang='lat' dir='ltr'><strong>discipuli,</strong></span> <span class='ocrx_word' id='word_1_544' title='bbox 3053 2280 3333 2337; x_wconf 86' lang='lat' dir='ltr'><strong>dicentes:</strong></span> 
     </span>
    </p>
   </div>
   <div class='ocr_carea' id='block_1_67' title="bbox 1760 2375 3339 2445">
    <p class='ocr_par' dir='ltr' id='par_1_67' title="bbox 1760 2375 3339 2445">
     <span class='ocr_line' id='line_1_67' title="bbox 1760 2375 3339 2445; baseline -0.004 -13"><span class='ocrx_word' id='word_1_545' title='bbox 1760 2376 1957 2443; x_wconf 76' lang='lat' dir='ltr'><strong>Rabbi,</strong></span> <span class='ocrx_word' id='word_1_546' title='bbox 2005 2378 2233 2432; x_wconf 88' lang='lat' dir='ltr'><strong>comede</strong></span> <span class='ocrx_word' id='word_1_547' title='bbox 2260 2377 2335 2433; x_wconf 73' lang='grc'><strong>⁸.»</strong></span> <span class='ocrx_word' id='word_1_548' title='bbox 2371 2375 2502 2432; x_wconf 88' lang='lat' dir='ltr'><strong>Post</strong></span> <span class='ocrx_word' id='word_1_549' title='bbox 2526 2376 2884 2432; x_wconf 62' lang='lat' dir='ltr'><strong>oeconomiam</strong></span> <span class='ocrx_word' id='word_1_550' title='bbox 2909 2384 3088 2445; x_wconf 89' lang='lat' dir='ltr'><strong>potus,</strong></span> <span class='ocrx_word' id='word_1_551' title='bbox 3122 2383 3179 2429; x_wconf 92' lang='lat' dir='ltr'><strong>et</strong></span> <span class='ocrx_word' id='word_1_552' title='bbox 3218 2381 3339 2445; x_wconf 89' lang='lat' dir='ltr'><strong>post</strong></span> 
     </span>
    </p>
   </div>
   <div class='ocr_carea' id='block_1_68' title="bbox 1759 2469 3333 2537">
    <p class='ocr_par' dir='ltr' id='par_1_68' title="bbox 1759 2469 3333 2537">
     <span class='ocr_line' id='line_1_68' title="bbox 1759 2469 3333 2537; baseline -0.004 -10"><span class='ocrx_word' id='word_1_553' title='bbox 1759 2469 2065 2527; x_wconf 88' lang='lat' dir='ltr'><strong>doctrinam</strong></span> <span class='ocrx_word' id='word_1_554' title='bbox 2110 2469 2445 2525; x_wconf 86' lang='lat' dir='ltr'><strong>diversitatis</strong></span> <span class='ocrx_word' id='word_1_555' title='bbox 2488 2484 2777 2537; x_wconf 90' lang='lat' dir='ltr'><strong>aquarum,</strong></span> <span class='ocrx_word' id='word_1_556' title='bbox 2824 2481 3167 2537; x_wconf 88' lang='lat' dir='ltr'><strong>consequens</strong></span> <span class='ocrx_word' id='word_1_557' title='bbox 3211 2475 3333 2521; x_wconf 88' lang='lat' dir='ltr'><strong>erat</strong></span> 
     </span>
    </p>
   </div>
   <div class='ocr_carea' id='block_1_69' title="bbox 1759 2557 3339 2632">
    <p class='ocr_par' dir='ltr' id='par_1_69' title="bbox 1759 2557 3339 2632">
     <span class='ocr_line' id='line_1_69' title="bbox 1759 2557 3339 2632; baseline -0.003 -16"><span class='ocrx_word' id='word_1_558' title='bbox 1759 2562 1991 2618; x_wconf 88' lang='lat' dir='ltr'><strong>inscribi</strong></span> <span class='ocrx_word' id='word_1_559' title='bbox 2025 2576 2145 2632; x_wconf 72' lang='lat' dir='ltr'><strong>qua:</strong></span> <span class='ocrx_word' id='word_1_560' title='bbox 2173 2562 2241 2617; x_wconf 90' lang='lat' dir='ltr'><strong>ad</strong></span> <span class='ocrx_word' id='word_1_561' title='bbox 2284 2562 2466 2618; x_wconf 89' lang='lat' dir='ltr'><strong>cibum</strong></span> <span class='ocrx_word' id='word_1_562' title='bbox 2516 2559 2880 2630; x_wconf 82' lang='lat' dir='ltr'><strong>pertinebant.</strong></span> <span class='ocrx_word' id='word_1_563' title='bbox 2919 2558 3211 2614; x_wconf 87' lang='lat' dir='ltr'><strong>Samaritis</strong></span> <span class='ocrx_word' id='word_1_564' title='bbox 3238 2557 3339 2613; x_wconf 86' lang='lat' dir='ltr'><strong>ita-</strong></span> 
     </span>
    </p>
   </div>
   <div class='ocr_carea' id='block_1_70' title="bbox 1756 2650 3336 2722">
    <p class='ocr_par' dir='ltr' id='par_1_70' title="bbox 1756 2650 3336 2722">
     <span class='ocr_line' id='line_1_70' title="bbox 1756 2650 3336 2722; baseline -0.001 -16"><span class='ocrx_word' id='word_1_565' title='bbox 1756 2666 1863 2721; x_wconf 85' lang='lat' dir='ltr'><strong>que</strong></span> <span class='ocrx_word' id='word_1_566' title='bbox 1895 2667 2019 2707; x_wconf 89' lang='lat' dir='ltr'><strong>cum</strong></span> <span class='ocrx_word' id='word_1_567' title='bbox 2072 2662 2365 2721; x_wconf 70' lang='lat' dir='ltr'><strong>rogaretur</strong></span> <span class='ocrx_word' id='word_1_568' title='bbox 2410 2661 2622 2722; x_wconf 89' lang='lat' dir='ltr'><strong>potum,</strong></span> <span class='ocrx_word' id='word_1_569' title='bbox 2670 2650 2907 2716; x_wconf 86' lang='lat' dir='ltr'><strong>dubitat,</strong></span> <span class='ocrx_word' id='word_1_570' title='bbox 2960 2660 3183 2721; x_wconf 87' lang='lat' dir='ltr'><strong>propter</strong></span> <span class='ocrx_word' id='word_1_571' title='bbox 3212 2665 3336 2705; x_wconf 84' lang='lat' dir='ltr'><strong>eum</strong></span> 
     </span>
    </p>
   </div>
   <div class='ocr_carea' id='block_1_71' title="bbox 1758 2740 3335 2815">
    <p class='ocr_par' dir='ltr' id='par_1_71' title="bbox 1758 2740 3335 2815">
     <span class='ocr_line' id='line_1_71' title="bbox 1758 2740 3335 2815; baseline -0.003 -17"><span class='ocrx_word' id='word_1_572' title='bbox 1758 2742 1852 2812; x_wconf 90' lang='lat' dir='ltr'><strong>qui</strong></span> <span class='ocrx_word' id='word_1_573' title='bbox 1884 2745 2123 2810; x_wconf 81' lang='lat' dir='ltr'><strong>petierat</strong></span> <span class='ocrx_word' id='word_1_574' title='bbox 2147 2743 2349 2815; x_wconf 86' lang='lat' dir='ltr'><strong>(neque</strong></span> <span class='ocrx_word' id='word_1_575' title='bbox 2374 2744 2517 2799; x_wconf 87' lang='lat' dir='ltr'><strong>enim</strong></span> <span class='ocrx_word' id='word_1_576' title='bbox 2544 2752 2759 2813; x_wconf 88' lang='lat' dir='ltr'><strong>poterat</strong></span> <span class='ocrx_word' id='word_1_577' title='bbox 2783 2741 2917 2797; x_wconf 87' lang='lat' dir='ltr'><strong>dare</strong></span> <span class='ocrx_word' id='word_1_578' title='bbox 2939 2740 3072 2797; x_wconf 85' lang='lat' dir='ltr'><strong>Jesu</strong></span> <span class='ocrx_word' id='word_1_579' title='bbox 3112 2742 3335 2812; x_wconf 90' lang='lat' dir='ltr'><strong>dignum</strong></span> 
     </span>
    </p>
   </div>
   <div class='ocr_carea' id='block_1_72' title="bbox 1758 2831 3340 2906">
    <p class='ocr_par' dir='ltr' id='par_1_72' title="bbox 1758 2831 3340 2906">
     <span class='ocr_line' id='line_1_72' title="bbox 1758 2831 3340 2906; baseline -0.001 -17"><span class='ocrx_word' id='word_1_580' title='bbox 1758 2834 1853 2889; x_wconf 91' lang='lat' dir='ltr'><strong>illo</strong></span> <span class='ocrx_word' id='word_1_581' title='bbox 1882 2835 2117 2906; x_wconf 88' lang='lat' dir='ltr'><strong>potum),</strong></span> <span class='ocrx_word' id='word_1_582' title='bbox 2146 2850 2274 2889; x_wconf 90' lang='lat' dir='ltr'><strong>num</strong></span> <span class='ocrx_word' id='word_1_583' title='bbox 2302 2848 2365 2890; x_wconf 90' lang='lat' dir='ltr'><strong>se</strong></span> <span class='ocrx_word' id='word_1_584' title='bbox 2392 2835 2603 2905; x_wconf 89' lang='lat' dir='ltr'><strong>jussam</strong></span> <span class='ocrx_word' id='word_1_585' title='bbox 2623 2848 2823 2900; x_wconf 89' lang='lat' dir='ltr'><strong>aquam</strong></span> <span class='ocrx_word' id='word_1_586' title='bbox 2854 2833 3153 2903; x_wconf 89' lang='lat' dir='ltr'><strong>porrigere,</strong></span> <span class='ocrx_word' id='word_1_587' title='bbox 3178 2831 3340 2887; x_wconf 81' lang='lat' dir='ltr'><strong>vellet</strong></span> 
     </span>
    </p>
   </div>
   <div class='ocr_carea' id='block_1_73' title="bbox 1754 2925 3337 2995">
    <p class='ocr_par' dir='ltr' id='par_1_73' title="bbox 1754 2925 3337 2995">
     <span class='ocr_line' id='line_1_73' title="bbox 1754 2925 3337 2995; baseline -0.001 -14"><span class='ocrx_word' id='word_1_588' title='bbox 1754 2925 1912 2981; x_wconf 83' lang='lat' dir='ltr'><strong>Jesus</strong></span> <span class='ocrx_word' id='word_1_589' title='bbox 1963 2925 2232 2982; x_wconf 87' lang='lat' dir='ltr'><strong>benelicio</strong></span> <span class='ocrx_word' id='word_1_590' title='bbox 2274 2925 2495 2980; x_wconf 77' lang='lat' dir='ltr'><strong>afﬁcere</strong></span> <span class='ocrx_word' id='word_1_591' title='bbox 2535 2941 2632 2994; x_wconf 90' lang='lat' dir='ltr'><strong>per</strong></span> <span class='ocrx_word' id='word_1_592' title='bbox 2662 2926 2803 2980; x_wconf 89' lang='lat' dir='ltr'><strong>hunc</strong></span> <span class='ocrx_word' id='word_1_593' title='bbox 2828 2935 3038 2995; x_wconf 89' lang='lat' dir='ltr'><strong>potum.</strong></span> <span class='ocrx_word' id='word_1_594' title='bbox 3095 2925 3337 2980; x_wconf 81' lang='lat' dir='ltr'><strong>Docebat</strong></span> 
     </span>
    </p>
   </div>
   <div class='ocr_carea' id='block_1_74' title="bbox 1755 3011 3332 3088">
    <p class='ocr_par' dir='ltr' id='par_1_74' title="bbox 1755 3011 3332 3088">
     <span class='ocr_line' id='line_1_74' title="bbox 1755 3011 3332 3088; baseline -0.005 -16"><span class='ocrx_word' id='word_1_595' title='bbox 1755 3016 2040 3088; x_wconf 88' lang='lat' dir='ltr'><strong>igitur.....</strong></span> <span class='ocrx_word' id='word_1_596' title='bbox 2071 3030 2101 3070; x_wconf 89' lang='lat' dir='ltr'><strong>a</strong></span> <span class='ocrx_word' id='word_1_597' title='bbox 2129 3014 2475 3070; x_wconf 88' lang='lat' dir='ltr'><strong>Samaritide.</strong></span> <span class='ocrx_word' id='word_1_598' title='bbox 2521 3015 2694 3069; x_wconf 86' lang='lat' dir='ltr'><strong>Porro</strong></span> <span class='ocrx_word' id='word_1_599' title='bbox 2718 3012 2992 3082; x_wconf 87' lang='lat' dir='ltr'><strong>discipuli,</strong></span> <span class='ocrx_word' id='word_1_600' title='bbox 3018 3014 3109 3081; x_wconf 87' lang='lat' dir='ltr'><strong>qul</strong></span> <span class='ocrx_word' id='word_1_601' title='bbox 3135 3011 3332 3067; x_wconf 85' lang='lat' dir='ltr'><strong>civita-</strong></span> 
     </span>
    </p>
   </div>
   <div class='ocr_carea' id='block_1_75' title="bbox 1756 3101 3336 3172">
    <p class='ocr_par' dir='ltr' id='par_1_75' title="bbox 1756 3101 3336 3172">
     <span class='ocr_line' id='line_1_75' title="bbox 1756 3101 3336 3172; baseline -0.004 -10"><span class='ocrx_word' id='word_1_602' title='bbox 1756 3116 1862 3162; x_wconf 90' lang='lat' dir='ltr'><strong>tem</strong></span> <span class='ocrx_word' id='word_1_603' title='bbox 1888 3106 2140 3161; x_wconf 87' lang='lat' dir='ltr'><strong>adierant</strong></span> <span class='ocrx_word' id='word_1_604' title='bbox 2169 3116 2228 3160; x_wconf 91' lang='lat' dir='ltr'><strong>ut</strong></span> <span class='ocrx_word' id='word_1_605' title='bbox 2254 3106 2407 3163; x_wconf 87' lang='lat' dir='ltr'><strong>cibos</strong></span> <span class='ocrx_word' id='word_1_606' title='bbox 2436 3115 2685 3163; x_wconf 89' lang='lat' dir='ltr'><strong>emerent</strong></span> <span class='ocrx_word' id='word_1_607' title='bbox 2709 3106 2754 3171; x_wconf 84' lang='grc'>⁸,</span> <span class='ocrx_word' id='word_1_608' title='bbox 2782 3119 2905 3160; x_wconf 89' lang='lat' dir='ltr'><strong>cum</strong></span> <span class='ocrx_word' id='word_1_609' title='bbox 2935 3118 3029 3158; x_wconf 84' lang='lat' dir='ltr'><strong>eus</strong></span> <span class='ocrx_word' id='word_1_610' title='bbox 3057 3101 3200 3172; x_wconf 83' lang='lat' dir='ltr'><strong>apud</strong></span> <span class='ocrx_word' id='word_1_611' title='bbox 3232 3102 3336 3156; x_wconf 87' lang='lat' dir='ltr'><strong>ho-</strong></span> 
     </span>
    </p>
   </div>
   <div class='ocr_carea' id='block_1_76' title="bbox 1757 3194 3337 3256">
    <p class='ocr_par' dir='ltr' id='par_1_76' title="bbox 1757 3194 3337 3256">
     <span class='ocr_line' id='line_1_76' title="bbox 1757 3194 3337 3256; baseline -0.004 -2"><span class='ocrx_word' id='word_1_612' title='bbox 1757 3200 1935 3256; x_wconf 87' lang='lat' dir='ltr'><strong>mines</strong></span> <span class='ocrx_word' id='word_1_613' title='bbox 1964 3200 2195 3256; x_wconf 73' lang='lat' dir='ltr'><strong>diversa:</strong></span> <span class='ocrx_word' id='word_1_614' title='bbox 2241 3209 2403 3255; x_wconf 68' lang='lat' dir='ltr'><strong>sectae</strong></span> <span class='ocrx_word' id='word_1_615' title='bbox 2456 3215 2525 3256; x_wconf 78' lang='lat' dir='ltr'><strong>ex</strong></span> <span class='ocrx_word' id='word_1_616' title='bbox 2571 3198 2739 3254; x_wconf 90' lang='lat' dir='ltr'><strong>animi</strong></span> <span class='ocrx_word' id='word_1_617' title='bbox 2792 3195 3063 3254; x_wconf 88' lang='lat' dir='ltr'><strong>sententia</strong></span> <span class='ocrx_word' id='word_1_618' title='bbox 3095 3194 3337 3251; x_wconf 83' lang='lat' dir='ltr'><strong>invenis-</strong></span> 
     </span>
    </p>
   </div>
   <div class='ocr_carea' id='block_1_77' title="bbox 1752 3288 3331 3365">
    <p class='ocr_par' dir='ltr' id='par_1_77' title="bbox 1752 3288 3331 3365">
     <span class='ocr_line' id='line_1_77' title="bbox 1752 3288 3331 3365; baseline -0.006 -15"><span class='ocrx_word' id='word_1_619' title='bbox 1752 3302 1899 3359; x_wconf 84' lang='lat' dir='ltr'><strong>sent,</strong></span> <span class='ocrx_word' id='word_1_620' title='bbox 1940 3309 2141 3365; x_wconf 88' lang='lat' dir='ltr'><strong>nempe</strong></span> <span class='ocrx_word' id='word_1_621' title='bbox 2171 3308 2452 3351; x_wconf 84' lang='lat' dir='ltr'><strong>sermones</strong></span> <span class='ocrx_word' id='word_1_622' title='bbox 2489 3293 2750 3363; x_wconf 90' lang='lat' dir='ltr'><strong>quosdam</strong></span> <span class='ocrx_word' id='word_1_623' title='bbox 2800 3290 3207 3353; x_wconf 86' lang='lat' dir='ltr'><strong>convenientes,</strong></span> <span class='ocrx_word' id='word_1_624' title='bbox 3237 3288 3331 3342; x_wconf 82' lang='lat' dir='ltr'><strong>di-</strong></span> 
     </span>
    </p>
   </div>
   <div class='ocr_carea' id='block_1_78' title="bbox 1751 3378 3335 3459">
    <p class='ocr_par' dir='ltr' id='par_1_78' title="bbox 1751 3378 3335 3459">
     <span class='ocr_line' id='line_1_78' title="bbox 1751 3378 3335 3459; baseline -0.005 -18"><span class='ocrx_word' id='word_1_625' title='bbox 1751 3395 1883 3441; x_wconf 84' lang='lat' dir='ltr'><strong>cunt</strong></span> <span class='ocrx_word' id='word_1_626' title='bbox 1906 3384 2069 3459; x_wconf 66' lang='grc'><strong>242</strong></span> <span class='ocrx_word' id='word_1_627' title='bbox 2103 3385 2219 3441; x_wconf 90' lang='lat' dir='ltr'><strong>illi:</strong></span> <span class='ocrx_word' id='word_1_628' title='bbox 2255 3403 2275 3438; x_wconf 78' lang='grc' dir='ltr'><strong>ι</strong></span> <span class='ocrx_word' id='word_1_629' title='bbox 2301 3383 2535 3441; x_wconf 89' lang='lat' dir='ltr'><strong>Comede</strong></span> <span class='ocrx_word' id='word_1_630' title='bbox 2556 3384 2600 3448; x_wconf 82' lang='grc'>⁸,</span> <span class='ocrx_word' id='word_1_631' title='bbox 2625 3400 2645 3435; x_wconf 73' lang='grc' dir='ltr'><strong>ι</strong></span> <span class='ocrx_word' id='word_1_632' title='bbox 2680 3390 2891 3451; x_wconf 88' lang='lat' dir='ltr'><strong>tempus</strong></span> <span class='ocrx_word' id='word_1_633' title='bbox 2915 3378 3045 3435; x_wconf 90' lang='lat' dir='ltr'><strong>illud</strong></span> <span class='ocrx_word' id='word_1_634' title='bbox 3078 3379 3335 3435; x_wconf 88' lang='lat' dir='ltr'><strong>idoneum</strong></span> 
     </span>
    </p>
   </div>
   <div class='ocr_carea' id='block_1_79' title="bbox 1753 3471 3332 3545">
    <p class='ocr_par' dir='ltr' id='par_1_79' title="bbox 1753 3471 3332 3545">
     <span class='ocr_line' id='line_1_79' title="bbox 1753 3471 3332 3545; baseline -0.006 -12"><span class='ocrx_word' id='word_1_635' title='bbox 1753 3480 1880 3544; x_wconf 88' lang='lat' dir='ltr'><strong>rati,</strong></span> <span class='ocrx_word' id='word_1_636' title='bbox 1915 3489 1975 3533; x_wconf 92' lang='lat' dir='ltr'><strong>ut</strong></span> <span class='ocrx_word' id='word_1_637' title='bbox 2006 3478 2164 3534; x_wconf 84' lang='lat' dir='ltr'><strong>Jesus</strong></span> <span class='ocrx_word' id='word_1_638' title='bbox 2193 3480 2527 3542; x_wconf 89' lang='lat' dir='ltr'><strong>comederet,</strong></span> <span class='ocrx_word' id='word_1_639' title='bbox 2576 3478 2630 3530; x_wconf 87' lang='lat' dir='ltr'><strong>in</strong></span> <span class='ocrx_word' id='word_1_640' title='bbox 2661 3488 2770 3545; x_wconf 85' lang='lat' dir='ltr'><strong>quo</strong></span> <span class='ocrx_word' id='word_1_641' title='bbox 2812 3474 3011 3529; x_wconf 90' lang='lat' dir='ltr'><strong>mulier</strong></span> <span class='ocrx_word' id='word_1_642' title='bbox 3052 3471 3332 3527; x_wconf 86' lang='lat' dir='ltr'><strong>civitatem</strong></span> 
     </span>
    </p>
   </div>
   <div class='ocr_carea' id='block_1_80' title="bbox 1751 3564 3329 3641">
    <p class='ocr_par' dir='ltr' id='par_1_80' title="bbox 1751 3564 3329 3641">
     <span class='ocr_line' id='line_1_80' title="bbox 1751 3564 3329 3641; baseline -0.006 -17"><span class='ocrx_word' id='word_1_643' title='bbox 1751 3571 2007 3641; x_wconf 86' lang='lat' dir='ltr'><strong>petierat,</strong></span> <span class='ocrx_word' id='word_1_644' title='bbox 2033 3569 2357 3638; x_wconf 87' lang='lat' dir='ltr'><strong>venturique</strong></span> <span class='ocrx_word' id='word_1_645' title='bbox 2386 3574 2546 3625; x_wconf 82' lang='lat' dir='ltr'><strong>erant</strong></span> <span class='ocrx_word' id='word_1_646' title='bbox 2583 3566 2651 3621; x_wconf 89' lang='lat' dir='ltr'><strong>ad</strong></span> <span class='ocrx_word' id='word_1_647' title='bbox 2678 3579 2801 3620; x_wconf 88' lang='lat' dir='ltr'><strong>eum</strong></span> <span class='ocrx_word' id='word_1_648' title='bbox 2825 3564 3184 3630; x_wconf 87' lang='lat' dir='ltr'><strong>Samaritani,</strong></span> <span class='ocrx_word' id='word_1_649' title='bbox 3206 3577 3329 3617; x_wconf 92' lang='lat' dir='ltr'><strong>cum</strong></span> 
     </span>
    </p>
   </div>
   <div class='ocr_carea' id='block_1_81' title="bbox 1750 3655 3333 3734">
    <p class='ocr_par' dir='ltr' id='par_1_81' title="bbox 1750 3655 3333 3734">
     <span class='ocr_line' id='line_1_81' title="bbox 1750 3655 3333 3734; baseline -0.006 -17"><span class='ocrx_word' id='word_1_650' title='bbox 1750 3662 1950 3734; x_wconf 89' lang='lat' dir='ltr'><strong>alioqui</strong></span> <span class='ocrx_word' id='word_1_651' title='bbox 1979 3663 2162 3718; x_wconf 90' lang='lat' dir='ltr'><strong>cibum</strong></span> <span class='ocrx_word' id='word_1_652' title='bbox 2196 3676 2380 3717; x_wconf 89' lang='lat' dir='ltr'><strong>coram</strong></span> <span class='ocrx_word' id='word_1_653' title='bbox 2428 3659 2540 3715; x_wconf 89' lang='lat' dir='ltr'><strong>ullo</strong></span> <span class='ocrx_word' id='word_1_654' title='bbox 2570 3657 2789 3728; x_wconf 75' lang='lat' dir='ltr'><strong>hospite</strong></span> <span class='ocrx_word' id='word_1_655' title='bbox 2819 3655 2892 3711; x_wconf 83' lang='lat' dir='ltr'><strong>illi</strong></span> <span class='ocrx_word' id='word_1_656' title='bbox 2921 3671 3024 3711; x_wconf 89' lang='lat' dir='ltr'><strong>non</strong></span> <span class='ocrx_word' id='word_1_657' title='bbox 3050 3655 3333 3725; x_wconf 86' lang='lat' dir='ltr'><strong>apposuis-</strong></span> 
     </span>
    </p>
   </div>
   <div class='ocr_carea' id='block_1_82' title="bbox 1749 3744 3333 3812">
    <p class='ocr_par' dir='ltr' id='par_1_82' title="bbox 1749 3744 3333 3812">
     <span class='ocr_line' id='line_1_82' title="bbox 1749 3744 3333 3812; baseline -0.009 -2"><span class='ocrx_word' id='word_1_658' title='bbox 1749 3764 1898 3811; x_wconf 90' lang='lat' dir='ltr'><strong>sent.</strong></span> <span class='ocrx_word' id='word_1_659' title='bbox 1939 3753 2016 3808; x_wconf 83' lang='lat' dir='ltr'><strong>Ac</strong></span> <span class='ocrx_word' id='word_1_660' title='bbox 2046 3751 2300 3807; x_wconf 79' lang='lat' dir='ltr'><strong>fortassis</strong></span> <span class='ocrx_word' id='word_1_661' title='bbox 2335 3749 2576 3805; x_wconf 88' lang='lat' dir='ltr'><strong>futurum</strong></span> <span class='ocrx_word' id='word_1_662' title='bbox 2613 3755 2750 3812; x_wconf 88' lang='lat' dir='ltr'><strong>erat,</strong></span> <span class='ocrx_word' id='word_1_663' title='bbox 2777 3745 2854 3800; x_wconf 92' lang='lat' dir='ltr'><strong>uti</strong></span> <span class='ocrx_word' id='word_1_664' title='bbox 2885 3744 3177 3799; x_wconf 90' lang='lat' dir='ltr'><strong>Samaritis</strong></span> <span class='ocrx_word' id='word_1_665' title='bbox 3199 3757 3333 3798; x_wconf 90' lang='lat' dir='ltr'><strong>con-</strong></span> 
     </span>
    </p>
   </div>
   <div class='ocr_carea' id='block_1_83' title="bbox 1749 3834 3333 3908">
    <p class='ocr_par' dir='ltr' id='par_1_83' title="bbox 1749 3834 3333 3908">
     <span class='ocr_line' id='line_1_83' title="bbox 1749 3834 3333 3908; baseline -0.007 -9"><span class='ocrx_word' id='word_1_666' title='bbox 1749 3845 2086 3908; x_wconf 85' lang='lat' dir='ltr'><strong>turbaretnr,</strong></span> <span class='ocrx_word' id='word_1_667' title='bbox 2110 3843 2155 3898; x_wconf 82' lang='lat' dir='ltr'><strong>si</strong></span> <span class='ocrx_word' id='word_1_668' title='bbox 2184 3834 2411 3896; x_wconf 84' lang='lat' dir='ltr'><strong>vidisset</strong></span> <span class='ocrx_word' id='word_1_669' title='bbox 2440 3836 2738 3907; x_wconf 87' lang='lat' dir='ltr'><strong>discipulos</strong></span> <span class='ocrx_word' id='word_1_670' title='bbox 2762 3835 3026 3906; x_wconf 63' lang='lat' dir='ltr'><strong>magistro</strong></span> <span class='ocrx_word' id='word_1_671' title='bbox 3056 3845 3333 3905; x_wconf 87' lang='lat' dir='ltr'><strong>apponere</strong></span> 
     </span>
    </p>
   </div>
   <div class='ocr_carea' id='block_1_84' title="bbox 1750 3922 3324 4002">
    <p class='ocr_par' dir='ltr' id='par_1_84' title="bbox 1750 3922 3324 4002">
     <span class='ocr_line' id='line_1_84' title="bbox 1750 3922 3324 4002; baseline -0.006 -15"><span class='ocrx_word' id='word_1_672' title='bbox 1750 3934 1996 3990; x_wconf 83' lang='lat' dir='ltr'><strong>volentes</strong></span> <span class='ocrx_word' id='word_1_673' title='bbox 2023 3933 2253 3997; x_wconf 86' lang='lat' dir='ltr'><strong>cibaria,</strong></span> <span class='ocrx_word' id='word_1_674' title='bbox 2280 3946 2401 4002; x_wconf 72' lang='lat' dir='ltr'><strong>qua:</strong></span> <span class='ocrx_word' id='word_1_675' title='bbox 2430 3930 2514 3984; x_wconf 86' lang='lat' dir='ltr'><strong>vel</strong></span> <span class='ocrx_word' id='word_1_676' title='bbox 2550 3930 2603 3984; x_wconf 92' lang='lat' dir='ltr'><strong>iu</strong></span> <span class='ocrx_word' id='word_1_677' title='bbox 2635 3927 2879 3983; x_wconf 80' lang='lat' dir='ltr'><strong>Samaria</strong></span> <span class='ocrx_word' id='word_1_678' title='bbox 2923 3927 3210 3988; x_wconf 89' lang='lat' dir='ltr'><strong>emissent,</strong></span> <span class='ocrx_word' id='word_1_679' title='bbox 3239 3922 3324 3978; x_wconf 89' lang='lat' dir='ltr'><strong>vel</strong></span> 
     </span>
    </p>
   </div>
   <div class='ocr_carea' id='block_1_85' title="bbox 1748 4015 3332 4091">
    <p class='ocr_par' dir='ltr' id='par_1_85' title="bbox 1748 4015 3332 4091">
     <span class='ocr_line' id='line_1_85' title="bbox 1748 4015 3332 4091; baseline -0.008 -10"><span class='ocrx_word' id='word_1_680' title='bbox 1748 4025 1950 4081; x_wconf 87' lang='lat' dir='ltr'><strong>emisse</strong></span> <span class='ocrx_word' id='word_1_681' title='bbox 1990 4023 2288 4078; x_wconf 80' lang='lat' dir='ltr'><strong>verisimile</strong></span> <span class='ocrx_word' id='word_1_682' title='bbox 2321 4031 2506 4088; x_wconf 88' lang='lat' dir='ltr'><strong>esset;</strong></span> <span class='ocrx_word' id='word_1_683' title='bbox 2547 4035 2722 4091; x_wconf 90' lang='lat' dir='ltr'><strong>neque</strong></span> <span class='ocrx_word' id='word_1_684' title='bbox 2763 4018 2960 4073; x_wconf 90' lang='lat' dir='ltr'><strong>merito</strong></span> <span class='ocrx_word' id='word_1_685' title='bbox 3012 4030 3195 4072; x_wconf 91' lang='lat' dir='ltr'><strong>coram</strong></span> <span class='ocrx_word' id='word_1_686' title='bbox 3228 4015 3332 4069; x_wconf 83' lang='lat' dir='ltr'><strong>Sa-</strong></span> 
     </span>
    </p>
   </div>
   <div class='ocr_carea' id='block_1_86' title="bbox 1749 4106 3331 4180">
    <p class='ocr_par' dir='ltr' id='par_1_86' title="bbox 1749 4106 3331 4180">
     <span class='ocr_line' id='line_1_86' title="bbox 1749 4106 3331 4180; baseline -0.007 -8"><span class='ocrx_word' id='word_1_687' title='bbox 1749 4114 2039 4172; x_wconf 88' lang='lat' dir='ltr'><strong>maritanis</strong></span> <span class='ocrx_word' id='word_1_688' title='bbox 2091 4112 2401 4169; x_wconf 86' lang='lat' dir='ltr'><strong>volentibus</strong></span> <span class='ocrx_word' id='word_1_689' title='bbox 2449 4126 2603 4167; x_wconf 88' lang='lat' dir='ltr'><strong>suam</strong></span> <span class='ocrx_word' id='word_1_690' title='bbox 2657 4111 2901 4180; x_wconf 89' lang='lat' dir='ltr'><strong>ipsorum</strong></span> <span class='ocrx_word' id='word_1_691' title='bbox 2948 4106 3331 4176; x_wconf 83' lang='lat' dir='ltr'><strong>derelinquere</strong></span> 
     </span>
    </p>
   </div>
   <div class='ocr_carea' id='block_1_87' title="bbox 1752 4197 3331 4268">
    <p class='ocr_par' dir='ltr' id='par_1_87' title="bbox 1752 4197 3331 4268">
     <span class='ocr_line' id='line_1_87' title="bbox 1752 4197 3331 4268; baseline -0.006 -8"><span class='ocrx_word' id='word_1_692' title='bbox 1752 4205 2030 4260; x_wconf 83' lang='lat' dir='ltr'><strong>civitatem</strong></span> <span class='ocrx_word' id='word_1_693' title='bbox 2066 4204 2366 4260; x_wconf 79' lang='lat' dir='ltr'><strong>dixissent:</strong></span> <span class='ocrx_word' id='word_1_694' title='bbox 2415 4220 2435 4255; x_wconf 82' lang='grc' dir='ltr'><strong>ι</strong></span> <span class='ocrx_word' id='word_1_695' title='bbox 2468 4201 2666 4268; x_wconf 80' lang='lat' dir='ltr'><strong>Babbi,</strong></span> <span class='ocrx_word' id='word_1_696' title='bbox 2703 4199 2958 4266; x_wconf 90' lang='lat' dir='ltr'><strong>comede;</strong></span> <span class='ocrx_word' id='word_1_697' title='bbox 2987 4217 3006 4251; x_wconf 72' lang='grc' dir='ltr'><strong>ι</strong></span> <span class='ocrx_word' id='word_1_698' title='bbox 3047 4197 3168 4252; x_wconf 90' lang='lat' dir='ltr'><strong>ideo</strong></span> <span class='ocrx_word' id='word_1_699' title='bbox 3193 4197 3331 4252; x_wconf 91' lang='lat' dir='ltr'><strong>bene</strong></span> 
     </span>
    </p>
   </div>
   <div class='ocr_carea' id='block_1_88' title="bbox 1746 4288 3331 4365">
    <p class='ocr_par' dir='ltr' id='par_1_88' title="bbox 1746 4288 3331 4365">
     <span class='ocr_line' id='line_1_88' title="bbox 1746 4288 3331 4365; baseline -0.006 -13"><span class='ocrx_word' id='word_1_700' title='bbox 1746 4298 1993 4353; x_wconf 89' lang='lat' dir='ltr'><strong>additum</strong></span> <span class='ocrx_word' id='word_1_701' title='bbox 2020 4308 2104 4352; x_wconf 91' lang='lat' dir='ltr'><strong>est</strong></span> <span class='ocrx_word' id='word_1_702' title='bbox 2130 4313 2145 4351; x_wconf 92' lang='lat'><strong>:</strong></span> <span class='ocrx_word' id='word_1_703' title='bbox 2187 4313 2208 4348; x_wconf 75' lang='grc' dir='ltr'><strong>ι</strong></span> <span class='ocrx_word' id='word_1_704' title='bbox 2244 4295 2467 4352; x_wconf 87' lang='lat' dir='ltr'><strong>Interim</strong></span> <span class='ocrx_word' id='word_1_705' title='bbox 2496 4293 2762 4365; x_wconf 83' lang='lat' dir='ltr'><strong>rogabant</strong></span> <span class='ocrx_word' id='word_1_706' title='bbox 2786 4305 2906 4347; x_wconf 90' lang='lat' dir='ltr'><strong>eum</strong></span> <span class='ocrx_word' id='word_1_707' title='bbox 2936 4288 3214 4360; x_wconf 72' lang='lat' dir='ltr'><strong>discipuli,</strong></span> <span class='ocrx_word' id='word_1_708' title='bbox 3246 4288 3331 4343; x_wconf 81' lang='lat' dir='ltr'><strong>(li-</strong></span> 
     </span>
    </p>
   </div>
   <div class='ocr_carea' id='block_1_89' title="bbox 1742 4384 3328 4457">
    <p class='ocr_par' dir='ltr' id='par_1_89' title="bbox 1742 4384 3328 4457">
     <span class='ocr_line' id='line_1_89' title="bbox 1742 4384 3328 4457; baseline -0.004 -10"><span class='ocrx_word' id='word_1_709' title='bbox 1742 4401 1934 4448; x_wconf 81' lang='lat' dir='ltr'><strong>centes</strong></span> <span class='ocrx_word' id='word_1_710' title='bbox 1979 4408 1995 4447; x_wconf 90' lang='lat'><strong>:</strong></span> <span class='ocrx_word' id='word_1_711' title='bbox 2040 4390 2238 4456; x_wconf 78' lang='lat' dir='ltr'><strong>llahbi,</strong></span> <span class='ocrx_word' id='word_1_712' title='bbox 2265 4391 2584 4446; x_wconf 66' lang='lat' dir='ltr'><strong>manduca.»</strong></span> <span class='ocrx_word' id='word_1_713' title='bbox 2629 4387 2736 4444; x_wconf 89' lang='lat' dir='ltr'><strong>Sed</strong></span> <span class='ocrx_word' id='word_1_714' title='bbox 2788 4401 2950 4457; x_wconf 86' lang='lat' dir='ltr'><strong>quam</strong></span> <span class='ocrx_word' id='word_1_715' title='bbox 2990 4384 3061 4441; x_wconf 92' lang='lat' dir='ltr'><strong>ob</strong></span> <span class='ocrx_word' id='word_1_716' title='bbox 3108 4398 3328 4440; x_wconf 74' lang='lat' dir='ltr'><strong>causam</strong></span> 
     </span>
    </p>
   </div>
   <div class='ocr_carea' id='block_1_90' title="bbox 1747 4474 3331 4555">
    <p class='ocr_par' dir='ltr' id='par_1_90' title="bbox 1747 4474 3331 4555">
     <span class='ocr_line' id='line_1_90' title="bbox 1747 4474 3331 4555; baseline -0.007 -15"><span class='ocrx_word' id='word_1_717' title='bbox 1747 4485 2011 4555; x_wconf 88' lang='lat' dir='ltr'><strong>scriptum</strong></span> <span class='ocrx_word' id='word_1_718' title='bbox 2045 4482 2138 4550; x_wconf 90' lang='lat' dir='ltr'><strong>sit,</strong></span> <span class='ocrx_word' id='word_1_719' title='bbox 2169 4501 2189 4534; x_wconf 81' lang='grc' dir='ltr'><strong>ι</strong></span> <span class='ocrx_word' id='word_1_720' title='bbox 2219 4482 2487 4552; x_wconf 78' lang='lat' dir='ltr'><strong>rogabant</strong></span> <span class='ocrx_word' id='word_1_721' title='bbox 2516 4481 2717 4552; x_wconf 89' lang='lat' dir='ltr'><strong>ipsum,</strong></span> <span class='ocrx_word' id='word_1_722' title='bbox 2747 4496 2766 4532; x_wconf 76' lang='grc' dir='ltr'><strong>ι</strong></span> <span class='ocrx_word' id='word_1_723' title='bbox 2797 4487 2853 4532; x_wconf 90' lang='lat' dir='ltr'><strong>et</strong></span> <span class='ocrx_word' id='word_1_724' title='bbox 2891 4492 3021 4541; x_wconf 88' lang='lat' dir='ltr'><strong>non,</strong></span> <span class='ocrx_word' id='word_1_725' title='bbox 3068 4474 3331 4531; x_wconf 84' lang='lat' dir='ltr'><strong>Dicebant</strong></span> 
     </span>
    </p>
   </div>
   <div class='ocr_carea' id='block_1_91' title="bbox 60 4563 1646 4661">
    <p class='ocr_par' dir='ltr' id='par_1_91' title="bbox 60 4563 1641 4638">
     <span class='ocr_line' id='line_1_91' title="bbox 60 4563 1641 4638; baseline -0.005 -15"><span class='ocrx_word' id='word_1_726' title='bbox 60 4569 212 4638; x_wconf 68' lang='grc' dir='ltr'>φάγε.</span> <span class='ocrx_word' id='word_1_727' title='bbox 239 4588 261 4622; x_wconf 75' lang='grc' dir='ltr'><strong>ι</strong></span> <span class='ocrx_word' id='word_1_728' title='bbox 293 4567 399 4622; x_wconf 83' lang='grc' dir='ltr'><strong>Διά</strong></span> <span class='ocrx_word' id='word_1_729' title='bbox 429 4566 482 4621; x_wconf 86' lang='grc' dir='ltr'><strong>τί</strong></span> <span class='ocrx_word' id='word_1_730' title='bbox 505 4567 564 4620; x_wconf 79' lang='grc' dir='ltr'>δὲ</span> <span class='ocrx_word' id='word_1_731' title='bbox 596 4586 615 4618; x_wconf 86' lang='grc'><strong><em>‹</em></strong></span> <span class='ocrx_word' id='word_1_732' title='bbox 637 4565 809 4619; x_wconf 75' lang='grc' dir='ltr'>Αὐτὸν</span> <span class='ocrx_word' id='word_1_733' title='bbox 839 4564 1088 4638; x_wconf 78' lang='grc' dir='ltr'>ἠρώτων,</span> <span class='ocrx_word' id='word_1_734' title='bbox 1116 4582 1136 4616; x_wconf 73' lang='grc' dir='ltr'><strong><em>ι</em></strong></span> <span class='ocrx_word' id='word_1_735' title='bbox 1184 4564 1279 4618; x_wconf 73' lang='grc' dir='ltr'>καὶ</span> <span class='ocrx_word' id='word_1_736' title='bbox 1310 4563 1450 4634; x_wconf 73' lang='grc' dir='ltr'>οὐχὶ,</span> <span class='ocrx_word' id='word_1_737' title='bbox 1483 4563 1641 4616; x_wconf 83' lang='grc' dir='ltr'>Ἐλε-</span> 
     </span>
    </p>
   </div>
   <div class='ocr_carea' id='block_1_92' title="bbox 1760 4563 3328 4661">
    <p class='ocr_par' dir='ltr' id='par_1_92' title="bbox 1760 4565 3328 4646">
     <span class='ocr_line' id='line_1_92' title="bbox 1760 4565 3328 4646; baseline -0.007 -16"><span class='ocrx_word' id='word_1_738' title='bbox 1760 4576 1854 4644; x_wconf 78' lang='lat' dir='ltr'><strong>illi,</strong></span> <span class='ocrx_word' id='word_1_739' title='bbox 1882 4575 2101 4646; x_wconf 84' lang='lat' dir='ltr'><strong>dignum</strong></span> <span class='ocrx_word' id='word_1_740' title='bbox 2128 4584 2212 4628; x_wconf 91' lang='lat' dir='ltr'><strong>est</strong></span> <span class='ocrx_word' id='word_1_741' title='bbox 2245 4586 2513 4637; x_wconf 82' lang='lat' dir='ltr'><strong>cernere;</strong></span> <span class='ocrx_word' id='word_1_742' title='bbox 2551 4569 2855 4641; x_wconf 81' lang='lat' dir='ltr'><strong>simplicius</strong></span> <span class='ocrx_word' id='word_1_743' title='bbox 2886 4569 3030 4624; x_wconf 86' lang='lat' dir='ltr'><strong>enim</strong></span> <span class='ocrx_word' id='word_1_744' title='bbox 3062 4565 3328 4633; x_wconf 89' lang='lat' dir='ltr'><strong>scriptum</strong></span> 
     </span>
    </p>
   </div>
   <div class='ocr_carea' id='block_1_93' title="bbox 59 4658 1641 4733">
    <p class='ocr_par' dir='ltr' id='par_1_93' title="bbox 59 4658 1641 4733">
     <span class='ocr_line' id='line_1_93' title="bbox 59 4658 1641 4733; baseline -0.001 -21"><span class='ocrx_word' id='word_1_745' title='bbox 59 4676 143 4727; x_wconf 77' lang='grc' dir='ltr'><strong>γον</strong></span> <span class='ocrx_word' id='word_1_746' title='bbox 173 4661 348 4733; x_wconf 74' lang='grc' dir='ltr'>αὐτῷ,</span> <span class='ocrx_word' id='word_1_747' title='bbox 384 4660 540 4727; x_wconf 75' lang='grc' dir='ltr'>ἄξιον</span> <span class='ocrx_word' id='word_1_748' title='bbox 572 4661 699 4714; x_wconf 77' lang='grc' dir='ltr'>ἰδεῖν</span> <span class='ocrx_word' id='word_1_749' title='bbox 717 4676 731 4693; x_wconf 78' lang='grc' dir='ltr'><strong><em>ο</em></strong></span> <span class='ocrx_word' id='word_1_750' title='bbox 762 4659 1126 4731; x_wconf 70' lang='grc' dir='ltr'>ἁπλούστερον</span> <span class='ocrx_word' id='word_1_751' title='bbox 1153 4660 1263 4730; x_wconf 84' lang='grc' dir='ltr'><strong>γὰρ</strong></span> <span class='ocrx_word' id='word_1_752' title='bbox 1300 4658 1641 4728; x_wconf 78' lang='grc' dir='ltr'>ἐγέγραπτο⁶</span> 
     </span>
    </p>
   </div>
   <div class='ocr_carea' id='block_1_94' title="bbox 64 4751 1650 4827">
    <p class='ocr_par' dir='ltr' id='par_1_94' title="bbox 64 4751 1650 4827">
     <span class='ocr_line' id='line_1_94' title="bbox 64 4751 1650 4827; baseline 0 -24"><span class='ocrx_word' id='word_1_753' title='bbox 64 4773 79 4803; x_wconf 81' lang='grc' dir='ltr'><strong>ι</strong></span> <span class='ocrx_word' id='word_1_754' title='bbox 99 4755 182 4807; x_wconf 79' lang='grc' dir='ltr'>Ἑν</span> <span class='ocrx_word' id='word_1_755' title='bbox 207 4755 267 4808; x_wconf 75' lang='grc' dir='ltr'>δὲ</span> <span class='ocrx_word' id='word_1_756' title='bbox 288 4753 371 4826; x_wconf 77' lang='grc' dir='ltr'>τῷ</span> <span class='ocrx_word' id='word_1_757' title='bbox 397 4753 603 4827; x_wconf 79' lang='grc' dir='ltr'>μεταξὺ</span> <span class='ocrx_word' id='word_1_758' title='bbox 640 4772 658 4805; x_wconf 77' lang='grc' dir='ltr'><strong>ι</strong></span> <span class='ocrx_word' id='word_1_759' title='bbox 691 4752 875 4822; x_wconf 78' lang='grc' dir='ltr'>ελεγον</span> <span class='ocrx_word' id='word_1_760' title='bbox 898 4752 1047 4823; x_wconf 82' lang='grc' dir='ltr'><strong>αὐτῷ</strong></span> <span class='ocrx_word' id='word_1_761' title='bbox 1074 4770 1094 4805; x_wconf 79' lang='grc' dir='ltr'><strong>ι</strong></span> <span class='ocrx_word' id='word_1_762' title='bbox 1116 4752 1166 4805; x_wconf 82' lang='grc' dir='ltr'>οἱ</span> <span class='ocrx_word' id='word_1_763' title='bbox 1192 4751 1457 4823; x_wconf 88' lang='grc' dir='ltr'>μαθηταί·</span> <span class='ocrx_word' id='word_1_764' title='bbox 1498 4751 1650 4804; x_wconf 82' lang='grc' dir='ltr'><strong>Ῥαὸ-</strong></span> 
     </span>
    </p>
   </div>
   <div class='ocr_carea' id='block_1_95' title="bbox 60 4841 1647 4917">
    <p class='ocr_par' dir='ltr' id='par_1_95' title="bbox 60 4841 1647 4917">
     <span class='ocr_line' id='line_1_95' title="bbox 60 4841 1647 4917; baseline -0.014 -13"><span class='ocrx_word' id='word_1_765' title='bbox 60 4844 125 4909; x_wconf 72' lang='grc' dir='ltr'><strong>εὶ,</strong></span> <span class='ocrx_word' id='word_1_766' title='bbox 154 4847 323 4917; x_wconf 74' lang='grc' dir='ltr'>φάγε.</span> <span class='ocrx_word' id='word_1_767' title='bbox 353 4864 375 4898; x_wconf 69' lang='grc' dir='ltr'><strong>ι</strong></span> <span class='ocrx_word' id='word_1_768' title='bbox 422 4845 498 4899; x_wconf 83' lang='grc' dir='ltr'>Τδ</span> <span class='ocrx_word' id='word_1_769' title='bbox 522 4846 579 4900; x_wconf 84' lang='grc' dir='ltr'>δὲ</span> <span class='ocrx_word' id='word_1_770' title='bbox 612 4846 706 4899; x_wconf 73' lang='grc' dir='ltr'>καὶ</span> <span class='ocrx_word' id='word_1_771' title='bbox 739 4845 951 4916; x_wconf 80' lang='grc' dir='ltr'>ἐρωτᾷν</span> <span class='ocrx_word' id='word_1_772' title='bbox 993 4844 1081 4899; x_wconf 83' lang='grc' dir='ltr'>ἵνα</span> <span class='ocrx_word' id='word_1_773' title='bbox 1111 4843 1280 4916; x_wconf 82' lang='grc' dir='ltr'>φάγῃ,</span> <span class='ocrx_word' id='word_1_774' title='bbox 1320 4843 1414 4897; x_wconf 81' lang='grc' dir='ltr'>καὶ</span> <span class='ocrx_word' id='word_1_775' title='bbox 1440 4841 1647 4896; x_wconf 64' lang='grc' dir='ltr'>εκετεά-</span> 
     </span>
    </p>
   </div>
   <div class='ocr_carea' id='block_1_96' title="bbox 60 4933 1651 5009">
    <p class='ocr_par' dir='ltr' id='par_1_96' title="bbox 60 4933 1651 5009">
     <span class='ocr_line' id='line_1_96' title="bbox 60 4933 1651 5009; baseline -0.001 -21"><span class='ocrx_word' id='word_1_776' title='bbox 60 4954 129 4990; x_wconf 80' lang='grc' dir='ltr'><strong>ειν</strong></span> <span class='ocrx_word' id='word_1_777' title='bbox 156 4939 348 5005; x_wconf 67' lang='grc' dir='ltr'>αὑτὸν,</span> <span class='ocrx_word' id='word_1_778' title='bbox 380 4939 477 4992; x_wconf 77' lang='grc' dir='ltr'>καὶ</span> <span class='ocrx_word' id='word_1_779' title='bbox 507 4937 738 5004; x_wconf 79' lang='grc' dir='ltr'>δεῖσθαι,</span> <span class='ocrx_word' id='word_1_780' title='bbox 780 4937 921 5007; x_wconf 85' lang='grc' dir='ltr'>τάχα</span> <span class='ocrx_word' id='word_1_781' title='bbox 944 4953 999 4989; x_wconf 91' lang='grc' dir='ltr'><strong>τι</strong></span> <span class='ocrx_word' id='word_1_782' title='bbox 1028 4935 1181 5009; x_wconf 88' lang='grc' dir='ltr'>δηλοῖ</span> <span class='ocrx_word' id='word_1_783' title='bbox 1206 4935 1312 5008; x_wconf 86' lang='grc' dir='ltr'>πρὸ</span> <span class='ocrx_word' id='word_1_784' title='bbox 1337 4934 1439 5005; x_wconf 85' lang='grc' dir='ltr'><strong>τῆς</strong></span> <span class='ocrx_word' id='word_1_785' title='bbox 1465 4933 1651 4999; x_wconf 81' lang='grc' dir='ltr'>ἐξετά-</span> 
     </span>
    </p>
   </div>
   <div class='ocr_carea' id='block_1_97' title="bbox 62 5025 1649 5102">
    <p class='ocr_par' dir='ltr' id='par_1_97' title="bbox 62 5025 1649 5102">
     <span class='ocr_line' id='line_1_97' title="bbox 62 5025 1649 5102; baseline -0.005 -16"><span class='ocrx_word' id='word_1_786' title='bbox 62 5048 206 5099; x_wconf 84' lang='grc' dir='ltr'>σεως,</span> <span class='ocrx_word' id='word_1_787' title='bbox 235 5034 417 5087; x_wconf 75' lang='grc' dir='ltr'>ἐνίοτε</span> <span class='ocrx_word' id='word_1_788' title='bbox 442 5032 500 5086; x_wconf 81' lang='grc' dir='ltr'>δὲ</span> <span class='ocrx_word' id='word_1_789' title='bbox 528 5031 623 5085; x_wconf 60' lang='grc' dir='ltr'><strong>καὶ⁵</strong></span> <span class='ocrx_word' id='word_1_790' title='bbox 671 5030 809 5102; x_wconf 81' lang='grc' dir='ltr'>μετὰ</span> <span class='ocrx_word' id='word_1_791' title='bbox 840 5028 940 5101; x_wconf 82' lang='grc' dir='ltr'>τὴν</span> <span class='ocrx_word' id='word_1_792' title='bbox 968 5027 1232 5093; x_wconf 82' lang='grc' dir='ltr'>ἐξέτασιν.</span> <span class='ocrx_word' id='word_1_793' title='bbox 1280 5025 1391 5079; x_wconf 71' lang='grc' dir='ltr'><strong>Καὶ</strong></span> <span class='ocrx_word' id='word_1_794' title='bbox 1414 5026 1516 5097; x_wconf 83' lang='grc' dir='ltr'>ὅρα</span> <span class='ocrx_word' id='word_1_795' title='bbox 1544 5025 1649 5096; x_wconf 81' lang='grc' dir='ltr'><strong>μή-</strong></span> 
     </span>
    </p>
   </div>
   <div class='ocr_carea' id='block_1_98' title="bbox 60 5116 1646 5196">
    <p class='ocr_par' dir='ltr' id='par_1_98' title="bbox 60 5116 1646 5196">
     <span class='ocr_line' id='line_1_98' title="bbox 60 5116 1646 5196; baseline -0.004 -19"><span class='ocrx_word' id='word_1_796' title='bbox 60 5139 178 5177; x_wconf 68' lang='grc' dir='ltr'>ποτε</span> <span class='ocrx_word' id='word_1_797' title='bbox 201 5123 570 5179; x_wconf 77' lang='grc' dir='ltr'>εὐλαϐοῦνται</span> <span class='ocrx_word' id='word_1_798' title='bbox 597 5122 672 5196; x_wconf 83' lang='grc' dir='ltr'>μὴ</span> <span class='ocrx_word' id='word_1_799' title='bbox 702 5162 715 5176; x_wconf 94' lang='grc'><strong>.</strong></span> <span class='ocrx_word' id='word_1_800' title='bbox 734 5163 747 5176; x_wconf 94' lang='grc'><strong>.</strong></span> <span class='ocrx_word' id='word_1_801' title='bbox 771 5161 785 5177; x_wconf 94' lang='grc'><strong>.</strong></span> <span class='ocrx_word' id='word_1_802' title='bbox 806 5160 855 5180; x_wconf 93' lang='grc'><strong>..</strong></span> <span class='ocrx_word' id='word_1_803' title='bbox 884 5121 914 5174; x_wconf 83' lang='grc' dir='ltr'><strong>ὁ</strong></span> <span class='ocrx_word' id='word_1_804' title='bbox 936 5120 1092 5189; x_wconf 89' lang='grc' dir='ltr'>λόγος</span> <span class='ocrx_word' id='word_1_805' title='bbox 1261 5120 1382 5182; x_wconf 85' lang='grc' dir='ltr'>ταῖς</span> <span class='ocrx_word' id='word_1_806' title='bbox 1421 5116 1646 5181; x_wconf 75' lang='grc' dir='ltr'>οἰκείαις</span> 
     </span>
    </p>
   </div>
   <div class='ocr_carea' id='block_1_99' title="bbox 152 5281 995 5353">
    <p class='ocr_par' dir='ltr' id='par_1_99' title="bbox 152 5281 995 5353">
     <span class='ocr_line' id='line_1_99' title="bbox 152 5281 995 5353; baseline -0.005 -12"><span class='ocrx_word' id='word_1_807' title='bbox 152 5285 196 5317; x_wconf 84' lang='grc'><strong>⁹⁹</strong></span> <span class='ocrx_word' id='word_1_808' title='bbox 218 5283 387 5342; x_wconf 83' lang='lat' dir='ltr'><strong>Joan.</strong></span> <span class='ocrx_word' id='word_1_809' title='bbox 420 5301 497 5353; x_wconf 83' lang='lat' dir='ltr'><strong>tv,</strong></span> <span class='ocrx_word' id='word_1_810' title='bbox 528 5284 622 5341; x_wconf 78' lang='lat'><strong>28.</strong></span> <span class='ocrx_word' id='word_1_811' title='bbox 701 5284 718 5316; x_wconf 83' lang='grc'>¹</span> <span class='ocrx_word' id='word_1_812' title='bbox 751 5282 882 5340; x_wconf 90' lang='lat' dir='ltr'><strong>ibid.</strong></span> <span class='ocrx_word' id='word_1_813' title='bbox 904 5281 995 5338; x_wconf 74' lang='lat'><strong>29.</strong></span> 
     </span>
    </p>
   </div>
   <div class='ocr_carea' id='block_1_100' title="bbox 125 5431 1643 5512">
    <p class='ocr_par' dir='ltr' id='par_1_100' title="bbox 125 5431 1643 5512">
     <span class='ocr_line' id='line_1_100' title="bbox 125 5431 1643 5512; baseline -0.009 -13"><span class='ocrx_word' id='word_1_814' title='bbox 125 5441 324 5512; x_wconf 66' lang='grc' dir='ltr'>(ειιιιι</span> <span class='ocrx_word' id='word_1_815' title='bbox 378 5439 627 5512; x_wconf 81' lang='lat' dir='ltr'><strong>margine</strong></span> <span class='ocrx_word' id='word_1_816' title='bbox 649 5438 863 5512; x_wconf 83' lang='lat' dir='ltr'><strong>codicis</strong></span> <span class='ocrx_word' id='word_1_817' title='bbox 888 5434 1170 5512; x_wconf 71' lang='lat' dir='ltr'><strong>Bodleiani</strong></span> <span class='ocrx_word' id='word_1_818' title='bbox 1226 5441 1449 5490; x_wconf 88' lang='lat' dir='ltr'><strong>notatur</strong></span> <span class='ocrx_word' id='word_1_819' title='bbox 1498 5431 1643 5487; x_wconf 83' lang='lat' dir='ltr'><strong>forte</strong></span> 
     </span>
    </p>
   </div>
   <div class='ocr_carea' id='block_1_101' title="bbox 64 5505 1076 5581">
    <p class='ocr_par' dir='ltr' id='par_1_101' title="bbox 64 5505 1076 5581">
     <span class='ocr_line' id='line_1_101' title="bbox 64 5505 1076 5581; baseline -0.009 -14"><span class='ocrx_word' id='word_1_820' title='bbox 64 5505 342 5579; x_wconf 69' lang='lat' dir='ltr'><strong>legendum</strong></span> <span class='ocrx_word' id='word_1_821' title='bbox 376 5505 608 5581; x_wconf 49' lang='lat' dir='ltr'><strong>esse—pi)</strong></span> <span class='ocrx_word' id='word_1_822' title='bbox 636 5505 1076 5581; x_wconf 73' lang='grc' dir='ltr'>ἀναγεγράφθαι.</span> 
     </span>
    </p>
   </div>
   <div class='ocr_carea' id='block_1_102' title="bbox 124 5570 1643 5653">
    <p class='ocr_par' dir='ltr' id='par_1_102' title="bbox 124 5570 1643 5653">
     <span class='ocr_line' id='line_1_102' title="bbox 124 5570 1643 5653; baseline -0.009 -15"><span class='ocrx_word' id='word_1_823' title='bbox 124 5570 232 5653; x_wconf 72' lang='lat'><strong>(25)</strong></span> <span class='ocrx_word' id='word_1_824' title='bbox 269 5570 778 5653; x_wconf 45' lang='lat' dir='ltr'><strong>’Emopﬁirswr.</strong></span> <span class='ocrx_word' id='word_1_825' title='bbox 801 5570 893 5633; x_wconf 77' lang='lat' dir='ltr'><strong>Sic</strong></span> <span class='ocrx_word' id='word_1_826' title='bbox 910 5570 1130 5653; x_wconf 51' lang='lat' dir='ltr'><strong>_&#39;codex_</strong></span> <span class='ocrx_word' id='word_1_827' title='bbox 1157 5572 1487 5653; x_wconf 57' lang='lat' dir='ltr'><strong>Bodleianus</strong></span> <span class='ocrx_word' id='word_1_828' title='bbox 1498 5584 1513 5633; x_wconf 92' lang='lat'><strong>;</strong></span> <span class='ocrx_word' id='word_1_829' title='bbox 1535 5570 1643 5625; x_wconf 75' lang='lat' dir='ltr'><strong>lle-</strong></span> 
     </span>
    </p>
   </div>
   <div class='ocr_carea' id='block_1_103' title="bbox 66 5641 1646 5723">
    <p class='ocr_par' dir='ltr' id='par_1_103' title="bbox 66 5641 1646 5723">
     <span class='ocr_line' id='line_1_103' title="bbox 66 5641 1646 5723; baseline -0.007 -18"><span class='ocrx_word' id='word_1_830' title='bbox 66 5641 193 5721; x_wconf 72' lang='lat' dir='ltr'><strong>gitis.</strong></span> <span class='ocrx_word' id='word_1_831' title='bbox 214 5641 876 5723; x_wconf 55' lang='lat' dir='ltr'><strong>amPﬁaeév._Qu_ouiam</strong></span> <span class='ocrx_word' id='word_1_832' title='bbox 910 5646 1094 5723; x_wconf 79' lang='lat' dir='ltr'><strong>luxata</strong></span> <span class='ocrx_word' id='word_1_833' title='bbox 1119 5645 1233 5723; x_wconf 58' lang='lat' dir='ltr'><strong>lucc</strong></span> <span class='ocrx_word' id='word_1_834' title='bbox 1260 5651 1415 5723; x_wconf 78' lang='lat' dir='ltr'><strong>sunt,</strong></span> <span class='ocrx_word' id='word_1_835' title='bbox 1447 5641 1646 5696; x_wconf 79' lang='lat' dir='ltr'><strong>Ferra-</strong></span> 
     </span>
    </p>
   </div>
   <div class='ocr_carea' id='block_1_104' title="bbox 66 5713 1644 5798">
    <p class='ocr_par' dir='ltr' id='par_1_104' title="bbox 66 5713 1644 5798">
     <span class='ocr_line' id='line_1_104' title="bbox 66 5713 1644 5798; baseline -0.008 -23"><span class='ocrx_word' id='word_1_836' title='bbox 66 5713 216 5779; x_wconf 58' lang='lat' dir='ltr'><strong>iianie</strong></span> <span class='ocrx_word' id='word_1_837' title='bbox 241 5713 1099 5798; x_wconf 59' lang='lat' dir='ltr'><strong>interpretationiPerionianam</strong></span> <span class='ocrx_word' id='word_1_838' title='bbox 1138 5713 1644 5798; x_wconf 38' lang='lat' dir='ltr'><strong>:idjun‘gintus,hqtio</strong></span> 
     </span>
    </p>
   </div>
   <div class='ocr_carea' id='block_1_105' title="bbox 67 5783 1643 5857">
    <p class='ocr_par' dir='ltr' id='par_1_105' title="bbox 67 5783 1643 5857">
     <span class='ocr_line' id='line_1_105' title="bbox 67 5783 1643 5857; baseline -0.006 -12"><span class='ocrx_word' id='word_1_839' title='bbox 67 5807 273 5847; x_wconf 74' lang='lat' dir='ltr'><strong>sensum</strong></span> <span class='ocrx_word' id='word_1_840' title='bbox 340 5783 514 5846; x_wconf 76' lang='lat' dir='ltr'><strong>lector</strong></span> <span class='ocrx_word' id='word_1_841' title='bbox 559 5790 776 5845; x_wconf 80' lang='lat' dir='ltr'><strong>facilius</strong></span> <span class='ocrx_word' id='word_1_842' title='bbox 817 5783 1256 5857; x_wconf 40' lang='lat' dir='ltr'><strong>expisceturft</strong></span> <span class='ocrx_word' id='word_1_843' title='bbox 1288 5783 1643 5857; x_wconf 62' lang='lat' dir='ltr'><strong>Samaritana</strong></span> 
     </span>
    </p>
   </div>
   <div class='ocr_carea' id='block_1_106' title="bbox 68 5851 1646 5930">
    <p class='ocr_par' dir='ltr' id='par_1_106' title="bbox 68 5851 1646 5930">
     <span class='ocr_line' id='line_1_106' title="bbox 68 5851 1646 5930; baseline -0.004 -15"><span class='ocrx_word' id='word_1_844' title='bbox 68 5865 270 5926; x_wconf 78' lang='lat' dir='ltr'><strong>quidem</strong></span> <span class='ocrx_word' id='word_1_845' title='bbox 306 5872 523 5930; x_wconf 79' lang='lat' dir='ltr'><strong>rogata,</strong></span> <span class='ocrx_word' id='word_1_846' title='bbox 562 5870 625 5917; x_wconf 89' lang='lat' dir='ltr'><strong>ut</strong></span> <span class='ocrx_word' id='word_1_847' title='bbox 656 5869 841 5927; x_wconf 81' lang='lat' dir='ltr'><strong>petum</strong></span> <span class='ocrx_word' id='word_1_848' title='bbox 868 5851 1045 5925; x_wconf 81' lang='lat' dir='ltr'><strong>daret,</strong></span> <span class='ocrx_word' id='word_1_849' title='bbox 1070 5851 1504 5912; x_wconf 87' lang='lat' dir='ltr'><strong>dubitatiouibus</strong></span> <span class='ocrx_word' id='word_1_850' title='bbox 1530 5851 1646 5908; x_wconf 88' lang='lat' dir='ltr'><strong>suis</strong></span> 
     </span>
    </p>
   </div>
   <div class='ocr_carea' id='block_1_107' title="bbox 1751 4656 3325 4731">
    <p class='ocr_par' dir='ltr' id='par_1_107' title="bbox 1751 4656 3325 4731">
     <span class='ocr_line' id='line_1_107' title="bbox 1751 4656 3325 4731; baseline -0.01 -7"><span class='ocrx_word' id='word_1_851' title='bbox 1751 4669 1964 4724; x_wconf 88' lang='lat' dir='ltr'><strong>fuisset.</strong></span> <span class='ocrx_word' id='word_1_852' title='bbox 2000 4665 2270 4721; x_wconf 71' lang='lat' dir='ltr'><strong>«Interim</strong></span> <span class='ocrx_word' id='word_1_853' title='bbox 2304 4684 2323 4718; x_wconf 70' lang='grc' dir='ltr'><strong>ι</strong></span> <span class='ocrx_word' id='word_1_854' title='bbox 2361 4664 2615 4721; x_wconf 88' lang='lat' dir='ltr'><strong>dicebant</strong></span> <span class='ocrx_word' id='word_1_855' title='bbox 2638 4656 2688 4718; x_wconf 79' lang='lat' dir='ltr'><strong>ei</strong></span> <span class='ocrx_word' id='word_1_856' title='bbox 2737 4680 2757 4725; x_wconf 69' lang='grc' dir='ltr'><strong>ι</strong></span> <span class='ocrx_word' id='word_1_857' title='bbox 2806 4658 3094 4731; x_wconf 77' lang='lat' dir='ltr'><strong>discipuli:</strong></span> <span class='ocrx_word' id='word_1_858' title='bbox 3130 4656 3325 4717; x_wconf 82' lang='lat' dir='ltr'><strong>Rahbi,</strong></span> 
     </span>
    </p>
   </div>
   <div class='ocr_carea' id='block_1_108' title="bbox 1750 4748 3328 4827">
    <p class='ocr_par' dir='ltr' id='par_1_108' title="bbox 1750 4748 3328 4827">
     <span class='ocr_line' id='line_1_108' title="bbox 1750 4748 3328 4827; baseline -0.011 -10"><span class='ocrx_word' id='word_1_859' title='bbox 1750 4759 2032 4817; x_wconf 65' lang='lat' dir='ltr'><strong>comede.»</strong></span> <span class='ocrx_word' id='word_1_860' title='bbox 2056 4758 2292 4813; x_wconf 87' lang='lat' dir='ltr'><strong>Proinde</strong></span> <span class='ocrx_word' id='word_1_861' title='bbox 2330 4769 2524 4827; x_wconf 83' lang='lat' dir='ltr'><strong>rogare</strong></span> <span class='ocrx_word' id='word_1_862' title='bbox 2553 4764 2613 4811; x_wconf 91' lang='lat' dir='ltr'><strong>ut</strong></span> <span class='ocrx_word' id='word_1_863' title='bbox 2647 4754 2918 4817; x_wconf 87' lang='lat' dir='ltr'><strong>comedat,</strong></span> <span class='ocrx_word' id='word_1_864' title='bbox 2942 4760 2997 4807; x_wconf 89' lang='lat' dir='ltr'><strong>et</strong></span> <span class='ocrx_word' id='word_1_865' title='bbox 3017 4748 3328 4819; x_wconf 82' lang='lat' dir='ltr'><strong>supplicare</strong></span> 
     </span>
    </p>
   </div>
   <div class='ocr_carea' id='block_1_109' title="bbox 1750 4843 3325 4921">
    <p class='ocr_par' dir='ltr' id='par_1_109' title="bbox 1750 4843 3325 4921">
     <span class='ocr_line' id='line_1_109' title="bbox 1750 4843 3325 4921; baseline -0.009 -17"><span class='ocrx_word' id='word_1_866' title='bbox 1750 4866 1898 4919; x_wconf 89' lang='lat' dir='ltr'><strong>cum,</strong></span> <span class='ocrx_word' id='word_1_867' title='bbox 1933 4859 1988 4907; x_wconf 91' lang='lat' dir='ltr'><strong>et</strong></span> <span class='ocrx_word' id='word_1_868' title='bbox 2018 4849 2251 4921; x_wconf 90' lang='lat' dir='ltr'><strong>precari,</strong></span> <span class='ocrx_word' id='word_1_869' title='bbox 2286 4847 2538 4903; x_wconf 87' lang='lat' dir='ltr'><strong>fortassis</strong></span> <span class='ocrx_word' id='word_1_870' title='bbox 2568 4846 2774 4915; x_wconf 90' lang='lat' dir='ltr'><strong>aliquid</strong></span> <span class='ocrx_word' id='word_1_871' title='bbox 2809 4843 2982 4899; x_wconf 87' lang='lat' dir='ltr'><strong>innuit</strong></span> <span class='ocrx_word' id='word_1_872' title='bbox 3012 4850 3138 4894; x_wconf 82' lang='lat' dir='ltr'><strong>ante</strong></span> <span class='ocrx_word' id='word_1_873' title='bbox 3189 4852 3325 4906; x_wconf 85' lang='lat' dir='ltr'><strong>sup-</strong></span> 
     </span>
    </p>
   </div>
   <div class='ocr_carea' id='block_1_110' title="bbox 1750 4928 3326 5014">
    <p class='ocr_par' dir='ltr' id='par_1_110' title="bbox 1750 4928 3326 5014">
     <span class='ocr_line' id='line_1_110' title="bbox 1750 4928 3326 5014; baseline -0.013 -15"><span class='ocrx_word' id='word_1_874' title='bbox 1750 4943 2135 5014; x_wconf 91' lang='lat' dir='ltr'><strong>plicationem,</strong></span> <span class='ocrx_word' id='word_1_875' title='bbox 2176 4948 2341 5012; x_wconf 86' lang='lat' dir='ltr'><strong>atque</strong></span> <span class='ocrx_word' id='word_1_876' title='bbox 2370 4940 2533 4995; x_wconf 90' lang='lat' dir='ltr'><strong>etiam</strong></span> <span class='ocrx_word' id='word_1_877' title='bbox 2572 4936 2843 4992; x_wconf 89' lang='lat' dir='ltr'><strong>interdum</strong></span> <span class='ocrx_word' id='word_1_878' title='bbox 2882 4941 3004 5002; x_wconf 87' lang='lat' dir='ltr'><strong>post</strong></span> <span class='ocrx_word' id='word_1_879' title='bbox 3044 4928 3326 4998; x_wconf 76' lang='lat' dir='ltr'><strong>supplica-</strong></span> 
     </span>
    </p>
   </div>
   <div class='ocr_carea' id='block_1_111' title="bbox 1754 5019 3328 5096">
    <p class='ocr_par' dir='ltr' id='par_1_111' title="bbox 1754 5019 3328 5096">
     <span class='ocr_line' id='line_1_111' title="bbox 1754 5019 3328 5096; baseline -0.008 -10"><span class='ocrx_word' id='word_1_880' title='bbox 1754 5034 1978 5088; x_wconf 90' lang='lat' dir='ltr'><strong>tionem.</strong></span> <span class='ocrx_word' id='word_1_881' title='bbox 2023 5031 2156 5087; x_wconf 86' lang='lat' dir='ltr'><strong>Vide</strong></span> <span class='ocrx_word' id='word_1_882' title='bbox 2185 5046 2337 5096; x_wconf 88' lang='lat' dir='ltr'><strong>vero,</strong></span> <span class='ocrx_word' id='word_1_883' title='bbox 2377 5045 2445 5085; x_wconf 91' lang='lat' dir='ltr'><strong>ne</strong></span> <span class='ocrx_word' id='word_1_884' title='bbox 2474 5028 2616 5086; x_wconf 88' lang='lat' dir='ltr'><strong>forte</strong></span> <span class='ocrx_word' id='word_1_885' title='bbox 2641 5034 2930 5081; x_wconf 85' lang='lat' dir='ltr'><strong>vereantur</strong></span> <span class='ocrx_word' id='word_1_886' title='bbox 2956 5019 3229 5091; x_wconf 87' lang='lat' dir='ltr'><strong>discipuli,</strong></span> <span class='ocrx_word' id='word_1_887' title='bbox 3259 5037 3328 5075; x_wconf 87' lang='lat' dir='ltr'><strong>ne</strong></span> 
     </span>
    </p>
   </div>
   <div class='ocr_carea' id='block_1_112' title="bbox 1756 5112 3327 5194">
    <p class='ocr_par' dir='ltr' id='par_1_112' title="bbox 1756 5112 3327 5194">
     <span class='ocr_line' id='line_1_112' title="bbox 1756 5112 3327 5194; baseline -0.007 -13"><span class='ocrx_word' id='word_1_888' title='bbox 1756 5123 1952 5181; x_wconf 89' lang='lat' dir='ltr'><strong>Sermo</strong></span> <span class='ocrx_word' id='word_1_889' title='bbox 1988 5124 2082 5180; x_wconf 89' lang='lat' dir='ltr'><strong>Dei</strong></span> <span class='ocrx_word' id='word_1_890' title='bbox 2110 5124 2279 5180; x_wconf 82' lang='lat' dir='ltr'><strong>Filius</strong></span> <span class='ocrx_word' id='word_1_891' title='bbox 2302 5121 2540 5194; x_wconf 87' lang='lat' dir='ltr'><strong>propriis</strong></span> <span class='ocrx_word' id='word_1_892' title='bbox 2566 5119 2728 5175; x_wconf 90' lang='lat' dir='ltr'><strong>alitus</strong></span> <span class='ocrx_word' id='word_1_893' title='bbox 2753 5117 2826 5173; x_wconf 91' lang='lat' dir='ltr'><strong>sit</strong></span> <span class='ocrx_word' id='word_1_894' title='bbox 2863 5116 2947 5171; x_wconf 81' lang='lat' dir='ltr'><strong>vel</strong></span> <span class='ocrx_word' id='word_1_895' title='bbox 2995 5112 3327 5170; x_wconf 80' lang='lat' dir='ltr'><strong>fortiﬁcatus</strong></span> 
     </span>
    </p>
   </div>
   <div class='ocr_carea' id='block_1_113' title="bbox 1070 5269 2873 5337">
    <p class='ocr_par' dir='ltr' id='par_1_113' title="bbox 1070 5269 2873 5337">
     <span class='ocr_line' id='line_1_113' title="bbox 1070 5269 2873 5337; baseline -0.006 -1"><span class='ocrx_word' id='word_1_896' title='bbox 1070 5282 1092 5315; x_wconf 79' lang='grc'>⁸</span> <span class='ocrx_word' id='word_1_897' title='bbox 1116 5278 1249 5336; x_wconf 86' lang='lat' dir='ltr'><strong>ibid.</strong></span> <span class='ocrx_word' id='word_1_898' title='bbox 1279 5277 1370 5334; x_wconf 77' lang='lat'><strong>50.</strong></span> <span class='ocrx_word' id='word_1_899' title='bbox 1445 5278 1470 5312; x_wconf 82' lang='grc'>³</span> <span class='ocrx_word' id='word_1_900' title='bbox 1503 5276 1637 5333; x_wconf 85' lang='lat' dir='ltr'><strong>ibid.</strong></span> <span class='ocrx_word' id='word_1_901' title='bbox 1669 5276 1761 5337; x_wconf 73' lang='grc'>40.</span> <span class='ocrx_word' id='word_1_902' title='bbox 1835 5279 1860 5312; x_wconf 76' lang='grc'><strong><em>⁵</em></strong></span> <span class='ocrx_word' id='word_1_903' title='bbox 1890 5280 2023 5337; x_wconf 88' lang='lat' dir='ltr'><strong>ibid.</strong></span> <span class='ocrx_word' id='word_1_904' title='bbox 2056 5280 2148 5335; x_wconf 73' lang='lat'><strong>3|.</strong></span> <span class='ocrx_word' id='word_1_905' title='bbox 2224 5278 2246 5312; x_wconf 84' lang='lat'>&#39;</span> <span class='ocrx_word' id='word_1_906' title='bbox 2278 5276 2409 5333; x_wconf 89' lang='lat' dir='ltr'><strong>ibid.</strong></span> <span class='ocrx_word' id='word_1_907' title='bbox 2440 5276 2497 5331; x_wconf 86' lang='lat'><strong>8.</strong></span> <span class='ocrx_word' id='word_1_908' title='bbox 2572 5272 2751 5330; x_wconf 78' lang='lat' dir='ltr'><strong>‘ibid.</strong></span> <span class='ocrx_word' id='word_1_909' title='bbox 2781 5269 2873 5327; x_wconf 77' lang='lat'><strong>5|.</strong></span> 
     </span>
    </p>
   </div>
   <div class='ocr_carea' id='block_1_114' title="bbox 1741 5421 3323 5503">
    <p class='ocr_par' dir='ltr' id='par_1_114' title="bbox 1741 5421 3323 5503">
     <span class='ocr_line' id='line_1_114' title="bbox 1741 5421 3323 5503; baseline -0.009 -16"><span class='ocrx_word' id='word_1_910' title='bbox 1741 5442 1796 5490; x_wconf 90' lang='lat' dir='ltr'><strong>et</strong></span> <span class='ocrx_word' id='word_1_911' title='bbox 1829 5431 2377 5503; x_wconf 78' lang='lat' dir='ltr'><strong>interrogationibus,</strong></span> <span class='ocrx_word' id='word_1_912' title='bbox 2406 5426 2561 5503; x_wconf 84' lang='lat' dir='ltr'><strong>quasi</strong></span> <span class='ocrx_word' id='word_1_913' title='bbox 2594 5434 2815 5497; x_wconf 90' lang='lat' dir='ltr'><strong>propter</strong></span> <span class='ocrx_word' id='word_1_914' title='bbox 2845 5437 2971 5503; x_wconf 67' lang='lat' dir='ltr'><strong>eum</strong></span> <span class='ocrx_word' id='word_1_915' title='bbox 3019 5421 3110 5491; x_wconf 89' lang='lat' dir='ltr'><strong>qui</strong></span> <span class='ocrx_word' id='word_1_916' title='bbox 3166 5428 3323 5489; x_wconf 82' lang='lat' dir='ltr'><strong>pete-</strong></span> 
     </span>
    </p>
   </div>
   <div class='ocr_carea' id='block_1_115' title="bbox 1740 5494 3317 5574">
    <p class='ocr_par' dir='ltr' id='par_1_115' title="bbox 1740 5494 3317 5574">
     <span class='ocr_line' id='line_1_115' title="bbox 1740 5494 3317 5574; baseline -0.012 -15"><span class='ocrx_word' id='word_1_917' title='bbox 1740 5503 1875 5569; x_wconf 88' lang='lat' dir='ltr'><strong>bat;</strong></span> <span class='ocrx_word' id='word_1_918' title='bbox 1907 5494 2087 5574; x_wconf 61' lang='lat' dir='ltr'><strong>nequ&#39;e</strong></span> <span class='ocrx_word' id='word_1_919' title='bbox 2109 5503 2254 5574; x_wconf 84' lang='lat' dir='ltr'><strong>enim</strong></span> <span class='ocrx_word' id='word_1_920' title='bbox 2278 5499 2403 5555; x_wconf 79' lang='lat' dir='ltr'><strong>Jesu</strong></span> <span class='ocrx_word' id='word_1_921' title='bbox 2425 5494 2560 5552; x_wconf 76' lang='lat' dir='ltr'><strong>dare</strong></span> <span class='ocrx_word' id='word_1_922' title='bbox 2596 5494 2811 5565; x_wconf 88' lang='lat' dir='ltr'><strong>poterat</strong></span> <span class='ocrx_word' id='word_1_923' title='bbox 2835 5494 3059 5562; x_wconf 87' lang='lat' dir='ltr'><strong>dignam</strong></span> <span class='ocrx_word' id='word_1_924' title='bbox 3105 5505 3170 5574; x_wconf 85' lang='lat' dir='ltr'><strong>eo</strong></span> <span class='ocrx_word' id='word_1_925' title='bbox 3216 5504 3317 5559; x_wconf 84' lang='lat' dir='ltr'><strong>p0-</strong></span> 
     </span>
    </p>
   </div>
   <div class='ocr_carea' id='block_1_116' title="bbox 1744 5571 3324 5640">
    <p class='ocr_par' dir='ltr' id='par_1_116' title="bbox 1744 5571 3324 5640">
     <span class='ocr_line' id='line_1_116' title="bbox 1744 5571 3324 5640; baseline -0.007 -15"><span class='ocrx_word' id='word_1_926' title='bbox 1744 5574 1943 5630; x_wconf 87' lang='lat' dir='ltr'><strong>tionem</strong></span> <span class='ocrx_word' id='word_1_927' title='bbox 1966 5592 1980 5640; x_wconf 92' lang='lat'><strong>;</strong></span> <span class='ocrx_word' id='word_1_928' title='bbox 2000 5571 2106 5629; x_wconf 81' lang='lat' dir='ltr'><strong>etsi</strong></span> <span class='ocrx_word' id='word_1_929' title='bbox 2132 5573 2223 5627; x_wconf 87' lang='lat' dir='ltr'><strong>ille</strong></span> <span class='ocrx_word' id='word_1_930' title='bbox 2245 5586 2367 5640; x_wconf 84' lang='lat' dir='ltr'><strong>cum</strong></span> <span class='ocrx_word' id='word_1_931' title='bbox 2398 5584 2462 5623; x_wconf 92' lang='lat' dir='ltr'><strong>ea</strong></span> <span class='ocrx_word' id='word_1_932' title='bbox 2488 5583 2611 5638; x_wconf 69' lang='lat' dir='ltr'><strong>qua:</strong></span> <span class='ocrx_word' id='word_1_933' title='bbox 2636 5576 2919 5636; x_wconf 84' lang='lat' dir='ltr'><strong>rogaretur</strong></span> <span class='ocrx_word' id='word_1_934' title='bbox 2940 5571 3188 5632; x_wconf 88' lang='lat' dir='ltr'><strong>cuperet,</strong></span> <span class='ocrx_word' id='word_1_935' title='bbox 3224 5575 3324 5614; x_wconf 89' lang='lat' dir='ltr'><strong>vo-</strong></span> 
     </span>
    </p>
   </div>
   <div class='ocr_carea' id='block_1_117' title="bbox 1741 5639 2566 5699">
    <p class='ocr_par' dir='ltr' id='par_1_117' title="bbox 1741 5639 2566 5699">
     <span class='ocr_line' id='line_1_117' title="bbox 1741 5639 2566 5699; baseline -0.007 -2"><span class='ocrx_word' id='word_1_936' title='bbox 1741 5642 1885 5699; x_wconf 81' lang='lat' dir='ltr'><strong>lebat</strong></span> <span class='ocrx_word' id='word_1_937' title='bbox 1911 5644 2055 5699; x_wconf 77' lang='lat' dir='ltr'><strong>illam</strong></span> <span class='ocrx_word' id='word_1_938' title='bbox 2089 5643 2244 5697; x_wconf 90' lang='lat' dir='ltr'><strong>bouis</strong></span> <span class='ocrx_word' id='word_1_939' title='bbox 2270 5639 2505 5693; x_wconf 80' lang='lat' dir='ltr'><strong>allicere.</strong></span> <span class='ocrx_word' id='word_1_940' title='bbox 2547 5657 2566 5691; x_wconf 75' lang='grc' dir='ltr'><strong>ι</strong></span> 
     </span>
    </p>
   </div>
   <div class='ocr_carea' id='block_1_118' title="bbox 1812 5698 3320 5784">
    <p class='ocr_par' dir='ltr' id='par_1_118' title="bbox 1812 5698 3320 5784">
     <span class='ocr_line' id='line_1_118' title="bbox 1812 5698 3320 5784; baseline -0.009 -17"><span class='ocrx_word' id='word_1_941' title='bbox 1812 5714 1927 5784; x_wconf 70' lang='lat'><strong>(26)</strong></span> <span class='ocrx_word' id='word_1_942' title='bbox 1958 5698 2548 5784; x_wconf 53' lang='lat' dir='ltr'><strong>&quot;Erzioopvdnaelo-nq.</strong></span> <span class='ocrx_word' id='word_1_943' title='bbox 2601 5707 2679 5784; x_wconf 74' lang='lat' dir='ltr'><strong>ita</strong></span> <span class='ocrx_word' id='word_1_944' title='bbox 2709 5706 2901 5784; x_wconf 66' lang='lat' dir='ltr'><strong>codex</strong></span> <span class='ocrx_word' id='word_1_945' title='bbox 2959 5698 3320 5766; x_wconf 82' lang='lat' dir='ltr'><strong>Bodleianus;</strong></span> 
     </span>
    </p>
   </div>
   <div class='ocr_carea' id='block_1_119' title="bbox 1742 5776 2846 5855">
    <p class='ocr_par' dir='ltr' id='par_1_119' title="bbox 1742 5776 2846 5855">
     <span class='ocr_line' id='line_1_119' title="bbox 1742 5776 2846 5855; baseline -0.005 -16"><span class='ocrx_word' id='word_1_946' title='bbox 1742 5776 1947 5855; x_wconf 77' lang='lat' dir='ltr'><strong>Regius</strong></span> <span class='ocrx_word' id='word_1_947' title='bbox 1978 5794 2036 5842; x_wconf 89' lang='lat' dir='ltr'><strong>et</strong></span> <span class='ocrx_word' id='word_1_948' title='bbox 2064 5776 2418 5847; x_wconf 73' lang='lat' dir='ltr'><strong>Barberinus,</strong></span> <span class='ocrx_word' id='word_1_949' title='bbox 2450 5776 2846 5852; x_wconf 76' lang='grc' dir='ltr'>ἐπιτριϐείσης.</span> 
     </span>
    </p>
   </div>
  </div>
