3806 6528
480 384 587 440 1.55
1515 425 1519 432 ι
1961 378 2282 436 CRlGENlS
2467 365 2480 372 “
3617 373 3699 428 trs

487 500 648 562 cibis,
681 506 735 553 et
763 498 885 553 ideo
932 504 1093 553 orent
1139 511 1261 552 eum
1286 496 1570 552 comedere
1604 495 1856 550 inventos
1884 494 2054 548 cilms.

2167 531 2180 542 .
2204 529 2219 544 .
2239 528 2252 542 .
2275 526 2290 542 .
2318 527 2331 542 .
2377 488 2409 559 ἢ
2443 486 2951 558 ίσχυροποιούμενος
2991 483 3235 556 τροφαῖς,
3279 481 3543 546 ἐρωτῶσιν
3568 484 3699 538 αὐτὸν

485 589 585 643 His
614 590 758 644 enim
798 603 918 657 quae
947 588 1232 643 inveniunt
1272 587 1556 657 discipuli,
1592 602 1807 658 semper
1853 587 2062 640 nutrire

489 679 662 747 Λόγον
703 679 908 744 volunt,
938 688 998 735 ut
1031 677 1377 740 fortiﬁcatus,
1419 688 1474 733 et
1509 677 1738 744 validus,
1791 686 1846 731 et
1878 690 2062 731 corro-

491 769 736 835 boratus,
763 772 968 828 diutius
1000 773 1242 827 assideat
1268 773 1443 841 ipsum
1473 772 1870 836 nutrientibus;
1901 770 2063 824 vicis-

479 861 593 915 .sim
619 863 868 918 nutriens
893 872 1229 934 apponentes
1257 864 1332 918 illi
1368 864 1542 919 cibos.
1566 863 1716 917 Hanc
1745 864 1817 918 ob
1838 876 2060 917 causam

486 952 640 1022 jubet
663 963 809 1008 stare
840 955 907 1008 ad
933 955 1156 1021 ostium,
1191 966 1247 1010 et
1275 957 1517 1026 pulsare,
1548 964 1606 1007 ut
1629 954 1676 1008 si
1715 955 1834 1023 quis
1861 953 2058 1007 ostium

459 1034 788 1112 “aperuerit,
827 1046 1170 1116 ingrediatur
1198 1047 1264 1101 ad
1296 1062 1442 1111 eum,
1473 1057 1527 1101 et
1555 1054 1740 1101 cmnet
1789 1060 1910 1100 cum
1946 1044 2060 1104 illo,

489 1143 550 1187 ut
578 1144 763 1200 postea
791 1135 1110 1190 convivator
1132 1135 1304 1205 possit
1326 1136 1568 1190 vicissim
1600 1135 1848 1190 convivio
1883 1134 2062 1203 excipi

491 1241 522 1280 a
552 1225 710 1296 Λόγῳ
740 1227 830 1296 qui
858 1226 998 1296 apud
1027 1225 1175 1280 illum
1205 1227 1503 1280 cmuaverit
1525 1227 1567 1280 ⁷.

557 1487 644 1543 52.
674 1486 818 1542 Sane
848 1487 1152 1543 Heracleon
1171 1487 1348 1557 inquit
1368 1485 1662 1556 discipulos
1685 1486 1919 1542 voluisse
1939 1500 2060 1540 cum

484 1577 611 1634 Jesu
640 1579 1045 1634 communicare
1074 1593 1192 1647 qua:
1235 1581 1528 1644 emissent,
1563 1587 1725 1648 atque
1755 1593 1783 1631 a
1814 1577 2060 1632 Samaria

2162 579 2586 649 ,εὑρισκομένους
2626 577 2868 631 έδεσθαι·
2904 572 2985 639 οἷς
3017 576 3126 645 γὰρ
3159 575 3498 645 εὑρίσκουσιν
3535 576 3579 626 oi
3621 593 3700 644 μα-

2163 672 2323 743 θηταὶ
2351 671 2439 724 ἀεὶ
2465 670 2686 742 τρέφειν
2732 669 2824 722 τὸν
2850 668 3022 737 Λόγον
3054 667 3353 738 βούλονται,
3385 666 3474 720 ἵνα
3522 667 3701 737 ἰσχυρο-

2164 762 2504 833 ποιούμενος,
2556 762 2650 816 καὶ
2678 759 3018 830 τονούμενος,
3055 759 3149 812 καὶ⁴
3189 757 3578 829 δυναμούμενος
3603 760 3700 810 ἐπι-

2161 855 2345 907 πλεῖον
2374 852 2688 926 παραμείνῃ
2738 857 2851 917 τοῖς
2879 854 3042 908 αὑτὸν
3069 854 3380 925 τρέφουσιν,
3409 852 3702 921 ἀντιτρέφων
3774 915 3775 928 χ

2160 946 2287 1008 τοὺς
2335 943 2735 1016 παρατιθέντας
2783 944 2933 1014 αὑτῷ
2985 944 3054 997 τὰ
3113 943 3395 1015 βρώματα.
3455 943 3548 996 Διά
3575 941 3703 994 τοῦτο

2163 1034 2450 1106 έστηκέναι
2482 1036 2645 1104 φησιν
2673 1035 2764 1088 ἐπὶ
2793 1036 2893 1108 τὴν
2918 1035 3106 1104 θύραν,
3144 1036 3236 1088 καὶ
3266 1035 3504 1106 κρούειν,
3529 1036 3606 1098 ἵν’,
3632 1037 3703 1088 ἐὰν

2163 1145 2244 1190 τις
2275 1126 2460 1200 ἀνοίξῃ
2488 1126 2589 1197 τὴν
2639 1126 2828 1199 θύραν,
2860 1127 3078 1199 εἰσέλθῃ
3123 1127 3259 1198 πρὸς
3292 1127 3474 1189 αὐτὸν,
3507 1127 3593 1180 καὶ
3622 1127 3703 1179 δει-

2162 1215 2342 1288 πνήσῃ
2369 1215 2487 1284 μετ’
2518 1215 2747 1278 ἐκείνου,
2781 1215 2922 1269 ῶστε
2957 1215 3179 1286 ὕστερον
3201 1216 3495 1286 δυνηθέντα
3514 1217 3596 1269 τὸν
3619 1216 3703 1269 δει-

2163 1307 2442 1377 πνήσαντα
2472 1307 2938 1379 ἀντιδειπνηθῆναι
2969 1310 3077 1362 ἀπὸ
3107 1310 3202 1363 τοῦ
3230 1309 3605 1380 δειπνήσαντος
3623 1309 3702 1362 Λό-
3774 1329 3775 1332 η

2162 1415 2260 1466 γου
2295 1397 2446 1470 παρά
2478 1396 2556 1468 τῷ
2585 1398 2872 1471 ἀνθρώπῳ.

2231 1489 2321 1544 52.
2363 1489 2420 1543 '0
2448 1490 2505 1542 δὲ
2544 1489 2854 1561 ’Πρακλέων
2881 1492 3064 1562 φησὶν,
3107 1492 3189 1544 ὅτι
3223 1490 3508 1544 ἐϐούλοντο
3543 1506 3703 1543 κοινω-
3774 1533 3775 1552 1

2161 1583 2273 1633 νεῖν
2323 1579 2472 1651 αὐτῷ
2515 1579 2574 1646 ἐξ
2624 1574 2699 1634 ὧν
2747 1581 3114 1652 ἀγοράσαντες
3164 1582 3272 1635 ἀπὸ
3299 1582 3403 1652 τῆς
3432 1581 3706 1651 Σαμαρείας

487 1673 813 1727 attulissent.
844 1670 1000 1742 [(27)
1030 1672 1154 1726 Haec
1198 1681 1379 1725 autem
1415 1680 1825 1737 commemorat,
1861 1679 1920 1725 ut
1962 1671 2054 1725 ali-

2165 1673 2570 1742 κεκομίκεισαν.
2630 1673 2767 1728 Τάδε
2810 1675 2975 1745 φησὶν
3017 1675 3103 1727 ἵνα
3134 1675 3254 1728 τινὰ
3391 1715 3405 1728 .
3429 1714 3442 1728 .
3479 1677 3530 1728 αἱ
3580 1674 3706 1727 πέντε
3745 1688 3749 1692 ·

487 1778 710 1831 qua.....
743 1764 982 1830 quinque
1006 1761 1165 1817 fatua:
1182 1763 1536 1833 virgines.....
1561 1779 1591 1817 a
1620 1763 1831 1833 Sponso
1852 1763 1895 1814 ⁸.
1925 1762 2054 1828 Quo-

2166 1765 2345 1835 μωραὶ
2371 1764 2631 1837 παρθένοι
2663 1803 2677 1817 .
2703 1803 2718 1817 .
2743 1803 2755 1816 .
2778 1801 2792 1816 .
2812 1802 2828 1818 .
2865 1765 2972 1819 ἀπὺ
2996 1765 3089 1819 τοῦ
3128 1767 3407 1837 Νυμφίου.
3449 1767 3568 1828 Πῶς
3585 1765 3634 1819 δέ
3656 1761 3709 1818 οἷ-

492 1853 652 1906 modo
686 1863 865 1905 autem
903 1853 1259 1908 arbitror.....
1291 1855 1478 1908 eadem
1513 1855 1831 1909 babere.....
1867 1853 2054 1922 quibus

2168 1873 2448 1926 μαι
2483 1855 2682 1909 ἀαὺτά
2706 1856 2850 1926 ἐχειν
3073 1857 3284 1926 έγονται
3316 1896 3479 1912 .....
3508 1853 3710 1920 αἷςάπο-

487 1945 724 2000 occlusis
752 1944 914 1998 fatuis
945 1943 1270 2014 virginibus,
1300 1959 1480 2016 Operae
1501 1945 1733 2016 pretium
1762 1954 1846 2000 est
1868 1945 2059 2002 videre

485 2052 549 2090 ea
567 2053 686 2107 qua:
703 2036 1086 2106 discipulorum
1111 2037 1515 2092 accusationem
1534 2036 1831 2102 continent,
1865 2037 2054 2092 eodem

491 2129 653 2183 modo
687 2144 793 2198 quo
817 2129 977 2184 fatuae
1005 2130 1242 2199 virgines
1269 2130 1678 2184 dormientium.
1726 2129 1840 2186 Hoc
1871 2141 2056 2186 autem

487 2223 733 2278 eamdem
759 2225 1027 2277 rationem
1054 2223 1252 2278 habeat
1282 2223 1418 2278 lucis
1440 2224 1508 2278 ad
1536 2224 1736 2289 cibum,
1767 2237 1928 2292 quam
1959 2238 2060 2292 po-

490 2322 579 2366 tus
620 2315 684 2367 ad
717 2314 895 2368 cibum
929 2313 1203 2368 babet.....
1238 2328 1518 2378 accusare,
1554 2315 2060 2384 reprehendereque

490 2403 1018 2470 interpretationem.
1064 2404 1382 2473 Quanquam
1440 2421 1536 2474 pro
1591 2403 1732 2458 virili
1789 2411 1944 2473 parte
2005 2402 2056 2456 id

487 2493 634 2563 quod
670 2494 746 2546 ait
773 2493 990 2562 planqu
1020 2495 1198 2548 facere
1228 2494 1440 2558 debttit,
1476 2504 1530 2548 et
1559 2493 1806 2564 pluribus
1839 2493 2056 2557 docere,

488 2587 816 2640 conﬁrmans
852 2587 1355 2656 interpretationem
1386 2601 1560 2640 suam.
1587 2582 1604 2656 ]

557 2676 646 2731 55.
694 2697 712 2728 ι
744 2677 814 2731 At
843 2677 956 2747 ipse
993 2679 1132 2734 dixit
1159 2679 1240 2735 eis
1270 2692 1285 2732 :
1317 2680 1429 2747 Ego
1463 2678 1640 2732 cibum
1674 2676 1850 2732 habeo
1899 2675 2060 2749 243

484 2768 804 2834 comedere,
853 2784 1011 2838 quem
1077 2784 1173 2825 vos
1231 2770 1450 2825 nescitis
1491 2769 1537 2825 '.
1583 2774 1602 2822 ι
1658 2768 1714 2824 ld
1762 2770 1905 2840 quod
1956 2769 2060 2823 sibi

484 2857 703 2924 sullieil,
740 2875 846 2914 non
905 2871 1026 2931 eget
1076 2862 1239 2928 cibo;
1291 2861 1519 2932 proinde
1561 2859 1707 2932 quod
1749 2862 1872 2916 cibo
1913 2870 2059 2932 eget,

485 2965 592 3004 non
626 2952 728 3005 sibi
763 2951 984 3007 subicit.
1012 2951 1150 3007 llinc
1195 2955 1538 3022 perspicuum
1565 2962 1647 3008 est
1681 2953 2058 3009 comedentcm

485 3044 790 3108 comedere,
820 3059 924 3096 non
955 3044 1079 3112 quia
1108 3061 1211 3098 non
1247 3055 1442 3115 egeat;
1501 3046 1593 3101 sed
1645 3045 1770 3115 quia
1825 3054 1981 3115 egeat
2007 3053 2063 3098 et

485 3134 640 3187 valde
670 3144 847 3204 egeat.
878 3133 943 3187 Et
973 3150 1201 3205 carpora
1244 3137 1480 3204 quidem,
1514 3137 1641 3205 quia
1673 3146 1867 3190 natura
1899 3133 2062 3190 ﬂuxi-

2165 1948 2464 2012 κλιθείσαις
2491 1951 2699 2020 μωραῖς
2729 1948 3040 2019 παρθένοις,
3071 1948 3217 2014 ἀξιον
3248 1949 3377 2003 ίδεῖν
3412 1948 3711 2020 κατηγορίαν

2165 2039 2486 2110 περιέχοντα
2533 2039 2643 2092 τῶν
2691 2039 2947 2110 μαθητῶν
2998 2042 3111 2104 τοῖς
3159 2042 3344 2104 αὐτοῖς
3388 2040 3711 2109 κοιμωμένων
3774 2105 3775 2114 γ

2163 2135 2281 2195 ταῖς
2318 2135 2528 2205 μωραῖς
2578 2131 2894 2202 παρθένοις·
2951 2133 3064 2187 ἔστι
3097 2134 3155 2186 δέ
3195 2134 3289 2188 καὶ
3321 2135 3455 2188 αὐτὸ
3497 2135 3711 2203 ἀνόμοιον
3774 2151 3775 2158 ‘

2164 2222 2256 2274 τοῦ
2289 2222 2465 2292 φωτὸς
2497 2222 2634 2293 πρὸς
2663 2220 2888 2293 τροφὴν,
2917 2222 3011 2276 καὶ
3037 2221 3133 2275 τοῦ
3158 2222 3322 2276 ποτοῦ
3346 2223 3486 2294 πρὸς
3513 2223 3578 2275 τά
3609 2223 3713 2293 βρώ-

2169 2325 2316 2382 ματα
2346 2351 2359 2365 .
2384 2350 2398 2364 .
2421 2351 2436 2365 .
2459 2348 2474 2364 .
2495 2351 2509 2365 .
2543 2328 2739 2375 σαντας
2776 2310 3119 2365 αἰτιάσασθαι
3145 2312 3244 2382 τὴν
3272 2312 3520 2383 ἐκδοχὴν,
3545 2312 3711 2382 καίπερ
3774 2363 3775 2372 η

2167 2403 2309 2456 κατά
2335 2421 2385 2456 τι
2417 2403 2712 2474 δυνάμενον
2741 2405 2884 2474 σαφῆ
2919 2405 3138 2475 ποιῆσαι
3156 2404 3248 2458 τὸν
3276 2403 3437 2472 λόγον
3462 2405 3620 2475 ἐχρῆν
3638 2408 3712 2455 αό-

2165 2494 2256 2550 τὸν
2300 2495 2389 2548 διά
2417 2495 2676 2549 πλειόνων
2721 2496 3220 2568 παραμυθήσασθαι
3266 2495 3714 2560 κατασκευάζοντα
3774 2529 3775 2538 η

2167 2587 2266 2658 τὴν
2298 2587 2436 2641 ἰδίαν
2468 2587 2716 2660 ἐκδοχὴν.

2236 2679 2428 2735 35.!'0
2462 2680 2518 2734 δέ
2548 2676 2696 2734 εἶπεν
2721 2682 2904 2746 αὐτοῖς
2926 2697 2940 2712 ο
2988 2680 3129 2750 Ἐγὼ
3156 2679 3360 2752 βρῶσιν
3391 2680 3504 2752 έχω
3531 2683 3713 2749 φαγεῖν,

2166 2768 2234 2840 ἢν
2277 2768 2434 2839 ὑμεῖς
2489 2770 2589 2822 οὐκ
2623 2769 2818 2823 οἴδατε.
2847 2789 2865 2822 ι
2903 2769 2977 2822 Τὸ
3010 2769 3108 2841 μὲν
3136 2768 3382 2832 ἀνενδεές
3429 2769 3493 2821 ού
3553 2766 3716 2839 χρῄζει

2170 2859 2444 2932 βρώσεως,
2471 2860 2533 2913 τὸ
2563 2860 2620 2913 δὲ
2647 2860 2844 2932 χρῇζον
2875 2859 3133 2932 βρώσεως
3157 2861 3255 2914 οὐκ
3295 2860 3446 2914 ἐστιν
3479 2859 3713 2920 ἁνενδεές.

2169 2952 2276 3004 Καὶ
2304 2952 2482 3023 δῆλον,
2522 2951 2605 3003 ὅτι
2637 2953 2664 3004 ὀ
2697 2951 2892 3003 ἐσθίων
2921 2951 3042 3020 ούχὶ
3094 2952 3167 3022 μὴ
3215 2951 3437 3022 χρῄζων
3493 2949 3718 3022 βρώσεως

2168 3043 2357 3106 ἐσθίει,
2385 3041 2521 3097 ἀλλά
2549 3042 2762 3114 χρῄζων
2795 3045 2889 3096 καὶ
2912 3044 3163 3116 δεόμενος
3189 3044 3380 3113 αὐτῆς.
3413 3045 3527 3098 Καὶ
3553 3044 3614 3096 τά
3641 3044 3718 3112 μὲν

2171 3133 2423 3204 σώματα,
2470 3135 2564 3188 ἀτε
2603 3137 2668 3206 τῇ
2711 3135 2870 3204 φύσει
2912 3137 3037 3189 ὄντα
3077 3137 3309 3207 ῥευστὰ,
3353 3139 3610 3207 τρέφεται
3640 3135 3719 3204 τῆς

487 3222 619 3277 bilia
653 3232 802 3290 sunt,
839 3225 1152 3278 nutriuntur
1187 3224 1309 3279 cibo
1355 3225 1596 3296 replente
1644 3225 1818 3280 locum
1869 3240 2054 3280 eorum

2165 3202 2368 3300 τροφῆς
2399 3202 2816 3299 ἀναπληρούσης
2853 3228 2944 3281 τὸν
2984 3202 3145 3282 τόπον
3179 3229 3284 3284 τῶν
3329 3202 3718 3301 ἀπορρεόντων’

485 3329 607 3383 ιιιιω
651 3314 935 3381 deﬂuunt;
979 3318 1071 3370 sed
1099 3331 1218 3386 quae
1253 3319 1370 3386 ipso
1414 3333 1641 3386 corpore
1676 3319 2054 3387 praestantiora

485 3414 640 3466 sunt,
665 3408 979 3460 nutriuntur
1005 3407 1376 3477 iutelligentiis
1401 3409 1759 3478 incorporeis,
1782 3417 2057 3464 etsertno-

379 3543 381 3545 .
488 3497 646 3551 nibus
679 3498 1096 3569 actionibusque
1132 3501 1280 3554 sanis
1310 3517 1322 3552 :
1367 3515 1470 3553 non
1508 3501 1651 3569 quod
1701 3500 1768 3554 ad
1801 3515 1905 3553 non
1936 3514 2057 3554 esse

487 3589 939 3658 dissolverentur,
979 3592 1081 3647 nisi
1135 3592 1474 3646 nutrirentur
1509 3609 1522 3645 :
1554 3607 1726 3661 neque
1763 3591 1907 3647 enim
1943 3607 2058 3646 cor-

487 3697 616 3748 pora
649 3685 766 3739 haec
798 3699 918 3755 quae
945 3699 1048 3740 non
1082 3686 1414 3751 nutriuntur,
1461 3685 1526 3738 ad
1563 3699 1667 3739 non
1707 3699 1828 3739 esse
1864 3685 2057 3739 dissol-

483 3782 719 3841 vuntur;
745 3775 838 3830 sed
865 3777 1006 3844 quod
1026 3777 1254 3843 perdant
1273 3791 1394 3830 esse
1424 3777 1567 3843 talia,
1593 3777 1636 3832 si
1665 3792 1769 3832 non
1802 3777 2056 3832 nutrian-

485 3874 576 3920 tur
606 3867 799 3922 talibus
842 3882 962 3936 qua:
994 3869 1103 3922 sint
1161 3869 1554 3937 prtestantioris
1609 3884 1772 3938 quam
1826 3883 2053 3939 corpora

483 3967 711 4014 naturae.
765 3958 833 4014 Ut
861 3969 1036 4014 autem
1072 3973 1299 4029 corpora
1335 3974 1456 4028 quae
1482 3960 1607 4014 cibo
1635 3968 1814 4028 egent,
1838 3976 1944 4014 non
1970 3961 2055 4015 bis

482 4049 701 4102 aluntur
730 4048 864 4102 cibis
894 4050 1045 4116 quia
1086 4050 1437 4118 qualitatibus
1484 4051 1824 4119 procedunt,
1879 4066 2055 4120 neque

482 4142 672 4194 cadem
703 4143 946 4194 ciborum
978 4143 1254 4211 quantitas
1280 4144 1530 4196 omnibus
1547 4142 1762 4207 sullicit,
1786 4143 1865 4198 sic
1888 4144 2050 4198 etiam

485 4232 850 4301 intelligamus
888 4244 1098 4304 oportet
1156 4237 1221 4289 de
1268 4235 1353 4289 bis
1386 4251 1505 4303 qua:
1541 4245 1667 4291 sunt
1697 4237 1941 4302 meliora,
2000 4247 2054 4291 et

485 4326 861 4392 praestantiora
907 4325 1272 4396 corporibus:
1309 4327 1448 4381 inter
1495 4329 1611 4383 lucc
1673 4329 1817 4382 enim
1870 4328 2050 4398 aliqua

484 4417 810 4486 cepiosiore,
839 4417 1018 4487 aliqua
1046 4419 1252 4474 minore
1274 4419 1395 4474 cibo
1422 4430 1602 4490 egent,
1636 4431 1892 4490 tanquam
1933 4438 2053 4492 quae

482 4508 726 4561 eamdem
757 4523 1064 4563 mensuram
1096 4525 1202 4564 non
1232 4513 1448 4582 capiant
1480 4529 1495 4565 :
1524 4513 1619 4567 sed
1668 4526 1842 4580 neque
1872 4513 2050 4582 quali-

485 4605 568 4651 tas
618 4612 932 4654 sermonum
963 4609 1015 4652 et
1044 4611 1396 4670 conceptuum
1447 4603 1500 4656 in
1555 4602 2010 4672 contemplatione
2034 4645 2049 4670 ,

481 4688 572 4756 qui
621 4699 750 4743 sunt
804 4689 1046 4745 actiones
1104 4691 1190 4744 bis
1242 4692 1646 4759 convenientes,
1697 4694 1880 4748 eadem
1922 4708 2053 4747 con-

481 4781 626 4850 gruit
659 4781 912 4835 omnibus
939 4781 1240 4836 animabus.
1275 4781 1413 4848 Quin
1444 4783 1610 4838 etiam
1644 4783 1764 4840 olus
1794 4793 1850 4839 et
1897 4785 2051 4841 cibus

480 4874 685 4928 solidus
721 4889 823 4927 non
861 4874 1319 4945 eodemtempore
1368 4890 1462 4930 eos
1511 4877 1777 4941 nutriunt,
1835 4877 1926 4946 qui
1981 4893 2048 4931 ex

482 4965 615 5034 ipsis
645 4965 878 5019 fructtun
910 4965 1144 5036 aliquem
1177 4967 1484 5036 percepturi
1518 4977 1684 5021 sunt:
1712 4985 1838 5021 nam
1869 4969 2048 5024 infan-

484 5066 564 5108 tes
591 5071 776 5112 recens
805 5059 954 5121 nati,
997 5067 1057 5112 ut
1095 5058 1266 5127 inquit
1304 5057 1494 5113 Petrus
1533 5058 1734 5134 ‘°,-lac
1793 5059 1901 5112 doli
1951 5076 2046 5115 ne-

482 5147 676 5211 scium,
707 5147 867 5215 idque
895 5150 1088 5216 animi,
1119 5163 1220 5203 non
1247 5151 1490 5220 corporis
1513 5150 1824 5204 desiderant
1848 5166 1861 5203 :
1887 5151 2046 5220 idque

481 5236 645 5289 etiam
682 5237 968 5304 desideret,
1017 5241 1061 5296 si
1115 5242 1236 5310 quis
1293 5241 1575 5296 infantiam
1639 5240 2043 5296 Corinthiorum

483 5325 664 5390 habet,
710 5329 776 5380 ad
804 5343 938 5397 quos
970 5331 1142 5399 inquit
1169 5331 1367 5386 Paulus
1402 5332 1444 5363 ¹¹
1475 5345 1490 5386 :
1527 5350 1546 5383 ι
1579 5331 1761 5386 Laetis
1795 5346 1888 5386 vos
1916 5341 2044 5400 potu

480 5416 612 5472 alui.
645 5433 750 5470 non
779 5419 918 5485 cibo;
944 5438 962 5472 ι
988 5421 1234 5476 infirmus
1260 5439 1408 5490 vero,
1437 5438 1501 5480 eo
1524 5423 1664 5493 quod
1698 5437 1802 5477 non
1835 5422 2043 5486 credat,

553 5537 574 5569 ⁷
597 5537 762 5600 Apoc.
794 5551 880 5602 Ill,
901 5539 994 5593 20.
1066 5541 1088 5572 ⁸
1113 5540 1301 5599 Matth.
1329 5558 1458 5598 xxv.
1534 5546 1554 5576 ⁹
1579 5542 1735 5599 Joau.
1763 5558 1835 5610 tv,
1867 5543 1957 5601 52.
2034 5544 2048 5574 ¹

2165 5543 2306 5598 Petr.
2338 5559 2399 5609 ιι,
2429 5542 2483 5596 2.

547 5673 662 5750 (9'1)
689 5673 922 5750 Rerionii
963 5676 1362 5750 interpretatio.

547 5744 661 5820 (ξε)
713 5745 1064 5820 Ἀπόλλυσι.
1092 5744 1182 5806 Sic
1211 5753 1382 5807 codex
1415 5750 1771 5818 Bodleianus;
1819 5748 2044 5820 Regius,

479 5817 752 5886 ἀπόλυσιν,
789 5817 944 5873 male.

2162 3328 2229 3382 τά
2255 3328 2537 3399 κρείττονα
2567 3327 2818 3397 σώματος
2841 3328 3100 3400 τρέφεται
3128 3329 3241 3390 τοῖς
3269 3327 3585 3396 ἀσωμάτοις
3615 3321 3718 3389 νοή-

2166 3435 2317 3488 μασι,
2351 3421 2446 3472 καὶ
2481 3420 2680 3489 λόγοις,
2713 3421 2808 3473 καὶ
2838 3419 3099 3491 πράξεσιν
3142 3419 3350 3488 ὑγιέσιν
3372 3458 3387 3481 ,
3429 3416 3552 3485 οὐχ).
3579 3415 3650 3475 εἰς
3674 3411 3722 3462 τὸ

2166 3509 2240 3580 μὴ
2276 3503 2416 3563 εἶναι
2463 3509 2896 3581 διαλυθησόμενοι
2923 3549 2938 3574 ,
2973 3511 3021 3562 εἰ
3071 3508 3144 3581 μὴ
3169 3508 3441 3580 τρέφοιτο⁸
3482 3503 3601 3556 οὐδὲ
3631 3499 3722 3569 γὰρ

2164 3599 2390 3671 σώματα
2424 3602 2498 3672 μὴ
2547 3602 2854 3673 τρεφόμενα
2892 3603 2971 3665 είς
3017 3602 3076 3655 τὸ
3121 3602 3194 3672 μὴ
3247 3595 3386 3652 εἶναι
3433 3597 3718 3651 διαλύεται·

2161 3692 2426 3747 ἀπόλλυσι
2477 3695 2586 3767 (28)
2615 3695 2673 3748 δέ
2714 3695 2774 3748 τὸ
2806 3693 2944 3748 εἶναι
2997 3693 3204 3756 τοιάδε,
3239 3694 3321 3746 ὅτι
3369 3692 3432 3745 ού
3492 3691 3721 3762 τρέφεται

2160 3788 2274 3847 τοῖς
2296 3776 2537 3838 τοιοῖσδέ
2549 3786 2646 3856 τῆς
2675 3785 3036 3858 διαφερούσης
3063 3785 3170 3838 τῶν
3205 3783 3478 3854 σωμάτων
3509 3783 3720 3850 φύσεως.

2164 3875 2375 3946 Ὥσπερ
2398 3876 2457 3929 δὲ
2481 3875 2550 3929 τὰ
2579 3876 2809 3948 δεόμενα
2839 3877 3044 3948 τροφῆς
3076 3874 3303 3945 σώματα
3331 3873 3457 3927 οὔτε
3488 3876 3600 3937 τοῖς
3632 3870 3722 3926 ἀπὸ

2161 3965 2268 4019 τῶν
2298 3966 2598 4036 ποιοτήτων
2644 3966 2934 4039 τρέφεται,
2996 3967 3117 4020 οὐδὲ
3170 3966 3405 4036 ποσότης
3456 3961 3723 4036 τροφῶνή

2161 4056 2299 4127 αὐτὴ
2327 4059 2491 4110 πᾶσιν
2523 4058 2704 4130 ἀρκεῖ,
2735 4059 2876 4114 οὕτω
2915 4058 3133 4130 νοητέον
3168 4057 3260 4112 καὶ
3289 4058 3383 4110 ἐπὶ⁵
3416 4057 3528 4111 τῶν
3558 4070 3720 4126 κρειτ-

2159 4149 2325 4202 τόνων
2383 4151 2531 4224 παρά
2563 4151 2632 4204 τὰ
2685 4151 2933 4222 σώματα.
2990 4153 3100 4204 Καὶ
3141 4151 3250 4221 γὰρ
3299 4148 3481 4202 ταῦτα
3527 4148 3593 4201 τὰ
3639 4146 3721 4216 μὲν

2161 4239 2436 4306 πλείονος,
2484 4242 2552 4296 τά
2604 4242 2660 4295 δέ
2720 4242 3002 4306 ἐλάττονος
3046 4242 3217 4295 δεῖται
3252 4241 3495 4312 τροφῆς,
3531 4240 3593 4292 οὐ
3628 4237 3721 4290 τῶν

2163 4331 2290 4384 ίσων
2319 4333 2446 4385 ὄντα
2475 4334 2789 4405 χωρητικά·
2815 4333 2930 4387 ἀλλ’
2955 4333 3074 4387 οὐδὲ
3113 4335 3146 4404 ἠ
3197 4333 3419 4403 ποιότης
3457 4333 3567 4384 τῶν
3611 4344 3720 4399 τρε-

2159 4421 2369 4490 φόντων
2397 4420 2569 4490 λόγων
2598 4424 2690 4475 καὶ
2723 4422 3006 4492 νοημάτων
3031 4421 3138 4474 τῶν
3165 4423 3220 4474 ἐν
3251 4421 3456 4492 θεωρίᾳ
3487 4419 3719 4490 πράξεων

2158 4512 2265 4566 τῶν
2311 4512 2520 4576 τούτοις
2558 4512 2912 4584 ἀρμοζουσῶν
2969 4515 3002 4584 ἡ
3060 4512 3198 4584 αὐτὴ
3248 4513 3482 4585 ἁρμόζει
3539 4513 3721 4570 πάσαις

2157 4607 2276 4666 ταῖς
2322 4603 2539 4673 ψυχαῖς.
2602 4605 2762 4659 Ἀλλά
2809 4605 2918 4677 γὰρ
2968 4606 3063 4657 καὶ
3121 4604 3350 4675 λάχανον
3386 4605 3486 4656 καὶ
3543 4600 3721 4672 στερεὰ

2153 4693 2326 4766 τροφὴ
2355 4695 2474 4764 οὐχὶ
2504 4694 2645 4747 κατά
2675 4694 2765 4746 τὸν
2793 4695 2954 4748 αὑτὸν
3000 4693 3188 4766 καιρὸν
3216 4692 3405 4762 τρέφει
3446 4693 3579 4754 τοὺς
3623 4690 3720 4741 δεο-

2157 4784 2350 4855 μένους
2385 4784 2483 4854 τῆς
2515 4783 2624 4836 ἀπὸ
2652 4783 2853 4837 τούτων
2909 4782 3240 4853 βελτιώσεως
3276 4799 3290 4812 ο
3347 4780 3416 4833 τά
3471 4781 3571 4850 μὲν
3627 4777 3720 4845 γὰρ

2154 4877 2512 4948 ἀρτιγέννητα
2543 4876 2738 4948 βρέφη,
2761 4876 2837 4939 ῶς
2873 4893 3036 4948 φησιν
3063 4879 3091 4929 6
3119 4875 3319 4946 Πέτρος
3345 4912 3360 4937 ,
3414 4871 3482 4924 τὸ
3523 4870 3722 4939 λογικὶν

2154 4968 2335 5022 ἄδολον
2370 4968 2510 5036 γάλα
2543 4968 2820 5021 ἐπιποθεῖο
2860 4967 3185 5020 ἐπιποθείτω
3215 4965 3269 5018 δὲ
3301 4965 3394 5018 καὶ
3427 4964 3545 5034 (29)
3574 4963 3626 5015 εἴ
3649 4978 3720 5020 τις

2154 5060 2250 5131 τὴν
2281 5062 2581 5133 νηπιότητα
2633 5061 2745 5130 ἔχει
2800 5058 3135 5131 Κορινθίων,
3179 5056 3314 5126 πρὸς
3357 5057 3454 5120 οὓς
3492 5073 3653 5127 φησιν
3697 5053 3721 5103 ὁ

2154 5152 2392 5214 Παῦλος·
2426 5171 2442 5202 ι
2480 5152 2623 5206 Γάλα
2669 5153 2813 5222 ὑμᾶς
2848 5151 3076 5204 ἐπότισα
3099 5190 3112 5214 ,
3170 5151 3231 5203 οὐ
3285 5148 3486 5221 βρῶμα
3509 5165 3523 5179 ·
3557 5167 3576 5199 ι
3610 5149 3636 5200 6
3671 5146 3719 5197 δὲ

2154 5243 2415 5306 ἀσθενῶν,
2446 5244 2534 5298 διὰ
2571 5243 2632 5295 τὸ
2668 5244 2741 5315 μὴ
2767 5241 3041 5296 πιστεύειν
3061 5282 3074 5306 ,
3107 5240 3313 5311 λάχανα
3336 5239 3591 5294 ἐσθιέτω.
3621 5237 3720 5291 Ka‘t

2152 5335 2310 5387 τοῦτο
2343 5335 2398 5388 δὲ
2427 5336 2455 5388 6
2483 5335 2694 5398 Παῦλος
2716 5335 2952 5388 διδάσκει
2978 5334 3168 5402 λέγων’
3202 5353 3220 5383 ι
3237 5334 3332 5395 Ὃς
3357 5331 3457 5401 μὲν
3483 5327 3719 5383 πιστεύει

2153 5427 2347 5494 φαγεῖν
2395 5424 2599 5477 πάντα·
2636 5425 2664 5476 6
2701 5424 2757 5476 δέ
2786 5422 3026 5476 ἀσθενῶν
3078 5423 3285 5491 λάχανα
3336 5417 3534 5471 ἐσθίει.
3568 5435 3586 5469 ι
3621 5414 3720 5469 Καὶ

2599 5544 2638 5574 ¹¹
2669 5543 2684 5596 l
2719 5542 2844 5598 Cor.
2876 5558 2958 5609 ιιι,
2997 5542 3047 5595 Ξ.

2224 5678 2335 5749 (ἓ9)
2379 5677 2702 5749 Ἐπιποθεῖξ
2728 5677 3074 5749 ἐπιποθεζτω
3095 5677 3160 5730 δὲ
3181 5677 3301 5740 καί,
3325 5686 3430 5731 etc.
3465 5677 3546 5749 [la
3589 5675 3716 5749 lesi-

2154 5759 2244 5802 tur
2273 5746 2324 5801 in
2355 5749 2538 5802 codice
2567 5747 2872 5813 Bodleiano,
2903 5751 2952 5814 in
2981 5747 3149 5818 Regio
3173 5761 3350 5804 autem
3379 5758 3433 5804 ct
3477 5746 3718 5802 Barberi-

2154 5835 2223 5873 ιιο
2246 5823 2397 5876 tlccst
2424 5819 2693 5876 ἐπιποθεῖ.
