3806 6522
499 335 602 391 ⁸39

1953 319 2276 375 ORIGENIS

3621 333 3707 389 ιω

500 455 670 522 ipsum
725 447 815 503 Dei
852 444 1126 501 Christum
1159 460 1171 496 :
1201 452 1432 510 namque
1481 440 1595 510 ipse
1635 438 1824 501 etiam,
1879 445 1938 490 ut
1990 436 2064 490 ita

2183 434 2257 486 Ξιεὶ
2284 432 2392 487 ἀπὸ
2421 433 2512 487 τοῦ
2547 433 2763 508 Πατρός
2793 434 2888 489 τοῦ
2927 434 3087 508 μόνου
3117 437 3392 503 ἀνενδεοῦς
3419 441 3510 495 καὶ
3538 443 3705 517 αὐτάρ-

2174 543 2302 590 κους
2336 525 2503 597 αὐτῷ.
2564 527 2845 613 ᾼαμὸόινει
2893 527 2948 583 δὲ
2994 529 3063 583 τὰ
3103 528 3364 602 βρώματα
3392 533 3422 585 6
3451 532 3546 603 μὲν

2172 617 2279 671 τῶν
2315 619 2769 691 μαθητευομένων
2803 620 2910 674 ἀπὸ
2947 621 3055 675 τῶν
3089 622 3343 694 μαθητῶν
3382 624 3550 695 Ἰησοῦ
3578 665 3593 690 ,
3633 646 3704 681 κε-
3770 630 3771 635 “

500 548 696 610 dicam,
734 558 950 612 semper
975 539 1262 595 instruitur
1292 551 1321 591 a
1351 535 1532 598 Patre,
1566 534 1658 604 qui
1692 531 1891 587 nullius
1920 539 2065 600 eget,

499 639 602 697 sibi
634 636 926 693 sutIicieus.
990 632 1170 688 Sumit
1218 639 1398 685 autem
1444 627 1597 683 cibos
1624 625 1815 696 vulgus
1850 625 2067 679 discen-

501 735 633 788 tium
675 746 703 785 a
735 727 1016 797 discipulis
1046 722 1203 789 Jesu,
1251 722 1342 793 qui
1384 721 1646 789 iubentur
1682 717 1858 775 turbis
1904 730 2071 786 appo-

502 838 632 878 nere
661 842 674 878 :
699 821 827 878 Jesu
858 833 986 874 vero
1015 814 1267 886 discipuli
1324 814 1391 869 ab
1449 813 1566 883 ipso
1605 812 1764 877 Jesu,
1798 815 2072 863 verumta-

499 929 619 968 men
671 910 948 967 interdum
975 906 1141 960 etiam
1177 920 1206 959 a
1262 903 1472 960 sanctis
1524 900 1731 972 angelis
1764 915 1778 951 :
1807 906 1860 951 at
1899 896 2071 951 Filius

498 1004 590 1060 Dei
619 1016 648 1056 a
674 1000 791 1055 solo
840 999 1003 1051 Patre
1032 994 1185 1050 cibos
1233 993 1439 1057 sumit,
1474 993 1679 1062 absque
1707 989 1816 1044 ullo
1868 987 2073 1042 media-

498 1104 634 1147 tore.
671 1091 859 1155 Itidem
895 1103 1002 1143 non
1030 1084 1330 1140 absurdum
1361 1084 1488 1150 erit,
1525 1082 1785 1153 Spiritum
1810 1092 2068 1137 sanctum

499 1184 696 1239 nutriri
767 1183 974 1238 dicere.
1046 1177 1282 1233 Proinde
1366 1175 1689 1248 inquirenda
1762 1185 1865 1255 est.
1913 1175 2073 1229 lectio

499 1277 817 1348 Scripturae,
871 1290 992 1345 quae
1037 1287 1136 1327 nos
1186 1272 1291 1327 hoc
1340 1272 1584 1326 edoceat.
1640 1267 1835 1322 Totum
1885 1276 2071 1321 autem

497 1366 818 1438 mysterium
845 1364 1171 1429 vocationis,
1201 1370 1255 1418 et
1278 1360 1565 1416 electionis
1587 1400 1601 1423 ,
1638 1358 1742 1414 cibi
1772 1368 1902 1414 sunt
1926 1358 2072 1412 illius

497 1473 705 1528 magna:
729 1470 903 1512 ouante
933 1474 946 1510 :
981 1473 999 1506 ι
1028 1454 1201 1509 llomo
1229 1472 1247 1505 ι
1282 1452 1452 1519 enim,
1481 1450 1689 1521 inquit,
1753 1469 1771 1501 ι
1794 1450 1921 1506 fecit
1955 1464 2072 1505 cm-

495 1565 624 1604 nam
655 1563 927 1616 magnam,
951 1557 1234 1613 casumque
1261 1552 1508 1612 tempore
1555 1541 1724 1608 misit,
1781 1541 1873 1612 qui
1915 1556 2073 1597 voca-

496 1648 622 1694 rent
661 1638 919 1692 invitatos
968 1637 1049 1697 “;
1089 1636 1541 1707 irelegenda‘quc
1585 1644 1708 1687 sunt
1761 1634 1983 1688 omnino
2004 1649 2072 1689 ex

498 1732 811 1801 Evangeliis
863 1732 1162 1801 parabolae,
1230 1745 1349 1798 quae
1405 1728 1471 1781 de
1521 1727 1694 1781 cmnis
1752 1726 2066 1797 loquuntur.

2172 708 2474 780 λευομένων
2510 710 2864 783 παρατιθέναι
2897 714 3009 776 τοῖς
3040 712 3245 783 δχλοις’
3276 716 3323 767 οί
3351 715 3408 767 δὲ
3440 715 3530 769 τοῦ
3564 717 3706 787 Ἰησοῦ

2177 801 2414 873 μαθηταὶ
2459 803 2552 857 ἀπ’
2589 802 2751 856 αὑτοῦ
2799 803 2970 875 Ἰησοῦ
2998 844 3012 867 ,
3072 805 3211 877 πλὴν
3244 805 3353 877 ('56)
3398 806 3509 861 ἔσθ’
3534 807 3612 861 ὅτε
3634 810 3708 863 καὶ

2173 895 2279 948 ἀπὸ
2331 895 2501 966 ἁγίων
2550 896 2828 965 ἀγγέλων·
2883 898 2911 950 6
2950 897 3006 950 δὲ
3042 897 3169 963 Υἱὸς
3210 898 3304 952 τοῦ
3349 900 3484 954 Θεοῦ
3518 902 3614 954 ἀπὸ
3634 903 3708 956 τοῦ

2174 988 2386 1060 [ἰατρὸς
2414 988 2574 1059 μόνου
2606 987 2872 1060 λαμϐάνει
2903 988 2972 1043 τὰ
3005 987 3267 1060 βρώματα
3296 1030 3310 1052 ,
3357 991 3418 1043 οὐ
3453 990 3537 1044 διά
3575 1009 3707 1057 τινος.

2174 1076 2288 1130 Οὐκ
2309 1076 2507 1131 ἄτοπον
2526 1076 2581 1130 δὲ
2608 1077 2704 1130 καὶ
2726 1075 2786 1129 τὸ
2815 1076 2967 1146 ἆγιον
2989 1076 3214 1150 Πνεῦμα
3232 1078 3524 1151 τρέφεσθαι
3543 1080 3707 1149 λέγειν·

2174 1169 2433 1241 ζητητέον
2472 1169 2528 1222 δὲ
2562 1168 2705 1234 λέξιν
2727 1170 2951 1241 Γραφῆς
2974 1169 3384 1225 ὑποϐάλλουσαν
3415 1174 3544 1243 ἡμῖν
3564 1174 3709 1228 τοῦτο.

2177 1261 2333 1315 Ὅλον
2364 1260 2419 1314 δὲ
2452 1261 2514 1314 τὸ
2557 1261 2855 1332 μυστήριον
2889 1260 2991 1331 τῆς
3020 1260 3263 1333 κλήσεως
3299 1263 3395 1315 καὶ
3433 1261 3643 1334 ἐκλογῆς
3660 1264 3715 1319 τὰ

2173 1354 2230 1405 ὲν
2261 1352 2340 1425 τῷ
2369 1353 2591 1424 μεγάλῳ
2615 1352 2818 1423 δείπνῳ
2846 1353 2964 1406 ἐστὶ
2999 1352 3284 1426 βρώματα·
3324 1373 3344 1405 ι
3379 1354 3711 1426 Ἀνθρωπος»

2173 1446 2302 1517 γὰρ,
2338 1447 2523 1518 φησὶν,
2559 1465 2577 1497 ι
2619 1445 2789 1499 ἐποίει
2827 1444 3041 1501 δεῖπνον
3078 1447 3240 1517 μέγα,
3270 1446 3367 1499 καὶ
3397 1449 3465 1516 τῇ
3494 1445 3605 1517 ὥρᾳ
3641 1445 3714 1499 τοῦ

2172 1538 2387 1592 δείπνου
2441 1537 2654 1609 ἔπεμψε
2703 1536 2930 1592 καλέσαι
2980 1539 3107 1602 τοὺς
3152 1538 3551 1609 κεκλημένους·
3582 1558 3598 1589 ι
3643 1540 3715 1591 καὶ
3772 1536 3773 1595 ἲ

2174 1626 2493 1682 ἁναλεκτέον
2516 1644 2578 1695 γε
2608 1627 2715 1681 ἀπὸ
2742 1628 2850 1681 τῶν
2872 1627 3217 1697 Εὐαγγελίων
3246 1629 3347 1692 τὰς
3370 1628 3716 1705 περιδείπνων
3772 1638 3773 1653 ³

2177 1719 2514 1791 παραϐολάς.
2550 1718 2713 1774 Ἀλλὰ
2763 1720 2857 1773 καὶ
2898 1718 2986 1773 διὰ
3019 1719 3111 1773 τοῦ
3157 1721 3383 1774 Ἡσαῖου
3433 1721 3715 1791 ἐπαγγελίαι

498 1825 639 1892 Quin
667 1823 831 1877 etiam
875 1836 971 1890 per
1002 1820 1194 1876 Isaiam
1258 1821 1304 1852 "
1366 1817 1753 1889 promissiones
1808 1819 2072 1874 habemus

2183 1814 2373 1882 φαγεῖν
2406 1813 2513 1865 εἰσι
2552 1811 2648 1866 καὶ
2684 1816 2826 1868 πιεῖν
2860 1811 3139 1882 λέγοντος’
3178 1832 3197 1864 ι
3243 1813 3377 1867 Ἰδοὺ
3405 1816 3456 1867 oi
3479 1813 3718 1867 δουλεύονο

498 1914 813 1973 comedendi
836 1924 891 1968 et
916 1914 1151 1977 bibendi,
1184 1913 1452 1968 dicentem
1479 1932 1493 1967 :
1525 1930 1544 1963 ι
1577 1912 1711 1967 Ecce
1739 1911 1900 1984 245
1926 1914 2069 1969 servi

497 2008 601 2063 mei
631 2008 932 2069 comedent,
958 2020 1052 2060 vos
1086 2013 1266 2059 autem
1299 2004 1592 2069 esurietis;
1630 2018 1759 2058 ecce
1788 2004 1931 2060 servi
1965 2006 2067 2059 mei

498 2100 716 2163 bibent,
748 2113 843 2152 vos
876 2106 1056 2151 autem
1089 2096 1306 2151 sitietis.
1340 2115 1360 2147 ι
1405 2096 1487 2150 Ad
1535 2096 1651 2150 haec
1688 2098 1860 2165 ipsum
1897 2096 2073 2150 homi-

418 2192 421 2197 '
499 2204 618 2246 nem
651 2188 803 2259 ponit
830 2186 969 2241 Deus
1001 2186 1141 2255 apud
1184 2185 1440 2241 Genesim
1483 2184 1537 2239 in
1568 2185 1827 2258 paradiso
1856 2185 2071 2241 delicia-

497 2294 640 2344 rum,
672 2278 812 2332 datis
838 2276 909 2329 illi
947 2275 1175 2346 legibus,
1204 2283 1262 2329 ut
1287 2276 1529 2345 quaedam
1556 2275 1883 2340 comederet,
1925 2289 2074 2346 quae-

497 2372 621 2426 dam
658 2384 764 2425 non
787 2369 1097 2425 comederet
1134 2385 1148 2423 :
1192 2382 1589 2438 mansurusque
1620 2377 1734 2422 erat
1758 2368 2075 2423 immortalis

497 2463 682 2526 homo.
723 2461 767 2516 si
804 2476 870 2515 cx
908 2460 1069 2513 omni‘
1109 2459 1255 2530 ligno
1288 2459 1527 2529 paradisi
1556 2458 1902 2524 comedisset,
1935 2473 2075 2530 prae-

500 2566 743 2624 terquam
769 2569 800 2609 e
824 2553 971 2624 ligno
1001 2552 1361 2622 cognoscendi
1418 2553 1616 2607 bonum
1674 2560 1729 2606 et
1769 2550 1967 2606 malum
2003 2552 2068 2607 ³⁷.

501 2646 635 2703 Vide
665 2660 785 2716 qua:
818 2647 869 2700 in
905 2645 1081 2715 primo
1113 2652 1167 2698 et
1194 2642 1453 2699 vicesimo
1487 2642 1699 2714 psalmo
1742 2642 2074 2711 "dicuntur

497 2740 565 2795 de
585 2738 670 2793 his
690 2737 780 2807 qui
814 2736 1110 2790 adorarunt
1138 2749 1203 2789 eo
1234 2734 1377 2802 quod
1409 2731 1749 2789 comederint
1780 2750 1794 2788 :
1836 2751 1853 2785 ι
1878 2730 2071 2788 Come-

494 2829 692 2883 derunt
719 2845 738 2879 )
765 2825 912 2881 enim
940 2863 955 2889 ,
988 2825 1180 2894 inquit,
1219 2842 1238 2874 ι
1267 2832 1320 2876 et
1342 2824 1707 2877 adoraverunt
1734 2835 1923 2876 omnes
1950 2821 2072 2892 pin-

490 2934 630 2992 gues
666 2928 849 2985 terrae;
881 2936 902 2969 ι
934 2926 1222 2987 propterea
1258 2932 1270 2967 :
1297 2934 1315 2966 ‹
1344 2913 1459 2968 Non
1496 2913 1786 2970 interﬁciet
1814 2913 2073 2968 Dominus

496 3009 642 3064 fame
675 3009 911 3062 animam
938 3006 1139 3075 justam
1170 3006 1254 3069 ";
1284 3023 1301 3056 ι
1331 3006 1424 3060 sed
1445 3006 1661 3075 quando
1684 3004 1872 3074 injusti
1909 3002 2075 3060 elﬁci-

494 3116 641 3164 mur,
688 3099 943 3153 immittet
976 3116 995 3149 ι
1026 3097 1225 3151 famem
1259 3110 1425 3165 super
1456 3105 1654 3151 terram
1689 3110 1705 3148 :
1735 3110 1841 3151 non
1874 3095 2070 3150 famem

498 3192 675 3261 panis,
704 3203 881 3260 neque
906 3189 1050 3244 sitim
1082 3203 1260 3257 aquae,
1290 3188 1383 3241 sed
1413 3186 1612 3241 famem
1643 3187 1894 3242 audiendi
1926 3188 2074 3243 verbi

500 3285 593 3338 Dei
651 3283 763 3336 ³ο.»
825 3281 1040 3349 Quanto
1094 3281 1259 3350 igitur
1302 3279 1477 3347 magis
1520 3278 1862 3348 proﬁcimus,
1927 3288 2077 3333 tanto

501 3375 729 3430 meliora
756 3389 818 3429 ac
843 3374 993 3443 plura
1025 3370 1387 3434 comedimus,
1418 3370 1591 3426 donec
1617 3368 1847 3426 fortasse
1884 3385 2076 3440 perve-

501 3463 715 3517 niamus
744 3466 809 3515 ad
840 3463 889 3515 id
913 3501 928 3524 ,
964 3471 1022 3514 ut
1041 3462 1291 3514 eumdem
1332 3458 1514 3513 cibum
1553 3460 1907 3515 comedamus
1952 3474 2075 3516 cum

499 3552 638 3608 Filio
676 3555 805 3620 Dei,
837 3567 995 3622 quem
1029 3553 1081 3608 in
1114 3553 1401 3624 prmsentia
1432 3552 1680 3622 discipuli
1705 3568 1812 3607 non
1855 3563 2073 3610 norant.

498 3644 613 3701 Hoc
643 3645 697 3699 in
720 3644 839 3699 loco
867 3644 1001 3698 nihil
1030 3644 1165 3699 dixit
1198 3640 1517 3699 Heracleon.

566 3738 656 3795 35.
698 3756 717 3791 ι
749 3737 1009 3793 Dicebant
1059 3736 1227 3807 igitur
1274 3734 1521 3805 discipuli
1590 3735 1731 3791 inter
1778 3750 1838 3792 se
1875 3752 1889 3788 :
1933 3734 2072 3790 Num

504 3830 700 3901 aliquis
734 3827 1012 3884 attulitilli
1046 3827 1251 3898 aliquid
1277 3827 1345 3882 ad
1380 3826 1650 3883 edendum
1684 3827 1817 3882 “ir
1852 3828 2075 3884 Etiamsi

499 3922 791 3979 carnaliter
842 3930 995 3977 retur
1055 3919 1358 3976 Heracleon
1388 3920 1505 3976 haec
1551 3936 1580 3974 a
1614 3921 1895 3990 discipulis
1943 3922 2072 3986 dici,

501 4026 757 4087 tanquam
778 4014 872 4086 qui
898 4015 1072 4071 adhuc
1106 4015 1252 4070 humi
1283 4026 1497 4085 repant,
1544 4015 1924 4070 Samaritidem
1949 4016 2075 4071 imi-

500 4117 678 4163 tantes
730 4107 1053 4161 dicentem:
1093 4104 1325 4174 «Neque
1377 4106 1717 4160 haustorium
1770 4107 1972 4169 habes,
2023 4115 2078 4161 et

499 4208 693 4268 puteus
723 4196 865 4251 altus
893 4204 980 4251 est
1001 4196 1083 4263 ⁸²;
1111 4214 1129 4247 ι
1165 4196 1382 4265 dignum
1409 4208 1491 4251 est
1513 4199 1589 4252 uti
1630 4212 1919 4252 cernamus
1943 4212 2076 4252 num

501 4290 641 4345 forte
668 4287 871 4356 aliquid
902 4286 1139 4341 divinius
1175 4287 1423 4341 videntes
1449 4288 1696 4357 discipuli
1725 4289 1906 4343 dicant
1934 4290 2078 4343 inter

499 4394 560 4433 se
600 4394 614 4430 :
652 4395 669 4428 ι
699 4374 836 4430 Num
889 4376 1010 4445 quis
1039 4375 1223 4429 attulit
1255 4375 1331 4430 illi
1369 4378 1511 4445 quod
1539 4377 1748 4433 edat?»
1804 4371 2078 4435 Fortassis

2176 1905 2267 1969 τές
2295 1923 2385 1977 μοι
2418 1905 2717 1976 φάγονται,
2770 1905 2928 1977 ὑμεῖς
2969 1905 3027 1959 δὲ
3061 1906 3381 1960 πεινάσετεο
3417 1906 3526 1959 ἰδοῦ
3552 1907 3598 1959 oi
3623 1906 3717 1958 δου-

2177 1998 2422 2063 λεύοντες
2459 2016 2547 2070 μοι
2578 1999 2810 2063 πίονται,
2843 2000 3001 2069 ὑμεῖς
3039 1999 3096 2053 δὲ
3138 1998 3416 2071 διψήσετε.
3451 2018 3468 2050 ι
3506 2000 3616 2052 ’Ἔτι
3639 1999 3722 2070 μὴν

2178 2091 2234 2142 ὲν
2275 2092 2342 2160 τῇ
2430 2088 2647 2143 Γενέσει
2745 2091 2826 2153 είς
2871 2090 2961 2143 τὸν
3012 2090 3339 2164 παράδεισον
3395 2092 3499 2162 τῆς
3548 2091 3724 2163 τρυφῆς

2176 2179 2381 2234 τίθεται
2402 2179 2491 2234 τὸν
2516 2179 2800 2252 ἄνθρωπον
2819 2182 2848 2234 6
2867 2180 3019 2246 Θεὸς,
3041 2183 3239 2253 νόμους
3276 2184 3406 2255 περὶ
3434 2184 3528 2237 τοῦ
3555 2185 3722 2238 ἐσθίειν

2177 2271 2304 2325 τάδε
2355 2271 2514 2336 τινὰ,
2571 2272 2665 2325 καὶ
2715 2272 2789 2343 μὴ
2829 2271 3027 2326 ἐσθίειν
3089 2272 3213 2326 τάδε
3258 2273 3458 2337 διδούς·
3491 2275 3581 2327 καὶ
3614 2274 3722 2327 60i-

2179 2380 2336 2427 νατος
2365 2361 2430 2418 ἂν
2465 2363 2679 2435 ἔμεινεν
2712 2367 2740 2418 ὁ
2771 2363 3056 2435 ἄνθρωπος
3076 2404 3091 2427 ,
3126 2366 3173 2417 εί
3208 2350 3321 2418 άπὸ
3352 2366 3557 2429 παντὲς
3599 2363 3725 2429 ξύλου

2177 2453 2271 2509 τοῦ
2302 2455 2359 2509 ὲν
2388 2454 2467 2526 τῷ
2498 2455 2809 2527 παραδείσῳ
2854 2453 3055 2527 βρώσει
3090 2456 3299 2529 ἤσθιεν,
3338 2458 3450 2511 ἀπὸ
3472 2458 3528 2510 δὲ
3552 2457 3637 2510 τοῦ
3660 2457 3726 2521 ξί-

2177 2546 2268 2599 λου
2317 2546 2412 2599 τοῦ
2462 2546 2749 2616 γινώσκειν
2800 2548 2965 2601 καλὸν
3017 2550 3111 2603 καὶ
3164 2549 3400 2620 πονηρὸν
3444 2549 3520 2621 μὴ
3552 2549 3726 2621 ἧσθιεν.

2181 2638 2321 2710 Ὅρα
2369 2640 2464 2691 καὶ
2506 2639 2572 2691 τὰ
2616 2641 2673 2692 ἐν
2725 2638 2955 2711 εἰκοστῷ
3004 2639 3206 2711 πρώτῳ
3251 2640 3459 2712 ψαλμῷ
3496 2640 3728 2711 λεγόμενα

2180 2729 2308 2801 περὶ
2340 2729 2446 2783 τῶν
2487 2730 2932 2802 προσκυνούντων
2959 2732 3046 2786 διὰ
3067 2732 3125 2785 τὸ
3154 2731 3515 2804 βεϐρωκέναιο
3543 2754 3562 2787 ι
3588 2734 3730 2802 Ἐφο-

2179 2838 2274 2890 γον
2301 2841 2320 2875 ι
2366 2822 2516 2893 γὰρ,
2564 2823 2727 2892 φησι,
2787 2841 2805 2873 ι
2844 2824 2939 2877 καὶ
2990 2825 3404 2898 προσεκύνησαν
3456 2826 3647 2890 πάντες
3689 2823 3731 2879 οξ

2179 2910 2360 2975 πίονες
2405 2910 2516 2982 (57)
2543 2911 2645 2981 τῆς
2682 2912 2813 2983 γῆς’
2850 2931 2868 2963 ι
2902 2912 3091 2984 διόπερ
3139 2933 3156 2965 ι
3185 2913 3455 2984 θῦδαμῶς
3507 2914 3727 2985 λιμοκτο-

2179 3003 2331 3073 νήσει
2395 3001 2598 3075 Κύριος
2661 3003 2838 3075 ψυχὴν
2874 3003 3119 3058 δικαίαν·
3156 3024 3174 3057 ι
3238 3004 3355 3058 ἀλλ’
3400 3007 3534 3060 ὅταν
3584 3005 3729 3059 ἄδικοι

2181 3093 2486 3165 γενώμεθα,
2522 3094 2868 3160 ὲξαποστελεῖ
2915 3116 2931 3148 ι
2970 3098 3128 3170 λιμὸν
3160 3098 3251 3151 ἐπὶ
3283 3098 3384 3171 τὴν
3410 3099 3550 3171 γῆν,
3581 3100 3635 3152 οὐ
3668 3098 3731 3149 λι-

2182 3188 2281 3258 μὸν
2305 3187 2491 3260 ἄρτου,
2517 3189 2637 3241 οὐδὲ
2672 3190 2827 3259 δίψαν
2854 3190 3067 3255 ὓδατος,
3101 3191 3237 3245 ἀλλὰ
3274 3191 3438 3263 λιμὸν
3468 3192 3563 3246 τοῦ
3590 3190 3731 3245 ἁκοῦ·

2179 3296 2270 3334 σαι
2297 3278 2453 3348 λόγον
2476 3280 2633 3334 Θεοῦ.
2665 3301 2682 3332 ι
2720 3283 2883 3336 ’Ὀσον
2911 3278 3005 3337 οὖν
3033 3284 3438 3356 προκόπτομεν,
3479 3285 3734 3356 κρείττονα
3776 3294 3777 3357 Τ

2179 3370 2271 3424 καὶ
2298 3370 2516 3425 πλείονα
2554 3372 2861 3444 φαγόμεθα,
2898 3373 3005 3439 ἕως
3039 3376 3178 3444 τάχα
3203 3374 3506 3447 φθάσωμεν
3533 3376 3638 3448 (38)
3660 3377 3734 3428 ἐπὶ
3776 3370 3777 3431 ἐ

2177 3459 2239 3511 τὸ
2268 3458 2367 3531 τὴν
2402 3460 2572 3532 αὐτὴν
2611 3460 2816 3533 βρῶσιν
2850 3464 3044 3532 φαγεῖν
3089 3465 3165 3534 τῷ
3206 3464 3320 3535 Υίῷ
3357 3464 3455 3518 τοῦ
3499 3466 3648 3528 Θεοῦ,
3681 3466 3733 3536 ἦν

2178 3552 2273 3605 ἐπὶ
2300 3551 2392 3605 τοῦ
2422 3554 2691 3626 παρόντος
2716 3557 2773 3610 οῖ
2804 3555 3043 3627 μαθηταὶ
3072 3556 3171 3610 οὐκ
3212 3554 3450 3612 οἴδασιν.
3502 3560 3659 3613 Οὐδὲν
3690 3558 3734 3609 δὲ

2179 3646 2264 3708 εἰς
2297 3645 2396 3716 τὴν
2424 3644 2569 3711 λέξιν
2600 3641 2754 3700 εἶπεν
2775 3648 2803 3699 6
2841 3647 3175 3719 Ἡρακλέων.

2249 3735 2337 3791 55.
2376 3754 2394 3788 ι
2429 3737 2654 3806 Ἔλεγον
2688 3733 2780 3792 οῦν
2824 3740 2873 3791 oi
2918 3738 3156 3810 μαθηταὶ
3185 3741 3322 3812 πρὸς
3353 3740 3637 3813 ἀλλήλους·
3660 3740 3735 3809 Μή

2177 3843 2260 3891 τις
2288 3827 2518 3898 ἦνεγκεν
2554 3827 2701 3900 αὐτῷ
2733 3833 2925 3899 φαγεῖν
2954 3846 2968 3895 ;
3005 3849 3023 3881 ι
3055 3832 3118 3884 Εἰ
3173 3832 3265 3886 καὶ
3317 3833 3600 3905 σαρκικὰ
3635 3834 3739 3885 ὑπερ

2178 3919 2443 3991 λαμϐάνει
2477 3918 2652 3975 ταῦτα
2682 3921 2938 3990 λέγεσθαι
2971 3925 3000 3976 6
3040 3922 3358 3994 Ἡρακλέων
3387 3926 3497 3979 ὑπὸ
3528 3924 3633 3979 τῶν
3654 3942 3739 3995 με·

2180 4012 2380 4084 θητῶν,
2414 4011 2489 4076 ὼς
2541 4012 2622 4066 ἔτι
2667 4014 3047 4086 ταπεινότερον
3088 4016 3509 4086 διανοουμένων,
3538 4018 3629 4071 καὶ
3657 4015 3739 4084 τὴν

2178 4102 2509 4174 Σαμαρεῖτιν
2551 4104 3217 4176 μιμουμένων-λέγουσαν
3262 4125 3281 4158 ι
3318 4107 3460 4162 Οὔτε
3515 4107 3741 4179 ἄντλημα

2179 4193 2322 4264 ἔχεις
2348 4232 2363 4257 ,
2412 4195 2506 4247 καὶ
2540 4195 2598 4249 τὸ
2632 4196 2809 4269 φρέαρ
2851 4198 2969 4250 ἐστὶ
3017 4196 3151 4267 βαθὺ
3176 4238 3192 4262 ,
3226 4217 3244 4249 ι
3274 4197 3425 4263 ἄξιον
3455 4201 3603 4271 ἡμᾶς
3632 4199 3740 4252 ἰδεῖν

2183 4288 2392 4357 μήποτε
2446 4285 2735 4357 βλέποντές
2784 4304 2835 4340 τι
2880 4287 3150 4360 θειότερον
3194 4290 3244 4341 oi
3307 4289 3587 4362 μαθηταὶ,
3629 4290 3744 4359 φασὶ

2182 4377 2319 4449 πρὸς
2369 4377 2631 4448 ἀλλήλους
2653 4397 2666 4409 ·
2723 4398 2741 4430 ι
2770 4380 2860 4450 Μή
2894 4397 2977 4443 τις
3009 4381 3240 4451 ἤνεγκεν
3274 4380 3423 4451 αὐτῷ
3463 4383 3685 4450 φαγεῖν;
3721 4396 3737 4429 ι

501 4467 646 4524 enim
690 4467 950 4522 rebantur
996 4467 1290 4534 potentiam
1321 4466 1556 4537 aliquam
1591 4470 1889 4538 angelicam
1922 4478 2072 4524 attu-

2183 4470 2333 4540 Τάχα
2365 4468 2474 4540 γὰρ
2518 4469 2775 4523 ὑπενόουν
2810 4468 3106 4541 ἀγγελικὴν
3138 4487 3260 4523 τινα
3296 4470 3533 4541 δύναμιν
3576 4473 3741 4542 ἐνηνο-

503 4560 634 4616 Iisse
666 4559 742 4615 illi
774 4558 917 4629 quod
954 4558 1169 4624 ederet;
1200 4569 1249 4613 et
1279 4558 1528 4615 fortassis
1569 4561 1767 4617 idcirco
1796 4562 2071 4617 doceban-

505 4666 593 4708 tur
639 4649 899 4720 majorem
933 4663 1057 4704 esse
1091 4648 1238 4717 illum
1283 4650 1502 4713 cibum,
1551 4667 1708 4720 quem
1740 4655 2076 4710 manducare

506 4744 757 4807 habebat,
788 4741 883 4811 qui
914 4750 1035 4795 erat
1062 4779 1077 4802 ,
1108 4751 1167 4792 ut
1195 4736 1397 4795 facel‘et
1439 4743 1775 4798 voluntatem
1816 4745 1933 4815 ejus
1984 4748 2074 4815 qui

502 4851 623 4891 eum
657 4834 900 4900 miserat,
928 4830 1323 4902 perﬁceretque
1357 4846 1491 4900 opus
1516 4833 1679 4889 illius.

576 4926 666 4980 36.
712 4943 732 4976 ι
766 4923 905 4978 Dicit
935 4921 1041 4976 illis
1064 4920 1222 4977 Jesus
1259 4942 1270 4977 :
1309 4921 1457 4977 Meus
1493 4924 1645 4978 cibus
1667 4934 1752 4979 est
1779 4937 1836 4980 ut
1872 4922 2072 4980 [οιὶιιιι

2180 4562 2331 4632 χέναι
2373 4560 2523 4631 αὐτῷ
2557 4564 2750 4630 φαγεῖν
2778 4579 2790 4591 ’
2821 4563 2914 4614 καὶ
2968 4562 3133 4626 εἰκὸς,
3190 4562 3273 4614 ὅτι
3307 4561 3398 4615 διὰ
3440 4562 3604 4616 τοῦτο
3654 4561 3743 4614 ὲδι·

2180 4652 2460 4714 δάσκοντο,
2493 4652 2575 4704 ὅτι
2629 4650 2811 4722 μεῖζόν
2859 4655 3008 4706 ἐστιν
3059 4653 3088 4705 6
3137 4647 3247 4723 εἶχε
3288 4651 3488 4725 βρῶμα
3531 4656 3742 4724 φαγεῖν.

2179 4746 2314 4817 ὅπερ
2347 4740 2415 4815 ἦν
2445 4744 2668 4815 ποιῆσαι
2701 4744 2762 4797 τὸ
2791 4742 3001 4816 θέλημα
3059 4744 3155 4799 τοῦ
3204 4744 3527 4816 πέμψαντος
3561 4747 3739 4803 αὑτὸν.

2180 4837 2277 4891 καὶ⁹
2310 4837 2591 4891 τελειῶσαι
2616 4837 2678 4889 τὸ
2707 4836 2866 4907 ἔργον
2893 4836 3081 4890 αὐτοῦ.

2253 4929 2342 4984 56.
2374 4948 2393 4980 ι
2429 4930 2591 4998 Λέγει
2618 4930 2802 4992 αὐτοῖς
2831 4931 2860 4981 6
2906 4930 3113 5000 Ἰησοῦς
3134 4951 3146 4964 ο
3195 4932 3355 5004 Ἐμὸν
3390 4930 3592 5003 βρῶμά
3616 4930 3744 4978 ἐστιν

505 5019 838 5073 voluntatem
873 5016 989 5085 ejus
1047 5015 1139 5083 qui
1182 5014 1328 5070 misit
1352 5030 1470 5082 me,
1518 5026 1574 5069 et
1615 5017 1892 5085 perﬁciam
1929 5018 2072 5073 .llius

2184 5021 2271 5073 ἵνα
2326 5019 2538 5091 ποιήσω
2577 5020 2638 5072 τὸ
2680 5018 2892 5090 θέλημα
2927 5019 3025 5075 τοῦ
3079 5022 3392 5095 πέμψαντός
3426 5037 3519 5092 με,
3556 5019 3649 5073 καὶ
3674 5032 3744 5068 τε-

504 5123 640 5174 upus
699 5106 766 5160 ⁸³.
792 5124 811 5157 ο
873 5105 1079 5161 Deceus
1133 5103 1286 5159 cibus
1319 5102 1401 5158 Fil
1425 5118 1458 5158 ο
1484 5103 1616 5172 Dei,
1660 5109 1876 5176 quando
1906 5106 2072 5163 edicit

2184 5111 2390 5166 λειώσω
2452 5110 2618 5166 αὐτοῦ
2674 5111 2737 5165 τὸ
2801 5111 2983 5185 ἔργον.
3016 5136 3034 5167 ι
3092 5115 3381 5187 Πρέπουσα
3434 5112 3639 5183 βρῶσις
3682 5107 3747 5174 τῷ

503 5196 835 5251 voluntatem
868 5206 1191 5264 paternam;
1240 5197 1342 5254 boc
1372 5195 1509 5252 velle
1558 5197 1611 5250 in
1652 5201 1832 5268 seipse
1869 5198 2072 5256 faciens

2186 5204 2301 5275 Υίῷ
2354 5202 2448 5257 τοῦ
2488 5202 2645 5267 θεοῦ,
2700 5204 2790 5261 ὅτε
2827 5206 3056 5279 ποιητὴς
3086 5207 3296 5275 γίνεται
3343 5202 3437 5258 τοῦ
3495 5198 3745 5272 πατρικοῦ

1642 5338 1685 5371 ’⁸
1709 5339 1837 5416 isai.
1854 5358 1897 5416 _t.
1912 5359 1997 5405 xv,
2034 5346 2072 5398 ii

2223 5342 2535 5416 ,πίλῳ-ιι,
2562 5343 2596 5401 8
2627 5360 2781 5416 seqq.
2881 5348 2926 5379 “
2956 5363 3095 5402 vers.
3140 5346 3233 5400 50.
3310 5348 3354 5378 ²⁹
3403 5343 3569 5398 Prov.
3611 5359 3664 5405 ι,
3699 5340 3743 5392 5.

1707 5410 1750 5441 ³⁸
1796 5414 1932 5466 ibid.
1974 5416 2058 5467 11.
2136 5415 2179 5445 ³³
2220 5414 2349 5469 ibid.
2393 5414 2485 5472 54.

574 5335 620 5367 ³⁸
651 5334 840 5390 Matth.
872 5351 1009 5401 χιιι,
1035 5335 1113 5400 2;
1155 5334 1285 5393 an.
1322 5352 1434 5402 xw,
1476 5340 1531 5392 ti.

503 5405 547 5436 ³⁸
591 5406 755 5459 Amos
797 5419 919 5468 vui,
961 5409 1049 5459 il.
1152 5407 1194 5439 ³³
1243 5405 1398 5463 Joan.
1436 5423 1509 5476 tv,
1543 5408 1629 5463 55.

554 5516 688 5640 >356)
724 5518 839 5571 Ἀπ’
861 5518 1046 5598 ᾳὺτοῦ
1093 5521 1307 5586 Ἰησοῦ,
1336 5522 1528 5589 πλήν.
1550 5525 1639 5578 Sic
1677 5526 1877 5595 optime
1920 5529 2072 5581 habet

503 5603 549 5642 cu
607 5601 668 5640 es
702 5584 1021 5641 Bodlemnus
1050 5613 1064 5642 :
1107 5589 1305 5642 lteeius
1367 5608 1512 5642 Vero.
1575 5596 1732 5642 male-
1776 5597 1869 5642 ἀπ’
1914 5597 2072 5642 αἰτοῦ

2186 5550 2310 5623 PDS!
2347 5536 2719 5642 ριὀςούδαμῶξ
2751 5535 2953 5622 legitur
2982 5535 3125 5599 οὐδέ,
3163 5550 3261 5591 nec
3295 5549 3400 5587 non
3435 5529 3749 5598 ἐξαποστέλ-

567 5584 1065 5675 des'godleiunus;
1107 5584 1305 5659 ltegius
1367 5584 1513 5655 vero,
1575 5584 1732 5660 male,
1776 5597 1869 5649 ἀπ’
1914 5597 2074 5650 oti-:05

645 5672 802 5709 πλην.

502 5656 992 5797 τοῖἑῧλῖίῖοοοόίοϐ
1021 5725 1309 5785 Bodleiano
1337 5731 1490 5788 deest
1514 5737 1560 5787 οί
1595 5733 1794 5801 πίονες,
1818 5745 1873 5791 et
1921 5747 2072 5809 paulu

2190 5656 2386 5746 ’Ἵὲέὶ
2398 5656 2485 5734 ὦό.

2188 5748 2485 5812 φθάσομεν.

2186 5604 2269 5661 λει
2293 5604 2390 5677 pro
2420 5604 2790 5673 ἐξαποστελεῖ,

2258 5672 2371 5746 (38)
2398 5672 2743 5746 Φθάσωμεν.
2783 5675 2874 5732 Sic
2900 5677 3070 5733 codex
3127 5675 3488 5741 Bodleianus;
3540 5672 3749 5741 Regius.
