3806 6522
92 406 173 461 ιιι
1139 402 1494 460 COMMENT.
1527 401 1594 457 lN
1632 400 1823 460 JOAN.
1859 400 2101 460 TOMUS
2134 398 2271 460 XIII.

3230 409 3337 466 £62

91 525 404 597 θελήματος,
431 521 591 578 τοῦτο
610 522 673 577 rb
699 521 872 577 θέλειν
912 522 971 575 ὲν
1000 521 1182 595 ὲαυτῷ
1204 523 1394 595 ποιῶν,
1427 524 1564 597 ὅπερ
1593 519 1657 597 ἦν

1773 524 1913 594 quod
1942 533 2027 581 est
2059 534 2115 581 et
2149 525 2204 580 in
2230 523 2418 591 Patre,
2451 522 2528 581 ita
2560 532 2619 579 ut
2640 523 2889 582 voluntas
2924 524 3018 583 Dei
3043 529 3114 584 sit
3137 530 3191 584 in
3215 529 3339 586 Filii

88 619 167 673 mi.
192 618 254 672 ὲν
279 616 357 688 τῷ
380 617 578 690 Πατρὶ,
609 616 751 671 ὥστε
775 611 912 670 εἶναι
955 616 1018 668 rb
1051 615 1262 689 θέλημα
1297 616 1392 671 τοῦ
1431 615 1565 671 Θεοῦ
1605 618 1662 671 ἐν

87 709 150 782 τῷ
163 708 433 782 θελήματι
455 707 551 763 τοῦ
566 708 698 762 Υἱοῦ
713 708 1120 781 ἀπαραλλάκτῳ
1135 709 1225 763 τοῦ
1243 709 1543 783 θελήματος
1567 711 1660 767 τοῦ

86 801 293 874 Πατρὺς
314 841 333 866 ,
374 802 454 864 εἰς
490 801 553 855 rb
586 800 786 873 μηκέτι
810 796 950 856 εἶναι
983 801 1079 855 δύο
1111 800 1410 874 θελήματα,
1441 804 1577 859 ἀλλὰ
1604 804 1662 858 ἓν

88 894 288 965 θέλημα
321 893 431 966 (59)
452 911 467 926 ·
521 895 662 966 ὅπερ
699 893 757 948 ἓν
783 893 997 966 θέλημα
1031 894 1203 949 αἴτιον
1236 891 1305 968 ἦν
1348 896 1444 951 τοῦ
1479 897 1661 967 λέγειν

86 988 162 1042 τὸν
193 987 347 1041 Υἱόν·
382 1006 401 1038 ι
447 985 590 1056 Ἐγὼ
621 987 715 1040 καὶ
764 986 794 1040 ὁ
837 986 1027 1059 Πατὴρ
1056 988 1117 1042 ἓν
1158 989 1354 1060 ἐσμεν·
1391 1008 1410 1041 ι
1446 989 1540 1043 καὶ
1571 989 1658 1044 διὰ

86 1078 231 1133 τοῦτο
262 1079 326 1132 rb
355 1077 569 1151 θέλημα
590 1080 620 1133 δ
642 1078 766 1134 ἰδὼν
794 1079 957 1133 αὑτὸν
981 1079 1193 1153 ἑώρακε
1223 1081 1314 1135 τὸν
1342 1082 1487 1147 Υἰδν,
1513 1082 1661 1154 ἐώρα

84 1173 130 1226 δὲ
156 1172 251 1226 καὶ
281 1171 378 1227 τὸν
413 1171 709 1245 πέμψαντα
739 1171 921 1226 αὐτόν.
964 1175 1073 1227 Καὶ
1108 1174 1318 1246 πρέπον
1348 1192 1411 1245 γε
1460 1174 1659 1246 μᾶλλον

86 1266 181 1338 (40)
208 1266 357 1319 οὕτω
387 1271 529 1321 νοεῖν
562 1268 713 1339 ἡμᾶς
746 1266 1013 1321 ποιεῖσθαι
1043 1266 1149 1321 ὑπὸ
1172 1267 1266 1322 τοῦ
1295 1268 1426 1322 Υἱοῦ
1466 1269 1528 1321 rb
1572 1268 1660 1322 Θέ-

84 1361 217 1431 λημα
272 1358 371 1413 τοῦ
431 1359 668 1432 Πατρδς,
724 1360 816 1428 ἀφ’
852 1353 913 1413 οὗ
972 1358 1279 1431 θελήματος
1330 1360 1522 1414 καὶτὰ
1554 1361 1659 1428 ἔξω

85 1452 162 1506 τοῦ
206 1453 460 1516 θέλοντος
494 1452 676 1517 καλῶς
700 1452 939 1521 ἐγένετο,
982 1452 1127 1525 ἥπερ
1167 1452 1242 1525 μὴ
1288 1470 1658 1527 περιεργασα-

86 1544 266 1616 μένους
298 1547 447 1617 ἡμᾶς
472 1544 543 1599 τὰ
570 1546 700 1617 περὶ
738 1544 830 1599 τοῦ
883 1543 1187 1618 θελήματος
1235 1545 1474 1618 νομίζειν
1518 1541 1655 1601 εἶναι

82 1636 135 1690 rb
159 1640 338 1690 ποιεῖν
366 1638 429 1690 rb
465 1637 679 1709 θέλημα
704 1636 798 1690 τοῦ
831 1637 1172 1709 πέμψαντος,
1198 1638 1255 1690 ἐν
1286 1639 1370 1705 τῷ
1388 1638 1514 1692 τάδε
1535 1639 1656 1692 τινὰ

84 1726 141 1780 τὰ
172 1727 282 1792 ἔξω
311 1730 509 1781 ποιεῖν’
544 1728 723 1781 ἐκεῖνο
748 1726 877 1800 γὰρ,
915 1726 1078 1799 (λέγω
1124 1727 1181 1781 δὲ
1219 1726 1282 1781 τὸ
1311 1727 1416 1793 ἔξω
1448 1727 1540 1781 τοῦ
1568 1727 1654 1787 θέ-

84 1818 324 1884 λοντος,ὶ
360 1818 649 1892 γινόμενον
693 1821 863 1891 χωρὶς
907 1819 1003 1873 τοῦ
1048 1821 1444 1893 προειρημένου
1498 1820 1656 1893 θελή-

85 1880 272 1983 pater,
294 1880 395 1981 013i
420 1880 540 1965 ὅλον
568 1911 667 1983 μὲν
695 1880 760 1965 rb
780 1880 999 1983 ’θέλημα
1035 1880 1131 1965 τοῦ
1162 1880 1373 1983 Πατρός
1394 1929 1407 1942 ο
1448 1914 1555 1966 πᾶν
1690 1880 1730 1935 Β

85 2004 187 2056 ἐστι
242 2002 309 2055 rb
353 2001 565 2073 θέλημα
606 2002 842 2074 Πατρὸς,
899 2002 1005 2056 ὑπὸ
1045 2002 1138 2056 τοῦ
1170 2002 1298 2057 Υἱοῦ
1333 2003 1613 2075 γινόμενον
1637 2043 1652 2068 ,

83 2097 158 2149 ὅτε
185 2095 249 2148 rb
293 2095 471 2149 θέλειν
520 2094 616 2148 τοῦ
665 2094 801 2149 Θεοῦ
842 2094 1132 2166 γενόμενον
1173 2096 1231 2149 ὲν
1267 2094 1346 2166 τῷ
1376 2095 1490 2167 Υἱῷ
1515 2099 1659 2150 ποιεῖ

84 2186 267 2251 ταῦτα,
303 2186 449 2257 ἅπερ
483 2184 730 2256 βούλεται
758 2186 819 2239 rb
853 2185 1064 2258 θέλημα
1090 2184 1186 2239 τοῦ
1216 2184 1372 2239 Θεοῦ·
1403 2187 1560 2257 μόνος
1599 2186 1656 2240 δὲ

84 2281 107 2329 ὁ
139 2275 266 2340 Tib;
316 2278 427 2330 πᾶν
473 2276 537 2330 rb
570 2276 782 2348 θέλημα
829 2279 975 2329 ποιεῖ
1015 2277 1263 2348 χωρῆσαι
1291 2275 1386 2329 τοῦ
1422 2277 1652 2347 Πατρός·

83 2371 262 2443 διόπερ
310 2371 407 2424 καλ¹
450 2366 618 2425 εἰκὼν
649 2368 838 2424 αὑτοῦ.
879 2371 1270 2425 Ἐπισκεπτέον
1319 2370 1375 2424 δὲ
1406 2370 1658 2441 καὶπερὶ

84 2460 164 2513 τοῦ
220 2460 382 2529 ἁγίου
433 2461 774 2532 Πνεύματος.
812 2461 893 2516 Τὰ
923 2460 980 2514 δὲ
1010 2460 1174 2515 λοιπὰ
1218 2461 1349 2530 ἆγια
1376 2462 1526 2515 οὐδὲν
1560 2462 1658 2532 μὲν

87 2542 291 2608 ποιησει
308 2552 419 2623 (Μ)
448 2552 604 2624 παρά
617 2553 677 2605 rb
695 2552 905 2624 θέλημα
932 2550 1026 2605 τοῦ
1051 2549 1210 2616 Θεοῦ,
1229 2552 1320 2605 καὶ
1348 2551 1526 2605 πάντα
1543 2569 1605 2622 γε
1623 2552 1658 2607 ἃ

88 2644 315 2715 ποιήσει,
336 2645 554 2713 ποιήσει
587 2642 729 2697 κατὰ
751 2644 997 2715 βούλημα
1020 2643 1113 2697 τοῦ
1136 2642 1292 2708 Θεοῦ,
1320 2642 1382 2694 οὐ
1404 2642 1651 2713 μέντοιγε

85 2732 289 2804 διαρκεί
326 2733 466 2804 πρὸς
503 2731 565 2785 rb
609 2732 751 2788 κατὰ
792 2734 853 2788 rb
900 2735 1009 2789 πᾶν
1058 2732 1270 2805 θέλημα
1318 2729 1653 2805 τυπαθζναι.

87 2826 183 2880 Καὶ
204 2826 328 2879 τόδε
360 2843 428 2895 γε
456 2825 520 2879 rb
551 2825 706 2895 ἅγιον
753 2826 905 2899 παρὰ
935 2827 1057 2881 τόδε
1101 2827 1162 2881 rb
1206 2826 1362 2897 ἅγιον
1392 2826 1575 2901 μεῖζον
1620 2830 1655 2902 ἢ

88 2917 296 2981 πλεῖον,
352 2917 387 2988 ἢ
438 2918 685 2990 πλεῖον,ἦ
717 2919 1091 2990 ὲκτοπώτερον
1145 2921 1427 2993 συγκρίσει
1470 2920 1657 2993 ἑτέρου

88 3011 311 3082 χωρήσει
349 3010 460 3064 ἀπὺ
516 3008 612 3063 τοῦ
660 3010 931 3084 πατρικοῦ
978 3010 1281 3084 θελήματος
1310 3052 1324 3077 ,
1369 3014 1464 3066 καὶ
1498 3012 1658 3067 πάλιν

88 3100 205 3171 παρ’
227 3102 406 3153 ἐκεῖνο
438 3098 593 3155 ἔσται
624 3118 674 3154 τι
703 3100 832 3155 ἄλλο
875 3101 1236 3174 διαφερόντως
1274 3102 1382 3173 (42)
1426 3103 1656 3176 χωροῦν.

88 3196 193 3249 Πᾶν
226 3196 286 3250 δὲ
323 3197 421 3250 καὶ
460 3197 581 3251 ὅλον
616 3197 677 3251 rb
705 3196 917 3269 θέλημα
955 3196 1051 3251 τοῦ
1084 3197 1220 3251 Θεοῦ
1266 3202 1483 3270 ποιήσει
1516 3200 1546 3252 ὁ
1579 3200 1656 3252 εἰ-

90 3285 194 3340 πών
216 3304 234 3321 ο
270 3305 292 3336 ο
335 3288 502 3358 Ἐμὸν
540 3286 739 3359 βρῶμά
767 3287 878 3358 (45)
912 3288 1058 3342 ἐστιν
1087 3285 1175 3340 ἶνα
1224 3288 1435 3359 ποιήσω
1467 3288 1528 3341 rb
1573 3287 1659 3341 θέ-

90 3384 226 3451 λημα
255 3380 355 3434 τοῦ
387 3379 526 3434 Θεοῦ
550 3380 644 3434 τοῦ
671 3380 984 3452 πέμψαντός
1011 3397 1101 3452 με.
1126 3399 1145 3432 ι
1172 3381 1328 3434 Μετὰ
1349 3380 1506 3434 τοῦτο
1531 3380 1660 3450 γοῦν

91 3491 240 3544 φησιν
271 3474 619 3546 εὐχαρίστως
648 3475 776 3546 περὶ
807 3472 902 3528 τοῦ
949 3472 1086 3527 Θεοῦ
1107 3487 1122 3503 ’
1152 3490 1173 3526 t
1215 3473 1381 3527 Οὐδὲν
1434 3473 1659 3526 δύναται

96 3564 259 3631 me;
296 3569 473 3620 ποιεῖν
509 3567 603 3636 ἀφ’
633 3564 828 3620 ἑαυτοῦ
862 3565 1034 3630 οὐδὲν,
1061 3564 1159 3620 ἐὰν
1199 3566 1271 3637 μή
1294 3583 1347 3618 τι
1372 3565 1544 3637 βλέπῃ
1567 3566 1661 3619 τὸν

91 3658 299 3732 Πατέρα
328 3658 622 3713 ποιοῦντα·
651 3659 688 3714 ἃ
715 3657 826 3731 γὰρ
853 3659 947 3713 ἐὰν
992 3661 1120 3731 ποιῇ
1153 3660 1182 3713 ὁ
1212 3660 1402 3731 Πατὴρ
1430 3699 1445 3723 ,
1488 3659 1662 3713 ταῦτα

92 3751 176 3804 καὶ
208 3753 239 3804 δ
264 3751 395 3814 Υἱὸς
420 3752 627 3820 ὁμοίως
656 3753 820 3804 ποιεῖ’
847 3751 876 3803 ὁ
911 3750 1101 3823 Πατὴρ
1131 3752 1321 3821 ἀγαπᾷ
1357 3750 1447 3805 τὸν
1494 3750 1622 3804 Υἱδν
1645 3789 1660 3814 ,

94 3843 178 3895 καὶ
202 3843 382 3897 πάντα
412 3843 685 3897 δείκνυσιν
715 3842 865 3914 αὐτῷ
894 3843 930 3897 ἂ
957 3843 1123 3908 αὐτὸς
1156 3846 1318 3896 ποιεῖ·
1347 3862 1366 3895 ι
1395 3845 1489 3896 καὶ
1522 3843 1664 3915 τάχα

93 3934 173 3989 Mt
197 3935 367 3990 ταῦτα
402 3934 565 3989 εἰκών
599 3936 714 3989 ἐστι
741 3935 835 3990 τοῦ
867 3934 1000 3989 Θεοῦ
1021 3936 1117 3990 τοῦ
1151 3934 1405 4007 ἀοράτου’
1438 3936 1663 4009 καὶγὰρ

98 4023 148 4077 rb
186 4028 241 4079 ἓν
281 4024 438 4096 αὐτῷ
486 4024 697 4097 θέλημα
743 4024 906 4079 εἰκὼν
935 4025 1029 4079 τοῦ
1065 4025 1283 4097 πρώτου
1326 4024 1660 4097 θελήματος,

96 4118 182 4168 καὶ
203 4118 237 4188 ἡ
260 4118 318 4170 ὲν
344 4115 501 4187 αὐτῷ
530 4116 720 4189 θεότης
753 4116 916 4170 εἰκὼν
948 4117 1048 4188 τῆς
1086 4116 1347 4187 ἀληθινῆς
1378 4116 1659 4188 θεότητος’

97 4206 243 4262 εἰκὼν
278 4208 339 4261 δὲ
363 4208 588 4278 καὶτῆς
617 4208 950 4280 ἀγαθότητος
992 4206 1068 4260 ὢν
1112 4206 1205 4261 τοῦ
1245 4206 1456 4279 Πατρός
1490 4222 1625 4278 φησι
1647 4223 1660 4237 ·

103 4315 121 4348 ι
146 4298 207 4350 Τί
237 4316 302 4368 με
351 4297 537 4366 λέγεις
578 4297 817 4368 ἀγαθόνς
862 4318 880 4351 ι
918 4298 1030 4352 Καὶ
1062 4298 1220 4351 τοῦτό
1247 4315 1311 4367 γε
1340 4297 1404 4351 rb
1454 4297 1665 4369 θέλημα

100 4386 429 4461 βρῶμάεστι
469 4386 567 4442 τοῦ
611 4389 740 4443 Υἰοῦ
770 4389 901 4443 ῐδιον
945 4387 1130 4442 αὐτοῦ·
1170 4389 1251 4443 διὸ
1284 4388 1482 4460 βρῶμά
1519 4391 1666 4442 ἐστιν

100 4481 126 4531 δ
148 4481 302 4534 ἐστιν.
336 4482 464 4535 ὀτι
496 4480 555 4534 δὲ
598 4480 661 4534 τὸ
697 4481 827 4551 περὶ
874 4482 973 4552 τῆς
1010 4479 1302 4544 διαθέσεως
1336 4483 1453 4534 ἐστι
1487 4480 1549 4533 τὸ
1580 4479 1667 4534 θέ-

1765 615 2045 671 voluntate
2080 614 2408 671 immutabili
2458 629 2489 669 a
2522 614 2800 672 voluntate
2833 615 3051 684 Patris;
3111 635 3181 676 ne
3234 621 3344 675 sint

1765 706 2000 777 amplius
2054 708 2173 763 dua:
2225 707 2539 763 voluntates
2563 748 2579 775 ,
2620 709 2717 763 sed
2761 723 2866 763 una
2894 708 3143 766 voluntas
3174 727 3190 767 :
3220 726 3344 782 quas

1764 816 1871 855 una
1902 800 2155 856 voluntas
2187 810 2381 857 auctor
2416 810 2503 858 est
2545 801 2685 857 Filio
2735 803 2828 859 Dei
2863 804 3076 860 dicendi
3111 823 3127 860 :
3160 822 3181 860 ι
3230 806 3344 877 Ego

1762 905 1816 949 et
1851 893 2012 950 Pater
2043 911 2208 950 unum
2235 910 2425 952 smnus
2450 895 2497 928 ”
2528 917 2542 949 :
2584 914 2604 947 ι
2638 905 2689 950 et
2727 896 2867 951 lianc
2890 900 2960 953 ob
2983 898 3343 965 voluntatem,

1763 988 1853 1057 qui
1888 1003 2015 1043 eum
2045 989 2202 1054 vidit,
2233 990 2441 1045 viditet
2467 989 2684 1054 Filium,
2723 990 2859 1044 vidit
2884 991 3048 1046 etiam
3084 1007 3210 1047 eum
3250 997 3343 1062 qui

1764 1080 1915 1136 misit
1943 1081 2115 1150 ipsum
2150 1081 2220 1137 ³⁸.
2249 1081 2527 1152 Decetqne
2558 1081 2733 1152 magis
2775 1083 2846 1136 ita
2893 1098 2992 1136 nos
3038 1084 3347 1148 intelligere

1762 1185 2001 1244 paternae
2045 1173 2342 1229 voluntatis
2393 1189 2600 1229 morem
2630 1190 2824 1246 gerere
2867 1174 3090 1245 Filium,
3118 1175 3286 1249 246
3314 1195 3343 1230 a

1761 1282 1867 1336 qua
1899 1266 2182 1323 voluntate
2211 1283 2273 1323 ea
2311 1268 2475 1324 etiam
2509 1281 2635 1339 qua:
2670 1277 2827 1324 extra
2857 1281 2982 1322 eum
3038 1278 3204 1335 sunt,
3250 1271 3342 1338 qui

1762 1358 1899 1427 vult,
1936 1358 2199 1427 praeclare
2232 1358 2375 1414 facta
2407 1370 2568 1428 sunt;
2613 1375 2776 1431 quam
2808 1362 3080 1417 curiosius
3125 1378 3187 1418 ea
3218 1376 3341 1433 qua:

1760 1453 1827 1508 ad
1850 1453 2181 1509 voluntatem
2218 1454 2496 1524 pertinent
2531 1464 2846 1525 spectantes
2872 1495 2887 1521 ,
2922 1454 3102 1512 facere
3143 1457 3339 1511 volun-

1762 1553 1925 1601 tatem
1961 1543 2080 1614 ejus
2105 1545 2196 1614 qui
2232 1546 2420 1614 misit,
2468 1548 2521 1602 in
2556 1546 2822 1603 faciendis
2864 1547 3185 1618 quibusdam
3219 1566 3341 1619 quae

1758 1638 2030 1692 exteriora
2092 1646 2243 1703 sunt,
2308 1639 2544 1708 positum
2596 1639 2937 1695 existimare.
3009 1641 3141 1696 Illud
3190 1644 3337 1697 enim

1760 1730 1918 1800 (dico
1974 1742 2155 1787 autem
2216 1732 2367 1801 illud,
2424 1732 2568 1803 quod
2599 1744 2754 1786 extra
2785 1733 3088 1805 volentem)
3138 1735 3337 1790 factum

1759 1838 2004 1879 seorsum
2032 1839 2062 1878 a
2087 1826 2366 1880 voluntate
2396 1824 2676 1894 praedicta,
2707 1840 2816 1880 non
2839 1835 2926 1881 est
2956 1835 3065 1882 tota
3086 1826 3340 1881 voluntas

1758 1913 1976 1984 Patris;
2009 1931 2132 1972 cum
2154 1918 2355 1987 alioqui
2383 1927 2494 1974 tota
2526 1916 2782 1971 voluntas
2822 1916 3005 1973 Patris
3033 1934 3063 1973 a
3100 1917 3241 1974 Filio
3264 1920 3340 1974 sit

1756 2003 1971 2072 effecta,
2002 2023 2124 2062 cum
2150 2007 2287 2063 velle
2316 2007 2407 2062 Dei
2439 2015 2629 2062 natum
2653 2009 2707 2063 in
2730 2007 2868 2064 Filio
2884 2009 3055 2065 faciat
3078 2010 3193 2066 haec
3217 2025 3339 2080 qua:

1758 2099 1889 2154 velit
1915 2100 2166 2155 voluntas
2197 2099 2290 2155 Dei
2322 2121 2335 2156 :
2365 2100 2483 2156 solo
2516 2099 2653 2155 Filio
2680 2102 2933 2171 capiente
2964 2109 3131 2156 totam
3160 2100 3339 2156 Patris

1758 2190 2098 2248 voluntatem
2138 2211 2151 2247 :
2186 2208 2348 2264 quam
2389 2192 2557 2248 etiam
2603 2193 2672 2249 ob
2694 2208 2917 2250 causam
2964 2194 3141 2265 imago
3168 2194 3339 2264 ipsius

1759 2295 1845 2341 est
1890 2287 1937 2320 ³⁸
1971 2304 1985 2340 :
2018 2287 2070 2342 id
2105 2288 2249 2358 quod
2281 2287 2445 2342 etiam
2494 2288 2559 2342 de
2606 2286 2813 2357 Spiritu
2848 2298 3038 2344 sancto
3088 2288 3340 2345 conside-

1761 2379 1991 2432 randum
2022 2388 2127 2435 est.
2176 2379 2450 2434 Caeterum
2508 2379 2702 2449 reliqui
2732 2381 2906 2436 sancti
2940 2381 3073 2436 nihil
3121 2381 3337 2451 quidem

1760 2470 1962 2526 facient
1995 2482 2192 2541 praeter
2232 2474 2566 2532 voluntatem
2614 2476 2747 2542 Dei,
2792 2485 2953 2546 atque
2997 2475 3175 2530 omnia
3210 2490 3337 2545 pro-

1761 2558 1904 2614 fecto
1956 2576 2076 2627 quae
2127 2562 2349 2632 facient,
2411 2566 2610 2621 facient
2658 2566 2956 2621 secundum
3005 2566 3337 2621 voluntatem

1763 2652 1893 2720 Dei,
1919 2654 2061 2709 haud
2094 2664 2272 2711 tamen
2316 2669 2374 2713 ut
2418 2669 2527 2715 tota
2563 2660 2656 2714 Dei
2696 2661 2949 2714 voluntas
2994 2658 3341 2729 imprimatur

1761 2746 1816 2801 in
1847 2747 1947 2801 eis.
1981 2746 2120 2814 Quin
2154 2750 2257 2804 lioc
2289 2762 2540 2806 sanctum
2566 2768 2675 2821 pra:
2714 2752 2807 2807 illo
2837 2760 3026 2806 sancto
3062 2751 3256 2806 melius
3284 2762 3341 2804 et

1760 2837 1958 2910 majus,
1991 2839 2112 2911 plus
2139 2851 2304 2910 atque
2329 2846 2643 2912 expressius
2675 2844 2932 2913 percipiet
2966 2859 3031 2898 ex
3062 2844 3343 2897 voluntate

1760 2938 2012 3000 paterna,
2045 2934 2460 3003 comparatione
2494 2935 2738 3000 alterius,
2784 2951 2892 3005 quo
2920 2945 3115 2991 sancto
3150 2949 3341 2990 rursus

1760 3024 1905 3080 aliud
1944 3033 2193 3080 sanctum
2248 3027 2607 3085 excellentius
2658 3029 2940 3099 percipiet.
3001 3030 3072 3082 At
3117 3041 3335 3081 omnem

1762 3116 2178 3186 universamque
2210 3119 2299 3174 Dei
2324 3120 2661 3175 voluntatem
2688 3120 2776 3176 ille
2795 3119 2955 3175 faciet
2984 3119 3077 3189 qui
3102 3117 3334 3175 dixit”:

1688 3230 1729 3286 c
1770 3229 1788 3262 ι
1816 3209 1965 3265 Meus
1995 3210 2149 3264 cibus
2175 3221 2259 3265 est
2291 3221 2349 3265 ut
2379 3210 2574 3267 faciam
2604 3213 2934 3268 voluntatem
2959 3231 2978 3265 ι
3016 3212 3108 3267 Dei
3133 3252 3150 3279 ,
3200 3230 3220 3263 ι
3247 3211 3339 3280 qui

1764 3304 1911 3356 misit
1938 3315 2043 3355 me.
2073 3320 2094 3355 ι
2123 3300 2252 3357 Post
2279 3304 2394 3358 haec
2427 3304 2595 3374 igitur
2636 3304 2703 3359 de
2745 3304 2860 3359 Deo
2894 3304 3070 3374 inquit
3099 3303 3338 3374 gratiose

1762 3396 2051 3449 admodum
2086 3413 2101 3450 :
2136 3394 2315 3450 «Nihil
2338 3406 2524 3467 potest
2568 3397 2742 3454 Filius
2789 3397 2973 3453 facere
3018 3412 3048 3452 a
3089 3411 3152 3453 se
3197 3386 3345 3466 ipso,

1763 3487 1865 3542 nisi
1898 3486 2098 3543 viderit
2135 3486 2351 3543 Patrem
2384 3488 2591 3560 aliquid
2640 3488 2972 3554 facientem;
3026 3503 3147 3560 qua:
3189 3490 3337 3544 enim

1761 3576 1926 3632 Pater
1946 3577 2097 3645 facit,
2124 3593 2187 3634 ea
2219 3579 2472 3635 similiter
2494 3590 2551 3635 et
2571 3579 2747 3635 Filius
2779 3579 2946 3645 facit;
2980 3578 3145 3634 Pater
3165 3578 3344 3649 diligit

1762 3667 1979 3733 Filium,
2011 3677 2065 3722 et
2086 3668 2267 3723 omnia
2302 3669 2376 3722 illi
2403 3671 2642 3724 ostendit
2664 3685 2785 3737 quae
2816 3670 2933 3739 ipse
2958 3671 3083 3726 facit
3117 3669 3200 3736 ³⁸;
3233 3689 3253 3723 ι
3292 3681 3348 3726 et

1765 3760 2013 3816 fortassis
2068 3761 2211 3815 lianc
2256 3761 2326 3816 ob
2375 3775 2597 3816 causam
2657 3764 2839 3831 imago
2892 3772 2977 3817 est
3018 3762 3113 3817 Dei
3158 3761 3347 3816 invisi-

1763 3851 1890 3906 bilis
1921 3851 1965 3885 ³³
2003 3869 2017 3906 :
2060 3852 2263 3907 etenim
2292 3851 2547 3907 voluntas
2571 3893 2587 3917 ,
2620 3867 2742 3920 qua
2772 3853 2823 3905 in
2851 3852 2969 3922 ipso
2999 3862 3116 3919 est,
3164 3853 3347 3920 imago

1764 3949 1848 3993 est
1874 3938 1893 4010 [
1915 3939 2053 4010 (4⁸5⁸)
2092 3940 2287 4009 prima:
2314 3939 2651 4003 voluntatis;
2686 3951 2740 3995 et
2767 3955 2889 4010 qua:
2912 3943 2966 3995 in
2996 3954 3061 3995 eo
3090 3950 3174 3996 est
3200 3940 3344 3995 divi-

1765 4032 1927 4094 nitas,
1959 4032 2136 4101 imago
2188 4030 2294 4104 est]
2351 4045 2499 4086 vera:
2538 4031 2841 4087 divinitatis
2877 4050 2892 4086 :
2925 4032 3105 4102 imago
3156 4040 3341 4086 autem
3432 4068 3435 4069 ν

1766 4125 1932 4179 etiam
1975 4127 2248 4180 exsistens
2299 4125 2561 4179 bonitatis
2611 4124 2792 4181 Patris
2826 4124 2896 4192 δ’,
2942 4126 3154 4196 inquit:
3187 4142 3207 4176 ι
3235 4124 3347 4178 Cur

1768 4232 1855 4273 me
1883 4232 2044 4273 vocas
2071 4218 2275 4273 bonum
2305 4217 2389 4271 ιιι
2423 4237 2441 4271 ι
2493 4217 2558 4271 Ει
2594 4232 2725 4272 sane
2759 4218 3011 4274 voluntas
3037 4220 3156 4274 haec
3188 4217 3349 4274 cibus

1766 4303 1849 4362 est
1899 4308 2018 4363 Filii
2061 4310 2178 4376 Dei,
2230 4321 2395 4381 atque
2452 4312 2528 4367 illi
2581 4314 2835 4384 proprius
2883 4311 3004 4368 ideo
3054 4312 3213 4367 cibus
3261 4317 3351 4365 est

1768 4403 1910 4471 quod
1944 4403 2189 4458 voluntas
2238 4414 2341 4459 est.
2396 4403 2549 4470 Quod
2592 4415 2776 4460 autem
2836 4403 3088 4459 voluntas
3116 4403 3190 4458 sit
3221 4416 3347 4471 quas

1767 4493 2005 4562 pertinet
2026 4497 2092 4547 ad
2116 4495 2529 4565 dispositionem
2551 4540 2566 4560 ,
2599 4498 2845 4551 declarat
2883 4495 2975 4565 qui
3004 4492 3349 4562 subiungitur

101 4570 256 4641 λημα,
283 4573 439 4646 δηλοί
478 4574 513 4644 ἡ
544 4573 913 4644 ἐπιφερομένη
944 4570 1109 4637 λέξις,
1148 4571 1399 4643 δεύτερον
1435 4571 1657 4640 λέγουσα

1773 4595 2100 4649 contextus,
2156 4591 2399 4643 secundo
2460 4591 2690 4655 dicens,
2756 4599 2881 4660 post
2940 4588 3349 4644 exsecutionem

104 4663 229 4731 μετὰ
250 4664 349 4737 τὴν
384 4665 603 4736 ποίησιν
641 4664 734 4717 τοῦ
775 4664 1079 4735 θελήματος
1120 4664 1182 4716 rb
1232 4662 1567 4718 τελειοῦσθαι
1604 4664 1666 4716 τὸ

104 4750 248 4823 ἔργον
283 4752 381 4806 τοῦ
410 4752 570 4807 Θεοῦ.

170 4848 248 4902 37.
284 4848 573 4902 Ἐπιπλέον
601 4847 657 4900 δὲ
689 4849 783 4901 καὶ⁸
811 4848 938 4917 περὶ
979 4847 1169 4900 τούτου
1209 4846 1514 4918 θεωρητέον
1540 4887 1554 4911 ,
1601 4846 1666 4898 ἶν’

110 4937 320 5009 εἰδῶμεν
346 4939 401 4991 τι
435 4942 553 4992 ἐστι
601 4938 696 4991 καὶ
731 4939 825 4991 τό’
871 4957 888 4988 ι
922 4938 1208 4992 Τελειὼσω
1251 4938 1417 4993 αὐτοῦ
1468 4940 1529 4991 rb
1571 4937 1664 5009 ἔρ-

109 5045 213 5097 γον.
250 5051 268 5082 ι
303 5031 367 5083 Εἰ
399 5031 501 5101 μὲν
523 5025 617 5084 οὖν
636 5046 722 5093 τις
748 5028 1110 5102 ἁπλούστερον
1137 5032 1281 5102 ἐρεῖ,
1314 5030 1395 5083 ὅτι
1420 5029 1481 5083 rb
1501 5045 1668 5099 προσ-

109 5126 424 5198 τεταγμένον
467 5125 629 5197 ἔργον
667 5126 804 5196 ὅπερ
829 5125 942 5196 (44)
974 5125 1140 5180 αὑτοῦ
1170 5129 1286 5179 ἐστι
1315 5126 1409 5179 τοῦ
1441 5124 1672 5197 προστά-

1774 4677 2062 4732 voluntatis
2083 4679 2269 4749 perﬁci
2303 4697 2439 4750 opus
2472 4681 2586 4737 Dei.
2636 4725 2645 4733 .

1843 4858 1935 4915 57.
1968 4858 2076 4916 Sed
2099 4861 2301 4918 diutius
2324 4863 2760 4919 considerandus
2806 4871 2891 4919 est
2917 4863 3005 4917 hic
3039 4868 3348 4921 contextus,

1774 4961 1834 5007 ut
1868 4952 2233 5025 intelligamus
2282 4957 2387 5011 hoc
2439 4957 2685 5021 dictum,
2743 4970 2974 5024 nempe,
3021 4972 3038 5006 σ
3068 4951 3347 5020 perficiant

1775 5059 1915 5114 opus
1965 5048 2201 5117 ipsiusu
2258 5050 2438 5119 Atque
2489 5049 2688 5118 aliquis
2742 5048 2961 5116 quidem
3028 5044 3352 5116 simpliciter

1779 5137 1923 5191 dicet
1953 5137 2259 5217 iniunctum
2292 5154 2428 5208 opus
2457 5177 2473 5202 ,
2518 5139 2660 5192 illius
2682 5152 2803 5191 esse
2831 5137 2921 5206 qui
2950 5134 3111 5204 jussit
3138 5151 3152 5189 :
3184 5132 3348 5187 veluti

116 5216 316 5282 ξαντος,
374 5220 451 5283 ὡς
485 5221 546 5272 εἰ
594 5220 688 5272 ἐπὶ
727 5218 1184 5290 παραδειγμάτων
1239 5218 1499 5288 ἐλέγομεν
1548 5217 1657 5281 τοὺς

1780 5225 1850 5291 si,
1881 5229 2031 5282 verbi
2060 5222 2261 5296 gratia,
2300 5230 2604 5283 diceremus
2634 5241 2739 5312 eos
2771 5228 2860 5296 qui
2890 5225 3195 5291 fabricant,
3233 5225 3357 5294 qui-

182 5358 224 5429 ‘f
260 5357 415 5415 Joan.
457 5375 516 5419 κ,
562 5360 649 5417 50.
728 5360 772 5391 ³⁸
796 5359 953 5415 Joan.
982 5374 1084 5419 xu,
1112 5358 1205 5429 οὕ.
1281 5358 1326 5389 ³⁸
1355 5357 1395 5411 ll
1431 5357 1554 5429 Cor.
1582 5373 1656 5425 tv,

1819 5362 1865 5394 "
1891 5360 2051 5418 Joan.
2083 5379 2159 5429 tv,
2181 5364 2272 5419 54.
2350 5364 2394 5396 ³⁸
2424 5363 2580 5419 Joan.
2602 5379 2653 5426 v,
2688 5364 2770 5428 l9,
2805 5363 2899 5422 20.
2975 5363 3018 5395 ”
3049 5360 3164 5418 Col.
3193 5377 3233 5427 ι,
3264 5359 3352 5414 15.

119 5418 169 5459 ⁸⁸
200 5428 321 5500 Sap.
347 5445 441 5497 vtt,
473 5418 567 5484 26.
647 5430 701 5493 ⁸⁸,
723 5430 890 5485 Marc.
922 5445 977 5494 x,
1014 5418 1080 5494 8;
1106 5428 1238 5483 Luc.
1269 5444 1426 5493 xvttt,
1457 5428 1551 5481 l9.

184 5539 292 5614 (39)
322 5543 505 5614 Ἀλλὰ
536 5543 606 5598 ἐν
642 5542 888 5614 θέλημα.
926 5542 1002 5599 Ita
1029 5546 1198 5599 codex
1222 5543 1585 5609 Bodleianus;
1614 5547 1667 5598 in

124 5607 283 5680 Regio
305 5612 452 5667 deest
477 5613 560 5667 έν.

206 5680 291 5747 ω)
313 5680 580 5738 Μᾶλλον.
608 5683 766 5739 Deest
786 5685 842 5739 in
877 5684 1064 5739 codice
1104 5683 1417 5737 Bodleiano.

218 5752 293 5824 ιι)
320 5755 495 5824 godex
522 5754 745 5823 Regius,
778 5770 1083 5824 perperam,
1118 5754 1360 5824 ποιῆσαι.
1395 5754 1593 5808 Ibidem
1635 5768 1667 5808 e

130 5822 301 5873 codice
323 5820 980 5880 Bodleiano'restituimus
1003 5826 1121 5878 inec
1154 5820 1341 5886 verba,
1409 5824 1504 5878 καὶ
1545 5824 1671 5880 πάν·

133 5906 196 5943 τα
219 5909 279 5965 τε
294 5890 330 5944 ἃ
345 5896 577 5968 ’ποιήσειθ
594 5895 809 5964 ποιήσει
831 5892 972 5948 κατὰ
1002 5892 1160 5962 βούλη
1170 5911 1246 5961 μα
1266 5893 1359 5948 τοῦ
1382 5893 1540 5949 Θεοῦ.

1873 5546 1963 5611 42)
1991 5545 2175 5600 Codex
2209 5543 2432 5615 Regius,
2470 5542 2630 5615 male,
2660 5542 3026 5615 διαφέροντος.

1873 5607 1965 5685 45)
2012 5615 2182 5684 Ἐμὸν
2219 5607 2451 5682 βρὶὖμα.
2487 5613 2579 5669 Sic
2616 5607 2795 5670 'codeit
2823 5607 3189 5679 Bodleianus;
3245 5607 3353 5668 Re-

1778 5686 1898 5756 gius
1916 5686 2109 5756 om_i_sit
2140 5685 2290 5755 ὲμόν.

1852 5755 1989 5824 (43')
2009 5754 2135 5810 Haec
2169 5753 2538 5824 Supplevimus
2562 5770 2594 5809 e
2620 5753 2892 5809 Perionio.

1853 5826 1964 5899 (ιι)
1992 5826 2197 5894 Ὅπερ.
2226 5826 2451 5883 Videtur
2477 5825 2794 5897 παρέλκειν.
