  <div class='ocr_page' id='page_1' title='image "/cluster/home/n/w/nwhite01/storage/ocr_20150623/14/hvd.32044024333478/239.png"; bbox 0 0 3826 6534; ppageno 0'>
   <div class='ocr_carea' id='block_1_1' title="bbox 491 337 600 392">
    <p class='ocr_par' dir='ltr' id='par_1_1' title="bbox 491 337 600 392">
     <span class='ocr_line' id='line_1_1' title="bbox 491 337 600 392; baseline 0.037 -4"><span class='ocrx_word' id='word_1_1' title='bbox 491 337 600 392; x_wconf 66' lang='grc' dir='ltr'><strong>6ϋό</strong></span> 
     </span>
    </p>
   </div>
   <div class='ocr_carea' id='block_1_2' title="bbox 1959 335 3746 402">
    <p class='ocr_par' dir='ltr' id='par_1_2' title="bbox 1959 335 3746 402">
     <span class='ocr_line' id='line_1_2' title="bbox 1959 335 3746 402; baseline 0.004 -9"><span class='ocrx_word' id='word_1_2' title='bbox 1959 335 2286 394; x_wconf 79' lang='lat' dir='ltr'><strong>ORIGENIS</strong></span> <span class='ocrx_word' id='word_1_3' title='bbox 3659 348 3746 402; x_wconf 59' lang='lat' dir='ltr'><strong>itii</strong></span> 
     </span>
    </p>
   </div>
   <div class='ocr_carea' id='block_1_3' title="bbox 486 458 2060 536">
    <p class='ocr_par' dir='ltr' id='par_1_3' title="bbox 486 458 2060 530">
     <span class='ocr_line' id='line_1_3' title="bbox 486 458 2060 530; baseline 0.002 -19"><span class='ocrx_word' id='word_1_4' title='bbox 486 472 594 528; x_wconf 90' lang='lat' dir='ltr'><strong>que</strong></span> <span class='ocrx_word' id='word_1_5' title='bbox 627 466 833 512; x_wconf 82' lang='lat' dir='ltr'><strong>terram</strong></span> <span class='ocrx_word' id='word_1_6' title='bbox 868 467 1067 525; x_wconf 89' lang='lat' dir='ltr'><strong>arant,</strong></span> <span class='ocrx_word' id='word_1_7' title='bbox 1121 459 1304 514; x_wconf 81' lang='lat' dir='ltr'><strong>dicere</strong></span> <span class='ocrx_word' id='word_1_8' title='bbox 1338 473 1396 515; x_wconf 91' lang='lat' dir='ltr'><strong>se</strong></span> <span class='ocrx_word' id='word_1_9' title='bbox 1436 458 1699 530; x_wconf 86' lang='lat' dir='ltr'><strong>perﬁcere</strong></span> <span class='ocrx_word' id='word_1_10' title='bbox 1753 474 1888 529; x_wconf 89' lang='lat' dir='ltr'><strong>opus</strong></span> <span class='ocrx_word' id='word_1_11' title='bbox 1930 458 2060 514; x_wconf 73' lang='lat' dir='ltr'><strong>illius</strong></span> 
     </span>
    </p>
   </div>
   <div class='ocr_carea' id='block_1_4' title="bbox 2173 458 3749 536">
    <p class='ocr_par' dir='ltr' id='par_1_4' title="bbox 2182 460 3749 536">
     <span class='ocr_line' id='line_1_4' title="bbox 2182 460 3749 536; baseline 0.009 -23"><span class='ocrx_word' id='word_1_12' title='bbox 2182 460 2596 532; x_wconf 75' lang='grc' dir='ltr'><strong>οἰκοδομοῦντας</strong></span> <span class='ocrx_word' id='word_1_13' title='bbox 2648 463 2680 535; x_wconf 78' lang='grc' dir='ltr'>ἢ</span> <span class='ocrx_word' id='word_1_14' title='bbox 2734 463 3118 536; x_wconf 81' lang='grc' dir='ltr'><strong>γεωργοῦντας</strong></span> <span class='ocrx_word' id='word_1_15' title='bbox 3163 466 3393 536; x_wconf 80' lang='grc' dir='ltr'>φάσκειν</span> <span class='ocrx_word' id='word_1_16' title='bbox 3421 468 3657 526; x_wconf 76' lang='grc' dir='ltr'><strong>τελειοῦν</strong></span> <span class='ocrx_word' id='word_1_17' title='bbox 3698 477 3749 527; x_wconf 67' lang='grc' dir='ltr'><strong>τὸ</strong></span> 
     </span>
    </p>
   </div>
   <div class='ocr_carea' id='block_1_5' title="bbox 488 550 2071 623">
    <p class='ocr_par' dir='ltr' id='par_1_5' title="bbox 488 550 2071 623">
     <span class='ocr_line' id='line_1_5' title="bbox 488 550 2071 623; baseline 0.003 -22"><span class='ocrx_word' id='word_1_18' title='bbox 488 550 580 619; x_wconf 89' lang='lat' dir='ltr'><strong>qui</strong></span> <span class='ocrx_word' id='word_1_19' title='bbox 608 565 703 605; x_wconf 85' lang='lat' dir='ltr'><strong>eos</strong></span> <span class='ocrx_word' id='word_1_20' title='bbox 727 554 1055 621; x_wconf 90' lang='lat' dir='ltr'><strong>sumpsisset</strong></span> <span class='ocrx_word' id='word_1_21' title='bbox 1078 553 1145 605; x_wconf 86' lang='lat' dir='ltr'><strong>ad</strong></span> <span class='ocrx_word' id='word_1_22' title='bbox 1171 550 1389 622; x_wconf 83' lang='lat' dir='ltr'><strong>aliquod</strong></span> <span class='ocrx_word' id='word_1_23' title='bbox 1415 568 1553 623; x_wconf 87' lang='lat' dir='ltr'><strong>opus</strong></span> <span class='ocrx_word' id='word_1_24' title='bbox 1590 551 1919 615; x_wconf 88' lang='lat' dir='ltr'><strong>obeundum,</strong></span> <span class='ocrx_word' id='word_1_25' title='bbox 1945 552 2071 607; x_wconf 92' lang='lat' dir='ltr'><strong>dum</strong></span> 
     </span>
    </p>
   </div>
   <div class='ocr_carea' id='block_1_6' title="bbox 490 644 2075 718">
    <p class='ocr_par' dir='ltr' id='par_1_6' title="bbox 490 644 2075 718">
     <span class='ocr_line' id='line_1_6' title="bbox 490 644 2075 718; baseline 0.004 -22"><span class='ocrx_word' id='word_1_26' title='bbox 490 644 814 711; x_wconf 88' lang='lat' dir='ltr'><strong>perficerent</strong></span> <span class='ocrx_word' id='word_1_27' title='bbox 846 644 974 700; x_wconf 88' lang='lat' dir='ltr'><strong>illud</strong></span> <span class='ocrx_word' id='word_1_28' title='bbox 1001 644 1157 715; x_wconf 83' lang='lat' dir='ltr'><strong>cujus</strong></span> <span class='ocrx_word' id='word_1_29' title='bbox 1179 648 1351 717; x_wconf 81' lang='lat' dir='ltr'><strong>gratia</strong></span> <span class='ocrx_word' id='word_1_30' title='bbox 1371 646 1635 718; x_wconf 88' lang='lat' dir='ltr'><strong>assumpti</strong></span> <span class='ocrx_word' id='word_1_31' title='bbox 1663 645 1898 701; x_wconf 85' lang='lat' dir='ltr'><strong>fuerant.</strong></span> <span class='ocrx_word' id='word_1_32' title='bbox 1923 647 2075 702; x_wconf 82' lang='lat' dir='ltr'><strong>Alius</strong></span> 
     </span>
    </p>
   </div>
   <div class='ocr_carea' id='block_1_7' title="bbox 457 735 2071 809">
    <p class='ocr_par' dir='ltr' id='par_1_7' title="bbox 457 735 2071 809">
     <span class='ocr_line' id='line_1_7' title="bbox 457 735 2071 809; baseline 0.004 -20"><span class='ocrx_word' id='word_1_33' title='bbox 457 752 622 809; x_wconf 31' lang='lat' dir='ltr'><strong>‘vero</strong></span> <span class='ocrx_word' id='word_1_34' title='bbox 648 737 897 791; x_wconf 86' lang='lat' dir='ltr'><strong>dicturus</strong></span> <span class='ocrx_word' id='word_1_35' title='bbox 922 747 1031 803; x_wconf 89' lang='lat' dir='ltr'><strong>est,</strong></span> <span class='ocrx_word' id='word_1_36' title='bbox 1063 739 1106 794; x_wconf 89' lang='lat' dir='ltr'><strong>si</strong></span> <span class='ocrx_word' id='word_1_37' title='bbox 1140 738 1458 809; x_wconf 83' lang='lat' dir='ltr'><strong>perﬁciatur</strong></span> <span class='ocrx_word' id='word_1_38' title='bbox 1479 754 1615 808; x_wconf 91' lang='lat' dir='ltr'><strong>opus</strong></span> <span class='ocrx_word' id='word_1_39' title='bbox 1646 736 1736 793; x_wconf 88' lang='lat' dir='ltr'><strong>Dei</strong></span> <span class='ocrx_word' id='word_1_40' title='bbox 1766 754 1794 791; x_wconf 89' lang='lat' dir='ltr'><strong>a</strong></span> <span class='ocrx_word' id='word_1_41' title='bbox 1828 735 2071 804; x_wconf 79' lang='lat' dir='ltr'><strong>Christo,</strong></span> 
     </span>
    </p>
   </div>
   <div class='ocr_carea' id='block_1_8' title="bbox 458 812 2072 905">
    <p class='ocr_par' dir='ltr' id='par_1_8' title="bbox 458 812 2072 905">
     <span class='ocr_line' id='line_1_8' title="bbox 458 812 2072 905; baseline -0.001 -18"><span class='ocrx_word' id='word_1_42' title='bbox 458 812 651 905; x_wconf 67' lang='grc'><strong>³24³1</strong></span> <span class='ocrx_word' id='word_1_43' title='bbox 701 830 913 903; x_wconf 78' lang='lat' dir='ltr'><strong>liquere</strong></span> <span class='ocrx_word' id='word_1_44' title='bbox 958 832 1062 887; x_wconf 84' lang='lat' dir='ltr'><strong>hoc</strong></span> <span class='ocrx_word' id='word_1_45' title='bbox 1098 830 1479 902; x_wconf 84' lang='lat' dir='ltr'><strong>imperfectum</strong></span> <span class='ocrx_word' id='word_1_46' title='bbox 1529 831 1727 898; x_wconf 81' lang='lat' dir='ltr'><strong>fuisse,</strong></span> <span class='ocrx_word' id='word_1_47' title='bbox 1780 841 2072 902; x_wconf 90' lang='lat' dir='ltr'><strong>antequam</strong></span> 
     </span>
    </p>
   </div>
   <div class='ocr_carea' id='block_1_9' title="bbox 487 922 2075 997">
    <p class='ocr_par' dir='ltr' id='par_1_9' title="bbox 487 922 2075 997">
     <span class='ocr_line' id='line_1_9' title="bbox 487 922 2075 997; baseline 0 -16"><span class='ocrx_word' id='word_1_48' title='bbox 487 928 869 997; x_wconf 89' lang='lat' dir='ltr'><strong>perﬁceretur.</strong></span> <span class='ocrx_word' id='word_1_49' title='bbox 908 925 1016 981; x_wconf 88' lang='lat' dir='ltr'><strong>Sed</strong></span> <span class='ocrx_word' id='word_1_50' title='bbox 1051 922 1325 995; x_wconf 91' lang='lat' dir='ltr'><strong>quomodo</strong></span> <span class='ocrx_word' id='word_1_51' title='bbox 1368 924 1745 997; x_wconf 87' lang='lat' dir='ltr'><strong>imperfectum</strong></span> <span class='ocrx_word' id='word_1_52' title='bbox 1785 936 1907 980; x_wconf 92' lang='lat' dir='ltr'><strong>erat</strong></span> <span class='ocrx_word' id='word_1_53' title='bbox 1938 940 2075 996; x_wconf 82' lang='lat' dir='ltr'><strong>Opus</strong></span> 
     </span>
    </p>
   </div>
   <div class='ocr_carea' id='block_1_10' title="bbox 462 1000 2072 1091">
    <p class='ocr_par' dir='ltr' id='par_1_10' title="bbox 462 1000 2072 1091">
     <span class='ocr_line' id='line_1_10' title="bbox 462 1000 2072 1091; baseline -0.001 -15"><span class='ocrx_word' id='word_1_54' title='bbox 462 1000 760 1077; x_wconf 48' lang='lat' dir='ltr'><strong>:exsistens</strong></span> <span class='ocrx_word' id='word_1_55' title='bbox 804 1019 938 1077; x_wconf 84' lang='lat' dir='ltr'><strong>Dei?</strong></span> <span class='ocrx_word' id='word_1_56' title='bbox 988 1034 1283 1091; x_wconf 83' lang='lat' dir='ltr'><strong>rursusque</strong></span> <span class='ocrx_word' id='word_1_57' title='bbox 1338 1020 1606 1091; x_wconf 88' lang='lat' dir='ltr'><strong>quomodo</strong></span> <span class='ocrx_word' id='word_1_58' title='bbox 1653 1019 1932 1090; x_wconf 76' lang='lat' dir='ltr'><strong>perficitur</strong></span> <span class='ocrx_word' id='word_1_59' title='bbox 1978 1020 2072 1075; x_wconf 87' lang='lat' dir='ltr'><strong>Dei</strong></span> 
     </span>
    </p>
   </div>
   <div class='ocr_carea' id='block_1_11' title="bbox 488 1111 2075 1183">
    <p class='ocr_par' dir='ltr' id='par_1_11' title="bbox 488 1111 2075 1183">
     <span class='ocr_line' id='line_1_11' title="bbox 488 1111 2075 1183; baseline 0.003 -19"><span class='ocrx_word' id='word_1_60' title='bbox 488 1128 627 1183; x_wconf 82' lang='lat' dir='ltr'><strong>opus</strong></span> <span class='ocrx_word' id='word_1_61' title='bbox 653 1114 722 1169; x_wconf 88' lang='lat' dir='ltr'><strong>ab</strong></span> <span class='ocrx_word' id='word_1_62' title='bbox 751 1128 816 1168; x_wconf 91' lang='lat' dir='ltr'><strong>co</strong></span> <span class='ocrx_word' id='word_1_63' title='bbox 845 1113 934 1183; x_wconf 90' lang='lat' dir='ltr'><strong>qui</strong></span> <span class='ocrx_word' id='word_1_64' title='bbox 967 1112 1127 1168; x_wconf 83' lang='lat' dir='ltr'><strong>dixit:</strong></span> <span class='ocrx_word' id='word_1_65' title='bbox 1164 1129 1183 1163; x_wconf 77' lang='grc' dir='ltr'><strong>ι</strong></span> <span class='ocrx_word' id='word_1_66' title='bbox 1231 1111 1426 1180; x_wconf 83' lang='lat' dir='ltr'><strong>Pater,</strong></span> <span class='ocrx_word' id='word_1_67' title='bbox 1453 1113 1545 1183; x_wconf 88' lang='lat' dir='ltr'><strong>qui</strong></span> <span class='ocrx_word' id='word_1_68' title='bbox 1577 1113 1725 1168; x_wconf 84' lang='lat' dir='ltr'><strong>misit</strong></span> <span class='ocrx_word' id='word_1_69' title='bbox 1750 1128 1836 1169; x_wconf 86' lang='lat' dir='ltr'><strong>me</strong></span> <span class='ocrx_word' id='word_1_70' title='bbox 1858 1154 1873 1178; x_wconf 90' lang='lat'><strong>,</strong></span> <span class='ocrx_word' id='word_1_71' title='bbox 1903 1112 2075 1181; x_wconf 81' lang='lat' dir='ltr'><strong>major</strong></span> 
     </span>
    </p>
   </div>
   <div class='ocr_carea' id='block_1_12' title="bbox 486 1204 2076 1276">
    <p class='ocr_par' dir='ltr' id='par_1_12' title="bbox 486 1204 2076 1276">
     <span class='ocr_line' id='line_1_12' title="bbox 486 1204 2076 1276; baseline 0.001 -17"><span class='ocrx_word' id='word_1_72' title='bbox 486 1222 577 1260; x_wconf 85' lang='lat' dir='ltr'><strong>me</strong></span> <span class='ocrx_word' id='word_1_73' title='bbox 620 1205 815 1261; x_wconf 78' lang='lat' dir='ltr'><strong>est&quot;?</strong></span> <span class='ocrx_word' id='word_1_74' title='bbox 855 1225 875 1259; x_wconf 73' lang='grc' dir='ltr'><strong>ι</strong></span> <span class='ocrx_word' id='word_1_75' title='bbox 934 1206 1030 1261; x_wconf 89' lang='lat' dir='ltr'><strong>sed</strong></span> <span class='ocrx_word' id='word_1_76' title='bbox 1085 1204 1350 1275; x_wconf 78' lang='lat' dir='ltr'><strong>perfectio</strong></span> <span class='ocrx_word' id='word_1_77' title='bbox 1406 1205 1591 1276; x_wconf 88' lang='lat' dir='ltr'><strong>operis</strong></span> <span class='ocrx_word' id='word_1_78' title='bbox 1638 1204 1903 1275; x_wconf 78' lang='lat' dir='ltr'><strong>perfectio</strong></span> <span class='ocrx_word' id='word_1_79' title='bbox 1953 1215 2076 1261; x_wconf 85' lang='lat' dir='ltr'><strong>crat</strong></span> 
     </span>
    </p>
   </div>
   <div class='ocr_carea' id='block_1_13' title="bbox 486 1295 2072 1367">
    <p class='ocr_par' dir='ltr' id='par_1_13' title="bbox 486 1295 2072 1367">
     <span class='ocr_line' id='line_1_13' title="bbox 486 1295 2072 1367; baseline 0.001 -16"><span class='ocrx_word' id='word_1_80' title='bbox 486 1308 695 1364; x_wconf 65' lang='lat' dir='ltr'><strong>naturae</strong></span> <span class='ocrx_word' id='word_1_81' title='bbox 747 1297 892 1352; x_wconf 89' lang='lat' dir='ltr'><strong>illius</strong></span> <span class='ocrx_word' id='word_1_82' title='bbox 935 1311 1059 1366; x_wconf 64' lang='lat' dir='ltr'><strong>quae</strong></span> <span class='ocrx_word' id='word_1_83' title='bbox 1113 1295 1343 1353; x_wconf 84' lang='lat' dir='ltr'><strong>rationis</strong></span> <span class='ocrx_word' id='word_1_84' title='bbox 1380 1307 1466 1351; x_wconf 89' lang='lat' dir='ltr'><strong>est</strong></span> <span class='ocrx_word' id='word_1_85' title='bbox 1506 1311 1773 1367; x_wconf 86' lang='lat' dir='ltr'><strong>compos:</strong></span> <span class='ocrx_word' id='word_1_86' title='bbox 1832 1298 1901 1353; x_wconf 90' lang='lat' dir='ltr'><strong>ad</strong></span> <span class='ocrx_word' id='word_1_87' title='bbox 1932 1298 2072 1354; x_wconf 86' lang='lat' dir='ltr'><strong>hanc</strong></span> 
     </span>
    </p>
   </div>
   <div class='ocr_carea' id='block_1_14' title="bbox 484 1390 2073 1462">
    <p class='ocr_par' dir='ltr' id='par_1_14' title="bbox 484 1390 2073 1462">
     <span class='ocr_line' id='line_1_14' title="bbox 484 1390 2073 1462; baseline -0.001 -16"><span class='ocrx_word' id='word_1_88' title='bbox 484 1390 627 1446; x_wconf 90' lang='lat' dir='ltr'><strong>enim</strong></span> <span class='ocrx_word' id='word_1_89' title='bbox 675 1400 960 1453; x_wconf 89' lang='lat' dir='ltr'><strong>naturam,</strong></span> <span class='ocrx_word' id='word_1_90' title='bbox 1001 1405 1122 1462; x_wconf 58' lang='lat' dir='ltr'><strong>qua</strong></span> <span class='ocrx_word' id='word_1_91' title='bbox 1180 1390 1410 1445; x_wconf 85' lang='lat' dir='ltr'><strong>rationis</strong></span> <span class='ocrx_word' id='word_1_92' title='bbox 1459 1400 1543 1444; x_wconf 90' lang='lat' dir='ltr'><strong>est</strong></span> <span class='ocrx_word' id='word_1_93' title='bbox 1574 1403 1837 1460; x_wconf 91' lang='lat' dir='ltr'><strong>compos,</strong></span> <span class='ocrx_word' id='word_1_94' title='bbox 1870 1390 2073 1459; x_wconf 85' lang='lat' dir='ltr'><strong>imper-</strong></span> 
     </span>
    </p>
   </div>
   <div class='ocr_carea' id='block_1_15' title="bbox 483 1479 2073 1550">
    <p class='ocr_par' dir='ltr' id='par_1_15' title="bbox 483 1479 2073 1550">
     <span class='ocr_line' id='line_1_15' title="bbox 483 1479 2073 1550; baseline 0.003 -15"><span class='ocrx_word' id='word_1_95' title='bbox 483 1480 623 1537; x_wconf 80' lang='lat' dir='ltr'><strong>fecta</strong></span> <span class='ocrx_word' id='word_1_96' title='bbox 655 1495 777 1537; x_wconf 91' lang='lat' dir='ltr'><strong>cum</strong></span> <span class='ocrx_word' id='word_1_97' title='bbox 811 1491 992 1546; x_wconf 87' lang='lat' dir='ltr'><strong>esset,</strong></span> <span class='ocrx_word' id='word_1_98' title='bbox 1017 1479 1403 1550; x_wconf 90' lang='lat' dir='ltr'><strong>perﬁciendam</strong></span> <span class='ocrx_word' id='word_1_99' title='bbox 1450 1479 1601 1536; x_wconf 81' lang='lat' dir='ltr'><strong>venit</strong></span> <span class='ocrx_word' id='word_1_100' title='bbox 1634 1480 1829 1539; x_wconf 87' lang='lat' dir='ltr'><strong>Sermo</strong></span> <span class='ocrx_word' id='word_1_101' title='bbox 1860 1482 1956 1538; x_wconf 80' lang='lat' dir='ltr'><strong>Dei</strong></span> <span class='ocrx_word' id='word_1_102' title='bbox 1988 1483 2073 1539; x_wconf 81' lang='lat' dir='ltr'><strong>Fi-</strong></span> 
     </span>
    </p>
   </div>
   <div class='ocr_carea' id='block_1_16' title="bbox 484 1571 2070 1646">
    <p class='ocr_par' dir='ltr' id='par_1_16' title="bbox 484 1571 2070 1646">
     <span class='ocr_line' id='line_1_16' title="bbox 484 1571 2070 1646; baseline 0.003 -17"><span class='ocrx_word' id='word_1_103' title='bbox 484 1575 589 1629; x_wconf 90' lang='lat' dir='ltr'><strong>lius</strong></span> <span class='ocrx_word' id='word_1_104' title='bbox 614 1572 793 1630; x_wconf 85' lang='lat' dir='ltr'><strong>factus</strong></span> <span class='ocrx_word' id='word_1_105' title='bbox 815 1587 968 1630; x_wconf 88' lang='lat' dir='ltr'><strong>caro.</strong></span> <span class='ocrx_word' id='word_1_106' title='bbox 996 1571 1137 1629; x_wconf 82' lang='lat' dir='ltr'><strong>Num</strong></span> <span class='ocrx_word' id='word_1_107' title='bbox 1160 1589 1291 1643; x_wconf 90' lang='lat' dir='ltr'><strong>ergo</strong></span> <span class='ocrx_word' id='word_1_108' title='bbox 1315 1583 1558 1633; x_wconf 88' lang='lat' dir='ltr'><strong>creatum</strong></span> <span class='ocrx_word' id='word_1_109' title='bbox 1583 1588 1669 1635; x_wconf 88' lang='lat' dir='ltr'><strong>est</strong></span> <span class='ocrx_word' id='word_1_110' title='bbox 1689 1575 2070 1646; x_wconf 87' lang='lat' dir='ltr'><strong>imperfectum</strong></span> 
     </span>
    </p>
   </div>
   <div class='ocr_carea' id='block_1_17' title="bbox 482 1667 2069 1743">
    <p class='ocr_par' dir='ltr' id='par_1_17' title="bbox 482 1667 2069 1743">
     <span class='ocr_line' id='line_1_17' title="bbox 482 1667 2069 1743; baseline 0.003 -21"><span class='ocrx_word' id='word_1_111' title='bbox 482 1683 650 1738; x_wconf 91' lang='lat' dir='ltr'><strong>opus,</strong></span> <span class='ocrx_word' id='word_1_112' title='bbox 690 1678 745 1723; x_wconf 88' lang='lat' dir='ltr'><strong>et</strong></span> <span class='ocrx_word' id='word_1_113' title='bbox 789 1668 1023 1723; x_wconf 87' lang='lat' dir='ltr'><strong>mittitur</strong></span> <span class='ocrx_word' id='word_1_114' title='bbox 1071 1667 1331 1723; x_wconf 89' lang='lat' dir='ltr'><strong>Servator</strong></span> <span class='ocrx_word' id='word_1_115' title='bbox 1359 1667 1429 1723; x_wconf 88' lang='lat' dir='ltr'><strong>ad</strong></span> <span class='ocrx_word' id='word_1_116' title='bbox 1490 1669 1621 1726; x_wconf 88' lang='lat' dir='ltr'><strong>illud</strong></span> <span class='ocrx_word' id='word_1_117' title='bbox 1682 1670 2069 1743; x_wconf 79' lang='lat' dir='ltr'><strong>imperfectum</strong></span> 
     </span>
    </p>
   </div>
   <div class='ocr_carea' id='block_1_18' title="bbox 484 1756 2071 1831">
    <p class='ocr_par' dir='ltr' id='par_1_18' title="bbox 484 1756 2071 1831">
     <span class='ocr_line' id='line_1_18' title="bbox 484 1756 2071 1831; baseline 0.004 -18"><span class='ocrx_word' id='word_1_118' title='bbox 484 1756 912 1830; x_wconf 83' lang='lat' dir='ltr'><strong>perliciendum?</strong></span> <span class='ocrx_word' id='word_1_119' title='bbox 937 1759 1043 1815; x_wconf 85' lang='lat' dir='ltr'><strong>Sed</strong></span> <span class='ocrx_word' id='word_1_120' title='bbox 1078 1760 1349 1831; x_wconf 76' lang='lat' dir='ltr'><strong>queutodo</strong></span> <span class='ocrx_word' id='word_1_121' title='bbox 1390 1777 1496 1817; x_wconf 90' lang='lat' dir='ltr'><strong>non</strong></span> <span class='ocrx_word' id='word_1_122' title='bbox 1532 1771 1617 1819; x_wconf 87' lang='lat' dir='ltr'><strong>est</strong></span> <span class='ocrx_word' id='word_1_123' title='bbox 1656 1763 1992 1829; x_wconf 88' lang='lat' dir='ltr'><strong>absurdum,</strong></span> <span class='ocrx_word' id='word_1_124' title='bbox 2025 1766 2071 1820; x_wconf 88' lang='lat' dir='ltr'><strong>si</strong></span> 
     </span>
    </p>
   </div>
   <div class='ocr_carea' id='block_1_19' title="bbox 486 1846 2070 1923">
    <p class='ocr_par' dir='ltr' id='par_1_19' title="bbox 486 1846 2070 1923">
     <span class='ocr_line' id='line_1_19' title="bbox 486 1846 2070 1923; baseline 0.007 -24"><span class='ocrx_word' id='word_1_125' title='bbox 486 1848 785 1902; x_wconf 76' lang='lat' dir='ltr'><strong>dixerimus</strong></span> <span class='ocrx_word' id='word_1_126' title='bbox 816 1846 1031 1903; x_wconf 83' lang='lat' dir='ltr'><strong>Patrem</strong></span> <span class='ocrx_word' id='word_1_127' title='bbox 1067 1851 1141 1905; x_wconf 91' lang='lat' dir='ltr'><strong>rei</strong></span> <span class='ocrx_word' id='word_1_128' title='bbox 1178 1848 1513 1920; x_wconf 62' lang='lat' dir='ltr'><strong>imperfecta:</strong></span> <span class='ocrx_word' id='word_1_129' title='bbox 1557 1864 1838 1909; x_wconf 87' lang='lat' dir='ltr'><strong>auctorem</strong></span> <span class='ocrx_word' id='word_1_130' title='bbox 1883 1852 2070 1923; x_wconf 81' lang='lat' dir='ltr'><strong>fuisse,</strong></span> 
     </span>
    </p>
   </div>
   <div class='ocr_carea' id='block_1_20' title="bbox 487 1937 2071 2017">
    <p class='ocr_par' dir='ltr' id='par_1_20' title="bbox 487 1937 2071 2017">
     <span class='ocr_line' id='line_1_20' title="bbox 487 1937 2071 2017; baseline 0.006 -23"><span class='ocrx_word' id='word_1_131' title='bbox 487 1937 835 1995; x_wconf 81' lang='lat' dir='ltr'><strong>Servatorem</strong></span> <span class='ocrx_word' id='word_1_132' title='bbox 865 1957 997 1997; x_wconf 80' lang='lat' dir='ltr'><strong>vero</strong></span> <span class='ocrx_word' id='word_1_133' title='bbox 1027 1956 1147 1998; x_wconf 90' lang='lat' dir='ltr'><strong>eam</strong></span> <span class='ocrx_word' id='word_1_134' title='bbox 1182 1938 1560 2012; x_wconf 83' lang='lat' dir='ltr'><strong>imperfectam</strong></span> <span class='ocrx_word' id='word_1_135' title='bbox 1588 1955 1941 2017; x_wconf 88' lang='lat' dir='ltr'><strong>creatamque</strong></span> <span class='ocrx_word' id='word_1_136' title='bbox 1967 1947 2071 2003; x_wconf 90' lang='lat' dir='ltr'><strong>im-</strong></span> 
     </span>
    </p>
   </div>
   <div class='ocr_carea' id='block_1_21' title="bbox 482 2034 2073 2112">
    <p class='ocr_par' dir='ltr' id='par_1_21' title="bbox 482 2034 2073 2112">
     <span class='ocr_line' id='line_1_21' title="bbox 482 2034 2073 2112; baseline 0.004 -21"><span class='ocrx_word' id='word_1_137' title='bbox 482 2034 783 2104; x_wconf 80' lang='lat' dir='ltr'><strong>perfectam</strong></span> <span class='ocrx_word' id='word_1_138' title='bbox 834 2035 1171 2107; x_wconf 80' lang='lat' dir='ltr'><strong>perfecisse?</strong></span> <span class='ocrx_word' id='word_1_139' title='bbox 1229 2037 1433 2107; x_wconf 86' lang='lat' dir='ltr'><strong>lgitur,</strong></span> <span class='ocrx_word' id='word_1_140' title='bbox 1480 2053 1603 2096; x_wconf 89' lang='lat' dir='ltr'><strong>meo</strong></span> <span class='ocrx_word' id='word_1_141' title='bbox 1653 2039 1900 2109; x_wconf 86' lang='lat' dir='ltr'><strong>judicio,</strong></span> <span class='ocrx_word' id='word_1_142' title='bbox 1949 2056 2073 2112; x_wconf 88' lang='lat' dir='ltr'><strong>pro-</strong></span> 
     </span>
    </p>
   </div>
   <div class='ocr_carea' id='block_1_22' title="bbox 483 2126 2069 2202">
    <p class='ocr_par' dir='ltr' id='par_1_22' title="bbox 483 2126 2069 2202">
     <span class='ocr_line' id='line_1_22' title="bbox 483 2126 2069 2202; baseline 0.003 -19"><span class='ocrx_word' id='word_1_143' title='bbox 483 2126 704 2183; x_wconf 80' lang='lat' dir='ltr'><strong>fundius</strong></span> <span class='ocrx_word' id='word_1_144' title='bbox 752 2127 970 2198; x_wconf 89' lang='lat' dir='ltr'><strong>aliquod</strong></span> <span class='ocrx_word' id='word_1_145' title='bbox 1030 2133 1354 2201; x_wconf 86' lang='lat' dir='ltr'><strong>mysterium</strong></span> <span class='ocrx_word' id='word_1_146' title='bbox 1386 2129 1491 2186; x_wconf 86' lang='lat' dir='ltr'><strong>hoc</strong></span> <span class='ocrx_word' id='word_1_147' title='bbox 1517 2130 1573 2185; x_wconf 90' lang='lat' dir='ltr'><strong>in</strong></span> <span class='ocrx_word' id='word_1_148' title='bbox 1609 2131 1730 2188; x_wconf 88' lang='lat' dir='ltr'><strong>loco</strong></span> <span class='ocrx_word' id='word_1_149' title='bbox 1773 2132 2069 2202; x_wconf 88' lang='lat' dir='ltr'><strong>repositum</strong></span> 
     </span>
    </p>
   </div>
   <div class='ocr_carea' id='block_1_23' title="bbox 460 2206 2069 2296">
    <p class='ocr_par' dir='ltr' id='par_1_23' title="bbox 460 2206 2069 2296">
     <span class='ocr_line' id='line_1_23' title="bbox 460 2206 2069 2296; baseline 0.004 -21"><span class='ocrx_word' id='word_1_150' title='bbox 460 2206 597 2277; x_wconf 85' lang='lat' dir='ltr'><strong>est:</strong></span> <span class='ocrx_word' id='word_1_151' title='bbox 641 2236 765 2275; x_wconf 87' lang='lat' dir='ltr'><strong>nam</strong></span> <span class='ocrx_word' id='word_1_152' title='bbox 800 2220 1055 2278; x_wconf 86' lang='lat' dir='ltr'><strong>fortassis</strong></span> <span class='ocrx_word' id='word_1_153' title='bbox 1085 2222 1138 2277; x_wconf 92' lang='lat' dir='ltr'><strong>id</strong></span> <span class='ocrx_word' id='word_1_154' title='bbox 1169 2224 1314 2294; x_wconf 91' lang='lat' dir='ltr'><strong>quod</strong></span> <span class='ocrx_word' id='word_1_155' title='bbox 1346 2224 1579 2280; x_wconf 87' lang='lat' dir='ltr'><strong>rationis</strong></span> <span class='ocrx_word' id='word_1_156' title='bbox 1601 2234 1686 2280; x_wconf 90' lang='lat' dir='ltr'><strong>est</strong></span> <span class='ocrx_word' id='word_1_157' title='bbox 1724 2241 1925 2296; x_wconf 79' lang='lat' dir='ltr'><strong>capax,</strong></span> <span class='ocrx_word' id='word_1_158' title='bbox 1956 2236 2069 2281; x_wconf 92' lang='lat' dir='ltr'><strong>tum</strong></span> 
     </span>
    </p>
   </div>
   <div class='ocr_carea' id='block_1_24' title="bbox 483 2312 2072 2385">
    <p class='ocr_par' dir='ltr' id='par_1_24' title="bbox 483 2312 2072 2385">
     <span class='ocr_line' id='line_1_24' title="bbox 483 2312 2072 2385; baseline 0.005 -19"><span class='ocrx_word' id='word_1_159' title='bbox 483 2327 607 2367; x_wconf 94' lang='lat' dir='ltr'><strong>cum</strong></span> <span class='ocrx_word' id='word_1_160' title='bbox 641 2312 694 2366; x_wconf 89' lang='lat' dir='ltr'><strong>in</strong></span> <span class='ocrx_word' id='word_1_161' title='bbox 732 2313 986 2382; x_wconf 86' lang='lat' dir='ltr'><strong>paradiso</strong></span> <span class='ocrx_word' id='word_1_162' title='bbox 1014 2313 1248 2384; x_wconf 87' lang='lat' dir='ltr'><strong>positum</strong></span> <span class='ocrx_word' id='word_1_163' title='bbox 1277 2313 1402 2381; x_wconf 80' lang='lat' dir='ltr'><strong>fuit,</strong></span> <span class='ocrx_word' id='word_1_164' title='bbox 1435 2314 1813 2385; x_wconf 82' lang='lat' dir='ltr'><strong>imperfectum</strong></span> <span class='ocrx_word' id='word_1_165' title='bbox 1847 2318 2072 2374; x_wconf 71' lang='lat' dir='ltr'><strong>omnino</strong></span> 
     </span>
    </p>
   </div>
   <div class='ocr_carea' id='block_1_25' title="bbox 483 2405 2070 2480">
    <p class='ocr_par' dir='ltr' id='par_1_25' title="bbox 483 2405 2070 2480">
     <span class='ocr_line' id='line_1_25' title="bbox 483 2405 2070 2480; baseline 0.004 -22"><span class='ocrx_word' id='word_1_166' title='bbox 483 2419 592 2459; x_wconf 91' lang='lat' dir='ltr'><strong>non</strong></span> <span class='ocrx_word' id='word_1_167' title='bbox 641 2415 781 2460; x_wconf 87' lang='lat' dir='ltr'><strong>erat.</strong></span> <span class='ocrx_word' id='word_1_168' title='bbox 824 2405 1077 2475; x_wconf 85' lang='lat' dir='ltr'><strong>Alioquin</strong></span> <span class='ocrx_word' id='word_1_169' title='bbox 1113 2406 1204 2476; x_wconf 91' lang='lat' dir='ltr'><strong>qui</strong></span> <span class='ocrx_word' id='word_1_170' title='bbox 1238 2405 1511 2478; x_wconf 88' lang='lat' dir='ltr'><strong>posuisset</strong></span> <span class='ocrx_word' id='word_1_171' title='bbox 1538 2406 1680 2464; x_wconf 89' lang='lat' dir='ltr'><strong>Deus</strong></span> <span class='ocrx_word' id='word_1_172' title='bbox 1715 2423 1833 2464; x_wconf 90' lang='lat' dir='ltr'><strong>rem</strong></span> <span class='ocrx_word' id='word_1_173' title='bbox 1867 2408 2070 2480; x_wconf 89' lang='lat' dir='ltr'><strong>imper-</strong></span> 
     </span>
    </p>
   </div>
   <div class='ocr_carea' id='block_1_26' title="bbox 481 2494 2069 2569">
    <p class='ocr_par' dir='ltr' id='par_1_26' title="bbox 481 2494 2069 2569">
     <span class='ocr_line' id='line_1_26' title="bbox 481 2494 2069 2569; baseline 0.005 -21"><span class='ocrx_word' id='word_1_174' title='bbox 481 2494 681 2551; x_wconf 86' lang='lat' dir='ltr'><strong>fectam</strong></span> <span class='ocrx_word' id='word_1_175' title='bbox 731 2496 783 2550; x_wconf 93' lang='lat' dir='ltr'><strong>in</strong></span> <span class='ocrx_word' id='word_1_176' title='bbox 818 2496 1073 2558; x_wconf 84' lang='lat' dir='ltr'><strong>paradiso</strong></span> <span class='ocrx_word' id='word_1_177' title='bbox 1096 2536 1113 2563; x_wconf 96' lang='lat'><strong>,</strong></span> <span class='ocrx_word' id='word_1_178' title='bbox 1147 2513 1268 2568; x_wconf 76' lang='lat' dir='ltr'><strong>qua:</strong></span> <span class='ocrx_word' id='word_1_179' title='bbox 1296 2511 1624 2569; x_wconf 86' lang='lat' dir='ltr'><strong>operaretur</strong></span> <span class='ocrx_word' id='word_1_180' title='bbox 1665 2509 1721 2556; x_wconf 91' lang='lat' dir='ltr'><strong>et</strong></span> <span class='ocrx_word' id='word_1_181' title='bbox 1769 2501 2069 2557; x_wconf 89' lang='lat' dir='ltr'><strong>custodiret</strong></span> 
     </span>
    </p>
   </div>
   <div class='ocr_carea' id='block_1_27' title="bbox 482 2584 2070 2665">
    <p class='ocr_par' dir='ltr' id='par_1_27' title="bbox 482 2584 2070 2665">
     <span class='ocr_line' id='line_1_27' title="bbox 482 2584 2070 2665; baseline 0.006 -23"><span class='ocrx_word' id='word_1_182' title='bbox 482 2587 645 2642; x_wconf 82' lang='lat' dir='ltr'><strong>eum?</strong></span> <span class='ocrx_word' id='word_1_183' title='bbox 681 2584 791 2644; x_wconf 87' lang='lat' dir='ltr'><strong>Nec</strong></span> <span class='ocrx_word' id='word_1_184' title='bbox 837 2589 982 2644; x_wconf 89' lang='lat' dir='ltr'><strong>enim</strong></span> <span class='ocrx_word' id='word_1_185' title='bbox 1012 2599 1440 2647; x_wconf 87' lang='lat' dir='ltr'><strong>consentaneum</strong></span> <span class='ocrx_word' id='word_1_186' title='bbox 1468 2602 1552 2648; x_wconf 92' lang='lat' dir='ltr'><strong>est</strong></span> <span class='ocrx_word' id='word_1_187' title='bbox 1584 2593 1659 2649; x_wconf 91' lang='lat' dir='ltr'><strong>uti</strong></span> <span class='ocrx_word' id='word_1_188' title='bbox 1712 2594 2070 2665; x_wconf 84' lang='lat' dir='ltr'><strong>imperfectus</strong></span> 
     </span>
    </p>
   </div>
   <div class='ocr_carea' id='block_1_28' title="bbox 481 2679 2065 2756">
    <p class='ocr_par' dir='ltr' id='par_1_28' title="bbox 481 2679 2065 2756">
     <span class='ocr_line' id='line_1_28' title="bbox 481 2679 2065 2756; baseline 0.006 -22"><span class='ocrx_word' id='word_1_189' title='bbox 481 2679 533 2735; x_wconf 91' lang='lat' dir='ltr'><strong>is</strong></span> <span class='ocrx_word' id='word_1_190' title='bbox 567 2679 785 2736; x_wconf 91' lang='lat' dir='ltr'><strong>dicatur</strong></span> <span class='ocrx_word' id='word_1_191' title='bbox 823 2681 914 2751; x_wconf 92' lang='lat' dir='ltr'><strong>qui</strong></span> <span class='ocrx_word' id='word_1_192' title='bbox 939 2682 1153 2752; x_wconf 87' lang='lat' dir='ltr'><strong>operari</strong></span> <span class='ocrx_word' id='word_1_193' title='bbox 1181 2683 1355 2752; x_wconf 89' lang='lat' dir='ltr'><strong>possit</strong></span> <span class='ocrx_word' id='word_1_194' title='bbox 1388 2683 1594 2756; x_wconf 89' lang='lat' dir='ltr'><strong>lignum</strong></span> <span class='ocrx_word' id='word_1_195' title='bbox 1620 2687 1763 2753; x_wconf 72' lang='lat' dir='ltr'><strong>vitaz,</strong></span> <span class='ocrx_word' id='word_1_196' title='bbox 1792 2696 1847 2742; x_wconf 88' lang='lat' dir='ltr'><strong>et</strong></span> <span class='ocrx_word' id='word_1_197' title='bbox 1882 2688 2065 2743; x_wconf 90' lang='lat' dir='ltr'><strong>omnia</strong></span> 
     </span>
    </p>
   </div>
   <div class='ocr_carea' id='block_1_29' title="bbox 482 2771 2069 2845">
    <p class='ocr_par' dir='ltr' id='par_1_29' title="bbox 482 2771 2069 2845">
     <span class='ocr_line' id='line_1_29' title="bbox 482 2771 2069 2845; baseline 0.007 -20"><span class='ocrx_word' id='word_1_198' title='bbox 482 2787 604 2842; x_wconf 72' lang='lat' dir='ltr'><strong>qua:</strong></span> <span class='ocrx_word' id='word_1_199' title='bbox 637 2771 981 2843; x_wconf 88' lang='lat' dir='ltr'><strong>plantaverat</strong></span> <span class='ocrx_word' id='word_1_200' title='bbox 1004 2774 1148 2830; x_wconf 90' lang='lat' dir='ltr'><strong>Deus</strong></span> <span class='ocrx_word' id='word_1_201' title='bbox 1175 2785 1230 2830; x_wconf 93' lang='lat' dir='ltr'><strong>et</strong></span> <span class='ocrx_word' id='word_1_202' title='bbox 1257 2786 1447 2845; x_wconf 88' lang='lat' dir='ltr'><strong>postea</strong></span> <span class='ocrx_word' id='word_1_203' title='bbox 1479 2787 1601 2833; x_wconf 89' lang='lat' dir='ltr'><strong>orta</strong></span> <span class='ocrx_word' id='word_1_204' title='bbox 1638 2786 1787 2834; x_wconf 87' lang='lat' dir='ltr'><strong>sunt.</strong></span> <span class='ocrx_word' id='word_1_205' title='bbox 1830 2778 2069 2837; x_wconf 84' lang='lat' dir='ltr'><strong>Proinde</strong></span> 
     </span>
    </p>
   </div>
   <div class='ocr_carea' id='block_1_30' title="bbox 479 2863 2067 2941">
    <p class='ocr_par' dir='ltr' id='par_1_30' title="bbox 479 2863 2067 2941">
     <span class='ocr_line' id='line_1_30' title="bbox 479 2863 2067 2941; baseline 0.007 -24"><span class='ocrx_word' id='word_1_206' title='bbox 479 2864 604 2919; x_wconf 83' lang='lat' dir='ltr'><strong>vide</strong></span> <span class='ocrx_word' id='word_1_207' title='bbox 630 2879 699 2920; x_wconf 87' lang='lat' dir='ltr'><strong>ne</strong></span> <span class='ocrx_word' id='word_1_208' title='bbox 727 2863 866 2919; x_wconf 86' lang='lat' dir='ltr'><strong>forte</strong></span> <span class='ocrx_word' id='word_1_209' title='bbox 888 2864 1168 2934; x_wconf 87' lang='lat' dir='ltr'><strong>perfectus</strong></span> <span class='ocrx_word' id='word_1_210' title='bbox 1191 2882 1313 2923; x_wconf 91' lang='lat' dir='ltr'><strong>cum</strong></span> <span class='ocrx_word' id='word_1_211' title='bbox 1334 2878 1480 2925; x_wconf 87' lang='lat' dir='ltr'><strong>esset</strong></span> <span class='ocrx_word' id='word_1_212' title='bbox 1500 2869 1691 2937; x_wconf 87' lang='lat' dir='ltr'><strong>homo,</strong></span> <span class='ocrx_word' id='word_1_213' title='bbox 1709 2868 2067 2941; x_wconf 82' lang='lat' dir='ltr'><strong>imperfectus</strong></span> 
     </span>
    </p>
   </div>
   <div class='ocr_carea' id='block_1_31' title="bbox 481 2952 2064 3035">
    <p class='ocr_par' dir='ltr' id='par_1_31' title="bbox 481 2952 2064 3035">
     <span class='ocr_line' id='line_1_31' title="bbox 481 2952 2064 3035; baseline 0.007 -26"><span class='ocrx_word' id='word_1_214' title='bbox 481 2956 558 3010; x_wconf 89' lang='lat' dir='ltr'><strong>sit</strong></span> <span class='ocrx_word' id='word_1_215' title='bbox 591 2952 767 3011; x_wconf 86' lang='lat' dir='ltr'><strong>factus</strong></span> <span class='ocrx_word' id='word_1_216' title='bbox 801 2956 871 3012; x_wconf 92' lang='lat' dir='ltr'><strong>ob</strong></span> <span class='ocrx_word' id='word_1_217' title='bbox 907 2954 1331 3013; x_wconf 87' lang='lat' dir='ltr'><strong>inobedientiam</strong></span> <span class='ocrx_word' id='word_1_218' title='bbox 1353 2999 1369 3027; x_wconf 97' lang='lat'><strong>,</strong></span> <span class='ocrx_word' id='word_1_219' title='bbox 1403 2960 1721 3031; x_wconf 81' lang='lat' dir='ltr'><strong>cgneritque</strong></span> <span class='ocrx_word' id='word_1_220' title='bbox 1758 2962 1943 3034; x_wconf 90' lang='lat' dir='ltr'><strong>aliquo</strong></span> <span class='ocrx_word' id='word_1_221' title='bbox 1971 2965 2064 3035; x_wconf 91' lang='lat' dir='ltr'><strong>qui</strong></span> 
     </span>
    </p>
   </div>
   <div class='ocr_carea' id='block_1_32' title="bbox 478 3050 2064 3122">
    <p class='ocr_par' dir='ltr' id='par_1_32' title="bbox 478 3050 2064 3122">
     <span class='ocr_line' id='line_1_32' title="bbox 478 3050 2064 3122; baseline 0.006 -16"><span class='ocrx_word' id='word_1_222' title='bbox 478 3050 664 3121; x_wconf 79' lang='lat' dir='ltr'><strong>ipsum</strong></span> <span class='ocrx_word' id='word_1_223' title='bbox 701 3050 771 3106; x_wconf 91' lang='lat' dir='ltr'><strong>ab</strong></span> <span class='ocrx_word' id='word_1_224' title='bbox 817 3050 922 3107; x_wconf 86' lang='lat' dir='ltr'><strong>bac</strong></span> <span class='ocrx_word' id='word_1_225' title='bbox 954 3050 1368 3122; x_wconf 88' lang='lat' dir='ltr'><strong>imperfectione</strong></span> <span class='ocrx_word' id='word_1_226' title='bbox 1410 3053 1700 3122; x_wconf 89' lang='lat' dir='ltr'><strong>liberaret,</strong></span> <span class='ocrx_word' id='word_1_227' title='bbox 1731 3065 1785 3113; x_wconf 86' lang='lat' dir='ltr'><strong>et</strong></span> <span class='ocrx_word' id='word_1_228' title='bbox 1817 3058 1961 3115; x_wconf 88' lang='lat' dir='ltr'><strong>hanc</strong></span> <span class='ocrx_word' id='word_1_229' title='bbox 1993 3050 2064 3115; x_wconf 88' lang='lat' dir='ltr'><strong>ob</strong></span> 
     </span>
    </p>
   </div>
   <div class='ocr_carea' id='block_1_33' title="bbox 2180 552 3748 637">
    <p class='ocr_par' dir='ltr' id='par_1_33' title="bbox 2180 552 3748 637">
     <span class='ocr_line' id='line_1_33' title="bbox 2180 552 3748 637; baseline 0.009 -32"><span class='ocrx_word' id='word_1_230' title='bbox 2180 552 2340 625; x_wconf 91' lang='grc' dir='ltr'>ἔργον</span> <span class='ocrx_word' id='word_1_231' title='bbox 2395 553 2488 607; x_wconf 81' lang='grc' dir='ltr'><strong>τοῦ</strong></span> <span class='ocrx_word' id='word_1_232' title='bbox 2546 553 2803 619; x_wconf 76' lang='grc' dir='ltr'>λαὸόντος</span> <span class='ocrx_word' id='word_1_233' title='bbox 2861 558 3059 621; x_wconf 80' lang='grc' dir='ltr'>αὐτοὺς</span> <span class='ocrx_word' id='word_1_234' title='bbox 3114 559 3206 613; x_wconf 75' lang='grc' dir='ltr'>ἐπὶ</span> <span class='ocrx_word' id='word_1_235' title='bbox 3258 560 3321 613; x_wconf 82' lang='grc' dir='ltr'>τὸ</span> <span class='ocrx_word' id='word_1_236' title='bbox 3363 560 3555 633; x_wconf 82' lang='grc' dir='ltr'>ἔργον,</span> <span class='ocrx_word' id='word_1_237' title='bbox 3595 566 3654 618; x_wconf 89' lang='grc' dir='ltr'><strong>ἐν</strong></span> <span class='ocrx_word' id='word_1_238' title='bbox 3681 567 3748 637; x_wconf 81' lang='grc' dir='ltr'>τῷ</span> 
     </span>
    </p>
   </div>
   <div class='ocr_carea' id='block_1_34' title="bbox 2177 646 3749 726">
    <p class='ocr_par' dir='ltr' id='par_1_34' title="bbox 2177 646 3749 726">
     <span class='ocr_line' id='line_1_34' title="bbox 2177 646 3749 726; baseline 0.008 -28"><span class='ocrx_word' id='word_1_239' title='bbox 2177 649 2350 699; x_wconf 83' lang='grc' dir='ltr'>ποιεῖν</span> <span class='ocrx_word' id='word_1_240' title='bbox 2386 646 2469 700; x_wconf 82' lang='grc' dir='ltr'>διὸ</span> <span class='ocrx_word' id='word_1_241' title='bbox 2515 647 2947 721; x_wconf 81' lang='grc' dir='ltr'>παρελήφθησαν</span> <span class='ocrx_word' id='word_1_242' title='bbox 2984 649 3119 722; x_wconf 78' lang='grc'>(45)·</span> <span class='ocrx_word' id='word_1_243' title='bbox 3150 650 3180 703; x_wconf 92' lang='lat'><strong>6</strong></span> <span class='ocrx_word' id='word_1_244' title='bbox 3209 652 3268 706; x_wconf 83' lang='grc' dir='ltr'><strong>δέ</strong></span> <span class='ocrx_word' id='word_1_245' title='bbox 3288 670 3374 718; x_wconf 88' lang='grc' dir='ltr'><strong>τις</strong></span> <span class='ocrx_word' id='word_1_246' title='bbox 3400 656 3535 726; x_wconf 79' lang='grc' dir='ltr'>ἐρεῖ,</span> <span class='ocrx_word' id='word_1_247' title='bbox 3557 655 3658 721; x_wconf 86' lang='grc' dir='ltr'>ὅτι,</span> <span class='ocrx_word' id='word_1_248' title='bbox 3683 660 3749 711; x_wconf 72' lang='grc' dir='ltr'><strong>εἴ-</strong></span> 
     </span>
    </p>
   </div>
   <div class='ocr_carea' id='block_1_35' title="bbox 2177 740 3745 823">
    <p class='ocr_par' dir='ltr' id='par_1_35' title="bbox 2177 740 3745 823">
     <span class='ocr_line' id='line_1_35' title="bbox 2177 740 3745 823; baseline 0.009 -31"><span class='ocrx_word' id='word_1_249' title='bbox 2177 757 2285 812; x_wconf 86' lang='grc' dir='ltr'><strong>περ</strong></span> <span class='ocrx_word' id='word_1_250' title='bbox 2322 740 2621 796; x_wconf 79' lang='grc' dir='ltr'>τελειοῦται</span> <span class='ocrx_word' id='word_1_251' title='bbox 2658 742 2720 795; x_wconf 88' lang='grc' dir='ltr'>τὸ</span> <span class='ocrx_word' id='word_1_252' title='bbox 2750 742 2913 815; x_wconf 83' lang='grc' dir='ltr'>ἔργον</span> <span class='ocrx_word' id='word_1_253' title='bbox 2945 743 3038 798; x_wconf 84' lang='grc' dir='ltr'><strong>τοῦ</strong></span> <span class='ocrx_word' id='word_1_254' title='bbox 3079 745 3214 800; x_wconf 82' lang='grc' dir='ltr'>Θεοῦ</span> <span class='ocrx_word' id='word_1_255' title='bbox 3241 747 3347 802; x_wconf 83' lang='grc' dir='ltr'><strong>ὑπὸ</strong></span> <span class='ocrx_word' id='word_1_256' title='bbox 3380 748 3475 803; x_wconf 90' lang='grc' dir='ltr'><strong>τοῦ</strong></span> <span class='ocrx_word' id='word_1_257' title='bbox 3503 750 3745 823; x_wconf 75' lang='grc' dir='ltr'>Χριστοῦ,</span> 
     </span>
    </p>
   </div>
   <div class='ocr_carea' id='block_1_36' title="bbox 2175 829 3745 919">
    <p class='ocr_par' dir='ltr' id='par_1_36' title="bbox 2175 829 3745 919">
     <span class='ocr_line' id='line_1_36' title="bbox 2175 829 3745 919; baseline 0.012 -37"><span class='ocrx_word' id='word_1_258' title='bbox 2175 829 2352 902; x_wconf 82' lang='grc' dir='ltr'>δῆλον,</span> <span class='ocrx_word' id='word_1_259' title='bbox 2403 831 2485 885; x_wconf 82' lang='grc' dir='ltr'>ὅτι</span> <span class='ocrx_word' id='word_1_260' title='bbox 2527 832 2688 887; x_wconf 88' lang='grc' dir='ltr'>τοῦτο</span> <span class='ocrx_word' id='word_1_261' title='bbox 2729 837 2859 907; x_wconf 74' lang='grc' dir='ltr'>πρὶν</span> <span class='ocrx_word' id='word_1_262' title='bbox 2895 835 3246 910; x_wconf 79' lang='grc' dir='ltr'>τελειωθῆναι</span> <span class='ocrx_word' id='word_1_263' title='bbox 3291 840 3482 906; x_wconf 76' lang='grc' dir='ltr'>ἀτελὲς</span> <span class='ocrx_word' id='word_1_264' title='bbox 3522 842 3632 915; x_wconf 69' lang='grc'><strong>(46)</strong></span> <span class='ocrx_word' id='word_1_265' title='bbox 3667 841 3745 919; x_wconf 76' lang='grc' dir='ltr'><strong>ἦν.</strong></span> 
     </span>
    </p>
   </div>
   <div class='ocr_carea' id='block_1_37' title="bbox 2176 919 3748 1005">
    <p class='ocr_par' dir='ltr' id='par_1_37' title="bbox 2176 919 3748 1005">
     <span class='ocr_line' id='line_1_37' title="bbox 2176 919 3748 1005; baseline 0.011 -30"><span class='ocrx_word' id='word_1_266' title='bbox 2176 923 2301 988; x_wconf 84' lang='grc' dir='ltr'><strong>Πῶς</strong></span> <span class='ocrx_word' id='word_1_267' title='bbox 2345 919 2439 979; x_wconf 83' lang='grc' dir='ltr'>οὖν</span> <span class='ocrx_word' id='word_1_268' title='bbox 2482 925 2673 992; x_wconf 83' lang='grc' dir='ltr'>ἀτελὲς</span> <span class='ocrx_word' id='word_1_269' title='bbox 2717 922 2786 1001; x_wconf 79' lang='grc' dir='ltr'>ἦν</span> <span class='ocrx_word' id='word_1_270' title='bbox 2834 928 2995 1002; x_wconf 80' lang='grc' dir='ltr'>ἔργον</span> <span class='ocrx_word' id='word_1_271' title='bbox 3018 931 3284 1004; x_wconf 79' lang='grc' dir='ltr'>τυγχάνον</span> <span class='ocrx_word' id='word_1_272' title='bbox 3319 933 3416 989; x_wconf 86' lang='grc' dir='ltr'><strong>τοῦ</strong></span> <span class='ocrx_word' id='word_1_273' title='bbox 3453 935 3623 1005; x_wconf 83' lang='grc' dir='ltr'>Θεοῦ;</span> <span class='ocrx_word' id='word_1_274' title='bbox 3654 940 3748 995; x_wconf 79' lang='grc' dir='ltr'><strong>Καὶ</strong></span> 
     </span>
    </p>
   </div>
   <div class='ocr_carea' id='block_1_38' title="bbox 2175 1013 3746 1092">
    <p class='ocr_par' dir='ltr' id='par_1_38' title="bbox 2175 1013 3746 1092">
     <span class='ocr_line' id='line_1_38' title="bbox 2175 1013 3746 1092; baseline 0.01 -25"><span class='ocrx_word' id='word_1_275' title='bbox 2175 1013 2293 1079; x_wconf 85' lang='grc' dir='ltr'><strong>πῶς</strong></span> <span class='ocrx_word' id='word_1_276' title='bbox 2324 1014 2386 1069; x_wconf 79' lang='grc' dir='ltr'>τὸ</span> <span class='ocrx_word' id='word_1_277' title='bbox 2412 1014 2573 1089; x_wconf 80' lang='grc' dir='ltr'>ἔργον</span> <span class='ocrx_word' id='word_1_278' title='bbox 2600 1018 2694 1072; x_wconf 88' lang='grc' dir='ltr'><strong>τοῦ</strong></span> <span class='ocrx_word' id='word_1_279' title='bbox 2712 1017 2847 1073; x_wconf 85' lang='grc' dir='ltr'>Θεοῦ</span> <span class='ocrx_word' id='word_1_280' title='bbox 2887 1020 3188 1078; x_wconf 86' lang='grc' dir='ltr'>τελειοῦται</span> <span class='ocrx_word' id='word_1_281' title='bbox 3214 1022 3320 1077; x_wconf 72' lang='grc' dir='ltr'><strong>ὑπὸ</strong></span> <span class='ocrx_word' id='word_1_282' title='bbox 3351 1024 3448 1078; x_wconf 88' lang='grc' dir='ltr'><strong>τοῦ</strong></span> <span class='ocrx_word' id='word_1_283' title='bbox 3484 1025 3746 1092; x_wconf 76' lang='grc' dir='ltr'>ειπὸνιος·</span> 
     </span>
    </p>
   </div>
   <div class='ocr_carea' id='block_1_39' title="bbox 2180 1108 3744 1189">
    <p class='ocr_par' dir='ltr' id='par_1_39' title="bbox 2180 1108 3744 1189">
     <span class='ocr_line' id='line_1_39' title="bbox 2180 1108 3744 1189; baseline 0.009 -29"><span class='ocrx_word' id='word_1_284' title='bbox 2180 1126 2200 1159; x_wconf 72' lang='grc' dir='ltr'><strong>ι</strong></span> <span class='ocrx_word' id='word_1_285' title='bbox 2249 1108 2309 1162; x_wconf 83' lang='grc' dir='ltr'>Ὀ</span> <span class='ocrx_word' id='word_1_286' title='bbox 2344 1109 2531 1183; x_wconf 80' lang='grc' dir='ltr'>Πατὴρ</span> <span class='ocrx_word' id='word_1_287' title='bbox 2564 1111 2675 1183; x_wconf 75' lang='grc'><strong>(47)</strong></span> <span class='ocrx_word' id='word_1_288' title='bbox 2708 1112 2738 1164; x_wconf 98' lang='lat'><strong>6</strong></span> <span class='ocrx_word' id='word_1_289' title='bbox 2780 1114 3005 1184; x_wconf 81' lang='grc' dir='ltr'>πέμψας</span> <span class='ocrx_word' id='word_1_290' title='bbox 3046 1132 3114 1187; x_wconf 88' lang='grc' dir='ltr'><strong>με</strong></span> <span class='ocrx_word' id='word_1_291' title='bbox 3141 1115 3344 1188; x_wconf 81' lang='grc' dir='ltr'>μείζων</span> <span class='ocrx_word' id='word_1_292' title='bbox 3376 1119 3479 1189; x_wconf 87' lang='grc' dir='ltr'><strong>μού</strong></span> <span class='ocrx_word' id='word_1_293' title='bbox 3512 1118 3689 1186; x_wconf 88' lang='grc' dir='ltr'>ἐστιν;</span> <span class='ocrx_word' id='word_1_294' title='bbox 3727 1140 3744 1173; x_wconf 76' lang='grc' dir='ltr'><strong>ι</strong></span> 
     </span>
    </p>
   </div>
   <div class='ocr_carea' id='block_1_40' title="bbox 2174 1199 3747 1285">
    <p class='ocr_par' dir='ltr' id='par_1_40' title="bbox 2174 1199 3747 1285">
     <span class='ocr_line' id='line_1_40' title="bbox 2174 1199 3747 1285; baseline 0.009 -33"><span class='ocrx_word' id='word_1_295' title='bbox 2174 1201 2207 1271; x_wconf 91' lang='grc' dir='ltr'><strong>ή</strong></span> <span class='ocrx_word' id='word_1_296' title='bbox 2234 1199 2289 1253; x_wconf 88' lang='grc' dir='ltr'><strong>δέ</strong></span> <span class='ocrx_word' id='word_1_297' title='bbox 2312 1201 2591 1268; x_wconf 80' lang='grc' dir='ltr'>τελείωσις</span> <span class='ocrx_word' id='word_1_298' title='bbox 2615 1203 2710 1257; x_wconf 88' lang='grc' dir='ltr'><strong>τοῦ</strong></span> <span class='ocrx_word' id='word_1_299' title='bbox 2731 1203 2893 1277; x_wconf 88' lang='grc' dir='ltr'>ἔργου</span> <span class='ocrx_word' id='word_1_300' title='bbox 2921 1207 2956 1277; x_wconf 81' lang='grc' dir='ltr'>ὴ</span> <span class='ocrx_word' id='word_1_301' title='bbox 2975 1205 3069 1260; x_wconf 87' lang='grc' dir='ltr'><strong>τοῦ</strong></span> <span class='ocrx_word' id='word_1_302' title='bbox 3099 1207 3320 1277; x_wconf 84' lang='grc' dir='ltr'>λογικοῦ</span> <span class='ocrx_word' id='word_1_303' title='bbox 3352 1209 3633 1276; x_wconf 84' lang='grc' dir='ltr'>τελείωσις</span> <span class='ocrx_word' id='word_1_304' title='bbox 3660 1208 3747 1285; x_wconf 75' lang='grc' dir='ltr'><strong>ἦν’</strong></span> 
     </span>
    </p>
   </div>
   <div class='ocr_carea' id='block_1_41' title="bbox 2172 1292 3750 1375">
    <p class='ocr_par' dir='ltr' id='par_1_41' title="bbox 2172 1292 3750 1375">
     <span class='ocr_line' id='line_1_41' title="bbox 2172 1292 3750 1375; baseline 0.009 -29"><span class='ocrx_word' id='word_1_305' title='bbox 2172 1292 2329 1347; x_wconf 87' lang='grc' dir='ltr'>τοῦτο</span> <span class='ocrx_word' id='word_1_306' title='bbox 2372 1293 2483 1367; x_wconf 77' lang='grc' dir='ltr'><strong>γὰρ</strong></span> <span class='ocrx_word' id='word_1_307' title='bbox 2520 1292 2682 1368; x_wconf 82' lang='grc' dir='ltr'>ἦλθεν</span> <span class='ocrx_word' id='word_1_308' title='bbox 2733 1297 2921 1364; x_wconf 80' lang='grc' dir='ltr'>ἀτελὲς</span> <span class='ocrx_word' id='word_1_309' title='bbox 2952 1298 3012 1353; x_wconf 81' lang='grc' dir='ltr'>ὃν</span> <span class='ocrx_word' id='word_1_310' title='bbox 3040 1300 3245 1354; x_wconf 85' lang='grc' dir='ltr'>τέλειον</span> <span class='ocrx_word' id='word_1_311' title='bbox 3286 1303 3511 1375; x_wconf 83' lang='grc' dir='ltr'>ποιῆσαι</span> <span class='ocrx_word' id='word_1_312' title='bbox 3542 1307 3569 1358; x_wconf 83' lang='grc' dir='ltr'><strong>ὁ</strong></span> <span class='ocrx_word' id='word_1_313' title='bbox 3609 1307 3750 1375; x_wconf 76' lang='grc' dir='ltr'>γενό-</span> 
     </span>
    </p>
   </div>
   <div class='ocr_carea' id='block_1_42' title="bbox 2178 1386 3747 1471">
    <p class='ocr_par' dir='ltr' id='par_1_42' title="bbox 2178 1386 3747 1471">
     <span class='ocr_line' id='line_1_42' title="bbox 2178 1386 3747 1471; baseline 0.009 -33"><span class='ocrx_word' id='word_1_314' title='bbox 2178 1403 2336 1457; x_wconf 82' lang='grc' dir='ltr'>μενος</span> <span class='ocrx_word' id='word_1_315' title='bbox 2360 1386 2495 1458; x_wconf 65' lang='grc' dir='ltr'>σὰρξ</span> <span class='ocrx_word' id='word_1_316' title='bbox 2523 1388 2712 1459; x_wconf 82' lang='grc' dir='ltr'>Λόγος.</span> <span class='ocrx_word' id='word_1_317' title='bbox 2744 1386 2871 1464; x_wconf 65' lang='grc' dir='ltr'><strong>*Δρ*</strong></span> <span class='ocrx_word' id='word_1_318' title='bbox 2897 1388 2990 1447; x_wconf 80' lang='grc' dir='ltr'>οὖν</span> <span class='ocrx_word' id='word_1_319' title='bbox 3022 1392 3247 1467; x_wconf 76' lang='grc' dir='ltr'><strong>ἐκτίσθη</strong></span> <span class='ocrx_word' id='word_1_320' title='bbox 3276 1393 3464 1459; x_wconf 73' lang='grc' dir='ltr'>άτελδς</span> <span class='ocrx_word' id='word_1_321' title='bbox 3491 1396 3551 1449; x_wconf 79' lang='grc' dir='ltr'>τὸ</span> <span class='ocrx_word' id='word_1_322' title='bbox 3575 1398 3747 1471; x_wconf 79' lang='grc' dir='ltr'>ἔργον,</span> 
     </span>
    </p>
   </div>
   <div class='ocr_carea' id='block_1_43' title="bbox 2174 1479 3750 1557">
    <p class='ocr_par' dir='ltr' id='par_1_43' title="bbox 2174 1479 3750 1557">
     <span class='ocr_line' id='line_1_43' title="bbox 2174 1479 3750 1557; baseline 0.008 -27"><span class='ocrx_word' id='word_1_323' title='bbox 2174 1480 2268 1531; x_wconf 77' lang='grc' dir='ltr'>καὶ</span> <span class='ocrx_word' id='word_1_324' title='bbox 2320 1479 2593 1549; x_wconf 77' lang='grc' dir='ltr'>πέμπεται</span> <span class='ocrx_word' id='word_1_325' title='bbox 2646 1485 2675 1536; x_wconf 89' lang='grc' dir='ltr'><strong>ό</strong></span> <span class='ocrx_word' id='word_1_326' title='bbox 2727 1483 2916 1557; x_wconf 82' lang='grc' dir='ltr'>Σωτὴρ</span> <span class='ocrx_word' id='word_1_327' title='bbox 2956 1485 3015 1539; x_wconf 78' lang='grc' dir='ltr'>τὸ</span> <span class='ocrx_word' id='word_1_328' title='bbox 3061 1485 3248 1551; x_wconf 80' lang='grc' dir='ltr'>ἀτελὲς</span> <span class='ocrx_word' id='word_1_329' title='bbox 3291 1486 3616 1554; x_wconf 83' lang='grc' dir='ltr'>τελειῶσαι;</span> <span class='ocrx_word' id='word_1_330' title='bbox 3652 1492 3750 1545; x_wconf 76' lang='grc' dir='ltr'><strong>Καὶ</strong></span> 
     </span>
    </p>
   </div>
   <div class='ocr_carea' id='block_1_44' title="bbox 2175 1566 3747 1653">
    <p class='ocr_par' dir='ltr' id='par_1_44' title="bbox 2175 1566 3747 1653">
     <span class='ocr_line' id='line_1_44' title="bbox 2175 1566 3747 1653; baseline 0.01 -33"><span class='ocrx_word' id='word_1_331' title='bbox 2175 1566 2293 1632; x_wconf 84' lang='grc' dir='ltr'>πῶς</span> <span class='ocrx_word' id='word_1_332' title='bbox 2329 1567 2429 1623; x_wconf 81' lang='grc' dir='ltr'>οὐκ</span> <span class='ocrx_word' id='word_1_333' title='bbox 2466 1569 2665 1625; x_wconf 78' lang='grc' dir='ltr'>ἄτοπον</span> <span class='ocrx_word' id='word_1_334' title='bbox 2710 1571 2800 1626; x_wconf 86' lang='grc' dir='ltr'><strong>τδν</strong></span> <span class='ocrx_word' id='word_1_335' title='bbox 2859 1574 2960 1646; x_wconf 85' lang='grc' dir='ltr'>μὲν</span> <span class='ocrx_word' id='word_1_336' title='bbox 2998 1576 3218 1653; x_wconf 78' lang='grc' dir='ltr'>Πατέρα</span> <span class='ocrx_word' id='word_1_337' title='bbox 3265 1578 3492 1644; x_wconf 82' lang='grc' dir='ltr'>ἀτελοῦς</span> <span class='ocrx_word' id='word_1_338' title='bbox 3525 1583 3747 1653; x_wconf 74' lang='grc' dir='ltr'>ποιητὴν</span> 
     </span>
    </p>
   </div>
   <div class='ocr_carea' id='block_1_45' title="bbox 2173 1660 3746 1739">
    <p class='ocr_par' dir='ltr' id='par_1_45' title="bbox 2173 1660 3746 1739">
     <span class='ocr_line' id='line_1_45' title="bbox 2173 1660 3746 1739; baseline 0.011 -28"><span class='ocrx_word' id='word_1_339' title='bbox 2173 1660 2481 1728; x_wconf 85' lang='grc' dir='ltr'>γεγονέναι,</span> <span class='ocrx_word' id='word_1_340' title='bbox 2522 1661 2613 1715; x_wconf 81' lang='grc' dir='ltr'>τὸν</span> <span class='ocrx_word' id='word_1_341' title='bbox 2650 1663 2707 1717; x_wconf 82' lang='grc' dir='ltr'>δὲ</span> <span class='ocrx_word' id='word_1_342' title='bbox 2746 1665 2973 1739; x_wconf 83' lang='grc' dir='ltr'>Σωτῆρα</span> <span class='ocrx_word' id='word_1_343' title='bbox 3023 1668 3084 1723; x_wconf 78' lang='grc' dir='ltr'>τὸ</span> <span class='ocrx_word' id='word_1_344' title='bbox 3119 1670 3309 1733; x_wconf 88' lang='grc' dir='ltr'>άτελές</span> <span class='ocrx_word' id='word_1_345' title='bbox 3346 1671 3746 1728; x_wconf 83' lang='grc' dir='ltr'>τετελειωκέναι</span> 
     </span>
    </p>
   </div>
   <div class='ocr_carea' id='block_1_46' title="bbox 2173 1750 3747 1837">
    <p class='ocr_par' dir='ltr' id='par_1_46' title="bbox 2173 1750 3747 1837">
     <span class='ocr_line' id='line_1_46' title="bbox 2173 1750 3747 1837; baseline 0.012 -34"><span class='ocrx_word' id='word_1_346' title='bbox 2173 1750 2393 1805; x_wconf 79' lang='grc' dir='ltr'>κτισθὲν</span> <span class='ocrx_word' id='word_1_347' title='bbox 2421 1752 2642 1820; x_wconf 86' lang='grc' dir='ltr'>άτελές;</span> <span class='ocrx_word' id='word_1_348' title='bbox 2680 1756 2953 1828; x_wconf 81' lang='grc' dir='ltr'>Ἡγοῦμαι</span> <span class='ocrx_word' id='word_1_349' title='bbox 2985 1755 3049 1825; x_wconf 86' lang='grc' dir='ltr'>δὴ</span> <span class='ocrx_word' id='word_1_350' title='bbox 3073 1762 3130 1815; x_wconf 86' lang='grc' dir='ltr'><strong>ἐν</strong></span> <span class='ocrx_word' id='word_1_351' title='bbox 3160 1765 3273 1827; x_wconf 87' lang='grc' dir='ltr'>τοῖς</span> <span class='ocrx_word' id='word_1_352' title='bbox 3313 1764 3502 1829; x_wconf 85' lang='grc' dir='ltr'>τόποις</span> <span class='ocrx_word' id='word_1_353' title='bbox 3526 1766 3747 1837; x_wconf 85' lang='grc' dir='ltr'>βαθύτε-</span> 
     </span>
    </p>
   </div>
   <div class='ocr_carea' id='block_1_47' title="bbox 2174 1841 3744 1931">
    <p class='ocr_par' dir='ltr' id='par_1_47' title="bbox 2174 1841 3744 1931">
     <span class='ocr_line' id='line_1_47' title="bbox 2174 1841 3744 1931; baseline 0.011 -37"><span class='ocrx_word' id='word_1_354' title='bbox 2174 1841 2266 1913; x_wconf 90' lang='grc' dir='ltr'><strong>ρόν</strong></span> <span class='ocrx_word' id='word_1_355' title='bbox 2292 1860 2346 1896; x_wconf 89' lang='grc' dir='ltr'><strong>τι</strong></span> <span class='ocrx_word' id='word_1_356' title='bbox 2380 1843 2761 1900; x_wconf 70' lang='grc' dir='ltr'>ἐναποκεῖσθαι</span> <span class='ocrx_word' id='word_1_357' title='bbox 2804 1851 3134 1923; x_wconf 68' lang='grc' dir='ltr'>μυστήριονθ</span> <span class='ocrx_word' id='word_1_358' title='bbox 3168 1854 3308 1926; x_wconf 84' lang='grc' dir='ltr'>τάχα</span> <span class='ocrx_word' id='word_1_359' title='bbox 3335 1856 3447 1928; x_wconf 85' lang='grc' dir='ltr'><strong>γάρ</strong></span> <span class='ocrx_word' id='word_1_360' title='bbox 3482 1857 3544 1911; x_wconf 83' lang='grc' dir='ltr'><strong>ού</strong></span> <span class='ocrx_word' id='word_1_361' title='bbox 3573 1860 3744 1931; x_wconf 80' lang='grc' dir='ltr'>πάντη</span> 
     </span>
    </p>
   </div>
   <div class='ocr_carea' id='block_1_48' title="bbox 2172 1930 3748 2021">
    <p class='ocr_par' dir='ltr' id='par_1_48' title="bbox 2172 1930 3748 2021">
     <span class='ocr_line' id='line_1_48' title="bbox 2172 1930 3748 2021; baseline 0.013 -34"><span class='ocrx_word' id='word_1_362' title='bbox 2172 1930 2360 1998; x_wconf 79' lang='grc' dir='ltr'>ἀτελὲς</span> <span class='ocrx_word' id='word_1_363' title='bbox 2389 1932 2450 1988; x_wconf 85' lang='grc' dir='ltr'>τὸ</span> <span class='ocrx_word' id='word_1_364' title='bbox 2480 1934 2698 2005; x_wconf 83' lang='grc' dir='ltr'>λογικὸν</span> <span class='ocrx_word' id='word_1_365' title='bbox 2739 1932 2808 2009; x_wconf 77' lang='grc' dir='ltr'>ἦν</span> <span class='ocrx_word' id='word_1_366' title='bbox 2836 1939 2952 2011; x_wconf 77' lang='grc' dir='ltr'>ἅμα</span> <span class='ocrx_word' id='word_1_367' title='bbox 2981 1939 3059 2013; x_wconf 82' lang='grc' dir='ltr'><strong>τῷ</strong></span> <span class='ocrx_word' id='word_1_368' title='bbox 3085 1943 3357 2000; x_wconf 87' lang='grc' dir='ltr'>τεθεῖσθαι</span> <span class='ocrx_word' id='word_1_369' title='bbox 3384 1949 3443 2003; x_wconf 90' lang='grc' dir='ltr'><strong>ἐν</strong></span> <span class='ocrx_word' id='word_1_370' title='bbox 3470 1948 3548 2020; x_wconf 83' lang='grc' dir='ltr'>τῷ</span> <span class='ocrx_word' id='word_1_371' title='bbox 3573 1967 3748 2021; x_wconf 80' lang='grc' dir='ltr'>παρα-</span> 
     </span>
    </p>
   </div>
   <div class='ocr_carea' id='block_1_49' title="bbox 2171 2030 3753 2107">
    <p class='ocr_par' dir='ltr' id='par_1_49' title="bbox 2171 2030 3753 2107">
     <span class='ocr_line' id='line_1_49' title="bbox 2171 2030 3753 2107; baseline 0.003 -24"><span class='ocrx_word' id='word_1_372' title='bbox 2171 2030 2363 2102; x_wconf 83' lang='grc' dir='ltr'>δείσῳ·</span> <span class='ocrx_word' id='word_1_373' title='bbox 2395 2031 2513 2096; x_wconf 86' lang='grc' dir='ltr'>πῶς</span> <span class='ocrx_word' id='word_1_374' title='bbox 2539 2032 2650 2104; x_wconf 83' lang='grc' dir='ltr'><strong>γὰρ</strong></span> <span class='ocrx_word' id='word_1_375' title='bbox 2686 2031 2753 2087; x_wconf 84' lang='grc' dir='ltr'>ἂν</span> <span class='ocrx_word' id='word_1_376' title='bbox 2780 2030 2841 2086; x_wconf 85' lang='grc' dir='ltr'>τὸ</span> <span class='ocrx_word' id='word_1_377' title='bbox 2870 2033 3048 2107; x_wconf 80' lang='grc' dir='ltr'>πάντη</span> <span class='ocrx_word' id='word_1_378' title='bbox 3092 2034 3281 2099; x_wconf 82' lang='grc' dir='ltr'>ἀτελὲς</span> <span class='ocrx_word' id='word_1_379' title='bbox 3322 2035 3531 2089; x_wconf 76' lang='grc' dir='ltr'>ἐτίθετο</span> <span class='ocrx_word' id='word_1_380' title='bbox 3568 2038 3599 2089; x_wconf 87' lang='lat'><strong>6</strong></span> <span class='ocrx_word' id='word_1_381' title='bbox 3631 2038 3753 2097; x_wconf 69' lang='grc' dir='ltr'>Θεις</span> 
     </span>
    </p>
   </div>
   <div class='ocr_carea' id='block_1_50' title="bbox 2172 2125 3750 2200">
    <p class='ocr_par' dir='ltr' id='par_1_50' title="bbox 2172 2125 3750 2200">
     <span class='ocr_line' id='line_1_50' title="bbox 2172 2125 3750 2200; baseline 0.003 -23"><span class='ocrx_word' id='word_1_382' title='bbox 2172 2126 2231 2178; x_wconf 89' lang='grc' dir='ltr'><strong>ἐν</strong></span> <span class='ocrx_word' id='word_1_383' title='bbox 2258 2125 2338 2197; x_wconf 86' lang='grc' dir='ltr'>τῷ</span> <span class='ocrx_word' id='word_1_384' title='bbox 2364 2126 2679 2199; x_wconf 77' lang='grc' dir='ltr'>παραδείσῳ</span> <span class='ocrx_word' id='word_1_385' title='bbox 2710 2127 3038 2200; x_wconf 76' lang='grc' dir='ltr'>ἐργάζεσθαι</span> <span class='ocrx_word' id='word_1_386' title='bbox 3083 2128 3245 2183; x_wconf 84' lang='grc' dir='ltr'>αὑτὸν</span> <span class='ocrx_word' id='word_1_387' title='bbox 3292 2130 3390 2183; x_wconf 83' lang='grc' dir='ltr'>καὶ</span> <span class='ocrx_word' id='word_1_388' title='bbox 3428 2128 3720 2200; x_wconf 83' lang='grc' dir='ltr'>φυλάσσειν</span> <span class='ocrx_word' id='word_1_389' title='bbox 3734 2144 3750 2191; x_wconf 67' lang='grc' dir='ltr'><strong>ς</strong></span> 
     </span>
    </p>
   </div>
   <div class='ocr_carea' id='block_1_51' title="bbox 2184 2213 3758 2293">
    <p class='ocr_par' dir='ltr' id='par_1_51' title="bbox 2184 2213 3758 2293">
     <span class='ocr_line' id='line_1_51' title="bbox 2184 2213 3758 2293; baseline 0.003 -26"><span class='ocrx_word' id='word_1_390' title='bbox 2184 2213 2242 2267; x_wconf 85' lang='lat'><strong>&#39;0</strong></span> <span class='ocrx_word' id='word_1_391' title='bbox 2294 2215 2404 2287; x_wconf 82' lang='grc' dir='ltr'><strong>γὰρ</strong></span> <span class='ocrx_word' id='word_1_392' title='bbox 2471 2215 2768 2287; x_wconf 82' lang='grc' dir='ltr'>δυνάμενος</span> <span class='ocrx_word' id='word_1_393' title='bbox 2826 2217 3157 2289; x_wconf 73' lang='grc' dir='ltr'>ἐργάζεσθαι</span> <span class='ocrx_word' id='word_1_394' title='bbox 3228 2218 3385 2286; x_wconf 84' lang='grc' dir='ltr'>ξύλον</span> <span class='ocrx_word' id='word_1_395' title='bbox 3435 2219 3602 2293; x_wconf 82' lang='grc' dir='ltr'>ζωῆς,</span> <span class='ocrx_word' id='word_1_396' title='bbox 3670 2219 3758 2274; x_wconf 77' lang='grc' dir='ltr'>καὶ</span> 
     </span>
    </p>
   </div>
   <div class='ocr_carea' id='block_1_52' title="bbox 2173 2306 3756 2384">
    <p class='ocr_par' dir='ltr' id='par_1_52' title="bbox 2173 2306 3756 2384">
     <span class='ocr_line' id='line_1_52' title="bbox 2173 2306 3756 2384; baseline 0.003 -24"><span class='ocrx_word' id='word_1_397' title='bbox 2173 2306 2351 2361; x_wconf 85' lang='grc' dir='ltr'>πάντα</span> <span class='ocrx_word' id='word_1_398' title='bbox 2370 2306 2427 2362; x_wconf 88' lang='grc' dir='ltr'><strong>δέ</strong></span> <span class='ocrx_word' id='word_1_399' title='bbox 2454 2309 2489 2362; x_wconf 80' lang='grc' dir='ltr'>ἃ</span> <span class='ocrx_word' id='word_1_400' title='bbox 2512 2308 2810 2379; x_wconf 82' lang='grc' dir='ltr'>ἐφύτευσεν</span> <span class='ocrx_word' id='word_1_401' title='bbox 2841 2311 2870 2364; x_wconf 89' lang='lat'><strong>6</strong></span> <span class='ocrx_word' id='word_1_402' title='bbox 2898 2311 3051 2377; x_wconf 82' lang='grc' dir='ltr'>Θεὸς,</span> <span class='ocrx_word' id='word_1_403' title='bbox 3085 2312 3179 2367; x_wconf 84' lang='grc' dir='ltr'><strong>καί</strong></span> <span class='ocrx_word' id='word_1_404' title='bbox 3209 2312 3349 2384; x_wconf 84' lang='grc' dir='ltr'>μετὰ</span> <span class='ocrx_word' id='word_1_405' title='bbox 3370 2312 3544 2367; x_wconf 79' lang='grc' dir='ltr'>ταῦτα</span> <span class='ocrx_word' id='word_1_406' title='bbox 3572 2313 3756 2380; x_wconf 78' lang='grc' dir='ltr'>ἐξανέ-</span> 
     </span>
    </p>
   </div>
   <div class='ocr_carea' id='block_1_53' title="bbox 2169 2403 3758 2482">
    <p class='ocr_par' dir='ltr' id='par_1_53' title="bbox 2169 2403 3758 2482">
     <span class='ocr_line' id='line_1_53' title="bbox 2169 2403 3758 2482; baseline 0.002 -25"><span class='ocrx_word' id='word_1_407' title='bbox 2169 2403 2364 2471; x_wconf 88' lang='grc' dir='ltr'>τειλεν,</span> <span class='ocrx_word' id='word_1_408' title='bbox 2388 2404 2489 2459; x_wconf 80' lang='grc' dir='ltr'>οὐκ</span> <span class='ocrx_word' id='word_1_409' title='bbox 2520 2405 2587 2460; x_wconf 81' lang='grc' dir='ltr'>ἂν</span> <span class='ocrx_word' id='word_1_410' title='bbox 2624 2406 2862 2477; x_wconf 77' lang='grc' dir='ltr'>εὐλόγως</span> <span class='ocrx_word' id='word_1_411' title='bbox 2886 2408 3098 2478; x_wconf 79' lang='grc' dir='ltr'>λέγοιτο</span> <span class='ocrx_word' id='word_1_412' title='bbox 3128 2408 3352 2482; x_wconf 79' lang='grc' dir='ltr'>ἀτελής.</span> <span class='ocrx_word' id='word_1_413' title='bbox 3401 2410 3632 2481; x_wconf 81' lang='grc' dir='ltr'>Μήποτε</span> <span class='ocrx_word' id='word_1_414' title='bbox 3669 2405 3758 2463; x_wconf 77' lang='grc' dir='ltr'>οὖν</span> 
     </span>
    </p>
   </div>
   <div class='ocr_carea' id='block_1_54' title="bbox 2170 2495 3756 2577">
    <p class='ocr_par' dir='ltr' id='par_1_54' title="bbox 2170 2495 3756 2577">
     <span class='ocr_line' id='line_1_54' title="bbox 2170 2495 3756 2577; baseline 0.003 -27"><span class='ocrx_word' id='word_1_415' title='bbox 2170 2495 2376 2560; x_wconf 83' lang='grc' dir='ltr'>τέλειος</span> <span class='ocrx_word' id='word_1_416' title='bbox 2398 2496 2495 2565; x_wconf 82' lang='grc' dir='ltr'>ὢν,</span> <span class='ocrx_word' id='word_1_417' title='bbox 2520 2506 2641 2564; x_wconf 80' lang='grc' dir='ltr'>πῶς</span> <span class='ocrx_word' id='word_1_418' title='bbox 2671 2499 2866 2573; x_wconf 83' lang='grc' dir='ltr'>ἀτελής</span> <span class='ocrx_word' id='word_1_419' title='bbox 2894 2498 2984 2556; x_wconf 78' lang='grc' dir='ltr'><strong>διὰ</strong></span> <span class='ocrx_word' id='word_1_420' title='bbox 3016 2502 3116 2576; x_wconf 76' lang='grc' dir='ltr'><strong>τήν</strong></span> <span class='ocrx_word' id='word_1_421' title='bbox 3141 2503 3425 2577; x_wconf 82' lang='grc' dir='ltr'>παρακοήν</span> <span class='ocrx_word' id='word_1_422' title='bbox 3449 2502 3523 2558; x_wconf 83' lang='grc' dir='ltr'>ὣν</span> <span class='ocrx_word' id='word_1_423' title='bbox 3545 2504 3756 2573; x_wconf 84' lang='grc' dir='ltr'>γέγονε,</span> 
     </span>
    </p>
   </div>
   <div class='ocr_carea' id='block_1_55' title="bbox 2169 2590 3759 2663">
    <p class='ocr_par' dir='ltr' id='par_1_55' title="bbox 2169 2590 3759 2663">
     <span class='ocr_line' id='line_1_55' title="bbox 2169 2590 3759 2663; baseline 0.004 -20"><span class='ocrx_word' id='word_1_424' title='bbox 2169 2590 2266 2644; x_wconf 62' lang='grc' dir='ltr'><strong>καλ¹</strong></span> <span class='ocrx_word' id='word_1_425' title='bbox 2319 2591 2515 2663; x_wconf 87' lang='grc' dir='ltr'>ἐδεήθη</span> <span class='ocrx_word' id='word_1_426' title='bbox 2564 2592 2659 2647; x_wconf 89' lang='grc' dir='ltr'><strong>τοῦ</strong></span> <span class='ocrx_word' id='word_1_427' title='bbox 2705 2592 3085 2660; x_wconf 85' lang='grc' dir='ltr'>τελειώσοντος</span> <span class='ocrx_word' id='word_1_428' title='bbox 3136 2595 3301 2651; x_wconf 81' lang='grc' dir='ltr'>αὑτὸν</span> <span class='ocrx_word' id='word_1_429' title='bbox 3347 2595 3459 2653; x_wconf 76' lang='grc' dir='ltr'><strong>ἀπὸ</strong></span> <span class='ocrx_word' id='word_1_430' title='bbox 3493 2597 3593 2663; x_wconf 82' lang='grc' dir='ltr'>τῆς</span> <span class='ocrx_word' id='word_1_431' title='bbox 3646 2598 3759 2650; x_wconf 81' lang='grc' dir='ltr'>ἀτε-</span> 
     </span>
    </p>
   </div>
   <div class='ocr_carea' id='block_1_56' title="bbox 2168 2681 3757 2762">
    <p class='ocr_par' dir='ltr' id='par_1_56' title="bbox 2168 2681 3757 2762">
     <span class='ocr_line' id='line_1_56' title="bbox 2168 2681 3757 2762; baseline 0.004 -27"><span class='ocrx_word' id='word_1_432' title='bbox 2168 2681 2338 2749; x_wconf 82' lang='grc' dir='ltr'>λείας,</span> <span class='ocrx_word' id='word_1_433' title='bbox 2373 2685 2467 2738; x_wconf 77' lang='grc' dir='ltr'>καὶ</span> <span class='ocrx_word' id='word_1_434' title='bbox 2495 2684 2587 2739; x_wconf 85' lang='grc' dir='ltr'><strong>διά</strong></span> <span class='ocrx_word' id='word_1_435' title='bbox 2610 2684 2768 2740; x_wconf 87' lang='grc' dir='ltr'>τοῦτο</span> <span class='ocrx_word' id='word_1_436' title='bbox 2789 2687 3049 2759; x_wconf 75' lang='grc' dir='ltr'>ἐπέμφθη</span> <span class='ocrx_word' id='word_1_437' title='bbox 3081 2689 3111 2741; x_wconf 89' lang='lat'><strong>6</strong></span> <span class='ocrx_word' id='word_1_438' title='bbox 3146 2689 3360 2762; x_wconf 78' lang='grc' dir='ltr'>Σωτήρ,</span> <span class='ocrx_word' id='word_1_439' title='bbox 3397 2689 3621 2762; x_wconf 80' lang='grc' dir='ltr'>πρῶτον</span> <span class='ocrx_word' id='word_1_440' title='bbox 3661 2690 3757 2760; x_wconf 76' lang='grc' dir='ltr'>μὲν</span> 
     </span>
    </p>
   </div>
   <div class='ocr_carea' id='block_1_57' title="bbox 2169 2775 3760 2853">
    <p class='ocr_par' dir='ltr' id='par_1_57' title="bbox 2169 2775 3760 2853">
     <span class='ocr_line' id='line_1_57' title="bbox 2169 2775 3760 2853; baseline 0.004 -23"><span class='ocrx_word' id='word_1_441' title='bbox 2169 2775 2257 2831; x_wconf 79' lang='grc' dir='ltr'>ἵνα</span> <span class='ocrx_word' id='word_1_442' title='bbox 2286 2777 2484 2849; x_wconf 81' lang='grc' dir='ltr'>ποιήσῃ</span> <span class='ocrx_word' id='word_1_443' title='bbox 2511 2777 2573 2831; x_wconf 87' lang='grc' dir='ltr'>τὸ</span> <span class='ocrx_word' id='word_1_444' title='bbox 2597 2777 2808 2850; x_wconf 86' lang='grc' dir='ltr'>θέλημα</span> <span class='ocrx_word' id='word_1_445' title='bbox 2833 2778 2927 2833; x_wconf 88' lang='grc' dir='ltr'><strong>τοῦ</strong></span> <span class='ocrx_word' id='word_1_446' title='bbox 2954 2779 3270 2851; x_wconf 73' lang='grc' dir='ltr'>πέμψαντος</span> <span class='ocrx_word' id='word_1_447' title='bbox 3299 2780 3487 2846; x_wconf 81' lang='grc' dir='ltr'>αὐτόν,</span> <span class='ocrx_word' id='word_1_448' title='bbox 3517 2782 3760 2853; x_wconf 81' lang='grc' dir='ltr'>ἐργάτης</span> 
     </span>
    </p>
   </div>
   <div class='ocr_carea' id='block_1_58' title="bbox 2167 2866 3760 2942">
    <p class='ocr_par' dir='ltr' id='par_1_58' title="bbox 2167 2866 3760 2942">
     <span class='ocr_line' id='line_1_58' title="bbox 2167 2866 3760 2942; baseline 0.002 -22"><span class='ocrx_word' id='word_1_449' title='bbox 2167 2866 2334 2921; x_wconf 79' lang='grc' dir='ltr'>αὐτοῦ</span> <span class='ocrx_word' id='word_1_450' title='bbox 2382 2869 2476 2921; x_wconf 79' lang='grc' dir='ltr'>καὶ</span> <span class='ocrx_word' id='word_1_451' title='bbox 2512 2867 2749 2923; x_wconf 85' lang='grc' dir='ltr'>ἐνταῦθα</span> <span class='ocrx_word' id='word_1_452' title='bbox 2789 2868 3097 2940; x_wconf 89' lang='grc' dir='ltr'>γενόμενος,</span> <span class='ocrx_word' id='word_1_453' title='bbox 3139 2868 3391 2942; x_wconf 84' lang='grc' dir='ltr'>δεύτερον</span> <span class='ocrx_word' id='word_1_454' title='bbox 3430 2868 3489 2923; x_wconf 84' lang='grc' dir='ltr'><strong>δέ</strong></span> <span class='ocrx_word' id='word_1_455' title='bbox 3539 2870 3631 2923; x_wconf 82' lang='grc' dir='ltr'>ἵνα</span> <span class='ocrx_word' id='word_1_456' title='bbox 3675 2887 3760 2922; x_wconf 85' lang='grc' dir='ltr'>τε-</span> 
     </span>
    </p>
   </div>
   <div class='ocr_carea' id='block_1_59' title="bbox 2166 2959 3760 3035">
    <p class='ocr_par' dir='ltr' id='par_1_59' title="bbox 2166 2959 3760 3035">
     <span class='ocr_line' id='line_1_59' title="bbox 2166 2959 3760 3035; baseline 0.001 -22"><span class='ocrx_word' id='word_1_457' title='bbox 2166 2959 2366 3033; x_wconf 81' lang='grc' dir='ltr'>λειώσῃ</span> <span class='ocrx_word' id='word_1_458' title='bbox 2401 2961 2461 3017; x_wconf 78' lang='grc' dir='ltr'><strong>τό</strong></span> <span class='ocrx_word' id='word_1_459' title='bbox 2493 2961 2652 3035; x_wconf 84' lang='grc' dir='ltr'>ἔργον</span> <span class='ocrx_word' id='word_1_460' title='bbox 2676 2960 2771 3015; x_wconf 89' lang='grc' dir='ltr'><strong>τοῦ</strong></span> <span class='ocrx_word' id='word_1_461' title='bbox 2810 2960 2967 3029; x_wconf 90' lang='grc' dir='ltr'>Θεοῦ,</span> <span class='ocrx_word' id='word_1_462' title='bbox 3002 2961 3094 3014; x_wconf 82' lang='grc' dir='ltr'><strong>καὶ</strong></span> <span class='ocrx_word' id='word_1_463' title='bbox 3130 2961 3365 3026; x_wconf 72' lang='grc' dir='ltr'>ἕκαστος</span> <span class='ocrx_word' id='word_1_464' title='bbox 3400 2960 3760 3031; x_wconf 81' lang='grc' dir='ltr'>τετελειωμέ-</span> 
     </span>
    </p>
   </div>
   <div class='ocr_carea' id='block_1_60' title="bbox 2167 3052 3756 3127">
    <p class='ocr_par' dir='ltr' id='par_1_60' title="bbox 2167 3052 3756 3127">
     <span class='ocr_line' id='line_1_60' title="bbox 2167 3052 3756 3127; baseline 0.001 -21"><span class='ocrx_word' id='word_1_465' title='bbox 2167 3070 2255 3117; x_wconf 87' lang='grc' dir='ltr'><strong>νος</strong></span> <span class='ocrx_word' id='word_1_466' title='bbox 2287 3052 2540 3126; x_wconf 76' lang='grc' dir='ltr'>οίκειωθῇ</span> <span class='ocrx_word' id='word_1_467' title='bbox 2585 3056 2651 3126; x_wconf 75' lang='grc' dir='ltr'>τῇ</span> <span class='ocrx_word' id='word_1_468' title='bbox 2699 3056 2897 3127; x_wconf 77' lang='grc' dir='ltr'>στερεᾷ</span> <span class='ocrx_word' id='word_1_469' title='bbox 2938 3056 3112 3127; x_wconf 82' lang='grc' dir='ltr'>τροφῇ</span> <span class='ocrx_word' id='word_1_470' title='bbox 3161 3053 3254 3108; x_wconf 81' lang='grc' dir='ltr'>καὶ</span> <span class='ocrx_word' id='word_1_471' title='bbox 3291 3056 3359 3127; x_wconf 74' lang='grc' dir='ltr'><strong>τῇ</strong></span> <span class='ocrx_word' id='word_1_472' title='bbox 3397 3053 3561 3126; x_wconf 76' lang='grc' dir='ltr'>σοφίᾳ</span> <span class='ocrx_word' id='word_1_473' title='bbox 3596 3056 3756 3125; x_wconf 73' lang='grc' dir='ltr'>συνῇ.</span> 
     </span>
    </p>
   </div>
   <div class='ocr_carea' id='block_1_61' title="bbox 468 3143 2060 3221">
    <p class='ocr_par' dir='ltr' id='par_1_61' title="bbox 468 3143 2060 3221">
     <span class='ocr_line' id='line_1_61' title="bbox 468 3143 2060 3221; baseline 0.003 -20"><span class='ocrx_word' id='word_1_474' title='bbox 468 3158 699 3201; x_wconf 71' lang='lat' dir='ltr'><strong>causam</strong></span> <span class='ocrx_word' id='word_1_475' title='bbox 729 3144 928 3201; x_wconf 87' lang='lat' dir='ltr'><strong>missus</strong></span> <span class='ocrx_word' id='word_1_476' title='bbox 951 3143 1118 3201; x_wconf 86' lang='lat' dir='ltr'><strong>fuerit</strong></span> <span class='ocrx_word' id='word_1_477' title='bbox 1142 3145 1425 3217; x_wconf 87' lang='lat' dir='ltr'><strong>Servator,</strong></span> <span class='ocrx_word' id='word_1_478' title='bbox 1460 3147 1702 3218; x_wconf 89' lang='lat' dir='ltr'><strong>primum</strong></span> <span class='ocrx_word' id='word_1_479' title='bbox 1727 3150 1969 3221; x_wconf 87' lang='lat' dir='ltr'><strong>quidem,</strong></span> <span class='ocrx_word' id='word_1_480' title='bbox 2004 3160 2060 3207; x_wconf 92' lang='lat' dir='ltr'><strong>ut</strong></span> 
     </span>
    </p>
   </div>
   <div class='ocr_carea' id='block_1_62' title="bbox 2173 3143 3759 3221">
    <p class='ocr_par' dir='ltr' id='par_1_62' title="bbox 2173 3144 3759 3221">
     <span class='ocr_line' id='line_1_62' title="bbox 2173 3144 3759 3221; baseline 0 -23"><span class='ocrx_word' id='word_1_481' title='bbox 2173 3163 2192 3197; x_wconf 74' lang='grc' dir='ltr'><strong>ι</strong></span> <span class='ocrx_word' id='word_1_482' title='bbox 2226 3144 2460 3199; x_wconf 89' lang='grc' dir='ltr'>Τελείων</span> <span class='ocrx_word' id='word_1_483' title='bbox 2500 3145 2556 3199; x_wconf 88' lang='grc' dir='ltr'><strong>δέ</strong></span> <span class='ocrx_word' id='word_1_484' title='bbox 2595 3147 2744 3200; x_wconf 88' lang='grc' dir='ltr'>ἐστιν</span> <span class='ocrx_word' id='word_1_485' title='bbox 2796 3147 2830 3218; x_wconf 88' lang='grc' dir='ltr'><strong>ή</strong></span> <span class='ocrx_word' id='word_1_486' title='bbox 2877 3146 3076 3218; x_wconf 80' lang='grc' dir='ltr'>στερεὰ</span> <span class='ocrx_word' id='word_1_487' title='bbox 3120 3147 3320 3221; x_wconf 80' lang='grc' dir='ltr'>τροφὴ,</span> <span class='ocrx_word' id='word_1_488' title='bbox 3368 3146 3479 3199; x_wconf 83' lang='grc' dir='ltr'><strong>τῶν</strong></span> <span class='ocrx_word' id='word_1_489' title='bbox 3522 3146 3615 3200; x_wconf 77' lang='grc' dir='ltr'><strong>διὰ</strong></span> <span class='ocrx_word' id='word_1_490' title='bbox 3660 3145 3759 3217; x_wconf 78' lang='grc' dir='ltr'><strong>τήν</strong></span> 
     </span>
    </p>
   </div>
   <div class='ocr_carea' id='block_1_63' title="bbox 476 3233 2069 3312">
    <p class='ocr_par' dir='ltr' id='par_1_63' title="bbox 476 3233 2069 3312">
     <span class='ocr_line' id='line_1_63' title="bbox 476 3233 2069 3312; baseline 0.006 -24"><span class='ocrx_word' id='word_1_491' title='bbox 476 3233 690 3291; x_wconf 79' lang='lat' dir='ltr'><strong>faceret</strong></span> <span class='ocrx_word' id='word_1_492' title='bbox 711 3236 1047 3291; x_wconf 86' lang='lat' dir='ltr'><strong>voluntatem</strong></span> <span class='ocrx_word' id='word_1_493' title='bbox 1081 3238 1199 3306; x_wconf 89' lang='lat' dir='ltr'><strong>ejus</strong></span> <span class='ocrx_word' id='word_1_494' title='bbox 1227 3238 1318 3307; x_wconf 91' lang='lat' dir='ltr'><strong>qui</strong></span> <span class='ocrx_word' id='word_1_495' title='bbox 1355 3238 1505 3293; x_wconf 88' lang='lat' dir='ltr'><strong>misit</strong></span> <span class='ocrx_word' id='word_1_496' title='bbox 1541 3239 1718 3309; x_wconf 86' lang='lat' dir='ltr'><strong>ipsum</strong></span> <span class='ocrx_word' id='word_1_497' title='bbox 1752 3237 1821 3309; x_wconf 76' lang='grc'><strong>⁸³,</strong></span> <span class='ocrx_word' id='word_1_498' title='bbox 1870 3257 2069 3312; x_wconf 90' lang='lat' dir='ltr'><strong>opera-</strong></span> 
     </span>
    </p>
   </div>
   <div class='ocr_carea' id='block_1_64' title="bbox 479 3328 2067 3402">
    <p class='ocr_par' dir='ltr' id='par_1_64' title="bbox 479 3328 2067 3402">
     <span class='ocr_line' id='line_1_64' title="bbox 479 3328 2067 3402; baseline 0.004 -16"><span class='ocrx_word' id='word_1_499' title='bbox 479 3330 596 3386; x_wconf 88' lang='lat' dir='ltr'><strong>rius</strong></span> <span class='ocrx_word' id='word_1_500' title='bbox 621 3329 765 3385; x_wconf 87' lang='lat' dir='ltr'><strong>illius</strong></span> <span class='ocrx_word' id='word_1_501' title='bbox 790 3328 955 3384; x_wconf 88' lang='lat' dir='ltr'><strong>etiam</strong></span> <span class='ocrx_word' id='word_1_502' title='bbox 987 3329 1091 3385; x_wconf 86' lang='lat' dir='ltr'><strong>hoc</strong></span> <span class='ocrx_word' id='word_1_503' title='bbox 1140 3329 1263 3386; x_wconf 91' lang='lat' dir='ltr'><strong>loco</strong></span> <span class='ocrx_word' id='word_1_504' title='bbox 1309 3330 1526 3399; x_wconf 84' lang='lat' dir='ltr'><strong>factus,</strong></span> <span class='ocrx_word' id='word_1_505' title='bbox 1559 3333 1754 3390; x_wconf 84' lang='lat' dir='ltr'><strong>deinde</strong></span> <span class='ocrx_word' id='word_1_506' title='bbox 1805 3349 1973 3402; x_wconf 90' lang='lat' dir='ltr'><strong>vero,</strong></span> <span class='ocrx_word' id='word_1_507' title='bbox 2007 3348 2067 3393; x_wconf 90' lang='lat' dir='ltr'><strong>ut</strong></span> 
     </span>
    </p>
   </div>
   <div class='ocr_carea' id='block_1_65' title="bbox 442 3421 2067 3500">
    <p class='ocr_par' dir='ltr' id='par_1_65' title="bbox 442 3421 2067 3500">
     <span class='ocr_line' id='line_1_65' title="bbox 442 3421 2067 3500; baseline 0.006 -22"><span class='ocrx_word' id='word_1_508' title='bbox 442 3474 447 3478; x_wconf 79' lang='lat'><strong>.</strong></span> <span class='ocrx_word' id='word_1_509' title='bbox 476 3424 772 3496; x_wconf 88' lang='lat' dir='ltr'><strong>perﬁceret</strong></span> <span class='ocrx_word' id='word_1_510' title='bbox 796 3437 934 3494; x_wconf 87' lang='lat' dir='ltr'><strong>opus</strong></span> <span class='ocrx_word' id='word_1_511' title='bbox 953 3421 1076 3489; x_wconf 87' lang='lat' dir='ltr'><strong>Dei,</strong></span> <span class='ocrx_word' id='word_1_512' title='bbox 1108 3431 1163 3479; x_wconf 86' lang='lat' dir='ltr'><strong>et</strong></span> <span class='ocrx_word' id='word_1_513' title='bbox 1192 3428 1567 3497; x_wconf 85' lang='lat' dir='ltr'><strong>unusquisque</strong></span> <span class='ocrx_word' id='word_1_514' title='bbox 1594 3423 1771 3484; x_wconf 85' lang='lat' dir='ltr'><strong>factus</strong></span> <span class='ocrx_word' id='word_1_515' title='bbox 1790 3429 2067 3500; x_wconf 88' lang='lat' dir='ltr'><strong>perfectus</strong></span> 
     </span>
    </p>
   </div>
   <div class='ocr_carea' id='block_1_66' title="bbox 480 3515 2066 3591">
    <p class='ocr_par' dir='ltr' id='par_1_66' title="bbox 480 3515 2066 3591">
     <span class='ocr_line' id='line_1_66' title="bbox 480 3515 2066 3591; baseline 0.004 -19"><span class='ocrx_word' id='word_1_516' title='bbox 480 3524 830 3575; x_wconf 84' lang='lat' dir='ltr'><strong>assuesceret</strong></span> <span class='ocrx_word' id='word_1_517' title='bbox 872 3515 1046 3573; x_wconf 86' lang='lat' dir='ltr'><strong>solido</strong></span> <span class='ocrx_word' id='word_1_518' title='bbox 1084 3515 1242 3583; x_wconf 92' lang='lat' dir='ltr'><strong>cibo,</strong></span> <span class='ocrx_word' id='word_1_519' title='bbox 1280 3532 1345 3574; x_wconf 90' lang='lat' dir='ltr'><strong>ac</strong></span> <span class='ocrx_word' id='word_1_520' title='bbox 1375 3533 1502 3575; x_wconf 91' lang='lat' dir='ltr'><strong>cum</strong></span> <span class='ocrx_word' id='word_1_521' title='bbox 1530 3521 1800 3591; x_wconf 83' lang='lat' dir='ltr'><strong>sapientia</strong></span> <span class='ocrx_word' id='word_1_522' title='bbox 1834 3536 2066 3579; x_wconf 90' lang='lat' dir='ltr'><strong>consue-</strong></span> 
     </span>
    </p>
   </div>
   <div class='ocr_carea' id='block_1_67' title="bbox 479 3607 2064 3673">
    <p class='ocr_par' dir='ltr' id='par_1_67' title="bbox 479 3607 2064 3673">
     <span class='ocr_line' id='line_1_67' title="bbox 479 3607 2064 3673; baseline 0.005 -9"><span class='ocrx_word' id='word_1_523' title='bbox 479 3607 723 3664; x_wconf 88' lang='lat' dir='ltr'><strong>tudinem</strong></span> <span class='ocrx_word' id='word_1_524' title='bbox 787 3607 1038 3664; x_wconf 83' lang='lat' dir='ltr'><strong>haberet.</strong></span> <span class='ocrx_word' id='word_1_525' title='bbox 1076 3624 1097 3661; x_wconf 75' lang='grc' dir='ltr'><strong>ι</strong></span> <span class='ocrx_word' id='word_1_526' title='bbox 1130 3608 1502 3667; x_wconf 83' lang='lat' dir='ltr'><strong>Perfectorum</strong></span> <span class='ocrx_word' id='word_1_527' title='bbox 1553 3621 1737 3669; x_wconf 89' lang='lat' dir='ltr'><strong>autem</strong></span> <span class='ocrx_word' id='word_1_528' title='bbox 1793 3623 1881 3672; x_wconf 88' lang='lat' dir='ltr'><strong>est</strong></span> <span class='ocrx_word' id='word_1_529' title='bbox 1934 3615 2064 3673; x_wconf 88' lang='lat' dir='ltr'><strong>soli-</strong></span> 
     </span>
    </p>
   </div>
   <div class='ocr_carea' id='block_1_68' title="bbox 478 3701 2065 3775">
    <p class='ocr_par' dir='ltr' id='par_1_68' title="bbox 478 3701 2065 3775">
     <span class='ocr_line' id='line_1_68' title="bbox 478 3701 2065 3775; baseline 0.005 -19"><span class='ocrx_word' id='word_1_530' title='bbox 478 3701 582 3756; x_wconf 90' lang='lat' dir='ltr'><strong>dus</strong></span> <span class='ocrx_word' id='word_1_531' title='bbox 615 3702 804 3767; x_wconf 86' lang='lat' dir='ltr'><strong>cibus,</strong></span> <span class='ocrx_word' id='word_1_532' title='bbox 862 3715 1059 3771; x_wconf 88' lang='lat' dir='ltr'><strong>nempe</strong></span> <span class='ocrx_word' id='word_1_533' title='bbox 1099 3716 1286 3757; x_wconf 90' lang='lat' dir='ltr'><strong>eorum</strong></span> <span class='ocrx_word' id='word_1_534' title='bbox 1336 3704 1430 3774; x_wconf 88' lang='lat' dir='ltr'><strong>qui</strong></span> <span class='ocrx_word' id='word_1_535' title='bbox 1475 3718 1575 3775; x_wconf 90' lang='lat' dir='ltr'><strong>per</strong></span> <span class='ocrx_word' id='word_1_536' title='bbox 1619 3704 1866 3762; x_wconf 89' lang='lat' dir='ltr'><strong>habitum</strong></span> <span class='ocrx_word' id='word_1_537' title='bbox 1904 3721 2065 3764; x_wconf 82' lang='lat' dir='ltr'><strong>exer-</strong></span> 
     </span>
    </p>
   </div>
   <div class='ocr_carea' id='block_1_69' title="bbox 478 3796 2060 3868">
    <p class='ocr_par' dir='ltr' id='par_1_69' title="bbox 478 3796 2060 3868">
     <span class='ocr_line' id='line_1_69' title="bbox 478 3796 2060 3868; baseline 0.004 -17"><span class='ocrx_word' id='word_1_538' title='bbox 478 3797 679 3852; x_wconf 87' lang='lat' dir='ltr'><strong>citatos</strong></span> <span class='ocrx_word' id='word_1_539' title='bbox 700 3796 905 3851; x_wconf 86' lang='lat' dir='ltr'><strong>habent</strong></span> <span class='ocrx_word' id='word_1_540' title='bbox 929 3809 1125 3851; x_wconf 87' lang='lat' dir='ltr'><strong>sensus</strong></span> <span class='ocrx_word' id='word_1_541' title='bbox 1147 3796 1214 3851; x_wconf 92' lang='lat' dir='ltr'><strong>ad</strong></span> <span class='ocrx_word' id='word_1_542' title='bbox 1236 3796 1667 3868; x_wconf 75' lang='lat' dir='ltr'><strong>diiudicandum,</strong></span> <span class='ocrx_word' id='word_1_543' title='bbox 1701 3808 1812 3855; x_wconf 93' lang='lat' dir='ltr'><strong>tum</strong></span> <span class='ocrx_word' id='word_1_544' title='bbox 1833 3800 2060 3868; x_wconf 91' lang='lat' dir='ltr'><strong>bonum,</strong></span> 
     </span>
    </p>
   </div>
   <div class='ocr_carea' id='block_1_70' title="bbox 476 3887 2057 3965">
    <p class='ocr_par' dir='ltr' id='par_1_70' title="bbox 476 3887 2057 3965">
     <span class='ocr_line' id='line_1_70' title="bbox 476 3887 2057 3965; baseline 0.004 -21"><span class='ocrx_word' id='word_1_545' title='bbox 476 3899 590 3944; x_wconf 91' lang='lat' dir='ltr'><strong>tum</strong></span> <span class='ocrx_word' id='word_1_546' title='bbox 613 3888 812 3944; x_wconf 91' lang='lat' dir='ltr'><strong>malum</strong></span> <span class='ocrx_word' id='word_1_547' title='bbox 831 3887 899 3955; x_wconf 65' lang='grc' dir='ltr'><strong>Μι;</strong></span> <span class='ocrx_word' id='word_1_548' title='bbox 929 3907 948 3940; x_wconf 72' lang='grc' dir='ltr'><strong>ι</strong></span> <span class='ocrx_word' id='word_1_549' title='bbox 977 3888 1135 3958; x_wconf 89' lang='lat' dir='ltr'><strong>ctqui</strong></span> <span class='ocrx_word' id='word_1_550' title='bbox 1155 3888 1395 3959; x_wconf 92' lang='lat' dir='ltr'><strong>loquitur</strong></span> <span class='ocrx_word' id='word_1_551' title='bbox 1415 3892 1764 3961; x_wconf 87' lang='lat' dir='ltr'><strong>sapientiam,</strong></span> <span class='ocrx_word' id='word_1_552' title='bbox 1786 3893 1964 3965; x_wconf 90' lang='lat' dir='ltr'><strong>inquit</strong></span> <span class='ocrx_word' id='word_1_553' title='bbox 1981 3894 2057 3950; x_wconf 72' lang='grc' dir='ltr'><strong>⁸⁸ι</strong></span> 
     </span>
    </p>
   </div>
   <div class='ocr_carea' id='block_1_71' title="bbox 482 3983 2062 4056">
    <p class='ocr_par' dir='ltr' id='par_1_71' title="bbox 482 3983 2062 4056">
     <span class='ocr_line' id='line_1_71' title="bbox 482 3983 2062 4056; baseline 0.005 -21"><span class='ocrx_word' id='word_1_554' title='bbox 482 4000 503 4035; x_wconf 77' lang='grc' dir='ltr'><strong>ι</strong></span> <span class='ocrx_word' id='word_1_555' title='bbox 540 3983 881 4054; x_wconf 86' lang='lat' dir='ltr'><strong>Sapientiam</strong></span> <span class='ocrx_word' id='word_1_556' title='bbox 921 3994 1107 4041; x_wconf 90' lang='lat' dir='ltr'><strong>autem</strong></span> <span class='ocrx_word' id='word_1_557' title='bbox 1139 3984 1414 4056; x_wconf 85' lang='lat' dir='ltr'><strong>loquimur</strong></span> <span class='ocrx_word' id='word_1_558' title='bbox 1445 3983 1590 4039; x_wconf 89' lang='lat' dir='ltr'><strong>inter</strong></span> <span class='ocrx_word' id='word_1_559' title='bbox 1617 3984 1919 4055; x_wconf 87' lang='lat' dir='ltr'><strong>perfectos;</strong></span> <span class='ocrx_word' id='word_1_560' title='bbox 1956 4006 1977 4040; x_wconf 72' lang='grc' dir='ltr'><strong>ι</strong></span> <span class='ocrx_word' id='word_1_561' title='bbox 2007 3996 2062 4043; x_wconf 92' lang='lat' dir='ltr'><strong>et</strong></span> 
     </span>
    </p>
   </div>
   <div class='ocr_carea' id='block_1_72' title="bbox 475 4077 2057 4149">
    <p class='ocr_par' dir='ltr' id='par_1_72' title="bbox 475 4077 2057 4149">
     <span class='ocr_line' id='line_1_72' title="bbox 475 4077 2057 4149; baseline 0.003 -18"><span class='ocrx_word' id='word_1_562' title='bbox 475 4092 597 4132; x_wconf 85' lang='lat' dir='ltr'><strong>cum</strong></span> <span class='ocrx_word' id='word_1_563' title='bbox 639 4079 1017 4149; x_wconf 86' lang='lat' dir='ltr'><strong>unusquisque</strong></span> <span class='ocrx_word' id='word_1_564' title='bbox 1068 4088 1357 4145; x_wconf 86' lang='lat' dir='ltr'><strong>nostrum,</strong></span> <span class='ocrx_word' id='word_1_565' title='bbox 1412 4077 1505 4148; x_wconf 91' lang='lat' dir='ltr'><strong>qui</strong></span> <span class='ocrx_word' id='word_1_566' title='bbox 1551 4093 1688 4149; x_wconf 88' lang='lat' dir='ltr'><strong>opus</strong></span> <span class='ocrx_word' id='word_1_567' title='bbox 1722 4079 1818 4137; x_wconf 90' lang='lat' dir='ltr'><strong>Dei</strong></span> <span class='ocrx_word' id='word_1_568' title='bbox 1846 4094 2057 4149; x_wconf 89' lang='lat' dir='ltr'><strong>sumus,</strong></span> 
     </span>
    </p>
   </div>
   <div class='ocr_carea' id='block_1_73' title="bbox 476 4167 2059 4238">
    <p class='ocr_par' dir='ltr' id='par_1_73' title="bbox 476 4167 2059 4238">
     <span class='ocr_line' id='line_1_73' title="bbox 476 4167 2059 4238; baseline 0.003 -16"><span class='ocrx_word' id='word_1_569' title='bbox 476 4184 506 4222; x_wconf 87' lang='lat' dir='ltr'><strong>a</strong></span> <span class='ocrx_word' id='word_1_570' title='bbox 527 4167 653 4225; x_wconf 71' lang='lat' dir='ltr'><strong>Iesu</strong></span> <span class='ocrx_word' id='word_1_571' title='bbox 681 4169 960 4238; x_wconf 81' lang='lat' dir='ltr'><strong>perlectus</strong></span> <span class='ocrx_word' id='word_1_572' title='bbox 995 4168 1177 4224; x_wconf 88' lang='lat' dir='ltr'><strong>factus</strong></span> <span class='ocrx_word' id='word_1_573' title='bbox 1207 4168 1392 4235; x_wconf 83' lang='lat' dir='ltr'><strong>fuerit,</strong></span> <span class='ocrx_word' id='word_1_574' title='bbox 1425 4169 1607 4226; x_wconf 86' lang='lat' dir='ltr'><strong>dicet:</strong></span> <span class='ocrx_word' id='word_1_575' title='bbox 1650 4188 1669 4222; x_wconf 80' lang='grc' dir='ltr'><strong>ι</strong></span> <span class='ocrx_word' id='word_1_576' title='bbox 1704 4169 1908 4226; x_wconf 87' lang='lat' dir='ltr'><strong>Bonum</strong></span> <span class='ocrx_word' id='word_1_577' title='bbox 1947 4186 2059 4227; x_wconf 90' lang='lat' dir='ltr'><strong>cer-</strong></span> 
     </span>
    </p>
   </div>
   <div class='ocr_carea' id='block_1_74' title="bbox 475 4261 2053 4333">
    <p class='ocr_par' dir='ltr' id='par_1_74' title="bbox 475 4261 2053 4333">
     <span class='ocr_line' id='line_1_74' title="bbox 475 4261 2053 4333; baseline 0.003 -19"><span class='ocrx_word' id='word_1_578' title='bbox 475 4268 658 4314; x_wconf 89' lang='lat' dir='ltr'><strong>tamen</strong></span> <span class='ocrx_word' id='word_1_579' title='bbox 681 4261 911 4326; x_wconf 90' lang='lat' dir='ltr'><strong>certavi,</strong></span> <span class='ocrx_word' id='word_1_580' title='bbox 932 4275 1152 4333; x_wconf 87' lang='lat' dir='ltr'><strong>cursum</strong></span> <span class='ocrx_word' id='word_1_581' title='bbox 1185 4261 1582 4328; x_wconf 84' lang='lat' dir='ltr'><strong>consummavi,</strong></span> <span class='ocrx_word' id='word_1_582' title='bbox 1612 4262 1775 4318; x_wconf 90' lang='lat' dir='ltr'><strong>ﬁdem</strong></span> <span class='ocrx_word' id='word_1_583' title='bbox 1806 4263 2053 4332; x_wconf 77' lang='lat' dir='ltr'><strong>servavi;</strong></span> 
     </span>
    </p>
   </div>
   <div class='ocr_carea' id='block_1_75' title="bbox 474 4350 2056 4424">
    <p class='ocr_par' dir='ltr' id='par_1_75' title="bbox 474 4350 2056 4424">
     <span class='ocr_line' id='line_1_75' title="bbox 474 4350 2056 4424; baseline 0.004 -20"><span class='ocrx_word' id='word_1_584' title='bbox 474 4350 707 4417; x_wconf 83' lang='lat' dir='ltr'><strong>posthac</strong></span> <span class='ocrx_word' id='word_1_585' title='bbox 742 4351 983 4419; x_wconf 85' lang='lat' dir='ltr'><strong>reposita</strong></span> <span class='ocrx_word' id='word_1_586' title='bbox 1019 4359 1105 4406; x_wconf 90' lang='lat' dir='ltr'><strong>est</strong></span> <span class='ocrx_word' id='word_1_587' title='bbox 1139 4350 1266 4405; x_wconf 87' lang='lat' dir='ltr'><strong>mihi</strong></span> <span class='ocrx_word' id='word_1_588' title='bbox 1296 4365 1497 4407; x_wconf 91' lang='lat' dir='ltr'><strong>corona</strong></span> <span class='ocrx_word' id='word_1_589' title='bbox 1522 4352 1748 4424; x_wconf 71' lang='lat' dir='ltr'><strong>iustitia:</strong></span> <span class='ocrx_word' id='word_1_590' title='bbox 1776 4352 1842 4407; x_wconf 75' lang='grc'><strong>⁸⁸.</strong></span> <span class='ocrx_word' id='word_1_591' title='bbox 1878 4373 1897 4407; x_wconf 79' lang='grc' dir='ltr'><strong>ι</strong></span> <span class='ocrx_word' id='word_1_592' title='bbox 1947 4353 2056 4410; x_wconf 81' lang='lat' dir='ltr'><strong>Nec</strong></span> 
     </span>
    </p>
   </div>
   <div class='ocr_carea' id='block_1_76' title="bbox 472 4440 2055 4513">
    <p class='ocr_par' dir='ltr' id='par_1_76' title="bbox 472 4440 2055 4513">
     <span class='ocr_line' id='line_1_76' title="bbox 472 4440 2055 4513; baseline 0.003 -17"><span class='ocrx_word' id='word_1_593' title='bbox 472 4440 622 4498; x_wconf 86' lang='lat' dir='ltr'><strong>solus</strong></span> <span class='ocrx_word' id='word_1_594' title='bbox 654 4441 823 4499; x_wconf 85' lang='lat' dir='ltr'><strong>homo</strong></span> <span class='ocrx_word' id='word_1_595' title='bbox 854 4442 1037 4512; x_wconf 89' lang='lat' dir='ltr'><strong>lapsus</strong></span> <span class='ocrx_word' id='word_1_596' title='bbox 1062 4454 1165 4507; x_wconf 89' lang='lat' dir='ltr'><strong>est,</strong></span> <span class='ocrx_word' id='word_1_597' title='bbox 1194 4459 1318 4498; x_wconf 91' lang='lat' dir='ltr'><strong>cum</strong></span> <span class='ocrx_word' id='word_1_598' title='bbox 1348 4445 1625 4513; x_wconf 89' lang='lat' dir='ltr'><strong>perfectus</strong></span> <span class='ocrx_word' id='word_1_599' title='bbox 1653 4455 1821 4511; x_wconf 84' lang='lat' dir='ltr'><strong>esset,</strong></span> <span class='ocrx_word' id='word_1_600' title='bbox 1853 4447 1922 4501; x_wconf 89' lang='lat' dir='ltr'><strong>ad</strong></span> <span class='ocrx_word' id='word_1_601' title='bbox 1955 4447 2055 4501; x_wconf 88' lang='lat' dir='ltr'><strong>im-</strong></span> 
     </span>
    </p>
   </div>
   <div class='ocr_carea' id='block_1_77' title="bbox 2169 3236 3759 3312">
    <p class='ocr_par' dir='ltr' id='par_1_77' title="bbox 2169 3236 3759 3312">
     <span class='ocr_line' id='line_1_77' title="bbox 2169 3236 3759 3312; baseline 0.003 -22"><span class='ocrx_word' id='word_1_602' title='bbox 2169 3236 2282 3302; x_wconf 81' lang='grc' dir='ltr'>ἔξιν</span> <span class='ocrx_word' id='word_1_603' title='bbox 2330 3237 2398 3291; x_wconf 81' lang='grc' dir='ltr'>τὰ</span> <span class='ocrx_word' id='word_1_604' title='bbox 2450 3236 2781 3309; x_wconf 84' lang='grc' dir='ltr'>αἰσθητήρια</span> <span class='ocrx_word' id='word_1_605' title='bbox 2844 3240 3275 3311; x_wconf 78' lang='grc' dir='ltr'>γεγυμνασμένα</span> <span class='ocrx_word' id='word_1_606' title='bbox 3323 3238 3557 3310; x_wconf 86' lang='grc' dir='ltr'>ἐχόντων</span> <span class='ocrx_word' id='word_1_607' title='bbox 3619 3238 3759 3312; x_wconf 83' lang='grc' dir='ltr'>πρὸς</span> 
     </span>
    </p>
   </div>
   <div class='ocr_carea' id='block_1_78' title="bbox 2168 3329 3761 3403">
    <p class='ocr_par' dir='ltr' id='par_1_78' title="bbox 2168 3329 3761 3403">
     <span class='ocr_line' id='line_1_78' title="bbox 2168 3329 3761 3403; baseline 0.003 -20"><span class='ocrx_word' id='word_1_608' title='bbox 2168 3329 2439 3403; x_wconf 82' lang='grc' dir='ltr'>διάκρισιν</span> <span class='ocrx_word' id='word_1_609' title='bbox 2479 3331 2646 3386; x_wconf 88' lang='grc' dir='ltr'>καλοῦ</span> <span class='ocrx_word' id='word_1_610' title='bbox 2685 3349 2745 3385; x_wconf 91' lang='grc' dir='ltr'><strong>τε</strong></span> <span class='ocrx_word' id='word_1_611' title='bbox 2790 3334 2887 3387; x_wconf 76' lang='grc' dir='ltr'>καὶ</span> <span class='ocrx_word' id='word_1_612' title='bbox 2927 3331 3100 3387; x_wconf 88' lang='grc' dir='ltr'>κακοῦ</span> <span class='ocrx_word' id='word_1_613' title='bbox 3123 3350 3137 3364; x_wconf 70' lang='grc'><strong>⁸</strong></span> <span class='ocrx_word' id='word_1_614' title='bbox 3188 3353 3207 3386; x_wconf 76' lang='grc' dir='ltr'><strong>ι</strong></span> <span class='ocrx_word' id='word_1_615' title='bbox 3243 3335 3338 3388; x_wconf 67' lang='grc' dir='ltr'><strong>κα)⁴</strong></span> <span class='ocrx_word' id='word_1_616' title='bbox 3372 3337 3402 3388; x_wconf 88' lang='lat'><strong>6</strong></span> <span class='ocrx_word' id='word_1_617' title='bbox 3437 3333 3619 3389; x_wconf 87' lang='grc' dir='ltr'>λαλῶν</span> <span class='ocrx_word' id='word_1_618' title='bbox 3674 3352 3761 3388; x_wconf 87' lang='grc' dir='ltr'>σο-</span> 
     </span>
    </p>
   </div>
   <div class='ocr_carea' id='block_1_79' title="bbox 2169 3420 3755 3495">
    <p class='ocr_par' dir='ltr' id='par_1_79' title="bbox 2169 3420 3755 3495">
     <span class='ocr_line' id='line_1_79' title="bbox 2169 3420 3755 3495; baseline 0.002 -22"><span class='ocrx_word' id='word_1_619' title='bbox 2169 3420 2297 3491; x_wconf 82' lang='grc' dir='ltr'>φίαν</span> <span class='ocrx_word' id='word_1_620' title='bbox 2321 3421 2485 3494; x_wconf 83' lang='grc' dir='ltr'>φησί·</span> <span class='ocrx_word' id='word_1_621' title='bbox 2529 3441 2548 3474; x_wconf 77' lang='grc' dir='ltr'><strong>ι</strong></span> <span class='ocrx_word' id='word_1_622' title='bbox 2589 3423 2790 3493; x_wconf 81' lang='grc' dir='ltr'>Σοφίαν</span> <span class='ocrx_word' id='word_1_623' title='bbox 2821 3424 2878 3478; x_wconf 86' lang='grc' dir='ltr'><strong>δέ</strong></span> <span class='ocrx_word' id='word_1_624' title='bbox 2904 3422 3173 3495; x_wconf 81' lang='grc' dir='ltr'>λαλοῦμεν</span> <span class='ocrx_word' id='word_1_625' title='bbox 3205 3425 3264 3478; x_wconf 89' lang='grc' dir='ltr'><strong>ἐν</strong></span> <span class='ocrx_word' id='word_1_626' title='bbox 3288 3424 3404 3488; x_wconf 86' lang='grc' dir='ltr'>τοῖς</span> <span class='ocrx_word' id='word_1_627' title='bbox 3434 3423 3691 3488; x_wconf 87' lang='grc' dir='ltr'>τελείοις,</span> <span class='ocrx_word' id='word_1_628' title='bbox 3735 3443 3755 3476; x_wconf 78' lang='grc' dir='ltr'><strong>ι</strong></span> 
     </span>
    </p>
   </div>
   <div class='ocr_carea' id='block_1_80' title="bbox 2167 3512 3762 3589">
    <p class='ocr_par' dir='ltr' id='par_1_80' title="bbox 2167 3512 3762 3589">
     <span class='ocr_line' id='line_1_80' title="bbox 2167 3512 3762 3589; baseline 0.001 -20"><span class='ocrx_word' id='word_1_629' title='bbox 2167 3514 2262 3569; x_wconf 76' lang='grc' dir='ltr'>καὶ</span> <span class='ocrx_word' id='word_1_630' title='bbox 2282 3515 2409 3570; x_wconf 86' lang='grc' dir='ltr'>ὅταν</span> <span class='ocrx_word' id='word_1_631' title='bbox 2441 3515 2674 3581; x_wconf 76' lang='grc' dir='ltr'>ἕκαστος</span> <span class='ocrx_word' id='word_1_632' title='bbox 2704 3515 2885 3588; x_wconf 85' lang='grc' dir='ltr'>ήμῶν,</span> <span class='ocrx_word' id='word_1_633' title='bbox 2924 3516 3061 3589; x_wconf 79' lang='grc' dir='ltr'>ἔργα</span> <span class='ocrx_word' id='word_1_634' title='bbox 3107 3514 3269 3581; x_wconf 83' lang='grc' dir='ltr'>Θεοῦ,</span> <span class='ocrx_word' id='word_1_635' title='bbox 3304 3516 3412 3571; x_wconf 78' lang='grc' dir='ltr'><strong>ὑπὸ</strong></span> <span class='ocrx_word' id='word_1_636' title='bbox 3460 3512 3641 3588; x_wconf 83' lang='grc' dir='ltr'>Ἰησοῦ</span> <span class='ocrx_word' id='word_1_637' title='bbox 3681 3535 3762 3571; x_wconf 80' lang='grc' dir='ltr'>τε-</span> 
     </span>
    </p>
   </div>
   <div class='ocr_carea' id='block_1_81' title="bbox 2164 3608 3759 3684">
    <p class='ocr_par' dir='ltr' id='par_1_81' title="bbox 2164 3608 3759 3684">
     <span class='ocr_line' id='line_1_81' title="bbox 2164 3608 3759 3684; baseline 0.001 -21"><span class='ocrx_word' id='word_1_638' title='bbox 2164 3608 2383 3682; x_wconf 80' lang='grc' dir='ltr'>λειωθῇ,</span> <span class='ocrx_word' id='word_1_639' title='bbox 2438 3611 2595 3684; x_wconf 87' lang='grc' dir='ltr'>ἐρεῖ·</span> <span class='ocrx_word' id='word_1_640' title='bbox 2642 3630 2660 3663; x_wconf 79' lang='grc' dir='ltr'><strong>ι</strong></span> <span class='ocrx_word' id='word_1_641' title='bbox 2702 3609 2806 3665; x_wconf 86' lang='grc' dir='ltr'>Τόν</span> <span class='ocrx_word' id='word_1_642' title='bbox 2844 3609 3033 3680; x_wconf 83' lang='grc' dir='ltr'>ἀγῶνα</span> <span class='ocrx_word' id='word_1_643' title='bbox 3070 3609 3161 3664; x_wconf 84' lang='grc' dir='ltr'>τὸν</span> <span class='ocrx_word' id='word_1_644' title='bbox 3205 3610 3369 3665; x_wconf 85' lang='grc' dir='ltr'>καλὸν</span> <span class='ocrx_word' id='word_1_645' title='bbox 3419 3610 3759 3683; x_wconf 74' lang='grc' dir='ltr'>ἠγώνισμαι,</span> 
     </span>
    </p>
   </div>
   <div class='ocr_carea' id='block_1_82' title="bbox 2163 3702 3761 3777">
    <p class='ocr_par' dir='ltr' id='par_1_82' title="bbox 2163 3702 3761 3777">
     <span class='ocr_line' id='line_1_82' title="bbox 2163 3702 3761 3777; baseline -0.001 -19"><span class='ocrx_word' id='word_1_646' title='bbox 2163 3704 2255 3758; x_wconf 85' lang='grc' dir='ltr'>τὸν</span> <span class='ocrx_word' id='word_1_647' title='bbox 2293 3704 2493 3776; x_wconf 89' lang='grc' dir='ltr'>δρόμον</span> <span class='ocrx_word' id='word_1_648' title='bbox 2528 3704 2805 3773; x_wconf 80' lang='grc' dir='ltr'>τετέλεκα,</span> <span class='ocrx_word' id='word_1_649' title='bbox 2846 3703 2944 3776; x_wconf 83' lang='grc' dir='ltr'><strong>τὴν</strong></span> <span class='ocrx_word' id='word_1_650' title='bbox 2991 3703 3173 3759; x_wconf 81' lang='grc' dir='ltr'>πίστιν</span> <span class='ocrx_word' id='word_1_651' title='bbox 3217 3702 3521 3777; x_wconf 74' lang='grc' dir='ltr'>τετήρηκα,</span> <span class='ocrx_word' id='word_1_652' title='bbox 3558 3704 3761 3759; x_wconf 83' lang='grc' dir='ltr'>λοιπὸν</span> 
     </span>
    </p>
   </div>
   <div class='ocr_carea' id='block_1_83' title="bbox 2163 3796 3758 3870">
    <p class='ocr_par' dir='ltr' id='par_1_83' title="bbox 2163 3796 3758 3870">
     <span class='ocr_line' id='line_1_83' title="bbox 2163 3796 3758 3870; baseline 0 -19"><span class='ocrx_word' id='word_1_653' title='bbox 2163 3796 2450 3851; x_wconf 82' lang='grc' dir='ltr'>ἀπόκειταί</span> <span class='ocrx_word' id='word_1_654' title='bbox 2478 3814 2569 3870; x_wconf 90' lang='grc' dir='ltr'><strong>μοι</strong></span> <span class='ocrx_word' id='word_1_655' title='bbox 2597 3797 2625 3851; x_wconf 91' lang='lat'><strong>6</strong></span> <span class='ocrx_word' id='word_1_656' title='bbox 2652 3798 2751 3869; x_wconf 79' lang='grc' dir='ltr'>τῆς</span> <span class='ocrx_word' id='word_1_657' title='bbox 2774 3796 3120 3868; x_wconf 83' lang='grc' dir='ltr'>δικαιοσύνης</span> <span class='ocrx_word' id='word_1_658' title='bbox 3152 3797 3441 3868; x_wconf 83' lang='grc' dir='ltr'>στέφανος.</span> <span class='ocrx_word' id='word_1_659' title='bbox 3487 3815 3506 3849; x_wconf 74' lang='grc' dir='ltr'><strong>ι</strong></span> <span class='ocrx_word' id='word_1_660' title='bbox 3540 3798 3621 3850; x_wconf 87' lang='grc' dir='ltr'>Ού</span> <span class='ocrx_word' id='word_1_661' title='bbox 3651 3798 3758 3870; x_wconf 74' lang='grc' dir='ltr'>μόο</span> 
     </span>
    </p>
   </div>
   <div class='ocr_carea' id='block_1_84' title="bbox 2163 3888 3755 3962">
    <p class='ocr_par' dir='ltr' id='par_1_84' title="bbox 2163 3888 3755 3962">
     <span class='ocr_line' id='line_1_84' title="bbox 2163 3888 3755 3962; baseline 0.001 -19"><span class='ocrx_word' id='word_1_662' title='bbox 2163 3906 2252 3953; x_wconf 87' lang='grc' dir='ltr'><strong>νος</strong></span> <span class='ocrx_word' id='word_1_663' title='bbox 2281 3888 2338 3943; x_wconf 83' lang='grc' dir='ltr'>δὲ</span> <span class='ocrx_word' id='word_1_664' title='bbox 2359 3890 2388 3943; x_wconf 90' lang='lat'><strong>6</strong></span> <span class='ocrx_word' id='word_1_665' title='bbox 2408 3889 2690 3962; x_wconf 82' lang='grc' dir='ltr'>ἄνθρωπος</span> <span class='ocrx_word' id='word_1_666' title='bbox 2719 3889 2975 3957; x_wconf 80' lang='grc' dir='ltr'>ἐξέπεσεν</span> <span class='ocrx_word' id='word_1_667' title='bbox 3008 3892 3074 3944; x_wconf 88' lang='grc' dir='ltr'><strong>ἐκ</strong></span> <span class='ocrx_word' id='word_1_668' title='bbox 3100 3890 3308 3944; x_wconf 85' lang='grc' dir='ltr'>τελείου</span> <span class='ocrx_word' id='word_1_669' title='bbox 3340 3890 3432 3943; x_wconf 78' lang='grc' dir='ltr'>ἐπὶ</span> <span class='ocrx_word' id='word_1_670' title='bbox 3452 3889 3513 3944; x_wconf 81' lang='grc' dir='ltr'>τὸ</span> <span class='ocrx_word' id='word_1_671' title='bbox 3531 3890 3755 3954; x_wconf 84' lang='grc' dir='ltr'>άτελές,</span> 
     </span>
    </p>
   </div>
   <div class='ocr_carea' id='block_1_85' title="bbox 2161 3980 3759 4054">
    <p class='ocr_par' dir='ltr' id='par_1_85' title="bbox 2161 3980 3759 4054">
     <span class='ocr_line' id='line_1_85' title="bbox 2161 3980 3759 4054; baseline 0 -18"><span class='ocrx_word' id='word_1_672' title='bbox 2161 3981 2298 4037; x_wconf 84' lang='grc' dir='ltr'>ἀλλὰ</span> <span class='ocrx_word' id='word_1_673' title='bbox 2320 3983 2416 4037; x_wconf 79' lang='grc' dir='ltr'>καὶ</span> <span class='ocrx_word' id='word_1_674' title='bbox 2452 3982 2652 4046; x_wconf 76' lang='grc' dir='ltr'>ἰδόντες</span> <span class='ocrx_word' id='word_1_675' title='bbox 2681 3985 2730 4036; x_wconf 81' lang='grc' dir='ltr'>οἱ</span> <span class='ocrx_word' id='word_1_676' title='bbox 2754 3983 2862 4037; x_wconf 80' lang='grc' dir='ltr'>υἱοὶ</span> <span class='ocrx_word' id='word_1_677' title='bbox 2889 3980 2982 4037; x_wconf 89' lang='grc' dir='ltr'><strong>τοῦ</strong></span> <span class='ocrx_word' id='word_1_678' title='bbox 3010 3981 3147 4036; x_wconf 88' lang='grc' dir='ltr'>Θεοῦ</span> <span class='ocrx_word' id='word_1_679' title='bbox 3180 3983 3279 4047; x_wconf 80' lang='grc' dir='ltr'><strong>τὰς</strong></span> <span class='ocrx_word' id='word_1_680' title='bbox 3313 3981 3623 4054; x_wconf 79' lang='grc' dir='ltr'>θυγατέρας</span> <span class='ocrx_word' id='word_1_681' title='bbox 3643 3983 3759 4036; x_wconf 81' lang='grc' dir='ltr'>τῶν</span> 
     </span>
    </p>
   </div>
   <div class='ocr_carea' id='block_1_86' title="bbox 2160 4074 3758 4147">
    <p class='ocr_par' dir='ltr' id='par_1_86' title="bbox 2160 4074 3758 4147">
     <span class='ocr_line' id='line_1_86' title="bbox 2160 4074 3758 4147; baseline -0.001 -16"><span class='ocrx_word' id='word_1_682' title='bbox 2160 4074 2484 4147; x_wconf 81' lang='grc' dir='ltr'>ἀνθρώπων,</span> <span class='ocrx_word' id='word_1_683' title='bbox 2513 4076 2596 4130; x_wconf 80' lang='grc' dir='ltr'>ὅτι</span> <span class='ocrx_word' id='word_1_684' title='bbox 2624 4074 2787 4129; x_wconf 89' lang='grc' dir='ltr'>καλαί</span> <span class='ocrx_word' id='word_1_685' title='bbox 2815 4077 2943 4140; x_wconf 81' lang='lat' dir='ltr'><strong>siet,</strong></span> <span class='ocrx_word' id='word_1_686' title='bbox 2979 4075 3074 4130; x_wconf 82' lang='grc' dir='ltr'><strong>καὶ</strong></span> <span class='ocrx_word' id='word_1_687' title='bbox 3102 4074 3360 4139; x_wconf 82' lang='grc' dir='ltr'>λαϐόντες</span> <span class='ocrx_word' id='word_1_688' title='bbox 3386 4076 3601 4139; x_wconf 75' lang='grc' dir='ltr'>ἑαυτοῖς</span> <span class='ocrx_word' id='word_1_689' title='bbox 3641 4075 3758 4129; x_wconf 82' lang='grc' dir='ltr'><strong>ἀπὸ</strong></span> 
     </span>
    </p>
   </div>
   <div class='ocr_carea' id='block_1_87' title="bbox 2134 4159 3761 4234">
    <p class='ocr_par' dir='ltr' id='par_1_87' title="bbox 2134 4159 3761 4234">
     <span class='ocr_line' id='line_1_87' title="bbox 2134 4159 3761 4234; baseline -0.001 -12"><span class='ocrx_word' id='word_1_690' title='bbox 2134 4166 2349 4222; x_wconf 74' lang='grc' dir='ltr'>πασῶν</span> <span class='ocrx_word' id='word_1_691' title='bbox 2399 4159 2475 4223; x_wconf 79' lang='grc' dir='ltr'>ὧν</span> <span class='ocrx_word' id='word_1_692' title='bbox 2530 4166 2863 4234; x_wconf 80' lang='grc' dir='ltr'>ἐξελέξαντο,</span> <span class='ocrx_word' id='word_1_693' title='bbox 2920 4168 3014 4222; x_wconf 81' lang='grc' dir='ltr'>καὶ</span> <span class='ocrx_word' id='word_1_694' title='bbox 3065 4164 3407 4234; x_wconf 81' lang='grc' dir='ltr'>ἁπαξαπλῶς</span> <span class='ocrx_word' id='word_1_695' title='bbox 3452 4167 3659 4232; x_wconf 82' lang='grc' dir='ltr'>πάντες</span> <span class='ocrx_word' id='word_1_696' title='bbox 3704 4168 3761 4222; x_wconf 77' lang='grc' dir='ltr'>οἱ</span> 
     </span>
    </p>
   </div>
   <div class='ocr_carea' id='block_1_88' title="bbox 2159 4256 3756 4331">
    <p class='ocr_par' dir='ltr' id='par_1_88' title="bbox 2159 4256 3756 4331">
     <span class='ocr_line' id='line_1_88' title="bbox 2159 4256 3756 4331; baseline 0.001 -19"><span class='ocrx_word' id='word_1_697' title='bbox 2159 4256 2546 4324; x_wconf 85' lang='grc' dir='ltr'>ἀπολείποντες</span> <span class='ocrx_word' id='word_1_698' title='bbox 2586 4257 2648 4311; x_wconf 86' lang='grc' dir='ltr'>τὸ</span> <span class='ocrx_word' id='word_1_699' title='bbox 2670 4258 2804 4312; x_wconf 73' lang='grc' dir='ltr'>ἰδιον</span> <span class='ocrx_word' id='word_1_700' title='bbox 2840 4258 3173 4330; x_wconf 76' lang='grc' dir='ltr'>οἰκητήριον,</span> <span class='ocrx_word' id='word_1_701' title='bbox 3214 4258 3308 4312; x_wconf 78' lang='grc' dir='ltr'>καὶ</span> <span class='ocrx_word' id='word_1_702' title='bbox 3350 4258 3429 4331; x_wconf 76' lang='grc' dir='ltr'>μὴ</span> <span class='ocrx_word' id='word_1_703' title='bbox 3467 4260 3756 4331; x_wconf 80' lang='grc' dir='ltr'>τηρήσαν-</span> 
     </span>
    </p>
   </div>
   <div class='ocr_carea' id='block_1_89' title="bbox 2156 4349 3759 4423">
    <p class='ocr_par' dir='ltr' id='par_1_89' title="bbox 2156 4349 3759 4423">
     <span class='ocr_line' id='line_1_89' title="bbox 2156 4349 3759 4423; baseline 0 -18"><span class='ocrx_word' id='word_1_704' title='bbox 2156 4368 2249 4416; x_wconf 88' lang='grc' dir='ltr'><strong>τες</strong></span> <span class='ocrx_word' id='word_1_705' title='bbox 2273 4351 2373 4423; x_wconf 80' lang='grc' dir='ltr'>τὴν</span> <span class='ocrx_word' id='word_1_706' title='bbox 2404 4350 2611 4405; x_wconf 77' lang='grc' dir='ltr'>ἑαυτῶν</span> <span class='ocrx_word' id='word_1_707' title='bbox 2641 4350 2839 4423; x_wconf 82' lang='grc' dir='ltr'>ἀρχήν.</span> <span class='ocrx_word' id='word_1_708' title='bbox 2885 4369 2905 4403; x_wconf 76' lang='grc' dir='ltr'><strong>ι</strong></span> <span class='ocrx_word' id='word_1_709' title='bbox 2960 4349 3161 4422; x_wconf 79' lang='grc' dir='ltr'>Ἀρχὴν</span> <span class='ocrx_word' id='word_1_710' title='bbox 3208 4369 3229 4403; x_wconf 68' lang='grc' dir='ltr'><strong>ι</strong></span> <span class='ocrx_word' id='word_1_711' title='bbox 3266 4349 3325 4404; x_wconf 87' lang='grc' dir='ltr'>δὲ</span> <span class='ocrx_word' id='word_1_712' title='bbox 3359 4349 3503 4420; x_wconf 87' lang='grc' dir='ltr'>λέγω</span> <span class='ocrx_word' id='word_1_713' title='bbox 3539 4352 3606 4405; x_wconf 79' lang='grc' dir='ltr'>οὐ</span> <span class='ocrx_word' id='word_1_714' title='bbox 3649 4353 3759 4423; x_wconf 75' lang='grc' dir='ltr'>τὴν</span> 
     </span>
    </p>
   </div>
   <div class='ocr_carea' id='block_1_90' title="bbox 2157 4441 3759 4517">
    <p class='ocr_par' dir='ltr' id='par_1_90' title="bbox 2157 4441 3759 4517">
     <span class='ocr_line' id='line_1_90' title="bbox 2157 4441 3759 4517; baseline 0 -19"><span class='ocrx_word' id='word_1_715' title='bbox 2157 4443 2649 4517; x_wconf 76' lang='grc' dir='ltr'>παραϐαλλομένην</span> <span class='ocrx_word' id='word_1_716' title='bbox 2680 4441 2919 4515; x_wconf 76' lang='grc' dir='ltr'>ἐξουσίᾳ,</span> <span class='ocrx_word' id='word_1_717' title='bbox 2954 4442 3091 4498; x_wconf 81' lang='grc' dir='ltr'>ἀλλὰ</span> <span class='ocrx_word' id='word_1_718' title='bbox 3129 4443 3220 4498; x_wconf 80' lang='grc' dir='ltr'>διὰ</span> <span class='ocrx_word' id='word_1_719' title='bbox 3248 4443 3349 4514; x_wconf 84' lang='grc' dir='ltr'>τὴν</span> <span class='ocrx_word' id='word_1_720' title='bbox 3380 4442 3759 4499; x_wconf 79' lang='grc' dir='ltr'>άντιδιαστελ-</span> 
     </span>
    </p>
   </div>
   <div class='ocr_carea' id='block_1_91' title="bbox 474 4509 2060 4607">
    <p class='ocr_par' dir='ltr' id='par_1_91' title="bbox 474 4509 2047 4606">
     <span class='ocr_line' id='line_1_91' title="bbox 474 4509 2047 4606; baseline 0.003 -20"><span class='ocrx_word' id='word_1_721' title='bbox 474 4532 771 4604; x_wconf 84' lang='lat' dir='ltr'><strong>perfectum</strong></span> <span class='ocrx_word' id='word_1_722' title='bbox 794 4572 811 4598; x_wconf 91' lang='lat'><strong>,</strong></span> <span class='ocrx_word' id='word_1_723' title='bbox 840 4509 934 4588; x_wconf 83' lang='lat' dir='ltr'><strong>sed</strong></span> <span class='ocrx_word' id='word_1_724' title='bbox 972 4552 991 4586; x_wconf 76' lang='grc' dir='ltr'><strong>ι</strong></span> <span class='ocrx_word' id='word_1_725' title='bbox 1025 4533 1117 4588; x_wconf 88' lang='lat' dir='ltr'><strong>ﬁlii</strong></span> <span class='ocrx_word' id='word_1_726' title='bbox 1153 4552 1173 4586; x_wconf 77' lang='grc' dir='ltr'><strong>ι</strong></span> <span class='ocrx_word' id='word_1_727' title='bbox 1231 4509 1396 4589; x_wconf 79' lang='lat' dir='ltr'><strong>etiam</strong></span> <span class='ocrx_word' id='word_1_728' title='bbox 1449 4554 1469 4589; x_wconf 80' lang='grc' dir='ltr'><strong>ι</strong></span> <span class='ocrx_word' id='word_1_729' title='bbox 1506 4536 1632 4601; x_wconf 90' lang='lat' dir='ltr'><strong>Dei,</strong></span> <span class='ocrx_word' id='word_1_730' title='bbox 1671 4555 1691 4589; x_wconf 68' lang='grc' dir='ltr'><strong>ι</strong></span> <span class='ocrx_word' id='word_1_731' title='bbox 1735 4509 1828 4606; x_wconf 83' lang='lat' dir='ltr'><strong>qui</strong></span> <span class='ocrx_word' id='word_1_732' title='bbox 1866 4556 1886 4590; x_wconf 73' lang='grc' dir='ltr'><strong>ι</strong></span> <span class='ocrx_word' id='word_1_733' title='bbox 1921 4553 2047 4593; x_wconf 89' lang='lat' dir='ltr'><strong>cum</strong></span> 
     </span>
    </p>
   </div>
   <div class='ocr_carea' id='block_1_92' title="bbox 2173 4509 3758 4607">
    <p class='ocr_par' dir='ltr' id='par_1_92' title="bbox 2173 4509 3758 4607">
     <span class='ocr_line' id='line_1_92' title="bbox 2173 4509 3758 4607; baseline -0.001 -20"><span class='ocrx_word' id='word_1_734' title='bbox 2173 4509 2389 4606; x_wconf 68' lang='grc' dir='ltr'>ιομένην</span> <span class='ocrx_word' id='word_1_735' title='bbox 2420 4509 2584 4598; x_wconf 83' lang='grc' dir='ltr'>τέλει,</span> <span class='ocrx_word' id='word_1_736' title='bbox 2604 4509 2717 4589; x_wconf 36' lang='grc' dir='ltr'>’καὶ</span> <span class='ocrx_word' id='word_1_737' title='bbox 2743 4509 3155 4606; x_wconf 77' lang='grc' dir='ltr'>παρακειμένην</span> <span class='ocrx_word' id='word_1_738' title='bbox 3185 4509 3390 4607; x_wconf 56' lang='grc' dir='ltr'>πρώτῳ</span> <span class='ocrx_word' id='word_1_739' title='bbox 3406 4550 3424 4566; x_wconf 67' lang='grc' dir='ltr'>θ</span> <span class='ocrx_word' id='word_1_740' title='bbox 3459 4534 3523 4587; x_wconf 79' lang='grc' dir='ltr'><strong>ἵν’</strong></span> <span class='ocrx_word' id='word_1_741' title='bbox 3549 4532 3758 4605; x_wconf 76' lang='grc' dir='ltr'>ὥσπερ</span> 
     </span>
    </p>
   </div>
   <div class='ocr_carea' id='block_1_93' title="bbox 473 4621 2051 4698">
    <p class='ocr_par' dir='ltr' id='par_1_93' title="bbox 473 4621 2051 4698">
     <span class='ocr_line' id='line_1_93' title="bbox 473 4621 2051 4698; baseline 0.006 -23"><span class='ocrx_word' id='word_1_742' title='bbox 473 4623 736 4679; x_wconf 87' lang='lat' dir='ltr'><strong>vidissent</strong></span> <span class='ocrx_word' id='word_1_743' title='bbox 771 4621 909 4678; x_wconf 89' lang='lat' dir='ltr'><strong>ﬁlias</strong></span> <span class='ocrx_word' id='word_1_744' title='bbox 941 4623 1224 4679; x_wconf 84' lang='lat' dir='ltr'><strong>hominum</strong></span> <span class='ocrx_word' id='word_1_745' title='bbox 1256 4624 1513 4696; x_wconf 87' lang='lat' dir='ltr'><strong>pulchras</strong></span> <span class='ocrx_word' id='word_1_746' title='bbox 1542 4642 1683 4693; x_wconf 88' lang='lat' dir='ltr'><strong>esse,</strong></span> <span class='ocrx_word' id='word_1_747' title='bbox 1721 4638 2051 4698; x_wconf 88' lang='lat' dir='ltr'><strong>acceperunt</strong></span> 
     </span>
    </p>
   </div>
   <div class='ocr_carea' id='block_1_94' title="bbox 470 4702 2047 4791">
    <p class='ocr_par' dir='ltr' id='par_1_94' title="bbox 470 4702 2047 4791">
     <span class='ocr_line' id='line_1_94' title="bbox 470 4702 2047 4791; baseline 0.001 -20"><span class='ocrx_word' id='word_1_748' title='bbox 470 4715 572 4772; x_wconf 84' lang='lat' dir='ltr'><strong>sibi</strong></span> <span class='ocrx_word' id='word_1_749' title='bbox 602 4731 670 4772; x_wconf 82' lang='lat' dir='ltr'><strong>ex</strong></span> <span class='ocrx_word' id='word_1_750' title='bbox 702 4715 989 4785; x_wconf 90' lang='lat' dir='ltr'><strong>omnibus,</strong></span> <span class='ocrx_word' id='word_1_751' title='bbox 1022 4702 1158 4787; x_wconf 81' lang='lat' dir='ltr'><strong>quas</strong></span> <span class='ocrx_word' id='word_1_752' title='bbox 1180 4716 1472 4788; x_wconf 73' lang='lat' dir='ltr'><strong>elegissent</strong></span> <span class='ocrx_word' id='word_1_753' title='bbox 1497 4718 1575 4786; x_wconf 66' lang='lat'><strong>‘7;</strong></span> <span class='ocrx_word' id='word_1_754' title='bbox 1609 4737 1629 4771; x_wconf 74' lang='grc' dir='ltr'><strong>ι</strong></span> <span class='ocrx_word' id='word_1_755' title='bbox 1668 4727 1722 4774; x_wconf 92' lang='lat' dir='ltr'><strong>et</strong></span> <span class='ocrx_word' id='word_1_756' title='bbox 1746 4720 2047 4791; x_wconf 76' lang='lat' dir='ltr'><strong>generatim</strong></span> 
     </span>
    </p>
   </div>
   <div class='ocr_carea' id='block_1_95' title="bbox 467 4810 2046 4881">
    <p class='ocr_par' dir='ltr' id='par_1_95' title="bbox 467 4810 2046 4881">
     <span class='ocr_line' id='line_1_95' title="bbox 467 4810 2046 4881; baseline -0.001 -17"><span class='ocrx_word' id='word_1_757' title='bbox 467 4825 656 4866; x_wconf 87' lang='lat' dir='ltr'><strong>omnes</strong></span> <span class='ocrx_word' id='word_1_758' title='bbox 693 4828 715 4864; x_wconf 74' lang='grc' dir='ltr'><strong>ι</strong></span> <span class='ocrx_word' id='word_1_759' title='bbox 757 4810 847 4880; x_wconf 88' lang='lat' dir='ltr'><strong>qui</strong></span> <span class='ocrx_word' id='word_1_760' title='bbox 889 4811 1249 4866; x_wconf 87' lang='lat' dir='ltr'><strong>deseruerunt</strong></span> <span class='ocrx_word' id='word_1_761' title='bbox 1296 4810 1573 4881; x_wconf 90' lang='lat' dir='ltr'><strong>propriam</strong></span> <span class='ocrx_word' id='word_1_762' title='bbox 1631 4810 2046 4879; x_wconf 83' lang='lat' dir='ltr'><strong>habitationem,</strong></span> 
     </span>
    </p>
   </div>
   <div class='ocr_carea' id='block_1_96' title="bbox 467 4902 2042 4973">
    <p class='ocr_par' dir='ltr' id='par_1_96' title="bbox 467 4902 2042 4973">
     <span class='ocr_line' id='line_1_96' title="bbox 467 4902 2042 4973; baseline -0.001 -15"><span class='ocrx_word' id='word_1_763' title='bbox 467 4913 522 4958; x_wconf 92' lang='lat' dir='ltr'><strong>et</strong></span> <span class='ocrx_word' id='word_1_764' title='bbox 552 4918 658 4956; x_wconf 89' lang='lat' dir='ltr'><strong>non</strong></span> <span class='ocrx_word' id='word_1_765' title='bbox 686 4910 1045 4957; x_wconf 83' lang='lat' dir='ltr'><strong>servaverunt</strong></span> <span class='ocrx_word' id='word_1_766' title='bbox 1072 4916 1233 4956; x_wconf 91' lang='lat' dir='ltr'><strong>suum</strong></span> <span class='ocrx_word' id='word_1_767' title='bbox 1276 4902 1515 4970; x_wconf 84' lang='lat' dir='ltr'><strong>ipsorum</strong></span> <span class='ocrx_word' id='word_1_768' title='bbox 1562 4903 1890 4973; x_wconf 91' lang='lat' dir='ltr'><strong>principium</strong></span> <span class='ocrx_word' id='word_1_769' title='bbox 1927 4903 1992 4960; x_wconf 76' lang='grc'><strong>⁸⁸.</strong></span> <span class='ocrx_word' id='word_1_770' title='bbox 2020 4921 2042 4957; x_wconf 74' lang='grc' dir='ltr'><strong>ι</strong></span> 
     </span>
    </p>
   </div>
   <div class='ocr_carea' id='block_1_97' title="bbox 466 4995 2046 5070">
    <p class='ocr_par' dir='ltr' id='par_1_97' title="bbox 466 4995 2046 5070">
     <span class='ocr_line' id='line_1_97' title="bbox 466 4995 2046 5070; baseline 0.004 -20"><span class='ocrx_word' id='word_1_771' title='bbox 466 4995 599 5063; x_wconf 86' lang='lat' dir='ltr'><strong>Nec,</strong></span> <span class='ocrx_word' id='word_1_772' title='bbox 626 4996 817 5051; x_wconf 88' lang='lat' dir='ltr'><strong>dicens</strong></span> <span class='ocrx_word' id='word_1_773' title='bbox 855 5013 874 5048; x_wconf 76' lang='grc' dir='ltr'><strong>ι</strong></span> <span class='ocrx_word' id='word_1_774' title='bbox 904 4996 1264 5067; x_wconf 86' lang='lat' dir='ltr'><strong>principium,</strong></span> <span class='ocrx_word' id='word_1_775' title='bbox 1305 5016 1323 5048; x_wconf 76' lang='grc' dir='ltr'><strong>ι</strong></span> <span class='ocrx_word' id='word_1_776' title='bbox 1364 4997 1729 5067; x_wconf 88' lang='lat' dir='ltr'><strong>principatum</strong></span> <span class='ocrx_word' id='word_1_777' title='bbox 1766 4998 1923 5064; x_wconf 90' lang='lat' dir='ltr'><strong>dico,</strong></span> <span class='ocrx_word' id='word_1_778' title='bbox 1954 5001 2046 5070; x_wconf 89' lang='lat' dir='ltr'><strong>qui</strong></span> 
     </span>
    </p>
   </div>
   <div class='ocr_carea' id='block_1_98' title="bbox 454 5084 2046 5161">
    <p class='ocr_par' dir='ltr' id='par_1_98' title="bbox 454 5084 2046 5161">
     <span class='ocr_line' id='line_1_98' title="bbox 454 5084 2046 5161; baseline 0.003 -17"><span class='ocrx_word' id='word_1_779' title='bbox 454 5084 822 5159; x_wconf 79' lang='lat' dir='ltr'><strong>comparatur</strong></span> <span class='ocrx_word' id='word_1_780' title='bbox 888 5089 1181 5158; x_wconf 87' lang='lat' dir='ltr'><strong>potestati;</strong></span> <span class='ocrx_word' id='word_1_781' title='bbox 1244 5090 1338 5145; x_wconf 88' lang='lat' dir='ltr'><strong>sed</strong></span> <span class='ocrx_word' id='word_1_782' title='bbox 1386 5107 1405 5140; x_wconf 76' lang='grc' dir='ltr'><strong>ι</strong></span> <span class='ocrx_word' id='word_1_783' title='bbox 1453 5090 1781 5161; x_wconf 86' lang='lat' dir='ltr'><strong>principium</strong></span> <span class='ocrx_word' id='word_1_784' title='bbox 1817 5108 1837 5144; x_wconf 77' lang='grc' dir='ltr'><strong>ι</strong></span> <span class='ocrx_word' id='word_1_785' title='bbox 1896 5092 2046 5159; x_wconf 89' lang='lat' dir='ltr'><strong>dico,</strong></span> 
     </span>
    </p>
   </div>
   <div class='ocr_carea' id='block_1_99' title="bbox 466 5182 2044 5253">
    <p class='ocr_par' dir='ltr' id='par_1_99' title="bbox 466 5182 2044 5253">
     <span class='ocr_line' id='line_1_99' title="bbox 466 5182 2044 5253; baseline 0.003 -19"><span class='ocrx_word' id='word_1_786' title='bbox 466 5183 612 5246; x_wconf 81' lang='lat' dir='ltr'><strong>quod</strong></span> <span class='ocrx_word' id='word_1_787' title='bbox 637 5182 731 5236; x_wconf 90' lang='lat' dir='ltr'><strong>lini</strong></span> <span class='ocrx_word' id='word_1_788' title='bbox 753 5183 1068 5252; x_wconf 89' lang='lat' dir='ltr'><strong>opponitur,</strong></span> <span class='ocrx_word' id='word_1_789' title='bbox 1083 5182 1339 5253; x_wconf 89' lang='lat' dir='ltr'><strong>quodque</strong></span> <span class='ocrx_word' id='word_1_790' title='bbox 1359 5197 1480 5236; x_wconf 88' lang='lat' dir='ltr'><strong>cum</strong></span> <span class='ocrx_word' id='word_1_791' title='bbox 1502 5182 1678 5251; x_wconf 91' lang='lat' dir='ltr'><strong>primo</strong></span> <span class='ocrx_word' id='word_1_792' title='bbox 1696 5182 2044 5252; x_wconf 72' lang='lat' dir='ltr'><strong>coniunctum</strong></span> 
     </span>
    </p>
   </div>
   <div class='ocr_carea' id='block_1_100' title="bbox 465 5273 2039 5345">
    <p class='ocr_par' dir='ltr' id='par_1_100' title="bbox 465 5273 2039 5345">
     <span class='ocr_line' id='line_1_100' title="bbox 465 5273 2039 5345; baseline 0.001 -15"><span class='ocrx_word' id='word_1_793' title='bbox 465 5286 579 5330; x_wconf 84' lang='lat' dir='ltr'><strong>est:</strong></span> <span class='ocrx_word' id='word_1_794' title='bbox 624 5283 681 5328; x_wconf 93' lang='lat' dir='ltr'><strong>ut</strong></span> <span class='ocrx_word' id='word_1_795' title='bbox 709 5276 1166 5345; x_wconf 89' lang='lat' dir='ltr'><strong>quemadmodum</strong></span> <span class='ocrx_word' id='word_1_796' title='bbox 1213 5273 1415 5328; x_wconf 92' lang='lat' dir='ltr'><strong>homini</strong></span> <span class='ocrx_word' id='word_1_797' title='bbox 1465 5273 1792 5343; x_wconf 85' lang='lat' dir='ltr'><strong>principium</strong></span> <span class='ocrx_word' id='word_1_798' title='bbox 1827 5278 2039 5330; x_wconf 87' lang='lat' dir='ltr'><strong>esscndi</strong></span> 
     </span>
    </p>
   </div>
   <div class='ocr_carea' id='block_1_101' title="bbox 2155 4622 3757 4699">
    <p class='ocr_par' dir='ltr' id='par_1_101' title="bbox 2155 4622 3757 4699">
     <span class='ocr_line' id='line_1_101' title="bbox 2155 4622 3757 4699; baseline -0.002 -19"><span class='ocrx_word' id='word_1_799' title='bbox 2155 4626 2234 4699; x_wconf 84' lang='grc' dir='ltr'>τῷ</span> <span class='ocrx_word' id='word_1_800' title='bbox 2266 4625 2590 4699; x_wconf 85' lang='grc' dir='ltr'>άνθρώπῳή</span> <span class='ocrx_word' id='word_1_801' title='bbox 2623 4626 2766 4699; x_wconf 80' lang='grc' dir='ltr'>ἀρχή</span> <span class='ocrx_word' id='word_1_802' title='bbox 2801 4644 2888 4692; x_wconf 85' lang='grc' dir='ltr'><strong>τις</strong></span> <span class='ocrx_word' id='word_1_803' title='bbox 2916 4625 3012 4681; x_wconf 85' lang='grc' dir='ltr'><strong>τοῦ</strong></span> <span class='ocrx_word' id='word_1_804' title='bbox 3052 4622 3193 4680; x_wconf 70' lang='grc' dir='ltr'>εἶναι</span> <span class='ocrx_word' id='word_1_805' title='bbox 3224 4627 3284 4679; x_wconf 89' lang='grc' dir='ltr'><strong>ἐν</strong></span> <span class='ocrx_word' id='word_1_806' title='bbox 3318 4625 3399 4696; x_wconf 82' lang='grc' dir='ltr'><strong>τῷ</strong></span> <span class='ocrx_word' id='word_1_807' title='bbox 3430 4625 3757 4697; x_wconf 75' lang='grc' dir='ltr'>παραδείσῳ</span> 
     </span>
    </p>
   </div>
   <div class='ocr_carea' id='block_1_102' title="bbox 2154 4711 3753 4789">
    <p class='ocr_par' dir='ltr' id='par_1_102' title="bbox 2154 4711 3753 4789">
     <span class='ocr_line' id='line_1_102' title="bbox 2154 4711 3753 4789; baseline 0 -20"><span class='ocrx_word' id='word_1_808' title='bbox 2154 4711 2244 4789; x_wconf 76' lang='grc' dir='ltr'>ἦν,</span> <span class='ocrx_word' id='word_1_809' title='bbox 2276 4716 2338 4770; x_wconf 83' lang='grc' dir='ltr'>τὸ</span> <span class='ocrx_word' id='word_1_810' title='bbox 2374 4717 2525 4781; x_wconf 83' lang='grc' dir='ltr'>τέλος</span> <span class='ocrx_word' id='word_1_811' title='bbox 2551 4716 2640 4772; x_wconf 86' lang='grc' dir='ltr'><strong>διὰ</strong></span> <span class='ocrx_word' id='word_1_812' title='bbox 2673 4718 2771 4789; x_wconf 86' lang='grc' dir='ltr'>τὴν</span> <span class='ocrx_word' id='word_1_813' title='bbox 2808 4716 3117 4789; x_wconf 80' lang='grc' dir='ltr'>παράϐασιν</span> <span class='ocrx_word' id='word_1_814' title='bbox 3138 4714 3279 4786; x_wconf 86' lang='grc' dir='ltr'>τάχα</span> <span class='ocrx_word' id='word_1_815' title='bbox 3306 4716 3365 4768; x_wconf 87' lang='grc' dir='ltr'><strong>ἐν</strong></span> <span class='ocrx_word' id='word_1_816' title='bbox 3397 4714 3521 4786; x_wconf 67' lang='grc' dir='ltr'>ᾅδου</span> <span class='ocrx_word' id='word_1_817' title='bbox 3549 4714 3717 4769; x_wconf 78' lang='grc' dir='ltr'>κάτω</span> <span class='ocrx_word' id='word_1_818' title='bbox 3736 4757 3753 4779; x_wconf 89' lang='grc'><strong>,</strong></span> 
     </span>
    </p>
   </div>
   <div class='ocr_carea' id='block_1_103' title="bbox 2154 4803 3756 4881">
    <p class='ocr_par' dir='ltr' id='par_1_103' title="bbox 2154 4803 3756 4881">
     <span class='ocr_line' id='line_1_103' title="bbox 2154 4803 3756 4881; baseline -0.002 -20"><span class='ocrx_word' id='word_1_819' title='bbox 2154 4808 2189 4881; x_wconf 77' lang='grc' dir='ltr'><strong>ἡ</strong></span> <span class='ocrx_word' id='word_1_820' title='bbox 2226 4825 2335 4862; x_wconf 89' lang='grc' dir='ltr'>τινι</span> <span class='ocrx_word' id='word_1_821' title='bbox 2368 4808 2594 4881; x_wconf 70' lang='grc' dir='ltr'>τοιούτῳ</span> <span class='ocrx_word' id='word_1_822' title='bbox 2625 4808 2840 4880; x_wconf 84' lang='grc' dir='ltr'>χωρίῳ·</span> <span class='ocrx_word' id='word_1_823' title='bbox 2880 4806 3025 4861; x_wconf 79' lang='grc' dir='ltr'>οὕτω</span> <span class='ocrx_word' id='word_1_824' title='bbox 3068 4806 3164 4860; x_wconf 75' lang='grc' dir='ltr'>καὶ</span> <span class='ocrx_word' id='word_1_825' title='bbox 3204 4804 3423 4876; x_wconf 77' lang='grc' dir='ltr'>ἑκάστῳ</span> <span class='ocrx_word' id='word_1_826' title='bbox 3466 4803 3574 4857; x_wconf 82' lang='grc' dir='ltr'><strong>τῶν</strong></span> <span class='ocrx_word' id='word_1_827' title='bbox 3603 4805 3756 4858; x_wconf 77' lang='grc' dir='ltr'>ἀπο-</span> 
     </span>
    </p>
   </div>
   <div class='ocr_carea' id='block_1_104' title="bbox 2156 4896 3756 4971">
    <p class='ocr_par' dir='ltr' id='par_1_104' title="bbox 2156 4896 3756 4971">
     <span class='ocr_line' id='line_1_104' title="bbox 2156 4896 3756 4971; baseline -0.004 -15"><span class='ocrx_word' id='word_1_828' title='bbox 2156 4900 2525 4957; x_wconf 85' lang='grc' dir='ltr'>πεπτωκότων</span> <span class='ocrx_word' id='word_1_829' title='bbox 2550 4902 2726 4956; x_wconf 82' lang='grc' dir='ltr'>οἰκεία</span> <span class='ocrx_word' id='word_1_830' title='bbox 2745 4918 2830 4965; x_wconf 89' lang='grc' dir='ltr'><strong>τις</strong></span> <span class='ocrx_word' id='word_1_831' title='bbox 2859 4899 3003 4971; x_wconf 83' lang='grc' dir='ltr'>ἀρχὴ</span> <span class='ocrx_word' id='word_1_832' title='bbox 3035 4899 3284 4971; x_wconf 81' lang='grc' dir='ltr'>τυγχάνῃ</span> <span class='ocrx_word' id='word_1_833' title='bbox 3320 4896 3603 4969; x_wconf 84' lang='grc' dir='ltr'>δεδομένη.</span> <span class='ocrx_word' id='word_1_834' title='bbox 3636 4897 3756 4950; x_wconf 84' lang='grc' dir='ltr'><strong>Τε-</strong></span> 
     </span>
    </p>
   </div>
   <div class='ocr_carea' id='block_1_105' title="bbox 2153 4987 3759 5066">
    <p class='ocr_par' dir='ltr' id='par_1_105' title="bbox 2153 4987 3759 5066">
     <span class='ocr_line' id='line_1_105' title="bbox 2153 4987 3759 5066; baseline -0.005 -18"><span class='ocrx_word' id='word_1_835' title='bbox 2153 4994 2313 5049; x_wconf 87' lang='grc' dir='ltr'>λειῶν</span> <span class='ocrx_word' id='word_1_836' title='bbox 2347 4994 2595 5066; x_wconf 85' lang='grc' dir='ltr'>μέντοιγε</span> <span class='ocrx_word' id='word_1_837' title='bbox 2634 4996 2664 5048; x_wconf 88' lang='grc' dir='ltr'><strong>ὁ</strong></span> <span class='ocrx_word' id='word_1_838' title='bbox 2713 4993 2921 5065; x_wconf 79' lang='grc' dir='ltr'>Ἰησοῦς</span> <span class='ocrx_word' id='word_1_839' title='bbox 2948 4991 3010 5046; x_wconf 85' lang='grc' dir='ltr'>τὸ</span> <span class='ocrx_word' id='word_1_840' title='bbox 3038 4991 3197 5063; x_wconf 81' lang='grc' dir='ltr'>ἔργον</span> <span class='ocrx_word' id='word_1_841' title='bbox 3233 4988 3330 5042; x_wconf 85' lang='grc' dir='ltr'><strong>τοῦ</strong></span> <span class='ocrx_word' id='word_1_842' title='bbox 3374 4987 3530 5057; x_wconf 65' lang='grc' dir='ltr'>Θεοῦ,</span> <span class='ocrx_word' id='word_1_843' title='bbox 3560 4987 3759 5060; x_wconf 85' lang='grc' dir='ltr'>(λέγω</span> 
     </span>
    </p>
   </div>
   <div class='ocr_carea' id='block_1_106' title="bbox 2153 5078 3711 5152">
    <p class='ocr_par' dir='ltr' id='par_1_106' title="bbox 2153 5078 3711 5152">
     <span class='ocr_line' id='line_1_106' title="bbox 2153 5078 3711 5152; baseline -0.005 -12"><span class='ocrx_word' id='word_1_844' title='bbox 2153 5085 2212 5140; x_wconf 84' lang='grc' dir='ltr'>δὲ</span> <span class='ocrx_word' id='word_1_845' title='bbox 2248 5086 2357 5140; x_wconf 81' lang='grc' dir='ltr'><strong>πᾶν</strong></span> <span class='ocrx_word' id='word_1_846' title='bbox 2394 5084 2457 5138; x_wconf 84' lang='grc' dir='ltr'>τὸ</span> <span class='ocrx_word' id='word_1_847' title='bbox 2485 5083 2720 5152; x_wconf 83' lang='grc' dir='ltr'>λογικὸν,</span> <span class='ocrx_word' id='word_1_848' title='bbox 2777 5082 2872 5137; x_wconf 72' lang='grc' dir='ltr'>καὶ</span> <span class='ocrx_word' id='word_1_849' title='bbox 2920 5082 2982 5135; x_wconf 89' lang='grc' dir='ltr'><strong>ού</strong></span> <span class='ocrx_word' id='word_1_850' title='bbox 3036 5080 3130 5134; x_wconf 82' lang='grc' dir='ltr'>τὸν</span> <span class='ocrx_word' id='word_1_851' title='bbox 3178 5079 3466 5151; x_wconf 79' lang='grc' dir='ltr'>ἄνθρωπον</span> <span class='ocrx_word' id='word_1_852' title='bbox 3509 5078 3711 5151; x_wconf 80' lang='grc' dir='ltr'>μόνον,</span> 
     </span>
    </p>
   </div>
   <div class='ocr_carea' id='block_1_107' title="bbox 2154 5170 3761 5248">
    <p class='ocr_par' dir='ltr' id='par_1_107' title="bbox 2154 5170 3761 5248">
     <span class='ocr_line' id='line_1_107' title="bbox 2154 5170 3761 5248; baseline -0.007 -15"><span class='ocrx_word' id='word_1_853' title='bbox 2154 5178 2296 5234; x_wconf 80' lang='grc' dir='ltr'>κατὰ</span> <span class='ocrx_word' id='word_1_854' title='bbox 2320 5178 2412 5232; x_wconf 81' lang='grc' dir='ltr'><strong>τόν</strong></span> <span class='ocrx_word' id='word_1_855' title='bbox 2438 5177 2599 5231; x_wconf 81' lang='grc' dir='ltr'>αὐτὸν</span> <span class='ocrx_word' id='word_1_856' title='bbox 2626 5176 2826 5248; x_wconf 89' lang='grc' dir='ltr'>τρόπον</span> <span class='ocrx_word' id='word_1_857' title='bbox 2852 5174 2985 5229; x_wconf 80' lang='grc' dir='ltr'>αὐτὸ</span> <span class='ocrx_word' id='word_1_858' title='bbox 3012 5173 3207 5227; x_wconf 89' lang='grc' dir='ltr'>τελειοῖ</span> <span class='ocrx_word' id='word_1_859' title='bbox 3225 5189 3237 5202; x_wconf 92' lang='grc'><strong>·</strong></span> <span class='ocrx_word' id='word_1_860' title='bbox 3270 5172 3339 5226; x_wconf 80' lang='grc' dir='ltr'>τὰ</span> <span class='ocrx_word' id='word_1_861' title='bbox 3371 5171 3471 5243; x_wconf 83' lang='grc' dir='ltr'>μὲν</span> <span class='ocrx_word' id='word_1_862' title='bbox 3500 5170 3613 5242; x_wconf 76' lang='grc' dir='ltr'><strong>γὰρ</strong></span> <span class='ocrx_word' id='word_1_863' title='bbox 3641 5188 3761 5242; x_wconf 77' lang='grc' dir='ltr'>μοι-</span> 
     </span>
    </p>
   </div>
   <div class='ocr_carea' id='block_1_108' title="bbox 2153 5265 3761 5344">
    <p class='ocr_par' dir='ltr' id='par_1_108' title="bbox 2153 5265 3761 5344">
     <span class='ocr_line' id='line_1_108' title="bbox 2153 5265 3761 5344; baseline -0.006 -18"><span class='ocrx_word' id='word_1_864' title='bbox 2153 5270 2462 5344; x_wconf 83' lang='grc' dir='ltr'>καριώτερα</span> <span class='ocrx_word' id='word_1_865' title='bbox 2484 5271 2779 5343; x_wconf 86' lang='grc' dir='ltr'>πειθόμενα</span> <span class='ocrx_word' id='word_1_866' title='bbox 2798 5269 2963 5340; x_wconf 88' lang='grc' dir='ltr'>λόγῳ,</span> <span class='ocrx_word' id='word_1_867' title='bbox 2994 5266 3068 5339; x_wconf 79' lang='grc' dir='ltr'>μὴ</span> <span class='ocrx_word' id='word_1_868' title='bbox 3093 5265 3354 5337; x_wconf 87' lang='grc' dir='ltr'>δεηθέντα</span> <span class='ocrx_word' id='word_1_869' title='bbox 3376 5265 3561 5330; x_wconf 86' lang='grc' dir='ltr'>πόνου,</span> <span class='ocrx_word' id='word_1_870' title='bbox 3592 5266 3761 5336; x_wconf 78' lang='grc' dir='ltr'>μόνῳ</span> 
     </span>
    </p>
   </div>
   <div class='ocr_carea' id='block_1_109' title="bbox 463 5353 2060 5436">
    <p class='ocr_par' dir='ltr' id='par_1_109' title="bbox 463 5364 2040 5436">
     <span class='ocr_line' id='line_1_109' title="bbox 463 5364 2040 5436; baseline 0 -17"><span class='ocrx_word' id='word_1_871' title='bbox 463 5368 518 5419; x_wconf 87' lang='lat' dir='ltr'><strong>in</strong></span> <span class='ocrx_word' id='word_1_872' title='bbox 551 5366 807 5436; x_wconf 80' lang='lat' dir='ltr'><strong>paradiso</strong></span> <span class='ocrx_word' id='word_1_873' title='bbox 833 5364 956 5429; x_wconf 85' lang='lat' dir='ltr'><strong>fuit.</strong></span> <span class='ocrx_word' id='word_1_874' title='bbox 990 5364 1114 5421; x_wconf 87' lang='lat' dir='ltr'><strong>ﬁnis</strong></span> <span class='ocrx_word' id='word_1_875' title='bbox 1141 5379 1272 5421; x_wconf 89' lang='lat' dir='ltr'><strong>vero</strong></span> <span class='ocrx_word' id='word_1_876' title='bbox 1297 5373 1522 5434; x_wconf 88' lang='lat' dir='ltr'><strong>propter</strong></span> <span class='ocrx_word' id='word_1_877' title='bbox 1545 5365 2040 5433; x_wconf 75' lang='lat' dir='ltr'><strong>transgressionem</strong></span> 
     </span>
    </p>
   </div>
   <div class='ocr_carea' id='block_1_110' title="bbox 2173 5353 3757 5436">
    <p class='ocr_par' dir='ltr' id='par_1_110' title="bbox 2173 5353 3757 5435">
     <span class='ocr_line' id='line_1_110' title="bbox 2173 5353 3757 5435; baseline -0.006 -19"><span class='ocrx_word' id='word_1_878' title='bbox 2173 5362 2446 5418; x_wconf 66' lang='grc' dir='ltr'>ξελειοῦται</span> <span class='ocrx_word' id='word_1_879' title='bbox 2474 5362 2554 5435; x_wconf 78' lang='grc' dir='ltr'><strong>τῷ</strong></span> <span class='ocrx_word' id='word_1_880' title='bbox 2578 5362 2748 5434; x_wconf 61' lang='grc' dir='ltr'>λόγον</span> <span class='ocrx_word' id='word_1_881' title='bbox 2779 5362 2944 5434; x_wconf 86' lang='grc' dir='ltr'>’ἐτερα</span> <span class='ocrx_word' id='word_1_882' title='bbox 2960 5359 3042 5426; x_wconf 85' lang='grc' dir='ltr'>δὲ,</span> <span class='ocrx_word' id='word_1_883' title='bbox 3070 5358 3445 5429; x_wconf 84' lang='grc' dir='ltr'>ἀπειθήσαντα</span> <span class='ocrx_word' id='word_1_884' title='bbox 3465 5354 3541 5426; x_wconf 82' lang='grc' dir='ltr'>τῷ</span> <span class='ocrx_word' id='word_1_885' title='bbox 3568 5353 3757 5426; x_wconf 57' lang='grc' dir='ltr'>λόγῳ,</span> 
     </span>
    </p>
   </div>
   <div class='ocr_carea' id='block_1_111' title="bbox 464 5452 2043 5524">
    <p class='ocr_par' dir='ltr' id='par_1_111' title="bbox 464 5452 2043 5524">
     <span class='ocr_line' id='line_1_111' title="bbox 464 5452 2043 5524; baseline -0.001 -15"><span class='ocrx_word' id='word_1_886' title='bbox 464 5456 713 5511; x_wconf 87' lang='lat' dir='ltr'><strong>fortassis</strong></span> <span class='ocrx_word' id='word_1_887' title='bbox 745 5455 799 5509; x_wconf 93' lang='lat' dir='ltr'><strong>in</strong></span> <span class='ocrx_word' id='word_1_888' title='bbox 827 5454 1044 5511; x_wconf 88' lang='lat' dir='ltr'><strong>inferno</strong></span> <span class='ocrx_word' id='word_1_889' title='bbox 1072 5456 1328 5511; x_wconf 90' lang='lat' dir='ltr'><strong>deorsum</strong></span> <span class='ocrx_word' id='word_1_890' title='bbox 1348 5493 1363 5519; x_wconf 94' lang='lat'><strong>,</strong></span> <span class='ocrx_word' id='word_1_891' title='bbox 1393 5453 1480 5508; x_wconf 84' lang='lat' dir='ltr'><strong>vel</strong></span> <span class='ocrx_word' id='word_1_892' title='bbox 1512 5453 1565 5507; x_wconf 91' lang='lat' dir='ltr'><strong>in</strong></span> <span class='ocrx_word' id='word_1_893' title='bbox 1595 5453 1776 5524; x_wconf 86' lang='lat' dir='ltr'><strong>aliquo</strong></span> <span class='ocrx_word' id='word_1_894' title='bbox 1814 5452 1934 5509; x_wconf 90' lang='lat' dir='ltr'><strong>loco</strong></span> <span class='ocrx_word' id='word_1_895' title='bbox 1972 5455 2043 5508; x_wconf 85' lang='lat' dir='ltr'><strong>si-</strong></span> 
     </span>
    </p>
   </div>
   <div class='ocr_carea' id='block_1_112' title="bbox 2151 5447 3761 5528">
    <p class='ocr_par' dir='ltr' id='par_1_112' title="bbox 2151 5447 3761 5528">
     <span class='ocr_line' id='line_1_112' title="bbox 2151 5447 3761 5528; baseline -0.022 1"><span class='ocrx_word' id='word_1_896' title='bbox 2151 5454 2341 5528; x_wconf 68' lang='grc' dir='ltr'>Χρῇξει</span> <span class='ocrx_word' id='word_1_897' title='bbox 2372 5455 2571 5520; x_wconf 80' lang='grc' dir='ltr'>πόνων,</span> <span class='ocrx_word' id='word_1_898' title='bbox 2604 5456 2690 5509; x_wconf 81' lang='grc' dir='ltr'>ἵνα</span> <span class='ocrx_word' id='word_1_899' title='bbox 2740 5453 2876 5526; x_wconf 80' lang='grc' dir='ltr'>μετὰ</span> <span class='ocrx_word' id='word_1_900' title='bbox 2919 5453 3049 5515; x_wconf 79' lang='grc' dir='ltr'>τοὺς</span> <span class='ocrx_word' id='word_1_901' title='bbox 3083 5450 3303 5513; x_wconf 83' lang='grc' dir='ltr'>πόνους,</span> <span class='ocrx_word' id='word_1_902' title='bbox 3349 5447 3531 5518; x_wconf 78' lang='grc' dir='ltr'>λόγοις</span> <span class='ocrx_word' id='word_1_903' title='bbox 3562 5463 3761 5518; x_wconf 77' lang='grc' dir='ltr'>προσ-</span> 
     </span>
    </p>
   </div>
   <div class='ocr_carea' id='block_1_113' title="bbox 531 5556 2060 5646">
    <p class='ocr_par' dir='ltr' id='par_1_113' title="bbox 531 5575 2060 5646">
     <span class='ocr_line' id='line_1_113' title="bbox 531 5575 2060 5646; baseline 0 -13"><span class='ocrx_word' id='word_1_904' title='bbox 531 5578 578 5611; x_wconf 76' lang='grc'>⁴¹</span> <span class='ocrx_word' id='word_1_905' title='bbox 605 5579 765 5634; x_wconf 83' lang='lat' dir='ltr'><strong>Joan.</strong></span> <span class='ocrx_word' id='word_1_906' title='bbox 800 5594 911 5646; x_wconf 79' lang='lat' dir='ltr'><strong>xw,</strong></span> <span class='ocrx_word' id='word_1_907' title='bbox 938 5576 1027 5636; x_wconf 75' lang='lat'><strong>28.</strong></span> <span class='ocrx_word' id='word_1_908' title='bbox 1104 5579 1151 5611; x_wconf 77' lang='lat'><strong><em>“</em></strong></span> <span class='ocrx_word' id='word_1_909' title='bbox 1193 5578 1350 5633; x_wconf 81' lang='lat' dir='ltr'><strong>Joan.</strong></span> <span class='ocrx_word' id='word_1_910' title='bbox 1377 5593 1453 5644; x_wconf 83' lang='lat' dir='ltr'><strong>tv,</strong></span> <span class='ocrx_word' id='word_1_911' title='bbox 1478 5578 1572 5632; x_wconf 68' lang='grc'><strong>54.</strong></span> <span class='ocrx_word' id='word_1_912' title='bbox 1646 5576 1694 5610; x_wconf 74' lang='grc'><strong><em>⁵⁸⁵</em></strong></span> <span class='ocrx_word' id='word_1_913' title='bbox 1718 5575 1886 5634; x_wconf 79' lang='lat' dir='ltr'><strong>Hebr.</strong></span> <span class='ocrx_word' id='word_1_914' title='bbox 1918 5592 1971 5644; x_wconf 67' lang='grc' dir='ltr'><strong>ν,</strong></span> <span class='ocrx_word' id='word_1_915' title='bbox 2012 5579 2060 5633; x_wconf 71' lang='grc' dir='ltr'><em>Η</em></span> 
     </span>
    </p>
   </div>
   <div class='ocr_carea' id='block_1_114' title="bbox 2173 5556 3758 5646">
    <p class='ocr_par' dir='ltr' id='par_1_114' title="bbox 2208 5569 3758 5646">
     <span class='ocr_line' id='line_1_114' title="bbox 2208 5569 3758 5646; baseline -0.01 -9"><span class='ocrx_word' id='word_1_916' title='bbox 2208 5580 2255 5612; x_wconf 74' lang='grc'><strong>⁴⁵</strong></span> <span class='ocrx_word' id='word_1_917' title='bbox 2287 5581 2308 5636; x_wconf 89' lang='grc' dir='ltr'><strong>ι</strong></span> <span class='ocrx_word' id='word_1_918' title='bbox 2339 5581 2466 5636; x_wconf 82' lang='lat' dir='ltr'><strong>Cor.</strong></span> <span class='ocrx_word' id='word_1_919' title='bbox 2497 5594 2556 5646; x_wconf 85' lang='grc' dir='ltr'><strong>ιι,</strong></span> <span class='ocrx_word' id='word_1_920' title='bbox 2584 5579 2638 5635; x_wconf 85' lang='grc'><strong>6.</strong></span> <span class='ocrx_word' id='word_1_921' title='bbox 2715 5577 2761 5609; x_wconf 77' lang='grc'><strong>’⁸⁸</strong></span> <span class='ocrx_word' id='word_1_922' title='bbox 2783 5575 2826 5632; x_wconf 90' lang='lat' dir='ltr'><strong>ll</strong></span> <span class='ocrx_word' id='word_1_923' title='bbox 2846 5576 2994 5631; x_wconf 82' lang='lat' dir='ltr'><strong>Tim.</strong></span> <span class='ocrx_word' id='word_1_924' title='bbox 3040 5589 3126 5641; x_wconf 82' lang='lat' dir='ltr'><strong>Iv,</strong></span> <span class='ocrx_word' id='word_1_925' title='bbox 3159 5573 3213 5626; x_wconf 85' lang='lat'><strong>7.</strong></span> <span class='ocrx_word' id='word_1_926' title='bbox 3316 5571 3362 5604; x_wconf 80' lang='lat'><strong>&quot;</strong></span> <span class='ocrx_word' id='word_1_927' title='bbox 3392 5569 3525 5627; x_wconf 79' lang='lat' dir='ltr'><strong>Gen.</strong></span> <span class='ocrx_word' id='word_1_928' title='bbox 3560 5585 3637 5633; x_wconf 81' lang='lat' dir='ltr'><strong>vt,</strong></span> <span class='ocrx_word' id='word_1_929' title='bbox 3694 5569 3758 5623; x_wconf 71' lang='grc' dir='ltr'><strong>Ξ..</strong></span> 
     </span>
    </p>
   </div>
   <div class='ocr_carea' id='block_1_115' title="bbox 462 5648 733 5706">
    <p class='ocr_par' dir='ltr' id='par_1_115' title="bbox 462 5648 733 5706">
     <span class='ocr_line' id='line_1_115' title="bbox 462 5648 733 5706; baseline -0.011 0"><span class='ocrx_word' id='word_1_930' title='bbox 462 5649 506 5684; x_wconf 69' lang='grc'><strong>⁸⁸</strong></span> <span class='ocrx_word' id='word_1_931' title='bbox 533 5648 655 5706; x_wconf 74' lang='lat' dir='ltr'><strong>Jud.</strong></span> <span class='ocrx_word' id='word_1_932' title='bbox 681 5654 733 5705; x_wconf 83' lang='lat' dir='ltr'><strong>b‘.</strong></span> 
     </span>
    </p>
   </div>
   <div class='ocr_carea' id='block_1_116' title="bbox 534 5744 1698 5818">
    <p class='ocr_par' dir='ltr' id='par_1_116' title="bbox 534 5744 1698 5818">
     <span class='ocr_line' id='line_1_116' title="bbox 534 5744 1698 5818; baseline 0.001 -18"><span class='ocrx_word' id='word_1_933' title='bbox 534 5746 648 5817; x_wconf 66' lang='lat'><strong>(45)</strong></span> <span class='ocrx_word' id='word_1_934' title='bbox 681 5747 865 5818; x_wconf 79' lang='lat' dir='ltr'><strong>Codex</strong></span> <span class='ocrx_word' id='word_1_935' title='bbox 889 5747 1124 5818; x_wconf 67' lang='lat' dir='ltr'><strong>Begius,</strong></span> <span class='ocrx_word' id='word_1_936' title='bbox 1154 5746 1345 5817; x_wconf 88' lang='grc' dir='ltr'>διόπερ</span> <span class='ocrx_word' id='word_1_937' title='bbox 1364 5744 1698 5818; x_wconf 78' lang='grc' dir='ltr'>ἐλήφθησαν.</span> 
     </span>
    </p>
   </div>
   <div class='ocr_carea' id='block_1_117' title="bbox 532 5813 1548 5883">
    <p class='ocr_par' dir='ltr' id='par_1_117' title="bbox 532 5813 1548 5883">
     <span class='ocr_line' id='line_1_117' title="bbox 532 5813 1548 5883; baseline -0.007 -6"><span class='ocrx_word' id='word_1_938' title='bbox 532 5813 645 5883; x_wconf 66' lang='grc'><strong>(46)</strong></span> <span class='ocrx_word' id='word_1_939' title='bbox 667 5813 850 5875; x_wconf 76' lang='lat' dir='ltr'><strong>Codex</strong></span> <span class='ocrx_word' id='word_1_940' title='bbox 883 5813 1228 5881; x_wconf 50' lang='lat' dir='ltr'><strong>Bod‘lciantts,</strong></span> <span class='ocrx_word' id='word_1_941' title='bbox 1264 5813 1548 5879; x_wconf 51' lang='lat' dir='ltr'><strong>causam.</strong></span> 
     </span>
    </p>
   </div>
   <div class='ocr_carea' id='block_1_118' title="bbox 2222 5735 3516 5817">
    <p class='ocr_par' dir='ltr' id='par_1_118' title="bbox 2222 5735 3516 5817">
     <span class='ocr_line' id='line_1_118' title="bbox 2222 5735 3516 5817; baseline -0.01 -16"><span class='ocrx_word' id='word_1_942' title='bbox 2222 5745 2336 5817; x_wconf 80' lang='grc'><strong>(47)</strong></span> <span class='ocrx_word' id='word_1_943' title='bbox 2373 5747 2426 5800; x_wconf 87' lang='lat'><strong>&#39;0</strong></span> <span class='ocrx_word' id='word_1_944' title='bbox 2458 5742 2683 5813; x_wconf 81' lang='grc' dir='ltr'>Πατήρ.</span> <span class='ocrx_word' id='word_1_945' title='bbox 2711 5742 2875 5799; x_wconf 87' lang='lat' dir='ltr'><strong>Deest</strong></span> <span class='ocrx_word' id='word_1_946' title='bbox 2900 5740 2953 5796; x_wconf 86' lang='lat' dir='ltr'><strong>in</strong></span> <span class='ocrx_word' id='word_1_947' title='bbox 2987 5737 3177 5797; x_wconf 80' lang='lat' dir='ltr'><strong>codice</strong></span> <span class='ocrx_word' id='word_1_948' title='bbox 3198 5735 3516 5794; x_wconf 84' lang='lat' dir='ltr'><strong>Bodleiano.</strong></span> 
     </span>
    </p>
   </div>
  </div>
