3806 6530
94 459 186 516 ⁸65
1151 455 1507 512 COMMENT.
1546 455 1612 512 ΙΝ
1651 455 1843 514 JOAN.
1882 455 2124 515 TOMUS
2156 455 2298 511 XIII.

3250 460 3354 517 466

93 576 314 646 αχθέντα
391 575 620 643 ὕστερόν
691 593 821 629 ποτε
841 615 857 640 ,
923 573 1136 638 τούτοις
1184 575 1469 647 τελειωθῇ.
1522 575 1665 648 Πλὴν

1796 576 1927 640 nili,
1979 577 2052 631 ita
2114 575 2342 647 singulis
2389 573 2657 646 prolapsis
2709 576 2891 632 datum
2946 537 3018 634 sit
3069 580 3354 649 proprium

91 667 368 739 ἀμφύτερα
409 667 585 721 ταῦτα
617 665 676 720 ἓν
720 665 919 739 βρῶμά
952 667 1100 719 ἐστιν
1143 665 1273 720 ῐδιον
1321 664 1474 731 Υἱοῦ,
1516 666 1580 719 τό
1609 683 1669 720 τε

91 759 302 831 ποιῆσαι
325 760 389 814 τὸ
415 761 623 832 θέλημα
646 759 741 815 τοῦ
769 760 1085 833 πέμψαντος
1112 760 1276 814 αὑτὸν
1297 759 1514 832 Πατρὸς
1529 759 1668 832 (48),

90 856 170 907 ita".
194 853 256 905 τὸ
283 854 572 908 τελειῶσαι
600 855 659 908 τὺ
682 854 842 927 ἔργον
863 853 1051 909 αὑτοῦ.

1775 667 2050 737 quoddam
2072 668 2425 738 principium.
2450 669 2718 725 Caeterum
2739 669 3025 740 perliciens
3043 667 3203 726 Jesus
3221 686 3356 740 onus

1777 760 1870 814 Dei
1901 759 2068 831 248
2094 759 2238 830 (dico
2269 768 2449 816 autem
2478 761 2742 831 quidquid
2793 761 3020 816 rationis
3049 771 3132 817 est
3160 777 3354 831 capax,

1777 867 1885 907 non
1920 862 2129 908 tantum
2164 853 2486 922 hominem),
2526 868 2633 908 uno
2659 853 2960 924 eodemque
2993 854 3150 910 modo
3179 854 3356 923 ipsqu

89 950 293 1020 perﬁcit
323 968 338 1004 :
371 953 664 1022 siquidem
697 969 758 1009 ea
793 968 914 1023 qua:
958 952 1202 1007 beatiora
1239 961 1398 1017 sunt,
1449 950 1696 1021 parentia
1733 948 1971 1005 sermoni
2017 956 2073 1003 et
2123 949 2353 1017 rationi,
2398 964 2504 1004 non
2554 950 2767 1020 egentia
2817 949 3040 1018 labore,
3084 949 3202 1006 solo
3239 966 3360 1006 ser-

89 1060 235 1100 mone
265 1055 325 1100 et
366 1045 580 1099 ratione
631 1042 1023 1114 perﬁciuntur;
1076 1044 1184 1097 alia
1233 1057 1364 1097 vero
1413 1058 1519 1098 non
1569 1041 1852 1097 credentia
1903 1040 2141 1095 sermoni
2191 1049 2248 1095 et
2285 1040 2517 1107 rationi,
2571 1040 2846 1096 laboribus
2889 1051 3073 1111 egent,
3131 1052 3190 1098 ut
3238 1054 3361 1113 post

88 1136 323 1200 labores,
385 1136 688 1192 rationibus
742 1147 932 1206 postea
977 1135 1268 1206 aliquando
1307 1136 1576 1202 adducta,
1642 1134 1730 1190 his
1783 1134 2157 1204 perﬁciantur.
2215 1132 2601 1188 Verumtamen
2649 1134 2765 1188 haec
2809 1142 3077 1205 utraque,
3125 1134 3358 1198 scilicet,

89 1230 254 1285 Patris
288 1233 372 1286 sui
407 1233 744 1287 voluntatem
795 1232 1012 1299 lacere,
1039 1233 1130 1303 qui
1180 1233 1325 1287 misit
1358 1233 1503 1286 illiilli
1525 1274 1542 1300 ,
1567 1243 1777 1304 etopus
1813 1232 1958 1288 illius
1987 1233 2272 1304 perlicere,
2313 1248 2454 1289 unus
2479 1242 2536 1289 et
2579 1231 2826 1303 proprius
2861 1233 3018 1288 cibus
3041 1229 3167 1288 Jesu
3208 1244 3358 1288 sunt.

146 1327 231 1382 58.
298 1328 358 1381 '0
404 1328 462 1381 δὲ
508 1327 820 1401 ’Πρακλέων
860 1327 952 1382 διὰ
991 1329 1124 1383 τοῦ·
1176 1347 1196 1380 ι
1259 1327 1422 1400 Ἐμὸν
1467 1328 1665 1400 βρῶμά

88 1421 238 1482 ἐστιν,
293 1420 381 1473 ἶνα
423 1422 634 1492 ποιήσω
683 1421 743 1474 τὸ
783 1420 1001 1492 θέλημα
1039 1420 1134 1473 τοῦ
1165 1419 1483 1491 πέμψαντός
1513 1436 1605 1491 με,
1640 1439 1658 1469 ι

88 1512 204 1581 φησι
259 1511 570 1582 διηγεῖσθαι
625 1511 716 1567 τὸν
769 1512 1000 1584 Σωτῆρα
1053 1514 1165 1576 τοῖς
1221 1511 1527 1582 μαθηταῖς,
1583 1512 1664 1564 ὅτι

87 1605 227 1658 τοῦτο
277 1602 347 1677 ἦν
393 1606 423 1659 ὃ
469 1608 752 1678 συνεζήτει
798 1609 936 1680 μετὰ
985 1609 1084 1680 τῆς
1132 1609 1411 1678 γυναικὸς,
1469 1609 1667 1681 βρῶμα

87 1696 199 1746 Ξιον
229 1694 410 1764 λέγων
434 1697 494 1749 τὸ
524 1697 734 1770 θέλημα
755 1698 847 1752 τοῦ
879 1700 1090 1763 Πατρός
1109 1715 1124 1729 ⁸
1162 1698 1319 1753 τοῦτο
1356 1699 1465 1770 γὰρ
1498 1701 1666 1755 αὑτοῦ

87 1788 266 1858 mosi}.
310 1789 405 1841 καὶ
437 1791 765 1855 ἀνάπαυσις,
815 1793 908 1846 καὶ
944 1793 1175 1864 δύναμις
1214 1789 1303 1864 ἦν.
1349 1793 1572 1865 Θέλημα
1611 1793 1668 1847 δὲ

90 1885 298 1956 Harpe;
334 1885 521 1955 ἔλεγεν
557 1883 694 1941 εἶναι
723 1888 784 1941 τὸ
815 1888 1016 1958 γνῶναι
1062 1888 1388 1961 ἀνθρώπους
1424 1889 1516 1942 τὸν
1553 1889 1668 1942 Πα-

84 1975 220 2045 τέρα,
263 1977 360 2028 καὶ
394 1977 659 2048 σωθῆναι,
689 1981 826 2050 ὅπερ
859 1975 928 2050 ἦν
960 1980 1121 2052 ἔργον
1153 1980 1248 2034 τοῦ
1277 1976 1553 2051 Σωτῆρος,
1573 1979 1666 2034 τοῦ

83 2067 228 2122 ἕνεκα
285 2071 480 2124 τούτου
539 2073 954 2144 ἀπεσταλμένον
1019 2076 1098 2137 εἰς
1139 2074 1495 2145 Σαμάρειαν,
1544 2091 1670 2128 του-

83 2160 245 2214 τέστιν
274 2164 358 2228 εἰς
377 2165 471 2217 τὸν
497 2165 722 2236 κόσμον.
759 2165 962 2238 Βρῶμα
991 2161 1083 2218 οὖν
1109 2164 1358 2236 ἐξείληφε
1388 2164 1482 2218 τοῦ
1510 2164 1666 2230 Υἰοῦ,

84 2255 165 2307 καὶ
186 2255 291 2327 τὴν
323 2257 473 2326 μετὰ
507 2258 606 2329 τῆς
638 2257 1034 2330 Σαμαρείτιδος
1060 2256 1378 2330 συζήτησιν,
1412 2259 1550 2331 ὅπερ
1577 2275 1667 2312 νο-

86 2346 208 2415 μέζου
247 2349 444 2418 σαφῶς
476 2353 640 2405 παντὶ
684 2349 762 2421 τῷ
797 2350 1031 2423 ὁρᾶσθαι
1074 2351 1168 2404 καὶ
1204 2349 1477 2415 ταπεινῶς
1530 2350 1670 2415 ἐξει-

84 2440 269 2510 λῆίὲθαι
309 2444 406 2496 καὶ
431 2442 825 2514 βεϐιασμένως.
862 2443 986 2507 Πῶὲ
1007 2444 1063 2497 δὲ
1088 2443 1262 2515 τροφὴ
1295 2442 1389 2495 τοῦ
1418 2443 1670 2514 Σωτῆρος

85 2535 134 2586 τὸ
159 2534 376 2606 θέλημα
406 2536 501 2590 τοῦ
544 2537 780 2608 Πατρὸς,
822 2537 1009 2608 σαφῶς
1052 2537 1112 2590 οὐ
1145 2537 1458 2606 παρέστησε
1480 2553 1493 2565 ·
1551 2535 1669 2601 πῶς

84 2624 128 2676 δὲ
155 2627 242 2678 καὶ
284 2627 597 2691 ἀνάπαυσις
621 2629 682 2681 τὸ
707 2627 920 2700 θέλημα
961 2627 1056 2681 τοῦ
1085 2627 1336 2699 Πατρὸς;
1365 2627 1530 2696 Λέγει
1558 2627 1668 2699 γὰρ

83 2717 106 2766 ὁ
134 2718 336 2790 Κύριος
369 2719 628 2792 ἀλλαχοῦ,
661 2721 736 2784 ὡς
769 2721 830 2774 οὐ
871 2721 1076 2784 παντὸς
1107 2720 1218 2791 (ιῦ)
1258 2720 1350 2775 τοῦ
1399 2720 1666 2789 πατρικοῦ

84 2809 377 2881 θελήματος
408 2813 772 2878 ἀναπαύσεως
799 2813 961 2868 αὑτοῦ
987 2813 1159 2879 ὄντος·
1196 2833 1215 2866 ‹
1259 2813 1464 2886 Πάτερ,
1495 2815 1539 2866 εἰ
1575 2814 1667 2867 δυ-

86 2903 245 2967 νατὴν,
280 2904 600 2976 παρελθέτω
627 2905 685 2958 τὸ
716 2906 974 2977 ποτήριον
1001 2906 1097 2960 ἀπ’
1139 2905 1274 2977 ἐμοῦ
1295 2924 1306 2936 ·
1351 2905 1489 2976 πλὴν
1525 2906 1585 2959 οὐ
1614 2906 1668 2959 τί

86 2994 180 3061 ἐγὼ
206 2996 374 3059 θέλω,
421 2997 557 3050 ἀλλά
597 2998 649 3049 τί
690 2997 775 3053 σύ,
816 3017 834 3049 ι
869 2997 1044 3051 Πόθεν
1088 2997 1143 3051 δὲ
1185 2998 1280 3050 καὶ
1313 2998 1396 3050 ὅτι
1438 2996 1670 3068 δύναμις

87 3086 163 3138 τοῦ
194 3085 454 3160 Σωτῆρος
482 3089 542 3142 τὸ
570 3088 780 3160 θέλημα
801 3089 894 3142 τοῦ
927 3089 1098 3155 Θεοῦ;

143 3177 224 3231 '59.
261 3198 280 3229 ι
317 3180 435 3249 Οὐχ
471 3180 629 3251 ὑμεῖς
663 3181 873 3250 λέγετε,
897 3182 979 3234 ὃτι
1007 3180 1354 3252 τετράμηνός
1397 3182 1534 3243 ἐστι,
1567 3180 1664 3234 καὶ

86 3271 109 3320 ΰ
157 3269 418 3342 θερισμὸς
469 3271 720 3342 ἔρχεται;
785 3273 915 3326 Ἰδοὺ
959 3271 1102 3341 λέγω
1153 3274 1314 3343 ὑμῖν·
1389 3271 1663 3343 Ἐπάρατε

87 3364 194 3426 τοὺς
212 3364 532 3434 ὀφθαλμοὺς
574 3364 749 3435 ὑμῶν,
786 3365 883 3420 καὶ
911 3364 1180 3420 θεάσασθε
1208 3366 1309 3428 τὰς
1347 3363 1551 3436 χώραςν
1583 3365 1664 3419 ὅτι

87 3453 256 3507 λευκαξ
315 3458 427 3508 εἱσι
486 3457 623 3529 πρὸς
667 3457 930 3529 θερισμὸν
962 3457 1083 3529 ήδη.
1127 3477 1146 3509 ι
1186 3457 1332 3529 Πρὸς
1366 3457 1496 3521 τοὺς
1529 3457 1664 3510 ὑπο-

87 3547 451 3615 λαμϐάνοντας
507 3548 870 3621 ἁπλούστερον
930 3550 1024 3603 καὶ
1077 3547 1534 3620 σωματικὼτερον
1589 3549 1666 3601 εἰ-

89 3641 268 3709 ρῆώαι
295 3643 360 3695 τό
385 3659 399 3672 °
438 3660 456 3692 ι
488 3643 600 3714 Οὐχ
627 3645 784 3714 ὑμεῖς
813 3644 1020 3712 λέγετε,
1051 3643 1133 3697 ὅτι
1161 3643 1499 3716 τετράμηνός
1525 3645 1661 3705 ἐστι,

88 3734 167 3782 καὶ
201 3733 229 3784 ὁ
280 3733 546 3805 θερισμὸς
592 3735 1070 3806 ἔρχεται;ιταῦτα
1119 3736 1518 3807 ὲπαπορητέον,
1570 3736 1658 3789 ἵνα

90 3824 336 3879 πεισθῶσι
377 3826 550 3898 νοητά
589 3827 866 3891 πολλάκις.
909 3827 1094 3898 γυμνά
1129 3826 1405 3899 αἰσθητῶν
1440 3829 1532 3881 καὶ
1562 3845 1667 3880 σω-

93 3917 322 3985 ματικῶν
351 3917 715 3990 λελαληκέναι
739 3918 830 3971 τὸν
868 3919 1096 3991 Σωτῆρα
1115 3935 1128 3948 ⁸
1165 3919 1324 3991 εἴπερ
1351 3919 1460 3991 γὰρ
1487 3921 1515 3973 ὀ
1547 3937 1667 3973 και·-

92 4010 186 4075 ρὸς,
221 4011 309 4064 ὅτε
353 4011 529 4064 ταῦτα
563 4011 749 4078 ἔλεγεν
804 4011 1032 4082 Ἰησοῦς,
1081 4012 1110 4063 ὁ
1159 4011 1266 4083 πρὸ
1322 4012 1664 4084 τετραμήνου

90 4101 168 4152 τοῦ
197 4102 464 4175 θερισμοῦ
497 4098 586 4174 ἦν,
619 4103 779 4172 δῆλον
804 4097 891 4173 ῆν,
919 4103 1001 4156 ὅτι
1030 4102 1238 4174 χειμὼν
1261 4098 1329 4174 ἧν
1351 4120 1364 4133 ο
1406 4102 1666 4173 θερισμὸς

91 4191 166 4248 οὖν
197 4198 252 4248 ἐν
282 4200 352 4268 τῇ
409 4198 640 4270 Ἰουδαίᾳ.
686 4200 910 4270 ἄρχεται
960 4197 1206 4266 γίνεσθαι
1255 4198 1382 4266 περὶ
1412 4195 1504 4249 τὸν
1535 4198 1665 4268 παρ’

101 4289 357 4362 Ἑϐραίοις
419 4291 749 4364 καλούμενον
786 4295 958 4346 Νίσαν
1003 4292 1168 4363 μῆνα,
1223 4289 1314 4344 ὅτε
1360 4290 1554 4358 ἄγεται
1603 4289 1666 4342 τὸ

94 4384 286 4454 Πάσχα,
329 4385 409 4448 ὡς
452 4387 625 4438 ἐνίοτε
652 4386 721 4440 τὰ
771 4385 956 4457 ἄζυμα
991 4383 1100 4438 ἀπὸ
1132 4382 1256 4438 νέου
1289 4382 1437 4436 σίτου
1467 4381 1666 4444 αὐτοὺς

1837 1328 1927 1384 '58.
1975 1329 2277 1386 Heracleon
2313 1345 2444 1386 vero
2474 1344 2570 1399 per
2592 1329 2706 1383 haec
2729 1329 2919 1383 verba:
2961 1347 2980 1381 ‹
3021 1328 3172 1386 Meus
3203 1331 3359 1385 cibus

1767 1432 1888 1488 est,
1933 1433 1990 1478 ut
2022 1423 2220 1480 faciam
2259 1423 2596 1479 voluntatem
2632 1424 2748 1495 ejus
2793 1423 2887 1491 qui
2925 1422 3071 1477 misit
3105 1439 3191 1477 me
3222 1423 3288 1487 ",
3332 1442 3352 1473 ι

1769 1513 2123 1570 Servatorem
2179 1517 2357 1585 inquit
2413 1529 2676 1572 enarrare
2731 1515 3013 1587 discipulis
3071 1516 3123 1572 id
3173 1516 3353 1570 cibum

1768 1621 1926 1662 suum
1947 1621 2110 1673 esse,
2138 1609 2284 1680 quod
2338 1608 2669 1680 loquebatur
2697 1624 2820 1664 cum
2866 1609 3129 1674 muliere,
3168 1609 3356 1663 dicens

1772 1701 1951 1756 Patris
2003 1700 2372 1767 voluntatem,
2408 1719 2529 1774 quae
2577 1703 2748 1774 ipsius
2800 1711 2921 1758 erat
2951 1704 3138 1772 cibus,
3181 1714 3238 1758 ει
3270 1721 3355 1759 re-

1770 1793 1946 1864 quies,
1981 1803 2034 1850 et
2065 1796 2332 1864 potentia.
2371 1795 2515 1850 Sane
2551 1794 2730 1850 Patris
2758 1793 3091 1850 voluntatem
3119 1810 3241 1851 esse
3274 1797 3355 1848 di-

1771 1887 1963 1952 cebat,
1995 1897 2054 1942 ut
2091 1889 2348 1945 homines
2388 1887 2610 1944 Patrem
2639 1896 3034 1959 cognoscerent
3079 1896 3136 1942 et
3165 1901 3354 1942 serva-

1773 1990 1962 2035 rentur
1998 1993 2014 2034 :
2053 1996 2176 2050 quae
2219 1996 2307 2036 res
2350 1990 2469 2036 erat
2511 1997 2647 2053 Opus
2679 1981 3020 2047 Servatoris;
3053 1981 3146 2052 qui
3182 1980 3353 2050 ipsius

1770 2087 1938 2129 causa
1971 2074 2048 2128 rei
2081 2073 2388 2128 Samariam
2417 2073 2616 2130 missus
2641 2075 2840 2138 fuerat,
2873 2073 2977 2128 hoc
3000 2082 3087 2127 est
3115 2072 3168 2127 in
3199 2087 3354 2125 mun-

1770 2168 1919 2222 dum.
1958 2166 2137 2237 Ipsum
2170 2182 2306 2238 ergo
2330 2167 2509 2222 cibum
2539 2167 2667 2224 Jesu
2703 2168 3090 2236 interpretatus
3117 2173 3204 2220 est
3237 2162 3352 2219 col-

1769 2258 2014 2330 loquium
2051 2274 2172 2314 cum
2205 2257 2572 2314 Samaritide:
2603 2260 2677 2324 id,
2711 2260 2856 2330 quod
2882 2257 3139 2312 existimo
3167 2265 3358 2328 aperte

1771 2353 2074 2421 cuicunque
2106 2352 2282 2407 videri
2305 2392 2319 2415 ,
2357 2363 2473 2407 tum
2505 2350 2748 2422 abiecte,
2781 2360 2894 2404 tum
2943 2356 3134 2404 coacle
3181 2349 3354 2402 inter-

1771 2453 2044 2514 pretatum
2084 2441 2277 2500 fuisse.
2326 2443 2614 2512 Quomodo
2654 2450 2837 2498 autem
2878 2440 3135 2496 voluntas
3174 2437 3356 2493 Patris

1770 2532 1844 2588 sit
1872 2535 2032 2589 cibus
2056 2533 2388 2603 Servaloris,
2408 2533 2681 2604 quomodo
2710 2533 2874 2587 etiam
2906 2531 3153 2586 voluntas
3175 2530 3358 2585 Patris

1771 2627 1842 2682 sit
1886 2628 2137 2697 requies,
2192 2638 2385 2696 aperte
2432 2642 2540 2681 non
2583 2625 2843 2680 ostendit.
2887 2624 3152 2694 Loquitur
3207 2622 3354 2676 enim

1771 2719 1968 2775 alicubi
2003 2719 2292 2785 Dominus,
2323 2719 2548 2790 perinde
2581 2719 2736 2789 quasi
2764 2734 2868 2772 non
2899 2717 3079 2772 omnis
3106 2715 3356 2770 voluntas

1769 2811 1951 2866 Patris
1994 2811 2065 2866 sit
2111 2810 2258 2865 illius
2305 2809 2565 2879 requies:
2611 2827 2630 2862 ι
2661 2809 2856 2875 Pater,
2901 2812 2946 2864 si
2987 2809 3106 2863 fieri
3153 2816 3354 2879 potest,

1772 2912 2014 2960 transeat
2060 2919 2090 2959 a
2148 2918 2234 2958 me
2277 2903 2422 2958 calix
2454 2903 2590 2968 iste;
2623 2911 3004 2957 verumtamen
3058 2916 3166 2955 non
3209 2900 3353 2970 quod

1770 3009 1871 3066 ego
1904 2999 2050 3060 volo,
2087 2995 2180 3050 sed
2210 2996 2352 3064 quod
2384 3003 2438 3049 tu
2467 2995 2535 3048 '°.
2577 3013 2596 3046 ι
2653 2993 2758 3048 Sed
2815 2993 2956 3047 unde
2983 2993 3146 3047 etiam
3188 2992 3354 3047 habet

1695 3106 1737 3162 (ς
1772 3091 1914 3161 quod
1942 3088 2181 3160 potentia
2210 3087 2523 3142 Servatoris
2553 3086 2626 3140 sit
2660 3085 2754 3141 Dei
2779 3084 3071 3141 voluntas?

1838 3183 1930 3238 39.
1978 3199 1996 3234 ι
2044 3180 2235 3235 Nonne
2293 3194 2392 3234 vos
2447 3178 2665 3244 dicitis,
2707 3178 2852 3247 quod
2908 3177 3086 3232 adhuc
3134 3189 3355 3232 menses

1767 3288 1894 3332 sunt
1935 3284 2170 3346 quatuor
2195 3315 2210 3340 ,
2238 3285 2290 3329 et
2349 3271 2542 3329 messis
2578 3271 2769 3327 venit?
2811 3270 2953 3325 Ecce
2998 3270 3123 3326 dico
3153 3268 3348 3326 vobis:

1766 3369 1970 3426 Levate
2003 3367 2192 3424 oculos
2224 3375 2460 3431 vestros,
2487 3375 2542 3419 et
2583 3365 2760 3420 videte
2791 3361 3164 3434 regionesjam
3199 3360 3355 3415 albas

1766 3478 1890 3519 esse
1929 3463 1995 3516 ad
2057 3474 2289 3516 messem
2317 3460 2387 3513 ἰ.
2425 3477 2444 3511 ι
2497 3459 2699 3514 Contra
2755 3471 2850 3512 eos
2895 3456 2992 3526 qui
3037 3455 3356 3510 existimant

1767 3555 2070 3626 simplicius
2096 3562 2151 3608 et
2170 3551 2512 3621 corporalius
2538 3551 2652 3606 haec
2677 3551 2818 3606 dicta
2850 3549 3055 3604 fuisse:
3110 3565 3129 3598 ι
3165 3545 3358 3602 Nonne

1771 3664 1866 3703 vos
1893 3647 2107 3712 dicitis,
2161 3646 2308 3715 quod
2350 3643 2529 3698 adhuc
2578 3657 2792 3698 menses
2841 3651 2968 3696 sunt
3013 3653 3268 3711 quatuor,
3298 3649 3354 3694 et

1769 3741 1965 3796 messis
1993 3738 2182 3794 venit?
2213 3757 2232 3790 ι
2265 3739 2427 3793 dubia
2459 3735 2726 3792 movenda
2769 3746 2915 3801 sunt,
2946 3745 3003 3788 ut
3031 3746 3350 3803 persuasum

1768 3834 2040 3897 habeant,
2068 3828 2374 3902 spiritualia
2410 3837 2465 3883 et
2496 3829 2636 3882 nuda
2679 3827 2844 3882 rebus
2872 3827 2971 3881 sub
3005 3841 3226 3881 sensum
3255 3840 3353 3880 ca-

1768 3924 2024 3980 dentibus
2057 3931 2110 3977 et
2139 3918 2518 3991 corporalibus
2551 3918 2902 3974 Servatorem
2951 3915 3153 3984 saepius
3189 3915 3350 3970 locu-

1771 4027 1880 4070 tum
1907 4016 2110 4072 luisse:
2150 4013 2197 4069 si
2235 4011 2379 4068 enim
2411 4021 2658 4080 tempus,
2696 4008 2912 4078 quando
2938 4004 3098 4062 Jesus
3132 4007 3244 4062 hinc
3273 4007 3355 4062 lo-

1768 4110 2076 4181 quebatur,
2121 4114 2250 4161 ante
2296 4118 2528 4159 messem
2565 4101 2832 4156 mensium
2883 4109 3117 4171 quatuor
3171 4100 3350 4170 spatio

1771 4211 1926 4266 erat,
1967 4199 2318 4270 perspicuum
2359 4204 2446 4251 est
2483 4194 2716 4249 hiemem
2754 4193 2956 4248 fuisse:
2989 4191 3181 4246 messis
3207 4191 3354 4246 enim

1771 4294 1822 4348 in
1854 4293 2038 4349 Iudaea
2071 4290 2264 4362 incipit
2298 4288 2416 4344 ﬁeri
2470 4289 2616 4342 circa
2672 4300 2910 4340 mensem
2940 4284 3032 4354 qui
3076 4283 3219 4354 apud
3246 4284 3354 4338 lle~

1774 4387 1948 4441 braros
1998 4383 2163 4439 Nisan
2216 4381 2550 4454 appellatur,
2603 4380 2820 4449 quando
2874 4378 3054 4449 agitur
3103 4376 3353 4442 Pascha;

92 4481 269 4532 ποιεῖν.
320 4477 464 4530 Ἀλλ’
497 4478 636 4532 ἔστω
666 4479 739 4550 μὴ
778 4481 897 4532 κατ’
937 4481 1144 4532 ἐκεῖνον
1194 4477 1286 4530 τὸν
1332 4477 1472 4547 μῆνα
1523 4471 1664 4529 εἶναι

1796 4475 2324 4545 ideoutaliquotics
2379 4487 2579 4544 azyma
2640 4470 2842 4524 faciant
2873 4466 3042 4522 Judaei
3095 4483 3164 4522 ex
3217 4481 3359 4523 novo

92 4571 168 4623 τὸν
199 4571 482 4642 Θερισμὺν,
514 4572 649 4626 ἀλλά
677 4572 820 4626 κατὰ
847 4573 938 4625 τὸν
979 4573 1106 4644 ἑξῆς
1128 4570 1320 4641 ἐκείνῳ
1340 4569 1431 4623 τὸν
1466 4567 1664 4622 καλού-

95 4679 236 4731 μενον
277 4667 412 4738 παρ’
443 4670 630 4731 αὐτοῖς
671 4667 809 4737 Ἰάρ·
866 4667 961 4721 atati.
1004 4665 1176 4730 οὕτως
1212 4665 1346 4736 (50),
1375 4666 1402 4717 ὁ
1446 4663 1552 4735 πρὸ
1581 4681 1667 4716 τε-

93 4755 356 4826 τριμήνου
402 4757 594 4828 καιρὸς
653 4757 863 4810 ἐκείνου
917 4755 1012 4810 τοῦ
1068 4755 1234 4827 μηνὸς
1277 4753 1512 4825 ἀκμαῖος
1550 4755 1665 4806 ἐστι

97 4848 299 4918 χειμών.
347 4851 518 4905 Ἕπάν
545 4847 637 4905 οὖν
668 4849 950 4922 δείξωμεν,
983 4851 1086 4916 ὅτι,
1117 4851 1206 4903 ὅτε
1237 4848 1388 4918 ἔλεγε
1415 4846 1610 4911 ταῦτα,
1641 4850 1668 4901 ὁ

97 4941 208 5009 περὶ
232 4942 321 4995 τὸν
349 4942 611 5014 θερισμὸν
654 4944 764 5014 (5|)
806 4942 997 5014 καιρὸς
1037 4937 1104 5012 ἦν
1133 4941 1252 5013 ἤτοι
1291 4941 1420 4993 ὄντα
1456 4939 1591 5011 (5‘2),
1630 4939 1662 5009 ἢ

96 5032 244 5100 ἐγγύς
301 5054 406 5089 που
456 5037 552 5090 τοῦ
598 5037 786 5108 λήγειν
839 5035 986 5097 ὂντα,
1042 5032 1489 5105 ἀποδεδειγμένον
1535 5033 1668 5103 ἡμῖν

98 5122 228 5179 ἔσται
258 5128 322 5180 τὸ
357 5130 735 5202 προκείμενον.
765 5127 1042 5201 Τηρητέον
1069 5127 1156 5200 δὴ,
1193 5128 1277 5180 ὅτι
1321 5125 1456 5196 μετὰ
1489 5123 1585 5194 τὴν
1615 5124 1672 5176 ὲν

1775 4568 2070 4623 frumento.
2116 4565 2226 4622 Sed
2257 4572 2378 4620 esto
2421 4564 2513 4618 illo
2549 4577 2736 4618 mense
2777 4577 2881 4616 non
2932 4575 3052 4616 esse
3097 4575 3352 4621 mesSem,

1776 4662 1869 4717 sed
1927 4661 1981 4715 in
2025 4674 2210 4714 mense
2257 4667 2378 4728 post
2427 4656 2577 4711 illum
2628 4654 2874 4726 proxime
2922 4663 3204 4722 sequente,
3260 4654 3352 4722 qui

1777 4753 1920 4824 apud
1962 4766 2057 4807 eos
2100 4751 2405 4821 appellatur
2425 4746 2556 4804 Jar:
2604 4747 2770 4802 etiam
2799 4747 2872 4799 ita
2902 4785 2916 4811 ,
2947 4744 3111 4815 2&9
3141 4755 3358 4814 tempus

1777 4847 1879 4902 hoc
1903 4855 2140 4916 quatuor
2169 4843 2448 4899 mensibus
2480 4841 2648 4912 prius,
2673 4849 2756 4895 est
2783 4838 2954 4893 hiems
2983 4837 3186 4894 adulta.
3218 4836 3354 4891 Cum

1781 4941 1945 5012 igitur
1965 4938 2390 5002 ostenderimus,
2415 4951 2536 4990 cum
2565 4934 2682 4988 hwc
2707 4932 2912 4987 diceret
2933 4929 3117 4993 Jesus,
3143 4938 3358 4998 tempus

1782 5032 1948 5086 fuisse
1966 5031 2180 5096 messis,
2211 5029 2292 5083 vel
2325 5025 2663 5091 exsistentis,
2694 5023 2776 5077 vel
2827 5020 3090 5092 proxima:
3114 5019 3229 5085 lini,
3259 5019 3360 5075 de-

1782 5131 2138 5177 monstratum
2160 5117 2321 5174 nobis
2337 5118 2438 5173 erit
2457 5117 2507 5170 id
2526 5120 2590 5168 de
2609 5130 2720 5184 quo
2732 5113 2927 5182 agitur.
2944 5108 3360 5166 Observandum

164 5267 204 5300 δ’
234 5267 392 5324 Joan.
425 5287 500 5334 Iv,
543 5270 634 5325 54.
707 5271 752 5302 ³⁸
783 5268 970 5322 Matth.
1012 5283 1161 5330 xxvi,
1198 5267 1290 5322 '59.
1361 5266 1404 5298 ⁵⁸
1433 5265 1588 5318 .loan.
1629 5280 1703 5328 Iv,
1734 5263 1827 5319 55.

159 5392 263 5462 (18)
304 5392 376 5446 Τὸ
399 5392 630 5461 θέλημα
664 5391 770 5446 τοῦ
801 5390 1150 5462 πέμψαντος
1179 5386 1366 5462 aliter
1413 5387 1663 5462 Παζρᾴς.

104 5456 181 5516 Sic
198 5456 368 5518 colles
404 5456 766 5529 Bodléianus;
790 5463 843 5515 in
873 5456 1066 5516 codice
1115 5459 1285 5527 Hegio
1311 5457 1465 5513 deest
1495 5457 1555 5509 τὸ
1577 5456 1665 5510 θέ-

105 5532 156 5601 λη
164 5551 232 5605 μα
268 5547 324 5588 ει
352 5534 588 5605 Πατρός.

161 5601 268 5673 (49)
299 5601 488 5668 Codei
514 5603 745 5673 Regius,
771 5601 1014 5666 πάντως.

162 5669 269 5741 (5'0)
309 5675 422 5728 Τὼ·
445 5669 827 5743 Wouwer
850 5673 988 5740 παρ’
1017 5670 1226 5743 αὐτοῖς
1259 5671 1400 5739 Ἰάρ·
1435 5669 1533 5743 καὶ
1563 5669 1671 5743 Δοὗ·

108 5760 222 5809 τως,
254 5739 367 5798 etc.
400 5746 453 5799 In
495 5739 772 5799 codicibus
805 5739 975 5812 Regio
1006 5753 1061 5797 et
1112 5741 1414 5812 Barberino
1474 5739 1669 5810 legitur

108 5815 185 5865 τὴν
204 5815 532 5886 καλούμενον
564 5815 694 5886 παρ’
725 5810 911 5886 αὐτοῖς
933 5816 982 5868 εἰ
1011 5812 1121 5886 γάρ
1146 5829 1160 5842 ⁶
1191 5811 1308 5886 ,διαὶ
1335 5810 1530 5886 οὕτως,
1558 5819 1665 5864 etc.

110 5886 322 5957 (lumine
355 5881 781 5957 légendum"ldtp
813 5900 910 5954 pro
939 5887 989 5938 εἰ
1018 5881 1154 5957 γάρ.Δ
1185 5881 1300 5957 ξξάρ
1335 5883 1668 5957 enim__men~

113 5956 174 6009 εἰς
196 5968 275 6012 est
302 5946 692 6025 quivproximc
734 5946 986 6023 sequitur
1016 5946 1156 6024 apud
1185 5946 1440 6010 Hebraeos
1473 5949 1660 6006 Nisam;

1775 5386 1958 5440 Codex
1990 5383 2316 5439 Bodleianus
2348 5381 2510 5434 habet
2528 5377 2619 5431 τὸν
2651 5375 2982 5446 καλούμενον
3016 5374 3146 5446 παρ’
3179 5374 3359 5436 αὐτοῖς
3389 5386 3396 5393 '

1777 5457 1894 5509 Ζίν·
1930 5456 2024 5509 καὶ
2055 5455 2165 5525 γὰρ
2197 5453 2390 5525 οῦτως,
2421 5463 2532 5525 etc.

1850 5529 1965 5597 (51)
2015 5513 2080 5579 ’ὁ
2131 5513 2265 5597 περὶ
2314 5513 2767 5597 τόνκθερισμόν,
2823 5526 2930 5570 etc.
2987 5513 3082 5569 His
3131 5513 3359 5597 negandi

1777 5584 2102 5667 particulam
2132 5584 2376 5661 adiungit
2422 5584 2731 5667 Ferrarius,
2755 5602 2917 5667 quam
2963 5599 3156 5667 neque
3189 5584 3358 5666 codex
3397 5612 3406 5620 ι

1778 5654 2130 5730 Bodleianus,
2191 5654 2367 5733 neque
2409 5661 2626 5716 codices
2683 5654 2887 5728 Regius
2926 5666 2982 5714 et
3034 5654 3361 5712 Barberinus

1779 5745 2099 5809 agnoscunt.

1849 5808 1964 5881 (52)
2000 5809 2161 5864 Ἤτοι
2211 5805 2377 5881 ὄντα.
2424 5801 2735 5881 Sic__habe_t
2781 5799 2957 5881 codex
2991 5795 3359 5881 'Elodleianus.

1779 5867 2006 5936 llu‘etit'ts
2038 5893 2106 5932 ex
2143 5877 2457 5949 conjectura
2485 5874 2673 5941 edidit,
2703 5871 2822 5942 ῆιοι
2857 5867 3175 5939 ἀκμάζοντα
3195 5906 3210 5930 ,
3237 5882 3356 5919 cum
