3806 6528
507 399 607 469 467

1948 415 2063 473 ORI

2167 413 2269 475 NIS
3619 440 3700 498 ιιι

506 531 690 601 itaque
721 542 841 600 post
867 532 1223 587 oaennomiam
1250 548 1368 603 qua:
1398 532 1542 590 facta
1572 534 1671 592 fuit
1707 537 1759 591 in
1788 537 1933 593 Cana
1962 538 2064 595 Ga-

2175 545 2239 613 τῇ
2282 544 2437 616 Κανᾷ
2477 546 2577 618 τῆς
2616 547 2924 618 Γαλιλαίας,
2961 551 3089 625 περὶ
3124 553 3185 607 τὸ
3227 555 3610 629 μεταϐεϐληκὸς
3639 564 3701 625 εἰς

507 620 658 677 lilaete
681 619 728 655 "
761 623 906 680 circa
944 624 1299 680 mutationem
1332 641 1485 697 aqua:
1513 628 1565 684 in
1604 632 1808 695 vinum,
1839 633 2074 689 descen-

506 714 654 772 disse
679 715 784 771 dici
814 718 1098 773 Dominum
1119 719 1532 789 Capharnaum,
1561 737 1795 794 cumque
1824 724 1939 796 ipso
1961 742 2075 782 ma-

507 818 642 861 nem
673 806 824 876 ejus,
855 815 909 863 et
936 807 1164 875 fratres,
1205 818 1261 863 et
1309 810 1635 882 discipulos,
1682 815 1773 870 ubi
1812 818 2076 873 manserit

506 914 610 971 non
642 900 842 955 mullos
883 900 1037 955 dies:
1092 900 1366 972 fuisseque
1402 904 1455 957 in
1512 907 1814 977 propinquo
1861 908 2074 965 Pascha

501 988 834 1056 Judteorum,
864 1000 920 1046 et
951 989 1345 1065 Jerosolymam
1381 997 1692 1054 ascendisse
1715 997 1921 1067 Iesum,
1949 1016 2072 1057 cum

503 1094 693 1136 omnes
715 1082 770 1136 in
798 1082 997 1154 templo
1029 1084 1275 1141 inventos
1304 1090 1601 1143 vendentes
1627 1090 1816 1158 boves,
1847 1103 1901 1147 et
1920 1108 2070 1163 oves,

456 1157 460 1161 θ
500 1181 554 1228 et
584 1172 898 1241 columbas,
933 1187 989 1230 et
1014 1184 1207 1232 caetera
1242 1192 1360 1247 quae
1391 1180 1595 1251 scripta
1626 1192 1773 1248 sunt,
1801 1157 1944 1241 facto
1974 1185 2073 1241 lla-

501 1264 643 1336 gello
664 1280 696 1321 e
721 1264 1000 1334 funiculis,
1041 1268 1199 1337 ejecit
1226 1285 1256 1327 e
1287 1272 1521 1341 templo;
1556 1274 1823 1345 dictisque
1847 1278 2075 1348 quibus-

462 1335 626 1412 'dam
661 1359 727 1413 ad
764 1358 1119 1417 Nicodemum
1150 1362 1216 1428 ⁵³,
1271 1373 1459 1434 postea
1509 1368 1724 1423 venisse
1766 1370 1943 1439 ipsum
1966 1412 1981 1435 ,
2020 1381 2075 1429 et

496 1447 792 1518 discipulos
830 1448 946 1519 ejus
980 1451 1035 1505 in
1064 1459 1262 1508 terram
1304 1453 1546 1512 Judmam
1568 1498 1583 1523 ,
1612 1469 1666 1514 et
1698 1459 1809 1516 illic
1840 1476 2078 1520 commo-

500 1546 678 1593 ratum
712 1538 1031 1603 fuissecum
1072 1543 1172 1610 eis,
1201 1553 1258 1599 et
1298 1546 1624 1615 baptizasse.
1668 1548 1939 1617 Quantum
1971 1554 2076 1625 igi-

497 1638 588 1685 tur
614 1631 874 1700 temporis
901 1647 1168 1704 ponemus
1201 1651 1323 1691 eum
1357 1638 1409 1692 in
1452 1637 1634 1694 Judaea
1668 1646 2076 1715 consumpsisse

495 1720 863 1790 baptizantem
902 1734 1027 1795 post
1055 1725 1300 1782 Pascha?
1344 1744 1452 1785 non
1508 1731 1653 1785 enim
1708 1744 1894 1803 aperte
1935 1739 2076 1794 scri-

496 1823 646 1884 ptum
678 1824 762 1872 est
787 1831 801 1870 :
840 1823 894 1872 et
914 1827 1141 1889 apparet
1166 1835 1233 1877 eo
1261 1821 1403 1891 quod
1428 1827 1785 1894 cognoverint
1812 1827 2069 1889 Pharisaei

493 1902 679 1961 Iesum
725 1908 912 1978 plures
965 1911 1260 1982 discipulos
1306 1913 1489 1970 facere
1537 1915 1605 1984 “,
1657 1927 1713 1974 et
1762 1921 2068 1993 baptizare,

493 2011 654 2063 quam
671 1995 929 2066 Joannes,
955 2000 1136 2057 Jesum
1150 2002 1390 2059 Iudaeam
1409 2006 1717 2076 reliquisse,
1739 2012 2071 2080 profectum-

493 2105 599 2158 que
648 2091 700 2146 in
733 2091 1049 2161 Galilaeam,
1082 2111 1204 2151 cum
1239 2107 1519 2167 oporteret
1550 2115 1674 2156 eum
1711 2106 1945 2161 transire
1976 2121 2074 2177 per

492 2185 825 2252 Samariam,
882 2188 1096 2247 venisse
1149 2187 1217 2243 ad
1243 2187 1450 2245 fontem
1491 2191 1701 2261 Jacob,
1746 2196 1837 2252 ubi
1896 2197 2073 2270 inquit

495 2273 613 2330 haec
644 2275 853 2331 verba:
891 2295 911 2329 ι
948 2276 1142 2335 Nonne
1176 2293 1271 2335 vos
1297 2279 1482 2337 dicitis
1507 2323 1523 2351 ,
1561 2284 1704 2352 quod
1740 2287 1918 2343 adhuc
1940 2305 2073 2359 qua-

493 2380 618 2423 tuor
647 2378 776 2424 sunt
809 2385 1054 2434 menses,
1089 2379 1145 2427 et
1180 2374 1376 2430 messis
1402 2375 1587 2430 venit?
1615 2375 1779 2449 [Ecce
1813 2380 1934 2436 dico
1976 2398 2072 2437 vo-

490 2460 610 2515 bis:
646 2458 851 2516 Levate
876 2461 1066 2517 oculos
1101 2472 1349 2530 vestros,
1375 2474 1430 2521 et
1456 2467 1635 2525 videte
1664 2472 1918 2542 regiones
1956 2477 2069 2546 jam

489 2553 645 2608 albas
674 2566 794 2609 esSe
823 2555 891 2609 ad
927 2569 1161 2612 messem
1187 2554 1283 2628 ⁶⁵.]
1322 2576 1340 2607 ι
1368 2558 1521 2625 Quod
1568 2562 1612 2616 si
1646 2565 1770 2633 quis
1793 2568 2072 2625 existimat

494 2644 735 2713 plurium
766 2649 1034 2703 mensimn
1073 2660 1283 2720 tempus
1301 2654 1705 2724 consumpsisse
1730 2655 1918 2714 Jesum
1951 2672 2071 2730 post

490 2732 701 2791 Pascha
735 2737 787 2793 in
820 2736 1004 2794 Iudaea
1055 2743 1420 2813 baptizanlent
1462 2761 1586 2801 cum
1620 2747 1904 2821 discipulis
1929 2754 2064 2823 suis,

487 2827 628 2885 adeo
656 2838 714 2884 ut
736 2828 847 2901 jam
875 2832 1105 2890 instaret
1152 2844 1363 2907 tempus
1395 2839 1540 2908 quod
1591 2849 1712 2896 erat
1746 2851 1873 2898 ante
1904 2859 2069 2915 quar-

489 2925 602 2975 tum
633 2936 873 2980 mensem
898 2927 1098 2984 messis
1126 2927 1210 2995 lu;
1239 2928 1643 3002 adiungendum
1678 2941 1763 2989 est
1794 2934 1892 3003 illi,
1925 2939 2068 3007 quod

484 3012 622 3070 duos
644 3014 764 3072 dies
809 3030 933 3073 cum
971 3020 1262 3077 mansisset
1312 3022 1423 3080 illic
1478 3025 1620 3094 apud
1668 3025 2064 3099 Samaritanus,

485 3113 610 3173 post
655 3104 757 3163 hos
814 3109 1011 3165 exierit
1058 3112 1114 3166 in
1168 3111 1480 3181 Galilaeam;
1529 3118 1904 3191 scriptumque
1945 3138 2067 3181 esse

483 3196 627 3264 quod
659 3198 907 3269 (perinde
936 3203 1091 3270 quasi
1127 3218 1299 3303 nuper
1331 3203 1604 3303 Paschate
1650 3207 1793 3263 facto
1819 3251 1835 3278 ,
1875 3215 2065 3269 rchns-
2094 3244 2136 3303 ο

482 3304 589 3357 que
618 3305 755 3360 quas
787 3292 902 3362 ipse
936 3304 1126 3363 egerat
1157 3292 1538 3367 Jerosolymis)
1580 3313 1702 3353 cum
1731 3303 1975 3358 venisset
2010 3305 2063 3358 in

483 3379 801 3449 Galilaaam,
852 3386 1171 3453 exceperint
1206 3386 1356 3441 illum
1406 3387 1652 3457 Galilzni,
1683 3393 1771 3460 qui
1818 3395 2067 3452 viderant

482 3488 818 3545 quaecunque
844 3474 1194 3549 Jerosolymis
1226 3478 1444 3537 fecisset
1489 3481 1541 3536 in
1576 3483 1662 3538 die
1692 3483 1871 3540 festo:
1903 3503 2066 3545 vene-

484 3577 608 3624 rant
639 3570 784 3624 enim
813 3571 977 3627 etiam
1019 3572 1125 3644 ipsi
1167 3575 1236 3630 ad
1276 3574 1418 3630 diem
1460 3574 1679 3633 festum.
1719 3579 1825 3635 Sed
1870 3582 2064 3649 proba-

481 3658 592 3716 bile
626 3669 711 3717 est
743 3661 981 3734 aliquem
1031 3664 1101 3720 ad
1154 3665 1271 3722 haec
1310 3666 1581 3723 dicturum
1607 3707 1624 3734 ,
1674 3670 1808 3726 nihil
1843 3673 2063 3730 obstare

481 3751 775 3824 plurimum
806 3756 1065 3828 temporis
1089 3772 1213 3814 eum
1244 3758 1299 3814 in
1326 3757 1509 3816 Judtea
1536 3777 1932 3822 commoratum
1965 3784 2062 3825 ve-

481 3848 630 3904 nisse
673 3849 741 3903 ad
789 3848 990 3904 fontem
1038 3849 1246 3917 Iacob,
1299 3850 1591 3909 abeuntem
1650 3855 1706 3911 in
1756 3856 2058 3928 Galilaeam,

477 3938 698 4008 quando
746 3937 921 3995 dixit:
975 3960 993 3993 ι
1031 3941 1222 3998 Adhuc
1276 3954 1516 4015 quatuor
1556 3963 1771 4006 menses
1816 3963 1943 4008 sunt
1990 3954 2061 4009 ad

481 4043 752 4099 messem,
789 4049 808 4083 ι
857 4046 962 4087 nec
1012 4033 1309 4104 quidquam
1371 4037 1595 4092 absurdi
1634 4054 1758 4096 esse
1804 4041 2060 4101 Galilmos

475 4134 603 4176 eum
643 4123 920 4193 excepisse
966 4135 1186 4192 prapter
1226 4140 1291 4180 ea
1338 4141 1460 4196 qua:
1512 4128 1564 4184 in
1621 4135 2058 4201 przecedentibus

477 4208 755 4264 mensibus
804 4210 919 4281 ipse
963 4209 1322 4283 Jerosolymis
1362 4216 1590 4285 egisset.
1622 4218 1786 4290 250
1819 4221 1925 4278 Sed
1966 4241 2057 4281 re-

474 4298 851 4370 spondendum
896 4310 981 4357 est
1027 4301 1135 4358 illis
1170 4308 1313 4374 quod
1356 4308 1631 4376 prolectus
1670 4314 1721 4364 in
1775 4311 2053 4372 Galilaeam

475 4390 687 4445 venerit
708 4390 911 4446 Canam
939 4391 1217 4450 civitatem
1248 4394 1503 4466 Galilaere,
1539 4402 1629 4457 ubi
1664 4412 1826 4458 antea
1852 4404 2056 4463 fecerat

475 4496 544 4537 ex
570 4496 712 4552 aqua
741 4482 962 4551 vinum,
996 4487 1088 4541 ubi
1115 4488 1277 4542 etiam
1308 4492 1474 4561 reguli
1506 4493 1677 4551 filium
1699 4508 2051 4567 aegrotantem

2175 630 2316 688 οἶνον
2364 634 2530 709 ὕδωρ,
2577 640 2907 712 οίκονομίαν,
2978 644 3407 716 καταϐεϐηκέναι
3455 648 3650 718 λέγεται
3667 655 3701 724 y.

2176 726 2378 800 Κύριος
2410 731 2491 794 είς
2518 731 2896 803 Καφαρναοὺμ
2928 732 3109 798 αὐτὸς,
3142 734 3237 788 καὶ
3274 737 3308 808 ἡ
3348 738 3524 809 μήτηρ
3547 741 3702 805 αὐτοῦ,

2176 821 2270 873 καὶ
2300 822 2347 874 οἱ
2376 820 2614 890 ἀδελφοὶ,
2649 824 2742 876 καὶ
2771 826 2821 877 οἱ
2858 825 3117 897 μαθηταὶ,
3152 828 3279 883 ἔνθα
3303 832 3584 901 ἔμεινενοῦ
3606 837 3708 888 πολ.

2175 909 2272 974 λάς
2306 912 2517 984 ἡμέρας
2536 930 2549 945 ο
2592 915 2685 968 καί
2718 916 2885 985 ἐγγὺς
2902 912 2970 989 ἦν
2996 919 3057 973 τὸ
3079 920 3270 993 Πάσχα
3302 923 3409 977 τῶν
3452 925 3702 989 Ἰουδαίων,

2175 1003 2268 1057 καλ⁸
2296 1003 2464 1075 ἀνέϐη
2507 1006 2587 1069 είς
2636 1006 2981 1080 Ἰεροσόλυμα
3019 1015 3048 1067 ὁ
3102 1014 3329 1084 Ἰησοῦς,
3372 1016 3462 1069 ὅτε
3506 1012 3643 1088 εὗρεν
3661 1023 3704 1072 ἐν

2175 1092 2251 1164 τῷ
2276 1093 2404 1167 ἱερῷ
2424 1096 2548 1159 τοὺς
2571 1096 2881 1163 πωλοῦντας
2908 1100 3055 1171 βόας,
3077 1104 3168 1157 καὶ
3189 1105 3456 1178 πρόϐατα,
3474 1108 3562 1158 καὶ
3578 1124 3704 1177 περι-

2180 1189 2396 1258 στεράς,
2425 1190 2519 1243 καὶ
2554 1190 2622 1244 τά
2649 1190 2808 1246 λοιπά
2828 1194 2936 1248 τῶν
2960 1196 3488 1269 ἀναγεγραμμένων,
3517 1200 3707 1270 ποιήσας

2176 1280 2497 1350 φραγέλλιον
2518 1284 2583 1336 ὲκ
2597 1285 2844 1354 σχοινίων
2862 1286 3069 1352 πάντας
3099 1290 3352 1356 ἐξέϐαλεν
3370 1294 3437 1345 ὲκ
3459 1292 3548 1346 τοῦ
3569 1294 3706 1364 ἱεροῦ,

2177 1371 2272 1424 καὶ
2320 1371 2489 1426 εἰπών
2534 1391 2657 1429 τινα
2710 1376 2846 1446 πρὸς
2878 1377 2968 1433 τὸν
3006 1380 3335 1453 Νικόδημον,
3383 1385 3520 1455 μετὰ
3570 1385 3709 1439 ταῦτα

2174 1456 2335 1533 ἦλθεν
2355 1463 2537 1531 αὐτὸς,
2568 1465 2659 1518 καὶ
2688 1466 2738 1518 οἱ
2765 1467 3006 1540 μαθηταὶ
3045 1469 3208 1524 αὑτοῦ
3241 1474 3322 1536 εἰς
3347 1473 3451 1544 τὴν
3492 1475 3710 1549 Ἰουδαίαν

2175 1554 2298 1625 γῆν,
2328 1557 2422 1608 καὶ
2461 1555 2577 1609 ἐκεῖ
2616 1557 2851 1629 διέτριϐε
2898 1560 3016 1631 μετ’
3056 1562 3269 1626 αὐτῶν,
3315 1565 3413 1617 καὶ
3469 1565 3709 1630 ὲϐάπτιζε.

2175 1642 2347 1696 Πόσον
2377 1642 2441 1715 δὴ
2484 1643 2720 1716 θήσομεν
2758 1647 2921 1702 αὐτὸν
2961 1650 3358 1722 διατετριφέναι
3401 1655 3461 1706 ὲν
3497 1657 3559 1726 τῇ
3606 1656 3702 1708 Ἰωο

2174 1735 2299 1807 δαίᾳ
2325 1736 2515 1809 χρόνον
2547 1737 2872 1809 βαπτίζοντα
2904 1742 3043 1813 μετὰ
3064 1744 3126 1796 τὸ
3158 1745 3386 1816 Πάσχα;
3421 1747 3483 1801 οὐ
3510 1748 3610 1818 γὰρ
3636 1764 3712 1800 σεο

2177 1825 2291 1894 φῶς
2320 1826 2627 1899 γέγραπται
2645 1846 2658 1859 ·
2684 1831 2778 1884 καὶ
2807 1832 3055 1901 φαίνεται
3083 1834 3170 1888 διὰ
3198 1835 3258 1888 τὸ
3291 1836 3585 1905 ἐγνωκέναι
3613 1840 3710 1900 τοὺς

2127 1889 2148 1943 ἶ
2174 1889 2521 1987 imputat-trag,
2553 1920 2635 1972 ὅτι
2674 1889 2880 1998 Ἰησοθς
2902 1922 3152 1989 πλείονας
3177 1889 3427 1997 μαθητάς
3464 1930 3615 1992 ποιεῖ,

2174 2009 2425 2080 βαπτίζει
2484 2012 2738 2083 Ἰωάννης
2783 2013 2918 2085 (55),
2961 2016 3142 2085 ἀφιεὶς
3174 2018 3272 2090 τὴν
3324 2019 3600 2085 Ἰουδαίαν,
3641 2022 3714 2073 καὶ

2171 2102 2544 2174 ἀπερχόμενος
2586 2105 2667 2169 είς
2693 2104 2790 2177 τὴν
2823 2106 3132 2175 Γαλιλαίαν,
3171 2109 3261 2164 ὅτε
3443 2111 3549 2166 ἔδει
3580 2111 3714 2166 αὐτὸν

2169 2193 2476 2267 διέρχεσθαι
2509 2195 2596 2250 διὰ
2627 2197 2726 2268 τῆς
2764 2198 3097 2272 Σαμαρείας,
3133 2202 3225 2256 καὶ¹
3270 2204 3563 2275 γενόμενος
3592 2205 3715 2277 παρὰ

2169 2288 2236 2357 τῇ
2266 2289 2416 2358 πηγῇ
2452 2286 2544 2341 τοῦ
2598 2287 2814 2354 Ἰακὼϐ,
2844 2291 2979 2362 φησὶ
3000 2291 3088 2344 τό’
3137 2310 3156 2343 ι
3201 2293 3315 2363 Οὐχ
3339 2295 3504 2365 ὑμεῖς
3538 2295 3716 2362 λέγετε,

2169 2377 2249 2431 ὅτι
2280 2376 2360 2432 ἔτι
2394 2379 2733 2453 τετράμηνός
2764 2383 2902 2448 ἐστι,
2952 2385 3045 2437 καὶ
3085 2387 3113 2439 ὀ
3149 2384 3411 2457 θερισμὸς
3442 2387 3669 2459 ἕρχεται;
3698 2408 3714 2441 t

2184 2470 2311 2523 Ἐὰν
2342 2469 2400 2523 δέ
2423 2487 2507 2533 τις
2541 2471 2742 2542 ὑπονοῇ
2771 2471 2907 2542 μετὰ
2930 2473 2991 2526 τὸ
3020 2475 3211 2546 Πάσχα
3240 2476 3507 2531 πλειόνων
3549 2479 3709 2549 μηνῶν

2169 2561 2357 2634 χρόνον
2397 2561 2506 2633 (55)
2534 2562 2934 2635 διατετριφέναι
2957 2567 3015 2621 ὲν
3040 2569 3106 2638 τῇ
3146 2567 3373 2640 Ἰουδαίᾳ
3408 2570 3500 2624 τὸν
3545 2572 3718 2642 Ἰησοῦν

2170 2653 2497 2724 βαπτίζοντα
2529 2654 2668 2726 μετὰ
2697 2655 2806 2710 τῶν
2840 2657 3097 2729 μαθητῶν
3140 2660 3322 2726 αὑτοῦ,
3359 2660 3506 2716 ὥστε
3538 2664 3721 2733 ἐνεστη-

2168 2748 2320 2802 κέναι
2358 2748 2460 2820 ῆδη
2497 2749 2587 2802 τὸν
2617 2749 2722 2822 πρὸ
2752 2753 3092 2822 τετραμήνου
3116 2751 3211 2807 τοῦ
3246 2753 3513 2825 θερισμοῦ
3538 2758 3718 2826 καιρόν⁹

2168 2840 2503 2913 παραθετέον
2533 2841 2700 2913 αὐτῷ,
2731 2844 2814 2897 ὃτι
2845 2843 2937 2897 δύο
2962 2845 3173 2917 ἡμέρας
3212 2845 3404 2913 μείνας
3444 2848 3561 2900 ἐκεῖ
3598 2846 3721 2918 παρὰ

2167 2937 2274 2998 τοῖς
2308 2934 2640 3006 Σαμαρεῐσι,
2673 2935 2810 3006 μετὰ
2840 2936 3042 3000 ταύτας
3082 2936 3300 3009 ἐξῆλθεν
3339 2939 3425 3001 είς
3468 2938 3566 3009 τὴν
3593 2939 3628 2991 Γ
3629 2937 3722 2990 αλιι·

2165 3026 2340 3093 λαίαν,
2377 3028 2470 3081 καὶ
2490 3028 2925 3100 ἀναγέγραπται,
2954 3029 3031 3093 ὡς
3055 3030 3247 3083 νεωστὶ
3272 3028 3364 3084 τοῦ
3402 3031 3593 3102 Πάσχα
3614 3048 3722 3101 προ-

2166 3121 2553 3192 γεγενημένου,
2575 3120 2671 3175 καὶ
2697 3120 2802 3174 τῶν
2831 3122 2890 3175 ὲν
2932 3121 3322 3195 Ἰεροσολύμοις
3340 3124 3723 3196 πεπραγμένων

2168 3213 2337 3284 αὐτῷ,
2370 3215 2459 3266 ὅτε
2489 3209 2651 3285 ἦλθεν
2678 3215 2758 3277 είς
2793 3212 2892 3285 τὴν
2926 3212 3237 3280 Γαλιλαίαν,
3277 3213 3533 3280 ἐδέξαντο
3585 3213 3721 3268 αὐτὸν
3770 3214 3771 3279 Ῐ

2167 3307 2218 3360 oi.
2244 3305 2533 3374 Γαλιλαῖοι,
2563 3304 2739 3360 πάντα
2768 3304 3072 3377 ἑωρακότες
3109 3306 3211 3360 ὅσα
3244 3307 3503 3377 ἐποίησεν
3537 3307 3593 3360 ὲν
3640 3305 3722 3359 Ἰεο
3770 3304 3771 3357 ἶ

2171 3399 2508 3472 ροσολύμοις,
2558 3400 2617 3452 ὲν
2651 3401 2716 3470 τῇ
2767 3399 2961 3470 ἑορτῇ·
3005 3399 3099 3452 καὶ
3126 3398 3279 3453 αὐτοὶ
3308 3399 3423 3471 γὰρ
3464 3396 3621 3472 ἦλθον
3658 3399 3723 3461 είς
3770 3396 3771 3457 ἕ

2164 3495 2264 3565 τὴν
2310 3494 2524 3565 ἑορτήν.
2584 3491 2722 3545 Ἀλλ’
2768 3491 2936 3558 εἰκὸς,
2975 3492 3057 3546 ὅτι
3106 3494 3223 3566 ἐρεῖ
3261 3510 3345 3557 τις
3389 3493 3534 3564 πρὸς
3573 3491 3720 3545 ταῦτα
3770 3508 3771 3565 ξ

2164 3586 2317 3640 οὐδὲν
2350 3586 2538 3640 λυπεῖν
2568 3584 2789 3639 πλείονα
2824 3585 2985 3639 αὑτὸν
3027 3584 3380 3658 διατρίψαντα
3424 3588 3485 3640 ὲν
3510 3589 3574 3657 τῇ
3611 3586 3720 3646 ’1ου-
3770 3602 3771 3609 η

2163 3678 2288 3749 δαίᾳ
2315 3676 2845 3753 χρόνονὲληλυθέναι
2889 3677 2983 3731 ἐπὶ
3029 3677 3127 3748 τὴν
3166 3677 3483 3748 πηγὴντοῦ
3528 3674 3720 3741 Ἰακὼϐ,

2162 3772 2394 3827 ἀπιόντα
2412 3774 2492 3836 είς
2523 3771 2620 3843 τὴν
2648 3770 2962 3838 Γαλιλαίαν,
3003 3789 3022 3821 ι
3055 3770 3181 3824 Ὅτε
3212 3770 3292 3822 ἔτι
3322 3771 3675 3842 τετράμηνος,
3703 3787 3717 3817 ι

2161 3860 2337 3930 εἶπεν,
2365 3882 2384 3915 ι
2425 3864 2505 3927 είς
2534 3864 2624 3916 τὸν
2664 3860 2953 3932 θερισμόν·
3011 3880 3030 3912 ι
3070 3862 3163 3915 καὶ
3194 3861 3345 3917 οὐδὲν
3377 3861 3582 3915 ἄτοπόν
3627 3863 3723 3913 ἐστι
3770 3910 3771 3917 η

2160 3957 2287 4019 τοὺς
2310 3954 2626 4019 Γαλιλαίους
2656 3953 2744 4007 διά
2768 3954 2838 4007 τὰ
2879 3953 2975 4007 ἐπὶ
3010 3953 3119 4006 τῶν
3163 3953 3354 4025 πρώην
3392 3954 3582 4026 μηνῶν
3625 3953 3723 4023 (56)

2159 4044 2309 4116 αὐτῷ
2346 4045 2612 4116 γενόμενα
2657 4044 2717 4098 ὲν
2775 4044 3166 4117 Ἱεροσολύμοις
3208 4045 3611 4117 παραδέχεσθαι
3640 4045 3724 4097 αῦ-

2158 4139 2269 4193 τόν.
2306 4137 2539 4193 Λεκτέον
2575 4137 2632 4191 δὲ
2660 4137 2797 4209 πρὸς
2823 4137 3038 4200 αὐτοὺς,
3064 4138 3145 4190 ὅτι
3188 4139 3632 4209 παραγενόμενος
3656 4138 3725 4199 εἰς

2158 4230 2256 4301 τὴν
2296 4228 2585 4293 Γαλιλαίαν
2618 4224 2780 4301 ἦλθεν
2821 4231 2900 4292 εἰς
2940 4230 3038 4300 τὴν
3089 4229 3244 4282 Κανᾶ
3290 4229 3389 4299 τῆς
3428 4228 3720 4294 Γαλιλαίας,

2156 4322 2289 4376 ὅπου
2318 4322 2575 4394 πρότερον
2603 4321 2869 4391 πεποίηκε
2898 4321 2960 4374 τὸ
2993 4320 3137 4393 ὕδωρ
3168 4316 3328 4386 οἶνον,
3362 4320 3498 4375 ἔνθα
3537 4322 3723 4375 καὶτὸν

2156 4412 2249 4467 τοῦ
2271 4413 2550 4484 βασιλικοῦ
2587 4412 2701 4466 υἱὸν
2738 4410 2999 4466 νοσοῦντα
3040 4413 3099 4465 ὲν
3142 4413 3207 4483 τῇ
3248 4413 3626 4484 Καφαρναοὺμ
3658 4413 3723 4463 εἰ-

2157 4507 2273 4562 πὼν
2311 4507 2389 4578 τῷ
2430 4506 2601 4578 πατρὶ
2640 4503 2842 4559 αὐτοῦ’
2880 4525 2899 4557 ι
2951 4505 3009 4558 ’0
3053 4496 3168 4568 υἱός
3201 4521 3294 4557 σου
3337 4504 3428 4576 ζῇ,
3477 4524 3496 4557 ι
3544 4504 3721 4575 ἐθεράο

477 4572 530 4627 in
560 4571 884 4643 Capharnao
908 4577 1156 4644 curavit,
1186 4582 1332 4650 patri
1370 4581 1542 4653 ipsius
1570 4587 1760 4644 dicens
1787 4610 1799 4644 :
1834 4608 1854 4640 ι
1884 4589 2053 4648 Filius

2167 4571 2497 4663 πευσείκαὶ,
2598 4597 2752 4652 Μετὰ
2779 4594 2952 4651 ταῦτα
2986 4591 3054 4667 ἦν
3083 4596 3245 4668 ἑορτὴ
3275 4571 3403 4649 τῶηῖ
3439 4571 3718 4655 Ἰουδαίων,

475 4672 600 4721 tuus
623 4666 757 4722 vivit
783 4667 865 4736 ";
898 4686 919 4721 ι
956 4678 1040 4736 et,
1083 4689 1103 4723 ι
1139 4670 1334 4729 Postea
1364 4685 1481 4731 erat
1502 4677 1621 4734 dies
1645 4678 1816 4738 festus
1845 4680 2056 4740 Iudaeo-

470 4771 626 4826 rum,
656 4767 714 4816 et
755 4759 1008 4816 ascendit
1047 4758 1205 4818 Jesus
1249 4764 1642 4840 Jerosolymam
1667 4772 1733 4835 ⁸⁸,
1772 4791 1792 4825 ι
1837 4777 2055 4845 quando

470 4848 830 4921 paralyticum
863 4862 989 4910 octo
1020 4864 1075 4908 et
1106 4855 1328 4926 triginta
1356 4873 1529 4916 annos
1569 4862 1857 4921 habentem
1905 4882 1965 4922 se
1998 4868 2052 4924 in

469 4940 796 5000 infirmitate
818 4946 1047 5002 curavit.
1083 4947 1165 5002 An
1195 4962 1324 5004 vero
1352 4950 1442 5006 hic
1472 4952 1588 5009 dies
1615 4953 1788 5013 festus
1817 4957 2054 5015 Pascha-

469 5033 542 5088 tis
568 5041 722 5100 erat,
759 5051 867 5091 non
893 5038 1112 5095 additur
1148 5056 1345 5099 nomen
1380 5043 1531 5113 ejus;
1564 5058 1827 5119 urgetque
1868 5050 2042 5109 series

538 5218 756 5278 "Joan.
779 5223 918 5290 11,1.
976 5224 1397 5297 “Joan.ttt,i.
1465 5231 1514 5266 ⁸⁸
1539 5231 1868 5304 Joan.tv,l.
1923 5241 1972 5275 ⁸⁸
1994 5243 2126 5302 ibid.

465 5404 1078 5495 oblitteratafodicum
1122 5410 1296 5495 .Regii
1360 5424 1408 5471 et
1470 5417 1751 5475 Barberini
1814 5427 2043 5495 vestigia

467 5474 762 5544 praeferant
783 5475 904 5547 ἦτοι
927 5474 1293 5549 ἁκηκούοντῐι.

689 5563 994 5655 ἰῳῃιξζῂηςὲ
1026 5567 1395 5655 ﬁeribendunr
1419 5577 1638 5655 videtur
1674 5580 1707 5653 ἢ
1765 5582 2039 5655 Ἰωάννης.

618 5637 672 5691 in
723 5633 926 5693 codice
943 5633 1249 5699 Bodleiano
1293 5645 1492 5716 legitur
1525 5633 1736 5723 νάφίηᾶι
1772 5633 2043 5724 ἐῆξλιδιίξ

587 5723 637 5758 ν.

587 5723 637 5760 ν.

463 5799 615 5925 δεἳῆ
635 5800 806 5860 Codd.
832 5801 1159 5863 Bodleianus
1188 5818 1244 5865 et
1266 5807 1623 5884 Barberinus,
1649 5815 1775 5890 ὄτε;
1812 5816 2037 5887 Regius,

2152 4688 2246 4742 καὶ
2273 4687 2441 4758 άνέϐη
2474 4689 2503 4741 ὁ
2544 4687 2748 4760 Ἰησοῦς
2772 4690 2851 4753 είς
2888 4687 3254 4760 Ἰεροσόλυμα,
3281 4707 3300 4739 ι
3333 4687 3422 4740 ὅτε
3460 4686 3555 4740 τὸν
3590 4684 3724 4757 τριά-

2150 4799 2314 4836 κοντα
2342 4778 2487 4834 ὀκτὼ
2526 4781 2620 4852 ἔτη
2652 4779 2841 4852 έχοντα
2881 4780 2938 4834 ὲν
2973 4782 3039 4851 τῇ
3076 4778 3327 4850 ἀσθενείᾳ
3365 4776 3721 4849 παραλυτικὸν

2150 4875 2539 4947 ἐθεράπευσεν.
2589 4875 2715 4929 Ἐὰν
2751 4874 2808 4929 δὲ
2842 4873 2982 4952 αὑτὴ
3021 4876 3054 4944 ἡ
3099 4873 3262 4945 ἑορτὴ
3296 4872 3391 4926 τοῦ
3414 4872 3612 4943 Πάσχα
3640 4865 3717 4940 ἦν,

2149 4963 2209 5016 οὐ
2240 4962 2556 5034 πρόσκειται
2594 4963 2655 5017 τὺ
2682 4963 2854 5034 ὄνομα
2897 4962 3103 5034 αὺτῆς’
3158 4966 3484 5034 στενοχωρεῖ
3529 4978 3589 5014 τε
3618 4959 3718 5031 (57)

2151 5054 2214 5108 τὸ
2245 5054 2536 5109 ἀκόλουθον
2573 5056 2673 5127 τῆς
2723 5054 2985 5128 ἱστορίας,
3028 5055 3122 5109 καὶ
3165 5056 3400 5128 μάλιστα
3438 5058 3569 5111 ἐπεὶ
3615 5056 3719 5130 μετ’

2149 5243 2238 5301 35.
2297 5242 2349 5275 ⁸⁸
2370 5240 2504 5296 ibid.
2533 5237 2625 5305 43,
2653 5236 2746 5292 45.
2807 5236 2853 5268 ⁸⁷
2881 5236 3009 5291 ibid.
3040 5234 3129 5289 50.
3190 5235 3238 5267 ⁸⁸
3267 5233 3429 5292 Joan.
3461 5238 3567 5302 v,l
3608 5250 3717 5306 seq.

2216 5423 2327 5496 (55)
2353 5423 2603 5496 Χρόνον.
2639 5419 2799 5496 D_ees_t
2833 5420 2889 5496 in
2916 5419 3073 5477 codd.
3110 5421 3278 5494 Regio
3308 5432 3364 5478 et
3396 5422 3715 5487 Barberino.

2151 5490 2246 5551 sed
2278 5490 2582 5549 restituitur
2610 5507 2640 5545 e
2662 5490 2976 5550 Bodleiano.

2218 5582 2646 5656 (ξω-Ἐπιτῶν
2668 5580 2875 5656 πρώτῃ·
2913 5581 3144 5656 “mea.
3207 5582 3297 5656 sic
3354 5596 3506 5641 recte
3556 5560 3744 5641 habet!

2143 5652 2321 5738 rqdex'
2342 5652 2704 5719 Bodleianus;
2737 5654 2790 5706 in
2825 5653 2995 5724 Regio
3020 5662 3076 5709 et
3104 5652 3400 5710 Bodleiano
3432 5656 3592 5712 deest
3631 5656 3720 5708 ἐπὶ

2142 5742 2329 5893 mg!)
2361 5814 2530 5893 C_odd.
2561 5814 2887 5893 Bodleianns
2915 5824 2967 5869 et
2993 5815 3359 5888 Barberinus,
3396 5818 3719 5893 στενοχωρεί

2147 5903 2237 5941 τε·
2270 5885 2492 5953 Regius,
2526 5888 2959 5955 πενοχωρείται.
3346 5885 3353 5888 ⁷
3555 5885 3590 5893 ”
3645 5885 3656 5889 ⁷
3702 5944 3717 5951 -
