3826 6534
420 445 516 500 HI

1864 412 2186 474 ORIGENIS

3577 400 3690 456 479.

423 569 586 621 etiam
612 563 880 635 spirarum
908 554 1160 620 transire,
1189 565 1309 622 qua:
1343 549 1560 621 quidem
1608 543 1747 615 ignis
1784 540 1995 611 sphaera

2135 551 2184 588 αι
2215 531 2349 604 (65),
2399 529 2474 602 μὴ
2516 525 2888 599 καταφθαρεὶς
2930 524 3035 579 ὑπὸ
3072 521 3173 594 τῆς
3221 518 3518 593 ἁμαρτίας,
3555 517 3688 587 ἥτις

426 659 654 714 materia
687 663 773 711 est
804 651 1045 709 universi
1091 649 1311 703 in.......
1340 644 1492 699 llanc
1532 638 1864 708 Opinionem,
1896 648 1996 688 ceu

429 764 534 803 non
574 761 790 808 sanam,
843 743 1180 812 redarguens
1215 734 1451 790 Verbum
1503 744 1632 785 caro
1676 721 1997 786 l‘:tetum,ad

423 856 521 898 eos
550 840 645 913 qui
679 838 806 894 talia
858 838 1088 891 credunt
1131 831 1353 901 inquit:
1394 846 1412 880 ι
1437 826 1627 881 Nonne
1671 826 1768 875 vos
1817 816 2000 872 dicitis

424 910 836 1003 quod—quatuor
879 940 1095 982 menses
1133 930 1285 988 sunt,
1319 930 1375 977 et
1413 917 1607 974 messis
1639 911 1829 969 venit?
1861 910 2001 964 Ecce

424 1029 547 1085 dico
573 1025 766 1080 vobis:
799 1021 999 1078 Levate
1025 1019 1212 1075 oculos
1247 1027 1481 1082 vestros,
1513 1022 1567 1069 et
1598 1011 1779 1067 videte
1818 1007 1996 1076 regio-

428 1138 528 1179 nes
557 1122 671 1192 jam
717 1118 867 1175 albas
911 1129 1032 1172 esse
1063 1114 1128 1166 ad
1153 1116 1410 1166 messem.
1451 1126 1470 1159 ι
1534 1103 1745 1160 Etenim
1793 1100 2001 1155 incom-

424 1190 793 1286 preltensibile
829 1209 984 1263 nobis
1014 1206 1233 1260 videtur
1266 1215 1389 1258 eum
1418 1201 1486 1254 de
1511 1212 1617 1252 una
1638 1194 1883 1250 messein
1915 1190 2000 1245 bis

424 1305 683 1361 omnibus
716 1301 1009 1362 disserere,
1038 1293 1473 1368 quandoquidem
1505 1287 1778 1345 sententia
1810 1298 1998 1339 eorum

424 1400 516 1471 qni
545 1394 849 1467 simplicius
895 1397 1199 1460 exponunt,
1230 1399 1357 1440 vera
1384 1383 1669 1452 loquentes
1702 1372 1999 1443 discipulos

423 1493 672 1563 objurgat
704 1487 989 1550 Dominus,
1019 1482 1425 1541 existimantes,
1464 1484 1524 1528 ut
1555 1472 1611 1528 lti
1645 1476 1856 1542 putant,
1877 1474 2000 1535 post

422 1588 676 1657 quartum
701 1592 943 1637 mensem
972 1588 1253 1634 venturam
1283 1584 1536 1633 messem,
1570 1580 1733 1637 quam
1762 1563 1817 1617 in
1841 1574 2000 1631 snpeo

423 1679 663 1737 rioribus
724 1673 1106 1753 proposuimus
1169 1682 1273 1724 non
1328 1663 1617 1753 admodum
1651 1672 1841 1753 posse
1881 1664 2002 1725 post

424 1779 680 1840 quartum
713 1747 957 1820 mensem
987 1760 1308 1815 consistere.
1334 1752 1588 1823 Alioquin
1613 1747 1998 1818 discipulorum

423 1838 588 1916 etiam
640 1859 949 1928 opinionem
998 1853 1113 1908 ﬂere
1147 1849 1460 1916 corrigens,
1502 1843 1718 1913 inquit:
1765 1838 1999 1893 «Nonne
2030 1887 2071 1941 Β

425 1967 523 2006 vos
553 1968 572 2002 ι
608 1949 825 2019 quidem
876 1947 981 2001 hoc
1010 1961 1029 1994 ι
1062 1939 1283 1997 dicitis?
1307 1956 1326 1990 ι
1362 1940 1435 1993 At
1471 1949 1571 2004 ego
1604 1934 1709 1988 hoc
1744 1931 1890 1985 dico.
1915 1928 1995 1984 Ad

424 2046 543 2100 hac
563 2040 838 2113 quomodo
869 2036 1161 2093 absurdum
1187 2048 1292 2087 non
1316 2040 1400 2087 est
1429 2026 1717 2099 allegorice
1742 2023 1916 2095 palam
1942 2023 1997 2076 in

425 2136 680 2193 omnibus
707 2131 985 2202 explicare
1015 2129 1121 2183 hoc
1150 2125 1350 2180 dictum
1376 2140 1390 2176 :
1426 2140 1444 2173 ι
1473 2120 1671 2174 Levate
1699 2116 1884 2171 octtlos
1906 2131 2002 2169 ve-

334 2212 337 2217 λ
425 2239 603 2292 stros;
632 2241 652 2274 ι
692 2231 749 2277 et
778 2221 883 2276 boe
915 2240 927 2274 :
967 2235 987 2269 ι
1027 2217 1218 2272 Videte
1250 2213 1502 2284 regiones
1534 2208 1647 2276 jam
1691 2206 1843 2261 albas
1879 2219 2001 2259 esse

427 2317 496 2371 ad
538 2328 812 2378 messem;
841 2330 863 2364 ι
899 2311 952 2364 in
997 2324 1063 2365 eo
1092 2321 1224 2362 vero
1265 2304 1410 2374 quod
1460 2311 1583 2357 ante
1626 2300 1728 2356 hoc
1759 2298 1996 2367 positum

426 2415 531 2475 est,
565 2420 796 2475 nempe:
843 2420 861 2455 ι
887 2398 1079 2455 Nonne
1107 2413 1206 2452 vos
1253 2395 1434 2450 dicitis
1476 2393 1624 2463 quod
1659 2392 1834 2451 adhue
1860 2403 1968 2457 qna
1990 2415 2002 2427 -

430 2510 558 2552 tuor
582 2496 800 2552 menses
816 2501 967 2558 sunt,
995 2500 1050 2548 et
1073 2489 1266 2545 messis
1288 2486 1456 2553 venit,
1480 2504 1498 2536 ι
1529 2484 1669 2540 idem
1695 2481 2000 2537 faciendum

427 2604 537 2645 non
564 2602 788 2645 censere
803 2585 829 2641 τ

497 2765 591 2821 Η.
627 2765 882 2820 Attamen
935 2759 1258 2822 Heraeieon,
1296 2771 1401 2811 non
1436 2768 1598 2810 secus
1630 2762 1794 2822 atque
1822 2750 2000 2814 multi,

428 2858 626 2914 litterae
678 2855 906 2920 assidet,
967 2862 1119 2908 ratus
1184 2865 1305 2906 eam
1365 2846 1721 2917 attagogicum
1782 2858 2002 2899 sensum

433 2966 539 3005 non
584 2949 849 3020 recipere.
905 2945 1085 3018 luquit
1115 2960 1250 3015 ergo
1285 2942 1468 2999 lesum
1526 2938 1673 3009 loqui
1718 2937 1786 2993 de
1827 2948 2006 2991 messe

435 3058 624 3099 eorum
671 3041 763 3112 qui
820 3048 1171 3110 generantur,
1205 3036 1432 3105 perinde
1459 3033 1614 3103 quasi
1658 3024 1775 3086 lisse
1810 3028 2005 3083 messis

431 3136 668 3206 spatium
692 3141 931 3203 quatuor
959 3131 1136 3185 adhuc
1170 3128 1437 3184 mensimn
1459 3123 1883 3181 determinatum
1908 3121 2006 3175 lia-

2100 630 2249 683 ἐστὶν
2293 627 2393 699 ὕλη
2435 624 2529 679 τοῦ
2562 624 2763 687 παντὸς
2806 625 2864 676 ὲν
2894 623 3007 687 τοῖς
3038 619 3143 691 πρὸ
3181 618 3373 689 τῆς....
3410 612 3687 685 αἱθερίους

2098 723 2361 785 τόπους...
2406 718 2643 791 χωρίοις.
2692 714 2908 786 Ταύτην
2938 712 2997 766 δὲ
3026 711 3124 784 τὴν
3171 707 3440 780 ὑπόληψιν
3478 706 3690 774 διελέγ-

2099 830 2209 884 χων
2236 812 2311 876 ὡς
2341 812 2451 882 οὑχ.
2467 809 2596 881 ὑγιῆ
2629 824 2793 878 φησιν
2821 807 2850 858 6
2879 803 3172 875 γενόμενος
3204 799 3346 872 σὰρξ
3375 799 3545 867 Λόγος
3567 798 3687 859 τοῖς

2099 903 2269 957 ταῦτα
2300 901 2577 973 νομίζουσι
2606 895 2667 954 τό
2686 915 2699 929 ·
2741 917 2760 950 ι
2788 896 2901 967 Οὐχ
2928 895 3086 966 ὑμεῖς
3126 891 3339 962 λέγετε,
3368 891 3453 945 ὅτι
3483 886 3658 973 τετρά

2104 996 2270 1068 μηνός
2302 972 2439 1059 ἐστι,
2468 992 2563 1047 καὶ
2583 993 2611 1044 ὁ
2637 990 2894 1064 θερισμὸς
2924 988 3177 1062 ἐρχεται;
3210 987 3319 1040 ἰδοὺ
3351 983 3498 1053 λέγω
3526 972 3685 1052 ὑμῖν

2113 1088 2383 1160 Ἐπάρατε
2408 1087 2532 1149 τοὺς
2558 1082 2875 1155 ὀφθαλμοὺς
2918 1080 3094 1153 ὑμῶν,
3135 1079 3232 1134 καὶ
3272 1071 3543 1131 θεάσασθε
3582 1069 3689 1136 τὰς

2100 1182 2305 1254 χώρας,
2328 1180 2409 1233 ὅτι
2437 1177 2627 1232 λευκαί
2658 1177 2763 1230 εἰσι
2793 1174 2928 1245 πρὸς
2959 1171 3218 1246 θερισμὸν
3247 1168 3371 1242 ήδη.
3400 1187 3419 1219 ι
3444 1167 3552 1220 Καὶ
3572 1165 3689 1236 γὰρ

2100 1272 2410 1342 ἀδιανόητον
2459 1271 2590 1341 ἡμῖν
2636 1267 2886 1338 φαίνεται
2941 1264 3070 1337 περὶ
3125 1262 3242 1325 ἐνὸς
3259 1260 3374 1333 (66)
3409 1258 3573 1313 αὑτὸν
3623 1258 3689 1310 ὲν

2100 1362 2307 1426 τούτοις
2339 1362 2472 1415 πᾶσι
2503 1359 2888 1431 διαλαμϐάνειν
2931 1353 3216 1429 θερισμοῦ,
3252 1352 3486 1422 ἐπείπερ
3536 1346 3692 1403 κατᾶ

2098 1454 2224 1517 τοὺς
2281 1451 2644 1523 ἁπλούστερον
2691 1447 3076 1520 ἐκδεχομένους
3155 1444 3353 1515 ἀληθὲς
3427 1441 3689 1510 λέγουσιν

2100 1540 2392 1610 ἐπιπλῆξαι
2447 1545 2561 1606 τοῖς
2616 1541 2884 1614 μαθηταῖς
2934 1538 3264 1610 νομίζωσιν,
3311 1535 3388 1599 ὡς
3439 1534 3689 1595 οἴονται,

2104 1637 2243 1709 μετὰ
2278 1636 2616 1709 τετράμηνον
2656 1632 2910 1707 ἔρχεσθαι
2954 1631 3046 1685 τὸν
3089 1627 3370 1702 θερισμὸν,
3404 1627 3597 1680 ὅντινα.
3628 1627 3692 1678 ὲν

2100 1734 2213 1794 τοῖς
2240 1730 2345 1801 πρὸ
2377 1728 2584 1783 τούτων
2621 1727 3042 1799 ιταρεστήσαμεν
3070 1723 3147 1795 μὴ
3174 1723 3317 1777 πάνυ
3341 1738 3396 1774 τι
3424 1717 3693 1774 δύνασθαι

2108 1822 2245 1894 μετὰ
2268 1822 2607 1893 τετράμηνον
2644 1816 3030 1890 ἐνστήσεσθαι*
3065 1814 3243 1878 ἄλλως
3281 1830 3344 1866 τε
3382 1810 3481 1867 καὶ
3522 1810 3697 1864 οἱονεὶ

2106 1916 2207 1986 τὴν
2231 1914 2346 1986 (67)
2386 1914 2636 1966 ὑπόνοιαν
2672 1910 2781 1964 τῶν
2834 1907 3092 1981 μαθητῶν
3133 1904 3517 1979 διορθούμενός
3551 1918 3697 1973 φησι

2104 2007 2193 2060 τό·
2231 2026 2249 2058 ι
2280 2007 2391 2076 υὺχ
2422 2005 2578 2075 ὑμεῖς
2598 2022 2616 2053 ι
2663 2001 2761 2074 μὲν
2806 1999 2924 2054 τόδε
2976 2017 2995 2050 ι
3020 1998 3211 2066 λέγετε
3233 2012 3249 2062 ;
3275 2015 3297 2048 ι
3333 1994 3445 2064 ἐγὼ
3483 1990 3539 2047 δὲ
3564 1993 3698 2047 τόδε

2108 2095 2269 2168 φημι.
2303 2095 2448 2166 Πρὸς
2475 2094 2682 2155 τούτοις
2716 2090 2835 2155 πῶς
2864 2090 2966 2143 οὐκ
2984 2089 3183 2143 ἄτοπον
3211 2085 3274 2139 τὸ
3307 2084 3407 2158 μέν
3426 2102 3440 2116 ·
3476 2104 3495 2136 ι
3514 2082 3699 2139 Ἐπά-

2109 2205 2240 2259 ρατε
2264 2188 2390 2250 τοὺς
2416 2184 2728 2256 ὀφθαλμοὺς
2754 2182 2931 2254 ὑμῶν,
2953 2201 2972 2234 ι
2998 2179 3140 2235 κατὰ
3175 2179 3353 2233 πάντα
3379 2176 3701 2249 ἀλληγορῆ“

2108 2296 2199 2333 σαι
2227 2276 2434 2347 cacpfog,
2466 2276 2565 2329 καὶ
2606 2275 2695 2327 τό·
2733 2292 2752 2326 ι
2778 2270 3056 2327 Θεάσασθε
3087 2269 3188 2333 τὰς
3217 2266 3424 2340 χώρας,
3455 2266 3538 2319 ὅτι
3567 2263 3699 2317 λευο

2108 2369 2200 2424 καί
2219 2370 2327 2422 είτι
2349 2368 2484 2439 πρὸς
2509 2363 2767 2437 θερισμὸν
2792 2364 2894 2435 ἤδη
2914 2379 2928 2393 ο
2955 2382 2977 2415 ι
3000 2362 3062 2415 τὸ
3089 2361 3146 2415 δὲ
3174 2359 3280 2432 πρὸ
3312 2357 3506 2413 τούτου
3533 2357 3700 2428 ἐρχό-

2111 2478 2269 2534 μενον
2295 2458 2454 2513 τοῦτο
2474 2456 2606 2531 (68)·
2647 2475 2666 2508 ι
2694 2456 2808 2527 Οὑχ
2841 2456 3002 2526 ὑμεῖς
3041 2452 3252 2522 λέγετε,
3276 2451 3360 2504 ὃτι
3387 2448 3470 2503 ἔτι
3496 2447 3703 2518 τετρά-

2112 2552 2278 2625 μηνός
2310 2552 2448 2615 ὲστι,
2476 2550 2570 2603 καὶ
2595 2549 2625 2603 6
2642 2546 2899 2622 θερισμὸς
2916 2544 3185 2620 ἔρχεται,ι
3210 2542 3288 2616 μὴ
3311 2540 3703 2614 ἀλληγορικῶς

2108 2644 2357 2700 ἐκλαϐεῖν
2377 2659 2394 2710 ;

2180 2760 2268 2814 Η.
2303 2758 2415 2813 Καὶ
2453 2757 2485 2811 6
2529 2753 2841 2828 Ἡρακλέων
2885 2753 3135 2824 μέντοιγε
3177 2749 3383 2821 ὁμοίως
3415 2750 3528 2813 τοῖς
3562 2749 3685 2800 πολο

2109 2853 2220 2917 λοῖς
2248 2852 2340 2905 ἐπὶ
2367 2851 2466 2922 τῆς
2508 2845 2708 2913 λέξεως
2738 2845 2942 2917 ἔμεινε,
2979 2844 3055 2916 μὴ
3084 2843 3332 2914 οἰόμενος
3363 2839 3533 2911 αὐτὴν
3562 2838 3706 2892 ἀνά-

2110 2942 2324 3014 γεσθαι.
2358 2941 2497 3012 Φησὶ
2541 2938 2705 3009 γοῦν,
2753 2939 2836 2991 ὅτι
2879 2936 2971 2989 τὸν
3006 2934 3115 2989 τῶν
3145 2933 3508 3005 γεννημάτων
3542 2931 3706 2999 λέγει

2111 3034 2387 3109 θερισμὸν,
2418 3032 2495 3095 ὡς
2532 3030 2721 3085 τούτου
2756 3028 2855 3100 μὲν
2896 3026 2978 3079 ἔτι
3007 3025 3212 3097 διορίαν
3240 3023 3457 3095 ἔχοντος
3500 3021 3709 3092 τετρὰ-

2116 3142 2284 3202 μηνον
2307 3126 2463 3182 τοῦδε
2492 3122 2775 3197 θερισμοῦ,
2807 3118 2869 3176 οὑ
2895 3120 3059 3184 αὐτὸς
3086 3118 3293 3188 ἔλεγεν,
3318 3116 3421 3188 ήδη
3464 3114 3708 3170 ἐνεστῶ-

428 3227 580 3291 beat,
609 3240 771 3293 quam
798 3224 917 3294 ipse
943 3221 1162 3278 dicebat
1180 3219 1292 3287 iam
1321 3218 1485 3288 περ
1509 3217 1733 3272 instare.
1760 3213 1872 3269 Nec
1892 3214 2006 3269 scio

2135 3238 2226 3287 τος.
2258 3221 2369 3275 Καὶ
2398 3218 2489 3272 τὸν
2532 3215 2791 3289 θερισμὸν
2819 3215 2921 3269 οὑκ
2947 3207 3045 3267 οἶδ’
3078 3213 3228 3275 ὅπως
3260 3212 3355 3265 ἐπὶ
3384 3210 3488 3281 τῆς
3514 3209 3707 3280 ψυχῆς

394 3334 401 3361 ι
430 3333 542 3388 quo
564 3325 728 3386 pacto
763 3316 927 3371 etiam
964 3326 1199 3368 messem
1219 3311 1610 3380 interpretatus
1628 3307 1701 3363 sit
1731 3307 1798 3361 de
1825 3303 2006 3358 anima

431 3408 799 3471 credentium,
850 3405 1039 3461 dicens
1087 3418 1182 3458 eos
1206 3401 1316 3471 jam
1349 3408 1589 3453 maturos
1615 3408 1671 3452 et
1701 3404 1920 3467 paratos
1941 3395 2009 3449 ad

436 3514 668 3556 messem
698 3512 843 3565 esse,
876 3506 1040 3564 atque
1077 3494 1243 3548 etiam
1294 3491 1518 3547 idoneos
1551 3490 1641 3559 qui
1684 3489 2012 3545 inducantur

435 3593 489 3645 in
516 3591 796 3654 horreum,
828 3588 929 3642 hoc
952 3596 1035 3641 est
1056 3600 1151 3656 per
1177 3584 1337 3640 ﬁdem
1372 3583 1426 3637 in
1454 3581 1728 3654 quietem;
1760 3580 1806 3635 si
1834 3590 2011 3634 tamen

434 3685 544 3737 sint
569 3680 768 3753 parati,
791 3695 890 3736 nec
914 3681 1060 3735 enim
1090 3691 1284 3734 omnes
1308 3676 1481 3744 parati
1509 3684 1669 3730 sunt:
1700 3693 1721 3726 ι
1744 3689 1866 3728 nam
1896 3673 2014 3728 ani-

436 3790 650 3830 marum
685 3774 881 3844 aliqua:
904 3780 1109 3842 paratae
1138 3769 1376 3836 fuerant,
1409 3768 1609 3838 inquit,
1633 3769 1825 3838 aliquae
1853 3775 2013 3822 erant

433 3881 493 3922 se
532 3876 912 3936 pl‘tEpal‘allll'iB
950 3861 1183 3935 [nempe
1238 3859 1343 3914 illa:
1385 3859 1581 3913 anima:
1600 3856 1644 3931 1,
1702 3868 1758 3913 et
1817 3855 2014 3927 aliquae

434 3958 653 4025 quidem
691 3954 802 4023 jam
844 3956 1210 4015 seminantur,
1244 3950 1469 4024 [aliquae
1504 3965 1635 4004 vero
1677 3948 2014 4005 seminandm

434 4060 583 4107 sunt.
608 4049 668 4122 ι]
702 4049 829 4104 llaec
849 4048 1066 4119 quidem
1090 4047 1202 4101 ille.
1236 4045 1342 4100 Sed
1365 4044 1553 4099 nescio
1586 4058 1652 4096 an
1681 4042 1796 4110 ipse
1829 4050 2013 4095 osten-

434 4145 564 4199 dere
598 4142 773 4212 possit
795 4139 1073 4211 quomodo
1108 4136 1363 4207 discipuli
1400 4134 1680 4191 elerantes
1709 4133 1894 4189 oculos
1927 4132 2010 4186 vi-

434 4234 567 4288 dere
614 4233 823 4301 possint
868 4230 1082 4285 animas
1116 4228 1228 4299 jam
1282 4228 1507 4282 idoneas
1562 4226 1915 4288 exsistentes,
1956 4230 2015 4277 nt

436 4333 624 4395 putat,
657 4332 718 4379 ut
752 4324 804 4377 in
832 4323 1086 4377 horreum
1117 4321 1484 4375 inducantur:
1513 4319 1643 4388 quin
1674 4317 1841 4373 etiam
1874 4330 2012 4386 quo-

440 4416 601 4471 modo
629 4417 694 4470 de
724 4413 1008 4469 animabus
1035 4427 1223 4467 verum
1267 4421 1352 4467 est
1396 4412 1538 4467 hoc:
1572 4430 1591 4462 s
1614 4410 1772 4465 Alius
1800 4417 1884 4463 est
1920 4407 2014 4476 qui

437 4507 690 4571 seminat,
705 4515 760 4561 et
775 4505 914 4560 alius
933 4512 1016 4560 est
1034 4504 1127 4573 qui
1152 4503 1445 4558 metit‘U'
1467 4518 1532 4569 ;~r
1560 4513 1617 4558 et.
1642 4502 1773 4557 illud
1801 4516 1816 4552 :
1853 4518 1872 4550 ι
1905 4500 2015 4567 Ego

2109 3315 2357 3386 ὲξείληφε
2388 3312 2495 3366 τῶν
2538 3309 2920 3372 πιστευόντων,
2954 3306 3151 3376 λέγων,
3192 3306 3275 3358 ὃτι
3321 3304 3425 3375 ήδέη
3470 3303 3709 3373 ἀκμαῖοι

2110 3413 2204 3467 καὶ
2235 3408 2441 3481 ἕτοιμοί
2472 3409 2577 3461 εἱσι
2611 3405 2748 3478 πρὸς
2785 3402 3066 3476 θερισμὸν,
3100 3400 3195 3454 καὶ
3224 3396 3525 3469 ἐπιτήδειοι
3554 3395 3706 3467 πρὸς

2109 3498 2171 3552 τὸ
2206 3496 2534 3567 συναχθῆναι
2581 3496 2660 3557 εἰς
2702 3491 3013 3563 ἀποθήκην,
3043 3487 3292 3544 τουτέστι
3323 3486 3414 3540 διὰ
3460 3485 3709 3548 πίστεως

2112 3586 2193 3648 εἰς
2220 3583 2544 3646 ἀνάπαυσιν,
2574 3582 2697 3635 ὅσαι
2741 3596 2807 3648 γε
2851 3579 3080 3650 ἕτοιμοι,
3122 3577 3183 3631 ού
3217 3575 3328 3647 γὰρ
3356 3575 3565 3629 πᾶσαι·
3606 3592 3627 3625 ι
3648 3575 3708 3627 αἱ

2114 3676 2215 3748 μὲν
2238 3674 2347 3745 γὰρ
2368 3674 2466 3747 ἤδη
2493 3673 2699 3744 ἕτοιμοι
2724 3667 2885 3742 ἦσαν,
2914 3670 3099 3741 φησὶν,
3142 3669 3198 3722 αἱ
3231 3668 3289 3721 δὲ
3318 3665 3574 3737 ἔμελλον
3612 3665 3711 3719 καί

2112 3769 2166 3821 αἱ
2197 3768 2293 3839 μὲν
2326 3765 2627 3838 μέλλουσιν,
2666 3765 2724 3818 αἱ
2757 3763 2814 3817 δὲ
2859 3760 3267 3831 ὲπισπείρονται
3309 3758 3434 3830 ἤδη.
3458 3777 3477 3810 ι
3514 3756 3712 3809 Ταῦτα

2116 3862 2215 3934 μὲν
2243 3855 2340 3914 οὖν
2371 3860 2575 3922 ἐκεῖνος
2609 3852 2751 3910 εἷπε.
2786 3855 2910 3920 Ηῶς
2937 3854 2996 3907 δὲ
3023 3856 3072 3907 οἱ
3102 3852 3344 3924 μαθηταὶ
3379 3850 3714 3921 ἐπαίροντες

2112 3955 2239 4018 τοὺς
2286 3951 2595 4023 ὀφθαλμοὺς
2636 3949 2892 4003 δύνανται
2951 3946 3168 4017 βλέπειν
3213 3944 3315 4009 τὰς
3366 3942 3545 4013 ψυχὰς
3602 3942 3712 4013 ήδη
3762 3970 3768 3975 ι

2112 4044 2447 4116 ἐπιτηδείους
2477 4041 2644 4105 οὑσας
2673 4040 2809 4111 πρὸς
2847 4041 2927 4103 τὸ,
2959 4039 3035 4102 ὡς
3067 4038 3259 4101 οἴεται,
3296 4038 3378 4100 είς
3413 4033 3711 4106 ἀποθήκην

2114 4136 2449 4207 εἰσαχθῆναι,
2480 4136 2580 4188 οὐκ
2604 4129 2723 4189 οἶδα
2754 4134 2803 4187 εί
2827 4130 3049 4186 δύναται
3076 4128 3433 4201 παραστῆσαι
3451 4145 3465 4159 ο
3497 4129 3597 4181 καὶ
3628 4127 3711 4180 ἔτι

2113 4245 2177 4298 γε
2208 4226 2325 4291 πῶς
2372 4227 2467 4280 ἐπὶ
2495 4224 2602 4279 τῶν
2631 4223 2819 4294 ψυχῶν
2869 4222 3071 4293 ἀληθὲς
3101 4220 3186 4274 τόν
3223 4240 3241 4271 ι
3272 4219 3470 4283 ⁸Ἄλλος
3494 4221 3524 4273 ὁ
3550 4219 3715 4272 σπεί-

2116 4339 2246 4394 ρων,
2275 4320 2368 4374 καὶ
2395 4318 2552 4383 ἄλλος
2577 4321 2605 4373 ό
2637 4317 2865 4389 θερίζων
2884 4333 2898 4348 ’
2925 4336 2944 4369 ι
2982 4314 3074 4369 καί
3097 4331 3110 4344 ·
3152 4333 3172 4366 ι
3210 4312 3535 4367 ’Δπέστειλα
3557 4314 3714 4384 ὑμᾶς

2116 4412 2351 4487 θερίζειν
2377 4413 2407 4466 6
2436 4414 2534 4483 οὑχ
2575 4412 2733 4482 ὑμεῖς
2770 4410 3170 4464 κεκοπιάκατε·
3207 4427 3225 4458 ι
3258 4408 3382 4461 τίνα
3407 4408 3467 4461 δὲ
3503 4406 3714 4479 τρόπον

2116 4506 2176 4559 τό
2197 4522 2211 4536 ’
2253 4523 2272 4555 ι
2300 4504 2482 4558 Ἄλλοι
2516 4503 2900 4567 κεκοπιάκασι,
2950 4503 3045 4557 καὶ
3091 4503 3251 4573 ὑμεῖς
3282 4502 3367 4564 είς
3409 4500 3504 4554 τὸν
3535 4501 3715 4554 κόπον

437 4601 561 4656 misi
586 4614 683 4655 vos
715 4602 781 4654 ad
812 4600 1117 4654 metendum
1146 4598 1288 4667 quod
1314 4611 1408 4652 vos
1436 4611 1542 4652 non
1567 4596 1861 4651 laborastis
1882 4594 1960 4646 ":
1988 4613 2006 4646 ι

2135 4595 2300 4650 ιύτῶν
2347 4594 2751 4668 εἰσεληλύθατε,
2773 4616 2792 4648 ι
2848 4594 3075 4649 δυνατόν
3124 4595 3243 4646 ἐστι
3293 4591 3715 4663 παραδέξασθαι

436 4694 707 4763 quomodo
734 4693 900 4748 etiam
932 4693 1049 4748 ﬁeri
1082 4703 1262 4763 potest
1284 4701 1343 4746 ut
1368 4690 1499 4747 illud
1534 4691 1601 4744 de
1636 4688 1816 4743 anima
1850 4686 2013 4740 intelo

436 4786 634 4857 ligatur
659 4802 674 4840 :
712 4803 733 4840 ι
765 4786 873 4842 Alii
896 4785 1308 4852 laboraverunt,
1332 4792 1386 4840 et
1411 4798 1508 4837 vos
1537 4783 1591 4837 in
1622 4782 1861 4836 laborem
1887 4778 2013 4833 illo-

437 4894 554 4933 rum
607 4879 951 4935 introistis?»
982 4876 1345 4944 Quamobrem
1392 4891 1490 4944 per
1535 4888 1767 4930 messem
1799 4888 1898 4927 nos
1928 4873 2014 4926 in-

437 4972 732 5044 telligimus
758 4988 996 5029 messem
1044 4971 1275 5035 fructus,
1306 4972 1398 5041 qui
1429 4971 1708 5041 colligitur
1750 4969 1804 5023 in
1842 4968 2008 5021 vitam

435 5074 719 5131 teternam,
759 5064 915 5134 juxta
947 5064 1339 5135 perfectionem
1374 5060 1622 5126 rationis,
1650 5074 1772 5129 quae
1818 5059 1869 5113 in
1919 5075 2016 5114 no-

437 5157 678 5212 tionibus
710 5157 936 5219 nostris.
970 5156 1197 5210 seminis
1224 5155 1421 5219 instar,
1460 5153 1700 5222 ingenita
1735 5151 1904 5206 multo
1934 5151 2014 5205 la-

436 5250 572 5304 bore
608 5247 906 5318 perﬁcitur.
936 5247 1204 5302 Caeterum
1231 5245 1504 5315 quomodo
1531 5244 1602 5298 ab
1637 5244 1746 5298 alio
1771 5246 2095 5312 seminatur,

508 5339 600 5393 Η.
642 5357 660 5390 ι
686 5338 826 5393 Ecce
865 5338 987 5392 dico
1013 5339 1200 5394 vobis:
1226 5337 1429 5392 Levate
1475 5336 1667 5391 oculos
1690 5346 1928 5403 vestros,
1956 5348 2009 5393 et

512 5472 637 5513 °'-“
664 5471 829 5526 Joan.
857 5485 934 5535 tv,
966 5470 1060 5525 '57.
1135 5471 1181 5502 ⁸³
1214 5472 1345 5526 ibid.
1377 5471 1467 5528 38.

441 5631 457 5673 ._
512 5590 626 5673 (65)
657 5588 960 5673 Δωᾷῇνᾳι.
989 5590 1568 5673 Exciditeeodicibus
1597 5594 1768 5667 Regio
1796 5609 1852 5650 et
1885 5599 2016 5651 Bar-

441 5661 656 5730 berino,
683 5662 778 5717 sed
806 5662 1075 5732 legiturgin
1106 5661 1422 5718 Bodleiano.

516 5732 629 5802 (66)
656 5730 1234 5807 Aquex'Bodleianus,
1283 5732 1548 5789 ἀδύνατον
1597 5738 1727 5807 ἡμῖν
1774 5732 2023 5803 φαίνεται

449 5799 534 5872 μὴ
550 5799 678 5877 περὶ
709 5799 847 5877 ἑνός,
878 5811 986 5857 etc.

515 5874 872 5947 (ϋηἋλλως
900 5891 960 5927 τε
980 5875 1073 5928 καὶ
1097 5876 1275 5930 οἱονεὶ
1295 5874 1428 5943 τήν.
1454 5874 1544 5930 Sit;
1571 5876 1733 5930 todes
1770 5874 2018 5930 Bodleia-

2120 4691 2212 4743 ἐπὶ
2257 4689 2358 4760 τῆς
2399 4688 2597 4759 ψυχῆς.
2649 4689 2839 4760 Ἡμεῖς
2888 4684 2983 4742 οὖν
3020 4685 3282 4758 θερισμὸν
3328 4684 3712 4755 συναγομένου

2119 4780 2333 4854 καρποῦ
2366 4784 2446 4846 είς
2492 4779 2636 4853 ζωὴν
2677 4779 2896 4835 αἰώνιον
2940 4778 3384 4850 ὲκλαμϐἁνομεν,
3424 4777 3566 4831 κατὰ
3614 4778 3716 4849 τὴν

2118 4874 2393 4930 τελείωσιν
2433 4874 2529 4929 τοῦ
2559 4873 2949 4947 σπερματικῶς
2978 4871 3299 4943 ἐγκειμένου
3328 4869 3477 4924 κατὰ
3503 4870 3606 4932 τὰς
3630 4872 3705 4923 ὲν-

2118 4968 2265 5033 votae;
2296 4970 2426 5040 Ιἡμῖν
2452 4968 2611 5038 λόγου
2638 4967 2745 5021 ἀπὸ
2770 4966 3047 5039 γεωργίας
3073 4964 3320 5028 πλείονος
3349 4962 3721 5034 τετελειωμέ-

2122 5079 2234 5116 νου.
2270 5062 2395 5125 Πῶς
2440 5063 2504 5115 δὲ
2532 5062 2637 5115 ὑπὸ
2672 5060 2833 5115 ἄλλου
2885 5059 3188 5131 σπείρεται,
3242 5058 3339 5110 καὶ
3391 5055 3500 5110 ὑπὸ
3546 5056 3718 5110 ἄλλον

2122 5150 2417 5224 θερίζεται,
2446 5155 2504 5206 ὲν
2536 5154 2648 5216 τοῖς
2675 5150 2802 5223 ἑξῆς
2827 5148 3218 5221 διαληψόμεθα.

2120 5258 2175 5303 et
2208 5249 2276 5301 ab
2304 5247 2410 5301 alio
2444 5247 2688 5308 metitur,
2732 5245 2786 5298 in
2814 5243 3167 5311 sequentibus
3202 5242 3563 5296 disseremus.

2188 5339 2276 5395 42.
2312 5359 2333 5391 ι
2364 5340 2494 5394 ’1δοὺ
2539 5338 2682 5408 λέγω
2725 5337 2892 5408 ὑμῖνο
2942 5333 3216 5406 Ἐπάρατε
3244 5333 3372 5396 τοὺς
3396 5330 3720 5404 ὀφθαλμοὺς

2128 5609 2255 5659 nus,
2291 5592 2522 5661 optime;
2564 5588 2703 5642 male
2732 5601 2863 5661 _vero
2889 5584 3091 5655 Regius
3116 5595 3170 5639 et
3199 5582 3566 5648 Barberinus,
3592 5583 3719 5639 ἀλλ’

2126 5656 2270 5721 ὥστε
2302 5656 2398 5716 καὶ
2426 5656 2536 5713 οἷον
2570 5661 2650 5723 είς
2686 5659 2805 5729 τήν,
2836 5666 2942 5729 etc.

2200 5734 2313 5804 (68)
2341 5730 2463 5804 ΙΙΡρ
2488 5722 2702 5804 τρύῗου
2740 5722 3076 5804 ’έρχᾷμενοτ
3099 5722 3297 5804 τοῦ-το.
3329 5722 3637 5804 lta_legitu_r
3660 5726 3715 5779 in

2128 5793 2405 5859 codicibus
2429 5800 2722 5854 Bodleiano
2746 5793 2824 5851 ac?
2845 5793 3162 5867 Ilarberino.
3196 5793 3363 5849 Forte
3415 5795 3714 5867 legendum

2128 5873 2234 5937 πρὸ
2254 5870 2443 5925 τούτου
2473 5869 2758 5949 εἰρημένον
2788 5867 2846 5921 τό
2873 5884 2883 5896 '
2922 5866 3031 5927 Οὐχ
3062 5866 3243 5930 ὑμεῖς,
3275 5878 3386 5921 etc.
