3826 6518
84 431 166 485 473
1122 428 1476 484 COMMENT.
1517 428 1583 484 IN
1621 426 1817 486 JOAN.
1860 428 2101 488 TOMUS
2133 429 2276 488 XIII.

3216 441 3320 496 471

86 548 226 619 ὑμῶν,
254 546 346 599 καὶ
378 544 670 600 θεάσασθε
705 546 802 610 τὰς
825 544 1028 618 χώρας,
1053 546 1136 600 ὅτι
1163 545 1353 602 λευκαί
1380 550 1485 602 εἰσι
1514 549 1646 620 πρὸς

1752 549 1931 606 videte
1966 550 2085 606 loca
2108 548 2223 620 jam
2267 549 2388 605 alba
2439 563 2564 607 esse
2608 550 2678 606 ad
2716 566 2968 609 messem.
2998 573 3017 607 ι
3047 554 3104 611 1η
3139 559 3325 618 multis

84 639 304 713 θερισμὸν
356 639 488 710 ἢδη.
514 659 534 692 r
596 639 872 710 Πολλαχοῢ
922 640 1021 711 τῆς
1071 641 1296 712 Γραφῆς
1350 644 1525 696 κεῖται
1559 643 1641 697 τόδ

88 753 103 785 ι
132 732 386 803 Ἐπάρατε
419 733 561 796 τοὺς
592 732 907 804 ὀφθαλμοὺς
937 732 1110 803 ὑμῶν,
1138 753 1157 785 ι
1195 734 1644 805 προτρεπομένου

83 827 202 896 ἡμᾶς
222 822 312 877 τοῦ
340 822 497 877 θείου
527 823 697 893 λόγου
725 823 910 895 ὑψοῦν,
940 825 1035 878 καὶ
1073 825 1321 897 ἐπαίρειν
1348 824 1417 879 τὰ
1445 826 1647 898 φρονή-

85 934 218 989 ματα,
241 917 334 971 καὶ
360 917 429 970 τὸ
452 916 774 989 διορατικὸν
797 917 946 970 κάτω
970 933 1072 970 που
1095 916 1365 988 κείμενον,
1392 916 1488 970 καὶ
1517 934 1649 987 συγ-

82 1010 271 1073 κύπτον,
307 1007 385 1080 μὴ
416 1008 731 1081 δυνάμενόν
760 1028 818 1064 τε
841 1008 1113 1080 ἀνακύψαι
1155 1010 1237 1070 εἰς
1278 1009 1342 1062 τὸ
1386 1009 1649 1075 παντελὲς

82 1101 382 1173 μετεωρίσαι
402 1117 417 1132 ·
456 1102 663 1174 ὥσπερ
691 1103 748 1156 ἐν
775 1094 977 1173 Ἦσαῖᾳ
995 1117 1009 1131 ο
1047 1120 1066 1152 ι
1103 1100 1375 1172 Ἐπάρατε
1407 1102 1489 1164 εἰς
1515 1099 1648 1170 ὕψος

78 1195 179 1259 τοὺς
198 1193 522 1266 ὀφθαλμοὺς
562 1194 742 1266 ὑμῶν,
769 1195 861 1249 καὶ
893 1194 1027 1249 ἴδετε
1059 1194 1142 1258 τίς
1172 1194 1447 1262 κατέδειξε
1475 1194 1648 1248 ταῦτα

79 1287 285 1340 πάντα.»
330 1286 451 1340 Καὶ
499 1287 532 1340 6
577 1287 771 1358 ἳωτὴρ
807 1286 884 1352 δὲ,
929 1288 1018 1342 ὅτε
1049 1286 1360 1359 μὲλλειτοῖς
1391 1287 1449 1340 ὲν
1481 1285 1649 1357 πεδίῳ

81 1375 359 1446 συναχθεῖσι
396 1374 541 1448 (68')
579 1376 762 1446 λέγειν
807 1377 933 1441 τοὺς
984 1377 1387 1448 μακαρισμοὺς,
1438 1375 1648 1447 ἐπάρας

78 1470 178 1533 τοὺς
200 1468 523 1540 ὀφθαλμοὺς
548 1470 721 1524 αὑτοῦ
750 1471 886 1544 πρὸς
915 1472 1041 1535 τοὺς
1079 1468 1348 1542 μαθητὰς,
1375 1469 1523 1539 λέγει
1550 1471 1611 1540 τό
1628 1487 1643 1502 ⁸

83 1561 361 1632 «Μακάριοι
386 1580 404 1611 ι
438 1562 560 1615 οἵδε
593 1563 689 1616 καὶ
706 1557 818 1616 οἶδε
841 1580 855 1592 ·
889 1562 1063 1625 οὐδεὶς
1086 1561 1196 1634 γὰρ
1222 1562 1445 1634 γνήσιος
1472 1562 1646 1633 Ἰησοῦ

80 1653 295 1724 μαθητὴς
316 1654 477 1707 κάτω
503 1654 678 1718 ἐστὶν,
706 1654 782 1717 ὡς
804 1653 926 1706 οὐδὲ
951 1656 980 1708 6
1011 1653 1423 1725 ἀναπαυόμενος
1448 1654 1508 1708 ἐν
1534 1658 1650 1718 τοῖς

78 1746 154 1799 τοῦ
187 1745 439 1817 Ἀϐραὰμ
472 1745 724 1810 κόλποις.
767 1746 824 1798 '0
855 1744 985 1814 γοῦν
1014 1745 1268 1810 πλούσιος
1305 1745 1568 1817 ὑπάρχων
1588 1747 1649 1800 ἐν

80 1836 305 1906 βασάνοις
346 1835 465 1907 (69)
515 1835 737 1907 ἐπάρας
783 1837 910 1900 τοὺς
959 1836 1272 1907 ὀφθαλμοὺς
1324 1835 1510 1907 βλέπει
1555 1836 1645 1890 τὸν

1748 639 2047 711 Scriptum
2081 641 2216 698 locis
2243 642 2479 713 positum
2524 654 2606 698 est
2638 642 2743 699 hoc
2786 644 2992 700 dictum
3021 665 3034 701 :
3076 666 3097 700 ι
3123 648 3324 726 Levate

1744 732 1934 789 oculos
1962 741 2240 798 vestros,r
2268 734 2453 789 divina
2478 750 2582 789 nos
2614 735 2865 807 oratione
2887 738 3213 796 admonente
3247 745 3323 799 uti

1747 825 2060 881 attollamus
2102 825 2486 896 eleveinusque
2541 835 2653 881 tum
2705 842 2919 892 sensus,
2952 838 3062 884 tum
3104 832 3215 887 vim
3245 834 3326 890 vi-

1746 915 1909 971 dendi
1942 915 2153 971 inferne
2188 916 2492 986 jacentem,
2524 925 2579 971 et
2612 932 2863 986 pronam,
2895 933 2998 976 nec
3024 920 3238 992 erigere
3263 939 3324 981 se
3368 968 3372 981 ,

1748 1006 2042 1073 valentem,
2062 1016 2118 1061 ut
2142 1007 2384 1078 perfecte
2399 1009 2651 1065 sublimia
2675 1012 3111 1082 contempletur;
3133 1030 3325 1085 quem-

1746 1099 2042 1155 admodum
2092 1099 2147 1155 in
2194 1098 2375 1155 Isaia:
2411 1119 2432 1154 ι
2458 1100 2660 1157 Levate
2700 1103 2755 1158 in
2797 1103 3073 1161 excelsum
3134 1108 3325 1166 oculos

1748 1201 1986 1256 vestros,
2020 1202 2076 1248 et
2101 1193 2285 1248 videte
2309 1194 2432 1262 quis
2455 1195 2570 1250 haec
2600 1198 2779 1251 omnia
2802 1199 3126 1254 ostendit“.
3152 1219 3171 1253 ι
3202 1202 3328 1256 Ser-

1748 1292 1904 1338 vator
1927 1285 2097 1339 etiam
2135 1285 2218 1339 his
2245 1286 2336 1354 qui
2372 1287 2425 1340 iu
2454 1301 2706 1358 campum
2737 1300 3122 1356 convenerant,
3152 1293 3326 1348 beati-

1751 1376 1968 1431 tudines
1995 1376 2265 1442 dicturus,
2293 1378 2521 1433 elevatis
2552 1379 2728 1433 oculis
2757 1379 2869 1435 suis
2902 1381 2969 1434 ad
3001 1381 3321 1453 discipulos,

1749 1463 1924 1533 inquit
1949 1463 2030 1517 ηε
2062 1482 2083 1517 ι
2111 1464 2263 1520 Beati
2289 1485 2309 1517 ι
2339 1466 2418 1534 hi,
2447 1480 2503 1523 et
2547 1469 2600 1523 lii
2634 1485 2647 1523 :
2691 1470 2871 1525 nullus
2913 1473 3057 1526 enim
3087 1473 3325 1544 discipu-

1750 1554 1834 1611 lus
1880 1569 2175 1626 germauus
2222 1556 2350 1613 Jesu
2393 1556 2538 1626 jacet
2590 1558 2823 1627 inferne,
2866 1564 3335 1631 quemadmodum

1748 1662 1926 1718 neque
1974 1647 2067 1702 ille
2109 1651 2202 1718 qui
2252 1654 2307 1704 in
2360 1649 2593 1705 Abrahae
2649 1649 2858 1708 sinibus
2904 1655 3321 1725 requiemhat:

1748 1754 1814 1794 ex
1841 1754 1949 1811 quo
1977 1741 2156 1806 dives,
2189 1742 2282 1811 qui
2310 1742 2363 1796 in
2393 1743 2685 1798 tormentis
2718 1752 2861 1811 erat,
2899 1759 3022 1798 cum
3058 1745 3327 1803 elevasset

1748 1833 1957 1897 oculos,
2013 1832 2164 1885 videt
2210 1832 2486 1886 Abraham
2529 1843 2586 1888 et
2623 1833 2890 1889 Lazarum
2923 1836 2976 1890 in
3006 1836 3165 1907 hujus
3192 1840 3328 1894 sini-

87 1927 332 1999 ’Δδραάμ,
371 1929 476 1981 καὶ
519 1927 621 1981 τὸν
661 1927 912 1998 Λάζαρον
943 1928 1002 1979 ὲν
1044 1930 1158 1992 τοῖς
1205 1928 1425 1992 κόλποις
1456 1928 1642 1983 αὐτοϋ.

1752 1922 1850 1976 bus
1866 1921 1931 1975 “.
1958 1921 2041 1976 Ad
2066 1921 2184 1977 base
2210 1922 2408 1978 mulier
2437 1923 2528 1978 illa
2568 1935 2877 1994 contracta,
2905 1943 3006 1984 nec
3033 1942 3197 1997 caput
3216 1932 3327 1985 eri-

78 2019 199 2091 Πρὸς
222 2018 438 2083 τούτοις
464 2021 503 2091 ἡ
538 2020 949 2088 συγκύπτουσα,
973 2020 1068 2073 καὶ
1104 2020 1176 2091 μὴ
1210 2021 1483 2092 δυναμένη
1509 2024 1643 2076 ἀνα-

76 2110 221 2180 κύψαι
252 2114 332 2176 εἰς
359 2111 427 2165 τὸ
468 2111 743 2176 παντελὲς
786 2110 963 2182 Ἰησοῦ
1012 2112 1183 2185 αὐτὴν
1215 2112 1644 2186 ἁνορϐὠσαντος,

74 2204 367 2260 ἀποτίθεται
394 2205 467 2259 τὸ
508 2205 849 2274 συγκόπτειν
886 2205 984 2259 καὶ
1016 2205 1078 2258 τὸ
1112 2205 1187 2278 μὴ
1226 2206 1486 2261 δύνασθαι
1513 2209 1646 2262 ἀνα-

77 2296 296 2363 κύπτειν,
327 2298 420 2353 ἵνα
464 2296 658 2371 ἐπάρῃ
696 2297 824 2361 τοὺς
851 2294 1181 2369 ὀφθαλμούς.
1212 2299 1322 2352 Καὶ
1352 2299 1527 2364 οὐδείς
1554 2314 1645 2369 γε,

76 2390 124 2443 ἐν
153 2389 375 2444 πάθεσιν
406 2389 514 2455 ὢν,
550 2391 648 2443 καὶ
685 2391 752 2461 τῇ
800 2390 967 2462 σαρκὶ
1017 2390 1423 2462 προστετηκὼς,
1456 2391 1489 2464 ἢ
1531 2393 1647 2458 τοῖς

76 2480 255 2546 ὗλικοτς
293 2482 756 2555 ὲμπεφυρμένος,
803 2482 1041 2555 ἐτήρησε
1073 2480 1170 2555 τὴν
1200 2481 1463 2552 λέγουσαν
1493 2486 1643 2538 ἐντο-

76 2573 185 2645 λήν·
226 2594 244 2626 ι
282 2575 568 2647 Ἐπάρατε
609 2574 738 2638 τοὺς
780 2575 1092 2646 ὀφθαλμοὺς
1134 2574 1321 2647 ὑμῶν·
1351 2595 1369 2627 ι
1400 2576 1590 2649 διόπερ
1616 2579 1646 2631 6

74 2664 285 2729 τοιοῦτος
324 2663 455 2719 οὐδὲ
513 2663 773 2718 θεάσεται
813 2662 914 2729 τὰς
944 2663 1148 2736 χώρας,
1192 2665 1296 2719 κᾶν
1324 2659 1425 2721 ὦσι
1456 2665 1646 2720 λευκαὶ

75 2755 191 2825 πρὸς
226 2754 494 2828 θερισμὸν
547 2756 677 2827 ήδη.
713 2755 836 2809 Ἔτι
872 2756 930 2810 δὲ
975 2756 1149 2820 οὐδεὶς
1182 2756 1550 2829 ἐργαζόμενος
1576 2757 1644 2812 τά

76 2844 190 2915 ἔργα
217 2846 315 2917 τῆς
362 2846 582 2917 σαρκὸς
628 2843 805 2917 ἐπῆρε
842 2849 970 2911 τοὺς
996 2847 1327 2919 ὀφθαλμούς.
1358 2851 1562 2904 Λευκαὶ
1589 2851 1646 2905 δὲ

76 2935 123 2987 ei
152 2935 314 3007 χῶραι
358 2937 507 3007 πρὸς
550 2934 817 3008 θερισμὸν
858 2932 960 3009 ἠδη
998 2938 1156 3005 εἰσὶν,
1194 2943 1284 2997 ὅτε
1326 2942 1647 3014 πάρεστινό

74 3026 153 3079 τοῦ
184 3022 311 3082 Θεοῦ
343 3029 515 3099 λόγος
555 3027 873 3101 σαφηνιζων
907 3030 1001 3083 καὶ
1045 3026 1295 3100 φωτίζων
1325 3034 1505 3099 πάσας
1545 3034 1647 3100 τὰς

75 3118 230 3191 χώρας
271 3122 375 3192 τῆς
430 3121 670 3193 Γραφῆς
721 3121 1109 3195 πληρουμένης
1154 3124 1213 3177 ὲν
1263 3127 1330 3197 τῇ
1380 3126 1645 3199 ἐπιδημίᾳ

40 3240 47 3247 ~
74 3212 232 3267 αὐτοῦ.
258 3214 419 3286 Τάχα
450 3213 514 3268 δὲ
541 3214 843 3307 καὶπάντα
867 3215 935 3268 τὰ
953 3215 1185 3287 αἰσθητὰ
1210 3216 1372 3289 μέχρι
1390 3235 1451 3288 γε
1478 3219 1646 3274 αὑτοῦ
1670 3247 1716 3307 G

74 3302 149 3356 τοῦ
180 3305 430 3377 οὐρανοῦ,
467 3307 569 3359 καὶ
594 3300 708 3358 τῶν
735 3307 793 3359 ἐν
815 3306 985 3377 αὐτῷ,
1014 3310 1073 3361 αἱ
1103 3307 1294 3362 λευκαί
1315 3312 1422 3363 εισι
1446 3310 1643 3383 χῶραι,

73 3393 250 3466 ἕτοιμοι
288 3396 432 3469 πρὸς
482 3396 755 3469 θερισμὸν
802 3400 914 3462 τοῖς
955 3398 1239 3469 ἐπαίρουσι
1285 3398 1414 3463 τοὺς
1448 3401 1647 3471 ὀφθαλ-

78 3488 208 3556 μοὺς,
239 3487 429 3556 σαφῶς
480 3489 903 3559 παρισταμένου
935 3489 1029 3543 τοῦ
1063 3491 1192 3562 περὶ
1226 3491 1458 3546 ἑκάστου
1487 3493 1645 3563 λόγου

73 3579 167 3641 τοῖς
194 3580 568 3651 ἁνειληφόσιν,
600 3583 673 3633 ὲκ
705 3578 796 3633 τοῦ
826 3580 925 3653 τὴν
953 3581 1125 3654 αὐτὴν
1155 3582 1341 3638 εἰκόνα
1373 3601 1648 3656 μεταμορ-

74 3669 276 3737 φοῦσθαι
295 3674 406 3726 ἀπὸ
428 3672 600 3743 δόξης
622 3674 706 3736 εἰς
733 3671 913 3739 δόξαν,
944 3673 1236 3746 ὀφθαλμῶν
1260 3676 1516 3748 ὁμοίωμα
1532 3677 1646 3748 (70)

73 3760 163 3815 τιῖιν
187 3766 512 3836 ἑωρακότων
551 3764 676 3829 πῶς
712 3764 945 3820 ’ἑκαστον
987 3767 1095 3822 τῶν
1137 3768 1445 3840 γενομένων
1483 3769 1648 3824 καλὸν

72 3844 129 3920 ἦν
144 3868 158 3882 ⁶
186 3853 246 3907 τὸ
268 3856 404 3926 γὰρ,
425 3849 592 3908 Εἷδεν
616 3856 650 3908 6
676 3854 811 3919 Θεὸς
838 3856 1175 3912 καθέκαστον
1197 3858 1307 3912 τῶν
1333 3859 1648 3930 κτισμάτων

74 3944 352 4018 λεγόμενον.
407 3949 498 4001 ὅτι
552 3947 745 4010 καλὸν,
785 3947 1025 4001 τοιοῦτόν
1066 3949 1246 4003 ἐστιν’
1295 3952 1418 4004 ’Ότι
1449 3952 1649 4005 ἐνεῖδεν

73 4040 237 4104 ὀΘεὸς
265 4044 378 4106 τοῖς
408 4041 603 4108 λόγοις
636 4040 751 4111 (71)
793 4036 1044 4105 ἑκάστου,
1079 4042 1172 4096 καὶ
1218 4036 1328 4097 εἶδε
1374 4044 1492 4110 πῶς
1525 4046 1648 4099 καθ’

74 4127 153 4193 οὓς
187 4130 408 4200 γέγονεν
459 4130 706 4183 ἕκαστον
755 4129 864 4182 τῶν
905 4128 1220 4202 κτισμάτων
1274 4133 1484 4203 λόγους,
1532 4134 1651 4189 ἐστὶ

75 4220 234 4275 καλόν.
270 4223 333 4276 Et
357 4222 419 4276 δὲ
455 4221 535 4294 μὴ
578 4220 759 4284 οὕτως
787 4233 872 4284 τις
904 4221 1270 4293 παραδέχεται
1306 4224 1367 4277 τό
1388 4241 1403 4254 θ
1446 4243 1465 4275 ι
1495 4220 1651 4279 Εἶδεν

74 4312 259 4379 όΘεὸς,
307 4318 395 4369 δτι
433 4313 629 4378 καλὸν,
657 4333 684 4366 ιι
722 4312 1071 4386 διηγησάσθω
1110 4315 1226 4379 πῶς
1259 4317 1318 4368 ὲν
1339 4316 1418 4388 τῷ
1441 4334 1462 4367 ι
1497 4318 1653 4385 Ἐξα-

66 4407 266 4475 γσγέτω
291 4406 365 4461 τά
398 4407 577 4461 ὕδατα
607 4407 817 4477 ἑρπετὰ
844 4407 1033 4477 ψυχῶν
1062 4404 1272 4473 ζωσῶν,
1307 4411 1402 4463 καὶ
1432 4412 1653 4466 πετεινὰ

75 4500 328 4570 πετόμενα
354 4500 451 4553 ἐπὶ
481 4499 585 4570 τῆς
617 4492 727 4568 γ’ῆς
766 4498 905 4551 κατὰ
942 4498 1004 4552 τὸ
1046 4499 1335 4571 στερέωμα
1365 4502 1460 4555 τοῦ
1489 4502 1655 4574 οὐρα-

1747 2026 1875 2083 gere
1914 2013 2144 2069 Omnino
2173 2013 2381 2080 valens,
2414 2030 2536 2070 cum
2584 2031 2613 2070 a
2663 2016 2791 2074 Jesu
2824 2029 3006 2076 erecta
3042 2022 3323 2090 fuisset",

1747 2106 2178 2161 contractionem
2208 2115 2377 2176 atque
2406 2106 2774 2166 inﬁrmitatem
2803 2112 3046 2182 erigendi
3072 2129 3192 2171 sese
3223 2116 3320 2172 de-

1747 2196 1916 2269 ponit.
1953 2197 2217 2254 utelevet
2252 2198 2462 2256 oculos.
2494 2200 2606 2257 Nec
2635 2199 2776 2257 ullus
2826 2205 3071 2274 profecto
3098 2215 3180 2262 est
3228 2209 3322 2278 qui

1747 2291 2253 2357 perturbationibus
2280 2293 2571 2360 obnoxius,
2604 2305 2660 2352 et
2701 2298 2850 2351 carni
2904 2298 3205 2368 adhaerens,
3233 2300 3319 2355 vel

1743 2383 1911 2437 rebus
1931 2383 2314 2440 materialibus
2338 2385 2679 2454 commistus,
2714 2391 3027 2444 mandatum
3067 2404 3323 2448 servave-

1752 2474 1821 2528 rit
1853 2474 2039 2531 dicens
2073 2494 2086 2530 :
2129 2494 2149 2528 ι
2184 2476 2389 2534 Levate
2420 2480 2610 2535 oculos
2634 2490 2877 2549 vestros;
2912 2502 2930 2536 ι
2967 2486 3322 2553 quamobrem

1749 2585 1817 2623 ne
1857 2569 1974 2624 loca
2002 2571 2221 2640 quidem
2252 2573 2470 2629 visurus
2497 2584 2582 2629 est
2630 2576 2750 2638 iste,
2791 2577 3007 2633 etiamsi
3053 2577 3163 2646 jam
3203 2580 3322 2635 alba

1746 2661 1857 2716 sint
1881 2663 1947 2717 ad
1973 2663 2135 2735 253
2163 2681 2416 2722 messem.
2453 2666 2721 2724 Praeterea
2747 2671 2923 2726 nullus
2951 2672 3041 2743 qui
3066 2686 3326 2742 operatur

1744 2766 1909 2821 Opera
1956 2755 2157 2819 carnis,
2204 2755 2403 2811 levavit
2450 2757 2660 2812 oculos.
2690 2759 2860 2815 Porro
2908 2762 3029 2815 alba
3078 2774 3208 2819 sunt
3254 2766 3321 2818 ad

1744 2859 1979 2900 messem
2006 2846 2118 2916 jam
2177 2847 2316 2913 loca,
2348 2850 2569 2918 quando
2603 2854 2756 2907 adest
2810 2852 2902 2908 Dei
2938 2853 3134 2910 Sermo
3180 2871 3313 2927 ape-

1746 2936 1897 2993 riens
1917 2947 1973 2992 et
2013 2938 2296 2994 illustra’os
2332 2942 2515 3009 omnia
2555 2941 2855 3014 Scriptum
2887 2946 3026 3013 loca,
3062 2962 3181 3018 quae
3210 2949 3323 3019 ple-

1746 3042 1818 3083 na
1872 3038 2025 3095 sunt,
2056 3029 2385 3087 adveniente
2433 3033 2571 3103 ipso.
2626 3034 2900 3093 Fortassis
2937 3039 3101 3093 etiam
3138 3042 3325 3095 omnia

1747 3134 1869 3190 quae
1888 3134 2052 3176 sensu
2085 3122 2475 3192 percipiuntur,
2501 3123 2583 3178 vel
2608 3126 2676 3179 ad
2714 3127 2888 3195 ipsum
2911 3141 3080 3198 usque
3100 3128 3327 3194 caelum,

1746 3224 1913 3283 atque
1941 3227 2114 3283 usque
2147 3213 2214 3268 ad
2246 3228 2309 3269 ea
2337 3230 2461 3284 quae
2485 3215 2538 3269 in
2566 3216 2681 3286 ipso
2702 3229 2852 3283 sunt,
2878 3219 2998 3275 alba
3037 3230 3161 3275 sunt
3206 3221 3323 3276 loca

1748 3314 1938 3375 parata
1962 3304 2079 3374 jam
2111 3304 2183 3360 ad
2208 3320 2469 3373 messem,
2514 3308 2851 3366 elevantibus
2879 3310 3067 3367 oculos
3099 3330 3113 3367 :
3149 3313 3325 3382 palam

1746 3394 2177 3465 uniuscujusque
2222 3397 2304 3452 rei
2354 3399 2567 3453 ratione
2593 3399 2697 3454 illis
2733 3400 2803 3454 ob
2837 3399 3024 3456 oculos
3056 3401 3328 3470 exhibita,

1746 3488 1840 3558 qui
1874 3497 2216 3557 receperunt,
2236 3502 2302 3543 eo
2323 3492 2467 3558 quod
2503 3489 2965 3546 trausformentur
2987 3493 3052 3546 ad
3079 3493 3327 3548 eamdem

1746 3579 2047 3650 imaginem
2070 3593 2099 3633 a
2125 3579 2295 3649 gloria
2324 3581 2376 3634 in
2405 3580 2637 3650 gloriam
2662 3581 2728 3645 “,
2757 3580 3171 3638 similitudinem
3197 3599 3332 3639 ocu-

1746 3670 1950 3736 lorum,
1977 3670 2068 3740 qui
2124 3671 2386 3726 viderunt
2439 3673 2716 3742 quomodo
2772 3673 2981 3745 singula
3016 3691 3138 3746 qum
3188 3675 3330 3733 facta

1751 3762 1986 3824 fuerant,
2023 3764 2166 3818 bona
2217 3774 2421 3819 essent.
2466 3762 2579 3817 Hoc
2628 3765 2772 3818 enim
2831 3765 3032 3819 dictum
3051 3766 3141 3821 ":
3188 3765 3334 3821 Vidit

1749 3853 1893 3910 Deus
1922 3854 2263 3924 singillatim,
2296 3870 2416 3924 qua:
2448 3864 2633 3908 creata
2666 3864 2813 3921 sunt,
2860 3856 3004 3911 bona
3034 3871 3190 3923 esse,
3224 3859 3332 3913 tale

1749 3958 1832 4004 est
1859 3965 1874 4003 :
1906 3948 2147 4018 Inspexit
2202 3949 2344 4003 Deus
2387 3950 2650 4017 cujusque
2705 3950 2781 4003 rei
2836 3950 3098 4018 rationes,
3126 3966 3331 4021 easque

1751 4038 1887 4095 vidit
1932 4042 2103 4097 bonas
2146 4054 2278 4096 esse
2332 4052 2555 4110 propter
2593 4043 2836 4097 rationes
2887 4043 3085 4112 quibus
3137 4060 3331 4097 unum-

1751 4133 2005 4203 quodque
2029 4144 2279 4189 creatum
2304 4143 2456 4189 erat.
2490 4133 2645 4201 Quod
2679 4135 2725 4189 si
2767 4137 2891 4204 quis
2923 4136 3003 4189 sic
3032 4150 3139 4189 non
3172 4134 3331 4189 intel-

1753 4223 1872 4294 ligit
1906 4225 2011 4279 hoc
2029 4225 2233 4279 dictum
2258 4243 2272 4278 :
2295 4243 2313 4275 ι
2337 4220 2484 4279 Vidit
2502 4226 2643 4279 Deus
2660 4229 2800 4295 quod
2827 4227 3025 4281 bonum
3046 4239 3193 4281 esset
3210 4227 3281 4291 ⁷⁸,
3305 4246 3329 4278 ι

1770 4326 1993 4368 enarret
2040 4315 2201 4370 nobis
2242 4318 2518 4385 quomodo
2544 4314 2600 4369 in
2645 4317 2730 4371 his
2770 4317 2955 4372 verbis
2987 4331 3002 4369 :
3035 4335 3053 4369 ι
3088 4316 3333 4371 Educant

1755 4417 1909 4471 aqua:
1958 4403 2172 4473 reptilia
2227 4405 2566 4472 animarum,
2620 4420 2742 4474 quze
2803 4407 3025 4461 victurae
3081 4406 3210 4471 sint,
3280 4414 3335 4461 et

1756 4496 1996 4551 volatilia
2027 4496 2172 4551 alata
2200 4513 2367 4566 super
2391 4507 2590 4552 terram
2620 4499 2673 4552 iu
2701 4498 3043 4555 ﬁrmamento
3071 4502 3194 4555 calli
3213 4500 3279 4563 τί,
3307 4517 3331 4552 ι

76 4589 173 4655 νοῦ,
194 4609 213 4643 ι
243 4590 484 4656 σώζεται
508 4590 574 4644 τό
593 4607 609 4621 ο
630 4582 816 4664 «Εἶδεν
833 4592 862 4643 6
879 4588 1034 4655 Θεὸς,
1069 4592 1151 4645 ὅτι
1179 4591 1395 4656 animi,»
1419 4593 1512 4646 καὶ
1544 4593 1646 4664 μά-

1754 4599 2010 4644 servetur
2056 4588 2226 4642 Deum
2271 4588 2492 4654 vidisse,
2527 4589 2670 4658 quod
2726 4589 2929 4644 bonum
2974 4599 3143 4655 esset,
3175 4591 3335 4658 idque

74 4678 208 4735 ima
248 4682 382 4735 ἐπεὶ
426 4658 711 4751 ἐποίησεᾶ
731 4680 761 4732 6
793 4680 926 4744 Θεὸς
966 4680 1037 4734 τὰ
1078 4683 1219 4753 κήτη
1253 4681 1321 4736 τὰ
1360 4658 1590 4753 μεγάλα,
1620 4685 1646 4737 6

1756 4681 2125 4751 potissimum,
2150 4681 2294 4749 Quod
2336 4679 2532 4735 fecerit
2565 4681 2709 4737 Deus
2742 4694 2860 4738 cete
2901 4698 3097 4753 magna
3119 4683 3165 4714 "
3194 4699 3207 4736 :
3237 4683 3333 4737 sed

74 4770 209 4841 λόγος
234 4774 357 4845 (72)
387 4775 418 4826 6
446 4774 582 4843 περὶ
606 4772 843 4825 ἑκάστου
872 4772 1077 4827 τούτων
1108 4774 1258 4828 ἐστὶν
1289 4775 1508 4846 ὀραθεὶς
1533 4776 1646 4849 Θεῷ

1759 4770 1901 4824 ratio
1937 4768 2370 4840 uniuscujusque
2406 4770 2597 4824 harum
2633 4786 2814 4826 rerum
2866 4773 2977 4827 Deo
3026 4785 3333 4841 perspecta,

74 4862 125 4916 τὸ
145 4865 327 4919 χιλόν.
367 4865 450 4918 Τὰ
479 4865 526 4919 δ’
562 4863 712 4918 αὐτὰ
752 4863 848 4917 καὶ
888 4863 1016 4935 περ).
1038 4863 1154 4930 τοῦ,
1189 4883 1210 4917 ι
1245 4866 1646 4941 Ὲξαγαγέτωή

1761 4876 1850 4917 res
1879 4860 2020 4915 bona
2038 4870 2146 4916 est.
2169 4861 2314 4916 idem
2340 4865 2672 4919 censendum
2702 4874 2787 4918 est
2811 4872 2867 4917 et
2889 4865 2956 4918 de
2983 4863 3086 4916 illis
3112 4864 3331 4916 verbis:

75 4958 134 5028 τῆ
160 4958 341 5031 ψυχὴν
375 4958 559 5024 ζῶσαν
596 4956 744 5011 κατὰ
784 4958 959 5025 γένος,
997 4958 1324 5030 τετράποδα,
1369 4959 1463 5014 καὶ
1497 4962 1646 5033 ἑρπε-

1763 4971 1783 5005 ι
1816 4952 2027 5008 Educat
2044 4962 2196 5009 terra
2225 4955 2465 5010 animam
2494 4957 2765 5011 viventem
2787 4956 2941 5023 juxta
2977 4967 3167 5023 genus,
3196 4969 3335 5023 qua-

75 5049 149 5114 τὰ,
182 5055 275 5106 καὶ
321 5050 495 5124 θηρία
539 5051 647 5123 τῆς
691 5050 797 5121 γῆς
836 5050 978 5105 κατὰ
1018 5050 1195 5119 γένος,
1217 5066 1241 5103 ι
1292 5050 1535 5112 λεκτέον,
1568 5048 1646 5120 ti;

1759 5045 2005 5114 drupeda
2048 5055 2110 5100 et
2139 5047 2375 5117 reptilin,
2408 5042 2628 5105 etieras
2657 5046 2980 5115 terra-juxta
3011 5059 3179 5115 genus
3196 5046 3275 5109 ";
3308 5065 3331 5099 ι

75 5144 154 5196 καὶ
186 5145 516 5215 ἐπιφέρεται
554 5146 621 5199 τό
642 5161 657 5175 ⁸
696 5162 714 5195 ι
738 5140 890 5198 Εἷδεν
914 5145 942 5197 6
968 5144 1120 5211 Θεὸς,
1159 5145 1241 5199 ὅτι
1274 5144 1456 5198 καλόν.
1478 5162 1498 5195 ι
1527 5144 1646 5208 Πῶς

1756 5140 1956 5209 quibus
1980 5140 2330 5211 subjungitur
2354 5142 2518 5195 etiam
2547 5158 2559 5193 :
2599 5159 2618 5191 ι
2647 5138 2791 5193 Vidit
2824 5140 2991 5205 Deus,
3037 5138 3181 5209 quod
3230 5141 3335 5194 bo-

75 5234 167 5307 γὰρ
180 5235 353 5288 καλὸν
380 5238 450 5291 τά
477 5235 658 5308 θηρία
685 5234 779 5288 καὶ
802 5235 872 5289 τὰ
894 5235 1123 5307 ἑρπετὰ,
1140 5238 1190 5288 εἰ
1217 5236 1292 5307 μὴ
1314 5236 1421 5307 ἄρα
1441 5235 1470 5286 6
1495 5235 1646 5303 λόγος

1758 5231 2160 5288 ιιιιιιιεδθθιτδδ
2181 5232 2465 5299 Quomodo
2487 5231 2632 5285 enim
2668 5231 2794 5285 fera:
2823 5240 2877 5286 el
2898 5230 3105 5301 replilia
3135 5232 3335 5285 bonum

78 5325 231 5398 ἀπερὶ
254 5328 443 5383 αὐτῶν
477 5330 604 5381 ἐστι
644 5325 708 5379 τὸ
736 5326 934 5393 καλόνς
966 5325 1151 5381 Ταῦτα
1187 5327 1232 5380 δ’
1260 5328 1395 5399 ἡμῖν
1431 5327 1646 5395 λέγεται

1755 5338 1904 5392 eunt,
1940 5327 2041 5382 nisi
2092 5328 2231 5381 ratio
2269 5336 2456 5380 earum
2507 5327 2706 5378 bonum
2757 5323 2880 5379 est?
2917 5323 3043 5379 Haec
3088 5333 3268 5378 autem
3302 5338 3335 5377 ιι

137 5416 327 5494 fimi.
343 5436 454 5494 ξιτ.
478 5418 583 5473 26·
648 5416 746 5494 _."
772 5415 961 5494 Mil!!!»
978 5417 1257 5494 γοβέεθαει
1292 5417 1431 5494 Luc:
1451 5433 1527 5494 γι»
1553 5417 1624 5494 9.9

1752 5454 1766 5470 ο
1916 5417 2194 5494 Las-ari.
2213 5415 2314 5494 35-
2454 5413 2590 5494 lavs-
2612 5429 2747 5494 3!".
2778 5414 2836 5494 ll
2864 5430 2994 5494 seu:
3035 5415 3116 5494 ,ξ’
3140 5414 3180 5468 η
3204 5414 3335 5468 ειη·-

80 5499 129 5552 ιι,
150 5486 241 5547 18.
331 5492 543 5546 "Gell.
576 5503 620 5552 ι,
647 5486 739 5541 51.
815 5486 862 5518 ⁷⁸
881 5487 1013 5542 ibid.
1043 5485 1134 5552 10,
1164 5484 1250 5553 {2,
1286 5489 1374 5554 18,
1404 5488 1494 5542 21.
1570 5489 1612 5520 ⁷¹

1752 5496 1780 5541 l.
1808 5486 1900 5543 20.
1973 5488 2018 5518 ⁷³
2053 5487 2185 5541 ibid.
2210 5486 2300 5540 2i.
2376 5484 2423 5515 ⁷³
2453 5487 2583 5537 ibid.
2610 5484 2701 5539 ἓξ.
2780 5486 2829 5517 ⁷⁸
2862 5484 2993 5543 ibid.
3031 5484 3125 5541 25.

136 5583 261 5651 (68‘)
288 5584 422 5651 Τοῖς
450 5585 528 5639 ἐν
554 5581 749 5649 πεδίῳ
779 5578 1152 5650 συναχθεῖσα
1176 5581 1305 5639 Haec
1331 5582 1645 5639 desideran-

84 5658 156 5704 tur
185 5656 234 5708 in
268 5657 463 5710 codice
493 5653 824 5707 Bodleiano.

136 5722 237 5795 (69)
260 5724 442 5780 Codex
495 5724 857 5795 Bodleianus,
892 5721 1201 5795 βασιλείοις,
1234 5725 1329 5779 sed
1358 5722 1642 5795 legendum

84 5791 268 5866 videtur
291 5795 585 5866 βασάνοις,
631 5800 695 5866 ut
727 5792 781 5845 in
812 5791 998 5866 Regio.

139 5865 239 5934 (70)
278 5862 609 5938 Ὁμοίωμα.
646 5862 812 5918 Deest
842 5862 912 5919 in
927 5864 1114 5922 codice
1133 5863 1321 5938 Regio,
1346 5865 1442 5922 sed
1479 5865 1641 5922 resti-

1757 5585 1923 5638 tuitur
1951 5597 1982 5637 e
2010 5581 2289 5637 codicibus
2322 5580 2614 5637 Bodleiano
2641 5592 2697 5639 et
2733 5586 3049 5640 Barberino.

1824 5654 1938 5724 (71)
1972 5652 2141 5725 Codd.
2162 5652 2501 5725 Dodlcianus
2524 5662 2577 5706 et
2606 5656 2953 5722 Barberinus,
2984 5658 3097 5719 τοῖς
3128 5652 3331 5725 λόγοις⁹

1754 5722 1980 5791 Regius,
2007 5722 2131 5784 τοὺς
2162 5722 2374 5790 λόγους.

1823 5789 1880 5869 (7
1893 5794 1948 5862 2)
1987 5794 2048 5869 Ὀ
2079 5789 2403 5869 λόιᾯςφιυιο.
2438 5793 2750 5865 Legendum
2773 5795 3029 5863 fortasse,
3056 5797 3101 5847 εἰ
3128 5791 3205 5865 μὴ
3222 5789 3333 5863 ἄρα

1751 5868 1780 5920 6
1811 5863 1966 5933 λόγος
1991 5865 2018 5917 ὁ
2041 5866 2172 5935 περὶ
2195 5863 2448 5920 ἑκάστου.
