  <div class='ocr_page' id='page_1' title='image "/cluster/home/n/w/nwhite01/storage/ocr_20150623/14/hvd.32044024333478/246.png"; bbox 0 0 3806 6536; ppageno 0'>
   <div class='ocr_carea' id='block_1_1' title="bbox 81 468 175 523">
    <p class='ocr_par' dir='ltr' id='par_1_1' title="bbox 81 468 175 523">
     <span class='ocr_line' id='line_1_1' title="bbox 81 468 175 523; baseline -0.021 0"><span class='ocrx_word' id='word_1_1' title='bbox 81 468 175 523; x_wconf 72' lang='grc' dir='ltr'><strong>ΓΠ</strong></span> 
     </span>
    </p>
   </div>
   <div class='ocr_carea' id='block_1_2' title="bbox 1137 401 2271 512">
    <p class='ocr_par' dir='ltr' id='par_1_2' title="bbox 1137 401 2271 512">
     <span class='ocr_line' id='line_1_2' title="bbox 1137 401 2271 512; baseline -0.014 -2"><span class='ocrx_word' id='word_1_2' title='bbox 1137 450 1488 512; x_wconf 63' lang='lat' dir='ltr'><strong>conexam.</strong></span> <span class='ocrx_word' id='word_1_3' title='bbox 1524 446 1594 504; x_wconf 68' lang='grc' dir='ltr'>ιιι</span> <span class='ocrx_word' id='word_1_4' title='bbox 1626 441 1820 502; x_wconf 86' lang='lat' dir='ltr'><strong>JOAN.</strong></span> <span class='ocrx_word' id='word_1_5' title='bbox 1862 401 2101 498; x_wconf 74' lang='lat' dir='ltr'><strong>Tomos</strong></span> <span class='ocrx_word' id='word_1_6' title='bbox 2132 437 2271 494; x_wconf 81' lang='lat' dir='ltr'><strong>xm.</strong></span> 
     </span>
    </p>
   </div>
   <div class='ocr_carea' id='block_1_3' title="bbox 3218 434 3323 491">
    <p class='ocr_par' dir='ltr' id='par_1_3' title="bbox 3218 434 3323 491">
     <span class='ocr_line' id='line_1_3' title="bbox 3218 434 3323 491; baseline 0.01 -1"><span class='ocrx_word' id='word_1_7' title='bbox 3218 434 3323 491; x_wconf 65' lang='lat'><strong>£78</strong></span> 
     </span>
    </p>
   </div>
   <div class='ocr_carea' id='block_1_4' title="bbox 76 550 1626 653">
    <p class='ocr_par' dir='ltr' id='par_1_4' title="bbox 76 565 1626 653">
     <span class='ocr_line' id='line_1_4' title="bbox 76 565 1626 653; baseline -0.01 -18"><span class='ocrx_word' id='word_1_8' title='bbox 76 585 169 653; x_wconf 74' lang='grc' dir='ltr'>τὴν</span> <span class='ocrx_word' id='word_1_9' title='bbox 199 578 377 651; x_wconf 80' lang='grc' dir='ltr'>σάρκα</span> <span class='ocrx_word' id='word_1_10' title='bbox 404 579 468 632; x_wconf 86' lang='grc' dir='ltr'><strong>ἐκ</strong></span> <span class='ocrx_word' id='word_1_11' title='bbox 492 576 593 648; x_wconf 85' lang='grc' dir='ltr'>τῆς</span> <span class='ocrx_word' id='word_1_12' title='bbox 616 576 819 649; x_wconf 78' lang='grc' dir='ltr'>σαρκὸς</span> <span class='ocrx_word' id='word_1_13' title='bbox 848 574 1051 647; x_wconf 73' lang='grc' dir='ltr'>θερίσει</span> <span class='ocrx_word' id='word_1_14' title='bbox 1078 570 1304 645; x_wconf 84' lang='grc' dir='ltr'>φθορὰν,</span> <span class='ocrx_word' id='word_1_15' title='bbox 1328 571 1419 624; x_wconf 74' lang='grc' dir='ltr'><strong>καὶ</strong></span> <span class='ocrx_word' id='word_1_16' title='bbox 1443 568 1471 621; x_wconf 99' lang='lat'><strong>6</strong></span> <span class='ocrx_word' id='word_1_17' title='bbox 1502 565 1626 621; x_wconf 81' lang='grc' dir='ltr'>σπεί</span> 
     </span>
    </p>
   </div>
   <div class='ocr_carea' id='block_1_5' title="bbox 1742 550 3323 653">
    <p class='ocr_par' dir='ltr' id='par_1_5' title="bbox 1756 550 3323 627">
     <span class='ocr_line' id='line_1_5' title="bbox 1756 550 3323 627; baseline -0.003 -12"><span class='ocrx_word' id='word_1_18' title='bbox 1756 561 1878 618; x_wconf 91' lang='lat' dir='ltr'><strong>loco</strong></span> <span class='ocrx_word' id='word_1_19' title='bbox 1910 556 2212 627; x_wconf 72' lang='lat' dir='ltr'><strong>intelligam</strong></span> <span class='ocrx_word' id='word_1_20' title='bbox 2235 553 2661 611; x_wconf 74' lang='lat' dir='ltr'><strong>admonitionem</strong></span> <span class='ocrx_word' id='word_1_21' title='bbox 2694 552 2763 608; x_wconf 90' lang='lat' dir='ltr'><strong>de</strong></span> <span class='ocrx_word' id='word_1_22' title='bbox 2789 550 3077 609; x_wconf 86' lang='lat' dir='ltr'><strong>metendo.</strong></span> <span class='ocrx_word' id='word_1_23' title='bbox 3113 553 3221 610; x_wconf 89' lang='lat' dir='ltr'><strong>Sed</strong></span> <span class='ocrx_word' id='word_1_24' title='bbox 3252 571 3323 611; x_wconf 87' lang='lat' dir='ltr'><strong>ne</strong></span> 
     </span>
    </p>
   </div>
   <div class='ocr_carea' id='block_1_6' title="bbox 78 659 1645 743">
    <p class='ocr_par' dir='ltr' id='par_1_6' title="bbox 78 659 1645 743">
     <span class='ocr_line' id='line_1_6' title="bbox 78 659 1645 743; baseline -0.008 -19"><span class='ocrx_word' id='word_1_25' title='bbox 78 687 181 743; x_wconf 81' lang='grc' dir='ltr'>ρων</span> <span class='ocrx_word' id='word_1_26' title='bbox 217 671 298 734; x_wconf 85' lang='grc' dir='ltr'><strong>είς</strong></span> <span class='ocrx_word' id='word_1_27' title='bbox 328 668 389 722; x_wconf 86' lang='grc' dir='ltr'>τὺ</span> <span class='ocrx_word' id='word_1_28' title='bbox 431 668 650 739; x_wconf 80' lang='grc' dir='ltr'>πνεῦμα</span> <span class='ocrx_word' id='word_1_29' title='bbox 682 670 746 721; x_wconf 84' lang='grc' dir='ltr'><strong>ἐκ</strong></span> <span class='ocrx_word' id='word_1_30' title='bbox 782 666 878 719; x_wconf 79' lang='grc' dir='ltr'><strong>τοῦ</strong></span> <span class='ocrx_word' id='word_1_31' title='bbox 912 664 1217 735; x_wconf 81' lang='grc' dir='ltr'>πνεύματος</span> <span class='ocrx_word' id='word_1_32' title='bbox 1258 660 1463 735; x_wconf 80' lang='grc' dir='ltr'><strong>θερίσει</strong></span> <span class='ocrx_word' id='word_1_33' title='bbox 1503 659 1645 730; x_wconf 79' lang='grc' dir='ltr'>ζωὴν</span> 
     </span>
    </p>
   </div>
   <div class='ocr_carea' id='block_1_7' title="bbox 77 752 1646 831">
    <p class='ocr_par' dir='ltr' id='par_1_7' title="bbox 77 752 1646 831">
     <span class='ocr_line' id='line_1_7' title="bbox 77 752 1646 831; baseline -0.01 -12"><span class='ocrx_word' id='word_1_34' title='bbox 77 756 471 827; x_wconf 57' lang='grc' dir='ltr'>αωινιονμοῖόν</span> <span class='ocrx_word' id='word_1_35' title='bbox 498 778 558 814; x_wconf 88' lang='grc' dir='ltr'><strong>τε</strong></span> <span class='ocrx_word' id='word_1_36' title='bbox 601 760 787 815; x_wconf 81' lang='grc' dir='ltr'>ἐνθάδε</span> <span class='ocrx_word' id='word_1_37' title='bbox 816 758 1114 831; x_wconf 76' lang='grc' dir='ltr'>λαμϐάνειν</span> <span class='ocrx_word' id='word_1_38' title='bbox 1144 757 1231 810; x_wconf 87' lang='grc' dir='ltr'><strong>τό·</strong></span> <span class='ocrx_word' id='word_1_39' title='bbox 1274 775 1292 806; x_wconf 76' lang='grc' dir='ltr'>ι</span> <span class='ocrx_word' id='word_1_40' title='bbox 1328 756 1386 807; x_wconf 88' lang='lat'><strong>&#39;0</strong></span> <span class='ocrx_word' id='word_1_41' title='bbox 1417 752 1646 825; x_wconf 76' lang='grc' dir='ltr'><strong>θερίζων</strong></span> 
     </span>
    </p>
   </div>
   <div class='ocr_carea' id='block_1_8' title="bbox 77 842 1646 928">
    <p class='ocr_par' dir='ltr' id='par_1_8' title="bbox 77 842 1646 928">
     <span class='ocr_line' id='line_1_8' title="bbox 77 842 1646 928; baseline -0.011 -16"><span class='ocrx_word' id='word_1_42' title='bbox 77 857 263 928; x_wconf 77' lang='grc' dir='ltr'>μισθὸν</span> <span class='ocrx_word' id='word_1_43' title='bbox 291 855 581 927; x_wconf 71' lang='grc' dir='ltr'>λαμϐάνει,</span> <span class='ocrx_word' id='word_1_44' title='bbox 610 853 706 909; x_wconf 54' lang='grc' dir='ltr'><strong>καὶ¹</strong></span> <span class='ocrx_word' id='word_1_45' title='bbox 740 853 958 920; x_wconf 79' lang='grc' dir='ltr'>συνάγει</span> <span class='ocrx_word' id='word_1_46' title='bbox 987 850 1196 922; x_wconf 82' lang='grc' dir='ltr'>καρπὸν</span> <span class='ocrx_word' id='word_1_47' title='bbox 1229 849 1309 912; x_wconf 86' lang='grc' dir='ltr'>εἰς</span> <span class='ocrx_word' id='word_1_48' title='bbox 1341 845 1484 916; x_wconf 77' lang='grc' dir='ltr'><strong>ζωὴν</strong></span> <span class='ocrx_word' id='word_1_49' title='bbox 1516 842 1646 897; x_wconf 79' lang='grc' dir='ltr'><strong>αἰώ-</strong></span> 
     </span>
    </p>
   </div>
   <div class='ocr_carea' id='block_1_9' title="bbox 73 937 1644 1019">
    <p class='ocr_par' dir='ltr' id='par_1_9' title="bbox 73 937 1644 1019">
     <span class='ocr_line' id='line_1_9' title="bbox 73 937 1644 1019; baseline -0.01 -14"><span class='ocrx_word' id='word_1_50' title='bbox 73 969 196 1006; x_wconf 76' lang='grc' dir='ltr'>νιον.</span> <span class='ocrx_word' id='word_1_51' title='bbox 231 970 251 1002; x_wconf 71' lang='grc' dir='ltr'>ι</span> <span class='ocrx_word' id='word_1_52' title='bbox 286 948 448 1003; x_wconf 81' lang='grc' dir='ltr'>Κατὰ</span> <span class='ocrx_word' id='word_1_53' title='bbox 481 949 580 1019; x_wconf 83' lang='grc' dir='ltr'><strong>μὲν</strong></span> <span class='ocrx_word' id='word_1_54' title='bbox 623 946 732 1018; x_wconf 75' lang='grc' dir='ltr'><strong>γάρ</strong></span> <span class='ocrx_word' id='word_1_55' title='bbox 762 945 834 999; x_wconf 84' lang='grc' dir='ltr'><strong>τά</strong></span> <span class='ocrx_word' id='word_1_56' title='bbox 866 941 1197 999; x_wconf 71' lang='grc' dir='ltr'>άποστολικά</span> <span class='ocrx_word' id='word_1_57' title='bbox 1228 940 1364 1012; x_wconf 73' lang='grc' dir='ltr'>ῥητὰ</span> <span class='ocrx_word' id='word_1_58' title='bbox 1412 941 1441 993; x_wconf 88' lang='lat'><strong>6</strong></span> <span class='ocrx_word' id='word_1_59' title='bbox 1483 937 1644 1001; x_wconf 78' lang='grc' dir='ltr'>αὑτός</span> 
     </span>
    </p>
   </div>
   <div class='ocr_carea' id='block_1_10' title="bbox 73 1029 1647 1113">
    <p class='ocr_par' dir='ltr' id='par_1_10' title="bbox 73 1029 1647 1113">
     <span class='ocr_line' id='line_1_10' title="bbox 73 1029 1647 1113; baseline -0.013 -16"><span class='ocrx_word' id='word_1_60' title='bbox 73 1046 212 1097; x_wconf 80' lang='grc' dir='ltr'>ἐστιν</span> <span class='ocrx_word' id='word_1_61' title='bbox 239 1045 271 1097; x_wconf 94' lang='lat'><strong>6</strong></span> <span class='ocrx_word' id='word_1_62' title='bbox 305 1041 546 1113; x_wconf 84' lang='grc' dir='ltr'>σπείρων</span> <span class='ocrx_word' id='word_1_63' title='bbox 589 1039 686 1095; x_wconf 71' lang='grc' dir='ltr'><strong>καὶ</strong></span> <span class='ocrx_word' id='word_1_64' title='bbox 710 1041 739 1092; x_wconf 89' lang='lat'><strong>6</strong></span> <span class='ocrx_word' id='word_1_65' title='bbox 773 1036 1022 1107; x_wconf 76' lang='grc' dir='ltr'>θερίζων,</span> <span class='ocrx_word' id='word_1_66' title='bbox 1047 1034 1156 1088; x_wconf 78' lang='grc' dir='ltr'>εἴτε</span> <span class='ocrx_word' id='word_1_67' title='bbox 1199 1034 1278 1097; x_wconf 85' lang='grc' dir='ltr'><strong>είς</strong></span> <span class='ocrx_word' id='word_1_68' title='bbox 1319 1031 1417 1101; x_wconf 80' lang='grc' dir='ltr'>τὴν</span> <span class='ocrx_word' id='word_1_69' title='bbox 1447 1029 1647 1101; x_wconf 74' lang='grc' dir='ltr'>σάρκα,</span> 
     </span>
    </p>
   </div>
   <div class='ocr_carea' id='block_1_11' title="bbox 72 1118 1645 1204">
    <p class='ocr_par' dir='ltr' id='par_1_11' title="bbox 72 1118 1645 1204">
     <span class='ocr_line' id='line_1_11' title="bbox 72 1118 1645 1204; baseline -0.009 -13"><span class='ocrx_word' id='word_1_70' title='bbox 72 1138 171 1190; x_wconf 70' lang='grc' dir='ltr'>εἴτε</span> <span class='ocrx_word' id='word_1_71' title='bbox 198 1137 282 1200; x_wconf 81' lang='grc' dir='ltr'><strong>είς</strong></span> <span class='ocrx_word' id='word_1_72' title='bbox 309 1133 370 1188; x_wconf 73' lang='grc' dir='ltr'><strong>τὸ</strong></span> <span class='ocrx_word' id='word_1_73' title='bbox 399 1132 637 1204; x_wconf 70' lang='grc' dir='ltr'>πνεῦμα,</span> <span class='ocrx_word' id='word_1_74' title='bbox 666 1132 760 1184; x_wconf 77' lang='grc' dir='ltr'>καὶ</span> <span class='ocrx_word' id='word_1_75' title='bbox 780 1128 869 1183; x_wconf 76' lang='grc' dir='ltr'><strong>διὰ</strong></span> <span class='ocrx_word' id='word_1_76' title='bbox 901 1127 1060 1182; x_wconf 76' lang='grc' dir='ltr'>τοῦτο</span> <span class='ocrx_word' id='word_1_77' title='bbox 1090 1125 1338 1193; x_wconf 83' lang='grc' dir='ltr'>συνάγων</span> <span class='ocrx_word' id='word_1_78' title='bbox 1363 1123 1480 1193; x_wconf 72' lang='grc' dir='ltr'>ἦτοι</span> <span class='ocrx_word' id='word_1_79' title='bbox 1514 1118 1645 1193; x_wconf 75' lang='grc' dir='ltr'>φθο-</span> 
     </span>
    </p>
   </div>
   <div class='ocr_carea' id='block_1_12' title="bbox 74 1212 1640 1299">
    <p class='ocr_par' dir='ltr' id='par_1_12' title="bbox 74 1212 1640 1299">
     <span class='ocr_line' id='line_1_12' title="bbox 74 1212 1640 1299; baseline -0.013 -15"><span class='ocrx_word' id='word_1_80' title='bbox 74 1229 168 1299; x_wconf 72' lang='grc' dir='ltr'><strong>ράν</strong></span> <span class='ocrx_word' id='word_1_81' title='bbox 189 1228 225 1299; x_wconf 77' lang='grc' dir='ltr'>ἦ</span> <span class='ocrx_word' id='word_1_82' title='bbox 267 1225 416 1299; x_wconf 79' lang='grc' dir='ltr'>ζωὴν</span> <span class='ocrx_word' id='word_1_83' title='bbox 462 1224 703 1280; x_wconf 79' lang='grc' dir='ltr'>αἰώνιον·</span> <span class='ocrx_word' id='word_1_84' title='bbox 735 1221 877 1275; x_wconf 78' lang='grc' dir='ltr'>κατὰ</span> <span class='ocrx_word' id='word_1_85' title='bbox 920 1220 976 1273; x_wconf 83' lang='grc' dir='ltr'><strong>δέ</strong></span> <span class='ocrx_word' id='word_1_86' title='bbox 1003 1218 1071 1271; x_wconf 84' lang='grc' dir='ltr'>τὰ</span> <span class='ocrx_word' id='word_1_87' title='bbox 1106 1215 1452 1285; x_wconf 77' lang='grc' dir='ltr'><strong>ἐνεστηκότα,</strong></span> <span class='ocrx_word' id='word_1_88' title='bbox 1484 1212 1640 1275; x_wconf 81' lang='grc' dir='ltr'>ἄλλος</span> 
     </span>
    </p>
   </div>
   <div class='ocr_carea' id='block_1_13' title="bbox 71 1304 1642 1388">
    <p class='ocr_par' dir='ltr' id='par_1_13' title="bbox 71 1304 1642 1388">
     <span class='ocr_line' id='line_1_13' title="bbox 71 1304 1642 1388; baseline -0.012 -14"><span class='ocrx_word' id='word_1_89' title='bbox 71 1320 211 1373; x_wconf 68' lang='grc' dir='ltr'>ἐστὶν</span> <span class='ocrx_word' id='word_1_90' title='bbox 241 1321 273 1374; x_wconf 87' lang='lat'><strong>6</strong></span> <span class='ocrx_word' id='word_1_91' title='bbox 318 1317 559 1388; x_wconf 85' lang='grc' dir='ltr'>σπείρων</span> <span class='ocrx_word' id='word_1_92' title='bbox 600 1317 695 1369; x_wconf 64' lang='grc' dir='ltr'><strong>καὶ¹</strong></span> <span class='ocrx_word' id='word_1_93' title='bbox 729 1313 886 1376; x_wconf 78' lang='grc' dir='ltr'>ἄλλος</span> <span class='ocrx_word' id='word_1_94' title='bbox 911 1313 940 1364; x_wconf 92' lang='lat'><strong>6</strong></span> <span class='ocrx_word' id='word_1_95' title='bbox 971 1310 1221 1383; x_wconf 76' lang='grc' dir='ltr'>θερίζων.</span> <span class='ocrx_word' id='word_1_96' title='bbox 1263 1304 1496 1376; x_wconf 80' lang='grc' dir='ltr'><strong>Ὁμοίως</strong></span> <span class='ocrx_word' id='word_1_97' title='bbox 1522 1304 1574 1356; x_wconf 82' lang='grc' dir='ltr'><strong>δέ</strong></span> <span class='ocrx_word' id='word_1_98' title='bbox 1612 1305 1642 1355; x_wconf 91' lang='lat'><strong>6</strong></span> 
     </span>
    </p>
   </div>
   <div class='ocr_carea' id='block_1_14' title="bbox 69 1394 1639 1482">
    <p class='ocr_par' dir='ltr' id='par_1_14' title="bbox 69 1394 1639 1482">
     <span class='ocr_line' id='line_1_14' title="bbox 69 1394 1639 1482; baseline -0.01 -20"><span class='ocrx_word' id='word_1_99' title='bbox 69 1411 222 1474; x_wconf 78' lang='grc' dir='ltr'>αὐτὸς</span> <span class='ocrx_word' id='word_1_100' title='bbox 256 1411 355 1482; x_wconf 81' lang='grc' dir='ltr'>μὲν</span> <span class='ocrx_word' id='word_1_101' title='bbox 386 1409 603 1480; x_wconf 83' lang='grc' dir='ltr'>σπείρει</span> <span class='ocrx_word' id='word_1_102' title='bbox 634 1407 728 1461; x_wconf 74' lang='grc' dir='ltr'><strong>καὶ</strong></span> <span class='ocrx_word' id='word_1_103' title='bbox 753 1404 975 1476; x_wconf 74' lang='grc' dir='ltr'>θερίζει,</span> <span class='ocrx_word' id='word_1_104' title='bbox 1003 1401 1122 1457; x_wconf 85' lang='grc' dir='ltr'>καθ’</span> <span class='ocrx_word' id='word_1_105' title='bbox 1143 1400 1172 1453; x_wconf 83' lang='grc' dir='ltr'><strong>ὃ</strong></span> <span class='ocrx_word' id='word_1_106' title='bbox 1205 1394 1553 1469; x_wconf 69' lang='grc' dir='ltr'>παρεθέμεθα</span> <span class='ocrx_word' id='word_1_107' title='bbox 1582 1397 1639 1448; x_wconf 85' lang='grc' dir='ltr'>ἐν</span> 
     </span>
    </p>
   </div>
   <div class='ocr_carea' id='block_1_15' title="bbox 64 1487 1642 1576">
    <p class='ocr_par' dir='ltr' id='par_1_15' title="bbox 64 1487 1642 1576">
     <span class='ocr_line' id='line_1_15' title="bbox 64 1487 1642 1576; baseline -0.011 -20"><span class='ocrx_word' id='word_1_108' title='bbox 64 1501 302 1573; x_wconf 66' lang='grc' dir='ltr'>Ψαλμοῖς</span> <span class='ocrx_word' id='word_1_109' title='bbox 365 1504 560 1576; x_wconf 65' lang='grc' dir='ltr'>ῥητὸν,</span> <span class='ocrx_word' id='word_1_110' title='bbox 627 1500 884 1570; x_wconf 77' lang='grc' dir='ltr'><strong>διαφέρον</strong></span> <span class='ocrx_word' id='word_1_111' title='bbox 946 1493 1041 1547; x_wconf 78' lang='grc' dir='ltr'>τοῦ</span> <span class='ocrx_word' id='word_1_112' title='bbox 1064 1488 1419 1547; x_wconf 81' lang='grc' dir='ltr'>άποστολικοῠ</span> <span class='ocrx_word' id='word_1_113' title='bbox 1443 1487 1519 1559; x_wconf 82' lang='grc' dir='ltr'>τῷ</span> <span class='ocrx_word' id='word_1_114' title='bbox 1547 1504 1642 1558; x_wconf 84' lang='grc' dir='ltr'>μυ-</span> 
     </span>
    </p>
   </div>
   <div class='ocr_carea' id='block_1_16' title="bbox 68 1583 1636 1662">
    <p class='ocr_par' dir='ltr' id='par_1_16' title="bbox 68 1583 1636 1662">
     <span class='ocr_line' id='line_1_16' title="bbox 68 1583 1636 1662; baseline -0.008 -17"><span class='ocrx_word' id='word_1_115' title='bbox 68 1591 381 1662; x_wconf 74' lang='grc' dir='ltr'>στικωτέρῳ</span> <span class='ocrx_word' id='word_1_116' title='bbox 425 1589 521 1643; x_wconf 74' lang='grc' dir='ltr'><strong>καὶ</strong></span> <span class='ocrx_word' id='word_1_117' title='bbox 569 1586 1011 1662; x_wconf 79' lang='grc' dir='ltr'>άπορῤητοτέρῳ·</span> <span class='ocrx_word' id='word_1_118' title='bbox 1042 1584 1104 1638; x_wconf 77' lang='grc' dir='ltr'>τὸ</span> <span class='ocrx_word' id='word_1_119' title='bbox 1144 1585 1242 1656; x_wconf 84' lang='grc' dir='ltr'><strong>μὲν</strong></span> <span class='ocrx_word' id='word_1_120' title='bbox 1272 1583 1380 1653; x_wconf 76' lang='grc' dir='ltr'>γὰρ</span> <span class='ocrx_word' id='word_1_121' title='bbox 1405 1583 1636 1635; x_wconf 66' lang='grc' dir='ltr'>ἀποστ-οι</span> 
     </span>
    </p>
   </div>
   <div class='ocr_carea' id='block_1_17' title="bbox 63 1672 1639 1752">
    <p class='ocr_par' dir='ltr' id='par_1_17' title="bbox 63 1672 1639 1752">
     <span class='ocr_line' id='line_1_17' title="bbox 63 1672 1639 1752; baseline -0.006 -18"><span class='ocrx_word' id='word_1_122' title='bbox 63 1683 201 1737; x_wconf 78' lang='grc' dir='ltr'>λικὺν</span> <span class='ocrx_word' id='word_1_123' title='bbox 282 1681 651 1752; x_wconf 79' lang='grc' dir='ltr'><strong>ἁπλούστερον</strong></span> <span class='ocrx_word' id='word_1_124' title='bbox 727 1677 971 1750; x_wconf 74' lang='grc' dir='ltr'>εἴρηται,</span> <span class='ocrx_word' id='word_1_125' title='bbox 1040 1677 1102 1731; x_wconf 81' lang='grc' dir='ltr'>οὐ</span> <span class='ocrx_word' id='word_1_126' title='bbox 1182 1675 1435 1729; x_wconf 80' lang='grc' dir='ltr'><strong>διδάσκον</strong></span> <span class='ocrx_word' id='word_1_127' title='bbox 1510 1672 1639 1743; x_wconf 78' lang='grc' dir='ltr'>περὶ</span> 
     </span>
    </p>
   </div>
   <div class='ocr_carea' id='block_1_18' title="bbox 61 1763 1637 1845">
    <p class='ocr_par' dir='ltr' id='par_1_18' title="bbox 61 1763 1637 1845">
     <span class='ocr_line' id='line_1_18' title="bbox 61 1763 1637 1845; baseline -0.008 -16"><span class='ocrx_word' id='word_1_128' title='bbox 61 1774 151 1844; x_wconf 75' lang='grc' dir='ltr'>τῆς</span> <span class='ocrx_word' id='word_1_129' title='bbox 169 1773 435 1845; x_wconf 72' lang='grc' dir='ltr'>διαφόρου</span> <span class='ocrx_word' id='word_1_130' title='bbox 474 1769 690 1839; x_wconf 76' lang='grc' dir='ltr'>φύσεως</span> <span class='ocrx_word' id='word_1_131' title='bbox 728 1769 837 1824; x_wconf 81' lang='grc' dir='ltr'><strong>τῶν</strong></span> <span class='ocrx_word' id='word_1_132' title='bbox 872 1769 1201 1840; x_wconf 80' lang='grc' dir='ltr'><strong>σπερμάτων</strong></span> <span class='ocrx_word' id='word_1_133' title='bbox 1228 1765 1392 1819; x_wconf 79' lang='grc' dir='ltr'>πόθεν</span> <span class='ocrx_word' id='word_1_134' title='bbox 1421 1763 1637 1835; x_wconf 72' lang='grc' dir='ltr'>λαμϐά-</span> 
     </span>
    </p>
   </div>
   <div class='ocr_carea' id='block_1_19' title="bbox 61 1852 1639 1931">
    <p class='ocr_par' dir='ltr' id='par_1_19' title="bbox 61 1852 1639 1931">
     <span class='ocr_line' id='line_1_19' title="bbox 61 1852 1639 1931; baseline -0.007 -14"><span class='ocrx_word' id='word_1_135' title='bbox 61 1882 219 1919; x_wconf 82' lang='grc' dir='ltr'>νεται.</span> <span class='ocrx_word' id='word_1_136' title='bbox 261 1864 339 1917; x_wconf 83' lang='grc' dir='ltr'><strong>Τδ</strong></span> <span class='ocrx_word' id='word_1_137' title='bbox 369 1863 428 1916; x_wconf 91' lang='grc' dir='ltr'><strong>δέ</strong></span> <span class='ocrx_word' id='word_1_138' title='bbox 456 1861 566 1917; x_wconf 83' lang='grc' dir='ltr'>ἀπὸ</span> <span class='ocrx_word' id='word_1_139' title='bbox 590 1861 702 1914; x_wconf 82' lang='grc' dir='ltr'>τῶν</span> <span class='ocrx_word' id='word_1_140' title='bbox 731 1859 975 1931; x_wconf 83' lang='grc' dir='ltr'><strong>Ψαλμῶν</strong></span> <span class='ocrx_word' id='word_1_141' title='bbox 999 1859 1145 1913; x_wconf 84' lang='grc' dir='ltr'>δοκεῖ</span> <span class='ocrx_word' id='word_1_142' title='bbox 1174 1874 1264 1928; x_wconf 92' lang='grc' dir='ltr'><strong>μοι</strong></span> <span class='ocrx_word' id='word_1_143' title='bbox 1295 1855 1486 1925; x_wconf 79' lang='grc' dir='ltr'>δηλοῦν</span> <span class='ocrx_word' id='word_1_144' title='bbox 1507 1852 1639 1925; x_wconf 71' lang='grc' dir='ltr'>περὶ</span> 
     </span>
    </p>
   </div>
   <div class='ocr_carea' id='block_1_20' title="bbox 1749 644 3322 720">
    <p class='ocr_par' dir='ltr' id='par_1_20' title="bbox 1749 644 3322 720">
     <span class='ocr_line' id='line_1_20' title="bbox 1749 644 3322 720; baseline -0.005 -13"><span class='ocrx_word' id='word_1_145' title='bbox 1749 667 1870 709; x_wconf 88' lang='lat' dir='ltr'><strong>cum</strong></span> <span class='ocrx_word' id='word_1_146' title='bbox 1901 654 2001 707; x_wconf 85' lang='lat' dir='ltr'><strong>hoc</strong></span> <span class='ocrx_word' id='word_1_147' title='bbox 2041 649 2263 720; x_wconf 87' lang='lat' dir='ltr'><strong>quidem</strong></span> <span class='ocrx_word' id='word_1_148' title='bbox 2292 647 2480 704; x_wconf 89' lang='lat' dir='ltr'><strong>dicto:</strong></span> <span class='ocrx_word' id='word_1_149' title='bbox 2518 664 2539 699; x_wconf 75' lang='grc' dir='ltr'>ι</span> <span class='ocrx_word' id='word_1_150' title='bbox 2562 645 2664 712; x_wconf 80' lang='lat' dir='ltr'><strong>Qui</strong></span> <span class='ocrx_word' id='word_1_151' title='bbox 2688 644 2923 700; x_wconf 79' lang='lat' dir='ltr'><strong>seminat</strong></span> <span class='ocrx_word' id='word_1_152' title='bbox 2951 646 3005 700; x_wconf 88' lang='lat' dir='ltr'><strong>in</strong></span> <span class='ocrx_word' id='word_1_153' title='bbox 3036 660 3223 714; x_wconf 85' lang='lat' dir='ltr'><strong>carne,</strong></span> <span class='ocrx_word' id='word_1_154' title='bbox 3254 646 3322 701; x_wconf 91' lang='lat' dir='ltr'><strong>de</strong></span> 
     </span>
    </p>
   </div>
   <div class='ocr_carea' id='block_1_21' title="bbox 1746 735 3322 806">
    <p class='ocr_par' dir='ltr' id='par_1_21' title="bbox 1746 735 3322 806">
     <span class='ocr_line' id='line_1_21' title="bbox 1746 735 3322 806; baseline -0.006 -6"><span class='ocrx_word' id='word_1_155' title='bbox 1746 758 1912 800; x_wconf 85' lang='lat' dir='ltr'><strong>carne</strong></span> <span class='ocrx_word' id='word_1_156' title='bbox 1957 754 2234 798; x_wconf 76' lang='lat' dir='ltr'><strong>messores</strong></span> <span class='ocrx_word' id='word_1_157' title='bbox 2264 748 2351 795; x_wconf 90' lang='lat' dir='ltr'><strong>est</strong></span> <span class='ocrx_word' id='word_1_158' title='bbox 2391 735 2830 806; x_wconf 73' lang='lat' dir='ltr'><strong>corruptionem;</strong></span> <span class='ocrx_word' id='word_1_159' title='bbox 2862 744 2917 790; x_wconf 89' lang='lat' dir='ltr'><strong>et</strong></span> <span class='ocrx_word' id='word_1_160' title='bbox 2950 736 3043 804; x_wconf 85' lang='lat' dir='ltr'><strong>qui</strong></span> <span class='ocrx_word' id='word_1_161' title='bbox 3090 736 3322 792; x_wconf 88' lang='lat' dir='ltr'><strong>seminat</strong></span> 
     </span>
    </p>
   </div>
   <div class='ocr_carea' id='block_1_22' title="bbox 1745 824 3319 904">
    <p class='ocr_par' dir='ltr' id='par_1_22' title="bbox 1745 824 3319 904">
     <span class='ocr_line' id='line_1_22' title="bbox 1745 824 3319 904; baseline -0.006 -13"><span class='ocrx_word' id='word_1_162' title='bbox 1745 836 1800 892; x_wconf 90' lang='lat' dir='ltr'><strong>in</strong></span> <span class='ocrx_word' id='word_1_163' title='bbox 1840 833 2058 904; x_wconf 91' lang='lat' dir='ltr'><strong>spiritu,</strong></span> <span class='ocrx_word' id='word_1_164' title='bbox 2095 832 2162 887; x_wconf 91' lang='lat' dir='ltr'><strong>de</strong></span> <span class='ocrx_word' id='word_1_165' title='bbox 2191 830 2388 901; x_wconf 73' lang='lat' dir='ltr'><strong>Spiritu</strong></span> <span class='ocrx_word' id='word_1_166' title='bbox 2420 836 2590 884; x_wconf 90' lang='lat' dir='ltr'><strong>metet</strong></span> <span class='ocrx_word' id='word_1_167' title='bbox 2613 824 2784 881; x_wconf 81' lang='lat' dir='ltr'><strong>vitam</strong></span> <span class='ocrx_word' id='word_1_168' title='bbox 2827 833 3112 891; x_wconf 69' lang='lat' dir='ltr'><strong>aeternam,</strong></span> <span class='ocrx_word' id='word_1_169' title='bbox 3142 844 3161 878; x_wconf 75' lang='grc' dir='ltr'>ι</span> <span class='ocrx_word' id='word_1_170' title='bbox 3202 827 3319 882; x_wconf 85' lang='lat' dir='ltr'><strong>lleri</strong></span> 
     </span>
    </p>
   </div>
   <div class='ocr_carea' id='block_1_23' title="bbox 1742 918 3315 998">
    <p class='ocr_par' dir='ltr' id='par_1_23' title="bbox 1742 918 3315 998">
     <span class='ocr_line' id='line_1_23' title="bbox 1742 918 3315 998; baseline -0.006 -15"><span class='ocrx_word' id='word_1_171' title='bbox 1742 936 1940 998; x_wconf 87' lang='lat' dir='ltr'><strong>potest,</strong></span> <span class='ocrx_word' id='word_1_172' title='bbox 1974 935 2032 980; x_wconf 90' lang='lat' dir='ltr'><strong>ut</strong></span> <span class='ocrx_word' id='word_1_173' title='bbox 2056 922 2419 993; x_wconf 78' lang='lat' dir='ltr'><strong>intelligamus</strong></span> <span class='ocrx_word' id='word_1_174' title='bbox 2451 922 2565 976; x_wconf 65' lang='lat' dir='ltr'><strong>haec</strong></span> <span class='ocrx_word' id='word_1_175' title='bbox 2593 918 2758 975; x_wconf 87' lang='lat' dir='ltr'><strong>verba</strong></span> <span class='ocrx_word' id='word_1_176' title='bbox 2784 919 3076 974; x_wconf 89' lang='lat' dir='ltr'><strong>convenire</strong></span> <span class='ocrx_word' id='word_1_177' title='bbox 3111 933 3269 988; x_wconf 85' lang='lat' dir='ltr'><strong>posse</strong></span> <span class='ocrx_word' id='word_1_178' title='bbox 3300 934 3315 973; x_wconf 93' lang='lat'><strong>:</strong></span> 
     </span>
    </p>
   </div>
   <div class='ocr_carea' id='block_1_24' title="bbox 1748 1010 3320 1086">
    <p class='ocr_par' dir='ltr' id='par_1_24' title="bbox 1748 1010 3320 1086">
     <span class='ocr_line' id='line_1_24' title="bbox 1748 1010 3320 1086; baseline -0.004 -13"><span class='ocrx_word' id='word_1_179' title='bbox 1748 1038 1767 1072; x_wconf 75' lang='grc' dir='ltr'>ι</span> <span class='ocrx_word' id='word_1_180' title='bbox 1801 1019 1902 1086; x_wconf 86' lang='lat' dir='ltr'><strong>Qui</strong></span> <span class='ocrx_word' id='word_1_181' title='bbox 1925 1018 2101 1082; x_wconf 91' lang='lat' dir='ltr'><strong>metit,</strong></span> <span class='ocrx_word' id='word_1_182' title='bbox 2128 1014 2436 1071; x_wconf 84' lang='lat' dir='ltr'><strong>mercedem</strong></span> <span class='ocrx_word' id='word_1_183' title='bbox 2465 1013 2737 1083; x_wconf 90' lang='lat' dir='ltr'><strong>accipitet</strong></span> <span class='ocrx_word' id='word_1_184' title='bbox 2765 1021 3055 1083; x_wconf 78' lang='lat' dir='ltr'><strong>congregat</strong></span> <span class='ocrx_word' id='word_1_185' title='bbox 3085 1010 3320 1068; x_wconf 89' lang='lat' dir='ltr'><strong>fructum</strong></span> 
     </span>
    </p>
   </div>
   <div class='ocr_carea' id='block_1_25' title="bbox 1740 1103 3321 1175">
    <p class='ocr_par' dir='ltr' id='par_1_25' title="bbox 1740 1103 3321 1175">
     <span class='ocr_line' id='line_1_25' title="bbox 1740 1103 3321 1175; baseline -0.006 -9"><span class='ocrx_word' id='word_1_186' title='bbox 1740 1111 1795 1167; x_wconf 88' lang='lat' dir='ltr'><strong>in</strong></span> <span class='ocrx_word' id='word_1_187' title='bbox 1821 1111 1986 1165; x_wconf 90' lang='lat' dir='ltr'><strong>vitam</strong></span> <span class='ocrx_word' id='word_1_188' title='bbox 2006 1117 2322 1163; x_wconf 66' lang='lat' dir='ltr'><strong>aeternam.»</strong></span> <span class='ocrx_word' id='word_1_189' title='bbox 2344 1106 2507 1161; x_wconf 77' lang='lat' dir='ltr'><strong>Juxta</strong></span> <span class='ocrx_word' id='word_1_190' title='bbox 2524 1107 2668 1160; x_wconf 91' lang='lat' dir='ltr'><strong>enim</strong></span> <span class='ocrx_word' id='word_1_191' title='bbox 2694 1104 2988 1175; x_wconf 83' lang='lat' dir='ltr'><strong>apostolica</strong></span> <span class='ocrx_word' id='word_1_192' title='bbox 3011 1103 3155 1159; x_wconf 89' lang='lat' dir='ltr'><strong>dicta</strong></span> <span class='ocrx_word' id='word_1_193' title='bbox 3180 1103 3321 1158; x_wconf 91' lang='lat' dir='ltr'><strong>idem</strong></span> 
     </span>
    </p>
   </div>
   <div class='ocr_carea' id='block_1_26' title="bbox 1740 1195 3318 1270">
    <p class='ocr_par' dir='ltr' id='par_1_26' title="bbox 1740 1195 3318 1270">
     <span class='ocr_line' id='line_1_26' title="bbox 1740 1195 3318 1270; baseline -0.005 -15"><span class='ocrx_word' id='word_1_194' title='bbox 1740 1209 1845 1266; x_wconf 88' lang='lat' dir='ltr'><strong>est,</strong></span> <span class='ocrx_word' id='word_1_195' title='bbox 1869 1199 1959 1270; x_wconf 88' lang='lat' dir='ltr'><strong>qui</strong></span> <span class='ocrx_word' id='word_1_196' title='bbox 1996 1198 2232 1267; x_wconf 77' lang='lat' dir='ltr'><strong>seminat</strong></span> <span class='ocrx_word' id='word_1_197' title='bbox 2258 1205 2312 1251; x_wconf 88' lang='lat' dir='ltr'><strong>et</strong></span> <span class='ocrx_word' id='word_1_198' title='bbox 2333 1196 2428 1266; x_wconf 89' lang='lat' dir='ltr'><strong>qui</strong></span> <span class='ocrx_word' id='word_1_199' title='bbox 2469 1196 2641 1259; x_wconf 87' lang='lat' dir='ltr'><strong>metit,</strong></span> <span class='ocrx_word' id='word_1_200' title='bbox 2670 1195 2787 1251; x_wconf 83' lang='lat' dir='ltr'><strong>sive</strong></span> <span class='ocrx_word' id='word_1_201' title='bbox 2815 1196 2869 1250; x_wconf 91' lang='lat' dir='ltr'><strong>in</strong></span> <span class='ocrx_word' id='word_1_202' title='bbox 2899 1209 3087 1260; x_wconf 89' lang='lat' dir='ltr'><strong>carne,</strong></span> <span class='ocrx_word' id='word_1_203' title='bbox 3118 1195 3235 1250; x_wconf 90' lang='lat' dir='ltr'><strong>sive</strong></span> <span class='ocrx_word' id='word_1_204' title='bbox 3267 1196 3318 1249; x_wconf 92' lang='lat' dir='ltr'><strong>in</strong></span> 
     </span>
    </p>
   </div>
   <div class='ocr_carea' id='block_1_27' title="bbox 1739 1285 3319 1362">
    <p class='ocr_par' dir='ltr' id='par_1_27' title="bbox 1739 1285 3319 1362">
     <span class='ocr_line' id='line_1_27' title="bbox 1739 1285 3319 1362; baseline -0.005 -15"><span class='ocrx_word' id='word_1_205' title='bbox 1739 1291 1966 1362; x_wconf 76' lang='lat' dir='ltr'><strong>spiritu;</strong></span> <span class='ocrx_word' id='word_1_206' title='bbox 2000 1301 2055 1344; x_wconf 86' lang='lat' dir='ltr'><strong>et</strong></span> <span class='ocrx_word' id='word_1_207' title='bbox 2090 1290 2162 1344; x_wconf 90' lang='lat' dir='ltr'><strong>ob</strong></span> <span class='ocrx_word' id='word_1_208' title='bbox 2194 1289 2297 1344; x_wconf 91' lang='lat' dir='ltr'><strong>hoc</strong></span> <span class='ocrx_word' id='word_1_209' title='bbox 2334 1288 2497 1343; x_wconf 89' lang='lat' dir='ltr'><strong>etiam</strong></span> <span class='ocrx_word' id='word_1_210' title='bbox 2524 1300 2861 1358; x_wconf 74' lang='lat' dir='ltr'><strong>congregans</strong></span> <span class='ocrx_word' id='word_1_211' title='bbox 2886 1285 2970 1342; x_wconf 91' lang='lat' dir='ltr'><strong>vel</strong></span> <span class='ocrx_word' id='word_1_212' title='bbox 3012 1286 3319 1354; x_wconf 87' lang='lat' dir='ltr'><strong>corruptio-</strong></span> 
     </span>
    </p>
   </div>
   <div class='ocr_carea' id='block_1_28' title="bbox 1739 1378 3318 1449">
    <p class='ocr_par' dir='ltr' id='par_1_28' title="bbox 1739 1378 3318 1449">
     <span class='ocr_line' id='line_1_28' title="bbox 1739 1378 3318 1449; baseline -0.006 -9"><span class='ocrx_word' id='word_1_213' title='bbox 1739 1399 1885 1449; x_wconf 87' lang='lat' dir='ltr'><strong>nem,</strong></span> <span class='ocrx_word' id='word_1_214' title='bbox 1928 1382 2014 1437; x_wconf 91' lang='lat' dir='ltr'><strong>vel</strong></span> <span class='ocrx_word' id='word_1_215' title='bbox 2055 1382 2218 1435; x_wconf 86' lang='lat' dir='ltr'><strong>vitam</strong></span> <span class='ocrx_word' id='word_1_216' title='bbox 2280 1389 2598 1435; x_wconf 63' lang='lat' dir='ltr'><strong>aeternam:</strong></span> <span class='ocrx_word' id='word_1_217' title='bbox 2655 1380 2708 1434; x_wconf 90' lang='lat' dir='ltr'><strong>in</strong></span> <span class='ocrx_word' id='word_1_218' title='bbox 2771 1378 3135 1449; x_wconf 64' lang='lat' dir='ltr'><strong>praesentibus</strong></span> <span class='ocrx_word' id='word_1_219' title='bbox 3187 1392 3318 1433; x_wconf 89' lang='lat' dir='ltr'><strong>vero</strong></span> 
     </span>
    </p>
   </div>
   <div class='ocr_carea' id='block_1_29' title="bbox 1738 1468 3316 1551">
    <p class='ocr_par' dir='ltr' id='par_1_29' title="bbox 1738 1468 3316 1551">
     <span class='ocr_line' id='line_1_29' title="bbox 1738 1468 3316 1551; baseline -0.006 -18"><span class='ocrx_word' id='word_1_220' title='bbox 1738 1479 1879 1534; x_wconf 86' lang='lat' dir='ltr'><strong>alius</strong></span> <span class='ocrx_word' id='word_1_221' title='bbox 1911 1485 1996 1534; x_wconf 89' lang='lat' dir='ltr'><strong>est</strong></span> <span class='ocrx_word' id='word_1_222' title='bbox 2025 1476 2116 1546; x_wconf 90' lang='lat' dir='ltr'><strong>qui</strong></span> <span class='ocrx_word' id='word_1_223' title='bbox 2151 1474 2408 1551; x_wconf 79' lang='lat' dir='ltr'><strong>seminat,</strong></span> <span class='ocrx_word' id='word_1_224' title='bbox 2433 1482 2487 1528; x_wconf 92' lang='lat' dir='ltr'><strong>et</strong></span> <span class='ocrx_word' id='word_1_225' title='bbox 2514 1473 2650 1529; x_wconf 91' lang='lat' dir='ltr'><strong>alius</strong></span> <span class='ocrx_word' id='word_1_226' title='bbox 2671 1473 2762 1543; x_wconf 91' lang='lat' dir='ltr'><strong>qui</strong></span> <span class='ocrx_word' id='word_1_227' title='bbox 2794 1470 2969 1527; x_wconf 89' lang='lat' dir='ltr'><strong>metit.</strong></span> <span class='ocrx_word' id='word_1_228' title='bbox 2996 1469 3056 1525; x_wconf 90' lang='lat' dir='ltr'><strong>ln</strong></span> <span class='ocrx_word' id='word_1_229' title='bbox 3081 1468 3316 1524; x_wconf 84' lang='lat' dir='ltr'><strong>Psalmis</strong></span> 
     </span>
    </p>
   </div>
   <div class='ocr_carea' id='block_1_30' title="bbox 1736 1561 3313 1630">
    <p class='ocr_par' dir='ltr' id='par_1_30' title="bbox 1736 1561 3313 1630">
     <span class='ocr_line' id='line_1_30' title="bbox 1736 1561 3313 1630; baseline -0.006 -5"><span class='ocrx_word' id='word_1_230' title='bbox 1736 1571 1899 1626; x_wconf 90' lang='lat' dir='ltr'><strong>etiam</strong></span> <span class='ocrx_word' id='word_1_231' title='bbox 1927 1569 2072 1625; x_wconf 89' lang='lat' dir='ltr'><strong>idem</strong></span> <span class='ocrx_word' id='word_1_232' title='bbox 2103 1566 2357 1623; x_wconf 84' lang='lat' dir='ltr'><strong>similiter</strong></span> <span class='ocrx_word' id='word_1_233' title='bbox 2405 1566 2639 1621; x_wconf 86' lang='lat' dir='ltr'><strong>seminat</strong></span> <span class='ocrx_word' id='word_1_234' title='bbox 2668 1575 2726 1620; x_wconf 91' lang='lat' dir='ltr'><strong>et</strong></span> <span class='ocrx_word' id='word_1_235' title='bbox 2762 1564 2906 1620; x_wconf 91' lang='lat' dir='ltr'><strong>idem</strong></span> <span class='ocrx_word' id='word_1_236' title='bbox 2951 1563 3125 1628; x_wconf 87' lang='lat' dir='ltr'><strong>metit,</strong></span> <span class='ocrx_word' id='word_1_237' title='bbox 3162 1561 3313 1630; x_wconf 79' lang='lat' dir='ltr'><strong>iuxta</strong></span> 
     </span>
    </p>
   </div>
   <div class='ocr_carea' id='block_1_31' title="bbox 1739 1642 3311 1734">
    <p class='ocr_par' dir='ltr' id='par_1_31' title="bbox 1739 1642 3311 1734">
     <span class='ocr_line' id='line_1_31' title="bbox 1739 1642 3311 1734; baseline -0.006 -15"><span class='ocrx_word' id='word_1_238' title='bbox 1739 1664 1945 1720; x_wconf 88' lang='lat' dir='ltr'><strong>dictum</strong></span> <span class='ocrx_word' id='word_1_239' title='bbox 1976 1663 2122 1734; x_wconf 91' lang='lat' dir='ltr'><strong>quod</strong></span> <span class='ocrx_word' id='word_1_240' title='bbox 2166 1661 2554 1733; x_wconf 83' lang='lat' dir='ltr'><strong>proposuimus</strong></span> <span class='ocrx_word' id='word_1_241' title='bbox 2599 1659 2669 1715; x_wconf 87' lang='lat' dir='ltr'><strong>ab</strong></span> <span class='ocrx_word' id='word_1_242' title='bbox 2700 1642 3005 1729; x_wconf 83' lang='lat' dir='ltr'><strong>apostolico</strong></span> <span class='ocrx_word' id='word_1_243' title='bbox 3034 1654 3311 1718; x_wconf 78' lang='lat' dir='ltr'><strong>differens,</strong></span> 
     </span>
    </p>
   </div>
   <div class='ocr_carea' id='block_1_32' title="bbox 1736 1744 3313 1809">
    <p class='ocr_par' dir='ltr' id='par_1_32' title="bbox 1736 1744 3313 1809">
     <span class='ocr_line' id='line_1_32' title="bbox 1736 1744 3313 1809; baseline -0.008 0"><span class='ocrx_word' id='word_1_244' title='bbox 1736 1753 1946 1809; x_wconf 89' lang='lat' dir='ltr'><strong>ratione</strong></span> <span class='ocrx_word' id='word_1_245' title='bbox 2011 1752 2317 1807; x_wconf 88' lang='lat' dir='ltr'><strong>sacratiore</strong></span> <span class='ocrx_word' id='word_1_246' title='bbox 2378 1759 2435 1805; x_wconf 89' lang='lat' dir='ltr'><strong>et</strong></span> <span class='ocrx_word' id='word_1_247' title='bbox 2482 1747 2789 1805; x_wconf 89' lang='lat' dir='ltr'><strong>occultiore</strong></span> <span class='ocrx_word' id='word_1_248' title='bbox 2838 1765 2855 1802; x_wconf 86' lang='lat'><strong>:</strong></span> <span class='ocrx_word' id='word_1_249' title='bbox 2910 1761 3038 1801; x_wconf 87' lang='lat' dir='ltr'><strong>nam</strong></span> <span class='ocrx_word' id='word_1_250' title='bbox 3110 1744 3313 1801; x_wconf 89' lang='lat' dir='ltr'><strong>dictum</strong></span> 
     </span>
    </p>
   </div>
   <div class='ocr_carea' id='block_1_33' title="bbox 1737 1836 3316 1915">
    <p class='ocr_par' dir='ltr' id='par_1_33' title="bbox 1737 1836 3316 1915">
     <span class='ocr_line' id='line_1_33' title="bbox 1737 1836 3316 1915; baseline -0.006 -14"><span class='ocrx_word' id='word_1_251' title='bbox 1737 1844 2090 1915; x_wconf 87' lang='lat' dir='ltr'><strong>apostolicum</strong></span> <span class='ocrx_word' id='word_1_252' title='bbox 2123 1843 2429 1914; x_wconf 89' lang='lat' dir='ltr'><strong>simplicius</strong></span> <span class='ocrx_word' id='word_1_253' title='bbox 2450 1841 2721 1911; x_wconf 90' lang='lat' dir='ltr'><strong>prolatum</strong></span> <span class='ocrx_word' id='word_1_254' title='bbox 2746 1847 2852 1907; x_wconf 87' lang='lat' dir='ltr'><strong>est,</strong></span> <span class='ocrx_word' id='word_1_255' title='bbox 2883 1853 2991 1893; x_wconf 89' lang='lat' dir='ltr'><strong>non</strong></span> <span class='ocrx_word' id='word_1_256' title='bbox 3022 1838 3222 1893; x_wconf 88' lang='lat' dir='ltr'><strong>docens</strong></span> <span class='ocrx_word' id='word_1_257' title='bbox 3247 1836 3316 1892; x_wconf 90' lang='lat' dir='ltr'><strong>de</strong></span> 
     </span>
    </p>
   </div>
   <div class='ocr_carea' id='block_1_34' title="bbox 57 1916 1626 2026">
    <p class='ocr_par' dir='ltr' id='par_1_34' title="bbox 57 1916 1626 2026">
     <span class='ocr_line' id='line_1_34' title="bbox 57 1916 1626 2026; baseline -0.006 -16"><span class='ocrx_word' id='word_1_258' title='bbox 57 1916 404 2026; x_wconf 15' lang='grc' dir='ltr'>τῆςὴκαθόδου</span> <span class='ocrx_word' id='word_1_259' title='bbox 437 1954 549 2025; x_wconf 67' lang='lat'><strong>(77)</strong></span> <span class='ocrx_word' id='word_1_260' title='bbox 576 1952 686 2007; x_wconf 82' lang='grc' dir='ltr'><strong>τῶν</strong></span> <span class='ocrx_word' id='word_1_261' title='bbox 717 1916 1115 2022; x_wconf 72' lang='grc' dir='ltr'>εὐγενεστέρων</span> <span class='ocrx_word' id='word_1_262' title='bbox 1149 1916 1359 2018; x_wconf 47' lang='grc' dir='ltr'>ᾧυχῶν’</span> <span class='ocrx_word' id='word_1_263' title='bbox 1385 1916 1626 2018; x_wconf 74' lang='grc' dir='ltr'>παραγε-</span> 
     </span>
    </p>
   </div>
   <div class='ocr_carea' id='block_1_35' title="bbox 1742 1916 3315 2026">
    <p class='ocr_par' dir='ltr' id='par_1_35' title="bbox 1742 1926 3315 2008">
     <span class='ocr_line' id='line_1_35' title="bbox 1742 1926 3315 2008; baseline -0.008 -14"><span class='ocrx_word' id='word_1_264' title='bbox 1742 1937 1899 2008; x_wconf 73' lang='lat'><strong>255</strong></span> <span class='ocrx_word' id='word_1_265' title='bbox 1925 1937 2139 1993; x_wconf 85' lang='lat' dir='ltr'><strong>diversa</strong></span> <span class='ocrx_word' id='word_1_266' title='bbox 2166 1945 2359 1990; x_wconf 87' lang='lat' dir='ltr'><strong>natura</strong></span> <span class='ocrx_word' id='word_1_267' title='bbox 2404 1933 2697 1999; x_wconf 85' lang='lat' dir='ltr'><strong>seminum,</strong></span> <span class='ocrx_word' id='word_1_268' title='bbox 2724 1934 2871 1987; x_wconf 90' lang='lat' dir='ltr'><strong>unde</strong></span> <span class='ocrx_word' id='word_1_269' title='bbox 2899 1937 3206 1986; x_wconf 81' lang='lat' dir='ltr'><strong>sumantur.</strong></span> <span class='ocrx_word' id='word_1_270' title='bbox 3241 1926 3315 1981; x_wconf 84' lang='lat' dir='ltr'><strong>At</strong></span> 
     </span>
    </p>
   </div>
   <div class='ocr_carea' id='block_1_36' title="bbox 57 2038 1628 2118">
    <p class='ocr_par' dir='ltr' id='par_1_36' title="bbox 57 2038 1628 2118">
     <span class='ocr_line' id='line_1_36' title="bbox 57 2038 1628 2118; baseline -0.007 -16"><span class='ocrx_word' id='word_1_271' title='bbox 57 2049 293 2118; x_wconf 75' lang='grc' dir='ltr'>νομένων</span> <span class='ocrx_word' id='word_1_272' title='bbox 339 2048 418 2111; x_wconf 86' lang='grc' dir='ltr'><strong>είς</strong></span> <span class='ocrx_word' id='word_1_273' title='bbox 466 2046 560 2099; x_wconf 80' lang='grc' dir='ltr'>τὸν</span> <span class='ocrx_word' id='word_1_274' title='bbox 610 2045 723 2117; x_wconf 85' lang='grc' dir='ltr'>βίον</span> <span class='ocrx_word' id='word_1_275' title='bbox 773 2043 960 2097; x_wconf 80' lang='grc' dir='ltr'>τοῦτον</span> <span class='ocrx_word' id='word_1_276' title='bbox 1009 2040 1146 2112; x_wconf 86' lang='grc' dir='ltr'>μετὰ</span> <span class='ocrx_word' id='word_1_277' title='bbox 1189 2039 1298 2094; x_wconf 80' lang='grc' dir='ltr'><strong>τῶν</strong></span> <span class='ocrx_word' id='word_1_278' title='bbox 1346 2038 1628 2111; x_wconf 87' lang='grc' dir='ltr'>σωτηρίων</span> 
     </span>
    </p>
   </div>
   <div class='ocr_carea' id='block_1_37' title="bbox 59 2128 1627 2211">
    <p class='ocr_par' dir='ltr' id='par_1_37' title="bbox 59 2128 1627 2211">
     <span class='ocr_line' id='line_1_37' title="bbox 59 2128 1627 2211; baseline -0.008 -19"><span class='ocrx_word' id='word_1_279' title='bbox 59 2140 383 2211; x_wconf 80' lang='grc' dir='ltr'>σπερμάτων</span> <span class='ocrx_word' id='word_1_280' title='bbox 410 2178 424 2202; x_wconf 94' lang='grc'><strong>,</strong></span> <span class='ocrx_word' id='word_1_281' title='bbox 455 2138 547 2191; x_wconf 75' lang='grc' dir='ltr'><strong>καὶ</strong></span> <span class='ocrx_word' id='word_1_282' title='bbox 579 2135 1038 2208; x_wconf 85' lang='grc' dir='ltr'>παραγενομένων</span> <span class='ocrx_word' id='word_1_283' title='bbox 1069 2150 1133 2202; x_wconf 89' lang='grc' dir='ltr'><strong>γε</strong></span> <span class='ocrx_word' id='word_1_284' title='bbox 1165 2132 1326 2185; x_wconf 77' lang='grc' dir='ltr'>οἱονεὶ</span> <span class='ocrx_word' id='word_1_285' title='bbox 1358 2128 1627 2192; x_wconf 80' lang='grc' dir='ltr'>ἀκουσίως</span> 
     </span>
    </p>
   </div>
   <div class='ocr_carea' id='block_1_38' title="bbox 59 2222 1624 2303">
    <p class='ocr_par' dir='ltr' id='par_1_38' title="bbox 59 2222 1624 2303">
     <span class='ocr_line' id='line_1_38' title="bbox 59 2222 1624 2303; baseline -0.006 -18"><span class='ocrx_word' id='word_1_286' title='bbox 59 2230 184 2303; x_wconf 75' lang='grc' dir='ltr'>μετὰ</span> <span class='ocrx_word' id='word_1_287' title='bbox 206 2228 520 2301; x_wconf 77' lang='grc' dir='ltr'>στεναγμοῦ</span> <span class='ocrx_word' id='word_1_288' title='bbox 540 2270 555 2295; x_wconf 82' lang='grc'><strong>,</strong></span> <span class='ocrx_word' id='word_1_289' title='bbox 586 2226 1034 2299; x_wconf 85' lang='grc' dir='ltr'>ἐπανερχομένων</span> <span class='ocrx_word' id='word_1_290' title='bbox 1081 2226 1139 2279; x_wconf 85' lang='grc' dir='ltr'>δὲ</span> <span class='ocrx_word' id='word_1_291' title='bbox 1183 2227 1242 2278; x_wconf 89' lang='grc' dir='ltr'><strong>ἐν</strong></span> <span class='ocrx_word' id='word_1_292' title='bbox 1286 2222 1624 2293; x_wconf 81' lang='grc' dir='ltr'>ἀγαλλιάσει,</span> 
     </span>
    </p>
   </div>
   <div class='ocr_carea' id='block_1_39' title="bbox 55 2316 1624 2393">
    <p class='ocr_par' dir='ltr' id='par_1_39' title="bbox 55 2316 1624 2393">
     <span class='ocr_line' id='line_1_39' title="bbox 55 2316 1624 2393; baseline -0.004 -20"><span class='ocrx_word' id='word_1_293' title='bbox 55 2322 132 2375; x_wconf 59' lang='lat' dir='ltr'><strong>ut</strong></span> <span class='ocrx_word' id='word_1_294' title='bbox 151 2322 212 2377; x_wconf 81' lang='lat'><strong>1:6</strong></span> <span class='ocrx_word' id='word_1_295' title='bbox 248 2321 431 2387; x_wconf 76' lang='grc' dir='ltr'>καλῶς</span> <span class='ocrx_word' id='word_1_296' title='bbox 454 2321 833 2393; x_wconf 86' lang='grc' dir='ltr'>γεωργηκέναι</span> <span class='ocrx_word' id='word_1_297' title='bbox 851 2360 866 2383; x_wconf 88' lang='grc'><strong>,</strong></span> <span class='ocrx_word' id='word_1_298' title='bbox 908 2319 1003 2372; x_wconf 78' lang='grc' dir='ltr'><strong>καὶ</strong></span> <span class='ocrx_word' id='word_1_299' title='bbox 1040 2316 1335 2389; x_wconf 77' lang='grc' dir='ltr'>ηὐξηκέναι</span> <span class='ocrx_word' id='word_1_300' title='bbox 1356 2354 1372 2379; x_wconf 94' lang='grc'><strong>,</strong></span> <span class='ocrx_word' id='word_1_301' title='bbox 1401 2316 1497 2369; x_wconf 77' lang='grc' dir='ltr'><strong>καὶ</strong></span> <span class='ocrx_word' id='word_1_302' title='bbox 1525 2330 1624 2379; x_wconf 78' lang='grc' dir='ltr'>πε-</span> 
     </span>
    </p>
   </div>
   <div class='ocr_carea' id='block_1_40' title="bbox 55 2402 1627 2484">
    <p class='ocr_par' dir='ltr' id='par_1_40' title="bbox 55 2402 1627 2484">
     <span class='ocr_line' id='line_1_40' title="bbox 55 2402 1627 2484; baseline -0.004 -19"><span class='ocrx_word' id='word_1_303' title='bbox 55 2413 417 2484; x_wconf 79' lang='grc' dir='ltr'>πληθυγκέναι</span> <span class='ocrx_word' id='word_1_304' title='bbox 437 2412 506 2466; x_wconf 82' lang='grc' dir='ltr'><strong>τά</strong></span> <span class='ocrx_word' id='word_1_305' title='bbox 534 2412 845 2484; x_wconf 84' lang='grc' dir='ltr'>σπέρματα,</span> <span class='ocrx_word' id='word_1_306' title='bbox 874 2408 993 2481; x_wconf 88' lang='grc' dir='ltr'>μεθ’</span> <span class='ocrx_word' id='word_1_307' title='bbox 1023 2402 1098 2462; x_wconf 80' lang='grc' dir='ltr'><strong>ὧν</strong></span> <span class='ocrx_word' id='word_1_308' title='bbox 1122 2405 1461 2478; x_wconf 82' lang='grc' dir='ltr'>ἐληλύθασιν.</span> <span class='ocrx_word' id='word_1_309' title='bbox 1498 2404 1627 2458; x_wconf 78' lang='grc' dir='ltr'><strong>Ἀλ-</strong></span> 
     </span>
    </p>
   </div>
   <div class='ocr_carea' id='block_1_41' title="bbox 52 2500 1621 2576">
    <p class='ocr_par' dir='ltr' id='par_1_41' title="bbox 52 2500 1621 2576">
     <span class='ocr_line' id='line_1_41' title="bbox 52 2500 1621 2576; baseline -0.003 -19"><span class='ocrx_word' id='word_1_310' title='bbox 52 2504 133 2570; x_wconf 82' lang='grc' dir='ltr'><strong>λος</strong></span> <span class='ocrx_word' id='word_1_311' title='bbox 168 2505 227 2560; x_wconf 78' lang='grc' dir='ltr'><strong>δέ</strong></span> <span class='ocrx_word' id='word_1_312' title='bbox 272 2507 425 2559; x_wconf 82' lang='grc' dir='ltr'>ἐστιν</span> <span class='ocrx_word' id='word_1_313' title='bbox 448 2506 477 2558; x_wconf 92' lang='lat'><strong>6</strong></span> <span class='ocrx_word' id='word_1_314' title='bbox 507 2504 748 2576; x_wconf 85' lang='grc' dir='ltr'>σπείρων</span> <span class='ocrx_word' id='word_1_315' title='bbox 792 2504 888 2558; x_wconf 75' lang='grc' dir='ltr'><strong>καὶ</strong></span> <span class='ocrx_word' id='word_1_316' title='bbox 919 2502 1079 2567; x_wconf 73' lang='grc' dir='ltr'>ἄλλος</span> <span class='ocrx_word' id='word_1_317' title='bbox 1123 2502 1153 2555; x_wconf 92' lang='lat'><strong>6</strong></span> <span class='ocrx_word' id='word_1_318' title='bbox 1201 2500 1432 2573; x_wconf 76' lang='grc' dir='ltr'>θερίζων</span> <span class='ocrx_word' id='word_1_319' title='bbox 1471 2502 1529 2553; x_wconf 86' lang='grc' dir='ltr'><strong>ἐν</strong></span> <span class='ocrx_word' id='word_1_320' title='bbox 1553 2501 1621 2571; x_wconf 76' lang='grc' dir='ltr'>τῇ</span> 
     </span>
    </p>
   </div>
   <div class='ocr_carea' id='block_1_42' title="bbox 53 2595 573 2669">
    <p class='ocr_par' dir='ltr' id='par_1_42' title="bbox 53 2595 573 2669">
     <span class='ocr_line' id='line_1_42' title="bbox 53 2595 573 2669; baseline 0.004 -22"><span class='ocrx_word' id='word_1_321' title='bbox 53 2595 385 2669; x_wconf 75' lang='grc' dir='ltr'>προκειμένῃ</span> <span class='ocrx_word' id='word_1_322' title='bbox 411 2595 573 2663; x_wconf 81' lang='grc' dir='ltr'>λέξει.</span> 
     </span>
    </p>
   </div>
   <div class='ocr_carea' id='block_1_43' title="bbox 120 2769 1623 2848">
    <p class='ocr_par' dir='ltr' id='par_1_43' title="bbox 120 2769 1623 2848">
     <span class='ocr_line' id='line_1_43' title="bbox 120 2769 1623 2848; baseline -0.003 -17"><span class='ocrx_word' id='word_1_323' title='bbox 120 2777 207 2831; x_wconf 74' lang='grc' dir='ltr'><strong>ιι.</strong></span> <span class='ocrx_word' id='word_1_324' title='bbox 238 2778 354 2830; x_wconf 74' lang='grc' dir='ltr'><strong>Καὶ</strong></span> <span class='ocrx_word' id='word_1_325' title='bbox 376 2778 492 2847; x_wconf 84' lang='grc' dir='ltr'>ἐρεῖ</span> <span class='ocrx_word' id='word_1_326' title='bbox 519 2792 588 2844; x_wconf 87' lang='grc' dir='ltr'><strong>γε</strong></span> <span class='ocrx_word' id='word_1_327' title='bbox 619 2775 649 2828; x_wconf 93' lang='lat'><strong>6</strong></span> <span class='ocrx_word' id='word_1_328' title='bbox 678 2774 1013 2848; x_wconf 81' lang='grc' dir='ltr'>Ἡρακλέων,</span> <span class='ocrx_word' id='word_1_329' title='bbox 1043 2774 1183 2845; x_wconf 86' lang='grc' dir='ltr'>τάχα</span> <span class='ocrx_word' id='word_1_330' title='bbox 1213 2772 1271 2827; x_wconf 82' lang='grc' dir='ltr'><strong>δέ</strong></span> <span class='ocrx_word' id='word_1_331' title='bbox 1302 2772 1477 2842; x_wconf 81' lang='grc' dir='ltr'>τούτῳ</span> <span class='ocrx_word' id='word_1_332' title='bbox 1507 2769 1623 2846; x_wconf 87' lang='lat'><strong>(78)</strong></span> 
     </span>
    </p>
   </div>
   <div class='ocr_carea' id='block_1_44' title="bbox 54 2865 1622 2941">
    <p class='ocr_par' dir='ltr' id='par_1_44' title="bbox 54 2865 1622 2941">
     <span class='ocr_line' id='line_1_44' title="bbox 54 2865 1622 2941; baseline -0.001 -20"><span class='ocrx_word' id='word_1_333' title='bbox 54 2871 180 2923; x_wconf 74' lang='grc' dir='ltr'>κατὰ</span> <span class='ocrx_word' id='word_1_334' title='bbox 201 2870 310 2941; x_wconf 73' lang='grc' dir='ltr'>τὴν</span> <span class='ocrx_word' id='word_1_335' title='bbox 340 2868 567 2940; x_wconf 76' lang='grc' dir='ltr'><strong>ἐκδοχὴν</strong></span> <span class='ocrx_word' id='word_1_336' title='bbox 595 2867 798 2938; x_wconf 82' lang='grc' dir='ltr'>ταύτην</span> <span class='ocrx_word' id='word_1_337' title='bbox 842 2866 1386 2939; x_wconf 75' lang='grc' dir='ltr'>συμπεριφερόμενος</span> <span class='ocrx_word' id='word_1_338' title='bbox 1411 2882 1494 2929; x_wconf 86' lang='grc' dir='ltr'><strong>τις</strong></span> <span class='ocrx_word' id='word_1_339' title='bbox 1527 2865 1622 2920; x_wconf 77' lang='grc' dir='ltr'>καὶ</span> 
     </span>
    </p>
   </div>
   <div class='ocr_carea' id='block_1_45' title="bbox 58 2957 1619 3035">
    <p class='ocr_par' dir='ltr' id='par_1_45' title="bbox 58 2957 1619 3035">
     <span class='ocr_line' id='line_1_45' title="bbox 58 2957 1619 3035; baseline -0.004 -20"><span class='ocrx_word' id='word_1_340' title='bbox 58 2961 543 3034; x_wconf 65' lang='grc' dir='ltr'>ὲκκλησιαστικὸςρ</span> <span class='ocrx_word' id='word_1_341' title='bbox 598 2966 682 3020; x_wconf 83' lang='grc' dir='ltr'><strong>ὅτι</strong></span> <span class='ocrx_word' id='word_1_342' title='bbox 732 2963 811 3035; x_wconf 82' lang='grc' dir='ltr'>τῷ</span> <span class='ocrx_word' id='word_1_343' title='bbox 892 2958 1033 3012; x_wconf 85' lang='grc' dir='ltr'>κατά</span> <span class='ocrx_word' id='word_1_344' title='bbox 1073 2957 1167 3011; x_wconf 83' lang='grc' dir='ltr'><strong>τό·</strong></span> <span class='ocrx_word' id='word_1_345' title='bbox 1208 2958 1308 3010; x_wconf 80' lang='grc' dir='ltr'><strong>«Ὀ</strong></span> <span class='ocrx_word' id='word_1_346' title='bbox 1338 2958 1436 3028; x_wconf 87' lang='grc' dir='ltr'>μὲν</span> <span class='ocrx_word' id='word_1_347' title='bbox 1468 2958 1619 3029; x_wconf 85' lang='grc' dir='ltr'>θερι-</span> 
     </span>
    </p>
   </div>
   <div class='ocr_carea' id='block_1_46' title="bbox 56 3048 1620 3121">
    <p class='ocr_par' dir='ltr' id='par_1_46' title="bbox 56 3048 1620 3121">
     <span class='ocr_line' id='line_1_46' title="bbox 56 3048 1620 3121; baseline 0 -20"><span class='ocrx_word' id='word_1_348' title='bbox 56 3048 175 3118; x_wconf 71' lang='grc' dir='ltr'>σμὸς</span> <span class='ocrx_word' id='word_1_349' title='bbox 210 3048 422 3112; x_wconf 73' lang='grc' dir='ltr'>πολὺς,</span> <span class='ocrx_word' id='word_1_350' title='bbox 449 3050 499 3102; x_wconf 86' lang='grc' dir='ltr'>οἱ</span> <span class='ocrx_word' id='word_1_351' title='bbox 543 3048 600 3101; x_wconf 87' lang='grc' dir='ltr'><strong>δέ</strong></span> <span class='ocrx_word' id='word_1_352' title='bbox 647 3049 874 3121; x_wconf 81' lang='grc' dir='ltr'>ἐργάται</span> <span class='ocrx_word' id='word_1_353' title='bbox 914 3049 1083 3118; x_wconf 80' lang='grc' dir='ltr'>ὀλίγοι</span> <span class='ocrx_word' id='word_1_354' title='bbox 1108 3091 1123 3115; x_wconf 89' lang='grc'><strong>,</strong></span> <span class='ocrx_word' id='word_1_355' title='bbox 1166 3069 1183 3101; x_wconf 72' lang='grc' dir='ltr'>ι</span> <span class='ocrx_word' id='word_1_356' title='bbox 1238 3048 1620 3121; x_wconf 80' lang='grc' dir='ltr'>σημαινομένῳ</span> 
     </span>
    </p>
   </div>
   <div class='ocr_carea' id='block_1_47' title="bbox 52 3138 1615 3213">
    <p class='ocr_par' dir='ltr' id='par_1_47' title="bbox 52 3138 1615 3213">
     <span class='ocr_line' id='line_1_47' title="bbox 52 3138 1615 3213; baseline 0.003 -23"><span class='ocrx_word' id='word_1_357' title='bbox 52 3139 233 3208; x_wconf 73' lang='grc' dir='ltr'>ὁμοίως</span> <span class='ocrx_word' id='word_1_358' title='bbox 284 3138 457 3191; x_wconf 80' lang='grc' dir='ltr'>ταῦτα</span> <span class='ocrx_word' id='word_1_359' title='bbox 495 3139 744 3211; x_wconf 83' lang='grc' dir='ltr'>εἴρηται,</span> <span class='ocrx_word' id='word_1_360' title='bbox 774 3139 853 3209; x_wconf 83' lang='grc' dir='ltr'><strong>τῷ</strong></span> <span class='ocrx_word' id='word_1_361' title='bbox 877 3140 1127 3210; x_wconf 82' lang='grc' dir='ltr'>ἑτοίμους</span> <span class='ocrx_word' id='word_1_362' title='bbox 1160 3141 1292 3211; x_wconf 76' lang='grc' dir='ltr'>πρὸς</span> <span class='ocrx_word' id='word_1_363' title='bbox 1337 3140 1615 3213; x_wconf 74' lang='grc' dir='ltr'>θερισμὸν,</span> 
     </span>
    </p>
   </div>
   <div class='ocr_carea' id='block_1_48' title="bbox 53 3228 1618 3302">
    <p class='ocr_par' dir='ltr' id='par_1_48' title="bbox 53 3228 1618 3302">
     <span class='ocr_line' id='line_1_48' title="bbox 53 3228 1618 3302; baseline 0.002 -21"><span class='ocrx_word' id='word_1_364' title='bbox 53 3230 134 3282; x_wconf 74' lang='grc' dir='ltr'>καὶ</span> <span class='ocrx_word' id='word_1_365' title='bbox 158 3228 504 3301; x_wconf 71' lang='grc' dir='ltr'>ἐπιτηδείους</span> <span class='ocrx_word' id='word_1_366' title='bbox 524 3229 661 3301; x_wconf 83' lang='grc' dir='ltr'>πρὸς</span> <span class='ocrx_word' id='word_1_367' title='bbox 690 3229 751 3283; x_wconf 82' lang='grc' dir='ltr'>τὸ</span> <span class='ocrx_word' id='word_1_368' title='bbox 777 3229 877 3300; x_wconf 71' lang='grc' dir='ltr'>ἤδη</span> <span class='ocrx_word' id='word_1_369' title='bbox 908 3229 1019 3300; x_wconf 84' lang='grc'><strong>(79)</strong></span> <span class='ocrx_word' id='word_1_370' title='bbox 1054 3230 1382 3301; x_wconf 74' lang='grc' dir='ltr'>συναχθῆναι</span> <span class='ocrx_word' id='word_1_371' title='bbox 1418 3235 1496 3295; x_wconf 78' lang='grc' dir='ltr'><strong>εἰς</strong></span> <span class='ocrx_word' id='word_1_372' title='bbox 1519 3230 1618 3302; x_wconf 81' lang='grc' dir='ltr'>τὴν</span> 
     </span>
    </p>
   </div>
   <div class='ocr_carea' id='block_1_49' title="bbox 53 3320 1620 3394">
    <p class='ocr_par' dir='ltr' id='par_1_49' title="bbox 53 3320 1620 3394">
     <span class='ocr_line' id='line_1_49' title="bbox 53 3320 1620 3394; baseline 0.001 -19"><span class='ocrx_word' id='word_1_373' title='bbox 53 3321 346 3394; x_wconf 75' lang='grc' dir='ltr'>ἀποθήκην,</span> <span class='ocrx_word' id='word_1_374' title='bbox 375 3321 462 3375; x_wconf 71' lang='grc' dir='ltr'><strong>διὰ</strong></span> <span class='ocrx_word' id='word_1_375' title='bbox 494 3320 595 3393; x_wconf 79' lang='grc' dir='ltr'>τῆς</span> <span class='ocrx_word' id='word_1_376' title='bbox 624 3321 858 3386; x_wconf 86' lang='grc' dir='ltr'>πίστεως</span> <span class='ocrx_word' id='word_1_377' title='bbox 888 3325 968 3386; x_wconf 83' lang='grc' dir='ltr'><strong>είς</strong></span> <span class='ocrx_word' id='word_1_378' title='bbox 995 3323 1301 3377; x_wconf 78' lang='grc' dir='ltr'>ἀνάπαυσιν</span> <span class='ocrx_word' id='word_1_379' title='bbox 1338 3320 1496 3386; x_wconf 73' lang='grc' dir='ltr'>εἶναι,</span> <span class='ocrx_word' id='word_1_380' title='bbox 1525 3324 1620 3377; x_wconf 74' lang='grc' dir='ltr'>καὶ</span> 
     </span>
    </p>
   </div>
   <div class='ocr_carea' id='block_1_50' title="bbox 49 3412 1618 3487">
    <p class='ocr_par' dir='ltr' id='par_1_50' title="bbox 49 3412 1618 3487">
     <span class='ocr_line' id='line_1_50' title="bbox 49 3412 1618 3487; baseline 0.003 -24"><span class='ocrx_word' id='word_1_381' title='bbox 49 3413 374 3483; x_wconf 75' lang='grc' dir='ltr'>ἐπιτηδείους</span> <span class='ocrx_word' id='word_1_382' title='bbox 401 3412 535 3485; x_wconf 77' lang='grc' dir='ltr'>πρὸς</span> <span class='ocrx_word' id='word_1_383' title='bbox 565 3413 840 3485; x_wconf 86' lang='grc' dir='ltr'>σωτηρίαν</span> <span class='ocrx_word' id='word_1_384' title='bbox 863 3416 958 3469; x_wconf 77' lang='grc' dir='ltr'><strong>καὶ</strong></span> <span class='ocrx_word' id='word_1_385' title='bbox 980 3415 1293 3487; x_wconf 81' lang='grc' dir='ltr'>παραδοχὴν</span> <span class='ocrx_word' id='word_1_386' title='bbox 1318 3415 1413 3467; x_wconf 77' lang='grc' dir='ltr'>τοῦ</span> <span class='ocrx_word' id='word_1_387' title='bbox 1437 3415 1618 3483; x_wconf 86' lang='grc' dir='ltr'>λόγου,</span> 
     </span>
    </p>
   </div>
   <div class='ocr_carea' id='block_1_51' title="bbox 50 3503 1619 3579">
    <p class='ocr_par' dir='ltr' id='par_1_51' title="bbox 50 3503 1619 3579">
     <span class='ocr_line' id='line_1_51' title="bbox 50 3503 1619 3579; baseline 0.002 -21"><span class='ocrx_word' id='word_1_388' title='bbox 50 3504 175 3558; x_wconf 74' lang='grc' dir='ltr'>κατὰ</span> <span class='ocrx_word' id='word_1_389' title='bbox 193 3504 297 3575; x_wconf 82' lang='grc' dir='ltr'><strong>μὲν</strong></span> <span class='ocrx_word' id='word_1_390' title='bbox 323 3504 420 3557; x_wconf 78' lang='grc' dir='ltr'>τὸν</span> <span class='ocrx_word' id='word_1_391' title='bbox 446 3503 792 3575; x_wconf 76' lang='grc' dir='ltr'>Ἡρακλέωνα</span> <span class='ocrx_word' id='word_1_392' title='bbox 824 3505 914 3559; x_wconf 87' lang='grc' dir='ltr'><strong>διά</strong></span> <span class='ocrx_word' id='word_1_393' title='bbox 938 3506 1036 3579; x_wconf 82' lang='grc' dir='ltr'>τὴν</span> <span class='ocrx_word' id='word_1_394' title='bbox 1067 3507 1413 3578; x_wconf 78' lang='grc' dir='ltr'>κατασκευὴν</span> <span class='ocrx_word' id='word_1_395' title='bbox 1440 3506 1619 3561; x_wconf 77' lang='grc' dir='ltr'>αὐτῶν</span> 
     </span>
    </p>
   </div>
   <div class='ocr_carea' id='block_1_52' title="bbox 48 3593 1620 3668">
    <p class='ocr_par' dir='ltr' id='par_1_52' title="bbox 48 3593 1620 3668">
     <span class='ocr_line' id='line_1_52' title="bbox 48 3593 1620 3668; baseline 0.004 -20"><span class='ocrx_word' id='word_1_396' title='bbox 48 3596 130 3648; x_wconf 73' lang='grc' dir='ltr'><strong>καὶ</strong></span> <span class='ocrx_word' id='word_1_397' title='bbox 156 3597 258 3668; x_wconf 70' lang='grc' dir='ltr'>τὴν</span> <span class='ocrx_word' id='word_1_398' title='bbox 290 3595 457 3666; x_wconf 78' lang='grc' dir='ltr'>φύσιν</span> <span class='ocrx_word' id='word_1_399' title='bbox 477 3613 492 3627; x_wconf 94' lang='grc'><strong>·</strong></span> <span class='ocrx_word' id='word_1_400' title='bbox 522 3596 666 3651; x_wconf 86' lang='grc' dir='ltr'>κατά</span> <span class='ocrx_word' id='word_1_401' title='bbox 725 3596 783 3651; x_wconf 86' lang='grc' dir='ltr'><strong>δέ</strong></span> <span class='ocrx_word' id='word_1_402' title='bbox 830 3593 920 3648; x_wconf 83' lang='grc' dir='ltr'>τὸν</span> <span class='ocrx_word' id='word_1_403' title='bbox 971 3595 1422 3663; x_wconf 59' lang='grc' dir='ltr'>ἐκκλησιαστικὸν</span> <span class='ocrx_word' id='word_1_404' title='bbox 1445 3635 1460 3659; x_wconf 92' lang='grc'><strong>,</strong></span> <span class='ocrx_word' id='word_1_405' title='bbox 1526 3601 1620 3654; x_wconf 79' lang='grc' dir='ltr'>καὶ</span> 
     </span>
    </p>
   </div>
   <div class='ocr_carea' id='block_1_53' title="bbox 47 3686 1619 3761">
    <p class='ocr_par' dir='ltr' id='par_1_53' title="bbox 47 3686 1619 3761">
     <span class='ocr_line' id='line_1_53' title="bbox 47 3686 1619 3761; baseline 0.003 -21"><span class='ocrx_word' id='word_1_406' title='bbox 47 3686 121 3740; x_wconf 76' lang='grc' dir='ltr'><strong>διά</strong></span> <span class='ocrx_word' id='word_1_407' title='bbox 144 3703 268 3742; x_wconf 85' lang='grc' dir='ltr'>τινα</span> <span class='ocrx_word' id='word_1_408' title='bbox 310 3688 679 3759; x_wconf 80' lang='grc' dir='ltr'>εὐτρεπισμὸν</span> <span class='ocrx_word' id='word_1_409' title='bbox 716 3687 811 3740; x_wconf 81' lang='grc' dir='ltr'>τοῦ</span> <span class='ocrx_word' id='word_1_410' title='bbox 858 3687 1187 3758; x_wconf 78' lang='grc' dir='ltr'>ἡγεμονικοῦ</span> <span class='ocrx_word' id='word_1_411' title='bbox 1221 3689 1438 3761; x_wconf 81' lang='grc' dir='ltr'>ἑτοίμου</span> <span class='ocrx_word' id='word_1_412' title='bbox 1482 3690 1619 3761; x_wconf 77' lang='grc' dir='ltr'>πρὸς</span> 
     </span>
    </p>
   </div>
   <div class='ocr_carea' id='block_1_54' title="bbox 48 3776 1618 3853">
    <p class='ocr_par' dir='ltr' id='par_1_54' title="bbox 48 3776 1618 3853">
     <span class='ocr_line' id='line_1_54' title="bbox 48 3776 1618 3853; baseline 0.005 -26"><span class='ocrx_word' id='word_1_413' title='bbox 48 3778 347 3845; x_wconf 79' lang='grc' dir='ltr'>τελείωοιν,</span> <span class='ocrx_word' id='word_1_414' title='bbox 394 3778 481 3831; x_wconf 84' lang='grc' dir='ltr'>ἵνα</span> <span class='ocrx_word' id='word_1_415' title='bbox 530 3778 605 3850; x_wconf 81' lang='grc' dir='ltr'>μὴ</span> <span class='ocrx_word' id='word_1_416' title='bbox 640 3778 737 3832; x_wconf 81' lang='grc' dir='ltr'>καὶ</span> <span class='ocrx_word' id='word_1_417' title='bbox 783 3778 1025 3850; x_wconf 77' lang='grc' dir='ltr'>θερισθῇ.</span> <span class='ocrx_word' id='word_1_418' title='bbox 1075 3781 1310 3833; x_wconf 82' lang='grc' dir='ltr'>Λεκτέον</span> <span class='ocrx_word' id='word_1_419' title='bbox 1356 3776 1449 3834; x_wconf 82' lang='grc' dir='ltr'>οὖν</span> <span class='ocrx_word' id='word_1_420' title='bbox 1481 3781 1618 3853; x_wconf 81' lang='grc' dir='ltr'>πρὸς</span> 
     </span>
    </p>
   </div>
   <div class='ocr_carea' id='block_1_55' title="bbox 47 3870 1616 3942">
    <p class='ocr_par' dir='ltr' id='par_1_55' title="bbox 47 3870 1616 3942">
     <span class='ocr_line' id='line_1_55' title="bbox 47 3870 1616 3942; baseline 0.001 -19"><span class='ocrx_word' id='word_1_421' title='bbox 47 3871 155 3933; x_wconf 65' lang='grc' dir='ltr'>ἐὡς</span> <span class='ocrx_word' id='word_1_422' title='bbox 179 3870 357 3934; x_wconf 74' lang='grc' dir='ltr'>οὕτως</span> <span class='ocrx_word' id='word_1_423' title='bbox 383 3870 795 3942; x_wconf 80' lang='grc' dir='ltr'>ἐκδεξαμένους,</span> <span class='ocrx_word' id='word_1_424' title='bbox 822 3872 872 3923; x_wconf 80' lang='grc' dir='ltr'>εἰ</span> <span class='ocrx_word' id='word_1_425' title='bbox 906 3870 1184 3940; x_wconf 79' lang='grc' dir='ltr'>βούλονται</span> <span class='ocrx_word' id='word_1_426' title='bbox 1216 3870 1616 3942; x_wconf 80' lang='grc' dir='ltr'>παραδέξασθαι</span> 
     </span>
    </p>
   </div>
   <div class='ocr_carea' id='block_1_56' title="bbox 48 3961 1614 4036">
    <p class='ocr_par' dir='ltr' id='par_1_56' title="bbox 48 3961 1614 4036">
     <span class='ocr_line' id='line_1_56' title="bbox 48 3961 1614 4036; baseline 0.001 -22"><span class='ocrx_word' id='word_1_427' title='bbox 48 3961 240 4031; x_wconf 75' lang='grc' dir='ltr'>μήποτε</span> <span class='ocrx_word' id='word_1_428' title='bbox 273 3962 561 4032; x_wconf 84' lang='grc' dir='ltr'>γεγονέναι</span> <span class='ocrx_word' id='word_1_429' title='bbox 590 3962 696 4036; x_wconf 85' lang='grc' dir='ltr'>πρὸ</span> <span class='ocrx_word' id='word_1_430' title='bbox 721 3965 818 4033; x_wconf 84' lang='grc' dir='ltr'>τῆς</span> <span class='ocrx_word' id='word_1_431' title='bbox 843 3962 937 4017; x_wconf 83' lang='grc' dir='ltr'>τοῦ</span> <span class='ocrx_word' id='word_1_432' title='bbox 966 3962 1214 4036; x_wconf 73' lang='grc' dir='ltr'>Σωτῆρος</span> <span class='ocrx_word' id='word_1_433' title='bbox 1235 3962 1392 4034; x_wconf 82' lang='grc' dir='ltr'>ἡμῶν</span> <span class='ocrx_word' id='word_1_434' title='bbox 1426 3962 1614 4035; x_wconf 87' lang='grc' dir='ltr'>ἐπιδη-</span> 
     </span>
    </p>
   </div>
   <div class='ocr_carea' id='block_1_57' title="bbox 48 4052 1614 4127">
    <p class='ocr_par' dir='ltr' id='par_1_57' title="bbox 48 4052 1614 4127">
     <span class='ocr_line' id='line_1_57' title="bbox 48 4052 1614 4127; baseline -0.001 -19"><span class='ocrx_word' id='word_1_435' title='bbox 48 4052 159 4121; x_wconf 79' lang='grc' dir='ltr'>μίας</span> <span class='ocrx_word' id='word_1_436' title='bbox 186 4054 449 4127; x_wconf 82' lang='grc' dir='ltr'>θερισμὸν</span> <span class='ocrx_word' id='word_1_437' title='bbox 481 4055 864 4127; x_wconf 81' lang='grc' dir='ltr'>παραπλήσιον</span> <span class='ocrx_word' id='word_1_438' title='bbox 892 4054 970 4125; x_wconf 81' lang='grc' dir='ltr'>τῷ</span> <span class='ocrx_word' id='word_1_439' title='bbox 998 4054 1168 4119; x_wconf 81' lang='grc' dir='ltr'>οὕτως</span> <span class='ocrx_word' id='word_1_440' title='bbox 1197 4054 1263 4108; x_wconf 80' lang='grc' dir='ltr'><strong>ἂν</strong></span> <span class='ocrx_word' id='word_1_441' title='bbox 1307 4054 1614 4108; x_wconf 83' lang='grc' dir='ltr'>ἐλπισθέντι</span> 
     </span>
    </p>
   </div>
   <div class='ocr_carea' id='block_1_58' title="bbox 45 4146 1614 4219">
    <p class='ocr_par' dir='ltr' id='par_1_58' title="bbox 45 4146 1614 4219">
     <span class='ocr_line' id='line_1_58' title="bbox 45 4146 1614 4219; baseline 0.003 -23"><span class='ocrx_word' id='word_1_442' title='bbox 45 4146 140 4198; x_wconf 64' lang='grc' dir='ltr'><strong>ἀπὸ</strong></span> <span class='ocrx_word' id='word_1_443' title='bbox 175 4147 285 4201; x_wconf 82' lang='grc' dir='ltr'>τῶν</span> <span class='ocrx_word' id='word_1_444' title='bbox 327 4147 539 4219; x_wconf 78' lang='grc' dir='ltr'>χρόνων</span> <span class='ocrx_word' id='word_1_445' title='bbox 584 4146 681 4201; x_wconf 75' lang='grc' dir='ltr'>τοῦ</span> <span class='ocrx_word' id='word_1_446' title='bbox 732 4146 1088 4216; x_wconf 75' lang='grc' dir='ltr'>εὐαγγελικοῦ</span> <span class='ocrx_word' id='word_1_447' title='bbox 1139 4146 1514 4218; x_wconf 78' lang='grc' dir='ltr'>κηρύγματος.</span> <span class='ocrx_word' id='word_1_448' title='bbox 1550 4148 1614 4200; x_wconf 81' lang='lat' dir='ltr'><strong>El</strong></span> 
     </span>
    </p>
   </div>
   <div class='ocr_carea' id='block_1_59' title="bbox 45 4234 1615 4310">
    <p class='ocr_par' dir='ltr' id='par_1_59' title="bbox 45 4234 1615 4310">
     <span class='ocr_line' id='line_1_59' title="bbox 45 4234 1615 4310; baseline -0.001 -21"><span class='ocrx_word' id='word_1_449' title='bbox 45 4236 136 4307; x_wconf 75' lang='grc' dir='ltr'>γὰρ</span> <span class='ocrx_word' id='word_1_450' title='bbox 162 4238 243 4309; x_wconf 78' lang='grc' dir='ltr'>τῷ</span> <span class='ocrx_word' id='word_1_451' title='bbox 289 4236 433 4292; x_wconf 71' lang='grc' dir='ltr'>εἶναι</span> <span class='ocrx_word' id='word_1_452' title='bbox 474 4238 570 4292; x_wconf 83' lang='grc' dir='ltr'><strong>τὸν</strong></span> <span class='ocrx_word' id='word_1_453' title='bbox 604 4234 862 4310; x_wconf 69' lang='grc' dir='ltr'>θερισμὸν</span> <span class='ocrx_word' id='word_1_454' title='bbox 906 4238 1071 4293; x_wconf 80' lang='grc' dir='ltr'>πολὺν</span> <span class='ocrx_word' id='word_1_455' title='bbox 1105 4236 1291 4291; x_wconf 81' lang='grc' dir='ltr'>πολλοὶ</span> <span class='ocrx_word' id='word_1_456' title='bbox 1321 4235 1615 4290; x_wconf 81' lang='grc' dir='ltr'>πεπιστεύ-</span> 
     </span>
    </p>
   </div>
   <div class='ocr_carea' id='block_1_60' title="bbox 46 4328 1614 4402">
    <p class='ocr_par' dir='ltr' id='par_1_60' title="bbox 46 4328 1614 4402">
     <span class='ocr_line' id='line_1_60' title="bbox 46 4328 1614 4402; baseline -0.001 -20"><span class='ocrx_word' id='word_1_457' title='bbox 46 4346 176 4395; x_wconf 76' lang='grc' dir='ltr'>κασι,</span> <span class='ocrx_word' id='word_1_458' title='bbox 206 4330 456 4399; x_wconf 80' lang='grc' dir='ltr'>καίτοιγε</span> <span class='ocrx_word' id='word_1_459' title='bbox 497 4329 694 4399; x_wconf 76' lang='grc' dir='ltr'>ὀλίγων</span> <span class='ocrx_word' id='word_1_460' title='bbox 727 4330 894 4384; x_wconf 72' lang='grc' dir='ltr'>ὄντων</span> <span class='ocrx_word' id='word_1_461' title='bbox 941 4329 1052 4384; x_wconf 82' lang='grc' dir='ltr'><strong>τῶν</strong></span> <span class='ocrx_word' id='word_1_462' title='bbox 1096 4328 1344 4402; x_wconf 78' lang='grc' dir='ltr'>ἐργατῶν</span> <span class='ocrx_word' id='word_1_463' title='bbox 1381 4328 1614 4383; x_wconf 84' lang='grc' dir='ltr'>ἀποστό-</span> 
     </span>
    </p>
   </div>
   <div class='ocr_carea' id='block_1_61' title="bbox 42 4418 1610 4494">
    <p class='ocr_par' dir='ltr' id='par_1_61' title="bbox 42 4418 1610 4494">
     <span class='ocr_line' id='line_1_61' title="bbox 42 4418 1610 4494; baseline 0 -22"><span class='ocrx_word' id='word_1_464' title='bbox 42 4418 153 4484; x_wconf 68' lang='grc' dir='ltr'>λων,</span> <span class='ocrx_word' id='word_1_465' title='bbox 175 4421 254 4486; x_wconf 80' lang='grc' dir='ltr'>ὡς</span> <span class='ocrx_word' id='word_1_466' title='bbox 284 4421 425 4494; x_wconf 75' lang='grc' dir='ltr'>πρὸς</span> <span class='ocrx_word' id='word_1_467' title='bbox 448 4420 510 4474; x_wconf 78' lang='grc' dir='ltr'>τὸ</span> <span class='ocrx_word' id='word_1_468' title='bbox 542 4420 745 4493; x_wconf 81' lang='grc' dir='ltr'>πλῆθος</span> <span class='ocrx_word' id='word_1_469' title='bbox 777 4421 886 4475; x_wconf 84' lang='grc' dir='ltr'><strong>τῶν</strong></span> <span class='ocrx_word' id='word_1_470' title='bbox 920 4420 1379 4492; x_wconf 77' lang='grc' dir='ltr'>παραδεξαμένων</span> <span class='ocrx_word' id='word_1_471' title='bbox 1404 4419 1497 4473; x_wconf 83' lang='grc' dir='ltr'><strong>τὸν</strong></span> <span class='ocrx_word' id='word_1_472' title='bbox 1520 4419 1610 4473; x_wconf 85' lang='grc' dir='ltr'><strong>λό-</strong></span> 
     </span>
    </p>
   </div>
   <div class='ocr_carea' id='block_1_62' title="bbox 42 4512 1611 4585">
    <p class='ocr_par' dir='ltr' id='par_1_62' title="bbox 42 4512 1611 4585">
     <span class='ocr_line' id='line_1_62' title="bbox 42 4512 1611 4585; baseline 0.001 -21"><span class='ocrx_word' id='word_1_473' title='bbox 42 4527 157 4578; x_wconf 70' lang='grc' dir='ltr'>γον·</span> <span class='ocrx_word' id='word_1_474' title='bbox 197 4515 317 4584; x_wconf 62' lang='grc' dir='ltr'>ἦτοι</span> <span class='ocrx_word' id='word_1_475' title='bbox 370 4512 462 4566; x_wconf 76' lang='grc' dir='ltr'>διὰ</span> <span class='ocrx_word' id='word_1_476' title='bbox 507 4513 571 4566; x_wconf 82' lang='grc' dir='ltr'>τὸ</span> <span class='ocrx_word' id='word_1_477' title='bbox 604 4532 621 4564; x_wconf 80' lang='lat' dir='ltr'><strong>t</strong></span> <span class='ocrx_word' id='word_1_478' title='bbox 663 4512 971 4568; x_wconf 86' lang='grc' dir='ltr'>Θεάσασθαι</span> <span class='ocrx_word' id='word_1_479' title='bbox 1005 4513 1116 4584; x_wconf 87' lang='grc'><strong>(80)</strong></span> <span class='ocrx_word' id='word_1_480' title='bbox 1160 4513 1259 4576; x_wconf 80' lang='grc' dir='ltr'><strong>τάς</strong></span> <span class='ocrx_word' id='word_1_481' title='bbox 1300 4512 1505 4585; x_wconf 84' lang='grc' dir='ltr'>χώρας,</span> <span class='ocrx_word' id='word_1_482' title='bbox 1529 4514 1611 4566; x_wconf 81' lang='grc' dir='ltr'>ὅτι</span> 
     </span>
    </p>
   </div>
   <div class='ocr_carea' id='block_1_63' title="bbox 1735 2021 3314 2100">
    <p class='ocr_par' dir='ltr' id='par_1_63' title="bbox 1735 2021 3314 2100">
     <span class='ocr_line' id='line_1_63' title="bbox 1735 2021 3314 2100; baseline -0.006 -16"><span class='ocrx_word' id='word_1_483' title='bbox 1735 2030 1879 2100; x_wconf 90' lang='lat' dir='ltr'><strong>quod</strong></span> <span class='ocrx_word' id='word_1_484' title='bbox 1914 2044 1945 2084; x_wconf 91' lang='lat' dir='ltr'><strong>e</strong></span> <span class='ocrx_word' id='word_1_485' title='bbox 1972 2028 2203 2083; x_wconf 82' lang='lat' dir='ltr'><strong>Psalmis</strong></span> <span class='ocrx_word' id='word_1_486' title='bbox 2240 2025 2659 2099; x_wconf 83' lang='lat' dir='ltr'><strong>proposuimus,</strong></span> <span class='ocrx_word' id='word_1_487' title='bbox 2692 2022 2972 2079; x_wconf 88' lang='lat' dir='ltr'><strong>declarare</strong></span> <span class='ocrx_word' id='word_1_488' title='bbox 3001 2022 3133 2076; x_wconf 88' lang='lat' dir='ltr'><strong>mihi</strong></span> <span class='ocrx_word' id='word_1_489' title='bbox 3161 2021 3314 2076; x_wconf 88' lang='lat' dir='ltr'><strong>vide—</strong></span> 
     </span>
    </p>
   </div>
   <div class='ocr_carea' id='block_1_64' title="bbox 1733 2112 3316 2185">
    <p class='ocr_par' dir='ltr' id='par_1_64' title="bbox 1733 2112 3316 2185">
     <span class='ocr_line' id='line_1_64' title="bbox 1733 2112 3316 2185; baseline -0.008 -7"><span class='ocrx_word' id='word_1_490' title='bbox 1733 2131 1826 2179; x_wconf 88' lang='lat' dir='ltr'><strong>tur</strong></span> <span class='ocrx_word' id='word_1_491' title='bbox 1875 2121 2174 2177; x_wconf 88' lang='lat' dir='ltr'><strong>animarum</strong></span> <span class='ocrx_word' id='word_1_492' title='bbox 2229 2119 2491 2175; x_wconf 87' lang='lat' dir='ltr'><strong>nobilium</strong></span> <span class='ocrx_word' id='word_1_493' title='bbox 2519 2117 2872 2181; x_wconf 84' lang='lat' dir='ltr'><strong>descensum,</strong></span> <span class='ocrx_word' id='word_1_494' title='bbox 2902 2128 3024 2185; x_wconf 62' lang='lat' dir='ltr'><strong>qua</strong></span> <span class='ocrx_word' id='word_1_495' title='bbox 3067 2112 3316 2168; x_wconf 83' lang='lat' dir='ltr'><strong>venerint</strong></span> 
     </span>
    </p>
   </div>
   <div class='ocr_carea' id='block_1_65' title="bbox 1735 2203 3314 2273">
    <p class='ocr_par' dir='ltr' id='par_1_65' title="bbox 1735 2203 3314 2273">
     <span class='ocr_line' id='line_1_65' title="bbox 1735 2203 3314 2273; baseline -0.006 -6"><span class='ocrx_word' id='word_1_496' title='bbox 1735 2213 1788 2267; x_wconf 91' lang='lat' dir='ltr'><strong>in</strong></span> <span class='ocrx_word' id='word_1_497' title='bbox 1819 2212 1960 2267; x_wconf 88' lang='lat' dir='ltr'><strong>hanc</strong></span> <span class='ocrx_word' id='word_1_498' title='bbox 1980 2211 2144 2266; x_wconf 83' lang='lat' dir='ltr'><strong>vitam</strong></span> <span class='ocrx_word' id='word_1_499' title='bbox 2192 2224 2313 2265; x_wconf 87' lang='lat' dir='ltr'><strong>cum</strong></span> <span class='ocrx_word' id='word_1_500' title='bbox 2344 2209 2670 2265; x_wconf 87' lang='lat' dir='ltr'><strong>salutaribus</strong></span> <span class='ocrx_word' id='word_1_501' title='bbox 2706 2203 3028 2271; x_wconf 86' lang='lat' dir='ltr'><strong>seminibus,</strong></span> <span class='ocrx_word' id='word_1_502' title='bbox 3080 2217 3314 2273; x_wconf 68' lang='lat' dir='ltr'><strong>quaeque</strong></span> 
     </span>
    </p>
   </div>
   <div class='ocr_carea' id='block_1_66' title="bbox 1736 2295 3311 2371">
    <p class='ocr_par' dir='ltr' id='par_1_66' title="bbox 1736 2295 3311 2371">
     <span class='ocr_line' id='line_1_66' title="bbox 1736 2295 3311 2371; baseline -0.006 -15"><span class='ocrx_word' id='word_1_503' title='bbox 1736 2301 1927 2357; x_wconf 74' lang='lat' dir='ltr'><strong>invitae</strong></span> <span class='ocrx_word' id='word_1_504' title='bbox 1954 2301 2069 2356; x_wconf 87' lang='lat' dir='ltr'><strong>fere</strong></span> <span class='ocrx_word' id='word_1_505' title='bbox 2096 2301 2346 2356; x_wconf 84' lang='lat' dir='ltr'><strong>venerint</strong></span> <span class='ocrx_word' id='word_1_506' title='bbox 2380 2296 2859 2371; x_wconf 86' lang='lat' dir='ltr'><strong>suspirantes,sed</strong></span> <span class='ocrx_word' id='word_1_507' title='bbox 2889 2295 3157 2351; x_wconf 85' lang='lat' dir='ltr'><strong>redierint</strong></span> <span class='ocrx_word' id='word_1_508' title='bbox 3187 2307 3311 2349; x_wconf 89' lang='lat' dir='ltr'><strong>cum</strong></span> 
     </span>
    </p>
   </div>
   <div class='ocr_carea' id='block_1_67' title="bbox 1731 2390 3311 2464">
    <p class='ocr_par' dir='ltr' id='par_1_67' title="bbox 1731 2390 3311 2464">
     <span class='ocr_line' id='line_1_67' title="bbox 1731 2390 3311 2464; baseline -0.005 -13"><span class='ocrx_word' id='word_1_509' title='bbox 1731 2394 2118 2460; x_wconf 82' lang='lat' dir='ltr'><strong>exsultatione,</strong></span> <span class='ocrx_word' id='word_1_510' title='bbox 2149 2409 2214 2449; x_wconf 89' lang='lat' dir='ltr'><strong>eo</strong></span> <span class='ocrx_word' id='word_1_511' title='bbox 2246 2394 2390 2463; x_wconf 89' lang='lat' dir='ltr'><strong>quod</strong></span> <span class='ocrx_word' id='word_1_512' title='bbox 2437 2393 2655 2464; x_wconf 88' lang='lat' dir='ltr'><strong>egregie</strong></span> <span class='ocrx_word' id='word_1_513' title='bbox 2703 2390 3093 2455; x_wconf 87' lang='lat' dir='ltr'><strong>laboraverint,</strong></span> <span class='ocrx_word' id='word_1_514' title='bbox 3119 2396 3176 2446; x_wconf 89' lang='lat' dir='ltr'><strong>et</strong></span> <span class='ocrx_word' id='word_1_515' title='bbox 3212 2403 3311 2443; x_wconf 84' lang='lat' dir='ltr'><strong>au-</strong></span> 
     </span>
    </p>
   </div>
   <div class='ocr_carea' id='block_1_68' title="bbox 1731 2481 3312 2554">
    <p class='ocr_par' dir='ltr' id='par_1_68' title="bbox 1731 2481 3312 2554">
     <span class='ocr_line' id='line_1_68' title="bbox 1731 2481 3312 2554; baseline -0.006 -12"><span class='ocrx_word' id='word_1_516' title='bbox 1731 2487 1935 2550; x_wconf 76' lang='lat' dir='ltr'><strong>xerint,</strong></span> <span class='ocrx_word' id='word_1_517' title='bbox 1958 2494 2015 2542; x_wconf 88' lang='lat' dir='ltr'><strong>et</strong></span> <span class='ocrx_word' id='word_1_518' title='bbox 2063 2485 2471 2554; x_wconf 89' lang='lat' dir='ltr'><strong>multiplicarint</strong></span> <span class='ocrx_word' id='word_1_519' title='bbox 2508 2484 2720 2538; x_wconf 86' lang='lat' dir='ltr'><strong>semina</strong></span> <span class='ocrx_word' id='word_1_520' title='bbox 2754 2498 2879 2538; x_wconf 92' lang='lat' dir='ltr'><strong>cum</strong></span> <span class='ocrx_word' id='word_1_521' title='bbox 2924 2481 3121 2551; x_wconf 89' lang='lat' dir='ltr'><strong>quibus</strong></span> <span class='ocrx_word' id='word_1_522' title='bbox 3149 2493 3312 2535; x_wconf 85' lang='lat' dir='ltr'><strong>vene-</strong></span> 
     </span>
    </p>
   </div>
   <div class='ocr_carea' id='block_1_69' title="bbox 1731 2573 3313 2651">
    <p class='ocr_par' dir='ltr' id='par_1_69' title="bbox 1731 2573 3313 2651">
     <span class='ocr_line' id='line_1_69' title="bbox 1731 2573 3313 2651; baseline -0.005 -15"><span class='ocrx_word' id='word_1_523' title='bbox 1731 2588 1874 2651; x_wconf 80' lang='lat' dir='ltr'><strong>rant.</strong></span> <span class='ocrx_word' id='word_1_524' title='bbox 1896 2579 2050 2635; x_wconf 82' lang='lat' dir='ltr'><strong>Alius</strong></span> <span class='ocrx_word' id='word_1_525' title='bbox 2071 2588 2251 2633; x_wconf 87' lang='lat' dir='ltr'><strong>autem</strong></span> <span class='ocrx_word' id='word_1_526' title='bbox 2281 2587 2360 2633; x_wconf 86' lang='lat' dir='ltr'><strong>est</strong></span> <span class='ocrx_word' id='word_1_527' title='bbox 2397 2577 2489 2646; x_wconf 90' lang='lat' dir='ltr'><strong>qui</strong></span> <span class='ocrx_word' id='word_1_528' title='bbox 2521 2576 2786 2640; x_wconf 88' lang='lat' dir='ltr'><strong>seminat,</strong></span> <span class='ocrx_word' id='word_1_529' title='bbox 2818 2583 2879 2630; x_wconf 89' lang='lat' dir='ltr'><strong>et</strong></span> <span class='ocrx_word' id='word_1_530' title='bbox 2912 2573 3051 2631; x_wconf 85' lang='lat' dir='ltr'><strong>alius</strong></span> <span class='ocrx_word' id='word_1_531' title='bbox 3078 2573 3170 2643; x_wconf 88' lang='lat' dir='ltr'><strong>qui</strong></span> <span class='ocrx_word' id='word_1_532' title='bbox 3205 2587 3313 2628; x_wconf 61' lang='lat' dir='ltr'><strong>mo</strong></span> 
     </span>
    </p>
   </div>
   <div class='ocr_carea' id='block_1_70' title="bbox 1730 2668 2846 2740">
    <p class='ocr_par' dir='ltr' id='par_1_70' title="bbox 1730 2668 2846 2740">
     <span class='ocr_line' id='line_1_70' title="bbox 1730 2668 2846 2740; baseline -0.003 -13"><span class='ocrx_word' id='word_1_533' title='bbox 1730 2672 1797 2728; x_wconf 88' lang='lat' dir='ltr'><strong>tit</strong></span> <span class='ocrx_word' id='word_1_534' title='bbox 1826 2672 1872 2704; x_wconf 71' lang='lat'><strong>“</strong></span> <span class='ocrx_word' id='word_1_535' title='bbox 1912 2673 1963 2724; x_wconf 92' lang='lat' dir='ltr'><strong>in</strong></span> <span class='ocrx_word' id='word_1_536' title='bbox 1995 2671 2245 2740; x_wconf 71' lang='lat' dir='ltr'><strong>praesenti</strong></span> <span class='ocrx_word' id='word_1_537' title='bbox 2273 2668 2538 2724; x_wconf 90' lang='lat' dir='ltr'><strong>orationis</strong></span> <span class='ocrx_word' id='word_1_538' title='bbox 2564 2676 2846 2724; x_wconf 81' lang='lat' dir='ltr'><strong>contextu.</strong></span> 
     </span>
    </p>
   </div>
   <div class='ocr_carea' id='block_1_71' title="bbox 1798 2757 3311 2834">
    <p class='ocr_par' dir='ltr' id='par_1_71' title="bbox 1798 2757 3311 2834">
     <span class='ocr_line' id='line_1_71' title="bbox 1798 2757 3311 2834; baseline -0.005 -16"><span class='ocrx_word' id='word_1_539' title='bbox 1798 2763 1891 2820; x_wconf 76' lang='grc' dir='ltr'><strong>ιι.</strong></span> <span class='ocrx_word' id='word_1_540' title='bbox 1921 2764 2178 2833; x_wconf 82' lang='lat' dir='ltr'><strong>Dicetqne</strong></span> <span class='ocrx_word' id='word_1_541' title='bbox 2226 2761 2473 2834; x_wconf 83' lang='lat' dir='ltr'><strong>profecto</strong></span> <span class='ocrx_word' id='word_1_542' title='bbox 2518 2760 2840 2826; x_wconf 77' lang='lat' dir='ltr'><strong>lleracleon,</strong></span> <span class='ocrx_word' id='word_1_543' title='bbox 2869 2767 2925 2816; x_wconf 91' lang='lat' dir='ltr'><strong>et</strong></span> <span class='ocrx_word' id='word_1_544' title='bbox 2966 2773 3150 2815; x_wconf 86' lang='lat' dir='ltr'><strong>secum</strong></span> <span class='ocrx_word' id='word_1_545' title='bbox 3198 2757 3311 2812; x_wconf 91' lang='lat' dir='ltr'><strong>for-</strong></span> 
     </span>
    </p>
   </div>
   <div class='ocr_carea' id='block_1_72' title="bbox 1731 2853 3311 2922">
    <p class='ocr_par' dir='ltr' id='par_1_72' title="bbox 1731 2853 3311 2922">
     <span class='ocr_line' id='line_1_72' title="bbox 1731 2853 3311 2922; baseline -0.005 -9"><span class='ocrx_word' id='word_1_546' title='bbox 1731 2858 1893 2914; x_wconf 86' lang='lat' dir='ltr'><strong>lassis</strong></span> <span class='ocrx_word' id='word_1_547' title='bbox 1939 2857 2184 2913; x_wconf 76' lang='lat' dir='ltr'><strong>sentiens</strong></span> <span class='ocrx_word' id='word_1_548' title='bbox 2239 2857 2379 2911; x_wconf 87' lang='lat' dir='ltr'><strong>alius</strong></span> <span class='ocrx_word' id='word_1_549' title='bbox 2419 2854 2586 2911; x_wconf 90' lang='lat' dir='ltr'><strong>etiam</strong></span> <span class='ocrx_word' id='word_1_550' title='bbox 2634 2853 3059 2919; x_wconf 84' lang='lat' dir='ltr'><strong>ecclesiasticus,</strong></span> <span class='ocrx_word' id='word_1_551' title='bbox 3084 2860 3311 2922; x_wconf 82' lang='lat' dir='ltr'><strong>propter</strong></span> 
     </span>
    </p>
   </div>
   <div class='ocr_carea' id='block_1_73' title="bbox 1727 2944 3308 3018">
    <p class='ocr_par' dir='ltr' id='par_1_73' title="bbox 1727 2944 3308 3018">
     <span class='ocr_line' id='line_1_73' title="bbox 1727 2944 3308 3018; baseline -0.006 -11"><span class='ocrx_word' id='word_1_552' title='bbox 1727 2952 1870 3007; x_wconf 83' lang='lat' dir='ltr'><strong>hanc</strong></span> <span class='ocrx_word' id='word_1_553' title='bbox 1894 2949 2308 3018; x_wconf 71' lang='lat' dir='ltr'><strong>expositionem,</strong></span> <span class='ocrx_word' id='word_1_554' title='bbox 2337 2947 2453 3002; x_wconf 65' lang='lat' dir='ltr'><strong>haec</strong></span> <span class='ocrx_word' id='word_1_555' title='bbox 2482 2947 2648 3001; x_wconf 87' lang='lat' dir='ltr'><strong>verba</strong></span> <span class='ocrx_word' id='word_1_556' title='bbox 2675 2947 2818 3000; x_wconf 90' lang='lat' dir='ltr'><strong>dicta</strong></span> <span class='ocrx_word' id='word_1_557' title='bbox 2854 2945 3024 3001; x_wconf 82' lang='lat' dir='ltr'><strong>fuisse</strong></span> <span class='ocrx_word' id='word_1_558' title='bbox 3051 2945 3107 3000; x_wconf 87' lang='lat' dir='ltr'><strong>in</strong></span> <span class='ocrx_word' id='word_1_559' title='bbox 3140 2960 3205 3000; x_wconf 90' lang='lat' dir='ltr'><strong>ea</strong></span> <span class='ocrx_word' id='word_1_560' title='bbox 3235 2944 3308 2999; x_wconf 88' lang='lat' dir='ltr'><strong>si-</strong></span> 
     </span>
    </p>
   </div>
   <div class='ocr_carea' id='block_1_74' title="bbox 1727 3037 3306 3115">
    <p class='ocr_par' dir='ltr' id='par_1_74' title="bbox 1727 3037 3306 3115">
     <span class='ocr_line' id='line_1_74' title="bbox 1727 3037 3306 3115; baseline -0.006 -17"><span class='ocrx_word' id='word_1_561' title='bbox 1727 3043 2077 3115; x_wconf 81' lang='lat' dir='ltr'><strong>gnificatione</strong></span> <span class='ocrx_word' id='word_1_562' title='bbox 2106 3056 2212 3110; x_wconf 87' lang='lat' dir='ltr'><strong>qua</strong></span> <span class='ocrx_word' id='word_1_563' title='bbox 2247 3040 2453 3094; x_wconf 90' lang='lat' dir='ltr'><strong>dictum</strong></span> <span class='ocrx_word' id='word_1_564' title='bbox 2485 3048 2631 3093; x_wconf 68' lang='lat' dir='ltr'><strong>estu</strong></span> <span class='ocrx_word' id='word_1_565' title='bbox 2652 3039 2840 3094; x_wconf 79' lang='lat' dir='ltr'><strong>Messis</strong></span> <span class='ocrx_word' id='word_1_566' title='bbox 2865 3038 3083 3109; x_wconf 87' lang='lat' dir='ltr'><strong>quidem</strong></span> <span class='ocrx_word' id='word_1_567' title='bbox 3113 3037 3306 3100; x_wconf 83' lang='lat' dir='ltr'><strong>multa,</strong></span> 
     </span>
    </p>
   </div>
   <div class='ocr_carea' id='block_1_75' title="bbox 1725 3127 3308 3203">
    <p class='ocr_par' dir='ltr' id='par_1_75' title="bbox 1725 3127 3308 3203">
     <span class='ocr_line' id='line_1_75' title="bbox 1725 3127 3308 3203; baseline -0.006 -15"><span class='ocrx_word' id='word_1_568' title='bbox 1725 3134 1964 3203; x_wconf 85' lang='lat' dir='ltr'><strong>operarii</strong></span> <span class='ocrx_word' id='word_1_569' title='bbox 2013 3142 2195 3187; x_wconf 77' lang='lat' dir='ltr'><strong>autem</strong></span> <span class='ocrx_word' id='word_1_570' title='bbox 2260 3133 2418 3202; x_wconf 88' lang='lat' dir='ltr'><strong>pauci</strong></span> <span class='ocrx_word' id='word_1_571' title='bbox 2456 3130 2524 3195; x_wconf 79' lang='grc'><strong>⁸⁵,</strong></span> <span class='ocrx_word' id='word_1_572' title='bbox 2562 3149 2580 3181; x_wconf 73' lang='grc' dir='ltr'>ι</span> <span class='ocrx_word' id='word_1_573' title='bbox 2604 3145 2668 3185; x_wconf 88' lang='lat' dir='ltr'><strong>eo</strong></span> <span class='ocrx_word' id='word_1_574' title='bbox 2699 3132 2840 3197; x_wconf 88' lang='lat' dir='ltr'><strong>quod</strong></span> <span class='ocrx_word' id='word_1_575' title='bbox 2863 3129 3039 3197; x_wconf 88' lang='lat' dir='ltr'><strong>parati</strong></span> <span class='ocrx_word' id='word_1_576' title='bbox 3070 3127 3137 3181; x_wconf 89' lang='lat' dir='ltr'><strong>ad</strong></span> <span class='ocrx_word' id='word_1_577' title='bbox 3166 3140 3308 3180; x_wconf 85' lang='lat' dir='ltr'><strong>mes-</strong></span> 
     </span>
    </p>
   </div>
   <div class='ocr_carea' id='block_1_76' title="bbox 1727 3220 3308 3295">
    <p class='ocr_par' dir='ltr' id='par_1_76' title="bbox 1727 3220 3308 3295">
     <span class='ocr_line' id='line_1_76' title="bbox 1727 3220 3308 3295; baseline -0.006 -13"><span class='ocrx_word' id='word_1_578' title='bbox 1727 3243 1863 3293; x_wconf 85' lang='lat' dir='ltr'><strong>sem,</strong></span> <span class='ocrx_word' id='word_1_579' title='bbox 1890 3236 1946 3282; x_wconf 90' lang='lat' dir='ltr'><strong>et</strong></span> <span class='ocrx_word' id='word_1_580' title='bbox 1974 3226 2151 3282; x_wconf 90' lang='lat' dir='ltr'><strong>idonei</strong></span> <span class='ocrx_word' id='word_1_581' title='bbox 2178 3226 2272 3295; x_wconf 86' lang='lat' dir='ltr'><strong>qui</strong></span> <span class='ocrx_word' id='word_1_582' title='bbox 2298 3224 2409 3291; x_wconf 86' lang='lat' dir='ltr'><strong>jam</strong></span> <span class='ocrx_word' id='word_1_583' title='bbox 2439 3224 2767 3278; x_wconf 87' lang='lat' dir='ltr'><strong>inducantur</strong></span> <span class='ocrx_word' id='word_1_584' title='bbox 2814 3221 2867 3274; x_wconf 90' lang='lat' dir='ltr'><strong>in</strong></span> <span class='ocrx_word' id='word_1_585' title='bbox 2900 3221 3178 3285; x_wconf 89' lang='lat' dir='ltr'><strong>horreum,</strong></span> <span class='ocrx_word' id='word_1_586' title='bbox 3198 3220 3308 3273; x_wconf 85' lang='lat' dir='ltr'><strong>sint</strong></span> 
     </span>
    </p>
   </div>
   <div class='ocr_carea' id='block_1_77' title="bbox 1725 3314 3306 3390">
    <p class='ocr_par' dir='ltr' id='par_1_77' title="bbox 1725 3314 3306 3390">
     <span class='ocr_line' id='line_1_77' title="bbox 1725 3314 3306 3390; baseline -0.004 -15"><span class='ocrx_word' id='word_1_587' title='bbox 1725 3321 1781 3375; x_wconf 90' lang='lat' dir='ltr'><strong>in</strong></span> <span class='ocrx_word' id='word_1_588' title='bbox 1805 3320 1995 3390; x_wconf 83' lang='lat' dir='ltr'><strong>requie</strong></span> <span class='ocrx_word' id='word_1_589' title='bbox 2036 3334 2133 3389; x_wconf 86' lang='lat' dir='ltr'><strong>per</strong></span> <span class='ocrx_word' id='word_1_590' title='bbox 2167 3317 2351 3383; x_wconf 86' lang='lat' dir='ltr'><strong>fidem,</strong></span> <span class='ocrx_word' id='word_1_591' title='bbox 2383 3324 2544 3385; x_wconf 86' lang='lat' dir='ltr'><strong>atque</strong></span> <span class='ocrx_word' id='word_1_592' title='bbox 2578 3314 2756 3369; x_wconf 88' lang='lat' dir='ltr'><strong>idonei</strong></span> <span class='ocrx_word' id='word_1_593' title='bbox 2784 3315 2850 3371; x_wconf 90' lang='lat' dir='ltr'><strong>ad</strong></span> <span class='ocrx_word' id='word_1_594' title='bbox 2893 3314 3123 3369; x_wconf 87' lang='lat' dir='ltr'><strong>salutem</strong></span> <span class='ocrx_word' id='word_1_595' title='bbox 3154 3321 3210 3368; x_wconf 89' lang='lat' dir='ltr'><strong>et</strong></span> <span class='ocrx_word' id='word_1_596' title='bbox 3238 3314 3306 3368; x_wconf 87' lang='lat' dir='ltr'><strong>ad</strong></span> 
     </span>
    </p>
   </div>
   <div class='ocr_carea' id='block_1_78' title="bbox 1720 3406 3304 3483">
    <p class='ocr_par' dir='ltr' id='par_1_78' title="bbox 1720 3406 3304 3483">
     <span class='ocr_line' id='line_1_78' title="bbox 1720 3406 3304 3483; baseline -0.005 -15"><span class='ocrx_word' id='word_1_597' title='bbox 1720 3415 2119 3483; x_wconf 83' lang='lat' dir='ltr'><strong>susceptionem</strong></span> <span class='ocrx_word' id='word_1_598' title='bbox 2157 3411 2305 3466; x_wconf 84' lang='lat' dir='ltr'><strong>verbi</strong></span> <span class='ocrx_word' id='word_1_599' title='bbox 2356 3409 2499 3482; x_wconf 79' lang='lat' dir='ltr'><strong>[Dei]</strong></span> <span class='ocrx_word' id='word_1_600' title='bbox 2532 3425 2547 3474; x_wconf 87' lang='lat'><strong>;</strong></span> <span class='ocrx_word' id='word_1_601' title='bbox 2586 3408 2881 3463; x_wconf 75' lang='lat' dir='ltr'><strong>secundum</strong></span> <span class='ocrx_word' id='word_1_602' title='bbox 2917 3406 3304 3463; x_wconf 82' lang='lat' dir='ltr'><strong>lieracleoncm</strong></span> 
     </span>
    </p>
   </div>
   <div class='ocr_carea' id='block_1_79' title="bbox 1721 3497 3307 3576">
    <p class='ocr_par' dir='ltr' id='par_1_79' title="bbox 1721 3497 3307 3576">
     <span class='ocr_line' id='line_1_79' title="bbox 1721 3497 3307 3576; baseline -0.004 -20"><span class='ocrx_word' id='word_1_603' title='bbox 1721 3506 1964 3574; x_wconf 81' lang='lat' dir='ltr'><strong>quidem,</strong></span> <span class='ocrx_word' id='word_1_604' title='bbox 2002 3505 2126 3576; x_wconf 89' lang='lat' dir='ltr'><strong>quia</strong></span> <span class='ocrx_word' id='word_1_605' title='bbox 2182 3504 2321 3558; x_wconf 88' lang='lat' dir='ltr'><strong>tales</strong></span> <span class='ocrx_word' id='word_1_606' title='bbox 2362 3502 2534 3556; x_wconf 89' lang='lat' dir='ltr'><strong>creati</strong></span> <span class='ocrx_word' id='word_1_607' title='bbox 2569 3500 2794 3567; x_wconf 83' lang='lat' dir='ltr'><strong>fuerint,</strong></span> <span class='ocrx_word' id='word_1_608' title='bbox 2825 3508 2881 3555; x_wconf 90' lang='lat' dir='ltr'><strong>et</strong></span> <span class='ocrx_word' id='word_1_609' title='bbox 2908 3499 3068 3554; x_wconf 86' lang='lat' dir='ltr'><strong>talem</strong></span> <span class='ocrx_word' id='word_1_610' title='bbox 3100 3497 3307 3552; x_wconf 84' lang='lat' dir='ltr'><strong>habue-</strong></span> 
     </span>
    </p>
   </div>
   <div class='ocr_carea' id='block_1_80' title="bbox 1721 3592 3306 3661">
    <p class='ocr_par' dir='ltr' id='par_1_80' title="bbox 1721 3592 3306 3661">
     <span class='ocr_line' id='line_1_80' title="bbox 1721 3592 3306 3661; baseline -0.004 -10"><span class='ocrx_word' id='word_1_611' title='bbox 1721 3597 1833 3653; x_wconf 89' lang='lat' dir='ltr'><strong>rint</strong></span> <span class='ocrx_word' id='word_1_612' title='bbox 1864 3607 2112 3653; x_wconf 85' lang='lat' dir='ltr'><strong>naturam</strong></span> <span class='ocrx_word' id='word_1_613' title='bbox 2143 3612 2159 3661; x_wconf 90' lang='lat'><strong>;</strong></span> <span class='ocrx_word' id='word_1_614' title='bbox 2188 3596 2486 3651; x_wconf 88' lang='lat' dir='ltr'><strong>secundum</strong></span> <span class='ocrx_word' id='word_1_615' title='bbox 2514 3592 2952 3649; x_wconf 87' lang='lat' dir='ltr'><strong>ecclesiasticum</strong></span> <span class='ocrx_word' id='word_1_616' title='bbox 2995 3604 3147 3656; x_wconf 88' lang='lat' dir='ltr'><strong>vero,</strong></span> <span class='ocrx_word' id='word_1_617' title='bbox 3179 3604 3306 3659; x_wconf 86' lang='lat' dir='ltr'><strong>pro-</strong></span> 
     </span>
    </p>
   </div>
   <div class='ocr_carea' id='block_1_81' title="bbox 1718 3683 3300 3760">
    <p class='ocr_par' dir='ltr' id='par_1_81' title="bbox 1718 3683 3300 3760">
     <span class='ocr_line' id='line_1_81' title="bbox 1718 3683 3300 3760; baseline -0.005 -17"><span class='ocrx_word' id='word_1_618' title='bbox 1718 3695 1843 3760; x_wconf 84' lang='lat' dir='ltr'><strong>pter</strong></span> <span class='ocrx_word' id='word_1_619' title='bbox 1873 3689 2163 3759; x_wconf 86' lang='lat' dir='ltr'><strong>quamdam</strong></span> <span class='ocrx_word' id='word_1_620' title='bbox 2187 3686 2500 3757; x_wconf 84' lang='lat' dir='ltr'><strong>diligentem</strong></span> <span class='ocrx_word' id='word_1_621' title='bbox 2544 3684 2993 3756; x_wconf 68' lang='lat' dir='ltr'><strong>prmparationem</strong></span> <span class='ocrx_word' id='word_1_622' title='bbox 3025 3683 3146 3752; x_wconf 85' lang='lat' dir='ltr'><strong>ejus</strong></span> <span class='ocrx_word' id='word_1_623' title='bbox 3172 3697 3300 3753; x_wconf 87' lang='lat' dir='ltr'><strong>par-</strong></span> 
     </span>
    </p>
   </div>
   <div class='ocr_carea' id='block_1_82' title="bbox 1718 3777 3304 3846">
    <p class='ocr_par' dir='ltr' id='par_1_82' title="bbox 1718 3777 3304 3846">
     <span class='ocr_line' id='line_1_82' title="bbox 1718 3777 3304 3846; baseline -0.005 -12"><span class='ocrx_word' id='word_1_624' title='bbox 1718 3779 1791 3834; x_wconf 88' lang='lat' dir='ltr'><strong>tis</strong></span> <span class='ocrx_word' id='word_1_625' title='bbox 1818 3779 2017 3833; x_wconf 73' lang='lat' dir='ltr'><strong>animze</strong></span> <span class='ocrx_word' id='word_1_626' title='bbox 2036 3793 2154 3846; x_wconf 70' lang='lat' dir='ltr'><strong>quae</strong></span> <span class='ocrx_word' id='word_1_627' title='bbox 2179 3777 2627 3846; x_wconf 69' lang='lat' dir='ltr'><strong>praestantissima</strong></span> <span class='ocrx_word' id='word_1_628' title='bbox 2655 3784 2761 3841; x_wconf 86' lang='lat' dir='ltr'><strong>est,</strong></span> <span class='ocrx_word' id='word_1_629' title='bbox 2804 3784 3010 3844; x_wconf 68' lang='lat' dir='ltr'><strong>paratae</strong></span> <span class='ocrx_word' id='word_1_630' title='bbox 3027 3781 3081 3828; x_wconf 88' lang='lat' dir='ltr'><strong>et</strong></span> <span class='ocrx_word' id='word_1_631' title='bbox 3120 3787 3304 3842; x_wconf 82' lang='lat' dir='ltr'><strong>prom-</strong></span> 
     </span>
    </p>
   </div>
   <div class='ocr_carea' id='block_1_83' title="bbox 1719 3856 3304 3939">
    <p class='ocr_par' dir='ltr' id='par_1_83' title="bbox 1719 3856 3304 3939">
     <span class='ocr_line' id='line_1_83' title="bbox 1719 3856 3304 3939; baseline -0.006 -17"><span class='ocrx_word' id='word_1_632' title='bbox 1719 3881 1825 3939; x_wconf 78' lang='lat' dir='ltr'><strong>pta:</strong></span> <span class='ocrx_word' id='word_1_633' title='bbox 1856 3871 1921 3923; x_wconf 88' lang='lat' dir='ltr'><strong>ad</strong></span> <span class='ocrx_word' id='word_1_634' title='bbox 1952 3867 2343 3938; x_wconf 79' lang='lat' dir='ltr'><strong>perfectionem</strong></span> <span class='ocrx_word' id='word_1_635' title='bbox 2362 3905 2379 3931; x_wconf 95' lang='lat'><strong>,</strong></span> <span class='ocrx_word' id='word_1_636' title='bbox 2410 3856 2470 3919; x_wconf 82' lang='grc' dir='ltr'>ὺι</span> <span class='ocrx_word' id='word_1_637' title='bbox 2499 3878 2567 3919; x_wconf 90' lang='lat' dir='ltr'><strong>ne</strong></span> <span class='ocrx_word' id='word_1_638' title='bbox 2597 3863 2762 3919; x_wconf 89' lang='lat' dir='ltr'><strong>etiam</strong></span> <span class='ocrx_word' id='word_1_639' title='bbox 2806 3871 3058 3917; x_wconf 86' lang='lat' dir='ltr'><strong>metatur.</strong></span> <span class='ocrx_word' id='word_1_640' title='bbox 3087 3859 3195 3916; x_wconf 87' lang='lat' dir='ltr'><strong>Sed</strong></span> <span class='ocrx_word' id='word_1_641' title='bbox 3222 3860 3304 3914; x_wconf 91' lang='lat' dir='ltr'><strong>di-</strong></span> 
     </span>
    </p>
   </div>
   <div class='ocr_carea' id='block_1_84' title="bbox 1716 3957 3299 4027">
    <p class='ocr_par' dir='ltr' id='par_1_84' title="bbox 1716 3957 3299 4027">
     <span class='ocr_line' id='line_1_84' title="bbox 1716 3957 3299 4027; baseline -0.009 -10"><span class='ocrx_word' id='word_1_642' title='bbox 1716 3963 1943 4017; x_wconf 88' lang='lat' dir='ltr'><strong>cendum</strong></span> <span class='ocrx_word' id='word_1_643' title='bbox 1970 3970 2056 4014; x_wconf 90' lang='lat' dir='ltr'><strong>est</strong></span> <span class='ocrx_word' id='word_1_644' title='bbox 2085 3960 2168 4013; x_wconf 88' lang='lat' dir='ltr'><strong>his</strong></span> <span class='ocrx_word' id='word_1_645' title='bbox 2186 3959 2278 4027; x_wconf 89' lang='lat' dir='ltr'><strong>qui</strong></span> <span class='ocrx_word' id='word_1_646' title='bbox 2308 3957 2454 4011; x_wconf 89' lang='lat' dir='ltr'><strong>hunc</strong></span> <span class='ocrx_word' id='word_1_647' title='bbox 2475 3957 2527 4011; x_wconf 91' lang='lat' dir='ltr'><strong>in</strong></span> <span class='ocrx_word' id='word_1_648' title='bbox 2558 3957 2774 4011; x_wconf 89' lang='lat' dir='ltr'><strong>modum</strong></span> <span class='ocrx_word' id='word_1_649' title='bbox 2801 3959 3196 4023; x_wconf 79' lang='lat' dir='ltr'><strong>exposuerunt,</strong></span> <span class='ocrx_word' id='word_1_650' title='bbox 3230 3964 3299 4003; x_wconf 90' lang='lat' dir='ltr'><strong>an</strong></span> 
     </span>
    </p>
   </div>
   <div class='ocr_carea' id='block_1_85' title="bbox 1718 4038 3300 4117">
    <p class='ocr_par' dir='ltr' id='par_1_85' title="bbox 1718 4038 3300 4117">
     <span class='ocr_line' id='line_1_85' title="bbox 1718 4038 3300 4117; baseline -0.01 -8"><span class='ocrx_word' id='word_1_651' title='bbox 1718 4054 1886 4109; x_wconf 88' lang='lat' dir='ltr'><strong>velint</strong></span> <span class='ocrx_word' id='word_1_652' title='bbox 1915 4051 2206 4106; x_wconf 87' lang='lat' dir='ltr'><strong>admittere</strong></span> <span class='ocrx_word' id='word_1_653' title='bbox 2236 4062 2513 4117; x_wconf 88' lang='lat' dir='ltr'><strong>nunquam</strong></span> <span class='ocrx_word' id='word_1_654' title='bbox 2553 4046 2752 4100; x_wconf 87' lang='lat' dir='ltr'><strong>factam</strong></span> <span class='ocrx_word' id='word_1_655' title='bbox 2800 4044 2968 4099; x_wconf 88' lang='lat' dir='ltr'><strong>fuisse</strong></span> <span class='ocrx_word' id='word_1_656' title='bbox 3009 4050 3136 4096; x_wconf 88' lang='lat' dir='ltr'><strong>ante</strong></span> <span class='ocrx_word' id='word_1_657' title='bbox 3169 4038 3300 4095; x_wconf 83' lang='lat' dir='ltr'><strong>Ser-</strong></span> 
     </span>
    </p>
   </div>
   <div class='ocr_carea' id='block_1_86' title="bbox 1716 4133 3299 4205">
    <p class='ocr_par' dir='ltr' id='par_1_86' title="bbox 1716 4133 3299 4205">
     <span class='ocr_line' id='line_1_86' title="bbox 1716 4133 3299 4205; baseline -0.007 -4"><span class='ocrx_word' id='word_1_658' title='bbox 1716 4147 1921 4201; x_wconf 86' lang='lat' dir='ltr'><strong>vatoris</strong></span> <span class='ocrx_word' id='word_1_659' title='bbox 1955 4144 2125 4200; x_wconf 87' lang='lat' dir='ltr'><strong>nostri</strong></span> <span class='ocrx_word' id='word_1_660' title='bbox 2156 4144 2446 4199; x_wconf 89' lang='lat' dir='ltr'><strong>adventum</strong></span> <span class='ocrx_word' id='word_1_661' title='bbox 2487 4154 2718 4196; x_wconf 87' lang='lat' dir='ltr'><strong>messem</strong></span> <span class='ocrx_word' id='word_1_662' title='bbox 2746 4138 2978 4194; x_wconf 89' lang='lat' dir='ltr'><strong>similem</strong></span> <span class='ocrx_word' id='word_1_663' title='bbox 3012 4136 3107 4205; x_wconf 66' lang='lat' dir='ltr'><strong>illi;</strong></span> <span class='ocrx_word' id='word_1_664' title='bbox 3134 4133 3299 4191; x_wconf 88' lang='lat' dir='ltr'><strong>messi</strong></span> 
     </span>
    </p>
   </div>
   <div class='ocr_carea' id='block_1_87' title="bbox 1715 4225 3298 4308">
    <p class='ocr_par' dir='ltr' id='par_1_87' title="bbox 1715 4225 3298 4308">
     <span class='ocr_line' id='line_1_87' title="bbox 1715 4225 3298 4308; baseline -0.006 -20"><span class='ocrx_word' id='word_1_665' title='bbox 1715 4252 1838 4308; x_wconf 74' lang='lat' dir='ltr'><strong>qnze</strong></span> <span class='ocrx_word' id='word_1_666' title='bbox 1855 4236 1933 4292; x_wconf 90' lang='lat' dir='ltr'><strong>sic</strong></span> <span class='ocrx_word' id='word_1_667' title='bbox 1955 4235 2274 4305; x_wconf 88' lang='lat' dir='ltr'><strong>sperabatur</strong></span> <span class='ocrx_word' id='word_1_668' title='bbox 2288 4249 2317 4287; x_wconf 89' lang='lat' dir='ltr'><strong>a</strong></span> <span class='ocrx_word' id='word_1_669' title='bbox 2337 4229 2664 4302; x_wconf 89' lang='lat' dir='ltr'><strong>temporibus</strong></span> <span class='ocrx_word' id='word_1_670' title='bbox 2682 4227 3008 4299; x_wconf 70' lang='lat' dir='ltr'><strong>evangelica:</strong></span> <span class='ocrx_word' id='word_1_671' title='bbox 3034 4225 3298 4296; x_wconf 77' lang='lat' dir='ltr'><strong>prtedica-</strong></span> 
     </span>
    </p>
   </div>
   <div class='ocr_carea' id='block_1_88' title="bbox 1716 4319 3301 4397">
    <p class='ocr_par' dir='ltr' id='par_1_88' title="bbox 1716 4319 3301 4397">
     <span class='ocr_line' id='line_1_88' title="bbox 1716 4319 3301 4397; baseline -0.008 -11"><span class='ocrx_word' id='word_1_672' title='bbox 1716 4331 1899 4386; x_wconf 91' lang='lat' dir='ltr'><strong>tionis.</strong></span> <span class='ocrx_word' id='word_1_673' title='bbox 1926 4328 2058 4383; x_wconf 86' lang='lat' dir='ltr'><strong>Nam</strong></span> <span class='ocrx_word' id='word_1_674' title='bbox 2079 4328 2145 4392; x_wconf 91' lang='lat' dir='ltr'><strong>si,</strong></span> <span class='ocrx_word' id='word_1_675' title='bbox 2167 4328 2289 4397; x_wconf 84' lang='lat' dir='ltr'><strong>quia</strong></span> <span class='ocrx_word' id='word_1_676' title='bbox 2311 4336 2431 4384; x_wconf 90' lang='lat' dir='ltr'><strong>erat</strong></span> <span class='ocrx_word' id='word_1_677' title='bbox 2448 4325 2638 4381; x_wconf 78' lang='lat' dir='ltr'><strong>messis</strong></span> <span class='ocrx_word' id='word_1_678' title='bbox 2658 4322 2850 4386; x_wconf 86' lang='lat' dir='ltr'><strong>multa,</strong></span> <span class='ocrx_word' id='word_1_679' title='bbox 2869 4319 3028 4376; x_wconf 89' lang='lat' dir='ltr'><strong>multi</strong></span> <span class='ocrx_word' id='word_1_680' title='bbox 3054 4319 3301 4376; x_wconf 81' lang='lat' dir='ltr'><strong>credide—</strong></span> 
     </span>
    </p>
   </div>
   <div class='ocr_carea' id='block_1_89' title="bbox 1713 4413 3302 4491">
    <p class='ocr_par' dir='ltr' id='par_1_89' title="bbox 1713 4413 3302 4491">
     <span class='ocr_line' id='line_1_89' title="bbox 1713 4413 3302 4491; baseline -0.008 -14"><span class='ocrx_word' id='word_1_681' title='bbox 1713 4430 2177 4491; x_wconf 84' lang='lat' dir='ltr'><strong>runt,quanquam</strong></span> <span class='ocrx_word' id='word_1_682' title='bbox 2198 4419 2384 4488; x_wconf 88' lang='lat' dir='ltr'><strong>paucis</strong></span> <span class='ocrx_word' id='word_1_683' title='bbox 2395 4415 2783 4471; x_wconf 77' lang='lat' dir='ltr'><strong>exsistentibus</strong></span> <span class='ocrx_word' id='word_1_684' title='bbox 2799 4413 3068 4484; x_wconf 81' lang='lat' dir='ltr'><strong>Operariis</strong></span> <span class='ocrx_word' id='word_1_685' title='bbox 3084 4419 3302 4482; x_wconf 89' lang='lat' dir='ltr'><strong>aposto-</strong></span> 
     </span>
    </p>
   </div>
   <div class='ocr_carea' id='block_1_90' title="bbox 1713 4502 3301 4583">
    <p class='ocr_par' dir='ltr' id='par_1_90' title="bbox 1713 4502 3301 4583">
     <span class='ocr_line' id='line_1_90' title="bbox 1713 4502 3301 4583; baseline -0.006 -17"><span class='ocrx_word' id='word_1_686' title='bbox 1713 4512 1803 4580; x_wconf 86' lang='lat' dir='ltr'><strong>lis,</strong></span> <span class='ocrx_word' id='word_1_687' title='bbox 1834 4514 2241 4583; x_wconf 84' lang='lat' dir='ltr'><strong>comparatione</strong></span> <span class='ocrx_word' id='word_1_688' title='bbox 2272 4508 2632 4564; x_wconf 89' lang='lat' dir='ltr'><strong>multitudinis</strong></span> <span class='ocrx_word' id='word_1_689' title='bbox 2659 4502 3301 4576; x_wconf 87' lang='lat' dir='ltr'><strong>suscipientiumverbum</strong></span> 
     </span>
    </p>
   </div>
   <div class='ocr_carea' id='block_1_91' title="bbox 43 4594 1626 4685">
    <p class='ocr_par' dir='ltr' id='par_1_91' title="bbox 43 4601 1612 4677">
     <span class='ocr_line' id='line_1_91' title="bbox 43 4601 1612 4677; baseline 0.001 -23"><span class='ocrx_word' id='word_1_690' title='bbox 43 4601 213 4657; x_wconf 73' lang='grc' dir='ltr'>λευγαί</span> <span class='ocrx_word' id='word_1_691' title='bbox 232 4607 340 4658; x_wconf 75' lang='grc' dir='ltr'>εἱσι</span> <span class='ocrx_word' id='word_1_692' title='bbox 371 4605 512 4675; x_wconf 84' lang='grc' dir='ltr'>πρὸς</span> <span class='ocrx_word' id='word_1_693' title='bbox 540 4602 795 4677; x_wconf 77' lang='grc' dir='ltr'>θερισμὸν</span> <span class='ocrx_word' id='word_1_694' title='bbox 827 4604 949 4676; x_wconf 74' lang='grc' dir='ltr'>ήδη,</span> <span class='ocrx_word' id='word_1_695' title='bbox 991 4623 1010 4656; x_wconf 74' lang='grc' dir='ltr'>ι</span> <span class='ocrx_word' id='word_1_696' title='bbox 1043 4604 1213 4669; x_wconf 75' lang='grc' dir='ltr'>οὐδεὶς</span> <span class='ocrx_word' id='word_1_697' title='bbox 1245 4604 1351 4676; x_wconf 84' lang='grc' dir='ltr'><strong>πρὸ</strong></span> <span class='ocrx_word' id='word_1_698' title='bbox 1376 4605 1476 4674; x_wconf 77' lang='grc' dir='ltr'><strong>τῆς</strong></span> <span class='ocrx_word' id='word_1_699' title='bbox 1507 4621 1612 4656; x_wconf 88' lang='grc' dir='ltr'>σω-</span> 
     </span>
    </p>
   </div>
   <div class='ocr_carea' id='block_1_92' title="bbox 1742 4594 3302 4685">
    <p class='ocr_par' dir='ltr' id='par_1_92' title="bbox 1742 4594 3302 4672">
     <span class='ocr_line' id='line_1_92' title="bbox 1742 4594 3302 4672; baseline -0.006 -13"><span class='ocrx_word' id='word_1_700' title='bbox 1742 4605 1808 4662; x_wconf 77' lang='lat' dir='ltr'><strong>lei</strong></span> <span class='ocrx_word' id='word_1_701' title='bbox 1845 4620 1861 4670; x_wconf 91' lang='lat'><strong>;</strong></span> <span class='ocrx_word' id='word_1_702' title='bbox 1898 4604 1979 4658; x_wconf 78' lang='lat' dir='ltr'><strong>vel</strong></span> <span class='ocrx_word' id='word_1_703' title='bbox 2006 4612 2227 4672; x_wconf 84' lang='lat' dir='ltr'><strong>propter</strong></span> <span class='ocrx_word' id='word_1_704' title='bbox 2253 4602 2381 4658; x_wconf 86' lang='lat' dir='ltr'><strong>illud</strong></span> <span class='ocrx_word' id='word_1_705' title='bbox 2420 4620 2435 4656; x_wconf 87' lang='lat'><strong>:</strong></span> <span class='ocrx_word' id='word_1_706' title='bbox 2473 4619 2492 4653; x_wconf 75' lang='grc' dir='ltr'><strong>ι</strong></span> <span class='ocrx_word' id='word_1_707' title='bbox 2518 4598 2711 4655; x_wconf 80' lang='lat' dir='ltr'><strong>Videte</strong></span> <span class='ocrx_word' id='word_1_708' title='bbox 2741 4598 2992 4668; x_wconf 84' lang='lat' dir='ltr'><strong>regiones</strong></span> <span class='ocrx_word' id='word_1_709' title='bbox 3011 4596 3121 4665; x_wconf 84' lang='lat' dir='ltr'><strong>jam</strong></span> <span class='ocrx_word' id='word_1_710' title='bbox 3147 4594 3302 4650; x_wconf 84' lang='lat' dir='ltr'><strong>albas</strong></span> 
     </span>
    </p>
   </div>
   <div class='ocr_carea' id='block_1_93' title="bbox 44 4686 1626 4768">
    <p class='ocr_par' dir='ltr' id='par_1_93' title="bbox 44 4695 1607 4768">
     <span class='ocr_line' id='line_1_93' title="bbox 44 4695 1607 4768; baseline 0.001 -21"><span class='ocrx_word' id='word_1_711' title='bbox 44 4696 262 4766; x_wconf 73' lang='grc' dir='ltr'>μιτικῆς</span> <span class='ocrx_word' id='word_1_712' title='bbox 287 4695 385 4749; x_wconf 75' lang='grc' dir='ltr'><strong>τοῦ</strong></span> <span class='ocrx_word' id='word_1_713' title='bbox 417 4695 671 4766; x_wconf 79' lang='grc' dir='ltr'>Σωτῆρος</span> <span class='ocrx_word' id='word_1_714' title='bbox 715 4695 872 4768; x_wconf 79' lang='grc' dir='ltr'>ἡμῶν</span> <span class='ocrx_word' id='word_1_715' title='bbox 916 4696 1210 4767; x_wconf 86' lang='grc' dir='ltr'>ἐπιδημίας</span> <span class='ocrx_word' id='word_1_716' title='bbox 1249 4696 1607 4762; x_wconf 86' lang='grc' dir='ltr'>πεπίστευκε,</span> 
     </span>
    </p>
   </div>
   <div class='ocr_carea' id='block_1_94' title="bbox 1742 4686 3303 4768">
    <p class='ocr_par' dir='ltr' id='par_1_94' title="bbox 1742 4686 3303 4761">
     <span class='ocr_line' id='line_1_94' title="bbox 1742 4686 3303 4761; baseline -0.007 -11"><span class='ocrx_word' id='word_1_717' title='bbox 1742 4711 1838 4752; x_wconf 74' lang='lat' dir='ltr'><strong>:sse</strong></span> <span class='ocrx_word' id='word_1_718' title='bbox 1854 4696 1922 4749; x_wconf 86' lang='lat' dir='ltr'><strong>ad</strong></span> <span class='ocrx_word' id='word_1_719' title='bbox 1950 4710 2183 4749; x_wconf 85' lang='lat' dir='ltr'><strong>messem</strong></span> <span class='ocrx_word' id='word_1_720' title='bbox 2212 4694 2316 4758; x_wconf 69' lang='lat' dir='ltr'><strong>“,i</strong></span> <span class='ocrx_word' id='word_1_721' title='bbox 2338 4692 2518 4747; x_wconf 90' lang='lat' dir='ltr'><strong>nullus</strong></span> <span class='ocrx_word' id='word_1_722' title='bbox 2538 4701 2664 4746; x_wconf 89' lang='lat' dir='ltr'><strong>ante</strong></span> <span class='ocrx_word' id='word_1_723' title='bbox 2677 4690 3016 4761; x_wconf 90' lang='lat' dir='ltr'><strong>corporalem</strong></span> <span class='ocrx_word' id='word_1_724' title='bbox 3047 4686 3303 4742; x_wconf 81' lang='lat' dir='ltr'><strong>Servato-</strong></span> 
     </span>
    </p>
   </div>
   <div class='ocr_carea' id='block_1_95' title="bbox 44 4778 1626 4860">
    <p class='ocr_par' dir='ltr' id='par_1_95' title="bbox 44 4787 1610 4860">
     <span class='ocr_line' id='line_1_95' title="bbox 44 4787 1610 4860; baseline 0.003 -23"><span class='ocrx_word' id='word_1_725' title='bbox 44 4788 141 4840; x_wconf 71' lang='grc' dir='ltr'>ἀλλ’</span> <span class='ocrx_word' id='word_1_726' title='bbox 164 4788 286 4843; x_wconf 77' lang='grc' dir='ltr'>οὐδὲ</span> <span class='ocrx_word' id='word_1_727' title='bbox 304 4788 501 4858; x_wconf 88' lang='grc' dir='ltr'>γέγονέ</span> <span class='ocrx_word' id='word_1_728' title='bbox 526 4805 611 4853; x_wconf 86' lang='grc' dir='ltr'><strong>τις</strong></span> <span class='ocrx_word' id='word_1_729' title='bbox 630 4787 993 4843; x_wconf 84' lang='grc' dir='ltr'>πιστευόντων</span> <span class='ocrx_word' id='word_1_730' title='bbox 1016 4790 1276 4860; x_wconf 85' lang='grc' dir='ltr'>ἐργάτης,</span> <span class='ocrx_word' id='word_1_731' title='bbox 1299 4789 1435 4860; x_wconf 82' lang='grc' dir='ltr'>ὅπερ</span> <span class='ocrx_word' id='word_1_732' title='bbox 1461 4788 1610 4842; x_wconf 76' lang='grc' dir='ltr'>ἐστὶν</span> 
     </span>
    </p>
   </div>
   <div class='ocr_carea' id='block_1_96' title="bbox 1742 4778 3300 4860">
    <p class='ocr_par' dir='ltr' id='par_1_96' title="bbox 1742 4778 3300 4856">
     <span class='ocr_line' id='line_1_96' title="bbox 1742 4778 3300 4856; baseline -0.009 -13"><span class='ocrx_word' id='word_1_733' title='bbox 1742 4789 1793 4843; x_wconf 74' lang='lat' dir='ltr'><strong>&#39;is</strong></span> <span class='ocrx_word' id='word_1_734' title='bbox 1815 4787 1987 4842; x_wconf 89' lang='lat' dir='ltr'><strong>nostri</strong></span> <span class='ocrx_word' id='word_1_735' title='bbox 2010 4789 2300 4841; x_wconf 86' lang='lat' dir='ltr'><strong>adventum</strong></span> <span class='ocrx_word' id='word_1_736' title='bbox 2320 4785 2574 4850; x_wconf 87' lang='lat' dir='ltr'><strong>credidit,</strong></span> <span class='ocrx_word' id='word_1_737' title='bbox 2596 4798 2773 4856; x_wconf 86' lang='lat' dir='ltr'><strong>neque</strong></span> <span class='ocrx_word' id='word_1_738' title='bbox 2790 4784 2953 4838; x_wconf 88' lang='lat' dir='ltr'><strong>etiam</strong></span> <span class='ocrx_word' id='word_1_739' title='bbox 2979 4778 3300 4847; x_wconf 34' lang='lat' dir='ltr'><strong>fuitlaliquis</strong></span> 
     </span>
    </p>
   </div>
   <div class='ocr_carea' id='block_1_97' title="bbox 42 4866 1626 4954">
    <p class='ocr_par' dir='ltr' id='par_1_97' title="bbox 42 4880 1609 4954">
     <span class='ocr_line' id='line_1_97' title="bbox 42 4880 1609 4954; baseline 0.002 -24"><span class='ocrx_word' id='word_1_740' title='bbox 42 4880 372 4936; x_wconf 67' lang='grc' dir='ltr'>ἀτοπώτατον</span> <span class='ocrx_word' id='word_1_741' title='bbox 401 4881 656 4951; x_wconf 84' lang='grc' dir='ltr'>φάσκειν,</span> <span class='ocrx_word' id='word_1_742' title='bbox 691 4881 962 4954; x_wconf 70' lang='grc' dir='ltr'>Ἀϐραάμ,</span> <span class='ocrx_word' id='word_1_743' title='bbox 989 4883 1086 4935; x_wconf 78' lang='grc' dir='ltr'><strong>καὶ</strong></span> <span class='ocrx_word' id='word_1_744' title='bbox 1114 4881 1338 4948; x_wconf 84' lang='grc' dir='ltr'>Μωσέα,</span> <span class='ocrx_word' id='word_1_745' title='bbox 1363 4880 1609 4944; x_wconf 78' lang='grc' dir='ltr'>καὶτοὺς</span> 
     </span>
    </p>
   </div>
   <div class='ocr_carea' id='block_1_98' title="bbox 1742 4866 3296 4954">
    <p class='ocr_par' dir='ltr' id='par_1_98' title="bbox 1742 4866 3296 4951">
     <span class='ocr_line' id='line_1_98' title="bbox 1742 4866 3296 4951; baseline -0.009 -18"><span class='ocrx_word' id='word_1_746' title='bbox 1742 4879 1996 4950; x_wconf 70' lang='grc' dir='ltr'>ιρειονίιιε</span> <span class='ocrx_word' id='word_1_747' title='bbox 2029 4876 2402 4951; x_wconf 85' lang='lat' dir='ltr'><strong>credentium,</strong></span> <span class='ocrx_word' id='word_1_748' title='bbox 2438 4877 2581 4946; x_wconf 88' lang='lat' dir='ltr'><strong>quod</strong></span> <span class='ocrx_word' id='word_1_749' title='bbox 2610 4885 2695 4931; x_wconf 90' lang='lat' dir='ltr'><strong>est</strong></span> <span class='ocrx_word' id='word_1_750' title='bbox 2732 4870 3174 4928; x_wconf 86' lang='lat' dir='ltr'><strong>absurdissimum</strong></span> <span class='ocrx_word' id='word_1_751' title='bbox 3207 4866 3296 4920; x_wconf 83' lang='lat' dir='ltr'><strong>di-</strong></span> 
     </span>
    </p>
   </div>
   <div class='ocr_carea' id='block_1_99' title="bbox 45 4961 1626 5043">
    <p class='ocr_par' dir='ltr' id='par_1_99' title="bbox 45 4969 1607 5043">
     <span class='ocr_line' id='line_1_99' title="bbox 45 4969 1607 5043; baseline 0.003 -23"><span class='ocrx_word' id='word_1_752' title='bbox 45 4972 311 5043; x_wconf 68' lang='grc' dir='ltr'>προῳήτας</span> <span class='ocrx_word' id='word_1_753' title='bbox 344 4972 485 5043; x_wconf 81' lang='grc' dir='ltr'>μήτε</span> <span class='ocrx_word' id='word_1_754' title='bbox 513 4972 615 5042; x_wconf 84' lang='grc' dir='ltr'><strong>τὴν</strong></span> <span class='ocrx_word' id='word_1_755' title='bbox 639 4971 748 5025; x_wconf 85' lang='grc' dir='ltr'>τῶν</span> <span class='ocrx_word' id='word_1_756' title='bbox 778 4971 1025 5043; x_wconf 79' lang='grc' dir='ltr'>ἐργατῶν</span> <span class='ocrx_word' id='word_1_757' title='bbox 1059 4970 1350 5042; x_wconf 76' lang='grc' dir='ltr'>ἐσχηκέναι</span> <span class='ocrx_word' id='word_1_758' title='bbox 1397 4969 1607 5042; x_wconf 83' lang='grc' dir='ltr'>χώραν,</span> 
     </span>
    </p>
   </div>
   <div class='ocr_carea' id='block_1_100' title="bbox 1742 4961 3297 5043">
    <p class='ocr_par' dir='ltr' id='par_1_100' title="bbox 1742 4961 3297 5035">
     <span class='ocr_line' id='line_1_100' title="bbox 1742 4961 3297 5035; baseline -0.01 -13"><span class='ocrx_word' id='word_1_759' title='bbox 1742 4978 1831 5035; x_wconf 87' lang='lat' dir='ltr'><strong>:tu,</strong></span> <span class='ocrx_word' id='word_1_760' title='bbox 1854 4969 1898 5024; x_wconf 91' lang='lat' dir='ltr'><strong>si</strong></span> <span class='ocrx_word' id='word_1_761' title='bbox 1924 4967 2223 5033; x_wconf 85' lang='lat' dir='ltr'><strong>Abraham,</strong></span> <span class='ocrx_word' id='word_1_762' title='bbox 2250 4975 2305 5022; x_wconf 91' lang='lat' dir='ltr'><strong>et</strong></span> <span class='ocrx_word' id='word_1_763' title='bbox 2336 4966 2534 5032; x_wconf 81' lang='lat' dir='ltr'><strong>Moses,</strong></span> <span class='ocrx_word' id='word_1_764' title='bbox 2569 4972 2626 5019; x_wconf 92' lang='lat' dir='ltr'><strong>et</strong></span> <span class='ocrx_word' id='word_1_765' title='bbox 2662 4961 2938 5033; x_wconf 83' lang='lat' dir='ltr'><strong>prophetae</strong></span> <span class='ocrx_word' id='word_1_766' title='bbox 2965 4970 3065 5012; x_wconf 87' lang='lat' dir='ltr'><strong>nec</strong></span> <span class='ocrx_word' id='word_1_767' title='bbox 3100 4968 3297 5025; x_wconf 82' lang='lat' dir='ltr'><strong>cpera-</strong></span> 
     </span>
    </p>
   </div>
   <div class='ocr_carea' id='block_1_101' title="bbox 44 5045 1626 5136">
    <p class='ocr_par' dir='ltr' id='par_1_101' title="bbox 44 5063 1604 5136">
     <span class='ocr_line' id='line_1_101' title="bbox 44 5063 1604 5136; baseline 0.001 -21"><span class='ocrx_word' id='word_1_768' title='bbox 44 5065 160 5133; x_wconf 69' lang='grc' dir='ltr'>μήτε</span> <span class='ocrx_word' id='word_1_769' title='bbox 188 5064 290 5135; x_wconf 72' lang='grc' dir='ltr'>τήν</span> <span class='ocrx_word' id='word_1_770' title='bbox 325 5064 438 5118; x_wconf 84' lang='grc' dir='ltr'><strong>τῶν</strong></span> <span class='ocrx_word' id='word_1_771' title='bbox 473 5063 833 5135; x_wconf 79' lang='grc' dir='ltr'>θεριζομένων</span> <span class='ocrx_word' id='word_1_772' title='bbox 858 5081 873 5095; x_wconf 73' lang='grc'><strong><em>⁸</em></strong></span> <span class='ocrx_word' id='word_1_773' title='bbox 903 5064 973 5136; x_wconf 78' lang='grc' dir='ltr'>ἢ,</span> <span class='ocrx_word' id='word_1_774' title='bbox 1006 5063 1165 5135; x_wconf 78' lang='grc' dir='ltr'>εἴπερ</span> <span class='ocrx_word' id='word_1_775' title='bbox 1210 5064 1305 5117; x_wconf 70' lang='grc' dir='ltr'><strong>καὶ</strong></span> <span class='ocrx_word' id='word_1_776' title='bbox 1341 5063 1604 5135; x_wconf 83' lang='grc' dir='ltr'>πρότερον</span> 
     </span>
    </p>
   </div>
   <div class='ocr_carea' id='block_1_102' title="bbox 1742 5045 3296 5136">
    <p class='ocr_par' dir='ltr' id='par_1_102' title="bbox 1745 5045 3296 5129">
     <span class='ocr_line' id='line_1_102' title="bbox 1745 5045 3296 5129; baseline -0.012 -11"><span class='ocrx_word' id='word_1_777' title='bbox 1745 5064 1940 5126; x_wconf 90' lang='lat' dir='ltr'><strong>iornm,</strong></span> <span class='ocrx_word' id='word_1_778' title='bbox 1966 5075 2064 5116; x_wconf 88' lang='lat' dir='ltr'><strong>nec</strong></span> <span class='ocrx_word' id='word_1_779' title='bbox 2092 5075 2282 5116; x_wconf 89' lang='lat' dir='ltr'><strong>eorum</strong></span> <span class='ocrx_word' id='word_1_780' title='bbox 2321 5058 2415 5129; x_wconf 86' lang='lat' dir='ltr'><strong>qui</strong></span> <span class='ocrx_word' id='word_1_781' title='bbox 2450 5064 2659 5111; x_wconf 87' lang='lat' dir='ltr'><strong>metunt</strong></span> <span class='ocrx_word' id='word_1_782' title='bbox 2699 5053 2936 5107; x_wconf 85' lang='lat' dir='ltr'><strong>habeant</strong></span> <span class='ocrx_word' id='word_1_783' title='bbox 2958 5048 3134 5103; x_wconf 90' lang='lat' dir='ltr'><strong>locum</strong></span> <span class='ocrx_word' id='word_1_784' title='bbox 3161 5084 3178 5112; x_wconf 93' lang='lat'><strong>,</strong></span> <span class='ocrx_word' id='word_1_785' title='bbox 3211 5045 3296 5100; x_wconf 92' lang='lat' dir='ltr'><strong>vel</strong></span> 
     </span>
    </p>
   </div>
   <div class='ocr_carea' id='block_1_103' title="bbox 42 5137 1626 5227">
    <p class='ocr_par' dir='ltr' id='par_1_103' title="bbox 42 5153 1606 5227">
     <span class='ocr_line' id='line_1_103' title="bbox 42 5153 1606 5227; baseline -0.001 -18"><span class='ocrx_word' id='word_1_786' title='bbox 42 5155 305 5222; x_wconf 66' lang='grc' dir='ltr'>γεγόνασιν</span> <span class='ocrx_word' id='word_1_787' title='bbox 348 5155 584 5227; x_wconf 81' lang='grc' dir='ltr'>ἐργάται</span> <span class='ocrx_word' id='word_1_788' title='bbox 624 5155 721 5209; x_wconf 78' lang='grc' dir='ltr'><strong>καὶ</strong></span> <span class='ocrx_word' id='word_1_789' title='bbox 768 5154 1026 5227; x_wconf 75' lang='grc' dir='ltr'>θερισμὸς</span> <span class='ocrx_word' id='word_1_790' title='bbox 1073 5154 1229 5227; x_wconf 77' lang='grc'><strong>(81),</strong></span> <span class='ocrx_word' id='word_1_791' title='bbox 1262 5153 1415 5208; x_wconf 81' lang='grc' dir='ltr'>οὐδὲν</span> <span class='ocrx_word' id='word_1_792' title='bbox 1464 5153 1606 5220; x_wconf 83' lang='grc' dir='ltr'>δόξει</span> 
     </span>
    </p>
   </div>
   <div class='ocr_carea' id='block_1_104' title="bbox 1742 5137 3295 5227">
    <p class='ocr_par' dir='ltr' id='par_1_104' title="bbox 1743 5137 3295 5217">
     <span class='ocr_line' id='line_1_104' title="bbox 1743 5137 3295 5217; baseline -0.011 -9"><span class='ocrx_word' id='word_1_793' title='bbox 1743 5153 1758 5208; x_wconf 91' lang='lat' dir='ltr'><strong>i</strong></span> <span class='ocrx_word' id='word_1_794' title='bbox 1786 5155 1953 5207; x_wconf 87' lang='lat' dir='ltr'><strong>etiam</strong></span> <span class='ocrx_word' id='word_1_795' title='bbox 1983 5160 2145 5206; x_wconf 89' lang='lat' dir='ltr'><strong>antea</strong></span> <span class='ocrx_word' id='word_1_796' title='bbox 2176 5149 2330 5205; x_wconf 87' lang='lat' dir='ltr'><strong>fuere</strong></span> <span class='ocrx_word' id='word_1_797' title='bbox 2354 5144 2624 5217; x_wconf 88' lang='lat' dir='ltr'><strong>operarii,</strong></span> <span class='ocrx_word' id='word_1_798' title='bbox 2651 5142 2860 5211; x_wconf 90' lang='lat' dir='ltr'><strong>fuitque</strong></span> <span class='ocrx_word' id='word_1_799' title='bbox 2906 5138 3122 5204; x_wconf 86' lang='lat' dir='ltr'><strong>messis,</strong></span> <span class='ocrx_word' id='word_1_800' title='bbox 3156 5137 3295 5193; x_wconf 89' lang='lat' dir='ltr'><strong>nihil</strong></span> 
     </span>
    </p>
   </div>
   <div class='ocr_carea' id='block_1_105' title="bbox 41 5231 1626 5319">
    <p class='ocr_par' dir='ltr' id='par_1_105' title="bbox 41 5243 1606 5319">
     <span class='ocr_line' id='line_1_105' title="bbox 41 5243 1606 5319; baseline -0.001 -19"><span class='ocrx_word' id='word_1_801' title='bbox 41 5244 322 5315; x_wconf 66' lang='grc' dir='ltr'>παράδοξον</span> <span class='ocrx_word' id='word_1_802' title='bbox 364 5247 398 5300; x_wconf 87' lang='lat'><strong>6</strong></span> <span class='ocrx_word' id='word_1_803' title='bbox 440 5245 635 5319; x_wconf 75' lang='grc' dir='ltr'>Σωτὴρ</span> <span class='ocrx_word' id='word_1_804' title='bbox 658 5243 1108 5315; x_wconf 80' lang='grc' dir='ltr'>,ἐπαγγέλλεσθαι</span> <span class='ocrx_word' id='word_1_805' title='bbox 1150 5247 1264 5309; x_wconf 86' lang='grc' dir='ltr'>τοῖς</span> <span class='ocrx_word' id='word_1_806' title='bbox 1315 5244 1606 5317; x_wconf 85' lang='grc' dir='ltr'>ἐπαίρουσι</span> 
     </span>
    </p>
   </div>
   <div class='ocr_carea' id='block_1_106' title="bbox 1742 5231 3294 5319">
    <p class='ocr_par' dir='ltr' id='par_1_106' title="bbox 1742 5231 3294 5303">
     <span class='ocr_line' id='line_1_106' title="bbox 1742 5231 3294 5303; baseline -0.009 -3"><span class='ocrx_word' id='word_1_807' title='bbox 1742 5244 2039 5303; x_wconf 87' lang='lat' dir='ltr'><strong>.dmirabile</strong></span> <span class='ocrx_word' id='word_1_808' title='bbox 2061 5243 2337 5301; x_wconf 86' lang='lat' dir='ltr'><strong>videbitur</strong></span> <span class='ocrx_word' id='word_1_809' title='bbox 2359 5240 2702 5297; x_wconf 86' lang='lat' dir='ltr'><strong>Servatorem</strong></span> <span class='ocrx_word' id='word_1_810' title='bbox 2720 5234 3045 5291; x_wconf 86' lang='lat' dir='ltr'><strong>annuntiare</strong></span> <span class='ocrx_word' id='word_1_811' title='bbox 3068 5231 3294 5289; x_wconf 85' lang='lat' dir='ltr'><strong>elevan-</strong></span> 
     </span>
    </p>
   </div>
   <div class='ocr_carea' id='block_1_107' title="bbox 96 5361 1698 5437">
    <p class='ocr_par' dir='ltr' id='par_1_107' title="bbox 96 5361 1698 5437">
     <span class='ocr_line' id='line_1_107' title="bbox 96 5361 1698 5437; baseline 0.004 -20"><span class='ocrx_word' id='word_1_812' title='bbox 96 5361 319 5418; x_wconf 65' lang='grc' dir='ltr'>ηοω.</span> <span class='ocrx_word' id='word_1_813' title='bbox 366 5377 448 5430; x_wconf 83' lang='grc' dir='ltr'><strong>ιν,</strong></span> <span class='ocrx_word' id='word_1_814' title='bbox 476 5363 567 5419; x_wconf 78' lang='lat'><strong>37.</strong></span> <span class='ocrx_word' id='word_1_815' title='bbox 646 5364 693 5397; x_wconf 85' lang='grc'><strong>⁸⁸</strong></span> <span class='ocrx_word' id='word_1_816' title='bbox 727 5363 930 5433; x_wconf 76' lang='lat' dir='ltr'><strong>Matth,</strong></span> <span class='ocrx_word' id='word_1_817' title='bbox 967 5380 1046 5431; x_wconf 70' lang='grc' dir='ltr'><strong>ιχ,</strong></span> <span class='ocrx_word' id='word_1_818' title='bbox 1075 5365 1168 5420; x_wconf 82' lang='lat'><strong>&#39;57.</strong></span> <span class='ocrx_word' id='word_1_819' title='bbox 1241 5367 1288 5403; x_wconf 79' lang='lat'>&quot;</span> <span class='ocrx_word' id='word_1_820' title='bbox 1310 5365 1470 5437; x_wconf 30' lang='lat' dir='ltr'><strong>.Joan.</strong></span> <span class='ocrx_word' id='word_1_821' title='bbox 1506 5383 1582 5434; x_wconf 91' lang='lat' dir='ltr'><strong>tv,</strong></span> <span class='ocrx_word' id='word_1_822' title='bbox 1604 5367 1698 5424; x_wconf 79' lang='lat'><strong>35.</strong></span> 
     </span>
    </p>
   </div>
   <div class='ocr_carea' id='block_1_108' title="bbox 59 5473 1626 5560">
    <p class='ocr_par' dir='ltr' id='par_1_108' title="bbox 59 5482 1607 5560">
     <span class='ocr_line' id='line_1_108' title="bbox 59 5482 1607 5560; baseline 0.004 -23"><span class='ocrx_word' id='word_1_823' title='bbox 59 5482 203 5560; x_wconf 75' lang='lat' dir='ltr'><strong>__(T7)</strong></span> <span class='ocrx_word' id='word_1_824' title='bbox 229 5484 372 5548; x_wconf 74' lang='grc' dir='ltr'><strong>Περὶ</strong></span> <span class='ocrx_word' id='word_1_825' title='bbox 396 5482 838 5560; x_wconf 44' lang='grc' dir='ltr'>τῆς-καθόδου,</span> <span class='ocrx_word' id='word_1_826' title='bbox 855 5497 966 5542; x_wconf 89' lang='lat' dir='ltr'><strong>etc.</strong></span> <span class='ocrx_word' id='word_1_827' title='bbox 1003 5487 1137 5542; x_wconf 78' lang='lat' dir='ltr'><strong>Vide</strong></span> <span class='ocrx_word' id='word_1_828' title='bbox 1159 5487 1607 5560; x_wconf 76' lang='lat' dir='ltr'><strong>Origenianorum</strong></span> 
     </span>
    </p>
   </div>
   <div class='ocr_carea' id='block_1_109' title="bbox 1742 5473 3285 5560">
    <p class='ocr_par' dir='ltr' id='par_1_109' title="bbox 1743 5473 3285 5560">
     <span class='ocr_line' id='line_1_109' title="bbox 1743 5473 3285 5560; baseline -0.011 -17"><span class='ocrx_word' id='word_1_829' title='bbox 1743 5507 1821 5558; x_wconf 88' lang='grc' dir='ltr'><strong>αι,</strong></span> <span class='ocrx_word' id='word_1_830' title='bbox 1846 5489 1923 5560; x_wconf 87' lang='grc' dir='ltr'>τῷ</span> <span class='ocrx_word' id='word_1_831' title='bbox 1946 5488 2224 5560; x_wconf 80' lang='grc' dir='ltr'>ἐτοίμους,</span> <span class='ocrx_word' id='word_1_832' title='bbox 2256 5493 2364 5560; x_wconf 68' lang='lat' dir='ltr'><strong>etc.</strong></span> <span class='ocrx_word' id='word_1_833' title='bbox 2393 5482 2808 5560; x_wconf 61' lang='lat' dir='ltr'><strong>Reginsatttem</strong></span> <span class='ocrx_word' id='word_1_834' title='bbox 2837 5478 3007 5560; x_wconf 61' lang='lat' dir='ltr'><strong>habet</strong></span> <span class='ocrx_word' id='word_1_835' title='bbox 3032 5476 3114 5530; x_wconf 85' lang='grc' dir='ltr'><strong>ὄτι</strong></span> <span class='ocrx_word' id='word_1_836' title='bbox 3142 5473 3285 5528; x_wconf 77' lang='grc' dir='ltr'>κατὰ</span> 
     </span>
    </p>
   </div>
   <div class='ocr_carea' id='block_1_110' title="bbox 45 5544 1626 5631">
    <p class='ocr_par' dir='ltr' id='par_1_110' title="bbox 45 5544 1604 5631">
     <span class='ocr_line' id='line_1_110' title="bbox 45 5544 1604 5631; baseline 0.006 -26"><span class='ocrx_word' id='word_1_837' title='bbox 45 5544 119 5605; x_wconf 56' lang='lat' dir='ltr'><strong>lib.</strong></span> <span class='ocrx_word' id='word_1_838' title='bbox 155 5544 218 5631; x_wconf 62' lang='lat' dir='ltr'><strong>ti,</strong></span> <span class='ocrx_word' id='word_1_839' title='bbox 254 5544 556 5625; x_wconf 61' lang='lat' dir='ltr'><strong>quaest.&quot;6,</strong></span> <span class='ocrx_word' id='word_1_840' title='bbox 604 5571 760 5613; x_wconf 87' lang='lat' dir='ltr'><strong>nom.</strong></span> <span class='ocrx_word' id='word_1_841' title='bbox 808 5544 868 5624; x_wconf 57' lang='grc' dir='ltr'><strong>λ,</strong></span> <span class='ocrx_word' id='word_1_842' title='bbox 904 5566 961 5612; x_wconf 91' lang='lat' dir='ltr'><strong>et</strong></span> <span class='ocrx_word' id='word_1_843' title='bbox 998 5568 1131 5614; x_wconf 89' lang='lat' dir='ltr'><strong>tom.</strong></span> <span class='ocrx_word' id='word_1_844' title='bbox 1183 5544 1360 5613; x_wconf 49' lang='lat' dir='ltr'><strong>xxvin</strong></span> <span class='ocrx_word' id='word_1_845' title='bbox 1415 5559 1604 5628; x_wconf 84' lang='lat' dir='ltr'><strong>Joan.,</strong></span> 
     </span>
    </p>
   </div>
   <div class='ocr_carea' id='block_1_111' title="bbox 1742 5544 3291 5631">
    <p class='ocr_par' dir='ltr' id='par_1_111' title="bbox 1742 5544 3291 5631">
     <span class='ocr_line' id='line_1_111' title="bbox 1742 5544 3291 5631; baseline -0.01 -18"><span class='ocrx_word' id='word_1_846' title='bbox 1742 5544 1821 5613; x_wconf 49' lang='lat'><strong>6&quot;</strong></span> <span class='ocrx_word' id='word_1_847' title='bbox 1847 5544 1906 5615; x_wconf 76' lang='grc' dir='ltr'><strong>’ό</strong></span> <span class='ocrx_word' id='word_1_848' title='bbox 1933 5544 2199 5631; x_wconf 72' lang='grc' dir='ltr'>θεριᾶμὸς</span> <span class='ocrx_word' id='word_1_849' title='bbox 2213 5544 2406 5631; x_wconf 65' lang='grc' dir='ltr'>πολὺς,</span> <span class='ocrx_word' id='word_1_850' title='bbox 2438 5544 2569 5631; x_wconf 67' lang='grc' dir='ltr'>οἶδὲ</span> <span class='ocrx_word' id='word_1_851' title='bbox 2602 5551 2831 5631; x_wconf 70' lang='grc' dir='ltr'>ἐργάται</span> <span class='ocrx_word' id='word_1_852' title='bbox 2866 5549 3056 5631; x_wconf 67' lang='grc' dir='ltr'>δλίγοι,</span> <span class='ocrx_word' id='word_1_853' title='bbox 3089 5561 3291 5631; x_wconf 80' lang='grc' dir='ltr'>σημαι-</span> 
     </span>
    </p>
   </div>
   <div class='ocr_carea' id='block_1_112' title="bbox 44 5620 3176 5710">
    <p class='ocr_par' dir='ltr' id='par_1_112' title="bbox 44 5620 3176 5710">
     <span class='ocr_line' id='line_1_112' title="bbox 44 5620 3176 5710; baseline -0.011 -6"><span class='ocrx_word' id='word_1_854' title='bbox 44 5620 291 5710; x_wconf 46' lang='grc' dir='ltr'><strong>Μξλβέ</strong></span> <span class='ocrx_word' id='word_1_855' title='bbox 330 5695 343 5710; x_wconf 91' lang='grc'><strong>,</strong></span> <span class='ocrx_word' id='word_1_856' title='bbox 487 5620 548 5710; x_wconf 47' lang='grc' dir='ltr'><strong>θξ</strong></span> <span class='ocrx_word' id='word_1_857' title='bbox 658 5709 661 5710; x_wconf 18' lang='grc' dir='ltr'><em>ν</em></span> <span class='ocrx_word' id='word_1_858' title='bbox 692 5695 744 5710; x_wconf 82' lang='lat'>__</span> <span class='ocrx_word' id='word_1_859' title='bbox 801 5620 863 5710; x_wconf 39' lang='grc' dir='ltr'><strong>,ι’</strong></span> <span class='ocrx_word' id='word_1_860' title='bbox 898 5696 932 5710; x_wconf 63' lang='grc' dir='ltr'><strong><em>η</em></strong></span> <span class='ocrx_word' id='word_1_861' title='bbox 970 5697 983 5710; x_wconf 62' lang='grc'><em>,</em></span> <span class='ocrx_word' id='word_1_862' title='bbox 1198 5706 1206 5710; x_wconf 21' lang='grc' dir='ltr'><strong>Α</strong></span> <span class='ocrx_word' id='word_1_863' title='bbox 1238 5696 1276 5710; x_wconf 85' lang='lat'><strong>__</strong></span> <span class='ocrx_word' id='word_1_864' title='bbox 1344 5698 1359 5710; x_wconf 46' lang='lat'><strong><em>‘</em></strong></span> <span class='ocrx_word' id='word_1_865' title='bbox 1447 5698 1459 5710; x_wconf 80' lang='lat'><em>_</em></span> <span class='ocrx_word' id='word_1_866' title='bbox 1590 5620 1601 5628; x_wconf 74' lang='grc'><em>’</em></span> <span class='ocrx_word' id='word_1_867' title='bbox 1705 5620 2186 5710; x_wconf 45' lang='grc' dir='ltr'>νόμενον,-ᾆμοίω.ς</span> <span class='ocrx_word' id='word_1_868' title='bbox 2211 5625 2385 5710; x_wconf 55' lang='grc' dir='ltr'>ταῦτα</span> <span class='ocrx_word' id='word_1_869' title='bbox 2413 5620 3040 5710; x_wconf 39' lang='grc' dir='ltr'>εῐρηταιξτῷηέτοίμους,</span> <span class='ocrx_word' id='word_1_870' title='bbox 3068 5626 3176 5672; x_wconf 84' lang='lat' dir='ltr'><strong>etc.</strong></span> 
     </span>
    </p>
   </div>
   <div class='ocr_carea' id='block_1_113' title="bbox 6 5688 1626 5776">
    <p class='ocr_par' dir='ltr' id='par_1_113' title="bbox 6 5688 1600 5776">
     <span class='ocr_line' id='line_1_113' title="bbox 6 5688 1600 5776; baseline 0.002 -25"><span class='ocrx_word' id='word_1_871' title='bbox 6 5688 201 5776; x_wconf 44' lang='lat' dir='ltr'><strong>Inita)</strong></span> <span class='ocrx_word' id='word_1_872' title='bbox 236 5695 450 5776; x_wconf 63' lang='grc' dir='ltr'><strong>Τούῖφ.</strong></span> <span class='ocrx_word' id='word_1_873' title='bbox 487 5694 580 5776; x_wconf 70' lang='lat' dir='ltr'><strong>§ic</strong></span> <span class='ocrx_word' id='word_1_874' title='bbox 606 5695 770 5776; x_wconf 78' lang='lat' dir='ltr'><strong>codd.</strong></span> <span class='ocrx_word' id='word_1_875' title='bbox 801 5695 1135 5776; x_wconf 72' lang='lat' dir='ltr'><strong>Bodleianus</strong></span> <span class='ocrx_word' id='word_1_876' title='bbox 1160 5706 1214 5750; x_wconf 89' lang='lat' dir='ltr'><strong>et</strong></span> <span class='ocrx_word' id='word_1_877' title='bbox 1237 5696 1600 5776; x_wconf 75' lang='lat' dir='ltr'><strong>Barberinus;</strong></span> 
     </span>
    </p>
   </div>
   <div class='ocr_carea' id='block_1_114' title="bbox 1742 5688 2949 5776">
    <p class='ocr_par' dir='ltr' id='par_1_114' title="bbox 1770 5688 2949 5776">
     <span class='ocr_line' id='line_1_114' title="bbox 1770 5688 2949 5776; baseline -0.016 -15"><span class='ocrx_word' id='word_1_878' title='bbox 1770 5688 1894 5776; x_wconf 54' lang='lat'><strong>&#39;09}</strong></span> <span class='ocrx_word' id='word_1_879' title='bbox 2136 5688 2297 5776; x_wconf 61' lang='lat' dir='ltr'><strong>licest</strong></span> <span class='ocrx_word' id='word_1_880' title='bbox 2314 5698 2380 5776; x_wconf 85' lang='lat' dir='ltr'><strong>_in</strong></span> <span class='ocrx_word' id='word_1_881' title='bbox 2418 5688 2608 5776; x_wconf 72' lang='lat' dir='ltr'><strong>codice</strong></span> <span class='ocrx_word' id='word_1_882' title='bbox 2636 5688 2949 5776; x_wconf 64' lang='lat' dir='ltr'><strong>Bodleiano.</strong></span> 
     </span>
    </p>
   </div>
   <div class='ocr_carea' id='block_1_115' title="bbox 45 5755 1626 5849">
    <p class='ocr_par' dir='ltr' id='par_1_115' title="bbox 45 5755 1602 5849">
     <span class='ocr_line' id='line_1_115' title="bbox 45 5755 1602 5849; baseline 0.001 -27"><span class='ocrx_word' id='word_1_883' title='bbox 493 5764 663 5849; x_wconf 57' lang='lat' dir='ltr'><strong>Paulo</strong></span> <span class='ocrx_word' id='word_1_884' title='bbox 696 5778 839 5849; x_wconf 72' lang='lat' dir='ltr'><strong>p9st_</strong></span> <span class='ocrx_word' id='word_1_885' title='bbox 861 5766 1246 5849; x_wconf 61' lang='lat' dir='ltr'><strong>in_§odleiano</strong></span> <span class='ocrx_word' id='word_1_886' title='bbox 1295 5778 1352 5824; x_wconf 83' lang='lat' dir='ltr'><strong>et</strong></span> <span class='ocrx_word' id='word_1_887' title='bbox 1395 5755 1602 5849; x_wconf 57' lang='grc' dir='ltr'>μοι-θος</span> 
     </span>
    </p>
   </div>
   <div class='ocr_carea' id='block_1_116' title="bbox 1742 5755 3181 5849">
    <p class='ocr_par' dir='ltr' id='par_1_116' title="bbox 1771 5755 3181 5849">
     <span class='ocr_line' id='line_1_116' title="bbox 1771 5755 3181 5849; baseline -0.003 0"><span class='ocrx_word' id='word_1_888' title='bbox 1771 5755 1887 5849; x_wconf 63' lang='lat'><strong>(1295</strong></span> <span class='ocrx_word' id='word_1_889' title='bbox 1917 5755 2276 5849; x_wconf 55' lang='grc' dir='ltr'><strong>εὶεάέαιῖεῖαές</strong></span> <span class='ocrx_word' id='word_1_890' title='bbox 2304 5766 2634 5849; x_wconf 53' lang='lat' dir='ltr'><strong>Legendus.</strong></span> <span class='ocrx_word' id='word_1_891' title='bbox 2656 5755 3181 5849; x_wconf 40' lang='lat' dir='ltr'><strong>“ﬁesﬁes”???</strong></span> 
     </span>
    </p>
   </div>
   <div class='ocr_carea' id='block_1_117' title="bbox 46 5824 1626 5962">
    <p class='ocr_par' dir='ltr' id='par_1_117' title="bbox 46 5833 1600 5962">
     <span class='ocr_line' id='line_1_117' title="bbox 46 5833 1600 5962; baseline 0.004 -11"><span class='ocrx_word' id='word_1_892' title='bbox 46 5833 977 5962; x_wconf 56' lang='grc' dir='ltr'><strong>ἒὶῗρηῗὲὲαᾞτδῗῗξᾶἷνσξῗαῗνῗμὶνιῗ</strong></span> <span class='ocrx_word' id='word_1_893' title='bbox 1013 5836 1600 5962; x_wconf 54' lang='grc' dir='ltr'><strong>ἓίεἱῧὲδξαδξῖἓέὶὲἕ</strong></span> 
     </span>
    </p>
   </div>
   <div class='ocr_carea' id='block_1_118' title="bbox 1742 5824 3277 5962">
    <p class='ocr_par' dir='ltr' id='par_1_118' title="bbox 1742 5824 3277 5962">
     <span class='ocr_line' id='line_1_118' title="bbox 1773 5824 3277 5912; baseline -0.004 -16"><span class='ocrx_word' id='word_1_894' title='bbox 1773 5824 1887 5912; x_wconf 50' lang='lat' dir='ltr'><strong>(ﬁll</strong></span> <span class='ocrx_word' id='word_1_895' title='bbox 1930 5824 2101 5895; x_wconf 87' lang='lat' dir='ltr'><strong>Codd.</strong></span> <span class='ocrx_word' id='word_1_896' title='bbox 2135 5824 2460 5895; x_wconf 54' lang='lat' dir='ltr'><strong>Bodleianhs</strong></span> <span class='ocrx_word' id='word_1_897' title='bbox 2496 5848 2552 5894; x_wconf 90' lang='lat' dir='ltr'><strong>et</strong></span> <span class='ocrx_word' id='word_1_898' title='bbox 2596 5824 3230 5901; x_wconf 51' lang='lat' dir='ltr'><strong>Barberinusdleptopk</strong></span> <span class='ocrx_word' id='word_1_899' title='bbox 3261 5839 3277 5856; x_wconf 89' lang='lat'>&#39;</span> 
     </span>
     <span class='ocr_line' id='line_1_119' title="bbox 1742 5908 2227 5962; baseline 0 0"><span class='ocrx_word' id='word_1_900' title='bbox 1742 5914 1923 5962; x_wconf 55' lang='lat' dir='ltr'><strong>maius.</strong></span> <span class='ocrx_word' id='word_1_901' title='bbox 1958 5908 2227 5962; x_wconf 77' lang='grc' dir='ltr'>θεοισιωί.</span> 
     </span>
    </p>
   </div>
   <div class='ocr_carea' id='block_1_119' title="bbox 46 5901 2227 5983">
    <p class='ocr_par' dir='ltr' id='par_1_119' title="bbox 46 5901 2227 5983">
     <span class='ocr_line' id='line_1_120' title="bbox 46 5901 2227 5983; baseline 0.004 -29"><span class='ocrx_word' id='word_1_902' title='bbox 46 5901 91 5954; x_wconf 75' lang='grc' dir='ltr'><strong>ἰὲ</strong></span> <span class='ocrx_word' id='word_1_903' title='bbox 115 5901 343 5976; x_wconf 74' lang='grc' dir='ltr'>ἐργάται</span> <span class='ocrx_word' id='word_1_904' title='bbox 366 5901 972 5979; x_wconf 78' lang='grc' dir='ltr'>ὀλίγοι,’σημαινομένῳ</span> <span class='ocrx_word' id='word_1_905' title='bbox 1013 5901 1218 5978; x_wconf 75' lang='grc' dir='ltr'>ὁμοίως</span> <span class='ocrx_word' id='word_1_906' title='bbox 1238 5901 1411 5965; x_wconf 77' lang='grc' dir='ltr'>ταῦτα</span> <span class='ocrx_word' id='word_1_907' title='bbox 1448 5901 1600 5981; x_wconf 65' lang='grc' dir='ltr'>ε’ἴρη-</span> <span class='ocrx_word' id='word_1_908' title='bbox 1700 5901 1923 5981; x_wconf 57' lang='lat' dir='ltr'><strong>Regius,</strong></span> <span class='ocrx_word' id='word_1_909' title='bbox 1958 5908 2227 5983; x_wconf 77' lang='grc' dir='ltr'>θερισιιοί.</span> 
     </span>
    </p>
   </div>
  </div>
