3826 6530
498 412 604 468 479

1975 406 2299 466 ORIGENIS

3672 416 3764 473 ιεο

499 533 645 588 tibus
677 533 884 599 oculos,
916 544 978 587 ιιι
1006 530 1224 607 videant
1254 527 1505 598 regiones
1529 529 1644 599 jam
1666 525 1827 581 .albas
1872 540 1993 581 esse
2019 526 2086 579 ad

2201 526 2318 591 τοὺς
2344 524 2680 597 ὀφθαλμοὺς,
2698 525 2786 580 ἵνα
2807 523 3110 579 θεάσωνται
3134 525 3231 590 τὰς
3260 524 3465 597 χώρας,
3489 528 3569 581 ὅτι
3594 527 3765 587 λευκαί

500 636 758 680 messem.
796 615 988 680 Exibis
1029 624 1178 679 clare
1211 619 1452 691 perspici
1494 630 1671 690 potest
1713 618 1848 673 nihil
1895 632 2084 672 eorum

498 732 619 787 quze
671 732 834 785 supra
891 716 1153 779 diximus,
1189 715 1291 769 hoc
1326 714 1378 767 in
1431 712 1554 768 loco
1606 709 1830 779 intelligi
1864 709 1928 761 de
1957 722 2089 762 voce

501 787 714 862 messis.
737 807 843 862 Sed
873 822 1048 878 neque
1075 806 1219 876 quod
1246 805 1388 874 apud
1411 802 1724 873 Aposmlum
1753 803 1803 854 itt
1836 799 1943 853 alio
1972 800 2091 853 loco

498 898 999 965 consideravimus,
1058 898 1149 955 hic
1200 897 1501 967 congruit,
1550 896 1822 950 dicentem
1869 908 1939 945 ει
1987 890 2089 958 Qui

501 1007 667 1062 parce
707 992 980 1058 seminat,
1010 1006 1173 1060 parce
1209 998 1265 1046 et
1298 998 1498 1053 metet;
1535 995 1591 1042 ct
1637 986 1729 1056 qui
1774 984 2007 1041 seminat
2036 983 2089 1037 in

503 1082 1013 1148 benedictionibus,
1050 1083 1119 1138 de
1166 1081 1639 1137 benedictionibus
1686 1089 1743 1134 et
1773 1085 1941 1133 metet
1965 1075 2032 1129 δ’.
2067 1092 2086 1127 ι

573 1258 740 1332 256
777 1258 865 1314 45.
907 1260 1231 1327 Quaeramus
1277 1263 1436 1331 igitur
1477 1238 1763 1330 septimam
1820 1256 2094 1328 signiﬁca-

505 1353 705 1405 tionem
736 1357 1152 1410 convenientem
1191 1356 1275 1410 liis
1305 1370 1424 1425 qua:
1460 1370 1625 1423 supra
1652 1353 2008 1408 disseruimus
2037 1366 2091 1405 ιιι

503 1443 685 1497 illud:
729 1462 747 1495 ι
815 1444 1004 1501 Nonne
1038 1458 1134 1499 vos
1189 1446 1392 1510 dicitis,
1441 1446 1585 1516 quod
1635 1446 1814 1499 adhuc
1863 1453 2095 1513 quatuor

498 1551 719 1592 menses
746 1546 896 1601 sunt,
927 1546 983 1592 et
1022 1539 1214 1593 messis
1243 1539 1386 1593 venit
1416 1539 1439 1591 ?
1478 1519 1511 1590 ι’
1528 1548 1583 1593 et
1621 1538 1673 1591 in
1704 1538 1807 1592 hoc
1835 1552 1849 1589 :
1898 1556 1917 1588 ι
1957 1536 2095 1591 Ecce

501 1628 623 1683 dico
650 1630 804 1685 vobis
834 1648 849 1685 :
894 1629 1092 1685 Levate
1134 1631 1323 1686 oculos
1357 1640 1588 1697 vestros,
1612 1642 1666 1686 et
1706 1630 1884 1684 videte
1922 1630 2097 1700 regio-

501 1733 601 1775 nes
640 1720 753 1790 jam
788 1720 941 1777 albas
986 1736 1108 1778 esse
1147 1724 1214 1778 ad
1264 1738 1493 1777 messem
1533 1743 1546 1779 :
1591 1740 1611 1774 ι
1668 1722 1849 1792 sitque
1904 1721 2098 1776 messis

504 1813 661 1867 nobis
714 1814 872 1877 ratio,
923 1814 1038 1869 sive
1095 1815 1275 1870 oratio
1334 1825 1559 1885 aperta,
1595 1815 1661 1869 de
1707 1815 2096 1885 perspicuitate

2190 619 2296 671 εἱσι
2328 618 2465 691 πρὸς
2492 616 2754 690 θερισμὸν
2786 618 2909 690 ήδη.
2959 617 3054 672 Ἐκ
3085 618 3290 672 τούτων
3323 618 3388 690 δὴ
3416 618 3633 675 δύναταί
3663 641 3766 690 πως

2191 707 2332 764 εἶναι
2375 712 2566 781 σαφὲς,
2599 712 2681 766 ὃτι
2717 710 2873 764 οὐδὲν
2916 710 3026 764 τῶν
3057 711 3477 783 προειρημένων
3527 714 3667 768 ἐστὶν
3692 718 3765 768 ὲν-

2193 802 2321 857 θάδε
2367 802 2656 874 νοούμενον
2702 802 2845 857 κατὰ
2888 804 2980 857 τὸν
3022 802 3305 876 θερισμόν.
3358 803 3496 857 Ἀλλ’
3558 805 3673 859 οὐδὲ
3719 809 3769 860 τὸ

2193 897 2345 968 παρὰ
2391 895 2469 969 τῷ
2516 897 2826 969 Ἀποστόλῳ
2872 899 2930 951 ὲν
2983 896 3128 968 άλλῳ
3168 897 3320 969 τόπῳ
3368 896 3556 970 νοηθὲν
3599 898 3767 953 ἐνθάδε

2189 989 2497 1061 ἐφαρμόσει
2529 988 2771 1058 λέγοντιο
2820 1008 2837 1042 ι
2864 990 2920 1043 Ὀ
2955 989 3197 1062 σπείρων
3237 989 3567 1061 φειδομένως
3608 991 3770 1061 φειδο⁴

2196 1082 2375 1151 μένως
2398 1082 2492 1135 καὶ
2517 1080 2725 1153 θερίσει
2745 1098 2758 1112 ο
2795 1081 2889 1136 καὶ
2916 1083 2945 1135 6
2991 1082 3230 1155 σπείρων
3262 1084 3349 1136 ἐπ’
3383 1083 3650 1153 εὐλογίαις
3696 1068 3771 1137 ἐπῗ

2194 1173 2466 1241 εὐλογίαις
2490 1173 2581 1227 καὶ
2611 1173 2869 1246 θερίσει.»

2267 1267 2357 1322 45.
2372 1267 2546 1340 Ζητοῦ
2554 1286 2652 1340 μεν
2676 1264 2769 1322 οὖν
2792 1268 3017 1340 ἕϐδομον
3033 1268 3437 1340 σημαινόμενον
3454 1268 3765 1341 κατάλληλον

2191 1362 2306 1425 τοῖς
2337 1360 2858 1433 προαποδεδομένοις
2903 1361 2983 1424 εἰς
3026 1359 3122 1412 τό·
3162 1379 3181 1410 ι
3212 1360 3325 1430 Οὐχ
3370 1361 3530 1432 ὑμεῖς
3574 1360 3764 1430 λέγετε,

2194 1452 2277 1505 ὅτι
2306 1452 2646 1524 τετράμηνός
2677 1453 2818 1515 ἐστι,
2850 1451 2946 1506 καὶ
2991 1452 3019 1504 6
3052 1451 3313 1523 θερισμὸς
3342 1450 3600 1524 ἔρχεταις
3637 1472 3655 1504 ι
3686 1454 3767 1505 καὶ

2194 1545 2274 1608 είς
2303 1543 2364 1597 τό
2386 1560 2399 1572 ·
2441 1563 2459 1594 ι
2485 1543 2615 1598 Ἰδοὺ
2645 1544 2789 1612 λέγω
2812 1545 2939 1615 ύμῖν
2958 1561 2972 1574 ·
3016 1543 3290 1616 Ἐπάρατε
3318 1543 3445 1606 τοὺς
3476 1542 3765 1615 ὀφθαλμοὺς

2195 1634 2373 1706 ὑμῶν,
2403 1634 2497 1689 καὶ
2520 1634 2789 1690 θεάσασθε
2818 1636 2917 1701 τὰς
2955 1634 3160 1708 χώρας,
3190 1635 3274 1689 ὅτι
3304 1633 3492 1689 λευκαί
3516 1637 3619 1689 εἰσι
3644 1635 3764 1707 πρὸς

2197 1726 2457 1801 θερισμὸν
2482 1726 2601 1799 ἤδη.
2641 1746 2658 1778 ι
2702 1728 2758 1781 '0
2783 1728 2849 1800 δὴ
2885 1729 3013 1800 περὶ
3045 1728 3144 1799 τῆς
3179 1726 3479 1798 σαφηνείας
3502 1726 3609 1779 τῶν
3641 1727 3764 1798 Γρα-

2198 1820 2315 1890 φῶν
2344 1819 2546 1892 τρανὴς
2586 1819 2768 1892 λόγος⁹
2805 1821 2839 1893 ἢ
2876 1823 2905 1875 6
2942 1820 3070 1892 περὶ
3111 1820 3206 1874 τοῦ
3228 1860 3245 1884 ,
3275 1820 3393 1884 πῶς
3428 1820 3599 1873 πάντα
3628 1821 3766 1874 ὃσαὸ

504 1901 911 1974 Scripturarum
931 1906 1120 1976 (veluti
1137 1910 1410 1976 quomodo
1436 1909 1618 1963 omnia
1639 1922 1759 1977 quae
1784 1907 1913 1962 fecit
1932 1908 2091 1970 Deus,

2201 1913 2330 1987 Θεὸς
2366 1911 2590 1982 εποίησε
2629 1911 2768 1965 καλὰ
2811 1911 2929 1966 λίαν
2954 1953 2970 1974 ,
3006 1914 3223 1984 εῷηται
3266 1913 3397 1983 ἡμῖν
3435 1914 3464 1965 6
3506 1911 3764 1984 θερισμὸς,

501 1998 618 2051 sint
656 1996 814 2053 valde
849 1996 990 2053 bona
1018 1997 1107 2067 ⁸⁸),
1142 2014 1305 2070 quam
1353 2014 1583 2054 messem
1615 2000 1708 2067 qui
1736 1999 1917 2062 metit,
1956 1998 2095 2053 duos

503 2089 713 2146 fructus
747 2092 984 2146 metendi
1018 2092 1183 2147 habet
1209 2110 1224 2159 ;
1265 2092 1523 2157 alterum,
1549 2092 1697 2161 quod
1729 2091 1925 2162 accipit
1956 2106 2095 2144 mer-

500 2184 733 2248 cedem;
773 2185 1039 2252 alterum,
1093 2185 1238 2263 quod
1281 2184 1487 2255 colligit
1538 2184 1774 2239 fructum
1820 2183 1873 2238 in
1926 2183 2092 2238 vitam

502 2288 764 2333 aeternam
791 2278 860 2332 ".
906 2278 972 2334 Et
1008 2279 1249 2334 arbitror
1279 2292 1376 2347 per
1405 2292 1500 2333 eas
1529 2276 1948 2348 promissiones,
1973 2290 2094 2346 quae

502 2377 693 2438 postea
742 2367 941 2423 futura;
991 2377 1155 2433 sunt,
1184 2368 1340 2439 juxta
1376 2369 1430 2424 id
1466 2368 1613 2439 quod
1648 2368 1912 2439 scriptum
1958 2377 2036 2423 est
2066 2382 2089 2419 .z

508 2479 534 2512 ε
571 2461 712 2517 Ecce
758 2461 1120 2528 Dominus,et
1173 2478 1383 2518 merces
1410 2463 1527 2534 ejus
1557 2464 1610 2517 in
1656 2477 1817 2517 manu
1862 2460 2000 2529 ejus,
2035 2471 2095 2516 ut

504 2555 699 2609 reddat
731 2555 1024 2625 unicuique
1049 2554 1345 2610 secundum
1386 2571 1449 2610 ea
1491 2569 1612 2624 quae
1634 2554 1866 2625 gesserit
1888 2554 1935 2587 ”
1959 2573 1977 2606 ι
2011 2555 2094 2608 di-

506 2657 656 2704 ctum
695 2647 883 2714 fuisse,
914 2666 934 2699 r
961 2649 1265 2704 mercedem
1289 2636 1564 2717 accipit“
1593 2663 1610 2713 ;
1652 2667 1671 2701 ι
1707 2657 1934 2718 propter
1967 2662 2092 2718 pro-

492 2743 813 2797 venientem
842 2751 1021 2799 autem
1051 2758 1122 2798 ex
1150 2744 1263 2812 ipsa
1292 2742 1605 2814 cognitione
1635 2742 1953 2808 utilitatem,
1973 2757 2095 2812 qua:

502 2846 577 2886 ex
597 2835 981 2890 se-secundnm
1002 2844 1253 2890 naturam
1276 2835 1329 2890 in
1365 2843 1549 2891 mente
1579 2834 1736 2901 inest,
1754 2835 1916 2890 etiam
1937 2835 1989 2889 in
2009 2851 2093 2889 ra.-

503 2923 688 2977 tiouali
740 2933 932 2980 natura
994 2941 1095 2982 ceu
1154 2928 1429 2998 egregium
1475 2927 1728 2997 quiddam
1769 2935 1823 2981 et
1882 2926 2095 2998 insigne

505 3017 800 3082 exsistens,
822 3020 985 3072 etiam
1019 3026 1216 3088 praeter
1245 3019 1639 3088 prumissiones
1672 3035 1795 3089 quae
1823 3018 1944 3073 alia:
1970 3026 2096 3073 sunt

506 3107 574 3160 ab
611 3106 766 3176 ipsis,
801 3108 1067 3180 scriptum
1100 3107 1269 3163 fuisse
1299 3127 1312 3163 :
1352 3128 1371 3161 ι
1398 3110 1609 3180 Colligit
1657 3110 1894 3165 fructum
1934 3110 1986 3164 in
2014 3109 2095 3163 vi-

507 3205 615 3252 tam
649 3202 979 3254 aiternam"
1004 3218 1020 3269 ;
1046 3220 1067 3254 ι
1106 3217 1229 3271 quae
1269 3217 1355 3256 res
1387 3203 1705 3257 beneﬁcium
1737 3205 2006 3272 quoddam
2039 3212 2094 3257 et

2195 2004 2374 2058 ὅντινα
2403 2006 2431 2057 6
2458 2001 2684 2073 θερίζων
2721 2003 2815 2057 δύο
2846 2017 3091 2076 καρπούς
3123 2004 3218 2058 τοῦ
3250 2002 3487 2077 θερίζειν
3514 2003 3621 2075 ἔχει
3645 2022 3656 2034 ο
3683 2005 3766 2057 ’ἐνα

2199 2092 2320 2164 μὲν,
2341 2093 2423 2147 ὅτι
2451 2092 2717 2164 λαμϐάνει
2751 2094 2963 2164 μισθὸν,
2986 2094 3174 2166 ἕτερον
3198 2093 3257 2162 δὲ
3283 2094 3366 2147 ὅτι
3400 2093 3618 2161 συνάγει
3641 2111 3766 2165 καρ-

2196 2185 2297 2240 πὸν
2324 2188 2405 2250 εἰς
2434 2183 2580 2257 ζωὴν
2611 2183 2850 2239 αἰώνιον.
2887 2187 2999 2240 Καὶ
3024 2183 3231 2257 νομίζω
3264 2184 3354 2241 διὰ
3389 2186 3487 2257 μὲν
3521 2187 3618 2250 τὰς
3645 2187 3769 2258 μετὰ

2196 2278 2373 2333 ταῦτα
2404 2279 2741 2348 ἐπαγγελίας
2779 2280 3046 2350 ἐσομένας
3097 2279 3241 2334 κατὰ
3278 2279 3349 2334 τά
3381 2280 3765 2351 γεγραμμένα·

2201 2389 2222 2424 ι
2244 2371 2376 2426 Ἰδοὺ
2398 2370 2624 2444 Κύριος,
2656 2372 2752 2425 καὶ
2776 2373 2806 2425 6
2841 2371 3034 2443 μισθὸς
3058 2372 3229 2425 αὐτοῦ
3254 2375 3313 2425 ὲν
3337 2376 3405 2445 τῇ
3431 2375 3572 2446 χειρὶ
3595 2373 3767 2437 αὐτοῦ,

2194 2464 2491 2519 ἀποδοῦναι
2517 2464 2733 2535 ἑκάστῳ
2765 2464 2906 2519 κατὰ
2933 2465 3000 2519 τὸ
3039 2464 3198 2536 ἔργον
3224 2464 3392 2520 αὐτοῦ
3419 2506 3435 2531 ,
3478 2486 3499 2518 ι
3534 2466 3768 2538 εἰρῆσθαι

2198 2559 2260 2612 τό
2283 2575 2297 2588 ο
2330 2577 2349 2610 ι
2377 2557 2584 2613 Μισθὺν
2623 2558 2890 2629 λαμϐάνει
2911 2577 2924 2589 ·
2965 2578 2983 2610 ι
3016 2558 3106 2611 διὰ
3145 2558 3200 2611 δὲ
3229 2558 3328 2631 τὴν
3357 2560 3460 2613 ἀπ’
3484 2561 3647 2631 αὐτῆς
3679 2560 3768 2629 τῆς

2195 2650 2427 2723 θεωρίας
2457 2649 2723 2719 ὠφέλειαν
2742 2691 2757 2713 ,
2788 2649 3013 2703 αὐτόθεν
3045 2649 3186 2703 κατὰ
3215 2649 3377 2719 φύσιν
3403 2646 3562 2704 οὖσαν
3587 2650 3659 2721 τῷ
3678 2651 3766 2721 νῷ,

2193 2744 2290 2798 καὶ
2320 2745 2388 2815 τῇ
2422 2742 2613 2815 λογικῇ
2643 2742 2803 2813 φύσει
2829 2742 2940 2815 (82)
2960 2741 3237 2816 ἐξαίρετον
3270 2744 3657 2814 τυγχάνουσαν,
3685 2744 3769 2796 καὶ

2193 2836 2364 2908 χωρὶς
2410 2836 2614 2908 ἐτέρων
2647 2836 2799 2909 παρὰ
2842 2835 3046 2907 ταύτην
3089 2835 3435 2905 ἐπαγγελιῶν
3479 2834 3768 2907 γεγράφθαι

2194 2929 2255 2982 τό
2282 2946 2295 2959 ·
2331 2948 2349 2980 ι
2392 2930 2623 2998 Συνάγει
2646 2928 2859 3001 καρπὸν
2903 2931 2984 2993 είς
3010 2928 3156 2999 ζωὴν
3180 2927 3397 2983 αἰώνιον
3417 2946 3431 2958 ·
3475 2949 3495 2981 ι
3528 2930 3659 3000 ὅπερ
3685 2929 3767 2981 εὐ-

2194 3020 2427 3076 πάθειάν
2477 3039 2600 3075 τινα
2644 3021 2738 3076 τοῦ
2777 3020 3105 3092 ἡγεμονικοῦ
3147 3020 3338 3092 δηλοῖ,
3368 3021 3448 3086 ὡς
3487 3022 3576 3076 καὶ
3618 3023 3673 3073 ἐν
3700 3019 3769 3090 τῷ

2193 3114 2363 3189 τρίτῳ
2395 3113 2505 3170 τῶν
2593 3116 2986 3188 Στρωματέων
3046 3115 3477 3186 παρεστήσαμεν
3500 3114 3770 3187 διηγούμιο

2194 3222 2275 3259 νοι
2298 3206 2395 3258 τό·
2450 3224 2469 3257 ι
2510 3206 2566 3259 '0
2599 3205 2791 3278 Πατήρ
2825 3221 2943 3269 σου,
2988 3207 3017 3259 6
3062 3204 3276 3275 βλέπων
3315 3206 3376 3259 ὲν
3416 3205 3497 3279 τῷ
3536 3205 3768 3279 κρυπτῷ,

507 3290 853 3345 commodum
884 3289 980 3345 τοῦ
1027 3294 1360 3364 ἡγεμονικοῦ
1407 3293 1546 3367 [sive
1591 3298 1789 3351 mentis
1818 3296 2091 3366 principa-

2201 3294 2469 3350 ἀποδώσει
2496 3313 2578 3350 σοι
2610 3297 2668 3350 ἐν
2697 3272 2777 3367 et};
2809 3295 3029 3369 φανερῷ
3053 3272 3184 3369 (85).
3206 3316 3225 3350 ι

509 3385 622 3457 lis],
656 3388 923 3453 ostendit,
965 3389 1421 3458 quemadmodum
1457 3391 1512 3445 in
1556 3392 1719 3447 tertio
1766 3390 2076 3447 Stromaton
2124 3392 2261 3448 libro
2308 3391 2680 3462 exposuimus,
2717 3404 3038 3447 enarrantes
3082 3393 3287 3449 dictum
3334 3393 3514 3448 illud:
3562 3412 3582 3446 r
3621 3391 3772 3447 Pater

508 3490 656 3545 tuus,
691 3482 783 3550 qui
814 3482 963 3537 videt
987 3484 1039 3537 in
1064 3482 1404 3551 abscondito,
1438 3486 1629 3542 reddet
1650 3486 1743 3542 tibi
1775 3489 1826 3542 in
1859 3488 2229 3545 manifesto”.
2278 3508 2298 3541 ι

578 3575 669 3634 46.
701 3576 1000 3634 Heraeleon
1042 3580 1149 3636 dici
1181 3581 1492 3646 existimat,
1528 3601 1547 3634 ι
1575 3585 1666 3655 qui
1697 3584 1869 3651 metit,
1896 3599 2106 3641 merce-

509 3668 631 3722 dem
685 3670 915 3741 accipit,
949 3690 969 3723 ι
1022 3673 1286 3742 quoniatn
1337 3672 1603 3730 Servator
1648 3679 1885 3745 seipsum
1948 3677 2097 3732 dicat

509 3775 829 3830 messorem,
864 3766 1282 3834 mercedemque
1310 3766 1520 3821 Domini
1550 3770 1723 3824 nostri
1758 3783 1880 3825 esse
1909 3770 2096 3826 existi-

510 3863 621 3908 mat
656 3870 844 3909 eorum
891 3858 982 3928 qui
1030 3867 1256 3924 metunt,
1299 3858 1529 3914 salutem
1571 3870 1627 3915 et
1669 3861 2093 3929 restitutionem,

508 3960 573 3999 co
604 3947 746 4015 quod
778 3949 891 4017 ipse
917 3951 969 4003 in
1004 3949 1085 4005 eis
1113 3950 1453 4020 requiescat;
1495 3951 1550 4006 in
1588 3952 1678 4008 Itis
1726 3969 1855 4009 vero
1889 3956 2092 4018 verbis,

512 4061 531 4094 ι
566 4053 619 4097 et
654 4044 885 4099 fructum
928 4047 1137 4118 colligit
1167 4048 1221 4103 in
1269 4047 1434 4101 vitam
1468 4058 1750 4119 aeternam,
1793 4067 1812 4099 ι
1857 4049 2091 4105 fructum

507 4136 711 4191 dictum
744 4136 914 4194 fuisse
942 4139 1244 4203 existimat,
1275 4141 1355 4193 vel
1389 4140 1515 4209 quia
1563 4140 1616 4196 id
1640 4141 1788 4210 'quor'
1818 4141 2095 4210 colligitur

509 4226 722 4283 fructus
780 4230 855 4285 sit
901 4232 1028 4287 vitae
1067 4242 1319 4298 πίει-πω,
1361 4232 1447 4287 vel
1499 4232 1625 4301 quia
1670 4233 1784 4302 ipsa
1845 4234 2094 4289 collectio

509 4317 617 4373 vita
640 4321 803 4375 etiam
833 4330 1036 4377 attenta
1061 4334 1163 4379 cst.
1203 4325 1275 4379 At
1308 4339 1433 4379 reor
1471 4324 1573 4380 hoc
1614 4325 1667 4379 in
1700 4325 1819 4380 loco
1847 4332 2090 4380 coactam

509 4423 632 4465 esse
684 4411 830 4468 illius
875 4415 1426 4485 interpretationem,
1469 4418 1699 4473 dicentis
1743 4418 2090 4472 Servatorem

509 4502 759 4572 accipere
820 4507 1148 4573 mercedem,
1182 4517 1238 4562 et
1287 4508 1670 4564 confundentis
1703 4507 2007 4562 mercedem
2038 4515 2094 4561 et

509 4592 887 4652 Collectionem
944 4597 1155 4655 fructus
1183 4600 1238 4654 in
1273 4616 1463 4665 unum,
1503 4599 1793 4654 manifeste
1839 4599 1973 4654 duas
2003 4613 2092 4653 res

508 4682 794 4755 Scriptura
830 4688 884 4744 in
925 4691 1102 4748 medio
1137 4702 1392 4762 ponente,
1427 4702 1487 4746 ut
1522 4706 1685 4759 supra
1729 4689 2088 4746 ostendimus.

508 4778 868 4844 Quamobrem
900 4784 943 4839 si
991 4787 1220 4843 assecuti
1260 4786 1460 4842 fuimus
1505 4786 1863 4842 elevationem
1900 4783 2092 4841 oculo-

2267 3585 2355 3640 46.
2391 3586 2449 3641 '0
2475 3586 2533 3640 δὲ
2559 3586 2875 3658 ’Πρακλέων
2894 3584 2958 3639 τό
2982 3602 2996 3616 ·
3034 3605 3054 3636 ε
3078 3586 3135 3639 '0
3163 3584 3398 3658 θερίζων
3431 3584 3616 3657 μισθὸν
3639 3585 3771 3655 λαμ-

2196 3678 2371 3744 ϐάνει,
2410 3699 2428 3731 ι
2462 3680 2712 3752 εἰρῆσθαι
2754 3681 2963 3751 νομίζει
2987 3721 3001 3744 ,
3037 3680 3161 3732 ἐπεὶ
3193 3679 3454 3751 θεριστὴν
3480 3678 3659 3733 ἑαυτὸν
3686 3677 3768 3731 λέ-

2195 3788 2282 3841 γει
2305 3777 2334 3827 6
2362 3774 2583 3846 Σωτὴρ,
2615 3775 2709 3827 καὶ
2735 3775 2826 3828 τὸν
2859 3773 3056 3845 μισθὸν
3093 3772 3189 3826 τοῦ
3219 3773 3433 3845 Κυρίου
3464 3772 3617 3845 ἡμῶν
3641 3772 3769 3826 ὑπο-

2194 3863 2460 3936 λαμϐάνει
2498 3862 2638 3919 εἶναι
2669 3864 2768 3937 τὴν
2815 3864 2925 3919 τῶν
2959 3863 3327 3937 θεριζομένων
3376 3865 3644 3935 σωτηρίαν
3682 3864 3770 3916 καὶ

2195 3955 2639 4009 ἀποκατάστασιν
2671 3954 2750 4026 τῷ
2773 3954 3147 4009 ἀναπαύεσθαι
3178 3953 3345 4010 αὐτὸν
3369 3956 3459 4009 ἐπ’
3479 3957 3681 4019 αὐτοῖς’
3709 3953 3766 4007 τὸ

2193 4047 2249 4100 δέ
2271 4062 2284 4075 ·
2321 4066 2339 4097 ι
2381 4048 2491 4100 Καὶ
2524 4048 2745 4115 συνάγει
2771 4048 2984 4120 καρπὸν
3025 4049 3106 4112 εξς
3150 4047 3298 4120 ζωὴν
3325 4046 3567 4111 αἰώνιον,
3602 4067 3619 4100 ι
3647 4064 3770 4119 καρ-

2194 4138 2297 4192 πὸν
2322 4139 2572 4211 εἰρῆσθαί
2599 4156 2764 4211 φησιν
2787 4139 2900 4212 (84)
2924 4182 2939 4206 ,
2976 4140 3009 4213 ἢ
3043 4140 3126 4195 ὅτι
3158 4140 3220 4193 τὸ
3251 4142 3617 4213 συναγόμενον
3640 4157 3767 4213 καρ-

2195 4231 2296 4286 πὸς
2328 4230 2475 4301 ζωῆς
2497 4231 2716 4285 αἰωνίου
2736 4232 2906 4295 ἐστὶν,
2928 4231 2956 4284 ὃ
2984 4232 3076 4285 καὶ
3103 4230 3239 4284 αὐτὸ
3256 4231 3370 4303 (85)
3402 4232 3517 4305 ζωὴ
3545 4230 3764 4293 αίὼνιος.

2207 4320 2364 4373 Ἀλλὰ
2396 4321 2619 4375 αὐτόθεν
2653 4322 2858 4394 νομίζω
2891 4322 3064 4393 βίαιον
3102 4319 3242 4378 εἶναι
3269 4323 3371 4395 τὴν
3398 4324 3648 4396 διήγησιν
3670 4323 3764 4375 αύ-

2193 4411 2318 4475 τοῦ,
2351 4414 2651 4482 φάσκοντος
2686 4414 2779 4467 τὸν
2810 4414 3043 4486 Σωτῆρα
3091 4415 3284 4486 μισθὸν
3328 4415 3649 4488 λαμϐάνειν,
3679 4413 3767 4468 καὶ

2196 4505 2517 4576 συγχέοντος
2542 4505 2632 4559 τὸν
2664 4503 2857 4577 μισθὸν
2889 4508 2984 4560 καὶ
3016 4506 3116 4578 τὴν
3153 4507 3483 4579 συναγωγὴν
3511 4506 3604 4561 τοῦ
3643 4522 3768 4575 καρ-

2194 4597 2297 4650 ποῦ
2323 4599 2401 4661 είς
2430 4598 2509 4662 ἓν,
2526 4597 2784 4672 ἄντικρυς
2798 4600 2899 4672 τῆς
2928 4600 3151 4673 Γραφῆς
3174 4600 3268 4654 δύο
3292 4600 3598 4672 πράγματα
3618 4615 3767 4671 m9“

2194 4690 2424 4761 στάσης,
2452 4690 2528 4754 ὡς
2556 4692 3072 4765 προδιηγησάμεθα.
3102 4693 3165 4746 Ei
3194 4693 3376 4747 τοίνυν
3400 4693 3764 4747 ὲπιτέτευκται

2191 4785 2325 4856 ἡμῖν
2349 4786 2383 4855 ἡ
2427 4783 2656 4857 ἔπαρσις
2688 4783 2798 4840 τῶν
2838 4785 3215 4840 ἀποπολικῶν
3258 4773 3593 4858 ὀφθαλμῶν,
3623 4784 3707 4837 καὶ
3733 4786 3766 4853 ἡ

508 4892 625 4929 rum
653 4878 1096 4947 apostolicorum,
1132 4880 1508 4950 visionemque
1554 4878 1835 4950 regionum
1876 4876 1990 4946 jam
2021 4876 2091 4930 ad.

2201 4878 2293 4933 θέα
2319 4876 2429 4932 τῶν
2463 4877 2655 4950 χωρῶν
2699 4877 2909 4932 λευκῶν
2948 4877 3050 4949 ἤδη
3089 4877 3232 4950 πρὸς
3278 4878 3547 4951 θερισμὸν
3585 4875 3766 4935 οὐσῶν,

507 4986 736 5027 messem
771 4973 1040 5042 albarum,
1069 4975 1258 5029 eodem
1290 4975 1450 5029 modo
1473 4981 1726 5027 accurate
1752 4972 2090 5042 inquiramus

2201 4970 2296 5042 ἤδη
2345 4968 2653 5034 ἀκολούθως
2698 4969 2911 5033 τούτοις
2957 4969 3279 5037 ἐξεταστέον
3319 4970 3372 5022 τί
3432 4970 3531 5023 1:6-
3570 4970 3708 5022 «Ἵνα
3741 4969 3770 5019 6

507 5073 720 5131 oportet
760 5067 889 5133 quid
914 5068 984 5122 sit
1012 5068 1113 5121 lioc
1154 5067 1357 5121 dictum
1392 5084 1405 5120 :
1453 5083 1473 5118 ι
1513 5064 1583 5121 Ut
1622 5064 1713 5135 qui
1741 5062 1992 5127 seminat,
2016 5062 2091 5117 si-

2201 5062 2437 5135 σπείρων
2468 5060 2605 5133 ὁμοῦ
2629 5062 2827 5135 χαίρῃ,
2862 5063 2957 5117 καὶ
3003 5064 3031 5116 6
3055 5060 3306 5134 θερίζων.
3345 5080 3364 5114 ι
3398 5058 3567 5133 Οἶμαι
3590 5062 3670 5133 δὴ,
3692 5061 3767 5113 ὅτι

509 5156 616 5208 tuul
643 5158 897 5224 gaudeat,
922 5168 973 5211 et
991 5159 1081 5228 qui
1107 5160 1263 5213 metit
1285 5159 1352 5212 ⁸⁸.
1373 5178 1391 5209 ι
1421 5156 1684 5211 ExiStimo
1707 5154 1871 5225 igitur
1887 5168 2010 5208 eum
2035 5154 2089 5207 in

2201 5154 2290 5208 imi
2317 5155 2499 5225 πάσης
2540 5154 2640 5225 τῆς
2662 5155 2728 5207 ὲκ
2760 5153 3021 5208 πλειόνων
3063 5153 3443 5225 θεωρημάτων
3475 5155 3660 5225 τέχνης
3683 5152 3772 5204 καὶ

508 5248 651 5302 omni
682 5260 821 5315 arte,
847 5260 900 5306 et
924 5251 1172 5318 scientia,
1195 5265 1317 5321 quae
1348 5249 1592 5320 pluribus
1628 5247 2090 5318 speculationibus

2201 5247 2526 5319 ἐπιστήμης,
2548 5245 2761 5318 σπείρει
2792 5246 2894 5318 μὲν
2924 5249 2951 5300 6
2982 5244 3080 5310 τὰς
3104 5244 3282 5317 ἀρχὰς
3312 5246 3603 5318 εὑρίσκων,
3634 5244 3773 5298 ἄστι-

509 5348 739 5403 constet,
794 5343 1106 5409 seminare,
1165 5342 1257 5414 qui
1315 5339 1580 5411 principia
1632 5338 1912 5405 inveniat;
1968 5354 2090 5408 qui“

2201 5355 2295 5402 νας
2336 5339 2512 5416 ἕτεροι
2560 5339 3121 5411 παραλαμϐάνοντες,
3163 5340 3262 5393 καὶ
3295 5337 3773 5411 ὲπεξεργαζόμενοι

573 5457 690 5531 ⁸⁷⁸11
719 5459 845 5514 Cor.
881 5477 933 5516 tx
959 5501 975 5527 ,
1006 5464 1064 5519 6.
1138 5465 1188 5497 "
1217 5463 1355 5521 Gen.
1399 5476 1441 5528 ι,
1481 5462 1572 5518 3i.
1643 5460 1689 5494 ”
1713 5459 1873 5516 1080-
1899 5475 1976 5530 ιν,
2007 5461 2091 5518 ὅθι

2201 5462 2354 5519 “lsa.
2396 5478 2485 5531 ιι..
2523 5463 2613 5519 10.
2692 5463 2735 5495 ⁸⁸
2762 5461 3018 5526 Joaqu,
3052 5460 3143 5515 36,
3224 5460 3271 5494 "
3304 5460 3445 5517 ibid.
3518 5461 3565 5493 ’³
3590 5456 3771 5513 Ma'tli.

510 5544 583 5594 t't,
613 5528 669 5582 4.
742 5532 788 5564 ⁸⁵
809 5531 971 5588 Joan.
1004 5550 1078 5600 tv,
1105 5535 1200 5591 56.

2269 5674 2384 5745 (84)
2415 5672 2662 5742 Καρικὸν
2682 5671 2968 5745 ειρῆσραι
3013 5685 3223 5745 φησιν.
3245 5667 3320 5745 1ηΔ
3335 5669 3501 5745 enim.
3510 5665 3686 5745 _B_rgio
3717 5671 3773 5716 et

2198 5738 2685 5799 Barbe'riim'deest
2713 5741 2949 5812 καρπόν,
2980 5738 3034 5793 at
3067 5741 3271 5812 tegitur
3301 5740 3362 5794 iu
3392 5738 3709 5812 Bodleiano.-

2273 5814 2654 5887 (85))Εοζτίν,
2691 5804 2871 5887 dira)
2904 5812 3076 5887 αὐτό,
3100 5804 3206 5866 εἶα.
3244 5808 3395 5881 Lego
3421 5825 3544 5864 cum
3586 5804 3768 5862 Ferra-

2192 5883 2477 5949 τίοὲστὶν,
2508 5883 2647 5954 ἢὸτι
2674 5884 2768 5940 καὶ
2802 5883 2965 5948 αὐτὸ,
2990 5891 3097 5938 etc.

577 5670 692 5743 (82)
725 5674 836 5729 Vox
869 5676 1030 5745 φύσει
1062 5679 1264 5733 excidit
1305 5693 1336 5731 e
1367 5677 1527 5732 codd.
1557 5676 1728 5746 Regio
1775 5683 1826 5729 et
1878 5674 2076 5730 Barch

512 5754 664 5803 rtno;
690 5751 786 5799 Sed
821 5749 1130 5804 restituitur
1151 5767 1181 5803 e
1212 5749 1529 5803 Bodleiano.

578 5811 692 5888 (δᾶ)
737 5815 831 5870 Ἐν
856 5818 936 5883 τῷ
963 5818 1223 5888 φανερῷ.
1262 5820 1418 5888 Deest
1454 5820 1505 5872 in
1536 5819 1694 5875 codd.
1724 5816 2024 5872 Barbcrino
2040 5824 2095 5871 ct

512 5880 713 5955 Regio;
761 5890 854 5944 sed
882 5880 1082 5960 legitur
1112 5880 1182 5946 in
1214 5887 1530 5945 Bodleiano.
