3826 6518
69 386 146 442 ιὸί
1140 380 1497 439 COMMENT.
1532 380 1596 437 IN
1634 377 1828 435 JOAN.
1864 377 2101 438 TOMUS
2133 381 2275 439 XIII.

3243 389 3352 445 482

67 508 232 572 αὑτὰς,
250 506 481 579 ἑτέροις
516 509 595 563 τὰ
628 509 736 564 ὑπὸ
760 505 936 563 αὐτῶν
960 507 1240 578 εὑρημένα
1256 504 1639 579 παραδιδόντες

1765 505 1854 561 alii
1900 514 2242 561 assumentes
2289 502 2669 573 curiosiusque
2725 517 2786 557 ea
2834 503 3225 571 examinantes,
3266 508 3352 561 vi-

66 602 201 655 αἴτιοι
232 600 294 665 ἐξ
322 594 407 654 ὧν
440 602 732 674 εὑρήκασι
767 602 1001 671 γίνονται
1034 602 1145 663 τοῖς
1180 598 1661 670 μεταγενεστέροις

66 696 113 747 οὐ
140 690 425 762 δυνηθεῖσι
459 694 574 759 τάς
602 711 667 747 τε
699 692 872 766 ἀρχὰς
908 693 1122 764 εὑρεῖν,
1167 691 1264 744 xui
1287 691 1356 744 τά
1385 690 1511 761 ἑξῆς
1541 691 1663 744 ἐπι-

68 785 297 854 συνὲψαι,
332 787 440 839 xui
477 786 552 839 τὸ
589 787 747 850 τέλος
786 785 893 839 τῶν
919 784 1125 855 τεχνῶν
1158 785 1254 838 xui
1283 783 1393 837 τῶν
1433 784 1660 855 ἐπιστη-

68 876 162 946 μῶν
191 875 483 929 ἐπιθεῖναι
512 915 530 939 ,
564 875 668 929 τοῦ
712 872 1210 946 συμπληρωθεισῶν
1249 872 1358 926 τῶν
1401 873 1659 926 τοιούτων

64 966 241 1037 τεχνῶν
269 967 373 1019 xui
417 966 760 1038 ἐπιστημῶν
794 966 971 1037 πλήρη
1000 964 1090 1018 τὸν
1123 963 1338 1035 καρπὸν
1370 963 1448 1028 ὡς
1475 964 1533 1017 ὲν
1565 962 1657 1016 θε-

65 1056 220 1128 ρισμῷ
236 1056 433 1111 αὐτῶν
453 1058 762 1113 ἀναλαϐεῖν
784 1074 798 1088 '
822 1060 870 1111 εί
894 1058 952 1112 δὲ
973 1057 1136 1112 τοῦτο
1161 1058 1255 1110 ἐπὶ
1275 1056 1480 1126 τεχνῶν
1508 1057 1658 1109 ἐστιν

62 1150 237 1221 ἀληθὲς
268 1151 369 1205 καί
415 1168 598 1206 τινων
640 1150 993 1223 ἐπιστημῶν,
1037 1151 1188 1221 πόσῳ
1223 1149 1386 1204 πλέον
1428 1150 1521 1203 ἐπὶ
1556 1149 1657 1220 τῆς

60 1246 231 1316 τέχνης
270 1245 392 1299 τῶν
430 1246 657 1318 τεχνῶν
705 1248 800 1302 xui
850 1248 1157 1319 ἐπιστήμης
1190 1246 1301 1300 τῶν
1335 1247 1657 1319 ἐπιστημῶν

62 1342 157 1393 ἔστι
193 1340 444 1393 συνιδεῖν
469 1357 488 1406 ;
522 1340 599 1394 τά
627 1340 735 1413 γὰρ
773 1339 1066 1411 εὑρεθέντα
1097 1340 1204 1394 ὑπὸ
1224 1340 1344 1394 ⁸τῶν
1373 1340 1655 1413 προτέρων

60 1432 568 1504 ἑπεξεργασάμενοι
611 1434 663 1487 οἱ
696 1434 812 1504 μετ’
853 1433 1050 1497 αὐτοὺς
1092 1430 1507 1505 παραδεδώκασι
1540 1435 1655 1497 τοῖς

58 1523 169 1593 ἑξῆς
195 1522 590 1587 ἐξεταστικῶς
624 1523 908 1596 προσιοῦσι
927 1526 1037 1587 τοῖς
1071 1522 1372 1585 εύρεθεῖσιν
1399 1523 1655 1594 ἀφορμὰς

57 1615 137 1668 τοῦ
162 1615 221 1668 τὺ
277 1615 338 1669 ἰν
373 1614 555 1687 σῶμα
587 1615 693 1686 τῆς
717 1615 971 1686 ἀληθείας
1006 1616 1140 1686 μετὰ
1164 1615 1356 1685 σοφίας
1382 1615 1653 1686 συναχθῆ-

56 1727 151 1763 ναι.
180 1708 597 1781 Πληρωθέντος
635 1708 701 1779 δὴ
732 1707 828 1761 τοῦ
865 1708 1065 1771 παντὸς
1116 1707 1278 1778 ἔργου
1323 1708 1423 1779 τῆς
1458 1708 1654 1779 τέχνης

56 1801 150 1853 τῶν
176 1780 387 1872 τεχνῶν
407 1839 426 1866 ,
457 1803 492 1855 ὁ
523 1780 771 1873 σπείρων
801 1800 936 1871 ὁμοῦ
964 1800 1178 1873 χαίρει,
1208 1801 1303 1854 καὶ
1333 1800 1362 1853 ὁ
1403 1798 1650 1870 θερίζων,

53 1893 141 1946 τοῦ
161 1893 549 1965 ἀμειϐομένου
579 1893 720 1947 Θεοῦ
758 1895 840 1956 είς
871 1891 929 1945 ἒν
960 1893 1169 1956 πάντας
1198 1891 1352 1956 τέλος
1388 1892 1649 1962 συνάγον.

53 2002 152 2050 τος.
183 1988 324 2059 Ὅρα
357 1987 423 2041 δὲ
467 1988 526 2040 εί
566 1989 618 2040 oi
665 1987 765 2058 μὲν
815 1984 1128 2057 σπείροντές
1164 1985 1269 2038 εἰσι
1312 1978 1518 2057 Μωσῆς
1560 1984 1652 2038 xui

54 2080 316 2151 προφῆται
363 2080 699 2152 γράψαντες
738 2079 809 2133 ea
854 2079 990 2151 πρὸς
1027 2077 1307 2132 νουθεσίαν
1346 2077 1527 2148 ήμῶν,
1571 2080 1653 2143 είς

53 2174 138 2237 οὓς
165 2172 231 2227 τά
256 2171 394 2244 τέλη
422 2171 543 2226 τῶν
568 2171 787 2225 αἰώνων
835 2171 1160 2242 κατήντησε,
1193 2170 1288 2223 xui
1317 2168 1653 2241 κηρύξαντες

53 2268 143 2337 τὴν
159 2264 404 2336 Χριστοῦ
434 2264 748 2336 ἐπιδημίαν
768 2282 783 2295 ·
812 2263 1123 2336 θερίσαντες
1150 2262 1205 2316 δὲ
1231 2263 1280 2315 οἱ
1313 2262 1404 2315 τὸν
1419 2263 1652 2333 Χριστὸν

53 2356 518 2429 παραδεξάμενοι,
549 2359 649 2410 xui
674 2355 989 2426 τεθεαμένοι
1017 2356 1118 2426 τὴν
1139 2354 1296 2421 δόξαν
1326 2354 1492 2407 αὐτοῦ
1515 2355 1653 2408 ἀπό-

53 2452 247 2515 στολοι,
280 2448 710 2521 συμφωνοῦσαν
753 2450 867 2511 τοῖς
913 2450 1271 2519 προφητικοίς
1313 2449 1443 2521 περὶ
1483 2446 1650 2501 αὑτοῦ

52 2543 275 2610 λογικοῂ
305 2542 336 2593 ὃ
371 2540 673 2611 σπέρμασι
705 2537 836 2607 (86),
855 2536 1148 2609 θερισθεῖσι
1176 2537 1318 2591 κατά
1340 2538 1442 2608 τὴν
1485 2535 1650 2602 ἐπεξ-

51 2637 302 2706 εργασίαν
363 2635 470 2688 καὶ
512 2631 849 2701 κατανόησιν
890 2629 985 2683 τοῦ
1014 2630 1397 2701 κεκρυμμένου
1439 2647 1649 2703 μυστη-

53 2731 159 2801 ρίου
179 2728 289 2782 ἀπὺ
313 2728 430 2781 τῶν
456 2724 682 2780 αἰώνων
705 2764 719 2787 ,
763 2722 1168 2795 φανερωθέντος
1202 2722 1259 2775 δὲ
1298 2725 1386 2776 ἐπ’
1415 2724 1650 2795 ἐσχάτου

52 2817 149 2868 τῶν
181 2814 397 2886 καιρῶν
417 2831 433 2843 ·
479 2832 501 2865 ι
530 2814 675 2884 ὅπερ
714 2812 930 2885 ἑτέραις
960 2814 1175 2883 γενεαῖς
1206 2811 1307 2864 οὐκ
1340 2812 1649 2886 ἐγνωρίσθη

51 2913 149 2972 τοῖς
172 2910 308 2972 υἱοῖς
350 2907 472 2962 τῶν
513 2905 856 2976 ἀνθρώπων,
894 2904 970 2968 ὡς
1010 2903 1106 2957 νῦν
1150 2904 1511 2977 ἀπεκαλύφθη
1536 2910 1650 2972 τοῖς

51 3002 211 3069 ἁγίοις
246 2999 590 3063 ἀποστόλοις
627 2996 797 3052 αὐτοῦ
832 2998 925 3051 xui
966 2998 1275 3071 προφήταις
1298 3013 1312 3027 '
1358 3017 1377 3050 ι
1429 2998 1651 3071 σπέρμα

50 3095 97 3147 δὲ
116 3092 181 3166 ἦν
202 3098 233 3149 ὁ
260 3095 374 3157 πᾶς
396 3094 572 3163 λόγος
601 3091 746 3146 κατά
768 3088 1109 3159 ἀποκάλυψιν
1146 3109 1165 3141 ι
1193 3091 1490 3162 μυστηρίου
1524 3092 1651 3163 χρό-

1762 599 2064 668 cissimque
2095 598 2216 653 aliis
2241 597 2524 652 tradentes
2550 596 2771 651 iuventa
2803 612 2921 659 sua,
2948 606 3202 653 auctores
3225 607 3355 655 sunt

1764 689 2019 759 posteris,
2038 704 2103 743 ex
2138 690 2224 743 his
2251 704 2371 758 qua:
2397 687 2700 742 invenerint
2729 702 2837 741 nou
2861 687 3171 745 valentibus
3203 689 3353 758 prin-

1760 780 1903 849 cipia
1954 778 2242 843 invenire,
2275 786 2331 832 et
2368 776 2649 846 sequentia
2681 774 2843 846 257
2878 776 3249 848 conjungere,
3298 785 3356 833 et

1761 886 2032 925 suinmant
2084 884 2305 923 manum
2337 868 2557 923 artibus
2583 877 2642 923 et
2683 869 2929 924 scientiis
2965 870 3267 940 imponere,
3292 878 3355 925 ut

1761 962 1978 1033 plenum
2042 960 2276 1017 fructum
2332 962 2684 1032 percipiant;
2730 977 2835 1016 non
2882 977 3043 1017 secus
3079 974 3243 1034 atque
3292 964 3353 1020 in

1762 1071 1974 1122 messe,
2030 1053 2337 1122 hujusmodi
2396 1053 2609 1108 artibus
2657 1063 2713 1109 et
2751 1053 2996 1109 scientiis
3044 1055 3351 1124 completis.

1760 1148 1913 1213 Quod
1961 1148 2004 1204 si
2064 1149 2164 1202 hoc
2201 1164 2388 1202 verum
2446 1156 2527 1205 cst
2576 1149 2631 1203 in
2674 1148 2883 1203 artibus
2927 1159 2985 1204 et
3023 1149 3353 1218 quihusdam

1759 1244 2023 1311 scientiis,
2056 1259 2260 1314 quanto
2307 1227 2479 1315 magis
2519 1246 2570 1299 iu
2602 1259 2664 1300 ea
2703 1254 2820 1301 arte
2853 1260 2975 1316 qua
3008 1261 3101 1301 ars
3136 1254 3220 1301 est
3260 1261 3354 1300 ar-

1761 1342 1892 1393 tium
1940 1354 1992 1394 et
2026 1340 2261 1394 scientia
2318 1341 2713 1407 scientiarum,
2743 1350 3064 1409 conspicere
3092 1338 3143 1393 id
3171 1338 3352 1395 licet?

1757 1429 1976 1484 Inventa
2018 1431 2163 1483 enim
2203 1446 2232 1484 a
2281 1431 2577 1501 majoribus
2624 1432 2896 1489 curiosius
2926 1447 3048 1486 cum
3090 1431 3350 1501 indagas-

1756 1531 1873 1577 seut
1905 1523 2133 1587 posteri,
2155 1522 2502 1577 occasionem
2530 1523 2940 1579 successoribus
2962 1522 3097 1587 suis,
3117 1523 3209 1593 qui
3233 1522 3351 1583 haec

1757 1617 1976 1670 inventa
2019 1630 2143 1669 cum
2199 1615 2478 1686 diligentia
2526 1616 2830 1678 adiissent,
2869 1615 3233 1678 tradiderunt,
3288 1622 3350 1668 ut

1757 1721 1923 1759 unum
1950 1706 2204 1761 veritatis
2232 1721 2431 1775 corpus
2455 1722 2582 1760 cum
2625 1706 2896 1775 sapientia
2932 1706 3346 1775 coniungerent.

1759 1798 1927 1869 Igitur
1962 1797 2236 1867 completo
2269 1808 2383 1851 toto
2424 1812 2590 1868 opere
2627 1799 2764 1853 artis
2807 1799 3031 1862 artium,
3058 1798 3154 1868 qui
3187 1798 3350 1854 semi-

1762 1901 1875 1955 nat,
1923 1889 2085 1944 simul
2114 1892 2334 1961 gaudet,
2363 1899 2420 1945 et
2468 1894 2560 1959 qui
2611 1892 2806 1955 metit,
2842 1890 2954 1947 Deo
3002 1891 3240 1947 vicissim
3289 1891 3346 1948 in
3400 1877 3412 1892 ’

1761 1996 1928 2036 unum
1961 1982 2123 2036 linem
2158 1996 2353 2037 oumes
2386 1992 2771 2053 congregaute.
2821 1982 3057 2038 Proinde
3102 1982 3223 2039 vide
3271 1998 3343 2038 an

1758 2073 2093 2129 seminantes
2130 2074 2242 2128 sint
2283 2073 2459 2130 Moses
2479 2084 2535 2129 et
2561 2077 2858 2145 prophetae,
2883 2077 2973 2143 qui
3005 2075 3345 2145 scripserunt

1758 2182 1822 2221 ea
1863 2186 1883 2218 ι
1930 2182 2056 2237 qua:
2102 2167 2380 2236 pertinent
2414 2168 2480 2222 ad
2521 2178 2763 2223 nostram
2810 2169 3254 2233 admonitionem,
3287 2169 3339 2222 in

1758 2273 1899 2328 quos
1926 2259 2061 2314 ﬁnes
2098 2259 2425 2314 smculorum
2461 2260 2796 2316 devenerunt
2821 2262 2890 2325 ⁸⁸,
2918 2280 2940 2314 ι
2977 2261 3180 2332 quique
3208 2278 3346 2332 pra:-

1757 2355 2080 2409 dicaverunt
2136 2352 2428 2408 adventum
2479 2352 2717 2420 Christi;
2745 2356 2837 2424 qui
2872 2365 3217 2410 utessuerunt
3247 2370 3346 2410 au-

1759 2451 1906 2509 tem,
1955 2444 2065 2498 sint
2110 2444 2366 2515 apostoli,
2422 2446 2516 2515 qui
2564 2445 2841 2502 Christum
2889 2458 3219 2517 receperunt
3263 2449 3347 2502 vi-

1757 2536 1956 2591 derunt
2009 2536 2349 2608 gloriamque
2400 2534 2541 2605 ejus,
2577 2552 2872 2595 consonam
2912 2541 3248 2610 propheticis
3288 2552 3345 2598 et

1758 2628 2171 2685 rationabilibus
2199 2632 2269 2685 de
2300 2629 2417 2699 ipso
2447 2629 2909 2700 seminibus,qu:n
2946 2632 3196 2689 demessa
3225 2632 3345 2689 fue-

1758 2737 1819 2777 re
1868 2722 2164 2777 secundum
2217 2730 2532 2777 accuratam
2583 2721 2892 2792 indaginem
2943 2734 2994 2780 et
3044 2724 3343 2797 intelligen-

1759 2815 1889 2869 tiam
1922 2815 2186 2885 mysterii,
2213 2815 2515 2869 absconditi
2553 2814 2773 2883 quidem
2800 2833 2829 2869 a
2860 2818 3102 2882 sarculis.
3129 2821 3228 2874 sed
3258 2834 3343 2873 re-

1758 2908 1886 2963 tecti
1930 2909 1982 2961 in
2035 2908 2343 2962 novissimis
2392 2905 2726 2977 temporibus
2753 2908 2835 2974 ’σς
2873 2927 2893 2961 ι
2928 2911 3073 2978 quod
3119 2912 3172 2965 in
3220 2909 3342 2968 aliis

1756 3001 2004 3055 mtatibus
2040 3015 2147 3054 non
2183 3000 2418 3054 innotuit
2452 3000 2575 3055 tiliis
2619 3000 2899 3055 hominum
2923 3039 2940 3065 ,
2973 3003 3338 3070 quemadmo-

1758 3093 1885 3148 dum
1939 3091 2236 3147 revelatuut
2271 3101 2354 3146 est
2407 3106 2553 3147 nunc
2601 3091 2813 3147 sanctis
2844 3091 2963 3159 ejus
2991 3093 3258 3163 apostolis
3283 3103 3341 3149 et

49 3204 148 3250 νοις
200 3186 452 3248 αἰωνίοις
524 3183 918 3253 σεσιγημένου,
955 3201 975 3234 ι
1039 3182 1135 3235 καὶ
1171 3201 1191 3230 ι
1223 3182 1321 3237 νῦν
1352 3202 1371 3235 ι
1403 3200 1642 3256 φανερω·

1760 3183 2039 3254 prephetls
2059 3182 2149 3248 ";
2193 3200 2212 3232 ι
2243 3195 2429 3236 semen
2454 3195 2584 3236 vero
2635 3181 2707 3236 sit
2757 3181 3013 3237 universa
3065 3181 3154 3236 illa
3202 3184 3341 3237 ratio

52 3276 223 3339 θέντος
251 3295 270 3327 ι
297 3276 393 3329 διά
422 3293 444 3327 ι
491 3291 555 3327 τε
610 3292 629 3324 ι
667 3270 900 3344 Γραφῶν
942 3272 1323 3344 προφητικῶν,
1355 3291 1375 3325 ι
1420 3275 1512 3327 xui
1550 3275 1642 3346 τῆς

1760 3295 1778 3329 ι
1812 3268 2082 3346 mysterii,
2101 3276 2244 3345 quod
2276 3273 2611 3341 temporibus
2639 3274 2859 3329 mternis
2885 3275 3132 3341 tacitum,
3152 3292 3294 3332 nunc
3313 3294 3338 3330 ο

52 3367 362 3438 ἐπιφανείας
392 3366 501 3420 τοῦ
536 3365 747 3438 Κυρίου
775 3363 935 3436 ἡμῶν
970 3365 1145 3435 ἰησοῦ
1166 3364 1403 3436 Χριστοῦ
1428 3382 1441 3396 ·
1473 3366 1563 3420 ὅτε
1590 3368 1652 3421 τὸ

53 3465 153 3531 φῶς
176 3464 239 3517 τδ
265 3462 531 3535 ἀληθινὸν
562 3459 837 3531 πεποίηκε
864 3460 963 3522 τὰς
986 3457 1190 3530 χώρας,
1218 3460 1277 3511 ὲν
1308 3459 1388 3531 τῷ
1418 3460 1652 3535 έπιλάμ-

50 3558 270 3629 suum
300 3558 543 3619 αὑταῖς,
588 3552 792 3617 λευκὰς
840 3552 978 3625 πρὸς
1024 3552 1283 3624 θερισμὸν
1332 3553 1456 3627 ἤδη.
1491 3555 1650 3610 Κατά

48 3652 223 3705 τοῦτον
254 3652 332 3721 δὴ
349 3650 450 3703 τὸν
483 3647 653 3717 λόγον
682 3645 739 3699 αἱ
770 3644 948 3716 χῶραι
984 3647 1043 3699 ὲν
1066 3644 1156 3709 αἷς
1183 3645 1552 3719 κατεϐέϐλητο
1581 3646 1650 3702 τά

52 3745 359 3816 σπέρματα,
398 3743 460 3795 αἱ
502 3739 734 3811 νομικαὶ
762 3739 857 3791 xui
894 3736 1228 3809 προφητικαί
1261 3738 1367 3791 εισι
1412 3739 1644 3811 Γραφαὶ,

50 3838 237 3901 αἰτινες
261 3837 365 3890 οὐκ
394 3831 552 3906 ἦσαν
582 3832 780 3885 λευκαὶ⁵
805 3830 885 3902 τῷ
905 3830 1004 3903 τὴν
1037 3831 1342 3903 παρουσίαν
1362 3831 1456 3885 τοῦ
1474 3833 1646 3901 Λόγου

50 3930 119 3999 μὴ
142 3927 536 4002 κεχωρηκέναι
569 3923 720 3995 (88)’
761 3924 1002 3990 γίνονται
1028 3922 1087 3976 δὲ
1116 3922 1367 3977 τοιαῦται
1390 3925 1503 3986 τοῖς
1538 3941 1644 3995 μα-

49 4022 423 4093 θητευομένοις
446 4018 532 4090 τῷ
563 4016 683 4088 Υἱῷ
709 4015 801 4069 τοῦ
846 4014 1013 4079 Θεοῦ,
1058 4017 1153 4069 xui
1187 4016 1530 4088 πειθομένοις
1563 4017 1649 4071 λέ·-

48 4132 187 4181 rem
208 4133 224 4146 ο
258 4136 276 4167 ι
300 4114 599 4185 Ἑπάρατε
629 4111 757 4173 τοὺς
783 4108 1096 4179 ὀφθαλμοὺς
1123 4109 1299 4179 ὑμῶν,
1325 4110 1421 4163 xui
1446 4109 1649 4164 θεάσα-

52 4209 134 4262 σθε
164 4208 262 4273 τὰς
294 4207 517 4279 χώρας.
537 4205 629 4257 ὅτι
658 4201 849 4255 λευκαί
876 4204 983 4255 εἰσι
1014 4201 1150 4273 πρὸς
1180 4199 1444 4272 θερισμὸν
1468 4202 1591 4273 ήδη.
1624 4222 1642 4255 ν

58 4301 138 4365 Ὠς
161 4303 374 4373 γνήσιοι
404 4300 603 4354 τοίνυν
642 4296 739 4349 xui
785 4296 943 4367 ήμείς
972 4292 1211 4366 Χριστοῦ
1244 4292 1485 4365 μαθηταὶ
1512 4295 1649 4349 ὲπά-

51 4410 220 4465 ρωμεν
253 4396 382 4456 τοὺς
414 4389 782 4462 ὀφθαλμοὺς,
816 4389 912 4442 καὶ
951 4389 1050 4451 τὰς
1079 4386 1265 4460 χώρας
1295 4389 1648 4461 ἐσπαρμένας

47 4488 146 4539 ὑπὸ
184 4487 471 4550 Μωῦσέως
520 4483 625 4538 καὶ
659 4481 766 4536 τῶν
816 4480 1111 4554 προφητῶν
1154 4480 1515 4553 θεασώμεθα,
1559 4482 1647 4536 ἴνα

47 4579 234 4650 ἴδωμεν
258 4580 356 4650 τὴν
402 4576 725 4645 λευκότητα
753 4572 966 4637 αὐτῶν,
1008 4573 1104 4626 xui
1153 4572 1274 4626 τίνα
1316 4573 1517 4646 τρόπον
1541 4574 1643 4646 ⁴ήδη
1677 4566 1722 4621 D

46 4673 241 4745 (“spiam
279 4672 341 4726 ἐς
380 4688 429 4726 ιν
478 4667 667 4731 αὑτὰς
704 4667 800 4720 xui
846 4664 1067 4730 συνάξαι
1105 4664 1196 4717 τὸν
1228 4664 1438 4737 καρπὸν
1465 4664 1643 4719 αὐτῶν

48 4769 120 4831 εἰς
139 4767 274 4841 ζωὴν
308 4765 545 4821 αἰώνιον
580 4760 694 4832 (89)
718 4800 733 4823 ,
769 4757 910 4830 μετά
933 4757 1025 4813 τοῦ
1051 4760 1146 4813 xui
1180 4758 1375 4830 μισθὸν
1402 4758 1644 4823 ἐλπίζειν

48 4862 319 4916 ἀπολαϐεῖν
352 4861 473 4914 ἀπὸ
506 4853 613 4909 τοῦ
644 4852 852 4925 Κυρίου
883 4850 991 4905 τῶν
1020 4852 1222 4923 κωμῶν
1240 4892 1256 4916 ,
1284 4852 1377 4905 καί
1406 4851 1644 4923 χορηγοῦ

46 4955 146 5008 τῶν
200 4955 548 5027 σπερμάτων
601 4946 736 5019 (90).
770 4945 874 4999 Τὸν
922 4945 1024 5016 μὲν
1070 4941 1165 4999 οὖν
1214 4944 1306 4998 τὸν
1352 4945 1644 5017 σπείροντα

46 5047 190 5117 651.03,
224 5049 317 5101 xui
349 5046 447 5102 τὸν
478 5040 777 5112 θερίζοντα
803 5039 1033 5111 χαίρειν,
1085 5039 1175 5092 ὅτε
1214 5038 1426 5110 ἀπέδρα
1457 5039 1640 5111 ὀδύνη,

47 5142 138 5194 καὶ
162 5141 319 5214 λύπη,
347 5142 448 5195 xui
478 5132 820 5204 στεναγμὸς,
846 5134 903 5185 ὲν
931 5131 1010 5202 τῷ
1041 5131 1289 5203 μέλλοντι
1325 5131 1505 5195 αίῶνι,
1533 5134 1643 5198 πᾶς

46 5233 273 5289 ὁστισοῦν
298 5229 654 5305 ὁμολογήσει
699 5224 809 5279 τῶν
846 5224 1249 5293 ἀνεγνωκότων,
1284 5223 1366 5277 ὅτι
1399 5241 1417 5274 ι
1460 5223 1645 5278 πολλοὶ

111 5396 190 5450 ἰι
216 5397 339 5454 Cor.
371 5413 430 5463 ι,
462 5393 563 5446 tt.

116 5545 214 5616 (86)
246 5541 538 5616 Λογικοξς
575 5535 1061 5616 ὃσπέρμασιιιιιι
1092 5536 1295 5616 optime
1316 5538 1483 5592 codex
1503 5535 1641 5593 Bod-

50 5605 242 5671 leiauus
262 5659 276 5681 ,
301 5605 449 5669 male
482 5605 701 5681 Regius
725 5606 938 5681 λογικοξι
950 5605 987 5681 -δ
1014 5606 1315 5681 σπέρμασι.

116 5687 214 5755 (37)
249 5676 352 5741 Ἔν
382 5683 472 5751 τῷ
505 5676 879 5755 ἐπειάμψαι.
1016 5676 1176 5755 habet
1202 5679 1370 5732 codex
1394 5676 1644 5733 Bodleia—

47 5745 174 5818 nns;
198 5756 399 5818 Regius
436 5745 610 5814 vero,
648 5747 813 5818 male.
843 5745 1176 5817 ἐπέλαμψεν.

116 5815 217 5896 (δὴ
239 5815 410 5883 Codd.
445 5822 671 5896 Regius
697 5826 754 5869 et
776 5815 1125 5896 Barberiuus,
1149 5818 1265 5896 τος
1292 5816 1399 5896 τήν.
1429 5832 1642 5887 παρου-

56 5886 166 5953 σίαν
189 5886 274 5953 τοῦ
305 5896 494 5966 Λόγου
525 5886 611 5963 μὴ
650 5887 1031 5959 κεχωρηκόσι;
1073 5888 1167 5945 sed
1220 5886 1546 5944 Bodleianus
1582 5896 1644 5942 ut

646 5387 695 5419 "
720 5385 742 5439 l
770 5385 919 5441 Petr.
952 5402 994 5450 ι,
1022 5386 1112 5441 20.
1190 5386 1236 5418 "’
1260 5386 1459 5456 Ephes.
1496 5401 1580 5452 tu,
1613 5388 1670 5444 5.

1753 3382 1850 3438 per
1868 3367 2280 3432 revelatiouem,
2301 3376 2356 3421 et
2375 3383 2394 3417 ι
2431 3379 2529 3435 per
2555 3365 2872 3434 Scripturas
2907 3366 3280 3435 propheticas,
3311 3386 3334 3421 ι

1751 3471 1917 3531 atquc
1939 3475 2038 3530 per
2074 3459 2367 3514 adventum
2401 3458 2615 3513 Domini
2649 3459 2821 3513 nostri
2842 3455 2970 3514 Jesu
2993 3456 3234 3514 Christic
3256 3459 3341 3515 in-

1752 3554 1929 3608 notuit
1952 3553 2035 3617 ”;
2065 3569 2084 3603 ι
2116 3553 2337 3621 quando
2367 3551 2460 3606 lux
2507 3551 2600 3605 illa
2628 3565 2758 3606 vera
2787 3551 3041 3623 regiones
3062 3550 3213 3619 fecit,
3235 3552 3342 3608 illi

1754 3646 2132 3709 illucescendo,
2152 3645 2264 3715 jam
2300 3644 2452 3699 albas
2481 3657 2603 3699 esse
2645 3643 2713 3697 ad
2739 3657 2996 3699 messem.
3027 3643 3342 3698 Secundum

1753 3743 1892 3795 hanc
1927 3739 2090 3810 igitur
2130 3740 2417 3801 rationem,
2452 3738 2707 3807 regiones
2743 3738 2799 3792 in
2842 3737 3040 3808 quibus
3092 3733 3341 3807 conjecta

1752 3833 1903 3887 fuere
1928 3832 2158 3893 semina.
2198 3830 2334 3901 legis
2359 3844 2422 3884 ac
2444 3831 2837 3899 prophetarum
2862 3841 2989 3884 sunt
3015 3830 3339 3900 Scriptura},

1749 3942 1870 3997 qua:
1903 3925 2039 3979 albae
2067 3937 2170 3978 non
2204 3934 2382 3989 erant,
2406 3922 2552 3992 quod
2588 3936 2694 3976 non
2736 3921 3068 3991 recepissent
3097 3937 3338 3990 praesen-

1753 4023 1881 4074 tiam
1917 4027 1970 4072 et
2009 4019 2297 4070 adventurm
2332 4014 2617 4070 Sermonis
2642 4011 2791 4085 [Filii
2821 4011 2913 4068 Dei
2948 4011 3170 4085 ]:tales
3210 4030 3339 4068 vero

1751 4113 1886 4165 liunt
1922 4110 2006 4164 his
2040 4108 2131 4179 qui
2151 4108 2365 4187 .edocti_
2393 4107 2597 4161 fuerint
2630 4123 2660 4160 a
2690 4104 2833 4162 Filio
2868 4106 2984 4171 Dei,
3017 4106 3218 4177 quique
3260 4106 3337 4161 illi

1747 4206 2029 4278 paruerint
2061 4179 2261 4261 dicenti
2293 4221 2308 4259 :
2343 4179 2375 4257 ἲ
2412 4203 2660 4259 Attoilite
2691 4202 2882 4259 oculos
2907 4212 3137 4269 vestros,
3176 4214 3233 4259 et
3259 4204 3337 4259 vi-

1750 4300 1872 4354 dele
1894 4299 2147 4368 regiones
2170 4298 2282 4369 jam
2309 4297 2466 4354 albas
2503 4312 2623 4354 esse
2664 4298 2731 4353 ad
2765 4312 2998 4353 messem
3022 4299 3091 4353 ”.
3115 4317 3134 4351 ι
3164 4298 3336 4354 Attol-

1749 4390 1924 4447 lamus
1953 4392 2121 4463 igitur
2153 4393 2315 4447 etiam
2356 4380 2486 4459 nos',
2517 4408 2617 4447 ceu
2649 4390 2897 4463 germani
2932 4391 3133 4446 Christi
3176 4391 3337 4446 disci-

1750 4483 1883 4553 puli,
1923 4484 2131 4545 oculos.
2157 4494 2213 4540 et
2265 4484 2520 4556 regiones
2554 4499 2585 4538 a
2622 4482 2811 4555 Moyse
2854 4483 3180 4552 czeterisque
3214 4480 3381 4550 proO

1752 4577 1930 4646 plietis
1965 4579 2260 4633 setuiuatas
2301 4580 2631 4644 intueamur,
2680 4587 2737 4632 ιιι
2768 4578 3051 4633 videamus
3101 4577 3337 4644 ipsarum

1752 4669 2087 4734 albedinem;
2116 4682 2225 4737 quo
2268 4667 2434 4723 etiam
2462 4669 2620 4723 modo
2636 4668 2749 4737 jam
2785 4680 2880 4721 eas
2915 4677 3121 4721 metere
3150 4663 3335 4729 libeat,

1751 4769 1807 4814 et
1836 4772 2171 4829 congregare
2196 4759 2434 4829 ipsarum
2467 4758 2707 4813 fructum
2750 4760 2802 4812 in
2838 4758 3006 4812 vitam
3036 4763 3335 4821 aeternam;

1752 4861 2033 4921 sperantes
2072 4852 2237 4905 etiam
2284 4851 2588 4906 mercedem
2624 4852 2871 4919 accipere
2917 4863 2945 4901 a
2986 4847 3216 4901 Domino
3250 4846 3334 4899 vi-

1751 4962 1939 5001 corum
1990 4956 2044 5001 et
2091 4945 2353 5015 largitore
2394 4945 2687 4999 seminum.
2737 4944 2922 5010 Itaque
2968 4938 3332 5019 seminantem

1742 5039 1908 5096 simul
1949 5049 2003 5094 et
2048 5038 2218 5110 258
2254 5046 2543 5094 metentem
2590 5035 2849 5105 gaudere,
2883 5048 3005 5084 eum
3061 5028 3333 5097 aufugerit

1742 5134 1899 5189 dolor
1927 5140 1984 5187 et
2013 5148 2237 5199 maeror,
2276 5140 2332 5185 et
2360 5128 2683 5199 suspirium,
2724 5125 2776 5177 in
2800 5122 2985 5176 futuro
3007 5119 3230 5183 seculo,
3254 5121 3332 5173 ia.

1745 5226 1947 5280 tebitur
1976 5224 2221 5294 quidem,
2241 5220 2491 5292 quisquis
2525 5216 2722 5285 legerit
2758 5215 3022 5279 futurum,
3047 5223 3106 5268 ut
3126 5232 3146 5265 ι
3174 5212 3333 5266 nmlti

1743 5387 1790 5420 "
1816 5374 1973 5441 llum.
2011 5399 2125 5448 xu,
2156 5382 2248 5443 25.
2293 5381 2385 5436 9.6.
2458 5378 2505 5412 ⁹⁹
2527 5377 2690 5434 Joan.
2745 5393 2819 5444 tv,
2848 5376 2942 5434 55.

1751 5539 1807 5592 in
1840 5546 2025 5589 nostro
2056 5542 2231 5589 textu.

1820 5607 1936 5673 (89)
1959 5605 2129 5661 Codd.
2169 5606 2369 5673 llcgius
2395 5611 2450 5656 et
2475 5601 2834 5673 Barherinus,
2864 5601 3029 5654 αὐτὸν
3044 5597 3137 5654 καὶ
3170 5598 3313 5655 συνά-

1748 5670 1866 5747 γειν
1900 5670 2111 5749 καρπὸν
2141 5677 2219 5749 είς
2241 5670 2386 5745 ζωὴν
2419 5672 2657 5749 αἰώνιον,
2676 5672 3005 5728 Bodleiauus
3035 5682 3217 5737 autem
3250 5673 3327 5727 le-

1752 5743 1990 5803 ctioneni
2014 5747 2184 5800 nostri
2217 5743 2400 5798 textus
2433 5743 2674 5799 exhibet.

1826 5818 1938 5885 (90)
1990 5814 2170 5870 Codex
2230 5815 2572 5877 Bodleianus,
2619 5815 2846 5885 optime,
2903 5811 3143 5883 χορηγοῦ
3196 5812 3327 5878 τῶν,

1752 5883 1894 5945 male
1917 5886 2116 5959 Regius
2138 5896 2192 5943 et
2224 5885 2579 5952 Barberinus,
2604 5883 3004 5957 χορηγούντωνι
