3826 6534
481 411 588 470 ιεσ
1971 397 2076 456 0R1

2183 396 2285 456 NIS
3650 392 3739 449 ιει

483 533 552 589 ab
573 528 796 586 Oriente
822 534 878 580 et
906 521 1201 579 Occidente
1223 519 1479 583 veniant,
1506 523 1561 572 et
1591 513 1914 571 accumbam
1941 531 2064 571 cum

2183 516 2263 569 hr’
2287 512 2559 569 ἀνατολῶν
2587 513 2681 567 καὶ
2707 511 2928 582 δυσμῶν
2956 510 3146 583 ἥξουσι
3174 510 3270 565 καὶ
3298 508 3737 583 ἀνακλιθήσονται

482 621 779 683 Abraham,
801 624 856 672 et
884 614 1061 676 Isaac,
1091 619 1146 666 et
1172 608 1342 667 Iacob
1382 608 1437 663 in
1477 622 1644 678 regno
1684 607 2010 663 coelorum'.
2039 625 2059 659 ι

2183 607 2308 677 αετά
2353 607 2604 680 Ἀϐραάμ
2624 646 2639 671 ,
2674 606 2770 659 καὶ
2812 604 3028 669 Ἰσαὰκ,
3059 604 3155 657 καὶ
3194 602 3391 658 Ἰακὼϐ
3422 604 3480 656 ὲν
3506 606 3571 674 τῇ
3594 601 3735 673 βασι-

484 710 604 767 Jam
628 722 757 764 vero
795 719 1011 761 omnem
1054 702 1416 758 seminantem
1463 714 1585 754 cum
1631 699 1782 753 omni
1832 705 2066 753 mt-tente

2183 701 2288 772 ιείᾳ
2330 700 2438 753 τῶν
2467 698 2730 771 οὐρανῶν.
2769 717 2787 749 ι
2820 697 2893 750 Τὸ
2933 698 2990 751 δὲ
3016 698 3110 751 καὶ
3148 696 3249 769 ἢδη
3277 696 3455 751 πάντα
3483 694 3571 749 τὸν
3600 694 3740 747 σπεί-

485 805 723 877 gaudere
749 798 794 855 si
821 812 944 868 quts
979 794 1218 865 ambigat
1248 793 1564 855 admittere,
1592 791 1899 845 consideret
1922 790 2064 860 quod

486 894 672 962 aliquo
700 889 861 945 modo
888 886 1082 942 messis
1124 884 1225 939 fuit
1251 882 1659 939 transformatio
1683 880 1833 946 Jesu,
1861 882 1951 950 qui
1987 880 2068 935 vi-

486 1004 583 1044 sus
612 996 695 1043 est
723 985 779 1041 in
814 981 1006 1055 gloria,
1043 995 1150 1035 non
1196 979 1371 1036 solum
1408 977 1735 1032 metentibus
1763 974 1944 1040 Petro,
1972 974 2068 1030 Ja-

486 1082 624 1137 cobo
654 1088 710 1134 et
731 1076 944 1141 Joanni,
971 1073 1061 1143 qui
1111 1087 1232 1127 cum
1264 1071 1381 1141 ipso
1417 1068 1780 1125 ascenderant
1806 1068 1850 1133 ί,
1883 1081 2066 1123 verum

486 1173 652 1230 etiam
684 1166 1105 1227 semiuatoribus
1137 1163 1275 1220 Mosi
1307 1172 1363 1219 et
1395 1163 1562 1217 Elim:
1606 1177 1729 1216 cum
1754 1161 1895 1232 “ipsis
1924 1161 2067 1215 enim

486 1264 694 1337 pariter
719 1261 979 1333 gaudent,
1007 1257 1261 1311 videntes
1287 1240 1518 1326 gloriam
1546 1251 1669 1309 Filii
1701 1252 1819 1318 Dei,
1852 1268 2011 1323 quam
2040 1268 2068 1306 a

488 1357 650 1412 Patre
684 1353 1005 1408 illustratam
1029 1389 1044 1413 ,
1082 1349 1556 1414 illustrantemque
1594 1344 1868 1409 videntes,
1912 1353 2071 1398 antea

487 1461 597 1501 non
625 1445 876 1502 viderant
921 1440 1099 1495 Moses
1126 1447 1181 1492 et
1212 1435 1380 1501 Elias,
1414 1442 1470 1487 ut
1512 1450 1658 1495 nunc
1687 1435 1871 1489 vident
1911 1434 2072 1489 simul

487 1553 610 1592 cum
642 1534 848 1591 sanctis
868 1531 1146 1604 apostolis.
1168 1527 1402 1585 Perinde
1429 1535 1632 1593 autem,
1663 1526 1821 1596 quasi
1851 1527 2073 1580 univer-

489 1629 602 1685 sale
633 1628 707 1683 sit
744 1628 847 1683 hoc
889 1626 1126 1692 dictum,
1158 1623 1427 1680 sumimus
1471 1637 1486 1675 :
1529 1639 1549 1673 ι
1600 1618 1696 1674 llle
1735 1618 1828 1688 qui
1875 1617 2071 1683 metit,

496 1720 800 1775 mercedem
848 1716 1084 1787 accipit,
1118 1724 1177 1770 et
1209 1720 1505 1785 congregat
1550 1709 1791 1765 fructum
1823 1707 1875 1762 in
1906 1708 2073 1761 vitam

489 1820 788 1873 :rternam;
817 1815 876 1861 ut
903 1807 998 1877 qui
1026 1805 1261 1861 seminat
1286 1802 1446 1857 simul
1474 1801 1730 1874 gaudeat,
1764 1809 1816 1853 et
1836 1798 1927 1867 qui
1960 1813 2076 1851 me-

493 1904 559 1958 tit
580 1903 622 1969 ³,
670 1920 688 1953 ι
729 1915 796 1955 eo
826 1874 968 1966 quod
998 1899 1049 1953 in
1082 1896 1436 1966 sequentibus
1463 1895 1645 1964 plures
1674 1892 1925 1945 dicantur
1954 1903 2073 1944 csse
2105 1874 2146 1931 Β

492 1994 582 2065 qui
618 2001 847 2056 metunt,
892 1998 949 2045 et
997 1988 1182 2059 plures
1230 1987 1326 2058 qui
1366 1983 1762 2048 laboraverint,
1816 1980 2072 2037 nimirum

493 2087 547 2143 iu
576 2084 909 2140 seminando.
943 2081 1153 2136 Dicitur
1199 2081 1344 2134 enim
1386 2076 1554 2134 veluti
1602 2076 1668 2129 ad
1706 2073 1904 2129 multos
1932 2087 2075 2127 mes-

493 2194 644 2234 sores
674 2196 690 2231 :
722 2196 740 2229 ι
772 2176 883 2247 Ego
907 2174 1029 2229 misi
1057 2188 1155 2228 vos
1199 2172 1266 2226 ad
1304 2170 1640 2232 metendum,
1669 2166 1817 2236 quod
1843 2180 1938 2221 vos
1970 2181 2074 2218 nun

494 2270 784 2327 laborastis
807 2271 849 2334 δς
879 2286 899 2320 ι
919 2276 973 2321 et
1001 2265 1156 2336 quasi
1184 2264 1340 2319 multi
1369 2263 1477 2317 sint
1497 2259 1589 2330 qui
1621 2259 1676 2313 in
1706 2258 1913 2315 semine
1938 2257 2080 2312 labu-

495 2362 774 2427 raverint,
807 2357 1067 2415 similiter
1107 2355 1344 2411 dicitur:
1376 2371 1396 2405 ι
1432 2352 1541 2407 Alii
1573 2351 1978 2413 laboraverunt,
2023 2354 2079 2403 et

494 2470 592 2511 vos
618 2455 671 2509 in
716 2453 958 2508 laborem
988 2464 1179 2507 eorum
1217 2445 1486 2502 introistis
1511 2445 1556 2499 '.
1592 2460 1612 2496 ι
1640 2440 1881 2497 Proinde
1911 2439 2081 2510 tequi-

495 2547 640 2603 valet
670 2543 964 2601 universali
1007 2543 1126 2598 inec
1155 2536 1455 2610 propositio
1488 2551 1504 2590 :
1548 2551 1571 2587 ‹
1612 2534 1705 2590 llle
1747 2533 1839 2604 qui
1885 2532 2075 2596 metit,

496 2639 801 2696 mercedem
851 2633 1048 2706 accipit
1087 2651 1103 2701 ;
1141 2651 1160 2685 ι
1201 2639 1256 2686 et
1309 2644 1506 2685 sensus
1558 2627 1684 2683 talis
1723 2635 1807 2682 est
1840 2640 1854 2677 :
1890 2624 2079 2680 Omnis

502 2752 522 2784 ι
565 2732 654 2801 qui
710 2730 887 2791 metit,
922 2726 1228 2783 mercedem
1275 2723 1497 2794 accipit,
1538 2728 1593 2777 et
1626 2728 1922 2790 congregat
1963 2716 2082 2772 fru-

495 2832 638 2877 ctum
674 2824 726 2875 in
756 2822 920 2875 vitam
955 2830 1239 2882 arternam,
1278 2827 1336 2870 ut
1368 2834 1388 2868 ι
1424 2814 1605 2871 omnis
1643 2831 1661 2863 ι
1691 2812 1784 2881 qui
1821 2810 2075 2876 seminat,

494 2912 653 2969 simul
682 2912 933 2982 gaudeat,
975 2919 1031 2965 et
1068 2928 1087 2962 ι
1121 2907 1302 2964 omnis
1335 2924 1357 2959 ι
1417 2905 1508 2977 qtti
1552 2904 1728 2960 metit.
1767 2922 1787 2955 ι
1828 2901 1953 2957 Hauc
1985 2916 2082 2956 au-

497 3015 603 3059 tetn
626 3005 791 3074 aliqui
824 3001 1045 3074 quidem
1065 3009 1312 3072 prompte
1340 2998 1651 3063 adtnittent,
1671 3011 1777 3051 non
1801 2993 2082 3066 ambigen-

499 3107 578 3152 tes
614 3096 745 3165 quin
796 3092 1146 3149 manifestata
1197 3092 1310 3147 sint
1349 3090 1554 3145 sanctis
1592 3087 1854 3160 apostolis
1886 3086 1944 3141 in
1980 3084 2081 3141 ad-

495 3196 660 3241 ventu
682 3184 887 3242 Christi
919 3184 1014 3254 qui
1036 3182 1116 3238 eis
1146 3182 1440 3236 illustravit
1475 3195 1695 3235 omnem
1741 3177 2078 3247 Scripturam

498 3277 618 3332 luce
640 3274 990 3345 cognitionis,
1017 3287 1136 3342 qua:
1168 3270 1440 3326 occultata
1464 3268 1686 3323 fuerant
1721 3266 1969 3334 antiquis
1989 3280 2083 3334 ge-

496 3368 893 3433 nerationibus,
929 3380 995 3420 ac
1029 3365 1130 3436 ipsi
1178 3363 1310 3418 Mosi
1346 3371 1401 3417 et
1450 3359 1734 3431 prophetis
1765 3377 1780 3413 :
1814 3357 1906 3413 alii
1955 3370 2084 3410 vero

498 3460 831 3514 verebuntur
869 3457 1183 3520 admittere,
1214 3469 1318 3509 non
1364 3453 1632 3507 audentes
1679 3449 1863 3505 dicere
1898 3444 2083 3502 Mosen

498 3550 674 3604 virum
720 3557 955 3614 tantum,
990 3558 1046 3604 et
1081 3545 1397 3617 prophetas,
1434 3544 1615 3598 adhuc
1641 3549 1868 3615 agentes
1899 3538 1955 3595 in
1987 3538 2087 3593 hu-

500 3642 701 3708 manis,
736 3657 843 3696 non
880 3648 1163 3697 assecutos
1187 3637 1355 3692 fuisse
1384 3651 1506 3705 quae
1533 3634 1764 3706 apostoli
1797 3631 2088 3689 intellexisp

501 3745 651 3791 sent:
693 3733 995 3804 praesertim
1041 3747 1164 3787 cum
1197 3732 1313 3786 haec
1348 3731 1403 3786 in
1440 3726 1742 3799 Scripturis
1772 3725 1883 3780 sint
1922 3722 2085 3779 semi-

500 3836 649 3893 nata,
686 3842 824 3896 quas
871 3827 987 3896 ipse
1033 3824 1209 3881 Moses
1246 3839 1312 3880 ac
1352 3822 1634 3894 prophetae
1667 3816 2084 3886 administrave-

498 3921 630 3978 rint.
689 3918 799 3976 Sed
846 3920 922 3975 illi
963 3919 1124 3991 primi
1177 3919 1280 3973 hoc
1333 3916 1486 3973 dicto
1536 3922 1808 3969 utentur:
1860 3927 1883 3962 ι
1931 3906 2085 3964 Multi

498 4011 778 4082 propheta:
804 4019 859 4067 et
889 4009 1027 4080 justi
1058 4009 1347 4079 cupierunt
1382 4006 1567 4061 videre
1590 4018 1711 4074 quae
1738 4016 1836 4056 vos
1865 3999 2084 4065 videtis,

498 4115 697 4161 et-non
719 4105 1012 4171 viderunt;
1041 4111 1097 4158 et
1122 4102 1312 4158 audire
1344 4115 1465 4170 qua:
1497 4098 1736 4165 auditis,
1776 4106 1833 4151 ct
1856 4109 1963 4150 non
1997 4108 2088 4147 au-

2172 810 2329 864 ροντα
2367 791 2502 863 μετά
2532 791 2732 854 παντὸς
2763 789 2858 844 τοῦ
2903 789 3211 861 θερίζοντος
3241 789 3453 861 χαίρειν
3491 785 3643 851 εἴτις
3671 786 3741 841 δι-

2171 884 2356 948 στάζει
2387 882 2809 956 παραδέξασθαι,
2834 883 3101 955 νοησάτω,
3135 884 3219 936 ὅτι
3249 880 3508 953 θερισμός
3541 896 3656 944 πως
3677 872 3741 951 ἦν

2169 994 2253 1041 τις
2302 978 2335 1048 ἡ
2379 976 2802 1047 μεταμόρφωσις
2843 972 3019 1046 Ἰησοῦ
3055 975 3110 1029 ὲν
3139 974 3265 1045 δόξῃ
3314 971 3659 1043 φαινομένου,
3686 969 3738 1022 οὐ

2174 1071 2333 1144 μόνον
2364 1073 2478 1133 τοῖς
2503 1070 2777 1141 θερισταῖς
2807 1066 3000 1140 Πέτρῳ
3025 1106 3039 1131 ,
3075 1067 3172 1144 καὶ
3213 1065 3477 1137 Ἰακώϐῳ,
3512 1065 3605 1119 καὶ
3642 1065 3743 1117 Ἰω-

2172 1142 2327 1234 άννῃ,
2351 1164 2464 1225 τοῖς
2499 1159 2857 1214 συναναϐᾶσιν
2878 1158 3046 1230 αὐτῷ,
3079 1142 3217 1212 ἀλλά
3240 1158 3334 1211 καὶ
3366 1160 3482 1222 τοῖς
3505 1157 3742 1227 σπείρασι

2171 1259 2342 1327 Μωσῇ
2377 1256 2471 1309 καὶ
2503 1253 2659 1325 Ἠλίᾳ
2680 1271 2693 1283 ·
2726 1252 2843 1323 ἅμα
2863 1250 2971 1322 γὰρ
2997 1251 3180 1314 αὐτοῖς
3200 1250 3503 1322 χαίρουσιν,
3525 1247 3745 1317 ὁρῶντες

2171 1350 2269 1422 τὴν
2299 1348 2455 1412 δόξαν
2488 1345 2582 1400 τοῦ
2614 1345 2744 1400 Υίοῢ
2771 1344 2930 1409 Θεοῦ,
2955 1344 3142 1415 ἥντινα
3172 1345 3265 1396 ἐπὶ
3292 1342 3546 1395 τοσοῦτον
3572 1358 3744 1411 πεφω-

2171 1441 2431 1512 τισμένην
2450 1440 2557 1493 ὑπὸ
2575 1438 2667 1492 τοῦ
2691 1438 2924 1509 Πατρὸς,
2949 1437 3043 1490 καὶ
3075 1435 3415 1507 φωτίζουσαν
3442 1436 3566 1499 τοὺς
3590 1434 3746 1507 ὁρῶν-

2173 1550 2293 1597 τας,
2330 1532 2591 1607 πρότερον
2631 1531 2730 1601 οὐχ
2763 1528 2995 1600 ἑωράκει
3032 1528 3239 1598 Μωσῆς
3262 1567 3277 1591 ,
3310 1527 3407 1581 καὶ⁵
3453 1526 3653 1593 Ἠλίας,
3680 1525 3745 1590 ὡς

2174 1624 2269 1679 νῦν
2297 1624 2526 1678 θεῶνται
2564 1625 2681 1695 ἅμα
2713 1624 2826 1686 τοῖς
2867 1620 3044 1689 ἁγίοις
3091 1618 3434 1682 ἀποστόλοις.
3474 1618 3561 1682 Ὧς
3600 1616 3746 1672 καθο-

2173 1716 2310 1786 λικῷ
2335 1715 2392 1769 δὲ
2427 1716 2539 1769 ίσον
2566 1714 2861 1784 δυνάμενον
2889 1710 3237 1782 λαμϐάνομεν
3266 1710 3328 1763 τό
3349 1725 3365 1740 ·
3406 1729 3424 1760 ι
3446 1709 3504 1763 '0
3534 1707 3746 1780 θερίζων

2179 1809 2368 1880 μισθὸν
2390 1807 2690 1878 λαμϐάνει,
2726 1805 2821 1859 καὶ
2866 1803 3089 1871 συνάγει
3118 1802 3329 1874 καρπὸν
3357 1801 3440 1866 είς
3463 1799 3605 1872 ζωὴν
3631 1799 3746 1853 alth-

2175 1918 2305 1965 νιον,
2337 1900 2422 1953 ἵνα
2451 1901 2479 1951 ό
2508 1897 2746 1968 σπείρων
2778 1893 2913 1966 ὁμοῦ
2944 1895 3131 1966 χαίρῃ,
3164 1895 3306 1947 καὶὸ
3334 1891 3586 1963 θερίζων,
3620 1911 3638 1942 ι
3670 1892 3746 1945 διὰ

2174 1993 2235 2046 τὸ
2265 1995 2323 2046 ὲν
2349 1995 2460 2055 τοῖς
2481 1979 2609 2060 έξῆς
2642 1988 2891 2052 πλείονας
2916 1986 3170 2057 λέγεσθαι
3198 1987 3324 2050 τοὺς
3358 1985 3634 2057 θεριστὰς,
3662 1984 3749 2039 καὶ

2175 2084 2429 2147 πλείονας
2456 2085 2581 2144 τοὺς
2606 2079 3022 2143 κεκοπιακότας,
3050 2078 3294 2151 δηλονότι
3325 2079 3407 2141 εἱς
3428 2076 3490 2129 τὸ
3521 2078 3746 2147 σπεῖραι.

2176 2176 2407 2244 Λέγεται
2441 2174 2551 2247 γὰρ
2589 2173 2664 2237 ὡς
2698 2172 2836 2244 πρὸς
2868 2170 3096 2234 πολλοὺς
3140 2169 3401 2242 θεριστὰς
3443 2168 3503 2221 τό
3526 2185 3539 2198 ·
3580 2187 3599 2219 ι
3621 2165 3750 2233 Ἐγὼ

2177 2267 2469 2321 ἀπέστειλα
2498 2267 2640 2336 ὑμᾶς
2665 2264 2900 2336 θερίζειν
2928 2262 2956 2315 ὃ
2986 2265 3087 2334 οὐχ
3116 2263 3277 2334 ὑμεῖς
3305 2260 3670 2315 κεκοπιάκατε
3687 2279 3701 2290 ·
3726 2279 3743 2311 ι

2177 2360 2271 2413 καὶ
2298 2360 2373 2422 ὼς
2400 2357 2608 2411 π)λλῶν
2633 2359 2691 2410 ὲν
2713 2355 2790 2426 τῷ
2818 2353 3004 2426 σπόρῳ
3036 2351 3399 2425 κεκμηκότων
3428 2351 3489 2405 τό
3507 2367 3519 2381 ·
3552 2348 3750 2403 «Ἄλλοι

2176 2449 2560 2512 κεκοπιάκασι,
2604 2449 2696 2501 καὶ
2725 2448 2883 2517 ὑμεῖς
2906 2448 2986 2510 είς
3024 2446 3117 2498 τὸν
3157 2444 3327 2498 κόπον
3351 2442 3531 2497 αὐτῶν
3554 2439 3749 2509 είσελη·

2176 2540 2394 2595 λύθατε.
2449 2559 2467 2590 ι
2506 2540 2648 2591 Ἰσον
2694 2537 2753 2590 δὲ
2788 2536 3014 2591 δύναται
3050 2534 3130 2606 τῷ
3167 2532 3442 2603 καθολικῷ
3480 2530 3629 2601 (9|)
3663 2529 3746 2583 τό’

2183 2650 2203 2684 ι
2226 2633 2283 2685 Ὀ
2316 2628 2546 2701 θερίζων
2587 2628 2778 2699 μισθὸν
2814 2626 3103 2698 λαμϐάνει,
3147 2644 3166 2676 ι
3204 2625 3301 2679 καὶ
3332 2624 3394 2677 τὸ
3432 2623 3558 2694 ἑξῆς
3589 2618 3751 2675 τοιοῦ-

2176 2740 2268 2777 τον
2315 2739 2330 2753 ο
2375 2741 2394 2774 ι
2435 2721 2553 2784 Πᾶς
2586 2723 2614 2774 ὁ
2647 2720 2876 2793 θερίζων
2912 2718 3101 2789 μισθὸν
3134 2716 3426 2788 λαμϐάνει,
3476 2715 3571 2769 καὶ
3632 2731 3749 2766 συν-

2189 2815 2315 2884 άγει
2380 2812 2589 2886 καρπὸν
2628 2812 2708 2875 είς
2746 2808 2889 2881 ζωὴν
2928 2805 3165 2871 αίώνιον,
3190 2806 3279 2860 ἵνα
3319 2806 3427 2869 πᾶς
3462 2805 3490 2858 ὁ
3528 2801 3752 2873 σπείρων

2177 2904 2312 2977 ὁμοῦ
2347 2904 2535 2976 χαίρῃ,
2574 2901 2668 2955 καὶ
2708 2900 2816 2963 πᾶς
2847 2900 2877 2951 ό
2914 2896 3165 2969 θερίζων.
3203 2914 3223 2948 ι
3268 2892 3455 2947 Ταῦτα
3488 2892 3545 2945 δὲ
3577 2892 3628 2945 oi
3664 2890 3753 2960 μέν

2178 3013 2322 3060 τινες
2363 2995 2509 3065 (92)
2550 2992 2780 3063 ἑτοίμως
2830 2987 3224 3062 παραδέξονται
3249 3025 3265 3049 ,
3305 2985 3382 3058 μὴ
3427 2983 3753 3046 διστάζοντες

2180 3087 2310 3160 περὶ
2334 3083 2429 3138 τοῦ
2459 3084 2530 3138 τὰ
2560 3078 3035 3150 ἀποκεκρυμμένα
3065 3079 3188 3140 ταῖς
3217 3074 3388 3130 πάλαι
3420 3074 3634 3143 γενεαῖς
3668 3071 3753 3122 καὶ

2181 3177 2331 3249 αὐτῷ
2358 3177 2567 3238 Muta-ei,
2601 3176 2696 3229 καὶ
2718 3174 2831 3236 τοῖς
2856 3170 3163 3242 προφήταις
3204 3166 3621 3243 πεφανερῶσθαι
3651 3166 3753 3225 τοῖς

2185 3272 2361 3341 ἁγίοις
2383 3266 2699 3329 ἀποστόλοις
2730 3262 2872 3318 κατὰ
2909 3261 3006 3333 τὴν
3042 3260 3133 3314 τοῦ
3167 3258 3405 3331 Χριστοῦ
3450 3253 3754 3328 ἐπιδημίαν,

2184 3363 2520 3434 φωτίσαντος
2544 3358 2730 3420 αὐτοῖς
2752 3354 2814 3408 τὸ
2839 3352 2953 3424 φῶς
2983 3351 3043 3405 τὸ
3063 3350 3163 3421 τῆς
3188 3348 3442 3419 γνώσεως
3464 3347 3561 3416 τῆς
3588 3345 3755 3416 πάσης

2183 3454 2408 3529 Γραφῆς
2432 3469 2446 3482 '
2495 3451 2672 3522 ἕτεροι
2712 3446 2769 3501 δὲ
2805 3445 3095 3517 ὀκνήσουσι
3153 3440 3489 3516 προσέσθαι,
3531 3438 3606 3509 μὴ
3648 3436 3754 3491 τολ-

2188 3547 2396 3620 μιῖιντες
2427 3543 2609 3612 λέγειν
2635 3540 2727 3593 τὸν
2754 3535 3071 3610 τηλικοῦτον
3095 3533 3324 3597 Μωσέα,
3362 3532 3456 3587 καὶ
3483 3531 3607 3594 τοὺς
3636 3546 3754 3602 προ⁴

2184 3619 2360 3710 φήτας
2386 3634 2460 3708 μὴ
2499 3630 2794 3703 ἐφθακέναι
2827 3627 2908 3682 ἐτι
2936 3625 3097 3690 δντας
3137 3626 3194 3679 ὲν
3217 3623 3296 3695 τῷ
3333 3623 3442 3678 τῶν
3470 3619 3757 3693 ἀνθρώπων

2187 3728 2288 3801 βίῳ
2310 3727 2401 3782 ἐπὶ
2420 3726 2491 3781 τὰ
2513 3726 2626 3787 τοῖς
2649 3720 2968 3784 ἀποστόλοις
2994 3715 3315 3788 νενοημένα,
3347 3715 3444 3768 καὶ
3469 3712 3624 3766 τοῦτο
3648 3712 3758 3772 ταῖς

2186 3822 2357 3884 θείαις
2388 3820 2632 3890 Γραφαῖς
2661 3813 3074 3886 ὲνεσπαρμένα,
3104 3812 3223 3874 ταῖς
3255 3808 3348 3862 ὑπ’
3379 3804 3556 3860 αὐτῶν
3583 3805 3755 3858 διακοο

2185 3916 2482 3990 νηθείσαις».
2517 3911 2827 3982 Χρήσονται
2879 3906 2941 3961 δὲ
2972 3906 3021 3958 οἱ
3059 3902 3312 3976 πρότεροι
3353 3899 3433 3971 τῷ
3456 3916 3469 3930 ·
3523 3918 3541 3947 ι
3579 3894 3757 3950 Πολλοὶ

2187 3985 2463 4082 προφῆται
2499 4004 2594 4059 καὶ
2619 4001 2818 4057 δίκαιοι
2843 3996 3199 4068 ἐπεθύμησαν
3233 3992 3364 4046 ἰδεῖν
3392 3990 3428 4046 ἀ
3460 3991 3616 4061 ὑμεῖς
3643 3985 3759 4058 su-

2188 4117 2341 4164 πετε,
2372 4099 2468 4152 καὶ
2500 4097 2601 4151 οὐκ
2649 4090 2821 4148 εἶδονο
2866 4090 2962 4145 xui.
3006 4087 3236 4143 ἀκοῦσαι
3293 4084 3330 4139 ἃ.
3383 4083 3626 4144 ἀκούετε,
3671 4077 3757 4133 καὶ

500 4195 719 4251 dierum
744 4196 799 4262 ος
835 4212 855 4247 ι
882 4205 937 4249 et
961 4170 1065 4248 huc
1097 4192 1261 4247 etiam
1290 4209 1304 4245 :
1353 4210 1371 4241 ι
1404 4182 1546 4245 Ecce
1583 4188 1705 4259 plus
1729 4201 1893 4257 quam
1939 4183 2076 4239 Salo!

2186 4191 2287 4246 οὐκ
2341 4190 2578 4261 ἥκουσαν
2593 4203 2606 4217 '
2665 4203 2685 4237 ι
2742 4183 2874 4238 καί·
2929 4201 2948 4233 ι
2995 4180 3126 4235 Ἰδοὺ
3190 4175 3375 4229 πλεῖον
3430 4170 3758 4243 Σολομῶντος

499 4303 627 4343 mon
646 4289 749 4343 hoc
776 4288 829 4342 in
856 4286 1008 4342 loco"
1039 4302 1055 4353 ;
1088 4303 1108 4338 ι
1129 4295 1179 4339 et
1219 4285 1308 4340 illo
1330 4284 1496 4338 etiam
1521 4300 1534 4337 :
1561 4302 1580 4335 ι
1603 4282 1661 4338 in
1692 4281 1814 4335 aliis
1836 4277 2076 4335 aetatibus

2188 4260 2464 4334 ὧδε-ικαὶ
2496 4274 2629 4346 τῷοι
2656 4273 2902 4343 Ἑτέραις
2934 4270 3149 4338 γενεαῖς
3197 4267 3298 4319 οὐκ
3320 4260 3619 4336 ἐγνωρίσθη
3654 4261 3758 4320 τοῖς

502 4396 611 4436 non
641 4380 875 4434 innotuit
905 4378 1031 4434 ﬁliis
1061 4375 1851 4446 hominum,'quemadmodum
1878 4368 2076 4425 revela-

2192 4373 2325 4433 υἱοῖς
2392 4366 2499 4421 τῶν
2558 4364 2862 4436 ἀνθρώπων
2883 4402 2898 4428 ,
2961 4362 3037 4439 ὡς
3095 4359 3190 4413 νῦν
3244 4354 3600 4425 ἀπεκαλύφθη
3656 4354 3759 4412 τοῖς

503 4479 620 4526 tum
675 4479 757 4526 est
783 4483 924 4525 nunc
952 4468 1155 4523 sanctis
1186 4439 1444 4538 apostolis
1476 4466 1592 4535 ejus
1611 4474 1666 4520 et
1692 4460 1996 4534 prophetis,
2031 4465 2076 4510 ul

2190 4459 2365 4528 ἁγίοις
2412 4455 2733 4519 ἀποστόλοις
2770 4451 2972 4519 αὐτοῦ,
3017 4448 3462 4519 καὶνπροφήταις
3508 4439 3645 4497 εἶναι
3699 4440 3759 4510 τᾷ

503 4563 617 4619 sint
638 4570 829 4634 gentes
850 4561 1180 4623 cohazredes,
1197 4568 1253 4614 et
1287 4533 1526 4628 ejusdem
1565 4533 1837 4624 corporis,
1863 4563 2076 4607 consor-

2193 4550 2320 4620 ἔθνη
2355 4546 2805 4619 συγκληρονόμα,
2833 4544 2928 4598 καὶ
2981 4541 3243 4610 σύσσωμα
3266 4578 3282 4602 ,
3318 4539 3414 4591 καὶ⁹
3458 4533 3761 4605 συμμέτοχα

505 4661 694 4724 tesque
724 4650 889 4723 259
916 4650 1288 4722 promissionis
1321 4650 1375 4703 in
1410 4647 1631 4704 Christo
1659 4645 1700 4699 ⁸.
1741 4663 1759 4696 ι
1796 4643 2086 4698 Adduceut

503 4749 668 4802 etiam
706 4747 758 4801 hi
793 4744 922 4800 illud
964 4743 1104 4813 quod
1138 4741 1320 4796 Daniel
1354 4750 1474 4811 post
1502 4737 1796 4809 quamdam
1818 4733 2084 4789 visionem

506 4840 723 4910 scripsit
751 4857 797 4895 ιι
828 4835 1148 4899 Surrexi,et
1172 4850 1277 4889 non
1311 4843 1429 4888 erat
1455 4831 1547 4902 qui
1582 4827 1908 4898 intelligeret
1938 4826 1982 4856 ⁸·
2011 4842 2026 4891 ;
2058 4841 2077 4875 ι

504 4945 560 4989 et
588 4933 714 4988 illud
744 4930 894 4988 Isaia:
928 4949 941 4986 :
974 4947 994 4980 ι
1026 4926 1315 4983 Sermones
1341 4924 1502 4994 huius
1534 4923 1658 4978 libri
1683 4917 1991 4976 suntveluti
2020 4917 2085 4971 li-

504 5012 865 5081 ber'hominis
898 5023 1145 5093 signatus
1174 5034 1190 5073 :
1220 5018 1379 5088 quem
1416 5017 1592 5086 ipsum
1626 5013 1673 5068 si
1703 5011 1958 5067 dederint
1986 5009 2085 5063 ho-

506 5120 641 5174 mini
675 5118 937 5175 nescienti
970 5117 1206 5181 litteras,
1233 5113 1476 5167 dicentes
1505 5127 1518 5162 :
1554 5106 1724 5178 Lege,
1756 5103 1900 5158 dicet
1936 5119 1949 5154 :
1983 5101 2084 5155 Ne-

507 5210 625 5266 scio
660 5209 905 5274 litteras;
950 5219 1002 5262 et
1039 5208 1242 5261 dabunt
1272 5204 1424 5257 illum
1459 5200 1672 5256 homini
1708 5194 1904 5252 scienti
1937 5193 2084 5246 litte-

509 5317 621 5365 ras,
645 5311 701 5355 et
731 5302 873 5353 dicet
911 5314 926 5351 :
956 5298 1068 5351 Non
1106 5311 1327 5367 possunt
1366 5295 1548 5363 legere
1579 5332 1594 5356 ,
1642 5306 1706 5344 eo
1734 5288 1878 5359 quod
1902 5287 2085 5356 signa-

510 5391 767 5446 tussit’.
812 5409 831 5442 ι
867 5390 1072 5445 Rursus
1112 5389 1202 5444 alii
1253 5388 1371 5443 haec
1422 5384 1606 5440 omnia
1656 5382 1761 5436 hac
1812 5376 2082 5434 sententia

509 5485 834 5537 destruent:
872 5497 893 5530 ι
948 5480 1175 5548 Sapiens
1230 5476 1507 5544 intelliget
1564 5487 1686 5544 quae
1731 5486 1799 5527 ex
1852 5484 1952 5524 ore
1982 5481 2083 5523 suo

2191 4642 2290 4712 τῆς
2312 4639 2641 4710 ἐπαγγελίας
2684 4639 2742 4690 ὲν
2765 4633 3002 4708 Χριστῷ·
3022 4646 3040 4678 υ
3068 4633 3163 4687 καὶ
3181 4632 3260 4705 τῷ
3279 4632 3337 4685 ὲν
3362 4626 3441 4699 τῷ
3459 4625 3648 4696 Δανιὴλ
3672 4641 3760 4692 γε-

2191 4732 2494 4807 γραμμένῳ
2531 4730 2670 4803 μετά
2715 4745 2835 4782 τινα
2862 4728 3072 4798 ὅρασιν,
3121 4724 3233 4786 ὅτι,
3272 4740 3292 4773 ι
3345 4720 3616 4789 Ἀνέστην,
3674 4717 3762 4770 καὶ

2191 4827 2289 4881 οὐκ
2310 4822 2378 4897 ἦν
2403 4825 2432 4877 ὁ
2461 4821 2676 4876 συνιών·
2711 4840 2729 4873 ι
2770 4819 2864 4873 καὶ
2889 4817 2966 4889 τῷ
3008 4818 3067 4869 ὲν
3097 4815 3173 4887 τῷ
3213 4814 3428 4884 Ἡσαΐᾳ·
3459 4829 3480 4862 ι
3519 4811 3667 4864 Εἰσὶν
3717 4808 3760 4859 οἱ

2191 4920 2337 4987 λόγοι
2363 4915 2456 4971 τοϋ
2486 4914 2689 4986 βιϐλίου
2712 4912 2902 4965 τούτου
2927 4910 3002 4972 ὡς
3031 4907 3230 4977 βιϐλίον
3255 4903 3538 4976 ἀνθρώπου
3568 4904 3763 4969 ἐσφρα·

2192 5009 2473 5080 γεσμένον,
2504 5005 2533 5057 δ
2554 5003 2644 5056 ἐὰν
2682 5003 2845 5056 δῶσιν
2879 4998 3010 5053 αὐτὸ
3036 4996 3309 5067 ἀνθρώπῳ
3336 4994 3411 5066 μὴ
3437 4990 3763 5059 ἐπισταμένῳ

2195 5078 2500 5176 γράμματα
2540 5099 2807 5165 λέγοντες·
2868 5088 3186 5161 Ἀνάγνωθι,
3223 5089 3358 5159 ἐρεῖ·
3395 5086 3506 5139 Ούκ
3544 5078 3764 5136 ἐπίστα-

2198 5175 2293 5265 μαι
2318 5192 2642 5263 γράμματα·
2678 5186 2772 5238 καὶ
2811 5182 3072 5236 δώσουσιν
3104 5178 3235 5233 αὐτὸ
3258 5176 3527 5248 ἀνθρώπῳ
3547 5175 3767 5226 ἐπιστα-

2197 5260 2705 5353 μένῳγράμματα,
2747 5275 2843 5327 καὶ
2896 5273 3031 5345 ἐρεῖο
3065 5269 3139 5323 Ού
3178 5267 3415 5338 δύναμαι
3442 5260 3764 5331 ἀναγνῶναι,

2192 5372 2553 5444 ὲσφράγισται
2585 5369 2715 5437 γάρ,
2737 5386 2754 5416 ι
2792 5366 2856 5419 Oi
2879 5363 2937 5417 δὲ
2961 5361 3202 5432 δεύτεροι
3236 5357 3414 5414 ταῦτα
3450 5354 3624 5409 πάντα
3655 5352 3766 5405 διαρ-

2191 5441 2443 5517 λύσονται
2470 5458 2567 5531 τῷ·
2602 5477 2621 5511 ι
2653 5456 2822 5525 Σοφὸς
2849 5456 3031 5524 νοήσει
3060 5449 3131 5504 τά
3157 5449 3266 5503 ἀπὸ
3287 5446 3382 5501 τοῦ
3417 5445 3543 5500 ἰδίου
3571 5441 3769 5512 στόμα·

582 5622 600 5652 ¹
633 5619 823 5676 Matth.
855 5634 983 5682 vttt,
1022 5620 1108 5673 Η.
1182 5621 1204 5650 ¹
1239 5617 1427 5672 Matth.
1451 5628 1590 5678 xvu,
1632 5612 1744 5665 1-3.
1818 5607 2022 5682 .‘Juan.
2074 5600 2270 5682 tv,_36.
2342 5599 2365 5629 ⁸
2399 5594 2690 5682 ἱῠὶἀέβξᾋ
2731 5592 2753 5625 ⁸
2780 5587 2913 5645 ibid.
2979 5585 3193 5641 “Matth.
3224 5598 3346 5646 xm,
3375 5578 3462 5635 l7.
3529 5575 3550 5609 '
3577 5572 3763 5629 Matth.

511 5689 729 5756 ιιιμιῖ.
815 5690 838 5722 ⁸
888 5678 1081 5759 Ephes.
1124 5703 1199 5752 ιιι,
1251 5688 1305 5753 5,
1337 5687 1393 5744 6.
1493 5685 1535 5716 ⁵·
1585 5683 1721 5737 Dan.
1759 5694 1883 5741 vut,
1922 5678 2010 5731 26.

556 5849 568 5890 4
605 5792 697 5889 9i)
723 5816 808 5882 Τῷ
837 5810 1151 5877 γαθυλικῷ.
1186 5809 1276 5867 Sic
1298 5810 1464 5867 codex
1490 5804 1850 5867 Dodleianus;
1894 5800 1946 5854 in
1979 5798 2088 5854 Re-

519 5894 611 5951 ιιιο
630 5892 777 5946 deest
808 5891 903 5957 τῷ,

2112 5663 2145 5706 θ’
2166 5674 2290 5727 Isai.
2328 5682 2479 5732 χχιι,
2504 5665 2590 5729 li,
2623 5663 2715 5720 12.

2269 5791 2380 5920 (Et?)
2413 5789 2503 5847 Sic
2534 5787 2697 5843 habet
2733 5782 2900 5842 codex
2930 5777 3287 5841 Bodleianus;
3327 5774 3380 5828 in
3420 5768 3591 5839 Regio
3622 5765 3767 5819 deest

2269 5882 2278 5912 ι
2312 5885 2359 5920 c.

2197 5879 2359 5931 τινες.
