3826 6542
74 391 150 447 385
1127 385 1480 444 COMMENT.
1516 385 1581 441 IN
1614 383 1810 441 JOAN.
1845 383 2084 445 TOMUS
2121 386 2261 444 XIII.

3204 396 3310 452 486

70 529 149 576 τος·
177 509 265 565 ίπὶ
291 509 356 563 δὲ
391 512 626 582 χείλεσι
652 513 810 584 φορεῖ
834 510 1298 581 ἐπιγνωμοσύνην·
1335 529 1354 561 ι
1395 510 1643 577 λέγοντες

1752 507 2090 577 prodibunt;
2156 508 2212 562 in
2282 507 2442 564 labiis
2499 518 2680 565 autem
2736 510 2852 567 suis
2905 520 3078 584 gestat
3128 515 3311 572 scien-

37 604 45 617 '
70 600 230 658 Μωσέα
272 602 383 654 καὶ
436 602 695 657 ἕκαστον
725 601 1012 674 προφητῶν
1043 602 1111 654 τὰ
1133 600 1519 673 διακονηθέντα
1551 599 1642 653 ὑπ’

68 691 207 748 αὐτῶν
232 693 614 762 νενοηκέναι,
640 695 736 763 οὐχ
771 692 907 746 ὥστε
940 692 1033 745 καὶ
1075 691 1279 763 ἑτέροις
1314 690 1644 762 παραδοῦναι

70 787 138 841 καὶ
165 784 492 853 ἀναπτύξαι
533 787 612 841 τὰ
646 786 934 859 μυστήρια·
978 785 1104 847 τοὺς
1136 784 1386 855 μέντοιγε
1420 782 1648 838 ἀποστό-

67 882 178 943 λους,
220 877 302 941 ὡς
330 878 397 931 ἐν
449 878 650 950 καιρῷ
685 875 1074 945 ἀποκαλύψεως
1096 874 1444 947 γενομένους,
1471 876 1644 929 εἰπεῖν

68 973 131 1024 ἂν·
160 963 180 1019 ι
206 968 470 1040 Στήκετε
512 968 660 1040 (95),
694 969 784 1022 καὶ
813 970 1061 1039 κρατεῖτε
1089 967 1188 1030 τάς
1217 953 1541 1040 παραδόσεις
1578 965 1645 1029 ἃς

67 1059 365 1132 ἐδιδάχθητε·
418 1079 443 1112 ι
486 1061 615 1126 καὶ,
652 1078 673 1111 ι
717 1060 784 1112 "A
809 1058 1047 1129 ήκουσας
1073 1058 1200 1130 παρ’
1233 1056 1368 1129 ἐμοῦ
1401 1057 1486 1111 διὰ
1512 1059 1643 1111 πολ-

67 1153 147 1204 λῶν
185 1152 532 1222 μαρτύρων,
591 1150 759 1205 ταῦτα
787 1150 1030 1223 παράθου
1062 1151 1271 1213 πιστοῖς
1317 1148 1641 1220 ἀνθρώποις,
1681 1189 1691 1197 .

64 1245 221 1305 οἵτινες
242 1242 436 1296 ἱκανοὶ
477 1241 706 1296 ἔσονται
732 1243 822 1296 καὶ
852 1241 1070 1312 ἐτέρους
1088 1239 1313 1304 διδάξαι·
1355 1258 1374 1291 ι
1404 1241 1517 1302 καὶ,
1539 1240 1641 1305 ὅτι,

66 1337 103 1388 εἰ
129 1333 436 1405 ἐπεθύμουν
473 1333 677 1387 πολλοὶ
726 1334 998 1404 προφῆται
1043 1331 1139 1385 καὶ
1189 1331 1386 1385 δίκαιοι
1439 1331 1564 1384 ίδεῖν
1608 1331 1644 1385 ἃ

63 1426 255 1479 ίδλεπον
307 1427 361 1478 oi
412 1424 750 1491 ἀπόστολοι,
794 1425 888 1478 καὶ
926 1422 962 1477 ἂ
1008 1423 1223 1495 ῆκουον,
1265 1422 1513 1491 λέγοντος
1548 1422 1642 1475 τοῦ

66 1520 306 1590 Σωτῆρος,
341 1519 413 1572 οὐ
482 1519 715 1582 πάντως
740 1516 806 1571 τά
832 1516 942 1572 τῶν
979 1515 1218 1587 νομικῶν
1264 1514 1495 1585 Γραφῶν
1549 1516 1644 1568 καὶ

65 1610 396 1683 προφητικῶν
422 1609 777 1680 ἐπεθύμουν,
807 1607 941 1664 ἀλλὰ
972 1606 1176 1661 τούτων
1212 1606 1431 1678 μείζονα
1466 1607 1644 1675 ἀπαγ-

66 1701 352 1772 γελλόμενα,
405 1700 567 1773 πρὸς
598 1702 712 1764 τοῖς
759 1699 1143 1769 πνευματικοῖς
1195 1696 1289 1751 τοῦ
1340 1696 1505 1767 νόμου
1548 1697 1642 1751 καὶ

64 1796 154 1857 τοῖς
191 1794 555 1865 ἀπορρήτοις
605 1792 713 1846 τῶν
743 1791 1055 1863 προφητῶν,
1097 1790 1201 1843 ὑπὸ
1252 1788 1346 1842 τοῦ
1390 1788 1638 1859 Σωτῆρος

169 1855 724 1966 ἀποστολοιςέδποῖα
848 1855 926 1935 τοί
978 1900 997 1933 ι
1028 1882 1272 1935 Ἤκουσα
1300 1882 1512 1952 ἀρρητα
1534 1855 1643 1951 ’ρή-
1674 1855 1714 1910 Β

64 1992 203 2043 ματα,
229 1975 390 2029 ἃοὺκ
417 1974 556 2037 ἐξὸν
594 1972 865 2045 ἀνθρώπῳ
898 1973 1153 2044 λαλῆσαι,
1192 1993 1210 2024 ι
1232 1973 1327 2027 καὶ
1360 1973 1643 2045 παραπλή-

63 2081 138 2117 σια
161 2066 268 2127 τοῖς
301 2064 422 2118 ὑπὸ
457 2063 561 2117 τοῦ
600 2063 955 2135 Παρακλήτου
974 2063 1305 2135 λεγομένοις.
1331 2065 1453 2117 Ἔτι
1475 2065 1531 2117 δὲ
1550 2063 1642 2117 καὶ

62 2154 322 2219 ἐντούτοις
360 2155 488 2227 (94)
542 2155 609 2209 τὸ
640 2156 804 2228 ῥητὸν
844 2154 1185 2227 θεασώμεθα,
1212 2150 1321 2209 οἷον
1351 2152 1489 2210 εἶναί
1522 2174 1643 2210 τινα

58 2249 301 2319 διηγεῖται
331 2247 433 2301 τὸν
472 2247 769 2319 θερίζοντα
792 2246 980 2318 μισθὸν
1022 2246 1317 2317 λαμϐάνειν
1336 2247 1451 2313 ,καὶ
1485 2248 1643 2302 συνά-

61 2357 158 2408 γειν
184 2340 407 2412 καρπὸν
436 2341 525 2403 είς
560 2338 712 2410 ζωὴν
743 2338 956 2393 αἰώνιον
973 2342 1002 2393 6
1020 2338 1429 2409 εὐαγγελιστὴς,
1446 2339 1637 2408 λέγων’

61 2449 77 2481 ι
111 2434 221 2486 Ἵνα
244 2433 276 2484 6
312 2431 579 2502 σπείρων
613 2431 752 2501 ὁμοῦ
789 2430 973 2503 χαίρῃ,
1004 2431 1098 2484 καὶ
1133 2432 1163 2483 ὁ
1209 2429 1456 2502 θερίζων.
1508 2450 1526 2482 ι
1579 2432 1642 2484 El

56 2520 105 2573 δὲ
134 2521 214 2575 ἵνα
242 2523 272 2574 6
318 2521 581 2593 σπείρων
622 2520 761 2592 ὁμοῦ
803 2522 988 2595 χαίρῃ,
1012 2522 1105 2575 καὶ⁸
1129 2524 1156 2575 6
1194 2521 1424 2593 θερίζων
1452 2520 1643 2592 μισθὸν

55 2612 327 2684 λαμϐάνει,
369 2615 476 2669 καὶ
512 2615 747 2682 συνάγει
768 2614 976 2685 καρπὸν
1005 2616 1085 2678 εἰς
1113 2613 1257 2686 ζωὴν
1288 2614 1523 2678 αἰώνιον,
1549 2614 1645 2668 τά-

57 2721 115 2769 χι
152 2706 179 2756 6
227 2705 511 2777 smipwv,
553 2702 829 2759 κοινωνῶν
873 2704 951 2775 τῷ
988 2704 1164 2776 μισθῷ
1190 2704 1281 2759 τοῦ
1316 2704 1641 2777 θερίζοντος,

55 2794 133 2846 καὶ
154 2798 217 2866 τῇ
248 2799 568 2867 συναγωγῇ
616 2795 719 2847 τοῦ
755 2797 833 2858 εἰς
860 2795 1002 2868 ζωὴν
1034 2794 1250 2850 αἰώνιον
1282 2795 1642 2866 συναγομένου

55 2887 270 2956 καρποῦ,
302 2889 433 2958 ἅμα
468 2888 553 2957 τῷ
594 2886 862 2957 θερίζοντι
889 2889 1209 2959 χαρήσεται.
1244 2887 1435 2951 ’Ἄλλος
1462 2887 1519 2941 δέ
1561 2905 1644 2951 τις

53 2976 154 3043 ἐρεῖ
172 2977 273 3030 ὅλα
305 2977 385 3031 τὰ
412 2977 631 3049 νομικά
661 2978 755 3030 καὶ
786 2977 856 3030 τά
893 2977 1208 3050 προφητικὰ
1234 2979 1477 3050 ἀκριϐῶς
1504 2977 1644 3033 κατά

51 3066 549 3141 τὴνπνευματικὴν
594 3068 821 3139 ἐκδοχὴν
859 3068 1156 3140 νενοημένα
1193 3070 1382 3122 Μωσεῑ
1411 3069 1644 3133 καὶτοῖς

1749 597 1875 653 tiam
1914 597 1994 664 '°;
2036 617 2058 651 ι
2109 598 2356 655 dicentes
2399 599 2579 656 Mosen
2611 609 2666 655 et
2717 616 3157 674 unumquemque
3186 622 3313 677 pro-

1744 688 2029 757 phetarum
2065 689 2420 756 intellexisse,
2461 706 2583 762 qua:
2628 692 2728 761 ipsi
2775 693 3304 762 administraverint,

1745 794 1852 834 non
1893 790 2071 836 tamen
2104 790 2163 836 ut
2200 781 2323 838 aliis
2369 784 2535 838 etiam
2583 784 2864 841 traderent
2898 788 3315 860 revelarentqne

1744 871 2035 940 mysteria;
2070 872 2350 943 apostolos
2377 888 2507 929 vero
2533 913 2550 941 ,
2585 883 2644 929 ut
2691 875 2781 945 qui
2817 886 3059 948 tempore
3107 881 3317 936 revela-

1744 959 1907 1016 tionis
1936 963 2273 1029 exstiterint,
2301 964 2486 1020 dicere
2515 982 2530 1019 :
2567 983 2586 1017 ι
2621 966 2776 1023 State
2800 1007 2816 1035 ,
2845 978 2901 1023 et
2930 978 3110 1025 tenete
3143 973 3312 1026 tradi-
3340 990 3348 1025 ε

1744 1052 1919 1109 tiones
1947 1093 1963 1118 ,
2007 1070 2144 1124 quas
2191 1057 2370 1113 edocti
2412 1058 2592 1115 fuistis
2621 1059 2662 1090 ¹¹
2707 1081 2719 1116 :
2764 1079 2783 1113 ι
2826 1070 2882 1115 et
2914 1061 3087 1118 illud:
3123 1079 3145 1114 ι
3183 1062 3314 1130 Quae

1743 1147 1939 1203 audisti
1970 1164 1998 1203 a
2029 1163 2116 1204 me
2145 1166 2242 1220 per
2285 1151 2487 1206 multos
2518 1160 2708 1218 testes,
2731 1151 2844 1206 haec
2867 1168 3108 1224 propone
3138 1154 3314 1210 homi-
3396 1212 3399 1215 ,

1743 1239 1904 1295 nibus
1939 1240 2193 1298 ﬁdelibus
2217 1284 2233 1309 ,
2288 1243 2383 1314 qui
2426 1243 2606 1298 idonei
2641 1253 2802 1299 erunt
2832 1245 2968 1301 alios
2997 1246 3163 1303 etiam
3211 1249 3311 1302 do.

1742 1343 1869 1386 cere
1898 1332 1940 1364 "
1968 1349 1984 1389 :
2017 1351 2039 1385 ι
2067 1333 2391 1411 όίεεηιᾳυθ,
2412 1334 2459 1391 si
2484 1333 2866 1392 desiderarunt
2889 1337 3048 1392 multi
3076 1338 3312 1408 prophe-

1745 1431 1811 1477 ta:
1838 1433 1893 1478 et
1916 1425 2052 1495 justi
2081 1426 2268 1482 videre
2297 1441 2422 1496 quae
2457 1426 2714 1484 viderunt
2762 1437 2817 1484 et
2865 1429 3157 1484 audierunt
3181 1444 3306 1497 apo.

1744 1513 1868 1568 stoli
1911 1529 1940 1569 a
1971 1514 2262 1573 Servatore
2308 1518 2560 1587 loquente
2591 1519 2655 1585 ¹³,
2704 1534 2810 1573 non
2844 1519 3070 1575 omnino
3101 1520 3309 1574 deside-

1746 1620 1900 1662 rasse
1950 1607 2264 1680 Scripturas
2316 1611 2450 1681 legis
2501 1620 2557 1667 et
2605 1612 3042 1683 prophetarum,
3076 1613 3169 1668 sed
3227 1613 3310 1666 his

1744 1696 1949 1764 majora
1985 1714 2004 1754 :
2037 1716 2231 1771 nempe
2261 1717 2381 1781 quae
2417 1700 2681 1758 Servatur
2728 1702 2992 1773 apostolis
3027 1703 3309 1781 enuntias-

1743 1798 1847 1855 set,
1873 1800 2072 1860 praiter
2102 1780 2403 1862 spiritualia
2437 1796 2571 1867 legis
2617 1804 2674 1851 et
2723 1795 2976 1851 abstrusa
3016 1780 3311 1865 propheta-

1745 1895 1886 1947 rum,
1922 1881 1987 1936 de
2017 1899 2248 1954 quorum
2284 1902 2513 1942 numero
2565 1886 2694 1941 illud
2739 1894 2859 1941 erat
2897 1901 2912 1943 :
2942 1904 2961 1937 ι
2998 1885 3191 1941 Audivi
3223 1902 3312 1939 ar-

1743 1985 1878 2025 cana
1909 1975 2097 2043 verba,
2133 1991 2255 2045 qua!
2295 1992 2403 2032 non
2448 1978 2577 2035 licet
2610 1979 2676 2033 ad
2711 1977 2984 2033 hominem
3014 1978 3156 2047 loqui
3186 1977 3252 2045 “,
3283 1996 3308 2032 ι

1742 2071 1797 2118 et
1827 2062 2026 2118 similia
2062 2066 2146 2120 bis
2175 2082 2294 2135 qtue
2319 2068 2577 2123 dicuntur
2633 2083 2664 2122 a
2708 2067 3009 2124 Paracleto.
3041 2068 3309 2123 Praeterea

1743 2169 1874 2211 vero
1904 2156 2068 2210 etiam
2102 2157 2154 2212 in
2189 2158 2275 2213 his
2307 2169 2622 2215 contextum
2654 2160 3087 2223 consideremus,
3123 2173 3312 2227 quem-

1744 2245 2037 2302 admodum
2067 2251 2357 2316 quemdam
2382 2265 2504 2307 esse
2527 2260 2843 2316 metentem,
2875 2249 2967 2320 qui
3002 2250 3309 2305 mercedem

1744 2339 1974 2410 accipiat
1998 2348 2054 2394 et
2083 2350 2376 2412 congreget
2425 2342 2660 2396 fructum
2703 2343 2754 2397 in
2808 2343 2972 2396 vitam
3026 2348 3311 2405 aeternam,

1744 2440 1929 2486 narrat
1962 2432 2319 2501 evangelista,
2370 2434 2562 2489 dicens
2593 2450 2609 2491 :
2652 2450 2671 2484 ι
2719 2432 2787 2488 Ut
2831 2431 2922 2501 qui
2957 2432 3212 2495 seminat,
3239 2431 3314 2485 si-

1745 2523 1855 2578 mul
1892 2527 2144 2595 gaudeat,
2174 2532 2230 2579 et
2261 2526 2353 2595 qui
2390 2526 2547 2580 metit
2578 2527 2645 2579 ".
2686 2543 2705 2574 ι
2739 2523 2870 2579 Nam
2907 2524 2978 2588 si,
3011 2531 3070 2576 ut
3108 2522 3199 2592 qui
3228 2536 3313 2576 se-

1745 2613 1915 2668 minat
1955 2615 2115 2670 simul
2162 2618 2435 2685 gaudeat,
2470 2626 2523 2671 et
2573 2617 2618 2671 si
2667 2616 2762 2685 qui
2800 2614 2954 2669 metit
3008 2613 3311 2670 mercedem

1744 2703 1964 2774 accipit,
1993 2714 2049 2759 et
2095 2716 2393 2775 congregat
2438 2704 2676 2760 fructum
2724 2705 2779 2758 in
2833 2703 2998 2758 vitam
3028 2713 3310 2768 aeternam,

1745 2789 1997 2847 fortassis
2047 2794 2139 2862 qui
2181 2795 2417 2850 seminat
2462 2794 2796 2864 participans
2831 2794 3136 2848 mercedem
3188 2809 3309 2848 cum

1748 2892 2022 2948 metente,
2075 2894 2131 2938 et
2160 2884 2536 2939 collectionem
2571 2888 2787 2941 [ructus
2843 2884 2934 2954 qui
2989 2885 3311 2939 convehitur

1747 2973 1995 3028 invitam
2044 2985 2304 3029 mternam
2333 3014 2349 3041 ,
2392 2975 2551 3030 simul
2592 2990 2714 3030 cum
2766 2982 3001 3030 meteute
3030 2974 3311 3045 gaudebit.

1746 3063 1817 3118 At
1843 3065 1980 3120 alius
2013 3065 2232 3135 quidam
2263 3067 2509 3122 dicturus
2533 3075 2635 3131 est,
2675 3066 2855 3122 omnia
2894 3065 3085 3137 legalia
3112 3076 3165 3120 et
3187 3081 3311 3135 pro-

54 3163 377 3233 προφήταις,
418 3162 524 3214 καὶ
565 3160 645 3224 ὡς
677 3161 844 3233 ἐχρῆν
889 3161 1319 3232 κεκαλυμμένως
1357 3162 1452 3217 καὶ
1490 3162 1643 3214 ἐσκε-

1752 3154 1960 3226 phetica
1985 3155 2171 3212 Mosen
2223 3172 2290 3212 ac
2330 3157 2624 3228 prophetas
2665 3167 2920 3213 accurate
2957 3157 3308 3221 intellexisse,

49 3254 338 3324 κασμένως
373 3251 859 3323 ἀναγεγραμμένα
888 3251 958 3313 τὰ
985 3253 1303 3325 ἐσπαρμένα
1335 3250 1490 3307 εἴναι·
1520 3253 1642 3306 ἐπεὶ

1752 3244 1901 3312 iuxta
1931 3246 2268 3318 spiritualem
2304 3247 2738 3319 intelligentiam,
2775 3256 2867 3313 et,
2914 3258 2973 3303 ut
3000 3247 3310 3317 oportebat,

46 3343 95 3399 δὲ
124 3365 143 3399 ι
173 3346 339 3416 λόγον
377 3346 557 3415 σοφὸν
592 3343 689 3398 ἐὰν
724 3343 930 3416 ἀκούσῃ
964 3346 1300 3418 ἐπιστήμων,
1320 3345 1523 3399 αίνέσει
1553 3346 1644 3399 αὐ-

46 3438 143 3502 τὸν,
164 3440 260 3493 καὶ
288 3440 387 3492 ἐπ’
410 3437 590 3491 αὐτὸν
606 3436 920 3508 προσθήσει,
949 3456 968 3488 ι
996 3437 1170 3508 δῆλον,
1196 3438 1277 3491 ὅτι
1293 3439 1341 3491 οἱ
1357 3437 1643 3492 ἀπόστολοι

48 3528 355 3600 σπέρμασιν
406 3525 880 3599 ἀπορρητοτέρων
908 3527 1001 3579 καὶ
1025 3526 1336 3598 βαθυτέρων
1364 3527 1645 3599 χρησάμε-

46 3637 135 3683 νοι,
166 3625 285 3686 τοῖς
315 3621 437 3675 ὑπὸ
475 3616 770 3673 Μωῦσέως
798 3619 894 3671 καὶ
932 3617 1039 3671 τῶν
1070 3618 1362 3690 προφητῶν
1389 3620 1645 3691 νενοημέ-

46 3728 144 3776 vat;
198 3712 315 3786 (95)
336 3749 361 3775 .
390 3711 801 3784 διαϐεϐήκασιν
846 3711 939 3764 ἐπὶ
987 3708 1047 3763 τὸ
1085 3712 1164 3774 είς
1212 3710 1646 3765 πολλαπλασίονα

45 3805 237 3874 φθάσαι
261 3807 378 3879 τῆς
401 3803 682 3876 ἀληθείας
702 3803 968 3875 θεάματα,
1011 3801 1185 3875 Ἰησοῦ
1214 3803 1529 3874 ἐπαίροντος
1555 3803 1647 3857 αὐ-

44 3897 139 3950 τῶν
167 3899 302 3963 τοὺς
334 3894 698 3967 ὀφθαλμοὺς,
729 3894 822 3949 καὶ
851 3894 1170 3964 φωτίζοντος
1192 3894 1370 3949 αὐτῶν
1404 3895 1502 3960 τὰς
1528 3896 1644 3950 δια-

40 3989 197 4053 νοίας,
245 3989 351 4043 καὶ
383 3985 457 4061 ἦν
502 3986 584 4040 τὰ
632 3984 1068 4039 πολλαπλασίονα
1103 3984 1358 4056 θερισμὸς
1388 3986 1495 4039 τῶν
1525 3987 1647 4040 λευ-

42 4080 143 4134 κῶν
168 4074 299 4154 (96)
322 4079 557 4154 χωρῶν·
589 4079 690 4151 οὐχ
719 4078 795 4142 ὡς
815 4077 1188 4150 ὑποδεέστεροι
1217 4077 1275 4131 δὲ
1306 4079 1353 4132 oi
1373 4079 1646 4150 προφῆται

42 4176 126 4227 καὶ
144 4175 366 4245 Μωσῆς
413 4168 677 4244 ἀρχῆθεν
707 4170 807 4224 οὐκ
835 4165 971 4224 εἶδον
1008 4169 1119 4241 (97)
1150 4171 1248 4224 ὅσα
1278 4170 1328 4223 oi
1361 4171 1646 4226 ἀπόστολοι

44 4264 174 4317 κατὰ
192 4265 300 4335 τὴν
347 4261 538 4335 Ἰησοῦ
575 4260 890 4332 ἐπιδημίαν,
917 4258 1030 4313 ἀλλ’
1064 4259 1139 4324 ὡς
1179 4259 1563 4332 περιμένοντες
1587 4261 1648 4314 τὸ

39 4356 315 4427 πλήρωμα
339 4355 442 4408 τοῦ
464 4354 699 4427 χρόνου,
726 4353 783 4405 ἐν
804 4344 847 4420 ᾧ
871 4351 1036 4424 ἐχρῆν
1077 4350 1214 4423 μετὰ
1239 4350 1330 4404 τοῦ
1371 4351 1647 4422 ἐξαιρέτου

40 4446 128 4516 τῆς
167 4447 359 4518 Ἰησοῦ
384 4443 644 4519 Χριστοῦ
666 4443 977 4515 ἐπιδημίας,
1009 4443 1102 4497 καὶ
1133 4442 1383 4514 ἐξαίρετα
1409 4443 1557 4514 παρά
1579 4442 1647 4496 τὰ

1751 3345 1888 3392 tecte
1919 3346 1976 3392 et
2005 3339 2350 3394 considerate
2378 3339 2584 3407 scripta
2611 3379 2625 3404 ,
2658 3352 2720 3392 ea
2753 3353 2876 3395 esse
2897 3353 3017 3407 qua:
3044 3338 3311 3393 seminata

1748 3437 1919 3496 sunt;
1971 3430 2249 3499 quoniam
2278 3439 2460 3485 autem
2495 3449 2515 3482 ι
2559 3430 2606 3486 si
2653 3444 2961 3486 sermonem
3011 3431 3313 3499 sapientem

1749 3520 1988 3575 audierit
2033 3521 2276 3590 sapiens,
2326 3521 2570 3576 laudabit
2607 3536 2730 3576 eum
2752 3562 2768 3588 ,
2795 3528 2851 3578 et
2881 3521 2948 3575 ad
2982 3524 3157 3591 ipsum
3214 3520 3314 3573 ad-

1751 3611 1949 3676 det“,v
1979 3614 2328 3681 perspicuum
2357 3626 2479 3666 esse
2507 3612 2784 3681 apostolos
2815 3627 2996 3668 rerum
3032 3611 3203 3681 magis
3228 3625 3320 3665 re-

1750 3702 2092 3757 conditarum
2133 3711 2189 3756 et
2218 3702 2616 3771 profundorum
2646 3716 2777 3757 usos
2822 3701 3146 3769 seminibus,
3196 3714 3317 3768 qua:

1751 3793 1967 3866 Moyses
1999 3802 2053 3849 et
2086 3795 2366 3865 prophetae
2405 3794 2813 3848 distribuissent
2842 3834 2859 3859 ,
2895 3808 2962 3848 eo
3003 3792 3319 3861 pervenisse

1750 3893 1813 3941 ut
1849 3895 2272 3955 assequerentur
2303 3885 2540 3940 visiones
2566 3883 2816 3938 veritatis
2841 3882 3007 3936 multo
3041 3881 3315 3951 copiosio-

1752 3989 1861 4040 res,
1894 3973 2058 4044 260
2087 3972 2343 4028 nimirum
2375 3973 2505 4028 .Iesu
2549 3971 2761 4027 illorum
2794 3970 2981 4028 oculos
3008 3968 3313 4034 attollente,

1752 4074 1806 4120 et
1834 4065 2184 4120 illucescente
2236 4062 2453 4118 illorum
2490 4063 2783 4128 mentibus,
2815 4077 2934 4131 quae
2982 4060 3317 4131 copiosiores

1751 4159 1990 4213 visiones
2019 4157 2215 4213 messis
2241 4158 2524 4229 regionum
2553 4143 2801 4212 albarum
2829 4164 2988 4210 erant
3016 4172 3032 4209 :
3058 4163 3314 4209 caeterum

1754 4262 1863 4302 non
1892 4246 2021 4316 quia
2050 4245 2253 4302 fuerint
2295 4246 2623 4317 abjectiores
2649 4245 2925 4315 propheta:
2954 4261 3018 4300 ac
3041 4245 3235 4308 Moses,
3285 4257 3317 4296 a

1754 4337 2019 4408 principio
2066 4351 2162 4391 eos
2192 4351 2301 4392 non
2340 4336 2539 4391 vidisse
2586 4335 2789 4403 omnia,
2826 4350 2947 4404 quae
2977 4332 3202 4405 apostoli
3262 4333 3317 4387 iu

1754 4427 2223 4483 adventullhristi
2254 4456 2270 4503 ς
2296 4427 2392 4482 sed
2423 4426 2547 4497 quia
2572 4426 2739 4481 veluti
2767 4426 3153 4496 exspectabant
3184 4432 3321 4478 tem-

37 4537 389 4608 Αελαλημένα
447 4518 685 4587 πώποτε
726 4534 787 4586 ἐν
831 4531 910 4603 τῷ
963 4532 1150 4604 κόσμῳ
1202 4533 1236 4605 ἢ
1294 4532 1643 4605 γεγραμμένα

1754 4519 1901 4587 poris
1963 4518 2411 4586 plenitudinem:
2467 4532 2577 4586 quo
2615 4519 2832 4587 quidem
2890 4526 3134 4586 tempore
3191 4528 3314 4569 cum

38 4628 512 4698 ἀποκαλυφθῆναι
568 4624 680 4677 ἀπὸ
711 4623 803 4677 τοῦ
837 4624 935 4695 οὐχ
964 4622 1253 4696 ἁρπαγμὸν
1297 4622 1646 4695 ἡγησαμένου

36 4721 90 4774 τὸ
115 4718 263 4777 εἶναι
315 4720 418 4774 ἴσα
459 4718 613 4789 Θεῷ,
655 4716 770 4770 ἀλλ’
812 4717 1002 4772 ἐαυτὸν
1032 4715 1369 4780 κενώσαντος
1395 4716 1490 4770 καὶ
1518 4733 1649 4788 μορ-

40 4812 136 4881 φὴν
156 4813 362 4867 δούλου
392 4808 715 4880 εἰληφότος.

96 5077 186 5133 47.
220 5097 243 5130 ι
299 5078 404 5131 Ἐν
442 5073 565 5145 γὰρ
607 5071 781 5142 τούτῳ
812 5071 840 5123 ὁ
879 5069 1037 5138 λόγος
1069 5069 1216 5123 ἐστὶν
1248 5068 1518 5141 ἀληθινὸς,
1564 5071 1649 5151 ’ὅτι

40 5172 183 5236 ἀλλος
214 5173 385 5226 ἐστὶν
414 5173 447 5224 6
489 5168 759 5238 σπείρων,
791 5166 886 5220 καὶ
925 5164 1080 5229 ἄλλος
1102 5166 1131 5218 6
1167 5163 1414 5235 θερίζων.
1472 5184 1489 5217 ι
1527 5165 1652 5219 Εἴτε

94 5352 135 5383 ιθ
156 5351 337 5405 Prov.
372 5364 498 5410 xvr,
526 5345 623 5400 23.

1754 4609 1938 4665 eximii
1972 4609 2116 4663 illius
2146 4607 2274 4663 Jesu
2303 4607 2509 4664 Christi
2558 4608 2791 4662 adventu
2825 4608 3115 4670 revelanda
3167 4618 3323 4661 erant

1754 4706 1916 4760 etiam
1941 4704 2330 4762 excellentiora
2378 4704 2466 4759 his
2510 4718 2631 4774 quae
2661 4718 2898 4772 unquam
2934 4701 3018 4757 vel
3065 4702 3207 4755 dicta
3234 4700 3319 4755 vel

1754 4801 1955 4870 scripta
1983 4799 2190 4854 fuerint
2221 4798 2276 4853 in
2310 4798 2533 4863 mundo,
2572 4797 2642 4851 ab
2702 4812 2768 4851 eo
2797 4796 2889 4865 qui
2935 4810 3041 4849 non
3077 4794 3315 4861 rapinam

1755 4891 2053 4947 arbitratus
2096 4899 2179 4946 est
2207 4905 2267 4945 se
2302 4889 2412 4944 Deo
2457 4889 2717 4960 aqualem
2751 4902 2871 4942 esse
2895 4925 2909 4952 ,
2955 4884 3049 4939 sed
3080 4883 3320 4952 seipsuutt

1757 4984 2080 5046 exinanivit,
2115 4981 2286 5036 forma
2310 4981 2453 5037 servi
2486 4990 2707 5048 accepta
2750 4978 2815 5031 ".

1828 5074 1917 5130 47.
1958 5093 1976 5127 ι
2024 5072 2081 5128 In
2112 5082 2216 5129 hoc
2262 5074 2407 5128 enim
2453 5086 2633 5127 sermo
2671 5083 2832 5123 verax
2863 5075 2966 5131 est,
2997 5063 3140 5134 quod
3179 5063 3319 5118 alius

1759 5172 1841 5219 est
1871 5163 1963 5235 qui
1990 5163 2242 5229 seminat,
2276 5171 2331 5218 et
2357 5161 2495 5216 alius
2530 5158 2619 5228 qui
2646 5157 2800 5212 metit
2837 5157 2897 5209 ⁸³.
2931 5174 2950 5207 ι
2977 5154 3102 5209 Sive
3129 5166 3323 5208 secun-

708 5346 749 5376 ἰ
779 5342 815 5398 Il
839 5341 1106 5407 Thess.u,
1133 5343 1222 5397 14.
1300 5341 1399 5395 "ll
1445 5341 1582 5396 Tim.
1606 5330 1643 5394 it

1834 5344 1876 5374 ¹³
1904 5342 2092 5397 Matth.
2121 5358 2242 5407 xm,
2274 5342 2362 5398 l7.
2437 5340 2484 5374 “
2520 5339 2562 5394 ll
2591 5337 2716 5395 Cor.
2751 5354 2844 5401 xu,
2874 5336 2929 5392 ι.
3008 5336 3052 5368 ¹⁸
3073 5334 3228 5392 Joau.
3249 5349 3319 5401 tv,

40 5419 119 5472 36.
199 5424 248 5453 ¹⁶
287 5420 494 5476 Bccli.
540 5431 659 5479 ut,
699 5413 786 5468 18.
863 5415 903 5445 "
944 5413 1182 5482 Philipp.
1209 5429 1266 5476 ιι,
1305 5414 1361 5474 li,
1400 5412 1452 5468 7.
1551 5412 1643 5465 “‘J

1759 5447 1774 5463 .
1811 5427 1885 5479 tv,
1921 5414 2014 5468 57.

103 5575 482 5650 {9:381er
510 5568 941 5650 df'p’tﬁmttr.
993 5567 1083 5650 S_ic
1117 5568 1279 5650 habet
1306 5571 1475 5621 codex
1510 5566 1648 5622 Bod-

38 5638 279 5711 leiamts;
328 5649 398 5701 in
429 5641 618 5712 Regio
650 5639 848 5712 legitur
883 5640 1078 5712 είπεῖν,
1113 5638 1433 5712 ἀνσᾼτήκετε.

102 5703 386 5790 (θὶἶῖεν
415 5703 689 5790 τούῖτοις.
709 5703 812 5762 'Sic
840 5709 1007 5762 codex
1044 5703 1404 5772 Bodleiauus;
1444 5703 1648 5778 Regius

42 5799 88 5843 et
105 5778 506 5844 ‘Barberinus,
547 5778 788 5840 τούτοις.

104 5852 218 5930 (95)
245 5857 463 5915 Codex
496 5849 852 5914 Bodleianus,
878 5846 1324 5917 διανενοημένοις.

1826 5571 1938 5642 (96)
1992 5566 2553 5642 Codequpdleianus
2585 5565 2820 5632 λευκῶν,
2864 5563 3066 5637 Regius
3100 5578 3231 5619 vero
3264 5571 3320 5618 et

1757 5641 1826 5694 Ba
1836 5637 2088 5695 rberinus
2118 5637 2346 5691 πολλῶν.

1825 5712 1940 5836 ι(9·1)
1975 5712 2094 5791 ρῠκ
2119 5707 2326 5790 εἶδον.
2364 5703 2527 5787 Deest
2575 5704 2626 5759 in
2679 5704 2848 5776 Regio
2902 5713 2958 5760 et
2997 5702 3320 5769 Barberino,

1887 5780 2084 5836 legitur
2118 5794 2172 5832 ιιι
2198 5775 2505 5832 Bodleiano.

1760 5775 1855 5837 sed
1887 5775 2084 5850 legitur
2118 5778 2172 5832 in
2198 5775 2505 5832 Bodleiano.
