3826 6532
525 389 624 442 481

1980 375 2308 433 ORIGENIS

3681 379 3778 434 488

523 503 651 556 dum
701 497 1008 568 exemplum
1063 495 1130 549 ab
1177 494 1386 549 artibus
1431 503 1487 551 et
1517 495 1763 552 scientiis
1812 505 2088 565 sumptura

2212 491 2340 546 ιατὰ
2358 491 2419 544 τὸ
2450 490 2560 546 ἀπὸ
2595 489 2704 544 τῶν
2733 491 2938 561 τεχνῶν
2968 492 3063 545 καὶ
3104 490 3213 544 τῶν
3242 491 3556 563 ἐπιστημῶν
3583 491 3780 563 ληφθὲν

524 595 948 660 interpretemur
979 588 1305 656 pmsentia,
1361 588 1568 643 clarum
1618 598 1706 644 est
1753 588 1895 656 quod
1940 603 2101 643 verus

522 685 593 738 sit
625 697 852 738 sermo:
892 700 911 732 ι
947 681 1102 734 Alius
1154 690 1240 734 est
1282 683 1375 748 qui
1421 683 1678 743 seminat,
1733 691 1787 734 ct
1814 681 1952 734 alius
2009 681 2100 750 qui

522 773 680 827 metit
715 788 732 827 :
778 789 796 822 ι
830 771 948 827 sive
979 785 1046 824 eo
1101 771 1247 837 quod
1298 769 1621 824 seminarint
1668 769 1890 836 quidem
1921 765 2103 822 Iloses

519 871 575 915 et
630 862 932 931 prophetae,
991 858 1231 914 viderint
1282 867 1463 912 autem
1511 859 1759 928 regiones
1802 858 1953 913 albas
1977 871 2100 913 esse

523 954 616 1022 qui
672 953 994 1008 levaverunt
1045 951 1237 1006 oculos
1292 950 1446 1017 juxta
1508 960 1838 1020 praeceptum
1892 950 2101 1004 Domini

526 1045 696 1098 nostri
746 1043 875 1100 Jesu
939 1042 1191 1107 Christi,
1244 1044 1334 1112 qui
1372 1043 1455 1096 eis
1491 1051 1819 1112 praeceperat
1871 1051 1930 1098 ut
1965 1041 2108 1095 vide,

525 1149 650 1194 rent
701 1140 975 1208 quomodo
1032 1138 1285 1208 regiones
1332 1135 1444 1206 jam
1490 1137 1625 1191 albae
1649 1143 1835 1190 essent
1863 1135 1931 1190 ad
1967 1150 2106 1188 mes-

524 1248 676 1296 sem;
701 1233 863 1286 etiam
899 1235 978 1287 sic
1018 1231 1365 1286 manifestum
1399 1239 1485 1282 est
1513 1244 1750 1297 quonam
1776 1238 1934 1296 pacto
1963 1227 2106 1284 alius

524 1325 597 1378 sit
622 1325 712 1392 qui
746 1326 1003 1386 seminat,
1039 1335 1090 1377 et
1123 1323 1262 1376 alius
1291 1323 1382 1391 qui
1435 1321 1609 1376 metit.
1640 1320 1942 1378 Considera
1971 1335 2105 1375 vero

523 1431 651 1468 num
677 1415 819 1469 alius
853 1426 907 1469 et
936 1415 1076 1470 alius
1110 1415 1313 1468 idcirco
1341 1413 1576 1477 dicatur,
1625 1426 1690 1467 eo
1734 1412 1877 1481 quod
1911 1412 1987 1466 illi
2015 1412 2103 1482 ju-

521 1507 832 1561 stiticentur
875 1507 1094 1576 quidem
1129 1506 1221 1560 tali
1280 1506 1402 1559 vita:
1437 1505 1711 1569 instituto,
1751 1505 1803 1558 hi
1845 1520 1972 1559 vero
2001 1506 2109 1559 alio

522 1610 724 1668 pra-ter
753 1600 881 1654 illud
909 1641 924 1662 ,
974 1602 1110 1654 adeo
1160 1611 1219 1653 ut
1269 1602 1505 1654 alterum
1539 1599 1767 1669 legalem
1795 1640 1810 1664 ,
1862 1599 2096 1653 alterum

520 1691 892 1760 evangelicum
939 1691 1208 1745 dicamus.
1271 1690 1526 1743 Attamen
1605 1689 1766 1743 simul
1826 1689 2108 1758 gaudent,

523 1797 633 1836 uno
685 1782 790 1837 line
823 1783 1068 1850 utrisque
1124 1781 1363 1848 reposito
1413 1781 1481 1835 ab
1518 1795 1626 1837 uno
1675 1781 1785 1834 Deo
1815 1795 1910 1850 per
1943 1796 2107 1838 tutum

523 1875 804 1931 Christum
841 1875 896 1929 in
932 1891 1041 1930 uno
1070 1885 1261 1930 sancto
1285 1874 1519 1944 Spiritu.

592 2051 686 2106 48.
713 2052 784 2105 At
812 2050 1109 2106 lleracleon
1141 2051 1255 2106 haec
1286 2051 1455 2106 verba
1487 2068 1501 2106 :
1544 2069 1563 2102 ‹
1609 2050 1674 2106 Ut
1704 2050 1795 2120 qui
1851 2051 2105 2116 seminat,

525 2145 687 2200 simul
742 2145 995 2214 gaudeat,
1048 2155 1105 2200 et
1153 2147 1245 2214 qui
1301 2145 1500 2210 metit,
1560 2163 1578 2195 ι
1641 2147 1724 2198 sic
1781 2145 2105 2200 enarravit:

529 2255 548 2289 ι
585 2236 794 2291 Gaudet
821 2236 1064 2306 quidem,
1105 2236 1299 2304 inquit,
1335 2235 1426 2304 qni
1474 2235 1733 2299 seminat,
1766 2245 1822 2289 et
1848 2236 2106 2304 quoniam

524 2328 782 2390 seminat,
825 2335 880 2381 et
927 2327 1073 2395 quod
1108 2327 1322 2394 species
1352 2324 1602 2395 quaedam
1635 2324 1903 2379 seminum
1940 2324 2108 2395 ipsius

526 2425 952 2488 congregantur,
986 2431 1137 2485 spem
1167 2416 1415 2470 eamdem
1454 2415 1618 2471 etiam
1665 2415 1730 2468 de
1762 2413 1976 2469 czeteris
2006 2413 2104 2468 ha-

527 2515 662 2570 bens
686 2531 702 2580 ;
728 2514 820 2584 qui
850 2528 980 2567 vero
1046 2514 1224 2577 metit,
1260 2512 1510 2566 similiter
1538 2511 1741 2578 aliquid
1776 2509 1934 2564 metit
1963 2527 1977 2567 ;
2012 2510 2106 2564 sed

526 2607 736 2676 prinms
774 2603 994 2674 quidem
1041 2605 1131 2672 qui
1163 2605 1446 2665 seminat,
1503 2603 1770 2672 ittCthit,
1834 2603 2108 2659 secundus

526 2712 656 2752 vero
689 2704 778 2751 est
825 2695 916 2750 ille
943 2697 1034 2764 qui
1077 2695 1273 2759 metit;
1309 2709 1416 2749 non
1452 2695 1595 2749 enim
1628 2695 1817 2750 eodem
1863 2703 2108 2762 tempore

526 2797 776 2857 poterant
813 2788 1034 2858 utrique
1067 2787 1310 2857 incipere
1337 2803 1352 2844 ;
1380 2801 1516 2856 opus
1541 2787 1688 2840 enim
1725 2796 1868 2852 erat,
1901 2794 1960 2839 ut
1988 2785 2104 2854 pri-

526 2894 675 2933 mum
721 2881 1112 2944 seminaretur,
1162 2879 1360 2934 deinde
1394 2888 1714 2934 meteretur.
1763 2878 1950 2946 Itaque
1987 2893 2111 2934 ees—

527 2977 686 3021 sante
741 2981 772 3021 ε
816 2970 1030 3024 satione
1077 2978 1282 3032 satore,
1332 2971 1510 3024 adhuc
1563 2984 1776 3025 messor
1825 2978 2014 3026 metet.
2047 2969 2104 3023 In

525 3059 817 3126 praesentia
853 3059 1106 3128 equidem
1137 3061 1353 3130 utrique
1381 3061 1660 3132 preprium
1692 3077 1829 3130 opus
1871 3077 2106 3130 operan-

527 3159 609 3204 tes
651 3151 814 3206 simul
858 3153 1116 3221 gaudent,
1162 3169 1454 3208 commune
1495 3156 1752 3226 gaudium
1810 3158 2104 3219 seminum,

524 3238 916 3307 perfectionem
966 3242 1093 3298 rati.
1149 3261 1170 3296 ι
1219 3241 1496 3300 Praeterea
1547 3245 1601 3300 in
1657 3260 1724 3300 eo
1761 3246 1955 3302 dicto:
1987 3266 2008 3298 ι
2049 3247 2103 3302 In

528 3331 637 3386 hoc
667 3341 753 3386 est
787 3347 970 3389 sermo
999 3349 1186 3400 verus,
1228 3336 1376 3406 quod
1420 3336 1560 3394 alius
1589 3338 1748 3409 26],
1785 3347 1872 3395 est
1898 3341 1989 3410 qui
2023 3356 2110 3396 se-

527 3423 723 3490 minat,
753 3434 808 3479 et
841 3425 980 3479 alius
1003 3426 1093 3494 qui
1125 3428 1300 3494 metit,
1328 3447 1346 3480 ι
1377 3430 1551 3498 inquit
1581 3449 1594 3484 :
1629 3449 1650 3482 ι
1687 3431 1840 3487 Alter
1891 3433 2106 3501 quidem

526 3531 690 3586 supra
720 3516 899 3573 locum
933 3518 1078 3574 ﬁlius
1124 3521 1364 3576 hominis
1421 3523 1702 3578 seminat:
1730 3523 1827 3580 sed
1850 3524 2110 3581 Senator

525 3621 654 3662 cum
687 3609 760 3664 sit
789 3619 844 3664 et
878 3610 992 3681 ipse
1033 3611 1204 3668 Filius
1244 3613 1502 3680 hominis,
1530 3617 1706 3681 metit,
1735 3625 1794 3671 et
1838 3632 2110 3674 messores

527 3701 719 3766 mittit,
763 3718 959 3773 nempe
989 3719 1084 3760 eos
1113 3721 1257 3774 quos
1289 3707 1543 3776 discipuli
1597 3718 1789 3764 rentur
1834 3711 2056 3782 angelos
2091 3729 2105 3778 ;

525 3807 970 3864 unumquemque
1027 3796 1095 3850 ad
1152 3811 1311 3850 suam
1369 3798 1538 3867 ipsius
1595 3800 1855 3854 animam.
1917 3819 1938 3853 ι
1986 3800 2106 3859 Non

533 3885 827 3940 admodum
881 3897 1063 3941 autent
1123 3890 1272 3942 clare
1337 3891 1629 3960 exposuit,
1679 3893 1776 3960 qui
1832 3893 1942 3949 sint
2003 3897 2108 3947 duo

525 3974 621 4030 lilii
657 3976 910 4040 hominis,
957 3992 1192 4047 quorum
1233 3979 1371 4034 alter
1399 3982 1632 4036 seminat
1673 3991 1732 4035 et
1770 3981 1909 4040 alter
1927 3983 2104 4038 metit.

594 4090 686 4145 49.
723 4109 742 4142 ι
768 4091 879 4162 Ego
907 4094 1028 4146 misi
1053 4109 1150 4148 vos
1172 4095 1241 4148 ad
1275 4095 1585 4150 metendum
1609 4098 1752 4166 quod
1777 4112 1870 4153 vos
1895 4112 2001 4152 non
2031 4101 2109 4150 la-

528 4181 801 4246 borastis;
840 4183 930 4236 alii
959 4184 1390 4254 laboraverunt,
1428 4196 1480 4241 et
1509 4203 1606 4241 vos
1641 4189 1694 4242 in
1731 4189 1976 4244 laborem
2012 4203 2108 4242 eo-

530 4287 648 4324 rum
680 4272 947 4327 introistis
982 4274 1044 4327 ".
1080 4293 1100 4327 ι
1137 4274 1289 4331 [laud
1319 4280 1402 4332 εει
1432 4279 1648 4333 dililcile
1693 4278 1880 4333 videre
1919 4294 1986 4335 ex
2023 4278 2108 4334 his

528 4379 649 4432 qua:
675 4379 838 4432 supra
875 4366 1132 4432 diximds,
1167 4369 1440 4438 quomodo
1478 4371 1694 4426 miserit
1743 4369 1902 4427 Iesus
1942 4372 2108 4428 disci-

530 4455 684 4524 pulos
711 4457 775 4509 ad
805 4459 1109 4512 metendum
1143 4461 1272 4515 illud
1296 4501 1314 4528 ,
1343 4462 1394 4515 in
1429 4463 1572 4531 quod
1610 4465 1714 4534 ipsi
1751 4480 1858 4520 non
1884 4465 2102 4519 labora-

2205 584 2554 655 παράδειγμα
2587 583 3021 654 ὲκλαμϐάνοιμν
3053 583 3121 638 τὰ
3154 585 3297 638 κατὰ
3328 585 3421 638 τὸν
3459 585 3642 648 τόπον,
3692 604 3780 639 σα-

2204 677 2303 744 φὲς
2351 676 2467 740 πῶς
2490 675 2740 746 ἀληθινὸς
2767 677 2796 729 6
2826 676 2983 744 λόγος
3012 676 3121 746 (98)
3146 677 3264 729 ἐστὶ
3292 677 3374 741 τὸ,
3404 696 3422 727 ι
3469 677 3658 732 ’Δλλον
3691 680 3782 748 μὲν

2205 765 2349 823 εἶναι
2377 770 2469 822 τὸν
2505 767 2830 837 σπείροντα,
2854 769 2947 821 καὶ
2976 768 3134 822 ἄλλον
3167 769 3259 822 τὸν
3299 769 3598 840 θερίζοντα·
3633 791 3651 824 ι
3685 774 3781 826 εἴτε

2207 860 2349 915 κατὰ
2382 860 2442 913 τὸ
2461 859 2799 932 ἐσπαρκέναι
2852 860 2951 930 μὲν
2988 862 3188 915 Μωσέα
3206 863 3301 914 καὶ
3328 865 3454 926 τοὺς
3486 866 3781 936 προφήτας.

2203 951 2605 1022 τεθεωρηκέναι
2645 952 2701 1004 δὲ
2724 951 2932 1004 λευκῶν
2961 953 3270 1022 γενομένων
3308 954 3416 1007 τῶν
3451 956 3639 1027 χωρῶν
3668 959 3783 1021 τοὺς

2205 1049 2518 1119 ἐπάραντας
2549 1046 2674 1108 τοὺς
2717 1044 3029 1114 ὀφθαλμοὺς
3059 1046 3201 1099 κατὰ
3240 1047 3338 1111 τὰς
3373 1048 3653 1119 ὑποθήκας
3697 1050 3780 1104 τοῦ

2207 1139 2414 1210 Κυρίου
2443 1137 2553 1206 (99)
2580 1135 2735 1205 ἡμῶν
2767 1133 2943 1204 Ἰησοῦ
2964 1134 3224 1205 Χριστοῦ,
3253 1137 3343 1192 ἵνα
3373 1136 3671 1191 θεάσωνται
3695 1140 3782 1200 τὶς

2209 1231 2392 1304 χώρας
2417 1231 2537 1294 πῶς
2564 1225 2704 1300 ⁴ἦσαν
2730 1229 2924 1284 λευκαὶ
2961 1231 3096 1300 πρὸς
3126 1229 3386 1301 θερισμὸν
3420 1231 3542 1304 ήδη,
3571 1235 3666 1288 καὶ
3698 1234 3781 1287 οὖ-

2207 1343 2286 1378 τω
2310 1324 2467 1395 δῆλον
2494 1323 2612 1386 πῶς
2638 1322 2795 1386 ἄλλος
2830 1325 2859 1375 6
2884 1321 3145 1392 σπείρων,
3194 1323 3289 1375 καὶ
3316 1323 3474 1387 ἄλλος
3497 1326 3525 1376 6
3545 1325 3779 1396 θερίζων.

2209 1417 2410 1471 Σκόπει
2435 1416 2491 1468 δὲ
2522 1418 2570 1469 εί
2601 1415 2682 1476 τὸ,
2712 1414 2870 1477 ἄλλος
2897 1415 2989 1468 καὶ
3017 1415 3194 1478 ἄλλος,
3220 1415 3451 1471 δυνατὸν
3480 1418 3667 1488 νοῆσαι
3703 1418 3784 1472 διὰ

2207 1508 2270 1560 τὸ
2301 1508 2541 1570 ἐκείνους
2578 1507 2675 1576 μὲν
2707 1507 2800 1559 ἐπὶ
2831 1505 3006 1576 τοιᾷδε
3045 1505 3161 1575 βίου
3199 1507 3392 1577 ἀγωγῇ
3436 1508 3778 1568 δικαιοῦσθαι.

2210 1599 2432 1662 τούτους
2470 1600 2527 1652 δὲ
2560 1600 2652 1652 ἐπὶ
2695 1598 2858 1670 ἑτέρα
2892 1598 3022 1670 παρ’
3064 1599 3300 1670 ἐκείνην·
3336 1599 3476 1654 ῶστε
3510 1602 3676 1653 εἰπεῖν
3697 1601 3780 1654 ἆλ-

2211 1693 2302 1747 λον
2336 1694 2433 1762 μὲν
2459 1693 2548 1746 τὸν
2577 1692 2822 1762 νομικὸν,
2844 1691 3002 1746 ἄλλον
3029 1691 3087 1746 δὲ
3115 1692 3207 1745 τὸν
3240 1692 3614 1761 εὑαγγελικόν.
3647 1694 3781 1765 Πλὴν

2215 1785 2332 1855 ἅμα
2376 1786 2657 1855 χαίρουσιν
2690 1785 2806 1848 ἐνὸς
2836 1784 3020 1849 τέλους
3065 1785 3173 1839 ἀπὸ
3205 1785 3324 1848 ἑνὸς
3353 1785 3489 1838 θεοῦ
3535 1785 3620 1840 διά
3675 1786 3781 1848 ένὺς

2210 1876 2445 1948 Χριστοῦ
2487 1879 2542 1929 ἐν
2576 1877 2659 1929 ἐνὶ
2691 1877 2832 1946 ἁγίῳ
2885 1877 3162 1947 Πνεύματι
3198 1877 3532 1950 ἀμφοτέροις
3569 1879 3781 1933 ἀποκει-

2213 1968 2376 2038 μένου
2387 2009 2398 2019 .

2280 2060 2369 2116 48.
2418 2061 2476 2113 '0
2521 2060 2565 2113 δ’
2606 2060 2917 2132 Ἡρακλέων
2975 2060 3053 2112 τό·
3104 2079 3122 2112 ι
3167 2061 3283 2113 Ἵνα
3319 2061 3348 2112 6
3388 2060 3622 2132 σπείρων
3658 2060 3784 2130 όμοῖι

2207 2151 2395 2223 χαίρῃ,
2444 2153 2539 2205 καὶ
2567 2155 2595 2205 6
2629 2151 2880 2223 θερίζων,
2925 2171 2943 2201 ι
2991 2151 3135 2204 οὕτω
3185 2152 3504 2223 διηγήσατο·
3548 2172 3566 2204 ι
3604 2153 3784 2222 Χαίρει

2211 2247 2310 2316 μὲν
2333 2246 2463 2318 γάρ,
2493 2245 2682 2315 φησὶν,
2717 2246 2746 2297 6
2774 2244 3032 2315 σπείρων,
3060 2245 3142 2297 ὅτι
3172 2243 3408 2315 σπείρει,
3444 2246 3537 2296 καὶ
3560 2245 3638 2296 ὅτι
3676 2245 3785 2316 εἰδη

2205 2336 2329 2390 τινὰ
2373 2337 2483 2388 τῶν
2514 2335 2846 2407 σπερμάτων
2885 2333 3051 2388 αὑτοῦ
3087 2335 3402 2402 συνάγεται,
3440 2334 3626 2388 ἐλπίδα
3653 2335 3784 2404 ἔχων

2206 2431 2308 2502 τὴν
2331 2429 2501 2500 αὐτὴν
2525 2430 2621 2484 καὶ
2653 2429 2782 2502 περὶ
2814 2430 2922 2482 τῶν
2937 2429 3158 2482 λοιπῶν·
3195 2433 3224 2483 6
3253 2430 3310 2483 δὲ
3338 2430 3569 2502 θερίζων
3599 2433 3785 2501 ὁμοίως

2205 2541 2260 2576 τι
2291 2524 2384 2577 καὶ
2415 2523 2640 2594 θερίσει·
2662 2523 2776 2602 ἀλλς
2799 2525 2827 2576 6
2851 2522 3042 2594 μὲνῌ)
3070 2520 3285 2592 πρῶτος
3305 2522 3509 2593 ἧρξατο
3538 2521 3782 2591 σπείρων,

2207 2617 2237 2668 6
2265 2615 2515 2687 δεύτερος
2550 2617 2579 2668 6
2621 2614 2868 2686 θερίζων·
2899 2616 2960 2669 οὐ
3008 2614 3116 2685 γὰρ
3153 2615 3211 2666 ἐν
3256 2615 3333 2685 τῷ
3364 2615 3515 2686 αὐτῷ
3547 2615 3785 2668 ἐδύναντο

2203 2707 2510 2780 ἀμφότεροι
2539 2706 2827 2776 ἄρξασθαι·
2862 2706 2967 2759 εδει
2991 2707 3100 2778 γάρ
3129 2706 3346 2778 πρῶτον
3375 2705 3667 2778 σπαρῆναι,
3698 2704 3783 2756 εἷθ’

2211 2799 2435 2871 ὕστερον
2462 2798 2796 2869 θερισθῆναι.
2834 2799 3193 2869 Παυσαμένου
3226 2798 3477 2868 μέντοιγε
3509 2797 3600 2850 τοῦ
3639 2796 3784 2848 σπεί-

2211 2910 2398 2966 ροντος
2433 2891 2696 2962 σπείρειν,
2731 2891 2810 2944 έτι
2840 2890 3011 2962 θεριεῖ
3051 2894 3079 2945 6
3127 2891 3378 2963 θερίζων·
3419 2891 3513 2944 ἐπὶ
3551 2891 3784 2961 μέντοιγε

2208 2985 2300 3040 τοῦ
2344 2985 2610 3057 παρόντος
2642 2983 2940 3056 ἀμφότεροι
2984 2984 3045 3036 τὸ
3079 2984 3208 3037 ῐδιον
3249 2985 3412 3056 ἔργον
3453 2982 3783 3056 ἐνεργοῦντες

2208 3077 2344 3149 ὁμοῦ
2385 3077 2660 3146 χαίρουσι,
2695 3076 2880 3146 κοινὴν
2932 3074 3107 3147 χαρὰν
3160 3076 3258 3146 τὴν
3313 3075 3422 3128 τῶν
3473 3075 3785 3146 σπερμάτων

2209 3170 2521 3239 τελειότητα
2577 3167 2893 3238 ἡγούμενοι.
2930 3188 2948 3219 ι
3003 3169 3122 3221 Ἔτι
3165 3167 3222 3220 δὲ
3268 3169 3364 3221 καὶ
3407 3169 3488 3231 είς
3515 3168 3593 3220 τό⁹
3639 3187 3656 3218 ι
3709 3167 3786 3218 Ἐν

2211 3261 2383 3332 τούτῳ
2403 3261 2553 3314 ἐστὶν
2582 3263 2614 3314 6
2654 3261 2811 3330 λόγος
2843 3261 3116 3332 ἀληθινὸς,
3137 3261 3218 3315 ὅτι
3243 3261 3402 3324 ἄλλος
3422 3261 3572 3314 ἐστὶν
3595 3261 3623 3313 6
3644 3260 3783 3313 σπείο

2215 3371 2347 3425 ρων,
2394 3353 2488 3406 καὶ
2537 3352 2753 3418 ἄλλοςό
2786 3353 3039 3424 θερίζων,
3090 3372 3109 3404 ι
3142 3354 3330 3424 φησίν·
3365 3371 3385 3405 ι
3439 3354 3498 3406 Ὁ
3545 3353 3639 3424 μὲν
3689 3353 3785 3424 γάρ

2211 3446 2350 3517 ὑπὲρ
2381 3445 2474 3498 τὸν
2497 3445 2662 3498 τόπον
2691 3445 2809 3500 υἱὸν
2846 3445 3133 3517 ἀνθρώπου
3167 3445 3244 3516 (2)
3279 3446 3517 3518 σπείρει’
3549 3448 3578 3500 6
3602 3446 3655 3498 δὲ
3690 3447 3779 3498 ἃδ-

2208 3539 2314 3612 τὴρ
2341 3539 2420 3594 ὣν
2452 3538 2547 3592 καὶ
2592 3537 2756 3602 αὐτὸς
2799 3538 2926 3602 Υἱὸς
2966 3537 3253 3610 ἀνθρώπου
3279 3537 3510 3610 θερίζει,
3539 3539 3629 3592 καὶ
3659 3538 3784 3611 θεριι

2212 3633 2344 3694 στὰς
2376 3632 2584 3702 πέμπει
2618 3631 2695 3702 (5)
2725 3632 2851 3694 τοὺς
2894 3631 2982 3684 διὰ
3025 3631 3134 3683 τῶν
3175 3631 3437 3702 μαθητῶν
3479 3632 3783 3703 νοουμένου(

2212 3725 2498 3794 ἀγγέλους,
2529 3726 2758 3778 ἕκαστον
2781 3724 2873 3777 ἐπὶ
2919 3725 3016 3795 τὴν
3047 3724 3239 3778 ἑαυτοῦ
3265 3725 3469 3796 ψυχήν.
3506 3747 3524 3777 ι
3552 3727 3622 3779 Οὐ
3655 3726 3784 3778 πάνι

2209 3817 2266 3871 δὲ
2325 3818 2514 3887 σαφῶς
2568 3817 2786 3882 ἐξέθετο
2838 3818 2965 3880 τοὺς
3020 3817 3114 3870 δύο
3149 3817 3298 3880 υἱοὺς
3347 3817 3446 3870 τοῦ
3491 3817 3784 3888 ἀνθρώπου,

2208 3909 2354 3972 τίνες
2391 3909 2550 3973 εἰσὶν,
2593 3903 2670 3962 ὧν
2698 3909 2729 3960 6
2758 3902 2840 3971 εἷς
2875 3908 3110 3979 σπείρει,
3135 3909 3230 3962 καὶ
3250 3912 3278 3962 6
3302 3906 3385 3972 εἷς
3411 3908 3626 3980 θερίζει.

2280 4113 2368 4168 49.
2415 4131 2433 4164 ι
2487 4111 2630 4180 Ἐγὼ
2677 4112 2972 4166 ἀπέστειλα
2999 4112 3144 4183 ὑμᾶς
3191 4113 3426 4185 θερίζειν
3455 4113 3485 4165 6
3515 4113 3612 4183 οὐχ
3641 4113 3785 4183 ὑμεῖς

2210 4203 2597 4266 κεκοπιάκατε,
2639 4202 2786 4256 ἄλλοι
2816 4204 3202 4264 κεκο-πιάκασι,
3245 4203 3341 4256 καὶ
3389 4205 3549 4274 ὑμεῖς
3593 4205 3668 4266 είς
3704 4201 3784 4253 τὸν

2209 4293 2376 4346 κόπον
2424 4291 2604 4345 αὐτῶν
2665 4292 3067 4363 είσεληλύθατε.
3106 4313 3125 4345 ο
3177 4294 3252 4346 Οὐ
3299 4293 3537 4364 χαλεπὸν
3583 4295 3646 4347 ἐκ
3685 4292 3783 4344 τῶν

2209 4383 2623 4454 προειρημένων
2667 4383 2944 4455 θεωρῆσαι
2994 4385 3110 4448 πῶς
3154 4385 3480 4439 ἀπέστειλεν
3515 4389 3542 4439 6
3592 4383 3782 4457 Ἰησοῦς

2209 4477 2336 4540 τοὺς
2366 4475 2613 4546 μαθητὰς
2644 4475 2884 4544 θερίζειν
2919 4477 3095 4539 τοῦτο,
3122 4478 3202 4541 είς
3239 4477 3268 4530 ὃ
3307 4479 3411 4532 οὐκ
3454 4478 3603 4532 αὐτοὶ
3635 4493 3780 4529 κεκο-

530 4548 665 4614 rint,
700 4549 793 4601 sed
825 4549 1060 4619 majores
1094 4553 1176 4607 sui
1211 4572 1226 4612 :
1258 4570 1378 4607 cum
1416 4557 1560 4612 enim
1583 4557 1893 4613 laborarint
1929 4557 2102 4611 Moses

2217 4542 2511 4631 πιὰκασιν,
2557 4568 2672 4622 ἀλλ’
2717 4542 2770 4622 οἱ
2826 4571 2932 4640 πρὸ
2977 4567 3176 4622 αὐτῶνο
3223 4571 3497 4640 καμόντος
3538 4571 3641 4639 γὰρ
3673 4571 3778 4621 Μω-

528 4647 582 4694 et
634 4641 909 4710 propheta:
935 4683 949 4706 ,
989 4655 1046 4698 ut
1082 4647 1368 4716 percipere
1407 4651 1628 4719 quirent
1676 4649 2101 4722 intelligentiam

527 4734 954 4804 mysteriorum,
1009 4754 1239 4806 quorum
1305 4744 1534 4810 vestigia
1586 4744 1639 4797 in
1695 4745 1810 4798 suis
1860 4745 2102 4814 ipsorum

525 4827 745 4897 scriptis
792 4828 1151 4898 reliquerunt,
1205 4833 1258 4885 in
1301 4832 1465 4888 Musis
1493 4851 1557 4888 ac
1598 4839 1984 4904 prophetarum
2019 4838 2102 4892 la-

526 4919 712 4974 borem
752 4920 1012 4975 introiere
1054 4925 1304 4992 apostoli,
1333 4943 1361 4978 ει
1406 4925 1533 4979 ,Ιυειι
1592 4928 1848 4997 mysteria
1881 4930 2058 4984 edocti
2089 4971 2103 4990 ,

523 5018 786 5064 metentes
824 5022 880 5065 et
912 5027 1312 5082 congregantes
1362 5020 1412 5069 iu
1460 5019 1656 5071 horrea
1707 5034 1817 5074 suae
1858 5021 2098 5088 ipsorum

522 5103 719 5154 animae
737 5115 954 5156 sensum
985 5106 1038 5158 in
1072 5106 1178 5160 illis
1215 5109 1578 5162 reconditum.
1610 5109 1687 5162 Ac
1711 5126 1924 5181 semper
1952 5123 2102 5168 certe

523 5188 717 5243 Sermo
755 5189 845 5243 ille
881 5189 1075 5262 [Filius
1107 5194 1228 5266 Dei]
1277 5197 1545 5263 majorum
1591 5197 1805 5252 labores
1837 5198 2102 5254 clariores

524 5279 655 5333 facit
681 5282 765 5335 his
794 5285 886 5351 qui
923 5301 1182 5354 germane
1209 5287 1423 5343 discere
1467 5289 1710 5360 cupiunt,
1749 5289 1964 5344 etiamsi
1994 5305 2098 5344 non

601 5414 646 5445 "
677 5411 838 5470 Joan.
871 5433 944 5483 tv,
969 5419 1058 5474 38.

588 5536 700 5606 (98)
721 5535 900 5609 Codex
925 5538 1298 5609 Bodleianus,
1315 5541 1342 5592 6
1364 5538 1540 5608 λόγος,
1575 5540 1777 5609 Regius
1801 5551 1858 5594 et
1886 5541 2092 5596 Barhc-

520 5604 696 5679 rinuj',
721 5605 898 5679 λόγος.
925 5607 1045 5679 Mox
1083 5609 1245 5664 codd.
1269 5604 1475 5679 Regius
1513 5604 1568 5664 et
1602 5604 1954 5676 llarberiuus,
1995 5613 2092 5667 ἄλο

519 5673 691 5750 λονᾼδε
709 5677 799 5750 τρν
820 5677 1125 5750 θερίζοντα..

592 5746 701 5816 (99)
723 5745 904 5822 godei
939 5749 1285 5818 Bodleianus,
1312 5750 1542 5822 Κυρίου,
1574 5747 1774 5820 Regius
1803 5758 1857 5804 et
1895 5747 2069 5806 Barbe

523 5815 694 5886 riuus,
723 5818 989 5888 Σωτῆρος.

2216 4659 2354 4722 σέως
2380 4660 2472 4713 καὶ
2507 4659 2614 4712 τῶν
2649 4661 2966 4733 προφητῶν,
3000 4662 3085 4715 ἵνα
3123 4663 3370 4732 χωρῆσαι
3392 4662 3651 4731 δυνηθῶσι
3673 4660 3778 4730 vi;

2216 4767 2307 4803 σαι
2335 4750 2402 4803 τὰ
2427 4754 2720 4823 μυστήρια,
2747 4746 2820 4806 ὦν
2841 4752 2910 4806 τά
2937 4754 3054 4825 ἴχνη
3086 4755 3144 4806 ἐν
3188 4757 3302 4816 τοῖς
3323 4755 3641 4826 γράμμασιν
3670 4754 3776 4804 sau-

2212 4843 2320 4895 τῶν
2373 4845 2506 4914 ἡμῖν
2546 4844 3022 4909 καταλελοίπασιν,
3045 4847 3125 4908 είς
3141 4845 3232 4898 τὸν
3279 4847 3528 4908 Μωσέως
3571 4847 3659 4899 καὶ
3685 4827 3775 4914 τῶῆ

2214 4859 2320 4895 των
2373 4859 2506 4914 ημιν
2546 4859 3022 4909 καταλελοιπασιν,
3045 4859 3125 4908 εις
3141 4859 3232 4898 τον
3279 4859 3528 4908 Μωσέως
3571 4859 3659 4899 και
3685 4863 3714 4895 τ

2214 4937 2508 5008 προφητῶν
2542 4938 2706 4990 κόπον
2741 4941 2789 4991 οί
2830 4939 3116 4992 ἀπόστολοι
3156 4939 3588 5010 εἰσεληλύθασιν,
3620 4859 3774 5006 113;:

2217 5029 2718 5099 μουσταγωγοῦντος,
2756 5029 3062 5102 θερίζοντες
3084 5032 3176 5084 καὶ
3211 5033 3538 5100 συνάγοντες
3576 5031 3651 5093 εἰς

2210 5117 2494 5188 ἀποθήκας
2540 5117 2641 5187 τῆς
2688 5119 2898 5174 ἑαυτῶν
2949 5119 3127 5192 ψυχῆς
3160 5120 3250 5173 τὸν
3289 5121 3348 5172 ὲν
3397 5121 3622 5182 ἐκείνοις
3648 5111 3770 5192 veil"

2211 5210 2322 5262 Καὶ
2373 5211 2459 5262 ἀεὶ
2494 5209 2549 5261 δὲ
2600 5209 2628 5261 ὁ
2669 5210 2838 5279 Λόγος
2877 5215 2989 5276 τοῖς
3049 5212 3516 5283 μαθητευομένοις
3562 5129 3770 5380 γνησίὲ

2214 5305 2356 5354 ποιεῖ
2379 5303 2504 5367 τοὺς
2530 5304 2638 5356 τῶν
2660 5306 2940 5377 προτέρων
2967 5306 3250 5369 καμάτους
3276 5306 3664 5378 σαφεστέρους,
3690 5321 3719 5372 χ
3759 5305 3762 5308 ’

2211 5210 2322 5262 Καὶ
2373 5211 2459 5262 ἀεὶ
2494 5209 2549 5261 δὲ
2600 5209 2628 5261 ὁ
2669 5210 2838 5279 Λόγος
2877 5215 2989 5276 τοῖς
3049 5212 3516 5283 μαθητευομένοις
3562 5209 3717 5280 γνησί

2214 5305 2356 5354 ποιεῖ
2379 5303 2504 5367 τοὺς
2530 5304 2638 5356 τῶν
2660 5306 2940 5377 προτέρων
2967 5306 3250 5369 καμάτους
3276 5306 3664 5378 σαφεστέρους»

3746 5391 3765 5507 ί

2271 5545 2350 5623 (ί)
2379 5545 2561 5623 cede;
2593 5547 2945 5623 Bodleianns,
2983 5549 3101 5603 ἀλλ’
3133 5551 3162 5602 6
3205 5550 3306 5620 μέν
3328 5569 3342 5583 ·
3381 5553 3587 5623 Regius
3633 5553 3689 5606 5.)

2204 5613 2494 5670 Peribnitts
2534 5618 2747 5681 legebat
2780 5613 2959 5682 ἄλλος.

2277 5684 2523 5760 βῌἺὸν
2561 5688 2898 5760 ἀνθρωπου.
2931 5689 3242 5760 Legendqu
3274 5693 3495 5750 videtur
3531 5693 3630 5760 vel,
3665 5711 3704 5748 υ

2208 5753 2516 5840 ἁνθρεὺξουι,
2554 5759 2644 5840 νηί
2667 5753 3102 5840 υίῶκεινθρώπουἒ

2282 5825 2362 5896 (3)
2391 5826 2570 5882 Codex
2608 5825 2953 5898 Bodleianus,
2979 5829 3225 5898 συνάγει.
