3826 6520
68 393 151 449 889
1154 399 1511 458 COMMENT.
1555 400 1620 457 IN
1653 400 1846 459 JOAN.
1890 404 2126 460 TOMUS
2166 406 2300 462 XIII.

3248 418 3353 473 490

68 507 137 578 ρὶς
163 505 254 560 τοῦ
285 510 499 580 ὁμοίου
540 516 669 577 τοῖς
719 514 973 589 σπείρασι
1017 516 1206 571 κόπου.
1251 519 1345 582 Εἰς
1389 518 1488 571 ὅλα
1514 518 1572 571 δὲ
1606 517 1704 583 τὰ,

1777 535 1931 590 aeque
1955 521 2227 589 laborent,
2261 533 2423 591 atque
2452 522 2502 577 ni
2530 525 2622 593 qui
2654 525 3010 583 seminarunt.
3049 528 3146 584 Est
3170 539 3226 586 et
3250 532 3354 588 hoc

65 595 172 667 περὶ
202 597 318 650 τῶν
355 600 481 655 ὑπὸ
517 602 715 660 ἄλλων
754 605 1115 679 θεριζομένων
1148 609 1241 661 καὶ
1277 608 1433 661 τοῦτο
1461 610 1681 662 ἐπισκο-

1781 624 1998 681 quoqne
2044 613 2502 668 considerandum
2552 613 2697 668 inter
2742 618 2922 671 omnia
2960 634 3082 688 quae
3116 621 3182 675 de
3229 621 3352 675 aliis

66 686 242 756 πητέον
271 686 381 761 (4),
423 693 691 764 μήποτε,
717 695 959 764 ἀγγέλων
980 698 1071 750 ἐπὶ
1102 697 1201 769 τῆς
1228 701 1434 771 σπορᾶς
1463 698 1572 752 τῶν
1587 700 1681 753 ἀν-

1782 702 2105 757 metentibus
2127 703 2399 771 dicuntur,
2430 718 2555 758 num
2589 706 2829 774 quando,
2861 686 3071 775 angelis
3108 714 3175 765 ad
3201 719 3355 766 satus

65 776 280 848 θρώπων
300 784 722 855 τεταγμένων,
766 788 814 840 οἱ
834 803 954 840 συνε
963 788 1079 860 ργοὶ
1105 788 1204 859 τῆς
1222 788 1551 862 τελειώσεως
1572 788 1679 844 τῶν

64 868 419 941 ἑσπαρμένων
452 875 773 931 ἀπόστολοι
806 881 885 943 εἰς
909 879 1000 933 τὸν
1020 881 1128 933 τῶν
1177 880 1376 954 ἐτέρων
1405 881 1571 935 κόπον
1599 881 1677 954 (5)

64 962 391 1034 εἰσέρχονται
441 966 799 1039 θερίζοντες,
840 973 933 1025 καὶ
962 974 1209 1045 καρποὺς
1250 976 1307 1028 ὲν
1333 977 1445 1038 τοῖς
1472 974 1680 1047 ὠφελη-

66 1056 227 1127 μένοις
259 1058 673 1130 εὑρίσκοντες,
700 1063 1001 1138 οὖστιναςή
1038 1066 1215 1137 Ἰησοῦ
1252 1067 1510 1139 ἐπιδημία
1540 1069 1679 1122 έτοί-

66 1164 181 1217 μους
209 1149 357 1219 πρὸς
384 1148 682 1223 θερισμὸν
715 1156 810 1209 καὶ
836 1155 943 1228 πρὸ
965 1157 1064 1227 τῆς
1090 1158 1451 1231 ἐλπιζομένης
1480 1176 1674 1232 τετρα-

67 1240 216 1309 μήνου
254 1242 623 1314 πεποίηκεν.
662 1246 794 1300 Ἐὰν
825 1248 884 1301 δὲ
916 1248 1071 1304 ταῦθ’
1093 1250 1266 1315 οὕτως
1294 1250 1426 1322 ἔχει,
1466 1250 1675 1324 θεωρῆ-

65 1344 138 1383 sat
163 1331 315 1397 ἄξιον
344 1334 399 1385 εἰ
438 1338 769 1409 καματηρά
794 1341 943 1393 ἐστιν
965 1342 998 1411 ή
1023 1340 1129 1395 τῶν
1158 1341 1405 1410 ἀγγέλων
1434 1340 1508 1412 (6)
1542 1341 1677 1414 πρὸς

62 1422 547 1497 τὺὲνσπείρεσθαι
581 1428 765 1500 ψυχὰς
801 1430 1014 1502 σώμασι
1051 1431 1385 1504 λειτουργία,
1427 1433 1518 1488 δύο
1555 1434 1675 1488 τινὰ

63 1515 401 1582 συναγόντων
435 1521 516 1590 τῇ
545 1520 716 1589 φύσει
756 1523 1012 1576 ἐναντίων
1038 1524 1118 1588 εἰς
1153 1526 1350 1596 κρᾶσιν
1383 1526 1534 1597 μίαν,
1582 1529 1676 1581 καὶ

61 1604 107 1658 ὲν
126 1606 304 1679 καιρῷ
325 1607 415 1679 τῷ
440 1611 806 1683 τεταγμένῳ,
836 1613 1154 1685 ἀρχομένων
1177 1632 1237 1667 τε
1273 1616 1371 1687 τὴν
1391 1617 1518 1689 περὶ
1548 1617 1676 1671 ἑκά-

63 1712 170 1750 στου
217 1702 408 1752 ποιεῖν
436 1702 793 1773 οἰκονομίαν,
834 1704 929 1758 καὶ
957 1707 1037 1769 εἰς
1079 1705 1467 1780 τελεσφόρησιν
1500 1725 1674 1779 προα-

60 1787 247 1854 γόντων
301 1790 403 1847 τὸν
439 1794 973 1866 προπεπλασμένον.
1015 1796 1157 1849 Ἀλλ’
1187 1800 1304 1868 ἐρεῖ
1341 1816 1422 1862 τις
1466 1798 1675 1863 τούτοις

1782 791 2061 846 hominum
2096 793 2379 860 ordinatis,
2417 807 2801 865 c00peratores
2846 799 3198 865 perfectionis
3253 815 3352 855 eo-

1782 896 1900 935 rum
1932 883 2023 951 qui
2067 883 2319 938 seminati
2352 884 2575 939 fuerunt
2602 887 2852 957 apostoli,
2899 888 2951 942 in
2984 889 3215 945 aliorum
3274 890 3353 944 Ia-

1789 968 1976 1025 borem
2006 971 2387 1041 ingrediantur
2418 983 2705 1042 metentes,
2733 986 2788 1031 et
2819 976 3025 1034 fructus
3050 980 3104 1034 in
3143 981 3230 1036 his
3258 992 3351 1048 qut

1778 1058 2177 1127 adjuvabantur
2208 1062 2564 1132 invenientes,
2608 1080 2744 1135 quos
2787 1068 2913 1124 Jesu
2952 1072 3220 1129 adventus
3251 1088 3351 1144 pa-

1779 1160 1927 1206 ratos
1952 1151 2019 1206 ad
2053 1167 2306 1219 messem,
2339 1157 2503 1211 etiam
2539 1168 2664 1212 ante
2705 1169 2941 1230 quatuor
2969 1176 3184 1219 menses
3213 1205 3228 1231 ,
3256 1166 3352 1235 qui

1778 1243 2165 1309 sperabantur,
2218 1243 2444 1302 fecerat.
2494 1248 2645 1316 Quod
2677 1253 2722 1307 si
2772 1253 2887 1309 btec
2935 1254 3006 1309 ita
3039 1271 3097 1311 se
3122 1257 3349 1323 habent,

1780 1329 2004 1400 dignum
2035 1344 2119 1390 est
2150 1343 2209 1389 ut
2244 1335 2599 1406 inspiciamus
2623 1356 2748 1394 num
2781 1343 3145 1401 ministerium
3180 1361 3349 1419 ange-

1778 1422 1977 1487 lorum,
2018 1425 2160 1494 quod
2205 1427 2530 1497 impendunt
2568 1433 2783 1489 animas
2818 1435 2870 1490 in
2917 1440 3235 1507 carpat-ibus
3261 1456 3350 1498 se-

1779 1513 2057 1580 minando,
2115 1515 2443 1574 laboriosum
2485 1521 2589 1589 sit;
2622 1525 2819 1596 quippe
2845 1529 2934 1597 qui
2962 1530 3070 1587 duo
3099 1535 3347 1602 qumdam

1775 1617 2112 1676 congregent
2150 1625 2271 1681 qua:
2306 1621 2500 1667 natura
2553 1627 2677 1670 sunt
2724 1622 3006 1675 contraria
3035 1662 3051 1689 ,
3082 1624 3136 1679 in
3174 1641 3344 1682 unum

1773 1704 2283 1768 temperamentum,
2324 1711 2379 1757 et
2428 1704 2482 1758 in
2534 1714 2779 1777 tempore
2821 1712 3096 1781 ordinato,
3146 1718 3350 1791 quique

1777 1787 2041 1858 incipiant
2084 1791 2504 1863 uniuscujusque
2548 1800 2906 1855 teconomiam
2944 1803 3158 1874 facere,
3199 1787 3350 1866 et'ad

60 1881 285 1936 ἐναντίον
311 1879 472 1938 εἶναι
505 1885 574 1939 τὸ
604 1886 771 1940 αὑτὸν
801 1885 1056 1956 λέγεσθαι
1098 1889 1359 1943 πλάσσειν
1398 1890 1490 1945 τὸν
1540 1889 1672 1945 Θεὸν
1705 1890 1746 1945 Β
1776 1877 2172 1947 Ρθΐίθείῖοηθηι
2222 1888 2526 1953 Ρνοίίυεθηι
2581 1888 2857 1946 Ιὶοῐῐιῖῐιθῐιι
2912 1905 3070 1951 ³11188
3114 1897 3349 1969 plasma-

60 1972 106 2027 έν
121 1990 177 2026 τε
205 1973 308 2044 τῷ’
352 1993 374 2027 ι
418 1976 499 2029 Ai
534 1975 726 2049 χεῖρές
761 1994 855 2031 σου
883 1979 1144 2050 ἐποίησάν
1175 1998 1265 2051 με,
1308 1981 1403 2034 καὶ
1430 1980 1671 2037 ἔπλασαν

62 2082 135 2134 με’
154 2085 174 2117 ι
209 2067 311 2120 καὶ
353 2070 421 2121 ὲν
450 2068 565 2139 τῷ·
604 2090 624 2122 ι
662 2070 779 2141 Πρὸ
804 2068 900 2124 τοῦ
942 2089 1009 2143 με
1039 2072 1241 2128 πλάσαι
1266 2072 1343 2145 (7)
1373 2090 1434 2127 σε
1467 2075 1525 2129 έν
1554 2091 1669 2128 κοι-

58 2156 151 2228 λίᾳ,
179 2159 508 2233 ἐπίσταμαί
543 2178 633 2225 σε,
663 2164 759 2215 καὶ
789 2164 895 2235 πρὸ
910 2163 1004 2217 τοῦ
1022 2182 1080 2217 σε
1097 2164 1329 2230 ἐξελθεῖν
1353 2167 1417 2219 ὲκ
1435 2167 1667 2237 μήτρας,

59 2249 248 2318 ήγίακά
294 2266 383 2303 σε.
432 2269 454 2302 ι
480 2252 636 2322 Πρὸς
666 2251 825 2305 τοῦτο
844 2252 1084 2318 λεκτέον,
1106 2254 1188 2308 δτι
1214 2253 1403 2328 ὥσπερ
1436 2256 1465 2308 ὁ
1505 2256 1669 2326 νόμος

59 2336 263 2408 διετὰγη
292 2338 367 2391 δι’
403 2340 697 2408 ἀγγέλων,
734 2342 829 2395 καὶ
857 2342 1109 2415 λαληθεὶς
1148 2344 1225 2414 (8)
1261 2345 1417 2414 λόγος
1452 2346 1670 2415 ἐγένετο

60 2425 280 2496 βέδαιος,
299 2429 481 2500 δῆλον
509 2431 557 2485 δ’
583 2431 692 2496 ὅτι,
725 2432 830 2486 ὑπὸ
851 2433 986 2488 Θεοῦ
1015 2436 1288 2508 λαληθεὶς,
1319 2437 1491 2503 οὕτως
1524 2438 1668 2492 ἐνδέ-

59 2535 193 2585 χεται
224 2521 329 2573 καὶ
359 2520 463 2574 διὰ
488 2520 609 2575 τῶν
636 2525 986 2595 τεταγμένων
1018 2528 1110 2580 ἐπὶ
1132 2527 1233 2599 τῆς
1263 2528 1529 2598 γενέσεως
1565 2532 1667 2599 ἀγ-

55 2611 210 2679 γέλων
238 2612 389 2667 Θεὸν
424 2613 703 2669 πλάττειν
736 2617 793 2670 ἐν
819 2615 995 2688 κοιλίᾳ
1027 2617 1193 2687 λέγει.
1231 2619 1343 2673 Οὐκ
1370 2616 1489 2674 οἰδα
1516 2621 1572 2674 δὲ
1618 2624 1666 2675 εἰ

60 2702 228 2773 χώραν
246 2706 372 2776 ἔχει
393 2707 487 2771 εἰς
518 2707 588 2761 τὸ
613 2708 966 2780 ἠπορημένον
996 2710 1088 2763 καὶ
1116 2711 1352 2765 τοιοῦτόν
1380 2731 1431 2765 τι
1464 2711 1662 2782 λέγειν,

64 2794 206 2850 ὃτιοὶ
257 2798 552 2863 εἰπόντες⁸
603 2818 623 2850 ι
661 2800 728 2854 At
771 2800 949 2870 χεῖρές
1001 2818 1095 2855 σου
1133 2802 1395 2875 ἐποίησάν
1431 2821 1519 2873 με,
1573 2806 1667 2858 καὶ

59 2884 288 2942 ἔπλασαν
310 2907 389 2960 με
417 2890 527 2961 (9),
573 2909 596 2942 ι
638 2889 783 2957 Ἰὼϐ,
807 2892 902 2945 καὶ
931 2892 1092 2946 Δαυῖδ
1114 2894 1328 2966 μερίδος
1360 2895 1512 2959 ὅντες
1528 2894 1663 2950 Θεοῦ

55 2979 422 3052 ἐκλάσθησαν·
462 2982 566 3035 καὶ
601 2983 631 3036 ὁ
673 2982 943 3055 Ἱερεμίας
993 2984 1227 3039 ἁκούων·
1265 3005 1284 3037 ι
1322 2987 1436 3059 Πρὸ
1464 2986 1560 3040 τοῦ
1596 3005 1662 3059 με

55 3070 240 3124 πλάσαι
269 3090 339 3127 σε
366 3075 430 3126 ὲν
478 3073 688 3143 κοιλίᾳ,
726 3075 1026 3147 ἐπίσταμαί
1049 3093 1130 3141 σε,
1166 3096 1185 3129 ι
1220 3077 1296 3140 ὼς
1316 3077 1416 3149 τῆς
1447 3079 1664 3150 μερίδος

54 3160 297 3231 ἐσόμενος
331 3161 438 3216 τοῦ
493 3160 641 3216 Θεοῦ
681 3163 990 3218 πέπλασται
1030 3164 1122 3218 ὑπ’
1152 3163 1339 3218 αὐτοῦ·
1374 3167 1422 3219 οἰ
1456 3165 1512 3220 δὲ
1554 3166 1663 3221 τῶν

1776 1977 1912 2024 tum.
1946 1970 2053 2027 Sed
2085 1974 2231 2029 dicet
2262 1974 2460 2044 aliquis
2508 1983 2838 2037 contrarium
2892 1984 2979 2039 his
3027 2000 3151 2043 esse
3202 1992 3345 2059 quod

1774 2059 1915 2116 Deus
1955 2062 2167 2119 dicatur
2206 2066 2479 2123 hominem
2516 2068 2783 2138 plasmare
2833 2084 2942 2129 tum
2991 2076 3094 2133 hoc
3140 2080 3285 2137 dicto
3327 2101 3343 2142 :

1777 2171 1796 2204 ι
1826 2152 2015 2208 Manus
2047 2165 2150 2210 tuae
2181 2154 2427 2214 fecerunt
2457 2173 2561 2226 me,
2598 2171 2652 2216 et
2681 2162 3087 2232 plasmaverunt
3118 2187 3202 2227 me
3217 2172 3292 2238 ”;
3319 2195 3338 2227 ι

1772 2251 1885 2297 tum
1917 2243 2011 2299 illo
2047 2260 2063 2301 :
2100 2263 2119 2297 ι
2154 2246 2464 2318 Antequam
2508 2250 2804 2308 formarem
2835 2265 2886 2311 te
2924 2258 2975 2313 in
3004 2238 3184 2328 utero,
3219 2267 3341 2320 novi

1774 2342 1880 2400 te;
1935 2344 1990 2389 et
2041 2345 2336 2408 antequam
2391 2340 2460 2396 de
2516 2342 2673 2398 vulva
2719 2347 2943 2414 exires,
3002 2354 3345 2411 sanetitlcavi

1774 2433 1826 2479 te
1873 2427 1940 2480 ’¹.
1984 2445 2002 2477 ι
2053 2427 2215 2499 262
2254 2430 2335 2484 Ad
2389 2435 2531 2501 quod
2580 2437 3013 2506 respondendum
3064 2454 3169 2510 est,
3199 2449 3345 2516 quod

1770 2518 2227 2585 quemadmodum
2263 2519 2347 2575 lex
2376 2536 2473 2590 per
2517 2525 2740 2594 angelos
2785 2529 3036 2587 ordinata
3068 2533 3137 2601 ’⁸,
3168 2544 3223 2589 et
3262 2538 3346 2592 di-

1770 2615 1889 2662 ctus
1918 2622 2101 2665 sermo
2124 2625 2221 2679 per
2247 2613 2474 2682 angelos
2512 2614 2613 2670 fuit
2640 2618 2851 2674 stabilis
2880 2621 2944 2687 ",
2981 2637 3104 2679 cum
3142 2626 3345 2697 alioqui

1767 2698 2115 2769 perslticuum
2147 2702 2218 2756 sit
2241 2716 2363 2756 eum
2398 2719 2427 2758 a
2461 2705 2570 2759 Deo
2604 2705 2809 2761 dictum
2844 2708 3036 2778 fuisse,
3070 2713 3143 2768 ita
3175 2718 3343 2772 etiam

1768 2791 2091 2861 contingere
2120 2793 2173 2847 in
2205 2796 2556 2864 generatione
2584 2838 2599 2860 ,
2647 2807 2705 2852 ut
2750 2814 2846 2867 per
2874 2803 3097 2870 angelos
3133 2806 3343 2863 media.

1768 2890 1915 2938 tores
1957 2882 2126 2938 Deum
2157 2884 2430 2955 plasmarc
2463 2886 2515 2940 in
2544 2895 2700 2942 utero
2735 2893 3001 2949 dicamus.
3035 2895 3143 2950 Sed
3198 2899 3341 2954 haud

1766 2972 1882 3029 scio
1922 2988 1989 3028 an
2027 2973 2153 3029 huic
2198 2977 2338 3030 nodo
2383 2974 2644 3031 solvendo
2682 2978 2786 3033 tale
2820 2983 2949 3050 quid
2990 2986 3189 3042 adduci
3214 3002 3342 3057 pos-

1767 3065 1838 3120 sit
1865 3105 1882 3131 ,
1907 3080 2102 3136 nempe
2126 3067 2269 3136 quod
2297 3066 2400 3121 Job
2440 3079 2494 3121 et
2527 3067 2713 3133 David,
2750 3073 2918 3141 partis
2948 3075 3042 3130 Dei
3071 3091 3193 3132 cum
3247 3092 3339 3134 εε-

1768 3168 1890 3214 sent
1911 3200 1928 3228 ,
1964 3158 2209 3215 dicentes
2240 3176 2254 3217 ι
2293 3176 2313 3211 ι
2348 3158 2535 3215 Manus
2568 3169 2672 3216 tua:
2708 3161 2955 3220 fecerunt
2985 3181 3071 3222 me
3095 3207 3110 3233 ,
3145 3179 3196 3223 et
3228 3169 3342 3239 pla-

59 3253 239 3324 ἐτέρων
269 3254 510 3325 μερίδες
539 3253 703 3318 ὄντες
719 3254 824 3308 ὑπὸ
848 3254 955 3309 τῶν
980 3255 1249 3326 λαχόντων
1279 3258 1477 3320 αὐτοὺς
1494 3258 1660 3312 πλάτ-
1689 3244 1704 3297 ί

1770 3257 2081 3306 smaverunt
2110 3265 2196 3306 me
2227 3251 2297 3315 ’⁸,
2343 3270 2363 3304 ι
2404 3265 2432 3305 a
2487 3251 2594 3307 Deo
2624 3253 2874 3323 plasmati
2911 3255 3152 3326 fuerint;
3185 3260 3334 3317 Jere-

53 3360 236 3399 τονται.
272 3346 396 3399 Καὶ
434 3346 874 3417 περιεργότερόν
904 3363 967 3415 γε
999 3342 1152 3413 οὗτος
1177 3348 1207 3401 ὁ
1235 3346 1391 3415 λόγος
1424 3348 1658 3421 ἐκλήψε-

52 3453 129 3489 ea:
162 3440 277 3510 (I0)
308 3439 401 3493 τό’
436 3457 457 3489 ι
508 3439 845 3510 Ποιήσωμεν
871 3437 1154 3511 ἄνθρωπον
1183 3441 1301 3492 κατ’
1324 3440 1529 3504 εἰκόνα,
1564 3442 1658 3495 καὶ

49 3522 299 3590 ὁμοίωσιν
342 3525 674 3596 ἡμετέραν,
716 3545 734 3577 ι
764 3525 923 3580 τοῦτο
950 3528 1201 3613 λέγοντος
1226 3529 1320 3583 τοῦ
1354 3529 1489 3584 Θεοῦ
1526 3533 1652 3613 περὶ

52 3614 255 3669 πάντων
284 3617 639 3687 ἀνθρώπων.
672 3619 768 3670 καὶ
794 3608 1309 3691 προκαταρχομένου
1337 3622 1431 3675 τοῦ
1463 3608 1648 3692 ἔργου,

48 3705 169 3776 ὅπερ
193 3706 372 3779 ἔργον
391 3707 441 3777 (I
456 3708 514 3770 I)
535 3706 673 3761 ῦστε
683 3724 773 3777 ρον
797 3709 889 3762 καὶ
910 3710 1011 3763 ὑπὸ
1026 3710 1135 3765 τῶν
1160 3712 1381 3780 λοιπῶν,
1407 3713 1538 3786 πρὸς
1557 3712 1651 3779 οὓς

46 3796 263 3865 ὁλόγος,
295 3799 455 3853 κατὰ
494 3799 718 3852 οἰκείαν
756 3801 949 3873 μερίδα
973 3803 1202 3871 γίνεται,
1235 3804 1445 3869 τούτοις
1467 3805 1651 3875 λέγον-

46 3902 123 3950 τος
142 3889 235 3943 τοῦ
263 3889 439 3943 Θεοῦ’
470 3910 491 3941 ‹
522 3892 860 3961 Ποιήσωμεν
882 3893 1179 3965 ἄνθρωπον·
1215 3914 1234 3947 ι
1262 3890 1344 3959 οἷς
1366 3896 1461 3950 καί
1484 3914 1648 3969 φησιν

46 3975 128 4028 ἐπὶ
151 3980 251 4050 τῆς
265 3979 390 4033 τῶν
413 3979 731 4035 διαλέκτων
758 3982 1092 4052 συγχύσεως·
1124 4002 1141 4033 ι
1167 3983 1353 4048 Δεῦτε,
1380 3986 1653 4040 καταϐὰν⁴

44 4075 125 4124 τες
151 4066 250 4137 τὴν
286 4067 565 4137 γλῶσσαν
601 4068 927 4140 συγχέωμεν
957 4071 1072 4124 ἐκεῖ
1094 4071 1291 4126 αὐτῶν.
1332 4092 1353 4123 ι
1385 4073 1571 4128 Ταῦτα
1594 4074 1652 4127 δὲ

43 4156 130 4207 οὐκ
155 4159 616 4231 ἀποφαινόμενοι
647 4160 898 4232 λέγομεν*
933 4162 1133 4233 πολλῆς
1172 4163 1281 4235 γὰρ
1315 4164 1550 4235 βασάνου
1582 4164 1651 4219 τὰ

43 4248 340 4315 τηλικαῦτα
387 4252 620 4324 χρῄζει,
668 4251 734 4305 ἵν’
757 4252 950 4324 εὑρεθῇ
986 4254 1211 4327 πότερον
1229 4254 1401 4320 οὕτως
1430 4256 1564 4327 ἔχει,
1615 4258 1649 4328 ἢ

43 4339 257 4411 ἑτέρως.
283 4345 365 4398 Οὐ
396 4346 858 4416 καταφρονητέον
884 4344 941 4397 δὲ
972 4346 1066 4399 καὶ
1088 4346 1189 4417 τῆς
1223 4348 1475 4420 τοιαύτης
1494 4349 1648 4403 ἐκδο-

42 4431 151 4500 λῖἒςν
172 4437 418 4502 ἕκαστος
451 4437 573 4490 τῶν
591 4435 898 4508 ἀνθρώπων
922 4440 1077 4509 μερίς
1105 4440 1221 4493 ἐστί
1240 4457 1385 4504 τινος
1404 4440 1544 4495 κατὰ
1565 4441 1643 4495 τό·

101 4551 145 4581 ’³
180 4550 333 4608 Psal.
357 4566 561 4618 cxmt,
589 4551 683 4605 73.

41 4619 79 4649 ’³
107 4618 316 4676 Jerem.
362 4637 406 4686 ι,
455 4622 516 4678 5.
619 4622 669 4653 ’⁸
700 4620 836 4678 Gen.
868 4639 904 4688 ι,
931 4622 1021 4676 26.
1115 4625 1160 4655 ’⁷
1194 4624 1329 4680 Gen.
1363 4642 1438 4686 χι,
1486 4625 1538 4679 7.

98 4710 176 4781 (4)
206 4710 376 4808 Iden:
418 4713 607 4766 codex
662 4709 987 4767 Bodleianus
1025 4715 1371 4808 σιωπητέον)
1408 4713 1633 4784 Regius,
1671 4723 1716 4777 D

96 4852 170 4920 (5)
200 4848 445 4905 Κόὲτον.
482 4848 587 4905 Sic
612 4849 783 4903 codex
822 4848 1180 4917 Dodleianus;
1216 4852 1434 4922 Regius,
1458 4854 1639 4925 κάμα-

36 4935 135 4973 ων.

208 4990 285 5069 Et
336 4985 680 5069 Mem
719 4988 891 5069 eam
933 4990 971 5058 ἡ
1026 4989 1146 5069 egw
1182 4990 1473 5069 ἀγγέλων.
1525 5001 1635 5069 etc.

36 5056 166 5114 Alibi
200 5056 716 5129 docuit’Origvnes
740 5056 1009 5113 animas‘a
1052 5062 1158 5115 Deo
1187 5056 1506 5129 corporibus
1536 5063 1634 5116 im-

37 5130 207 5196 mitti;
248 5131 309 5184 id
351 5143 508 5199 nunc
526 5127 861 5199 angelorum
886 5127 1468 5199 ministeriugetﬁopera
1508 5146 1633 5199 per-

38 5146 207 5196 mntt;
248 5146 309 5184 ια
351 5146 508 5182 nunc
536 5146 861 5195 augetur-um
886 5146 1190 5185 mllHSlel'lt)
1219 5146 1274 5182 et
1304 5146 1468 5199 opera
1508 5146 1633 5253 per-

38 5199 116 5251 ﬁci
151 5197 740 5269 declarat._Cleu_tens
766 5197 1146 5269 Alexandrina,
1172 5197 1357 5269 Eelog.
1393 5201 1505 5254 :‘E
1540 5218 1633 5269 εγε

132 5267 347 5339 σῦύτης
384 5261 716 5339 ζῶονᾼείναι
752 5265 813 5319 τὸ
837 5267 998 5339 κατὰ
1044 5261 1325 5339 γαστρόςῖ
1345 5261 1634 5339 Εἰσιοῦσαν

104 5286 233 5322 em
310 5286 347 5332 ς
384 5286 537 5331 ςωον
569 5286 716 5318 ειναι
752 5286 813 5319 το
854 5286 998 5321 κατα
1044 5286 1299 5339 γαστρός.
1345 5286 1634 5324 ιισιουσαν

104 5286 469 5412 ρτὴνἙυχὴν
504 5336 595 5412 εἰς
637 5334 744 5412 τὴν
762 5337 995 5412 ⁸μήτραν
1033 5337 1275 5412 ἀ-πὸᾲτὴς
1304 5338 1636 5412 Δκαθάρσεως

38 5404 492 5480 ηὐτρεπιᾰμένην
535 5407 623 5480 εἰς
660 5404 944 5480 σύλληψιν,
995 5410 1093 5480 κοιί.Δ
1115 5404 1483 5480 εἰσκριθεῖσαν
1528 5410 1633 5462 ὑπό

187 5475 421 5550 τῶντῇ
441 5475 672 5550 γενέσει
707 5475 1046 5550 ἐφεστώτων
1073 5475 1348 5550 ᾴγγέλων,
1388 5495 1630 5550 παραγι-

40 5533 329 5635 ww
504 5545 720 5635 me:
895 5533 1450 5635 ξ’ξιλλὴξίέιδςνλειλίετν
1471 5533 1633 5635 “se:

43 5620 316 5687 συνουσίαν
371 5616 482 5687 τὴν
549 5618 836 5687 γυναῖκα,
886 5629 998 5670 etc.
1049 5616 1185 5687 'l‘utn
1242 5617 1403 5687 paulo
1460 5616 1629 5685 post:

43 5685 300 5758 ἐι-πηνίκα
338 5688 417 5742 ἂν
437 5683 918 5758 ἐὐαγγελίζωνται
941 5689 993 5758 οἰ
1016 5683 1361 5758 induere;
1391 5683 1630 5758 στείρας,

41 5748 132 5806 οἷον
155 5748 632 5827 προεισκρίνουσι
654 5754 774 5827 -τῆς
803 5748 1116 5827 συλλήψεως
1149 5756 1245 5820 τὰς
1277 5748 1476 5827 ψύχάς.
1511 5748 1633 5809 ’Ψυέ

42 5823 351 5895 mustei;
381 5823 667 5895 eiusmodi
704 5826 924 5891 angelos
954 5823 1066 5881 ἰιοη
1097 5829 1272 5881 minus
1295 5823 1421 5898 apte
1449 5827 1634 5896 appel-

342 5924 645 5983 PATBOL.
672 5916 793 5978 Gn.
826 5920 998 5980 XIV.

796 4553 839 4583 ἰ
876 4551 1078 4608 Jerem.
1107 4570 1143 4618 I,
1168 4555 1218 4609 5.
1303 4557 1347 4588 ”
1376 4554 1553 4611 Galat.
1585 4569 1666 4621 ιιι,
1693 4555 1778 4611 19.
1873 4556 1919 4589 ’³
1944 4555 2109 4613 Hebr.
2148 4574 2209 4621 tt,
2243 4558 2297 4613 2.

1768 3341 1910 3397 mias
1940 3350 2119 3396 autem
2166 3343 2392 3398 audiens
2420 3360 2438 3399 :
2471 3360 2490 3395 ι
2528 3343 2835 3415 Antequam
2875 3347 3165 3406 formarem
3203 3361 3256 3408 te
3280 3352 3338 3409 il

1766 3443 1944 3500 utero,
1977 3435 2100 3489 novi
2134 3445 2188 3490 te
2211 3435 2282 3501 ’⁸,
2322 3455 2341 3488 ι
2376 3449 2477 3492 ceu
2510 3438 2678 3506 partis
2715 3438 2808 3493 Dei
2841 3437 3076 3508 futurus,
3117 3441 3186 3497 ab
3222 3444 3339 3514 ipso

1764 3524 2034 3581 formatus
2060 3525 2265 3595 fuerit;
2297 3528 2388 3582 alii
2432 3543 2560 3584 vero
2592 3529 2825 3585 aliorum
2862 3533 3189 3589 exsistentes
3212 3548 3339 3605 par—

1764 3624 1867 3683 tes,
1912 3617 1980 3672 ab
2015 3617 2100 3673 his
2141 3617 2447 3674 formentur
2488 3620 2689 3689 quibus
2721 3630 2872 3677 sorte
2914 3622 3221 3696 obtingunt.
3271 3627 3339 3683 Et

1761 3709 2071 3764 accuratius
2104 3709 2347 3778 profecto
2391 3710 2523 3765 illud
2565 3712 3014 3782 interpretabitur
3044 3716 3158 3772 haec
3202 3731 3332 3773 ora-

1759 3799 1877 3852 tio:
1915 3815 1935 3850 ‹
1973 3797 2263 3856 Faciamus
2306 3801 2582 3856 hominem
2613 3803 2679 3857 ad
2718 3804 3010 3874 imaginem
3056 3815 3113 3862 et
3145 3807 3337 3865 simili-

1759 3891 1998 3947 tudinem
2025 3901 2265 3947 nostram
2295 3892 2365 3957 ’⁸,
2410 3911 2429 3946 ι
2463 3893 2566 3947 hoc
2597 3893 2809 3949 dicente
2840 3895 2948 3951 Deo
2986 3900 3052 3953 de
3078 3901 3333 3957 omnibus

1758 3982 2091 4050 hominibus,
2140 3993 2195 4038 et
2243 3985 2310 4040 de
2339 3997 2503 4054 Opere
2531 3991 2857 4056 antegresso
2889 4002 2905 4041 :
2938 3988 3082 4056 quod
3135 3990 3332 4046 deinde

1756 4087 1891 4143 opus
1918 4082 1972 4128 et
1999 4088 2029 4127 a
2062 4075 2277 4130 caeteris
2319 4076 2401 4141 lit,
2440 4075 2743 4130 secundum
2784 4077 3058 4146 propriam
3096 4089 3328 4149 partem,

1754 4162 1821 4215 ad
1878 4177 2015 4233 quos
2066 4162 2126 4217 fit
2171 4177 2352 4219 sermo
2374 4204 2389 4229 ,
2428 4164 2536 4219 Deo
2580 4165 2664 4220 his
2691 4164 2905 4222 dicente
2935 4183 2951 4224 :
2983 4186 3003 4219 ι
3038 4168 3329 4226 Faciamus

1756 4254 2059 4322 hominem;
2098 4273 2119 4308 ι
2155 4255 2352 4325 quibus
2378 4257 2542 4312 etiam
2578 4256 2754 4327 inquit
2792 4259 2846 4314 in
2877 4259 3199 4317 confusione
3225 4261 3328 4316 lin-

1752 4361 1982 4415 gnarum
2017 4365 2031 4406 :
2084 4365 2103 4399 ι
2141 4347 2357 4414 Venite,
2407 4358 2461 4405 et
2497 4349 2890 4405 descendentes
2938 4351 3329 4410 confundamus

1753 4441 1864 4496 illic
1915 4441 2132 4497 illorum
2184 4442 2429 4506 linquam
2463 4442 2532 4496 ".
2574 4462 2594 4496 ι
2638 4443 2763 4499 Haec
2808 4453 2991 4500 autem
3039 4459 3144 4499 non
3192 4445 3329 4501 deli-

2399 4559 2445 4591 “
2478 4558 2580 4616 Job
2611 4576 2677 4619 κ.
2706 4560 2772 4617 8:
2803 4558 2947 4615 PsaI.
2982 4576 3144 4616 cxvut
3172 4600 3188 4625 ,
3233 4561 3323 4615 73.

1746 4711 1967 4775 laveris,
1994 4723 2162 4781 quam
2193 4708 2469 4767 daemones
2516 4710 2636 4766 illos
2659 4711 3028 4776 ethnicorum,
3065 4712 3158 4781 qui
3189 4714 3310 4767 ani-

1748 4796 1864 4837 mas
1892 4782 1961 4835 ad
1992 4778 2200 4853 inferos
2224 4780 2593 4853 deducebant.
2607 4781 2759 4837 Unde
2772 4781 3031 4853 ethlercu
3045 4778 3157 4853 rius
3180 4799 3323 4853 πομ-

1748 4857 1903 4931 πεός,
1946 4858 2001 4904 et
2047 4849 2251 4931 ταμίας
2279 4849 2406 4931 ,τῶν
2448 4849 2653 4931 ψυχῶν.
2686 4850 3089 4931 appellabatur._
3122 4849 3316 4905 Iisdem

1747 4929 1929 4976 autem
1958 4917 2168 4999 angelis
2180 4917 2508 4999 “animarum
2526 4917 2841 4999 sationem,
2868 4917 3311 4999 earumdemque,

1746 4993 1873 5059 dum
1914 4986 2129 5059 corpori
2157 4990 2375 5059 illigata:
2405 5001 2547 5054 sunt,
2579 5003 2765 5042 curam
2787 4988 2888 5059 hoc
2915 4988 3033 5043 loco
3059 4986 3320 5057 Origenes

1746 5057 2023 5115 attribuit.
2044 5057 2383 5128 Atque'hzec
2432 5061 2612 5128 omnia
2646 5057 2929 5110 enucleate
2975 5072 3004 5111 a
3051 5059 3209 5113 nobis
3260 5060 3312 5114 in

1746 5129 2082 5191 Oriqem'anis
2106 5129 2456 5182 ventilantur.
2488 5127 2747 5182 Hcmws.

1813 5198 1892 5271 (7)
1927 5197 2073 5271 ΠρὸΔ
2088 5198 2193 5271 τοῦ
2231 5213 2310 5266 με
2350 5197 2599 5271 πλάσαι.
2641 5197 2731 5271 sic
2759 5195 2930 5271 codex
2952 5194 3315 5271 Bodleianus;

1746 5263 1947 5335 Regius
1967 5263 2020 5321 et
2040 5263 2577 5335 Barbermustmale,
2613 5265 2719 5335 πρὸ
2743 5263 2839 5316 τοῦ
2872 5265 3236 5335 μεταπλάσαι.

1814 5334 2991 5418 Quieta-1.1109101".Bcs‘oﬂsssmi-
3060 5407 3073 5418 .
3147 5406 3182 5418 η
3265 5407 3276 5416 .

1813 5403 1889 5479 (9)
1921 5406 2034 5461 Καὶ
2066 5404 2353 5479 ἔπλασαν
2369 5422 2466 5474 με.
2494 5403 2616 5457 Hanc
2648 5403 3033 5479 desiderantur
3060 5407 3113 5459 itt
3147 5406 3314 5479 [ἰθεῖα

1740 5472 1945 5539 codice,
1986 5480 2080 5532 sed
2129 5472 2493 5530 restituuntur
2518 5488 2548 5528 e
2575 5473 2732 5527 codd.
2759 5472 3057 5531 Barberino
3088 5485 3142 5531 et
3170 5472 3311 5530 Bo'd-

1739 5547 1931 5603 Ieiann.

1811 5616 1925 5686 (l0)
1956 5613 2340 5686 Ἐκλήψεται.
2376 5610 2466 5673 Sic
2489 5612 2660 5668 codex
2682 5611 3013 5669 Bodleianus
3038 5630 3053 5682 ;
3088 5614 3311 5685 Regius,

1740 5683 2043 5755 perperam,
2067 5683 2393 5755 ἐκλάψεται.

1813 5749 1924 5825 (Η)
1961 5755 2198 5825 Ἔργον.
2228 5749 2317 5806 ἶω
2350 5751 2517 5809 codex
2550 5751 2895 5819 Bodleianus,
2938 5754 3172 5824 Optime;
3209 5749 3314 5804 Re-

1742 5821 1885 5895 gius,
1926 5821 2089 5888 male,
2114 5821 2307 5893 έργου.’

2920 5915 2995 5977 I6
