3826 6518
85 359 170 414 493
1169 371 1508 431 COMMENT
1549 378 1615 432 IN

1752 379 1841 437 ΚΝ.
1877 379 2117 440 TOMUS
2157 385 2294 442 Xlll.
3243 407 3348 461 494

85 477 314 551 μαθητὰς
347 479 426 536 τὰ
470 485 636 540 κατά
690 484 916 558 δύναμιν
951 485 1321 560 ἐξητασμένα,
1361 493 1639 565 ὲπαναλαμ

1752 504 1943 564 _ptura
1982 500 2352 555 narrationem
2402 502 2469 557 de
2514 504 2600 562 his
2627 507 2717 577 qui
2761 520 3024 568 venerant
3063 527 3094 568 e
3128 516 3350 576 civitate

81 569 213 625 εάνει
238 571 275 642 ὴ
302 571 520 645 Γραφὴ
548 576 627 630 τὰ
659 578 786 649 περὶ
836 577 944 630 τῶν
975 577 1311 649 ἐληλυθότων
1345 584 1408 639 ὲκ
1447 586 1544 657 τῆς
1578 587 1639 640 πό

1781 591 1848 642 ad
1880 589 2081 660 ipsum,
2125 603 2182 649 et
2218 595 2284 650 de
2326 596 2410 651 his
2453 599 2544 667 qui
2585 569 2932 658 crediderant
2969 618 3064 675 per

81 659 198 724 λεως
224 661 371 732 πρὸς
415 663 624 730 αὐτὸν,
658 667 754 719 καὶ
787 667 1190 723 πιστευσάντων
1222 671 1310 725 διὰ
1337 672 1432 744 τὴν
1468 691 1639 746 μαρτυ

1778 677 1928 735 nium
1964 683 2214 741 mulieris
2249 659 2525 744 dicentis:
2564 707 2584 742 ι
2624 690 2760 758 Quia
2793 693 2931 750 dixit
2969 659 3346 756 immittit.

82 751 189 823 ρίαν
211 751 313 821 τῆς
358 756 648 821 γυναικὸς
681 755 943 829 λεγούσης
966 774 980 789 ο
1021 778 1042 812 r
1080 758 1199 814 ’Ότι
1223 756 1347 816 εἶπέ
1383 781 1471 836 μοι
1499 765 1637 820 πάντ

1776 785 2116 845 quacunque
2157 777 2287 833 feci.
2320 797 2340 831 ι
2370 779 2523 846 Quod
2550 783 2597 837 si
2638 799 2908 840 memores
2941 801 3128 844 sumus
3157 805 3346 850 eorum

78 843 163 895 ὅσα
193 844 464 916 ἐποίησα.
513 866 534 898 ι
585 849 652 900 Εἰ
677 848 734 902 δὲ
767 849 1076 921 κρατοῦμεν
1101 851 1211 908 τῶν
1239 855 1496 928 ἀνωτέρω
1518 859 1639 930 είρη

1776 874 1900 930 quae
1923 843 2176 932 superius
2214 843 2454 925 diximus
2483 869 2552 926 de
2593 871 2860 939 Samaria,
2904 883 2961 930 et
2995 843 3342 936 δεδείιὲιρἷῖ

81 934 237 1004 μένων
266 937 406 1008 περὶ
437 938 555 1008 τῆς
597 941 914 1013 Σαμαρείας
955 943 1048 997 καὶ
1084 943 1186 1014 τῆς
1239 947 1630 1018 Σαμαρείτιδος

1775 949 1908 1017 tide,
1937 961 1993 1007 et
2010 953 2077 1007 de
2100 953 2251 1011 fonte
2278 955 2470 1024 Jacub,
2500 975 2608 1016 non
2635 934 2855 1018 diliicile
2877 975 2960 1021 est
3000 967 3185 1026 videre
3208 934 3344 1041 quo-

78 1026 160 1078 καὶ
201 1027 303 1096 τῆς
334 1027 440 1080 τοῦ
491 1030 700 1084 Ἰακὼϐ
745 1034 925 1104 πηγῆς
945 1073 960 1097 ,
1000 1033 1061 1086 οὐ
1101 1035 1337 1105 χαλεπὸν
1388 1039 1514 1092 ἰδεῖν
1549 1039 1639 1092 τίνι

1771 1055 1898 1096 nam
1930 1052 2091 1112 pacto
2125 1045 2219 1115 qui
2262 1049 2498 1104 assecuti
2535 1049 2740 1107 fuerint
2777 1067 2964 1111 sanam
3008 1026 3340 1130 doctrinam,

78 1116 257 1184 τρόπον
289 1115 673 1188 ἐπιτυχόντες
717 1120 874 1190 λόγου
925 1121 1110 1191 ὑγιοῦς
1161 1126 1211 1178 oi
1267 1128 1639 1201 προκατειλημ

1771 1149 1896 1190 cum
1920 1146 2079 1192 antea
2116 1140 2368 1208 occupati
2406 1141 2640 1198 fuissent
2665 1143 2720 1199 in
2755 1146 3022 1204 doctrinis
3059 1151 3128 1207 ab
3159 1153 3341 1211 Eccle-

78 1205 214 1274 μένοι
259 1207 323 1260 ὲν
368 1209 920 1282 ὲτεροδιδασκαλίαις
949 1215 1338 1272 καταλείπουσι
1379 1221 1478 1292 τὴν
1506 1224 1639 1276 οῐονε

1767 1225 1865 1280 sia:
1912 1227 2148 1284 decretis
2194 1205 2604 1299 dissidentibus,
2653 1235 2971 1308 relinquunt
2999 1240 3164 1297 veluti
3204 1244 3339 1318 dog-

74 1298 172 1351 τῶν
197 1300 504 1371 δογμάτων
529 1303 712 1368 πόλιν,
744 1305 838 1358 καὶ
867 1305 1173 1374 ἐξελθόντες
1199 1312 1369 1383 αὐτῆς
1400 1315 1639 1382 ύγιαινόν

1768 1325 1972 1373 malum
2004 1319 2310 1388 civitatem,
2351 1332 2406 1378 et
2438 1326 2644 1394 egressi
2693 1343 2760 1383 ex
2810 1344 2874 1384 ea
2921 1343 3055 1388 sane
3081 1298 3334 1404 credun‘l,

73 1407 171 1453 τως
188 1392 524 1447 πιστεύουσι
559 1395 697 1467 (16),
733 1399 860 1468 μιᾶς
888 1415 1033 1464 τινος
1058 1403 1212 1474 παρά
1237 1405 1302 1475 τῇ
1338 1405 1430 1459 τοῦ
1472 1407 1639 1461 Ἰακὼι

1765 1423 1887 1464 cum
1935 1425 2042 1465 una
2087 1413 2357 1484 quaepiam
2407 1392 2601 1472 mulier
2639 1429 2799 1476 antea
2843 1425 3146 1494 perceperit
3190 1392 3334 1497 apud

75 1486 211 1554 πηγῇ
249 1485 542 1573 προτέρας
573 1491 958 1561 κεχωρηκυίας
989 1493 1088 1564 τὴν
1123 1496 1389 1568 σωτήριον
1416 1497 1639 1556 διδασκα

1764 1497 1970 1556 fontem
2008 1501 2177 1560 Jacob
2226 1505 2526 1562 salutarem
2578 1485 2900 1580 doctrinam,
2952 1485 3022 1570 ει.
3042 1485 3332 1589 reliquerit

75 1574 204 1640 λίαν,
251 1578 350 1631 καὶ
400 1568 829 1652 καταλιπούσης
865 1581 963 1654 τὴν
1000 1587 1404 1660 προειρημένην
1433 1591 1617 1661 ὑδρίαν

1762 1593 2074 1662 praedictam
2109 1595 2379 1666 bydriam.
2427 1600 2724 1656 invitatura
2770 1605 2931 1671 alios,
2973 1617 3031 1661 ut
3076 1568 3330 1670 similiter
3410 1617 3414 1620 ’

77 1676 208 1746 {ia-$9
251 1673 348 1726 τοῦ
405 1675 510 1727 καὶ
556 1676 778 1744 ἐτέρους
824 1678 919 1730 ἐπὶ
965 1679 1024 1732 τὸ
1073 1681 1272 1750 ὁμοίως
1305 1681 1639 1753 ὠφεληθῆναι

1752 1686 2021 1757 iuventur.
2042 1687 2185 1746 Sane
2210 1692 2509 1751 Heracleon
2538 1697 2925 1768 interpretatus
2949 1712 3051 1770 est,
3083 1725 3104 1758 ι
3139 1723 3205 1762 ex
3224 1725 3299 1765 ur

79 1763 537 1834 προκαλέσασθαι.
586 1766 646 1818 '0
664 1767 710 1818 δ’
741 1767 1046 1837 Ἡρακλέων
1074 1771 1133 1824 τὺ
1165 1771 1262 1840 μὲν
1296 1791 1314 1824 ι
1339 1772 1402 1826 ὲκ
1429 1776 1525 1846 τῆς
1551 1776 1639 1829 πό-

1752 1777 1833 1843 be,
1857 1797 1874 1830 ι
1906 1795 2026 1849 pro,
2051 1796 2082 1836 e
2108 1785 2312 1840 mundo
2337 1803 2349 1838 :
2379 1786 2506 1841 illud
2529 1763 2703 1853 vero;
2719 1807 2737 1841 ‹
2757 1800 2978 1861 propter
3003 1763 3309 1854 sermonem

76 1854 215 1916 λεως,
261 1873 280 1905 ι
322 1855 453 1907 ἀντὶ
496 1854 625 1916 τοῦ.
659 1858 722 1910 ἐκ
753 1858 847 1910 τοῦ
887 1859 1111 1930 κόσμου,
1146 1861 1426 1932 ἑξείληφε·
1463 1865 1525 1918 τὸ
1561 1866 1639 1933 δὲ1

1752 1870 2013 1937 mulieris,
2044 1891 2062 1925 ι
2087 1905 2158 1915 -
2188 1897 2208 1929 ‹
2240 1877 2343 1933 hoc
2371 1887 2472 1945 est,
2503 1879 2696 1951 inquit,
2726 1854 2946 1954 propter
2978 1887 3310 1956 spiritualem

81 1963 98 1994 ‹
125 1942 220 1996 Διά
239 1944 333 1997 τὸν
361 1944 528 2012 λόγον
549 1947 650 2014 τῆς
669 1949 941 2015 γυναικὸς,
971 1969 990 2001 ι
1009 1980 1078 1990 -
1098 1970 1118 2004 ι
1151 1953 1419 2020 τουτέστι,
1439 1955 1526 2009 διὰ
1545 1957 1639 2028 τῆς

1757 1961 2083 2031 Ecclesiam;
2122 1984 2141 2016 ι
2177 1968 2338 2040 264
2364 1942 2620 2043 notatqtie
2648 1942 2864 2040 illud,.r
2897 1942 3069 2039 multi.

78 2036 450 2104 πλευματικῇς
477 2036 830 2108 Ἐκκλησίαςο
868 2060 886 2093 ι
921 2043 1012 2096 καὶ
1040 2044 1200 2115 ὲπιση
1210 2045 1454 2114 μαίνεταί
1473 2064 1536 2116 γε
1559 2047 1639 2114 τὸ,

1754 2053 1906 2108 multi
1937 2053 2044 2111 sint
2070 2057 2328 2115 animales
2359 2081 2371 2116 :
2402 2078 2564 2118 unam
2593 2080 2724 2120 vero
2759 2075 3005 2122 naturam
3031 2068 3310 2126 electionis

25 2113 30 2124 ’
75 2127 322 2195 «πολλοὶ,
349 2149 369 2183 ι
406 2130 489 2194 ὡς
518 2130 738 2186 πολλῶν
780 2132 947 2187 ὄντων
995 2113 1269 2205 ψυχικῶν·
1309 2138 1408 2209 τὴν
1545 2141 1656 2214 (17)

73 2219 191 2287 μίαν
219 2219 374 2290 λέγει
401 2221 508 2292 τὴν
545 2222 832 2294 ἄφθαρτον
857 2225 958 2295 τῆς
983 2225 1212 2298 ἐκλογῆς
1232 2227 1413 2296 φύσιν,
1437 2233 1530 2286 καὶ
1562 2251 1659 2303 μου

71 2309 236 2380 νοειδῆ
261 2349 276 2372 ,
332 2312 434 2365 καὶ
491 2314 704 2384 ὲνικήν.
743 2315 1016 2387 Ἔστημεν
1043 2317 1100 2370 δὲ
1144 2320 1238 2372 καὶ
1269 2321 1427 2392 ἡμεῖς
1455 2323 1566 2394 (18)
1598 2325 1656 2379 ὲν

69 2404 167 2464 soi;
193 2403 484 2476 ἀνωτέρω,
512 2405 593 2468 ὼς
621 2400 734 2460 οἷόν
763 2424 822 2460 τε
857 2403 944 2478 ἦν,
975 2410 1112 2480 πρὸς
1144 2411 1337 2467 ταῦτα.

125 2492 217 2547 51.
260 2513 280 2546 ι
321 2495 415 2560 Ὡς
451 2491 551 2550 οὖν
587 2492 752 2580 ἦλθον
783 2499 918 2571 πρὸς
969 2502 1133 2556 αὐτὸν
1169 2504 1264 2558 καὶ
1292 2508 1341 2559 οἰ
1380 2508 1653 2580 Σαμαρεῖ-

67 2600 166 2648 ται,
201 2585 440 2657 ἠρώτων
473 2579 866 2661 αὐτόν’μείναι
902 2596 1030 2666 παρ’
1062 2595 1244 2660 αὐτοῖς
1269 2614 1280 2629 ·
1315 2600 1409 2652 καὶ
1441 2599 1654 2671 ἔμεινεν

68 2675 172 2729 ἐκεῖ
200 2677 295 2731 δύο
326 2679 577 2752 ἡμέρας·
613 2683 709 2735 καὶ⁸
747 2685 926 2756 πολλῷ
965 2687 1183 2752 πλείους
1211 2690 1537 2746 ἐπίστευσαν
1564 2693 1653 2748 διὰ

66 2769 147 2822 τὴν
172 2769 332 2840 λόγον
367 2772 602 2827 αὐτοῦ.»
626 2775 740 2828 Ούκ
766 2776 1044 2843 ἀπιθάνως
1077 2799 1161 2845 τις
1195 2782 1521 2855 συγκρούσει
1551 2786 1612 2838 τό
1633 2801 1648 2818 ο

72 2880 88 2913 t
117 2864 210 2928 Εἰς
252 2865 374 2921 ὁδὸν
403 2867 589 2922 ἐθνῶν
618 2869 696 2941 μὴ
721 2871 1014 2944 ἀπέλθητε,
1050 2875 1146 2929 καὶ
1174 2878 1254 2941 εἰς
1284 2878 1440 2931 πόλιν
1469 2880 1652 2950 Σαμα-

67 2951 250 3018 ρειτῶν
281 2954 358 3027 μὴ
394 2956 710 3028 εἰσέλθητε,
751 2977 770 3012 ι
814 2959 891 3031 τῷ
914 2962 1062 3034 ῥητῷ
1084 2965 1277 3037 τούτῳ.
1328 2968 1650 3040 Ἐρωτηθεὶς

65 3043 159 3111 γὰρ
191 3045 223 3096 ό
263 3045 466 3117 Σωτὴρ
505 3050 693 3118 μεῖναι
721 3051 872 3121 παρά
909 3056 1021 3118 τοῖς
1053 3056 1450 3129 Σαμαρείταις,
1501 3059 1648 3133 ἔμει-

66 3150 140 3185 νεν
167 3136 285 3190 ἐκεῖ
303 3137 400 3190 δύο
430 3139 678 3212 ἡμέρας,
709 3144 738 3194 ό
771 3143 967 3242 εἰπών·
1001 3165 1019 3197 ι
1058 3148 1152 3212 Εἰς
1193 3149 1345 3204 πόλιν
1373 3151 1646 3225 Σαμαρει-
1671 3183 1714 3242 c

65 3222 158 3276 τῶν
185 3225 264 3294 μὴ
291 3227 609 3300 εἰσέλθητε·
642 3247 662 3281 ι
697 3230 852 3302 δῆλον
881 3228 994 3297 οὖν,
1052 3238 1131 3289 ὅτι
1170 3238 1264 3291 καὶ
1302 3239 1354 3290 οἱ
1407 3222 1646 3312 μαθηταὶ

65 3314 216 3368 αὑτοῦ
251 3319 810 3390 συνεισεληλύθεισαν
842 3323 953 3396 (19)
989 3326 1156 3398 αὐτῷ.
1183 3330 1416 3384 Λεκτέον
1436 3333 1492 3386 δὲ
1514 3335 1651 3406 πρὸς

62 3409 228 3478 τοῦτο,
257 3413 340 3466 ὅτι
393 3413 463 3466 τὸ
508 3415 618 3485 μὲν
671 3417 750 3479 εἰς
801 3419 920 3472 ὁδὸν
975 3421 1146 3476 ἐθνῶν
1195 3423 1450 3478 ἀπελθεῖν
1501 3427 1648 3480 ἐστιν

62 3500 335 3558 ἀναλαεεῖν
362 3522 420 3558 τι
450 3506 644 3576 δόγμα
681 3507 912 3576 ὲθνικὸν,
968 3512 1244 3585 ἀλλότριον
1283 3516 1377 3568 τοῦ
1433 3517 1648 3589 Ἰσραὴλ

61 3593 142 3645 τοῦ
170 3595 328 3662 Θεοῦ,
355 3599 460 3653 καὶ⁹
491 3599 718 3654 ὁδεῦσαι
743 3605 862 3656 κατ’
883 3604 1034 3657 αὐτό·
1057 3604 1122 3658 τὸ
1149 3605 1206 3660 δὲ
1234 3609 1312 3671 εἰς
1357 3608 1511 3663 πόλιν
1533 3612 1647 3664 εἰσ-

62 3682 219 3739 ελθεῖν
258 3688 662 3760 Σαμαρειτῶν,
699 3691 760 3745 τὺ
801 3692 859 3746 έν
884 3710 990 3749 τινι
1024 3695 1279 3764 γενέσθαι
1308 3697 1644 3773 ψευδωνύμῳ

61 3777 244 3843 γνώσει
279 3780 395 3834 τῶν
437 3781 720 3850 λεγόντων
767 3789 1047 3855 νομικοῖς,
1090 3786 1123 3858 ἢ
1169 3795 1554 3860 προφητικοῖς,
1606 3794 1639 3864 ἢ

61 3870 425 3940 εύαγγελικοῖς
453 3913 471 3939 ,
537 3873 577 3944 ἢ
652 3875 1026 3940 ἀποστολικοῖς
1093 3881 1380 3952 προσέχειν
1433 3883 1638 3953 λόγοις

59 3958 218 4022 ἔξεστι
265 3963 325 4017 δὲ
361 3963 792 4019 καταλιπόντων
848 3967 1203 4039 Σαμαρειτῶν
1239 3972 1336 4043 τὴν
1376 3975 1511 4030 ἰδίαν
1545 3977 1641 4030 πό-

59 4046 165 4114 λιν,
195 4055 287 4106 καὶ
326 4054 613 4107 ἐλθόντων
653 4055 789 4127 πρὸς
827 4057 918 4111 τδν
969 4059 1174 4130 Ἰησοῦν
1209 4063 1361 4136 παρά
1389 4065 1488 4136 τὴν
1527 4066 1637 4140 (20)

57 4139 141 4192 τοῦ
181 4143 372 4197 Ἰακὼϐ
434 4144 674 4216 πηγὴν,
715 4146 1118 4218 ἀποδεξάμενον
1173 4152 1272 4223 τὴν
1321 4139 1639 4226 προαίρεσιν

59 4231 155 4282 τῶν
198 4237 631 4290 πιστευσάντων
684 4238 776 4291 τὸν
831 4241 1058 4310 Ἰησοῦν,
1109 4246 1286 4313 μεῖναι
1335 4245 1486 4312 παρά
1526 4250 1639 4312 τοῖς

59 4324 407 4398 ἐρωτήσασινο
433 4325 599 4400 οἶμαι
624 4329 670 4382 δ’
697 4333 778 4384 ὅτι
795 4335 1329 4406 παρατετηρημένως
1347 4338 1638 4410 ὁἸωάννης

55 4417 108 4466 οὔ
139 4422 406 4493 πεποίηκε
437 4423 538 4475 τό·
577 4441 598 4473 ι
653 4422 906 4495 ’Πρώτων
951 4425 1114 4479 αὐτὸν
1145 4445 1163 4478 ι
1207 4429 1256 4479 οἱ
1302 4429 1635 4501 Σαμαρεῖται

1757 2141 1958 2197 asserit
1987 2158 2108 2200 esse
2137 2146 2534 2217 incorruptam,
2571 2159 2626 2204 et
2661 2149 3008 2219 uniformem,
3047 2161 3100 2208 et
3139 2153 3326 2223 singu-

1757 2234 1969 2290 larem:
2007 2237 2205 2305 quibus
2253 2247 2310 2295 et
2350 2255 2450 2297 nos
2495 2240 2792 2299 institimus
2836 2244 2892 2298 in
2951 2246 3321 2315 superioribus

1755 2340 1854 2396 pro
1893 2327 2056 2382 virili.

1825 2505 1913 2560 5|.
1961 2523 1980 2557 ι
2017 2505 2085 2562 Ut
2119 2522 2248 2578 ergo
2275 2519 2542 2564 venerunt
2580 2510 2646 2565 ad
2689 2526 2812 2567 eum
2845 2511 3200 2581 Samaritani,
3231 2533 3324 2574 ro-

1755 2597 1958 2668 gabant
1984 2612 2134 2664 eum,
2165 2608 2225 2654 ut
2247 2601 2387 2670 apud
2417 2601 2567 2672 ipsos
2591 2612 2871 2659 maneret:
2904 2613 2957 2659 et
2984 2607 3186 2662 mansit
3210 2608 3322 2664 illic

1753 2688 1889 2744 duos
1919 2689 2036 2744 dies
2087 2708 2100 2743 :
2145 2698 2201 2745 et
2251 2694 2421 2746 multo
2469 2693 2650 2762 plures
2702 2695 3048 2751 crediderunt
3097 2709 3320 2770 propter

1751 2795 2058 2837 sermonem
2088 2797 2242 2837 suum
2266 2781 2332 2836 ³¹.
2374 2801 2393 2835 ι
2423 2781 2538 2839 Νοη
2571 2785 2764 2841 inscite
2793 2789 2912 2857 quis
2944 2788 3186 2846 conferet
3214 2792 3319 2848 hoc

1750 2872 1953 2928 dictum
1987 2891 2001 2927 :
2039 2890 2059 2924 ι
2095 2873 2152 2928 In
2183 2873 2324 2928 viam
2353 2875 2592 2944 gentium
2642 2890 2711 2930 ne
2742 2878 3015 2944 abieritis,
3049 2889 3104 2935 et
3140 2883 3192 2935 in
3237 2883 3318 2938 εὶς

1749 2969 1972 3022 vitatem
2003 2965 2474 3022 Samaritanorum
2504 2983 2608 3023 non
2639 2968 3018 3038 ingrediemini
3049 2972 3112 3040 ³³,
3143 2991 3163 3025 ι
3189 2989 3314 3030 cum

1751 3059 1854 3115 hoc
1879 3069 2158 3115 contextu.
2188 3059 2430 3130 Rogatus
2477 3062 2621 3117 enim
2667 3061 2931 3118 Servator
2971 3073 3026 3119 ut
3068 3076 3316 3123 maneret

1749 3154 1892 3224 apud
1949 3153 2361 3220 Samaritanos,
2412 3156 2615 3210 mansit
2661 3156 2770 3212 illic
2817 3157 2950 3214 duos
3001 3159 3158 3224 dles,
3218 3160 3313 3231 qui

1754 3243 2004 3298 dixerat:
2042 3261 2060 3294 ‹
2095 3242 2151 3298 ln
2173 3243 2446 3299 civitatem
2475 3243 2942 3302 Samaritanorum
2992 3265 3100 3304 non
3133 3251 3315 3322 ingre-

1749 3334 1973 3390 diemini
2023 3349 2040 3399 ;
2086 3351 2106 3386 ι
2151 3335 2296 3389 unde
2344 3335 2688 3404 perspicuum
2728 3351 2813 3392 est
2863 3338 3158 3410 discipulos
3197 3341 3315 3410 ejus

1747 3441 1870 3481 cum
1922 3426 2038 3496 ipso
2083 3426 2139 3481 itt
2183 3426 2460 3482 civitatem
2512 3428 2791 3498 ingressos
2831 3446 2936 3485 non
2991 3431 3180 3488 fuisse.
3230 3434 3313 3489 Ad

1745 3518 1886 3588 quod
1917 3517 2204 3574 dicendum
2249 3528 2332 3573 est
2373 3518 2515 3587 quod
2561 3520 2640 3573 ire
2689 3520 2741 3575 in
2776 3521 2919 3575 viam
2946 3524 3210 3590 gentium,
3242 3525 3315 3580 sit

1746 3610 1991 3679 recipere
2009 3609 2228 3679 aliquod
2250 3610 2446 3680 dogma
2477 3611 2697 3682 gentile,
2739 3613 2979 3668 alienum
3010 3617 3080 3671 ab
3113 3616 3312 3674 lsraele

1744 3699 1862 3768 Dei,
1889 3713 1944 3756 et
1967 3702 2252 3758 ambulare
2293 3703 2345 3756 in
2376 3702 2495 3765 illo;
2538 3703 2743 3772 ingredi
2782 3719 2914 3760 vero
2947 3705 2999 3760 in
3034 3707 3309 3764 civitatem

1742 3790 2237 3858 Samaritanorum,
2283 3794 2356 3848 sit
2381 3793 2658 3847 adhaerere
2688 3793 2848 3849 alicui
2892 3800 3136 3855 scientia:
3174 3800 3311 3856 falso

1742 3883 2065 3948 nominatae,
2100 3897 2292 3938 eorum
2329 3883 2420 3953 qui
2454 3897 2514 3938 se
2546 3885 2734 3938 dicunt
2777 3887 3038 3944 adhibere
3067 3901 3309 3946 mentem

1740 3972 2032 4041 legalibus,
2061 3975 2146 4028 vel
2179 3975 2530 4044 prepheticis,
2563 3978 2646 4032 vel
2686 3979 3033 4049 evangelicis,
3067 3981 3150 4036 vel
3180 3997 3310 4051 apo.

1739 4065 1946 4120 stolicis
1971 4066 2332 4122 sermonibus.
2371 4066 2822 4138 Relinquentibus
2851 4079 3032 4126 autem
3059 4071 3307 4128 Samari-

1739 4157 1884 4212 tanis
1933 4158 2211 4226 propriam
2267 4159 2479 4224 urbem,
2522 4169 2578 4215 et
2630 4161 2974 4219 venientibus
3021 4165 3088 4219 ad
3119 4163 3305 4220 .lesum

1739 4248 1880 4317 apud
1912 4248 2111 4304 fontem
2146 4245 2350 4316 Jacob,
2393 4249 2518 4306 licet
2562 4249 2714 4319 Jesu,
2759 4254 3068 4310 adtnittenti
3113 4270 3306 4311 eorum

1738 4339 1829 4408 qui
1891 4340 2237 4396 crediderant
2281 4345 2641 4414 propositum,
2696 4360 2918 4403 manere
2963 4348 3108 4416 apud
3159 4349 3305 4418 ipsos

1740 4440 2017 4507 rogantes.
2061 4432 2416 4503 Arbitrorque
2461 4434 2725 4493 Joannem
2777 4453 2900 4494 cum
2946 4439 3153 4508 judicio
3196 4455 3306 4496 non

54 4507 300 4562 εἰσελθεῖν
331 4513 416 4574 εἰς
447 4510 555 4583 τὴν
587 4511 920 4584 Σαμάρειαν,
957 4514 990 4586 ἢ
1024 4515 1280 4570 εἰσελθεῖν
1310 4517 1417 4589 (21)
1436 4521 1514 4582 εἰς
1537 4519 1636 4592 τὴν

1752 4523 2007 4591 posuisse,
2045 4542 2063 4575 ι
2097 4528 2363 4594 rogabant
2389 4543 2511 4582 eum
2565 4547 2585 4582 υ
2634 4529 2970 4585 Samaritani
3018 4539 3078 4585 ut
3113 4531 3306 4586 Sama-

55 4598 196 4651 πόλιν
221 4641 235 4664 ,
278 4603 421 4656 ἀλλὰ
475 4623 495 4655 ι
533 4607 717 4674 μεῖναι
756 4605 886 4676 παρ’
920 4606 1117 4670 αὐτοῖς’
1147 4627 1165 4658 ι
1197 4609 1256 4661 οὐ
1289 4608 1396 4681 γάρ
1441 4613 1634 4666 ταυτόν

55 4689 161 4743 ἐστι
193 4695 271 4760 τὸ,
308 4693 501 4766 μεῖναι
536 4697 694 4768 παρά
724 4696 806 4767 τῷ
839 4697 1177 4768 πιστεύοντι,
1221 4695 1314 4754 καὶ
1346 4701 1428 4764 τὸ,
1456 4703 1631 4756 εἰσελ-

54 4779 156 4834 θεῖν
191 4786 268 4850 εἰς
465 4787 629 4842 πόλιν
681 4788 870 4842 αὐτοῦ.
905 4792 1015 4844 Καὶ
1042 4792 1102 4845 τὸ
1134 4790 1258 4863 ἑξῆς
1288 4793 1343 4845 δὲ
1371 4792 1431 4846 οῦ
1462 4813 1594 4866 φησι
1618 4814 1630 4827 ο

116 4920 158 4950 ³³
185 4917 344 4976 Joan.
381 4937 462 4987 tv.
494 4921 593 4987 40,
622 4922 712 4980 41.
791 4923 836 4956 ³³
858 4923 1048 4981 Matth.
1075 4924 1200 4988 x,5.
1305 4990 1307 4992 η

115 5041 224 5116 (16)
250 5041 438 5099 Codex
472 5043 823 5116 Bodleiantts,
846 5047 941 5098 καὶ
981 5044 1286 5116 ἐξελθόντες
1318 5046 1488 5116 αὐτῆς
1545 5049 1625 5111 εἰς

53 5114 197 5164 κενόν
241 5131 361 5176 πως
413 5113 764 5177 πιστεύουσι,
799 5117 983 5183 sicque
1023 5115 1151 5182 legit
1185 5113 1491 5179 Ferrarius,
1533 5119 1628 5170 sed

52 5184 265 5238 Otmllﬂo
289 5183 587 5238 retinenda
618 5195 702 5238 est
727 5185 885 5238 codd.
919 5185 1067 5255 Regii
1091 5195 1147 5238 ct
1179 5183 1458 5239 Barberini
1494 5187 1630 5240 scri-

84 5263 219 5304 tura.

51 5266 227 5391 flii?)
272 5323 367 5388 Ὡς
396 5319 660 5379 πολλῶν
687 5321 878 5375 ὄντων
899 5322 1178 5391 ψυχικῶν
1196 5338 1210 5353 ο
1240 5323 1358 5391 τὴν
1399 5323 1488 5387 δέ,
1519 5331 1626 5378 etc.

51 5388 164 5443 Tria
196 5391 486 5446 hominum
514 5405 784 5461 generaa
817 5388 1103 5461 Valentino
1133 5388 1427 5446 constituta
1455 5408 1623 5461 supra

49 5462 478 5534 Qbservavirnus.
511 5460 644 5534 Haec
667 5459 895 5531 ἐκλογῆς
927 5459 1084 5529 φύσις
1106 5461 1400 5534 ἀφθαρτος,
1426 5459 1630 5534 μονοει-

47 5529 150 5596 ὃὴς,
191 5533 288 5583 καὶ
324 5531 510 5600 ἑνικὴ,
543 5531 668 5595 ipsa
694 5540 778 5584 est
805 5529 1186 5600 πνευματικῶν
1215 5529 1490 5586 hominum
1534 5547 1628 5586 na-

51 5609 178 5669 tura,
209 5614 345 5667 quos
370 5614 427 5656 et
459 5600 766 5669 σπέρματα
795 5600 1020 5669 ἐκλογῆς
1050 5617 1079 5654 a
1115 5601 1506 5656 Valentiniant‘s
1529 5617 1627 5669 ap-

50 5667 172 5730 pella
184 5671 438 5740 riiscribit
454 5667 704 5724 Ινειίεέιιε
719 5671 858 5736 apud
884 5667 1240 5740 Epiphanium
1261 5672 1452 5726 ltinres.
1474 5667 1622 5738 xxxi,

47 5749 152 5804 cap.
178 5739 272 5792 21.
311 5739 589 5796 Hne'rtus.

107 5807 226 5877 (18)
253 5811 363 5865 Kal
405 5807 616 5881 ἡμεῖς.
679 5805 843 5865 Deest
880 5808 932 5864 in
986 5808 1152 5880 Regio
1204 5819 1256 5868 et
1300 5808 1618 5877 Barberino,

1742 4614 1878 4668 riam
1910 4615 2312 4685 ingrederetur,
2342 4619 2451 4685 vel,
2504 4627 2562 4674 ut
2595 4620 2974 4691 ingrederetur
3012 4623 3067 4676 in
3110 4622 3305 4678 civita-

1740 4713 1872 4772 tein,
1901 4707 2015 4773 sed,
2053 4727 2072 4760 ‹
2113 4717 2170 4762 ut
2196 4721 2442 4766 maneret
2463 4712 2608 4781 apud
2657 4712 2808 4782 ipsos
2854 4728 2872 4776 ;
2927 4731 2950 4767 ο
3000 4728 3104 4768 non
3157 4713 3302 4766 enim

1747 4799 1888 4852 idem
1923 4809 2009 4855 est
2043 4813 2263 4857 manere
2294 4803 2431 4872 apud
2459 4804 2794 4870 credentem,
2821 4815 2876 4859 et
2902 4805 3104 4874 ingredi
3141 4803 3194 4857 in
3220 4802 3303 4857 ci-

1738 5051 1832 5122 sed
1879 5051 2074 5122 legitur
2101 5051 2155 5105 in
2188 5051 2503 5107 Bodleiano.

1811 5116 2618 5203 (19):LLvrswg—zlnxdﬁswqir.
2668 5116 2914 5203 ιῙξῐεξεειῐιίίῑ
2947 5120 3293 5203 ¹ριιιξεὶιειξίιρηι

1738 5186 1959 5268 apponit
1993 5186 2304 5268 Ferrarius,
2332 5200 2387 5268 et
2423 5190 2634 5268 merito:
2668 5186 2836 5268 secus
2863 5186 3021 5244 codd.
3049 5188 3297 5247 Bodleia-

1737 5257 1862 5322 nus,
1889 5260 2107 5328 Regius,
2142 5259 2470 5314 Barberinus
2505 5269 2560 5328 et
2597 5257 2900 5312 Perionius.
3181 5273 3186 5278 '

1805 5329 1917 5400 (το)
1943 5327 2110 5400 Codd.
2164 5329 2365 5400 Regius
2399 5337 2463 5400 Aet
2501 5327 2849 5400 Barberinus,
2889 5329 2982 5400 καὶ
3007 5328 3294 5400 ’ἐλθόντων

1735 5397 2003 5470 πρδς⁷τὸν
2036 5397 2244 5470 Ἰησοῦν
2273 5397 2423 5470 παρά
2463 5397 2582 5470 τήν,
2613 5401 2855 5470 etc.;_sed
2895 5399 2947 5452 itt
3002 5397 3294 5454 Bodleiano

1735 5465 1843 5523 non
1872 5468 2066 5538 legitur
2091 5465 2226 5539 πρὸς
2248 5467 2338 5521 τὸν
2358 5465 2606 5538 Ἴησοῦν,
2635 5467 2773 5534 quod
2796 5469 2988 5525 abesse
3020 5477 3196 5538 potest
3221 5470 3295 5523 si-

1735 5554 1803 5593 ne
1830 5538 1939 5592 ullo
1964 5553 2154 5592 sensus
2175 5539 2523 5590 detrimento.

1807 5607 1918 5677 (21)
1943 5607 2120 5677 Codex
2136 5607 2496 5677 _Bodleianus,_
2523 5605 2571 5677 fi)
2603 5605 2862 5660 εἰσελθεῖν
2883 5620 2897 5634 ·
2924 5605 3125 5677 Regius
3153 5607 3288 5677 orni-

1733 5675 1907 5747 δίιῆ,
1931 5676 2088 5730 male.
2134 5675 2304 5747 Paulo
2332 5683 2452 5747 post
2484 5675 2624 5732 idem
2654 5677 2825 5735 codex
2864 5675 3207 5744 Bodleianus,
3233 5675 3295 5730 τὺ

1733 5745 1933 5816 μεῖναι,
1971 5747 2194 5818 Regius,
2216 5745 2309 5800 τοῦ
2341 5746 2543 5817 μεῖναι.
