3826 6544
567 371 673 428 ιοδ

2049 381 2369 438 ()RIGENIS

3671 399 3764 453 496

566 490 790 546 vitalem
845 489 1032 560 ipsius.
1081 488 1220 558 Quin
1268 490 1434 548 lectio
1492 505 1728 562 sequens
1790 510 1892 549 non
1961 497 2128 567 inquil

2242 503 2351 558 Kal.
2382 501 2593 573 ἔμεινεν
2641 501 2702 557 ἐν
2741 506 2807 578 τῇ
2843 505 2996 560 πόλει
3031 509 3210 583 ἐκείνῃ
3249 529 3268 562 ι
3305 511 3397 566 δύο
3429 514 3636 585 ἡμέρας,
3665 535 3681 570 ι
3712 519 3760 588 ἢ,

568 580 834 636 mansisse
886 595 1009 636 eum
1061 581 1115 636 in
1162 582 1382 638 civitate
1430 583 1522 640 illa
1576 603 1596 638 ι
1640 588 1776 642 duos
1813 588 1946 654 dies,
1987 608 2005 641 ι
2048 591 2136 646 vel

565 673 708 742 quod
737 674 998 728 manserit
1026 674 1078 729 in
1113 675 1385 742 Samaria,
1411 679 1508 734 sed
1535 697 1554 730 ι
1589 680 1791 735 mansit
1820 679 1959 746 illic,
1986 701 2004 732 ι
2035 681 2136 739 hoc

563 776 669 830 est,
726 781 891 836 penes
940 782 1036 824 eos
1094 769 1186 836 qui
1236 780 1515 842 ragarant.
1562 771 1745 828 Manet
1791 774 1937 828 enim
1979 773 2136 832 Jesns

566 858 706 926 apud
745 872 840 912 eos
891 859 982 928 qui
1035 869 1246 931 rogant,
1293 873 1347 915 et
1391 861 1662 931 praecipue
1713 877 1836 916 cum
1880 873 2135 931 rogantes

563 963 687 1004 eum
719 949 1069 1020 egrediuntur
1102 967 1167 1005 ex
1199 952 1332 1005 urbe
1357 965 1478 1016 sua,
1511 961 1565 1006 et
1597 953 1824 1006 veniunt
1853 953 1919 1006 ad
1954 953 2132 1022 ipsum

564 1041 770 1109 Jesum,
815 1042 1093 1096 Abraham
1138 1042 1304 1097 veluti
1351 1043 1548 1098 imitati
1592 1054 1873 1113 parentem
1905 1044 2014 1099 Deo
2054 1045 2137 1100 di-

564 1132 748 1186 centi:
803 1151 823 1184 ι
855 1132 1119 1201 Egredere
1146 1135 1211 1187 de
1241 1143 1381 1186 terra
1421 1143 1534 1198 tua,
1591 1119 1758 1190 etde
1807 1137 2132 1204 cognatione

565 1231 678 1288 tua,
715 1234 768 1277 et
793 1225 858 1278 de
894 1226 1054 1278 domo
1079 1225 1248 1293 patris
1279 1227 1352 1280 tui
1385 1225 1450 1279 “.
1491 1246 1510 1279 ι
1547 1227 1744 1282 Mansit
1772 1238 1951 1283 autem
1998 1229 2133 1285 duos

563 1316 680 1371 dies
703 1331 868 1384 penes
899 1333 994 1372 eos
1042 1333 1071 1370 a
1127 1318 1322 1388 quibus
1351 1330 1573 1390 rogatus
1624 1321 1802 1376 fuerat
1843 1338 1857 1376 :
1895 1323 2130 1376 nondum

473 1465 476 1468 ί
562 1407 704 1462 enim
734 1409 1020 1478 capiebant
1052 1411 1266 1465 tertium
1302 1411 1448 1466 illius
1479 1413 1644 1478 diem,
1676 1413 1934 1482 quoniam
1965 1415 2134 1470 mira-

559 1499 806 1554 culosum
833 1502 1035 1572 aliquid
1060 1518 1255 1572 capere
1288 1519 1395 1560 non
1428 1513 1698 1573 poterant,
1724 1503 1948 1576 perinde
1971 1514 2133 1576 atque

558 1597 811 1651 concives
845 1596 1006 1652 Cana:
1040 1597 1278 1653 Galilzraa
1325 1601 1482 1655 tertia
1550 1602 1638 1656 die
1688 1615 1810 1656 cum
1860 1599 1987 1656 Jesu
2019 1613 2132 1656 cm.

558 1697 754 1742 nantes
803 1688 854 1741 in
906 1691 1129 1758 nuptiis.
1176 1688 1340 1761 265
1387 1692 1722 1763 Principium
1773 1694 1941 1761 igitur
1986 1694 2131 1763 quod

559 1778 712 1832 multi
743 1781 1091 1836 crediderunt
1117 1797 1184 1837 ex
1219 1782 1492 1848 Samaria,
1522 1799 1702 1840 sermo
1744 1783 1850 1839 fuit
1885 1784 2131 1840 mulieris

2201 618 2204 621 -
2242 593 2492 663 Ἐμεινεν
2523 595 2582 648 ἐν
2607 597 2672 668 τῇ
2707 597 3008 670 Σαμαρείᾳ,
3036 600 3149 654 ἀλλ’
3187 621 3206 654 ι
3235 602 3450 673 ἔμεινεν
3477 593 3595 671 ἐκεί,
3620 625 3636 658 ι
3656 624 3763 660 του-

2236 683 2384 737 τέστι
2443 685 2596 756 παρὰ
2639 690 2752 752 τοῖς
2797 691 3128 762 ἐρωτήσασι.
3179 694 3346 747 Μένει
3393 695 3500 767 γὰρ
3529 698 3554 749 6
3587 699 3764 770 Ἰησοῦς

2236 775 2387 846 παρὰ
2427 780 2538 840 τοῖς
2573 778 2896 851 ἐρωτήσασι,
2927 781 3018 834 καὶ
3050 783 3281 853 μάλιστα
3311 785 3398 839 ὅτε
3427 789 3475 840 οί
3501 789 3766 859 ἐρωτῶντες

2233 867 2396 920 αὐτὸν
2437 867 2745 939 ἐξέρχονται
2796 872 2896 942 τῆς
2950 873 3156 939 πόλεως
3203 877 3401 942 αὐτῶν,
3438 880 3527 932 καὶ
3554 880 3766 954 ἔρχονται

2236 955 2372 1026 πρὸς
2405 957 2567 1010 αὐτὸν
2599 959 2805 1029 Ἰησοῦν
2859 961 2972 1032 (22)
3001 1002 3017 1029 ,
3070 966 3235 1019 οἱονεὶ
3293 969 3640 1040 μιμησάμενοι
3689 971 3766 1024 τοι

2247 1045 2516 1117 Ἀϐραὰμ,
2549 1048 2834 1103 πεισθέντα
2869 1051 2948 1123 τῷ
2997 1054 3204 1109 εἰπόντι
3233 1056 3380 1128 Θεῷ·
3420 1078 3439 1110 ι
3479 1059 3674 1124 Ἔξελθε
3712 1064 3769 1115 ἐκ

2233 1135 2335 1205 τῆς
2367 1137 2472 1208 γῆς
2507 1155 2620 1202 σου,
2652 1140 2746 1194 καὶ
2775 1142 2839 1195 ἐκ
2875 1143 2974 1214 τῆς
3000 1147 3318 1214 συγγενείας
3348 1165 3464 1213 σου,
3496 1151 3581 1204 καὶ
3606 1151 3662 1204 ἐκ
3688 1155 3768 1206 τοῦ

2233 1226 2384 1279 οῐκου
2411 1226 2504 1280 τοῦ
2537 1230 2743 1301 πατρός
2777 1248 2893 1286 σου.
2928 1252 2946 1285 ι
2981 1233 3084 1286 Δύο
3113 1234 3168 1288 δὲ
3201 1237 3414 1308 ἡμέρας
3461 1240 3599 1310 μένει
3641 1245 3769 1312 παρὰ

2233 1321 2344 1382 τοῖς
2393 1320 2729 1392 ἐρωτήσασιν
2761 1324 2943 1377 αὐτόν’
2996 1323 3207 1380 οὐδέπω
3253 1328 3364 1401 γὰρ
3419 1329 3641 1402 ἐχώρουν
3690 1335 3771 1387 καὶ

2231 1408 2329 1480 τὴν
2360 1410 2550 1483 τρίτην
2571 1412 2735 1466 αὐτοῦ
2760 1414 2992 1486 ἡμέραν,
3023 1417 3144 1471 ἐπεὶ⁵
3167 1419 3264 1490 οὐχ
3291 1414 3394 1473 οἷοί
3425 1438 3483 1474 τε
3521 1417 3649 1494 ἦσαν
3677 1443 3770 1494 χω-

2234 1503 2400 1573 ρῆσαι
2428 1522 2481 1556 τι
2507 1507 2808 1576 τεράστιον,
2834 1511 3014 1563 όποτον
3043 1512 3092 1564 οἱ
3122 1513 3180 1564 ἐν
3218 1507 3372 1583 Κανᾷ
3399 1515 3496 1586 τῆς
3515 1516 3770 1582 Γαλιλαίας

2231 1597 2298 1666 τῇ
2340 1597 2522 1669 ἡμέρα
2553 1601 2618 1670 τῇ
2657 1599 2815 1672 τρίτῃ
2853 1603 3289 1668 συνδειπνοῦντες
3319 1607 3397 1677 τῷ
3430 1609 3594 1678 Ἰησοῦ
3629 1611 3680 1663 ἐν
3706 1611 3771 1680 τῷ

2233 1687 2415 1758 γάμῳ.
2461 1689 2527 1743 Ἦ
2561 1689 2661 1761 μὲν
2701 1687 2792 1745 οὖν
2836 1691 2977 1766 ἀρχὴ
3029 1695 3138 1748 τῶν
3189 1697 3296 1750 ἀπὸ
3347 1698 3449 1769 τῆς
3494 1701 3773 1773 Σαμαρείας

2233 1781 2595 1837 πιστευόντων
2643 1783 2852 1840 πολλῶν
2882 1781 2954 1857 ἦν
2986 1788 3014 1840 6
3046 1787 3199 1856 λόγος
3229 1790 3328 1860 τῆς
3367 1793 3618 1858 γυναικὸς
3651 1810 3769 1863 μαρ-

552 1872 911 1928 testiﬁcantis
943 1875 1148 1930 dixisse
1192 1877 1295 1932 sibi
1345 1877 1529 1932 Jesum
1564 1879 1747 1934 omn-ia
1796 1893 2128 1948 quaecunque

2231 1871 2497 1944 τυρούσης
2523 1873 2631 1928 ὅτι(
2649 1869 2783 1928 Εῐπέ
2827 1893 2918 1946 μοι
2949 1877 3124 1930 πάντα
3154 1878 3190 1932 6.
3218 1880 3468 1950 ἐποίησα·
3487 1883 3609 1954 iniit
3637 1883 3774 1952 αὔξη-

558 1963 814 2032 fecisset;
848 1964 1247 2022 incrementum
1278 1983 1408 2025 vero
1439 1979 1492 2024 et
1527 1969 1908 2038 multiplicatio
1937 1985 2126 2026 eorum

557 2057 650 2126 qui
683 2055 850 2114 multo
887 2059 1068 2129 plures
1104 2061 1476 2125 crediderunt,
1510 2076 1616 2116 non
1652 2063 1882 2133 amplius
1909 2070 2133 2132 propter

557 2163 865 2205 sermonem
909 2153 1192 2218 mulieris,
1241 2155 1336 2208 sed
1376 2163 1596 2224 prepter
1639 2169 1943 2209 sermonem
1976 2152 2127 2222 eius;

540 2241 700 2309 quod
753 2257 861 2296 nou
909 2257 1064 2310 aeque
1123 2244 1238 2312 ipse
1299 2243 1534 2308 Sermo,
1589 2243 1730 2316 [seu
1770 2243 1941 2299 Filius
1993 2240 2129 2318 Dei]

559 2340 911 2400 agnoscatur,
940 2347 1060 2386 cum
1099 2334 1294 2402 aliquis
1323 2335 1388 2388 de
1428 2334 1547 2404 ipso
1579 2334 1927 2398 testificatur,
1967 2343 2128 2404 atque

558 2435 679 2474 cum
717 2421 830 2489 ipse
857 2437 886 2476 a
915 2438 974 2478 se
1009 2423 1125 2492 ipso
1153 2425 1390 2479 illustrat
1436 2436 1491 2479 et
1536 2425 1716 2480 erudit
1746 2426 2130 2493 percipientem

559 2512 910 2581 discipulum.
949 2514 1017 2568 At
1045 2514 1345 2570 Ileracleon
1377 2517 1429 2570 in
1455 2517 1572 2571 haec
1603 2516 1720 2571 loca
1765 2518 1881 2572 haec
1913 2517 2125 2588 inquit:

565 2625 585 2657 ι
610 2606 764 2669 Apud
782 2607 921 2675 ipsos
945 2607 1165 2671 mansit,
1191 2617 1245 2662 et
1269 2624 1373 2662 non
1403 2609 1455 2663 in
1480 2609 1641 2678 ipsis;
1666 2618 1721 2663 et
1746 2609 1876 2662 duos
1893 2609 2025 2670 dies.
2052 2609 2131 2662 vi-

559 2696 753 2750 delicet
805 2695 887 2750 vel
929 2712 1166 2765 praesens
1198 2700 1492 2762 Saeculum,
1533 2709 1588 2755 et
1621 2701 1860 2753 futurum
1917 2712 2128 2769 tempus

559 2787 893 2855 nuptiarum,
939 2790 1023 2842 vel
1079 2799 1294 2858 tempus
1338 2802 1466 2846 ante
1511 2793 1819 2860 passionem
1855 2809 2031 2858 suam,
2074 2805 2130 2850 et

554 2886 676 2945 post
707 2879 1014 2946 passionem
1039 2896 1193 2934 suam
1221 2901 1234 2936 :
1261 2882 1403 2951 quod
1433 2891 1643 2951 tempus
1671 2886 1813 2954 apud
1836 2885 1981 2954 ipsos
2003 2901 2126 2940 cum

554 2969 822 3038 (legisset,
853 2980 907 3023 et
937 2971 1108 3024 multo
1135 2971 1319 3040 plures
1357 2973 1575 3041 proprio
1607 2988 1858 3029 sermone
1895 2987 2128 3030 conver-

555 3062 710 3116 tisset
751 3061 817 3115 ad
855 3061 1037 3123 ﬁdem,
1071 3073 1357 3130 separatus
1389 3074 1473 3119 est
1520 3065 1592 3119 ab
1621 3066 1752 3121 illis.-
1789 3086 1810 3120 ι
1843 3068 1924 3123 Ad
1963 3083 2122 3137 quam

556 3153 728 3222 ipsius
772 3165 1121 3224 apparentem
1178 3158 1644 3221 observationem,
1699 3159 1907 3213 scilicet
1959 3161 2126 3229 quod,

554 3243 698 3311 apud
760 3245 934 3312 ipsos,
1002 3254 1056 3298 et
1121 3258 1249 3310 non,
1314 3246 1366 3299 in
1433 3246 1582 3315 ipsis,
1633 3247 1894 3315 scriptum
1941 3248 2123 3314 fuerit,

557 3337 846 3390 dicendurm
871 3346 952 3391 est
992 3337 1133 3406 quod
1167 3337 1294 3390 illud
1335 3339 1539 3392 dictum
1587 3358 1600 3393 :
1659 3357 1677 3390 ι
1716 3339 1859 3394 Ecce
1892 3354 1991 3411 ego
2024 3357 2120 3396 vo-

553 3427 763 3481 biscum
800 3443 918 3481 sum
957 3429 1210 3483 oumibus
1238 3431 1428 3484 diebus
1468 3428 1604 3495 ³⁸⁸³⁸,
1628 3447 1648 3480 ι
1669 3428 1844 3485 simile
1864 3427 1937 3482 sit
1971 3431 2120 3497 huic,

554 3535 582 3569 4
629 3518 770 3587 apud
805 3519 952 3585 ipsos
985 3521 1225 3585 mansit;
1264 3539 1283 3572 ι
1325 3535 1428 3574 non
1471 3521 1614 3575 enim
1649 3521 1784 3576 dixit
1826 3541 1840 3576 :
1884 3519 1941 3576 ln
1974 3525 2127 3579 vobis

546 3623 697 3663 sum.
739 3609 1002 3662 Praeterea
1039 3611 1224 3665 dicens
1261 3610 1396 3667 duos
1439 3611 1554 3667 dies
1584 3625 1705 3667 esse
1734 3613 1818 3667 vel
1851 3613 1954 3667 hoc
1987 3629 2127 3683 prte-

546 3711 684 3751 seus
711 3697 964 3751 sazculum
998 3706 1046 3751 et
1083 3697 1347 3762 futurum,
1381 3703 1464 3754 vel
1495 3709 1708 3770 tempus
1736 3711 1865 3756 ante
1905 3703 2117 3769 passio-

549 3803 680 3842 nem
711 3799 765 3843 et
798 3799 918 3858 post
955 3790 1287 3858 passionem,
1335 3804 1517 3860 neque
1553 3791 1988 3860 supervenientia
2021 3803 2124 3846 sae-

544 3878 674 3935 cula
713 3889 834 3947 post
869 3880 1109 3934 futurum
1145 3881 1403 3936 saeculum
1453 3882 1853 3946 consideravit,
1900 3882 1966 3937 de
2007 3880 2126 3950 qui-

2237 1979 2321 2027 σις
2353 1965 2448 2018 καὶ
2473 1966 2502 2017 6
2530 1965 2846 2037 πληθυσμὸς
2877 1967 2986 2022 τῶν
3019 1968 3200 2040 πολλῷ
3229 1970 3492 2024 πλειόνων
3522 1974 3774 2032 πιστευόν-

2229 2071 2362 2122 των,
2385 2056 2568 2110 οὐκέτι
2599 2057 2685 2112 διὰ
2713 2057 2803 2111 τὸν
2831 2059 2986 2128 λόγον
3017 2061 3115 2132 τῆς
3145 2063 3419 2129 γυναικὸς,
3444 2062 3572 2117 ἀλλὰ
3597 2063 3677 2117 διὰ
3699 2065 3775 2116 τὸν

2229 2148 2386 2218 λόγον
2414 2148 2599 2203 αὐτοῦ.
2636 2151 2712 2204 Οὐ
2739 2151 2844 2223 γὰρ
2871 2153 3070 2223 ὁμοίως
3116 2142 3277 2218 αὐτος
3316 2155 3408 2224 ἀφ’
3438 2155 3622 2209 ἑαυτοῦ
3651 2157 3765 2209 θεω-

2231 2240 2404 2310 ρεῖται
2435 2242 2464 2292 6
2496 2241 2697 2311 Λόγος,
2729 2244 2977 2313 φωτίζων
3024 2245 3114 2298 τὸν
3161 2245 3478 2318 χωροῦντα,
3523 2246 3554 2318 ἢ
3597 2248 3676 2300 ὅτε
3717 2248 3772 2301 δι’

2229 2330 2418 2401 ἐτέρου
2452 2330 2742 2404 λεγόμενος
2775 2339 3149 2407 μαρτυρεῖται.
3193 2337 3252 2390 '0
3286 2336 3346 2391 δὲ
3379 2337 3675 2410 Ἡρακλέων
3709 2342 3777 2401 είς

2228 2422 2357 2484 τοὺς
2385 2423 2581 2487 τόπους
2612 2424 2784 2479 ταῦτά
2815 2443 2967 2496 φησι·
3013 2446 3029 2478 ι
3054 2428 3191 2498 Παρ’
3214 2427 3400 2491 αὐτοῖς
3427 2447 3445 2478 ι
3483 2428 3673 2498 ἔμεινε,
3695 2437 3778 2481 καὶ

2229 2513 2329 2566 οὐκ
2363 2515 2421 2567 ἐν
2446 2516 2630 2580 αὐτοῖς
2653 2533 2666 2547 ·
2696 2518 2790 2571 καὶ
2821 2536 2841 2571 σ
2863 2518 2956 2572 δύο
2981 2521 3244 2591 ἠμέρας,›
3275 2520 3394 2590 ἦτοι
3417 2519 3505 2573 τὸν
3535 2522 3778 2574 ἐνεστῶτα

2230 2601 2422 2663 αἰῶνα.
2457 2605 2548 2657 καὶ
2570 2605 2671 2659 τὸν
2717 2605 2974 2676 μέλλοντα
3003 2607 3094 2660 τὸν
3134 2610 3192 2662 ἐν
3252 2608 3503 2680 γάμῳ,ἢ
3553 2610 3638 2662 τὸν
3688 2611 3778 2682 πρὸ

2228 2696 2323 2746 τοῦ
2358 2693 2566 2758 πάθους
2593 2696 2757 2750 αὑτοῦ
2796 2698 3008 2769 χρόνον,
3040 2699 3246 2752 καὶτὸν
3279 2697 3419 2770 μετά
3445 2699 3505 2753 16
3537 2701 3712 2764 πάθος,
3731 2706 3780 2755 ὃν

2231 2787 2361 2856 παρ’
2394 2787 2577 2850 αὐτοῖς
2607 2788 2837 2858 ποιήσας
2861 2829 2874 2853 ,
2917 2789 3094 2860 πολλῷ
3126 2790 3377 2854 πλείονας
3416 2791 3504 2846 διὰ
3532 2791 3622 2844 τοῦ
3663 2792 3779 2845 ίδίου

2229 2875 2389 2944 λόγου
2424 2878 2760 2948 ἐπιστρέψας
2787 2880 2864 2942 εἰς
2898 2881 3082 2933 πίστιν
3114 2881 3385 2952 ἐχωρίσθη
3422 2883 3518 2935 ἀπ’
3547 2882 3730 2936 αὐτῶν.
3761 2903 3776 2931 ι

2229 2968 2465 3022 Λεκτέον
2485 2968 2541 3022 δὲ
2567 2969 2706 3040 πρὸς
2749 2969 2847 3038 τὴν
2892 2971 3154 3025 δοκοῦσαν
3180 2970 3346 3024 αὑτοῦ
3382 2974 3746 3044 παρατήρησιν
3767 3013 3780 3034 ,

2229 3060 2332 3122 ὅτι,
2363 3079 2380 3110 ι
2413 3061 2543 3132 παρ’
2569 3062 2750 3124 αὐτοῖς
2769 3101 2782 3124 ,
2821 3081 2839 3113 ι
2881 3065 2972 3116 καὶ
2998 3064 3117 3128 οὐκ,
3143 3065 3199 3116 ἐν
3228 3065 3435 3127 αὐτοῖς,
3471 3064 3778 3135 γέγραπται,

2231 3149 2313 3202 ὅτι
2349 3149 2533 3219 ὅμοιον
2560 3150 2656 3221 τῷ,
2692 3171 2708 3202 ι
2745 3155 2870 3222 παρ’
2902 3153 3105 3216 αὐτοῖς,
3137 3173 3154 3204 ›
3185 3153 3303 3206 ἐστί
3337 3154 3399 3206 τό
3419 3169 3431 3181 ·
3470 3173 3489 3206 ι
3538 3154 3661 3207 Ἰδοὺ
3687 3154 3782 3222 ἐγὼ

2235 3238 2353 3309 μεθ’
2389 3239 2542 3311 ὑμῶν
2579 3242 2692 3311 εἰμι
2725 3241 2903 3305 πάσας
2928 3242 3025 3306 τὰς
3052 3243 3297 3314 ἡμέραςο
3337 3263 3356 3294 ι
3390 3245 3451 3296 οὐ
3490 3245 3595 3315 γὰρ
3626 3241 3780 3296 εἶπεν·

2243 3329 2332 3382 Ἐν
2362 3329 2488 3400 ὑμῖν
2515 3330 2649 3400 εἶμί.
2697 3331 2815 3383 Ἔτι
2857 3332 2914 3384 δὲ
2971 3331 3143 3401 λέγων
3171 3333 3270 3396 τὰς
3300 3332 3394 3386 δύο
3423 3335 3648 3405 ἡμέρας.
3679 3334 3784 3402 ἤτοι

2229 3421 2415 3475 τοῦτον
2447 3422 2539 3476 τὸν
2564 3423 2734 3477 αίῶνα
2761 3419 2920 3488 εἶναι,
2947 3425 3040 3478 καὶ
3072 3425 3161 3478 τὸν
3186 3425 3473 3496 μέλλοντα,
3494 3426 3528 3496 ἢ
3574 3423 3660 3477 16v
3690 3422 3786 3493 πρὸ

2230 3511 2323 3564 τοῦ
2352 3512 2574 3574 πάθους,
2609 3513 2702 3566 καὶ
2730 3511 2867 3582 μετὰ
2907 3513 2968 3565 16
3011 3513 3200 3575 πάθος,
3231 3512 3354 3566 οὔτε
3393 3515 3522 3576 τοὺς
3573 3515 3786 3582 ἐπερχο-

2236 3600 2428 3670 μένους
2459 3600 2660 3664 αἰῶνας
2687 3601 2824 3672 μετὰ
2853 3602 2942 3655 τὸν
2969 3603 3231 3672 μέλλοντα
3274 3604 3521 3673 νενόηκε,
3565 3603 3684 3671 περὶ
3720 3597 3788 3651 ὧν

2228 3706 2392 3761 φησιν
2425 3694 2452 3744 ὁ
2479 3693 2825 3757 Ἀπόστολος·
2864 3712 2882 3744 ι
2913 3695 3029 3746 Ἵνα
3075 3694 3372 3764 ἐνδείξηται
3408 3695 3467 3747 ἐν
3499 3696 3606 3754 τοῖς
3641 3690 3787 3742 attint

2230 3787 2343 3847 τοῖς
2384 3785 2768 3856 ἐπερχομένοις
2785 3803 2797 3814 ·
2825 3805 2843 3836 ι
2873 3785 2994 3838 οὔτε
3023 3785 3266 3856 ἑώρακεν
3291 3787 3427 3855 (‘25),
3458 3787 3540 3837 ὅτι
3559 3784 3617 3835 οὐ
3643 3783 3790 3851 μόνον

2231 3876 2338 3948 πρὸ
2362 3875 2454 3930 τοῦ
2490 3876 2714 3940 πάθους,
2746 3875 2881 3929 ἀλλὰ
2922 3877 3016 3929 καὶ
3051 3876 3185 3945 μετὰ
3220 3875 3332 3944 (24)
3386 3875 3448 3927 16
3479 3873 3645 3933 πάθος
3676 3871 3791 3922 σύν-

2221 3981 2346 4018 ·εστι
2394 3969 2504 4028 τοῖς
2537 3966 2847 4035 ἐρχομένοις
2875 3965 3008 4034 πρὸς
3033 3965 3194 4018 αὑτὸν
3216 3965 3254 4015 -6
3287 3963 3517 4034 Ἰησοῦς,
3544 3962 3636 4015 καὶ
3665 3958 3793 4027 μετὰ

2229 4055 2387 4108 τοῦτο
2419 4055 2734 4127 χωρίζεται·
2766 4056 2850 4108 ἀεὶ
2887 4057 2993 4128 γὰρ
3043 4055 3180 4125 μετὰ
3208 4054 3315 4108 τῶν
3359 4053 3616 4125 μαθητῶν
3643 4055 3751 4103 ἐστι
3775 4088 3789 4110 ,

546 3969 655 4024 thus
695 3971 877 4041 inquit
927 3972 1258 4040 Apostolus:
1303 3991 1321 4023 ι
1361 3973 1426 4028 Ut
1476 3973 1790 4029 ostenderet
1831 3975 1889 4028 in
1939 3989 2126 4042 super-

547 4062 802 4116 venturis
827 4063 1042 4116 sactdis
1073 4063 1116 4094 ’τ
1147 4080 1161 4128 ;
1202 4082 1220 4115 ι
1259 4079 1430 4133 neque
1462 4064 1738 4133 perspexit
1776 4065 1921 4134 quod
1961 4063 2120 4118 Jesus
2229 4062 2387 4108 τοῦτο
2419 4062 2734 4127 χωρίζεται·
2887 4062 2993 4128 γὰρ
3037 4062 3315 4154 ξῗτάςτῶλξ
3359 4062 3616 4154 μαθητῶν

552 4168 662 4207 non
690 4154 867 4208 solum
897 4164 1024 4209 ante
1052 4158 1385 4223 passionem,
1415 4172 1600 4211 verum
1625 4157 1790 4211 etiam
1828 4167 1950 4225 post
1999 4168 2122 4224 pas-

2231 4145 2453 4216 μηδέπω
2479 4148 2608 4200 ποτέ
2636 4146 2975 4200 καταλείπων
3009 4146 3119 4216 (⁸25)
3151 4145 3348 4208 αὐτούς
3367 4163 3378 4177 ’
3416 4146 3559 4198 ὥστε
3596 4143 3688 4195 καὶ
3713 4143 3794 4190 λέ-

552 4245 763 4300 sionem
791 4259 1143 4301 conversa-tur
1168 4263 1289 4302 cum
1331 4249 1414 4301 his
1442 4248 1531 4315 qui
1562 4249 1626 4300 ad
1665 4249 1836 4315 ipsum
1873 4249 2118 4310 veniunt,

2231 4254 2342 4306 γειν
2378 4239 2573 4303 αὐτούς
2595 4258 2608 4271 ·
2649 4258 2666 4290 ι
2708 4237 2794 4293 Ζῶ
2819 4238 2894 4303 δὲ,
2935 4239 3036 4291 οὐκ
3081 4239 3161 4292 ἔτι
3193 4239 3306 4308 ἐγὼ
3330 4277 3346 4302 ,
3398 4239 3466 4309 ζῇ
3498 4236 3556 4290 δέ
3587 4237 3642 4288 ἐν
3677 4231 3795 4300 ἐμοὶ

552 4341 610 4386 et
638 4345 818 4403 postea
849 4350 1130 4405 separat-ur
1162 4355 1183 4392 τ
1226 4353 1440 4406 semper
1480 4339 1624 4391 enim
1676 4353 1798 4391 cum
1841 4335 2121 4404 discipulis

2231 4334 2478 4403 Χριστός.
2518 4353 2536 4384 ι
2894 4344 2896 4346 ’

553 4438 660 4494 est,
689 4445 961 4498 nunquam
997 4433 1064 4486 ab
1092 4433 1173 4486 eis
1196 4431 1481 4485 discedens
1510 4446 1526 4496 ;
1563 4430 1697 4484 adeo
1739 4439 1796 4483 ut
1829 4427 1991 4482 etiam
2025 4427 2204 4482 dicant
2239 4446 2250 4480 :
2287 4447 2306 4477 ι
2341 4427 2471 4480 Vivo
2499 4435 2698 4489 autem,
2732 4441 2836 4479 non
2873 4422 3105 4494 amplius
3132 4436 3252 4492 ego,
3287 4422 3424 4475 vivit
3465 4435 3596 4474 vero
3631 4415 3683 4471 in
3715 4427 3794 4468 nte

553 4519 800 4575 Christus
823 4521 888 4574 ³⁸.
919 4539 937 4572 ι

625 4614 711 4668 52.
758 4632 776 4664 ι
811 4612 1019 4666 Mulieri
1047 4623 1224 4666 autem
1262 4612 1550 4666 dicebant:
1591 4610 1705 4666 Non
1732 4610 1961 4680 amplius
1992 4623 2116 4678 pro-

2287 4607 2374 4660 52.
2420 4627 2436 4657 ι
2470 4607 2546 4678 Τῇ
2591 4606 2647 4659 δέ
2686 4607 2903 4675 γυναικὶ
2939 4606 3156 4674 έλεγονσ
3214 4604 3414 4656 Οὐκέτι
3446 4602 3536 4657 διὰ
3581 4599 3678 4669 τὴν
3703 4600 3792 4651 λαο

551 4715 670 4773 pler
694 4705 960 4774 loquelam
986 4716 1128 4759 tuam
1152 4704 1459 4759 credimus:
1484 4705 1582 4772 ipsi
1613 4704 1760 4758 enim
1789 4702 2119 4765 audivimus,

2231 4698 2346 4751 λιάν
2372 4715 2464 4750 σου
2503 4698 2845 4767 πιστεύομεν·
2878 4697 3030 4750 αὐτοὶ
3057 4695 3165 4766 γὰρ
3194 4695 3535 4765 ἀκηκόαμεν,
3585 4693 3680 4746 καὶ
3728 4691 3800 4742 οῖ-

549 4805 604 4849 et
637 4797 840 4852 scimus
872 4798 1014 4866 quod
1050 4796 1136 4850 hic
1170 4804 1254 4848 est
1291 4810 1416 4848 vere
1451 4797 1714 4850 Servatur
1760 4792 1947 4846 Inundi
1989 4793 2054 4846 ”.
2095 4809 2113 4843 ι

2231 4790 2392 4859 δαμεν
2419 4790 2499 4844 ὅτι
2526 4789 2740 4858 ἀληθῶς
2771 4781 2925 4852 οὗτός
2959 4790 3102 4840 ἐστιν
3131 4789 3159 4840 6
3181 4785 3374 4858 Σωτὴρ
3411 4784 3507 4838 τοῦ
3543 4783 3744 4850 κόσμου
3776 4798 3793 4828 ι

550 4886 759 4956 Negant
804 4888 964 4942 ﬁdem
999 4903 1118 4942 eam
1151 4903 1311 4956 quam
1350 4887 1624 4940 habebant
1671 4893 1895 4953 propter
1931 4884 2117 4951 loque-

2239 4879 2547 4950 Ἀρνοῦνται
2583 4880 2681 4949 τὴν
2707 4879 2795 4932 διὰ
2823 4878 2921 4949 τὴν
2952 4877 3140 4930 λαλιὰν
3179 4877 3278 4946 τῆς
3307 4874 3572 4944 γυναικὸς
3600 4871 3799 4966 πίστιν]

549 4980 656 5034 lam
689 4980 953 5044 mulieris,
982 4995 1048 5036 eo
1084 4981 1226 5050 quod
1272 4981 1374 5034 hac
1406 4977 1840 5048 praastantiorem
1873 4974 2116 5029 invenis-

2231 4974 2469 5042 κρεῖττον
2507 4970 2618 5040 (26)
2655 4971 2868 5041 ἐκείνης
2900 4970 3150 5040 εὑρόντες
3199 4968 3259 5020 16
3301 4965 3602 5066 ἀκηκοέναι
3638 4965 3800 5066 cretea

547 5079 690 5136 sent,
741 5071 928 5126 audito
977 5071 1267 5126 Servatore
1315 5071 1454 5139 ipso,
1504 5069 1640 5122 adeo
1688 5077 1746 5121 ut
1796 5068 2116 5136 agnoverint

2231 5061 2313 5114 τοῦ
2334 5063 2607 5133 Σωτῆρος,
2637 5060 2776 5115 ὥστε
2816 5061 2908 5114 καὶ
2951 5060 3144 5114 είδέναι
3176 5099 3190 5121 ,
3240 5059 3327 5110 ὅτι
3371 5055 3590 5126 ἀληθῶς
3651 5055 3800 5155 οῦτξς

549 5158 693 5215 hunc
723 5177 844 5217 esse
873 5177 996 5216 vere
1024 5161 1371 5217 Servatorem
1410 5159 1615 5214 mundi.
1646 5159 1721 5212 Ac
1749 5168 1896 5213 certe
1922 5159 2113 5211 melius

2231 5157 2367 5208 ἐστιν
2394 5155 2422 5206 6
2445 5153 2632 5224 Σωτὴρ
2665 5151 2759 5205 τοῦ
2788 5152 3014 5222 κόσμου.
3054 5150 3162 5202 Καὶ
3208 5147 3415 5217 βέλτιόν
3441 5147 3506 5216 γέ
3538 5146 3688 5196 ἐστιν
3709 5146 3800 5190 αὺ-

549 5256 633 5300 est
674 5250 908 5318 propriis
958 5251 1128 5306 oculis
1172 5265 1398 5304 eernere
1439 5248 1787 5312 Sermonem,
1835 5248 2116 5315 ipsumque

2231 5247 2425 5315 τόπτην
2465 5244 2715 5312 γενέσθαι
2745 5244 2836 5296 τοῦ
2883 5243 3055 5312 Λόγου
3076 5281 3089 5305 ,
3119 5241 3214 5293 καὶ
3240 5241 3412 5310 χωρὶς
3450 5238 3699 5309 ὀργάνων
3728 5230 3800 5282 δι-

621 5382 667 5414 ³⁸
691 5382 830 5438 Gen.
863 5400 962 5444 ιιι.
997 5388 1047 5440 1.
1125 5387 1244 5419 ³⁸⁸³⁸
1274 5384 1462 5439 Matth.
1497 5399 1688 5446 uult,
1719 5381 1809 5435 ΞΟ.
1884 5380 1928 5412 ³⁷
1958 5379 2095 5448 Eph.
2127 5405 2128 5410 η

2231 5381 2265 5433 l.
2345 5380 2390 5412 ⁸⁸
2418 5379 2592 5434 Galat.
2629 5394 2685 5438 ll.
2710 5378 2801 5431 20.
2881 5377 2925 5409 ³⁹
2952 5375 3110 5430 Joan.
3141 5391 3212 5436 tv,
3247 5374 3339 5429 42.

624 5496 941 5571 (Ἡλορόθδ
971 5497 1315 5571 Bodleianus,
1339 5499 1477 5571 πρὸς
1512 5497 1604 5552 τὸν
1649 5495 1876 5567 Ἰησοῦν,
1913 5494 2114 5565 Regius

2231 5495 2418 5562 Regius
2441 5494 2628 5547 omisit
2655 5491 2809 5545 ἀλλά.

549 5565 1169 5654 miseratam“;
1302 5565 1334 5654 '.
1387 5565 1472 5654 ἠ
1711 5565 1720 5567 ⁷
2066 5579 2111 5654 ;.

2293 5587 2405 5654 (25)
2463 5585 2604 5638 Idem
2657 5585 2825 5638 codex
2878 5581 3226 5650 Bodleiauus,
3269 5582 3546 5653 μηδέποτε
3583 5573 3786 5632 καταλι.

623 5635 734 5710 (23)
761 5633 1089 5710 _'Eobpa5csr.
1112 5639 1206 5693 Sic
1237 5639 1402 5693 codex
1435 5637 1757 5690 Bodleianus
1783 5652 1797 5697 ;
1829 5633 2030 5703 Regius
2061 5643 2115 5686 ct

2231 5633 2358 5710 πιίέν.

551 5703 900 5762 Bai-hermus,
937 5710 1059 5778 ὁρᾶ.

623 5776 736 5844 (24)
769 5776 938 5830 Ἀλλὰ
963 5775 1064 5830 καὶ
1100 5775 1275 5846 μετὰ,
1301 5786 1406 5831 ctc.
1441 5776 1530 5829 Sic
1554 5775 1724 5830 codex
1755 5772 2116 5840 Bodleianus;

2231 5703 2407 5818 Μίέϐ)
2437 5744 2604 5801 Codd.
2635 5744 2962 5800 Bodleianus
3003 5755 3056 5803 et
3099 5743 3458 5810 Bat‘bcriuus,
3488 5739 3800 5814 κρείττονα.
