  <div class='ocr_page' id='page_1' title='image "/cluster/home/n/w/nwhite01/storage/ocr_20150623/14/hvd.32044024333478/256.png"; bbox 0 0 3806 6526; ppageno 0'>
   <div class='ocr_carea' id='block_1_1' title="bbox 75 449 170 505">
    <p class='ocr_par' dir='ltr' id='par_1_1' title="bbox 75 449 170 505">
     <span class='ocr_line' id='line_1_1' title="bbox 75 449 170 505; baseline -0.032 0"><span class='ocrx_word' id='word_1_1' title='bbox 75 449 170 505; x_wconf 77' lang='grc' dir='ltr'><strong>ι97</strong></span> 
     </span>
    </p>
   </div>
   <div class='ocr_carea' id='block_1_2' title="bbox 1111 451 2257 522">
    <p class='ocr_par' dir='ltr' id='par_1_2' title="bbox 1111 451 2257 522">
     <span class='ocr_line' id='line_1_2' title="bbox 1111 451 2257 522; baseline -0.003 -12"><span class='ocrx_word' id='word_1_2' title='bbox 1111 453 1468 510; x_wconf 75' lang='lat' dir='ltr'><strong>COMMENT.</strong></span> <span class='ocrx_word' id='word_1_3' title='bbox 1507 453 1574 508; x_wconf 84' lang='lat' dir='ltr'><strong>IN</strong></span> <span class='ocrx_word' id='word_1_4' title='bbox 1607 453 1799 510; x_wconf 79' lang='lat' dir='ltr'><strong>JOAN.</strong></span> <span class='ocrx_word' id='word_1_5' title='bbox 1842 451 2081 522; x_wconf 79' lang='lat' dir='ltr'><strong>TOMUS</strong></span> <span class='ocrx_word' id='word_1_6' title='bbox 2119 452 2257 508; x_wconf 80' lang='lat' dir='ltr'><strong>XIII.</strong></span> 
     </span>
    </p>
   </div>
   <div class='ocr_carea' id='block_1_3' title="bbox 3183 452 3289 508">
    <p class='ocr_par' dir='ltr' id='par_1_3' title="bbox 3183 452 3289 508">
     <span class='ocr_line' id='line_1_3' title="bbox 3183 452 3289 508; baseline 0.009 -1"><span class='ocrx_word' id='word_1_7' title='bbox 3183 452 3289 508; x_wconf 67' lang='grc' dir='ltr'>ωδ</span> 
     </span>
    </p>
   </div>
   <div class='ocr_carea' id='block_1_4' title="bbox 72 561 1616 640">
    <p class='ocr_par' dir='ltr' id='par_1_4' title="bbox 72 563 1616 640">
     <span class='ocr_line' id='line_1_4' title="bbox 72 563 1616 640; baseline 0.003 -21"><span class='ocrx_word' id='word_1_8' title='bbox 72 567 339 629; x_wconf 69' lang='grc' dir='ltr'>δάσωντος</span> <span class='ocrx_word' id='word_1_9' title='bbox 399 563 620 620; x_wconf 81' lang='grc' dir='ltr'><strong>ἀκούειν</strong></span> <span class='ocrx_word' id='word_1_10' title='bbox 674 567 862 634; x_wconf 79' lang='grc' dir='ltr'>αὐτοῦ,</span> <span class='ocrx_word' id='word_1_11' title='bbox 923 569 1019 624; x_wconf 78' lang='grc' dir='ltr'>καὶ</span> <span class='ocrx_word' id='word_1_12' title='bbox 1066 569 1485 640; x_wconf 78' lang='grc' dir='ltr'>φαντασιοῦντος</span> <span class='ocrx_word' id='word_1_13' title='bbox 1560 571 1616 624; x_wconf 80' lang='grc' dir='ltr'><strong>ού</strong></span> 
     </span>
    </p>
   </div>
   <div class='ocr_carea' id='block_1_5' title="bbox 1719 561 3289 640">
    <p class='ocr_par' dir='ltr' id='par_1_5' title="bbox 1729 561 3289 630">
     <span class='ocr_line' id='line_1_5' title="bbox 1729 561 3289 630; baseline -0.003 -6"><span class='ocrx_word' id='word_1_14' title='bbox 1729 569 1921 626; x_wconf 82' lang='lat' dir='ltr'><strong>audire</strong></span> <span class='ocrx_word' id='word_1_15' title='bbox 1962 571 2246 625; x_wconf 79' lang='lat' dir='ltr'><strong>docentem</strong></span> <span class='ocrx_word' id='word_1_16' title='bbox 2294 567 2413 623; x_wconf 83' lang='lat' dir='ltr'><strong>sine</strong></span> <span class='ocrx_word' id='word_1_17' title='bbox 2460 561 2853 628; x_wconf 88' lang='lat' dir='ltr'><strong>instrumentis,</strong></span> <span class='ocrx_word' id='word_1_18' title='bbox 2903 571 2980 630; x_wconf 92' lang='lat' dir='ltr'><strong>et,</strong></span> <span class='ocrx_word' id='word_1_19' title='bbox 3019 564 3153 618; x_wconf 89' lang='lat' dir='ltr'><strong>citra</strong></span> <span class='ocrx_word' id='word_1_20' title='bbox 3195 566 3289 620; x_wconf 89' lang='lat' dir='ltr'><strong>do-</strong></span> 
     </span>
    </p>
   </div>
   <div class='ocr_carea' id='block_1_6' title="bbox 72 655 1623 732">
    <p class='ocr_par' dir='ltr' id='par_1_6' title="bbox 72 655 1623 732">
     <span class='ocr_line' id='line_1_6' title="bbox 72 655 1623 732; baseline 0.003 -22"><span class='ocrx_word' id='word_1_21' title='bbox 72 658 146 710; x_wconf 58' lang='lat' dir='ltr'><strong>5a</strong></span> <span class='ocrx_word' id='word_1_22' title='bbox 187 655 291 709; x_wconf 81' lang='grc' dir='ltr'><strong>τῶν</strong></span> <span class='ocrx_word' id='word_1_23' title='bbox 343 656 455 729; x_wconf 68' lang='grc' dir='ltr'><strong>(ΞἹ)</strong></span> <span class='ocrx_word' id='word_1_24' title='bbox 507 657 868 712; x_wconf 80' lang='grc' dir='ltr'><strong>διδασκόντων</strong></span> <span class='ocrx_word' id='word_1_25' title='bbox 925 658 986 712; x_wconf 85' lang='grc' dir='ltr'>τὸ</span> <span class='ocrx_word' id='word_1_26' title='bbox 1032 661 1378 731; x_wconf 79' lang='grc' dir='ltr'>ἡγεμονικὸν,</span> <span class='ocrx_word' id='word_1_27' title='bbox 1442 661 1623 732; x_wconf 80' lang='grc' dir='ltr'>εὑρίσ-</span> 
     </span>
    </p>
   </div>
   <div class='ocr_carea' id='block_1_7' title="bbox 72 749 1619 821">
    <p class='ocr_par' dir='ltr' id='par_1_7' title="bbox 72 749 1619 821">
     <span class='ocr_line' id='line_1_7' title="bbox 72 749 1619 821; baseline 0.012 -21"><span class='ocrx_word' id='word_1_28' title='bbox 72 764 153 801; x_wconf 68' lang='grc' dir='ltr'>λον</span> <span class='ocrx_word' id='word_1_29' title='bbox 214 749 515 821; x_wconf 76' lang='grc' dir='ltr'><strong>τρανότητα</strong></span> <span class='ocrx_word' id='word_1_30' title='bbox 591 749 702 820; x_wconf 74' lang='grc'><strong>(28)</strong></span> <span class='ocrx_word' id='word_1_31' title='bbox 757 750 884 815; x_wconf 76' lang='grc' dir='ltr'>τοὺς</span> <span class='ocrx_word' id='word_1_32' title='bbox 935 751 1034 821; x_wconf 84' lang='grc' dir='ltr'><strong>τῆς</strong></span> <span class='ocrx_word' id='word_1_33' title='bbox 1087 750 1345 821; x_wconf 74' lang='grc' dir='ltr'><strong>ἀληθείας</strong></span> <span class='ocrx_word' id='word_1_34' title='bbox 1381 751 1619 818; x_wconf 76' lang='grc' dir='ltr'>τύπους.</span> 
     </span>
    </p>
   </div>
   <div class='ocr_carea' id='block_1_8' title="bbox 70 838 1624 913">
    <p class='ocr_par' dir='ltr' id='par_1_8' title="bbox 70 838 1624 913">
     <span class='ocr_line' id='line_1_8' title="bbox 70 838 1624 913; baseline 0.003 -23"><span class='ocrx_word' id='word_1_35' title='bbox 70 839 196 909; x_wconf 71' lang='grc' dir='ltr'>ἤπερ</span> <span class='ocrx_word' id='word_1_36' title='bbox 242 838 318 909; x_wconf 78' lang='grc' dir='ltr'>μὴ</span> <span class='ocrx_word' id='word_1_37' title='bbox 365 838 576 909; x_wconf 81' lang='grc' dir='ltr'>ὁρῶντα</span> <span class='ocrx_word' id='word_1_38' title='bbox 625 839 808 904; x_wconf 78' lang='grc' dir='ltr'>αὑτὸν,</span> <span class='ocrx_word' id='word_1_39' title='bbox 865 841 1000 911; x_wconf 82' lang='grc' dir='ltr'>μηδὲ</span> <span class='ocrx_word' id='word_1_40' title='bbox 1050 841 1158 894; x_wconf 81' lang='grc' dir='ltr'>ἀπὸ</span> <span class='ocrx_word' id='word_1_41' title='bbox 1195 841 1296 911; x_wconf 87' lang='grc' dir='ltr'><strong>τῆς</strong></span> <span class='ocrx_word' id='word_1_42' title='bbox 1343 841 1624 913; x_wconf 84' lang='grc' dir='ltr'>δυνάμεως</span> 
     </span>
    </p>
   </div>
   <div class='ocr_carea' id='block_1_9' title="bbox 71 927 1620 1006">
    <p class='ocr_par' dir='ltr' id='par_1_9' title="bbox 71 927 1620 1006">
     <span class='ocr_line' id='line_1_9' title="bbox 71 927 1620 1006; baseline 0.002 -25"><span class='ocrx_word' id='word_1_43' title='bbox 71 930 417 1001; x_wconf 63' lang='grc' dir='ltr'>ςωτιζόμενον</span> <span class='ocrx_word' id='word_1_44' title='bbox 448 927 611 985; x_wconf 83' lang='grc' dir='ltr'>αὑτοῦ</span> <span class='ocrx_word' id='word_1_45' title='bbox 640 931 902 986; x_wconf 89' lang='grc' dir='ltr'>διακόνων</span> <span class='ocrx_word' id='word_1_46' title='bbox 933 931 1041 985; x_wconf 84' lang='grc' dir='ltr'><strong>τῶν</strong></span> <span class='ocrx_word' id='word_1_47' title='bbox 1074 932 1396 1006; x_wconf 78' lang='grc' dir='ltr'>ἑωρακότων</span> <span class='ocrx_word' id='word_1_48' title='bbox 1440 933 1620 996; x_wconf 77' lang='grc' dir='ltr'>αὐτὸν,</span> 
     </span>
    </p>
   </div>
   <div class='ocr_carea' id='block_1_10' title="bbox 71 1022 1624 1096">
    <p class='ocr_par' dir='ltr' id='par_1_10' title="bbox 71 1022 1624 1096">
     <span class='ocr_line' id='line_1_10' title="bbox 71 1022 1624 1096; baseline 0.005 -24"><span class='ocrx_word' id='word_1_49' title='bbox 71 1022 269 1075; x_wconf 76' lang='grc' dir='ltr'>ἀκούειν</span> <span class='ocrx_word' id='word_1_50' title='bbox 295 1022 385 1075; x_wconf 83' lang='grc' dir='ltr'>τὸν</span> <span class='ocrx_word' id='word_1_51' title='bbox 413 1025 542 1096; x_wconf 77' lang='grc' dir='ltr'>περὶ</span> <span class='ocrx_word' id='word_1_52' title='bbox 565 1024 731 1078; x_wconf 81' lang='grc' dir='ltr'>αὐτοῦ</span> <span class='ocrx_word' id='word_1_53' title='bbox 753 1024 930 1094; x_wconf 88' lang='grc' dir='ltr'>λόγον.</span> <span class='ocrx_word' id='word_1_54' title='bbox 961 1025 1262 1095; x_wconf 79' lang='grc' dir='ltr'>Ἀμήχανον</span> <span class='ocrx_word' id='word_1_55' title='bbox 1285 1025 1393 1096; x_wconf 81' lang='grc' dir='ltr'>γὰρ</span> <span class='ocrx_word' id='word_1_56' title='bbox 1413 1026 1474 1079; x_wconf 80' lang='grc' dir='ltr'>τὸ</span> <span class='ocrx_word' id='word_1_57' title='bbox 1491 1025 1624 1079; x_wconf 75' lang='grc' dir='ltr'>αὐτὸ</span> 
     </span>
    </p>
   </div>
   <div class='ocr_carea' id='block_1_11' title="bbox 68 1111 1624 1188">
    <p class='ocr_par' dir='ltr' id='par_1_11' title="bbox 68 1111 1624 1188">
     <span class='ocr_line' id='line_1_11' title="bbox 68 1111 1624 1188; baseline 0.006 -25"><span class='ocrx_word' id='word_1_58' title='bbox 68 1111 132 1180; x_wconf 80' lang='grc' dir='ltr'>τῷ</span> <span class='ocrx_word' id='word_1_59' title='bbox 162 1113 422 1184; x_wconf 80' lang='grc' dir='ltr'>ἑωρακότι</span> <span class='ocrx_word' id='word_1_60' title='bbox 457 1115 739 1185; x_wconf 86' lang='grc' dir='ltr'>γινόμενον</span> <span class='ocrx_word' id='word_1_61' title='bbox 793 1116 922 1188; x_wconf 81' lang='grc' dir='ltr'>περὶ</span> <span class='ocrx_word' id='word_1_62' title='bbox 961 1115 1022 1168; x_wconf 83' lang='grc' dir='ltr'>τὸ</span> <span class='ocrx_word' id='word_1_63' title='bbox 1072 1117 1398 1188; x_wconf 79' lang='grc' dir='ltr'>ἡγεμονικὸν</span> <span class='ocrx_word' id='word_1_64' title='bbox 1455 1117 1624 1183; x_wconf 83' lang='grc' dir='ltr'>πάθος</span> 
     </span>
    </p>
   </div>
   <div class='ocr_carea' id='block_1_12' title="bbox 69 1195 1624 1274">
    <p class='ocr_par' dir='ltr' id='par_1_12' title="bbox 69 1195 1624 1274">
     <span class='ocr_line' id='line_1_12' title="bbox 69 1195 1624 1274; baseline 0.009 -27"><span class='ocrx_word' id='word_1_65' title='bbox 69 1195 241 1248; x_wconf 75' lang='grc' dir='ltr'>παθεῖν</span> <span class='ocrx_word' id='word_1_66' title='bbox 280 1198 375 1250; x_wconf 78' lang='grc' dir='ltr'>τὸν</span> <span class='ocrx_word' id='word_1_67' title='bbox 407 1199 515 1252; x_wconf 81' lang='grc' dir='ltr'>ἀπὸ</span> <span class='ocrx_word' id='word_1_68' title='bbox 558 1201 653 1254; x_wconf 85' lang='grc' dir='ltr'><strong>τοῦ</strong></span> <span class='ocrx_word' id='word_1_69' title='bbox 701 1201 1005 1274; x_wconf 78' lang='grc' dir='ltr'>ἑωρακότος</span> <span class='ocrx_word' id='word_1_70' title='bbox 1054 1205 1147 1256; x_wconf 76' lang='grc' dir='ltr'>καὶ</span> <span class='ocrx_word' id='word_1_71' title='bbox 1187 1204 1624 1274; x_wconf 86' lang='grc' dir='ltr'>ἀπαγγέλλοντος</span> 
     </span>
    </p>
   </div>
   <div class='ocr_carea' id='block_1_13' title="bbox 68 1286 1624 1365">
    <p class='ocr_par' dir='ltr' id='par_1_13' title="bbox 68 1286 1624 1365">
     <span class='ocr_line' id='line_1_13' title="bbox 68 1286 1624 1365; baseline 0.009 -28"><span class='ocrx_word' id='word_1_72' title='bbox 68 1286 208 1338; x_wconf 68' lang='grc' dir='ltr'>αὑτὸν</span> <span class='ocrx_word' id='word_1_73' title='bbox 241 1287 626 1358; x_wconf 77' lang='grc' dir='ltr'>διδασκόμενον</span> <span class='ocrx_word' id='word_1_74' title='bbox 651 1307 665 1322; x_wconf 85' lang='grc'><strong>·</strong></span> <span class='ocrx_word' id='word_1_75' title='bbox 697 1292 791 1345; x_wconf 75' lang='grc' dir='ltr'>καὶ</span> <span class='ocrx_word' id='word_1_76' title='bbox 825 1293 1068 1364; x_wconf 85' lang='grc' dir='ltr'>κρεῖττόν</span> <span class='ocrx_word' id='word_1_77' title='bbox 1097 1312 1160 1365; x_wconf 92' lang='grc' dir='ltr'><strong>γε</strong></span> <span class='ocrx_word' id='word_1_78' title='bbox 1191 1294 1280 1348; x_wconf 79' lang='grc' dir='ltr'><strong>διὰ</strong></span> <span class='ocrx_word' id='word_1_79' title='bbox 1311 1295 1482 1361; x_wconf 75' lang='grc' dir='ltr'>εἴδους</span> <span class='ocrx_word' id='word_1_80' title='bbox 1526 1313 1624 1350; x_wconf 86' lang='grc' dir='ltr'>πε-</span> 
     </span>
    </p>
   </div>
   <div class='ocr_carea' id='block_1_14' title="bbox 68 1378 1624 1459">
    <p class='ocr_par' dir='ltr' id='par_1_14' title="bbox 68 1378 1624 1459">
     <span class='ocr_line' id='line_1_14' title="bbox 68 1378 1624 1459; baseline 0.009 -31"><span class='ocrx_word' id='word_1_81' title='bbox 68 1379 292 1446; x_wconf 79' lang='grc' dir='ltr'>ριπατεῖν</span> <span class='ocrx_word' id='word_1_82' title='bbox 320 1378 354 1450; x_wconf 79' lang='grc' dir='ltr'>ἠ</span> <span class='ocrx_word' id='word_1_83' title='bbox 388 1379 474 1433; x_wconf 81' lang='grc' dir='ltr'><strong>διὰ</strong></span> <span class='ocrx_word' id='word_1_84' title='bbox 507 1383 764 1448; x_wconf 84' lang='grc' dir='ltr'>πίστεως.</span> <span class='ocrx_word' id='word_1_85' title='bbox 789 1386 890 1439; x_wconf 85' lang='grc' dir='ltr'>Διά</span> <span class='ocrx_word' id='word_1_86' title='bbox 921 1387 1068 1441; x_wconf 77' lang='grc' dir='ltr'>τοῦθ’</span> <span class='ocrx_word' id='word_1_87' title='bbox 1097 1389 1148 1441; x_wconf 79' lang='grc' dir='ltr'>οἱ</span> <span class='ocrx_word' id='word_1_88' title='bbox 1183 1388 1281 1459; x_wconf 85' lang='grc' dir='ltr'>μὲν</span> <span class='ocrx_word' id='word_1_89' title='bbox 1323 1390 1484 1442; x_wconf 76' lang='grc' dir='ltr'>οἱονεὶ</span> <span class='ocrx_word' id='word_1_90' title='bbox 1535 1389 1624 1442; x_wconf 82' lang='grc' dir='ltr'><strong>διὰ</strong></span> 
     </span>
    </p>
   </div>
   <div class='ocr_carea' id='block_1_15' title="bbox 65 1469 1624 1551">
    <p class='ocr_par' dir='ltr' id='par_1_15' title="bbox 65 1469 1624 1551">
     <span class='ocr_line' id='line_1_15' title="bbox 65 1469 1624 1551; baseline 0.009 -32"><span class='ocrx_word' id='word_1_91' title='bbox 65 1469 218 1531; x_wconf 78' lang='grc' dir='ltr'>εἴδους</span> <span class='ocrx_word' id='word_1_92' title='bbox 249 1473 680 1543; x_wconf 79' lang='grc' dir='ltr'>περιπατοῦντες</span> <span class='ocrx_word' id='word_1_93' title='bbox 703 1477 760 1528; x_wconf 90' lang='grc' dir='ltr'><strong>ἐν</strong></span> <span class='ocrx_word' id='word_1_94' title='bbox 783 1479 896 1542; x_wconf 84' lang='grc' dir='ltr'>τοῖς</span> <span class='ocrx_word' id='word_1_95' title='bbox 924 1479 1356 1551; x_wconf 80' lang='grc' dir='ltr'>προηγουμένοις</span> <span class='ocrx_word' id='word_1_96' title='bbox 1384 1479 1624 1547; x_wconf 81' lang='grc' dir='ltr'>λέγοιντο</span> 
     </span>
    </p>
   </div>
   <div class='ocr_carea' id='block_1_16' title="bbox 63 1555 1622 1641">
    <p class='ocr_par' dir='ltr' id='par_1_16' title="bbox 63 1555 1622 1641">
     <span class='ocr_line' id='line_1_16' title="bbox 63 1555 1622 1641; baseline 0.008 -29"><span class='ocrx_word' id='word_1_97' title='bbox 63 1561 119 1612; x_wconf 74' lang='grc' dir='ltr'>ἂν</span> <span class='ocrx_word' id='word_1_98' title='bbox 152 1555 285 1614; x_wconf 72' lang='grc' dir='ltr'>εἷιαι</span> <span class='ocrx_word' id='word_1_99' title='bbox 321 1563 648 1635; x_wconf 84' lang='grc' dir='ltr'>χαρίσμασι,</span> <span class='ocrx_word' id='word_1_100' title='bbox 673 1565 815 1639; x_wconf 83' lang='grc' dir='ltr'>λόγῳ</span> <span class='ocrx_word' id='word_1_101' title='bbox 849 1569 1040 1639; x_wconf 73' lang='grc' dir='ltr'>σοφίας</span> <span class='ocrx_word' id='word_1_102' title='bbox 1071 1569 1159 1623; x_wconf 81' lang='grc' dir='ltr'>διὰ</span> <span class='ocrx_word' id='word_1_103' title='bbox 1188 1570 1280 1623; x_wconf 82' lang='grc' dir='ltr'><strong>τοῦ</strong></span> <span class='ocrx_word' id='word_1_104' title='bbox 1309 1570 1622 1641; x_wconf 88' lang='grc' dir='ltr'>Πνεύματος</span> 
     </span>
    </p>
   </div>
   <div class='ocr_carea' id='block_1_17' title="bbox 63 1651 1624 1734">
    <p class='ocr_par' dir='ltr' id='par_1_17' title="bbox 63 1651 1624 1734">
     <span class='ocr_line' id='line_1_17' title="bbox 63 1651 1624 1734; baseline 0.01 -32"><span class='ocrx_word' id='word_1_105' title='bbox 63 1651 141 1703; x_wconf 77' lang='grc' dir='ltr'><strong>τοῦ</strong></span> <span class='ocrx_word' id='word_1_106' title='bbox 166 1651 320 1716; x_wconf 91' lang='grc' dir='ltr'>Θεοῦ,</span> <span class='ocrx_word' id='word_1_107' title='bbox 353 1655 449 1707; x_wconf 77' lang='grc' dir='ltr'>καὶ</span> <span class='ocrx_word' id='word_1_108' title='bbox 477 1654 621 1727; x_wconf 88' lang='grc' dir='ltr'>λόγῳ</span> <span class='ocrx_word' id='word_1_109' title='bbox 649 1657 902 1727; x_wconf 68' lang='grc' dir='ltr'>γιώσεως</span> <span class='ocrx_word' id='word_1_110' title='bbox 926 1661 1067 1716; x_wconf 88' lang='grc' dir='ltr'>κατὰ</span> <span class='ocrx_word' id='word_1_111' title='bbox 1101 1663 1163 1716; x_wconf 80' lang='grc' dir='ltr'>τὸ</span> <span class='ocrx_word' id='word_1_112' title='bbox 1199 1663 1330 1717; x_wconf 82' lang='grc' dir='ltr'>αὐτὸ</span> <span class='ocrx_word' id='word_1_113' title='bbox 1360 1662 1586 1734; x_wconf 77' lang='grc' dir='ltr'>Πνεῦμα</span> <span class='ocrx_word' id='word_1_114' title='bbox 1608 1685 1624 1704; x_wconf 78' lang='grc' dir='ltr'><strong>ο</strong></span> 
     </span>
    </p>
   </div>
   <div class='ocr_carea' id='block_1_18' title="bbox 63 1743 1622 1826">
    <p class='ocr_par' dir='ltr' id='par_1_18' title="bbox 63 1743 1622 1826">
     <span class='ocr_line' id='line_1_18' title="bbox 63 1743 1622 1826; baseline 0.01 -32"><span class='ocrx_word' id='word_1_115' title='bbox 63 1744 102 1795; x_wconf 75' lang='lat' dir='ltr'><strong>oi</strong></span> <span class='ocrx_word' id='word_1_116' title='bbox 143 1743 194 1796; x_wconf 81' lang='grc' dir='ltr'>δὲ</span> <span class='ocrx_word' id='word_1_117' title='bbox 246 1743 338 1798; x_wconf 85' lang='grc' dir='ltr'><strong>διά</strong></span> <span class='ocrx_word' id='word_1_118' title='bbox 374 1746 628 1813; x_wconf 86' lang='grc' dir='ltr'>πίστεως,</span> <span class='ocrx_word' id='word_1_119' title='bbox 662 1751 713 1804; x_wconf 87' lang='grc' dir='ltr'><strong>εί</strong></span> <span class='ocrx_word' id='word_1_120' title='bbox 746 1753 840 1806; x_wconf 73' lang='grc' dir='ltr'>καὶ</span> <span class='ocrx_word' id='word_1_121' title='bbox 870 1753 1116 1826; x_wconf 72' lang='grc' dir='ltr'>χάρισμα</span> <span class='ocrx_word' id='word_1_122' title='bbox 1150 1755 1298 1808; x_wconf 89' lang='grc' dir='ltr'>ἐστιν</span> <span class='ocrx_word' id='word_1_123' title='bbox 1348 1757 1381 1826; x_wconf 85' lang='grc' dir='ltr'><strong>ἡ</strong></span> <span class='ocrx_word' id='word_1_124' title='bbox 1440 1755 1622 1819; x_wconf 84' lang='grc' dir='ltr'>πίστις</span> 
     </span>
    </p>
   </div>
   <div class='ocr_carea' id='block_1_19' title="bbox 62 1836 1615 1918">
    <p class='ocr_par' dir='ltr' id='par_1_19' title="bbox 62 1836 1615 1918">
     <span class='ocr_line' id='line_1_19' title="bbox 62 1836 1615 1918; baseline 0.013 -32"><span class='ocrx_word' id='word_1_125' title='bbox 62 1836 179 1888; x_wconf 72' lang='grc' dir='ltr'>κατὰ</span> <span class='ocrx_word' id='word_1_126' title='bbox 204 1836 289 1891; x_wconf 77' lang='grc' dir='ltr'>τό’</span> <span class='ocrx_word' id='word_1_127' title='bbox 334 1858 354 1890; x_wconf 81' lang='grc' dir='ltr'><strong>ι</strong></span> <span class='ocrx_word' id='word_1_128' title='bbox 391 1839 570 1912; x_wconf 81' lang='grc' dir='ltr'>Ἀλλῳ</span> <span class='ocrx_word' id='word_1_129' title='bbox 608 1842 665 1896; x_wconf 81' lang='grc' dir='ltr'>δὲ</span> <span class='ocrx_word' id='word_1_130' title='bbox 700 1844 882 1910; x_wconf 82' lang='grc' dir='ltr'>πίστις</span> <span class='ocrx_word' id='word_1_131' title='bbox 915 1847 973 1899; x_wconf 91' lang='grc' dir='ltr'><strong>ἐν</strong></span> <span class='ocrx_word' id='word_1_132' title='bbox 996 1845 1074 1917; x_wconf 88' lang='grc' dir='ltr'>τῷ</span> <span class='ocrx_word' id='word_1_133' title='bbox 1107 1845 1253 1917; x_wconf 83' lang='grc' dir='ltr'>αὐτῷ</span> <span class='ocrx_word' id='word_1_134' title='bbox 1289 1845 1615 1918; x_wconf 76' lang='grc' dir='ltr'>πνεύματι,»</span> 
     </span>
    </p>
   </div>
   <div class='ocr_carea' id='block_1_20' title="bbox 1725 653 3289 727">
    <p class='ocr_par' dir='ltr' id='par_1_20' title="bbox 1725 653 3289 727">
     <span class='ocr_line' id='line_1_20' title="bbox 1725 653 3289 727; baseline -0.004 -11"><span class='ocrx_word' id='word_1_135' title='bbox 1725 669 1931 725; x_wconf 88' lang='lat' dir='ltr'><strong>centes,</strong></span> <span class='ocrx_word' id='word_1_136' title='bbox 1950 659 2066 714; x_wconf 88' lang='lat' dir='ltr'><strong>visa</strong></span> <span class='ocrx_word' id='word_1_137' title='bbox 2100 658 2498 727; x_wconf 88' lang='lat' dir='ltr'><strong>imprimentem</strong></span> <span class='ocrx_word' id='word_1_138' title='bbox 2532 655 2728 709; x_wconf 71' lang='lat' dir='ltr'><strong>anima:</strong></span> <span class='ocrx_word' id='word_1_139' title='bbox 2755 653 3109 724; x_wconf 88' lang='lat' dir='ltr'><strong>principatui,</strong></span> <span class='ocrx_word' id='word_1_140' title='bbox 3135 654 3289 710; x_wconf 79' lang='lat' dir='ltr'><strong>inve-</strong></span> 
     </span>
    </p>
   </div>
   <div class='ocr_carea' id='block_1_21' title="bbox 1726 743 3290 818">
    <p class='ocr_par' dir='ltr' id='par_1_21' title="bbox 1726 743 3290 818">
     <span class='ocr_line' id='line_1_21' title="bbox 1726 743 3290 818; baseline -0.004 -14"><span class='ocrx_word' id='word_1_141' title='bbox 1726 751 1894 804; x_wconf 92' lang='lat' dir='ltr'><strong>nienti</strong></span> <span class='ocrx_word' id='word_1_142' title='bbox 1941 749 2194 804; x_wconf 85' lang='lat' dir='ltr'><strong>veritatis</strong></span> <span class='ocrx_word' id='word_1_143' title='bbox 2245 747 2445 818; x_wconf 86' lang='lat' dir='ltr'><strong>ﬁguras</strong></span> <span class='ocrx_word' id='word_1_144' title='bbox 2491 743 2818 811; x_wconf 80' lang='lat' dir='ltr'><strong>manifesto;</strong></span> <span class='ocrx_word' id='word_1_145' title='bbox 2849 759 3014 812; x_wconf 87' lang='lat' dir='ltr'><strong>quam</strong></span> <span class='ocrx_word' id='word_1_146' title='bbox 3057 759 3162 797; x_wconf 90' lang='lat' dir='ltr'><strong>non</strong></span> <span class='ocrx_word' id='word_1_147' title='bbox 3207 744 3290 797; x_wconf 78' lang='lat' dir='ltr'><strong>vi-</strong></span> 
     </span>
    </p>
   </div>
   <div class='ocr_carea' id='block_1_22' title="bbox 1726 834 3290 908">
    <p class='ocr_par' dir='ltr' id='par_1_22' title="bbox 1726 834 3290 908">
     <span class='ocr_line' id='line_1_22' title="bbox 1726 834 3290 908; baseline -0.004 -14"><span class='ocrx_word' id='word_1_148' title='bbox 1726 839 1915 894; x_wconf 91' lang='lat' dir='ltr'><strong>dentes</strong></span> <span class='ocrx_word' id='word_1_149' title='bbox 1949 839 2145 908; x_wconf 85' lang='lat' dir='ltr'><strong>ipsum,</strong></span> <span class='ocrx_word' id='word_1_150' title='bbox 2192 852 2368 907; x_wconf 88' lang='lat' dir='ltr'><strong>neque</strong></span> <span class='ocrx_word' id='word_1_151' title='bbox 2409 835 2477 890; x_wconf 89' lang='lat' dir='ltr'><strong>ab</strong></span> <span class='ocrx_word' id='word_1_152' title='bbox 2513 835 2658 891; x_wconf 93' lang='lat' dir='ltr'><strong>illius</strong></span> <span class='ocrx_word' id='word_1_153' title='bbox 2697 834 3000 892; x_wconf 85' lang='lat' dir='ltr'><strong>illustratos</strong></span> <span class='ocrx_word' id='word_1_154' title='bbox 3025 835 3290 904; x_wconf 87' lang='lat' dir='ltr'><strong>potentia.</strong></span> 
     </span>
    </p>
   </div>
   <div class='ocr_carea' id='block_1_23' title="bbox 1724 927 3289 1002">
    <p class='ocr_par' dir='ltr' id='par_1_23' title="bbox 1724 927 3289 1002">
     <span class='ocr_line' id='line_1_23' title="bbox 1724 927 3289 1002; baseline -0.004 -16"><span class='ocrx_word' id='word_1_155' title='bbox 1724 933 2030 987; x_wconf 73' lang='lat' dir='ltr'><strong>doctrinam</strong></span> <span class='ocrx_word' id='word_1_156' title='bbox 2061 931 2340 1002; x_wconf 83' lang='lat' dir='ltr'><strong>percipere</strong></span> <span class='ocrx_word' id='word_1_157' title='bbox 2368 930 2434 986; x_wconf 94' lang='lat' dir='ltr'><strong>de</strong></span> <span class='ocrx_word' id='word_1_158' title='bbox 2461 929 2554 984; x_wconf 90' lang='lat' dir='ltr'><strong>illo</strong></span> <span class='ocrx_word' id='word_1_159' title='bbox 2583 943 2679 999; x_wconf 93' lang='lat' dir='ltr'><strong>per</strong></span> <span class='ocrx_word' id='word_1_160' title='bbox 2709 929 2990 985; x_wconf 92' lang='lat' dir='ltr'><strong>ministros</strong></span> <span class='ocrx_word' id='word_1_161' title='bbox 3019 930 3109 998; x_wconf 87' lang='lat' dir='ltr'><strong>qui</strong></span> <span class='ocrx_word' id='word_1_162' title='bbox 3139 927 3289 983; x_wconf 91' lang='lat' dir='ltr'><strong>illum</strong></span> 
     </span>
    </p>
   </div>
   <div class='ocr_carea' id='block_1_24' title="bbox 1723 1019 3290 1088">
    <p class='ocr_par' dir='ltr' id='par_1_24' title="bbox 1723 1019 3290 1088">
     <span class='ocr_line' id='line_1_24' title="bbox 1723 1019 3290 1088; baseline -0.005 -7"><span class='ocrx_word' id='word_1_163' title='bbox 1723 1025 1980 1081; x_wconf 74' lang='lat' dir='ltr'><strong>viderint.</strong></span> <span class='ocrx_word' id='word_1_164' title='bbox 2021 1022 2402 1080; x_wconf 81' lang='lat' dir='ltr'><strong>Diﬁicillimum</strong></span> <span class='ocrx_word' id='word_1_165' title='bbox 2445 1022 2589 1078; x_wconf 91' lang='lat' dir='ltr'><strong>enim</strong></span> <span class='ocrx_word' id='word_1_166' title='bbox 2632 1021 2778 1077; x_wconf 83' lang='lat' dir='ltr'><strong>factu</strong></span> <span class='ocrx_word' id='word_1_167' title='bbox 2807 1031 2914 1088; x_wconf 92' lang='lat' dir='ltr'><strong>est,</strong></span> <span class='ocrx_word' id='word_1_168' title='bbox 2951 1030 3011 1076; x_wconf 92' lang='lat' dir='ltr'><strong>ut</strong></span> <span class='ocrx_word' id='word_1_169' title='bbox 3048 1019 3290 1076; x_wconf 81' lang='lat' dir='ltr'><strong>atIectio-</strong></span> 
     </span>
    </p>
   </div>
   <div class='ocr_carea' id='block_1_25' title="bbox 1723 1111 3289 1183">
    <p class='ocr_par' dir='ltr' id='par_1_25' title="bbox 1723 1111 3289 1183">
     <span class='ocr_line' id='line_1_25' title="bbox 1723 1111 3289 1183; baseline 0.001 -17"><span class='ocrx_word' id='word_1_170' title='bbox 1723 1127 1843 1166; x_wconf 92' lang='lat' dir='ltr'><strong>nem</strong></span> <span class='ocrx_word' id='word_1_171' title='bbox 1877 1112 2300 1182; x_wconf 60' lang='lat' dir='ltr'><strong>eamdem-qua:</strong></span> <span class='ocrx_word' id='word_1_172' title='bbox 2345 1111 2400 1166; x_wconf 91' lang='lat' dir='ltr'><strong>in</strong></span> <span class='ocrx_word' id='word_1_173' title='bbox 2445 1111 2754 1183; x_wconf 81' lang='lat' dir='ltr'><strong>principatu</strong></span> <span class='ocrx_word' id='word_1_174' title='bbox 2792 1112 2986 1182; x_wconf 58' lang='lat' dir='ltr'><strong>anima:</strong></span> <span class='ocrx_word' id='word_1_175' title='bbox 3015 1111 3163 1167; x_wconf 87' lang='lat' dir='ltr'><strong>illius</strong></span> <span class='ocrx_word' id='word_1_176' title='bbox 3196 1114 3289 1182; x_wconf 87' lang='lat' dir='ltr'><strong>qui</strong></span> 
     </span>
    </p>
   </div>
   <div class='ocr_carea' id='block_1_26' title="bbox 1725 1202 3290 1273">
    <p class='ocr_par' dir='ltr' id='par_1_26' title="bbox 1725 1202 3290 1273">
     <span class='ocr_line' id='line_1_26' title="bbox 1725 1202 3290 1273; baseline 0.003 -17"><span class='ocrx_word' id='word_1_177' title='bbox 1725 1204 1944 1270; x_wconf 85' lang='lat' dir='ltr'><strong>viderit,</strong></span> <span class='ocrx_word' id='word_1_178' title='bbox 1972 1202 2226 1268; x_wconf 86' lang='lat' dir='ltr'><strong>eﬁicitur,</strong></span> <span class='ocrx_word' id='word_1_179' title='bbox 2271 1204 2511 1273; x_wconf 90' lang='lat' dir='ltr'><strong>patiatur</strong></span> <span class='ocrx_word' id='word_1_180' title='bbox 2561 1202 2652 1257; x_wconf 90' lang='lat' dir='ltr'><strong>ille</strong></span> <span class='ocrx_word' id='word_1_181' title='bbox 2694 1204 2787 1272; x_wconf 93' lang='lat' dir='ltr'><strong>qui</strong></span> <span class='ocrx_word' id='word_1_182' title='bbox 2832 1203 3090 1260; x_wconf 83' lang='lat' dir='ltr'><strong>educetur</strong></span> <span class='ocrx_word' id='word_1_183' title='bbox 3129 1204 3199 1260; x_wconf 92' lang='lat' dir='ltr'><strong>ab</strong></span> <span class='ocrx_word' id='word_1_184' title='bbox 3225 1219 3290 1260; x_wconf 93' lang='lat' dir='ltr'><strong>eo</strong></span> 
     </span>
    </p>
   </div>
   <div class='ocr_carea' id='block_1_27' title="bbox 1721 1290 3290 1368">
    <p class='ocr_par' dir='ltr' id='par_1_27' title="bbox 1721 1290 3290 1368">
     <span class='ocr_line' id='line_1_27' title="bbox 1721 1290 3290 1368; baseline 0.003 -20"><span class='ocrx_word' id='word_1_185' title='bbox 1721 1290 1812 1367; x_wconf 83' lang='lat' dir='ltr'><strong>qui</strong></span> <span class='ocrx_word' id='word_1_186' title='bbox 1839 1297 2010 1365; x_wconf 86' lang='lat' dir='ltr'><strong>ipsam</strong></span> <span class='ocrx_word' id='word_1_187' title='bbox 2037 1295 2234 1351; x_wconf 87' lang='lat' dir='ltr'><strong>viderit</strong></span> <span class='ocrx_word' id='word_1_188' title='bbox 2265 1315 2277 1350; x_wconf 93' lang='lat'>:</span> <span class='ocrx_word' id='word_1_189' title='bbox 2312 1294 2478 1367; x_wconf 77' lang='lat'><strong>266</strong></span> <span class='ocrx_word' id='word_1_190' title='bbox 2519 1297 2662 1352; x_wconf 91' lang='lat' dir='ltr'><strong>unde</strong></span> <span class='ocrx_word' id='word_1_191' title='bbox 2695 1298 2854 1353; x_wconf 87' lang='lat' dir='ltr'><strong>etiam</strong></span> <span class='ocrx_word' id='word_1_192' title='bbox 2893 1298 3054 1368; x_wconf 90' lang='lat' dir='ltr'><strong>longe</strong></span> <span class='ocrx_word' id='word_1_193' title='bbox 3094 1297 3290 1354; x_wconf 84' lang='lat' dir='ltr'><strong>melius</strong></span> 
     </span>
    </p>
   </div>
   <div class='ocr_carea' id='block_1_28' title="bbox 1720 1387 3288 1460">
    <p class='ocr_par' dir='ltr' id='par_1_28' title="bbox 1720 1387 3288 1460">
     <span class='ocr_line' id='line_1_28' title="bbox 1720 1387 3288 1460; baseline 0.001 -17"><span class='ocrx_word' id='word_1_194' title='bbox 1720 1397 1805 1443; x_wconf 91' lang='lat' dir='ltr'><strong>est</strong></span> <span class='ocrx_word' id='word_1_195' title='bbox 1834 1403 1931 1458; x_wconf 86' lang='lat' dir='ltr'><strong>per</strong></span> <span class='ocrx_word' id='word_1_196' title='bbox 1962 1387 2200 1456; x_wconf 90' lang='lat' dir='ltr'><strong>speciem</strong></span> <span class='ocrx_word' id='word_1_197' title='bbox 2225 1388 2504 1443; x_wconf 89' lang='lat' dir='ltr'><strong>ambulare</strong></span> <span class='ocrx_word' id='word_1_198' title='bbox 2533 1403 2695 1458; x_wconf 91' lang='lat' dir='ltr'><strong>quam</strong></span> <span class='ocrx_word' id='word_1_199' title='bbox 2730 1404 2829 1460; x_wconf 91' lang='lat' dir='ltr'><strong>per</strong></span> <span class='ocrx_word' id='word_1_200' title='bbox 2857 1387 3018 1444; x_wconf 91' lang='lat' dir='ltr'><strong>ﬁdem</strong></span> <span class='ocrx_word' id='word_1_201' title='bbox 3041 1388 3108 1444; x_wconf 76' lang='lat'><strong>“.</strong></span> <span class='ocrx_word' id='word_1_202' title='bbox 3137 1389 3288 1445; x_wconf 81' lang='lat' dir='ltr'><strong>Hanc</strong></span> 
     </span>
    </p>
   </div>
   <div class='ocr_carea' id='block_1_29' title="bbox 1720 1479 3287 1552">
    <p class='ocr_par' dir='ltr' id='par_1_29' title="bbox 1720 1479 3287 1552">
     <span class='ocr_line' id='line_1_29' title="bbox 1720 1479 3287 1552; baseline 0 -15"><span class='ocrx_word' id='word_1_203' title='bbox 1720 1481 1789 1538; x_wconf 87' lang='lat' dir='ltr'><strong>ob</strong></span> <span class='ocrx_word' id='word_1_204' title='bbox 1818 1495 2036 1536; x_wconf 78' lang='lat' dir='ltr'><strong>causam</strong></span> <span class='ocrx_word' id='word_1_205' title='bbox 2067 1479 2236 1550; x_wconf 85' lang='lat' dir='ltr'><strong>aliqui</strong></span> <span class='ocrx_word' id='word_1_206' title='bbox 2273 1494 2370 1550; x_wconf 92' lang='lat' dir='ltr'><strong>per</strong></span> <span class='ocrx_word' id='word_1_207' title='bbox 2396 1481 2632 1550; x_wconf 76' lang='lat' dir='ltr'><strong>Speciem</strong></span> <span class='ocrx_word' id='word_1_208' title='bbox 2671 1481 3018 1538; x_wconf 83' lang='lat' dir='ltr'><strong>ambulantes</strong></span> <span class='ocrx_word' id='word_1_209' title='bbox 3062 1481 3115 1536; x_wconf 91' lang='lat' dir='ltr'><strong>in</strong></span> <span class='ocrx_word' id='word_1_210' title='bbox 3146 1496 3287 1552; x_wconf 65' lang='lat' dir='ltr'><strong>pra:-</strong></span> 
     </span>
    </p>
   </div>
   <div class='ocr_carea' id='block_1_30' title="bbox 1720 1571 3288 1644">
    <p class='ocr_par' dir='ltr' id='par_1_30' title="bbox 1720 1571 3288 1644">
     <span class='ocr_line' id='line_1_30' title="bbox 1720 1571 3288 1644; baseline 0.003 -19"><span class='ocrx_word' id='word_1_211' title='bbox 1720 1571 1898 1644; x_wconf 89' lang='lat' dir='ltr'><strong>cipuis</strong></span> <span class='ocrx_word' id='word_1_212' title='bbox 1935 1571 2190 1628; x_wconf 90' lang='lat' dir='ltr'><strong>dicentur</strong></span> <span class='ocrx_word' id='word_1_213' title='bbox 2219 1585 2342 1626; x_wconf 88' lang='lat' dir='ltr'><strong>esse</strong></span> <span class='ocrx_word' id='word_1_214' title='bbox 2363 1571 2812 1638; x_wconf 86' lang='lat' dir='ltr'><strong>charismatibus,</strong></span> <span class='ocrx_word' id='word_1_215' title='bbox 2839 1586 3034 1643; x_wconf 90' lang='lat' dir='ltr'><strong>nempe</strong></span> <span class='ocrx_word' id='word_1_216' title='bbox 3079 1573 3132 1627; x_wconf 92' lang='lat' dir='ltr'><strong>in</strong></span> <span class='ocrx_word' id='word_1_217' title='bbox 3164 1587 3288 1630; x_wconf 86' lang='lat' dir='ltr'><strong>set-</strong></span> 
     </span>
    </p>
   </div>
   <div class='ocr_carea' id='block_1_31' title="bbox 1722 1659 3289 1732">
    <p class='ocr_par' dir='ltr' id='par_1_31' title="bbox 1722 1659 3289 1732">
     <span class='ocr_line' id='line_1_31' title="bbox 1722 1659 3289 1732; baseline 0.003 -18"><span class='ocrx_word' id='word_1_218' title='bbox 1722 1675 1881 1715; x_wconf 90' lang='lat' dir='ltr'><strong>mone</strong></span> <span class='ocrx_word' id='word_1_219' title='bbox 1937 1659 2218 1730; x_wconf 73' lang='lat' dir='ltr'><strong>sapientia:</strong></span> <span class='ocrx_word' id='word_1_220' title='bbox 2249 1676 2347 1732; x_wconf 90' lang='lat' dir='ltr'><strong>per</strong></span> <span class='ocrx_word' id='word_1_221' title='bbox 2378 1661 2642 1730; x_wconf 90' lang='lat' dir='ltr'><strong>Spiritum</strong></span> <span class='ocrx_word' id='word_1_222' title='bbox 2671 1659 2789 1722; x_wconf 89' lang='lat' dir='ltr'><strong>Dei,</strong></span> <span class='ocrx_word' id='word_1_223' title='bbox 2836 1670 2891 1716; x_wconf 90' lang='lat' dir='ltr'><strong>et</strong></span> <span class='ocrx_word' id='word_1_224' title='bbox 2935 1661 2988 1715; x_wconf 93' lang='lat' dir='ltr'><strong>in</strong></span> <span class='ocrx_word' id='word_1_225' title='bbox 3034 1672 3289 1719; x_wconf 73' lang='lat' dir='ltr'><strong>sermons</strong></span> 
     </span>
    </p>
   </div>
   <div class='ocr_carea' id='block_1_32' title="bbox 1721 1749 3287 1822">
    <p class='ocr_par' dir='ltr' id='par_1_32' title="bbox 1721 1749 3287 1822">
     <span class='ocr_line' id='line_1_32' title="bbox 1721 1749 3287 1822; baseline 0.003 -20"><span class='ocrx_word' id='word_1_226' title='bbox 1721 1749 1963 1804; x_wconf 71' lang='lat' dir='ltr'><strong>scientiae</strong></span> <span class='ocrx_word' id='word_1_227' title='bbox 1990 1750 2145 1818; x_wconf 82' lang='lat' dir='ltr'><strong>juxta</strong></span> <span class='ocrx_word' id='word_1_228' title='bbox 2179 1751 2427 1806; x_wconf 90' lang='lat' dir='ltr'><strong>eumdem</strong></span> <span class='ocrx_word' id='word_1_229' title='bbox 2460 1749 2726 1821; x_wconf 89' lang='lat' dir='ltr'><strong>Spiritum</strong></span> <span class='ocrx_word' id='word_1_230' title='bbox 2766 1751 2811 1783; x_wconf 67' lang='grc' dir='ltr'>δι</span> <span class='ocrx_word' id='word_1_231' title='bbox 2853 1769 2870 1819; x_wconf 88' lang='lat'><strong>;</strong></span> <span class='ocrx_word' id='word_1_232' title='bbox 2911 1752 3001 1821; x_wconf 91' lang='lat' dir='ltr'><strong>qui</strong></span> <span class='ocrx_word' id='word_1_233' title='bbox 3034 1766 3163 1809; x_wconf 85' lang='lat' dir='ltr'><strong>vero</strong></span> <span class='ocrx_word' id='word_1_234' title='bbox 3193 1769 3287 1822; x_wconf 83' lang='lat' dir='ltr'><strong>per</strong></span> 
     </span>
    </p>
   </div>
   <div class='ocr_carea' id='block_1_33' title="bbox 1722 1840 3283 1913">
    <p class='ocr_par' dir='ltr' id='par_1_33' title="bbox 1722 1840 3283 1913">
     <span class='ocr_line' id='line_1_33' title="bbox 1722 1840 3283 1913; baseline 0.003 -19"><span class='ocrx_word' id='word_1_235' title='bbox 1722 1840 1880 1897; x_wconf 85' lang='lat' dir='ltr'><strong>ﬁdem</strong></span> <span class='ocrx_word' id='word_1_236' title='bbox 1936 1840 2251 1906; x_wconf 91' lang='lat' dir='ltr'><strong>ambulant,</strong></span> <span class='ocrx_word' id='word_1_237' title='bbox 2300 1841 2509 1896; x_wconf 89' lang='lat' dir='ltr'><strong>etiamsi</strong></span> <span class='ocrx_word' id='word_1_238' title='bbox 2556 1842 2753 1896; x_wconf 89' lang='lat' dir='ltr'><strong>donum</strong></span> <span class='ocrx_word' id='word_1_239' title='bbox 2802 1841 2875 1897; x_wconf 91' lang='lat' dir='ltr'><strong>sit</strong></span> <span class='ocrx_word' id='word_1_240' title='bbox 2929 1842 3096 1908; x_wconf 88' lang='lat' dir='ltr'><strong>ﬁdes,</strong></span> <span class='ocrx_word' id='word_1_241' title='bbox 3131 1843 3283 1913; x_wconf 78' lang='lat' dir='ltr'><strong>juxta</strong></span> 
     </span>
    </p>
   </div>
   <div class='ocr_carea' id='block_1_34' title="bbox 62 1925 1616 2008">
    <p class='ocr_par' dir='ltr' id='par_1_34' title="bbox 62 1925 1616 2008">
     <span class='ocr_line' id='line_1_34' title="bbox 62 1925 1616 2008; baseline 0.009 -32"><span class='ocrx_word' id='word_1_242' title='bbox 62 1928 114 1995; x_wconf 73' lang='grc' dir='ltr'>τῇ</span> <span class='ocrx_word' id='word_1_243' title='bbox 161 1925 306 1991; x_wconf 71' lang='grc' dir='ltr'>τάξει</span> <span class='ocrx_word' id='word_1_244' title='bbox 350 1928 459 1982; x_wconf 81' lang='grc' dir='ltr'><strong>τῶν</strong></span> <span class='ocrx_word' id='word_1_245' title='bbox 500 1933 782 2006; x_wconf 84' lang='grc' dir='ltr'>προτέρων</span> <span class='ocrx_word' id='word_1_246' title='bbox 818 1935 955 1988; x_wconf 72' lang='grc' dir='ltr'>εἰσὶν</span> <span class='ocrx_word' id='word_1_247' title='bbox 991 1934 1226 2008; x_wconf 77' lang='grc' dir='ltr'>ὕστεροι.</span> <span class='ocrx_word' id='word_1_248' title='bbox 1275 1934 1616 2003; x_wconf 83' lang='grc' dir='ltr'>Ἑξεταστέον</span> 
     </span>
    </p>
   </div>
   <div class='ocr_carea' id='block_1_35' title="bbox 1719 1925 3283 2008">
    <p class='ocr_par' dir='ltr' id='par_1_35' title="bbox 1724 1929 3283 2002">
     <span class='ocr_line' id='line_1_35' title="bbox 1724 1929 3283 2002; baseline 0.002 -15"><span class='ocrx_word' id='word_1_249' title='bbox 1724 1931 1893 1987; x_wconf 88' lang='lat' dir='ltr'><strong>illud:</strong></span> <span class='ocrx_word' id='word_1_250' title='bbox 1935 1951 1953 1984; x_wconf 83' lang='grc' dir='ltr'><strong>ι</strong></span> <span class='ocrx_word' id='word_1_251' title='bbox 1988 1932 2091 1986; x_wconf 84' lang='lat' dir='ltr'><strong>Alii</strong></span> <span class='ocrx_word' id='word_1_252' title='bbox 2131 1941 2306 1986; x_wconf 78' lang='lat' dir='ltr'><strong>autem</strong></span> <span class='ocrx_word' id='word_1_253' title='bbox 2338 1929 2494 1998; x_wconf 86' lang='lat' dir='ltr'><strong>ﬁdes,</strong></span> <span class='ocrx_word' id='word_1_254' title='bbox 2525 1934 2578 1987; x_wconf 91' lang='lat' dir='ltr'><strong>in</strong></span> <span class='ocrx_word' id='word_1_255' title='bbox 2607 1934 2795 1988; x_wconf 85' lang='lat' dir='ltr'><strong>eodem</strong></span> <span class='ocrx_word' id='word_1_256' title='bbox 2841 1935 3033 2002; x_wconf 88' lang='lat' dir='ltr'><strong>spiritu</strong></span> <span class='ocrx_word' id='word_1_257' title='bbox 3065 1936 3132 2002; x_wconf 68' lang='grc' dir='ltr'><strong>δ’,</strong></span> <span class='ocrx_word' id='word_1_258' title='bbox 3171 1954 3192 1988; x_wconf 75' lang='grc' dir='ltr'><strong>ι</strong></span> <span class='ocrx_word' id='word_1_259' title='bbox 3230 1937 3283 1990; x_wconf 91' lang='lat' dir='ltr'><strong>in</strong></span> 
     </span>
    </p>
   </div>
   <div class='ocr_carea' id='block_1_36' title="bbox 61 2017 1617 2102">
    <p class='ocr_par' dir='ltr' id='par_1_36' title="bbox 61 2017 1617 2102">
     <span class='ocr_line' id='line_1_36' title="bbox 61 2017 1617 2102; baseline 0.011 -36"><span class='ocrx_word' id='word_1_260' title='bbox 61 2017 105 2067; x_wconf 80' lang='grc' dir='ltr'>δὲ</span> <span class='ocrx_word' id='word_1_261' title='bbox 130 2017 246 2069; x_wconf 80' lang='grc' dir='ltr'>πότε</span> <span class='ocrx_word' id='word_1_262' title='bbox 279 2020 379 2072; x_wconf 76' lang='grc' dir='ltr'>καὶ</span> <span class='ocrx_word' id='word_1_263' title='bbox 418 2021 535 2087; x_wconf 81' lang='grc' dir='ltr'><strong>πῶς</strong></span> <span class='ocrx_word' id='word_1_264' title='bbox 583 2024 732 2094; x_wconf 81' lang='grc' dir='ltr'>λέγει</span> <span class='ocrx_word' id='word_1_265' title='bbox 782 2026 993 2091; x_wconf 82' lang='grc' dir='ltr'>Παῦλος</span> <span class='ocrx_word' id='word_1_266' title='bbox 1014 2044 1028 2058; x_wconf 88' lang='grc'><strong>·</strong></span> <span class='ocrx_word' id='word_1_267' title='bbox 1061 2047 1078 2079; x_wconf 79' lang='grc' dir='ltr'><strong>ι</strong></span> <span class='ocrx_word' id='word_1_268' title='bbox 1109 2028 1207 2080; x_wconf 75' lang='grc' dir='ltr'>Διά</span> <span class='ocrx_word' id='word_1_269' title='bbox 1238 2029 1473 2092; x_wconf 87' lang='grc' dir='ltr'>πίστεως</span> <span class='ocrx_word' id='word_1_270' title='bbox 1508 2027 1617 2102; x_wconf 89' lang='grc' dir='ltr'><strong>γάρ</strong></span> 
     </span>
    </p>
   </div>
   <div class='ocr_carea' id='block_1_37' title="bbox 64 2109 1617 2190">
    <p class='ocr_par' dir='ltr' id='par_1_37' title="bbox 64 2109 1617 2190">
     <span class='ocr_line' id='line_1_37' title="bbox 64 2109 1617 2190; baseline 0.01 -31"><span class='ocrx_word' id='word_1_271' title='bbox 64 2109 471 2182; x_wconf 77' lang='grc' dir='ltr'>περιπατοῦμεν,</span> <span class='ocrx_word' id='word_1_272' title='bbox 499 2115 556 2167; x_wconf 79' lang='grc' dir='ltr'>οὐ</span> <span class='ocrx_word' id='word_1_273' title='bbox 586 2114 674 2168; x_wconf 82' lang='grc' dir='ltr'>διὰ</span> <span class='ocrx_word' id='word_1_274' title='bbox 701 2116 892 2182; x_wconf 74' lang='grc' dir='ltr'>εἴδους·</span> <span class='ocrx_word' id='word_1_275' title='bbox 927 2137 944 2169; x_wconf 76' lang='grc' dir='ltr'><strong>ι</strong></span> <span class='ocrx_word' id='word_1_276' title='bbox 985 2118 1102 2183; x_wconf 83' lang='grc' dir='ltr'>πῶς</span> <span class='ocrx_word' id='word_1_277' title='bbox 1132 2118 1260 2190; x_wconf 81' lang='grc' dir='ltr'>γὰρ,</span> <span class='ocrx_word' id='word_1_278' title='bbox 1281 2120 1414 2174; x_wconf 79' lang='grc' dir='ltr'>ὡσεὶ</span> <span class='ocrx_word' id='word_1_279' title='bbox 1433 2118 1617 2174; x_wconf 71' lang='grc' dir='ltr'>πολλοὶ</span> 
     </span>
    </p>
   </div>
   <div class='ocr_carea' id='block_1_38' title="bbox 64 2197 1620 2282">
    <p class='ocr_par' dir='ltr' id='par_1_38' title="bbox 64 2197 1620 2282">
     <span class='ocr_line' id='line_1_38' title="bbox 64 2197 1620 2282; baseline 0.011 -35"><span class='ocrx_word' id='word_1_280' title='bbox 64 2197 236 2262; x_wconf 66' lang='grc' dir='ltr'>νωῦσι,</span> <span class='ocrx_word' id='word_1_281' title='bbox 259 2200 349 2253; x_wconf 78' lang='grc' dir='ltr'>διὰ</span> <span class='ocrx_word' id='word_1_282' title='bbox 384 2202 651 2270; x_wconf 81' lang='grc' dir='ltr'>πίστεως,</span> <span class='ocrx_word' id='word_1_283' title='bbox 692 2207 785 2260; x_wconf 80' lang='grc' dir='ltr'><strong>καὶ</strong></span> <span class='ocrx_word' id='word_1_284' title='bbox 832 2207 894 2259; x_wconf 84' lang='grc' dir='ltr'>οὒ</span> <span class='ocrx_word' id='word_1_285' title='bbox 933 2207 1019 2262; x_wconf 83' lang='grc' dir='ltr'>διὰ</span> <span class='ocrx_word' id='word_1_286' title='bbox 1051 2208 1224 2273; x_wconf 73' lang='grc' dir='ltr'>εἴδους</span> <span class='ocrx_word' id='word_1_287' title='bbox 1261 2212 1554 2282; x_wconf 87' lang='grc' dir='ltr'>περιπατεῖ</span> <span class='ocrx_word' id='word_1_288' title='bbox 1589 2211 1620 2264; x_wconf 79' lang='grc' dir='ltr'><strong>ό</strong></span> 
     </span>
    </p>
   </div>
   <div class='ocr_carea' id='block_1_39' title="bbox 63 2288 1620 2372">
    <p class='ocr_par' dir='ltr' id='par_1_39' title="bbox 63 2288 1620 2372">
     <span class='ocr_line' id='line_1_39' title="bbox 63 2288 1620 2372; baseline 0.009 -35"><span class='ocrx_word' id='word_1_289' title='bbox 63 2288 444 2358; x_wconf 76' lang='grc' dir='ltr'>ἐμϐριθέστατα</span> <span class='ocrx_word' id='word_1_290' title='bbox 472 2294 664 2364; x_wconf 84' lang='grc' dir='ltr'>λέγων·</span> <span class='ocrx_word' id='word_1_291' title='bbox 699 2315 716 2348; x_wconf 80' lang='grc' dir='ltr'><strong>ι</strong></span> <span class='ocrx_word' id='word_1_292' title='bbox 743 2295 856 2351; x_wconf 81' lang='grc' dir='ltr'><strong>Οὐκ</strong></span> <span class='ocrx_word' id='word_1_293' title='bbox 879 2299 993 2368; x_wconf 76' lang='grc' dir='ltr'>εἰμὶ</span> <span class='ocrx_word' id='word_1_294' title='bbox 1024 2299 1308 2372; x_wconf 85' lang='grc' dir='ltr'>ἐλεύθερος</span> <span class='ocrx_word' id='word_1_295' title='bbox 1333 2315 1347 2362; x_wconf 76' lang='grc' dir='ltr'><strong>ς</strong></span> <span class='ocrx_word' id='word_1_296' title='bbox 1380 2301 1477 2352; x_wconf 82' lang='grc' dir='ltr'>οὐκ</span> <span class='ocrx_word' id='word_1_297' title='bbox 1503 2295 1620 2370; x_wconf 77' lang='grc' dir='ltr'>είμὶ</span> 
     </span>
    </p>
   </div>
   <div class='ocr_carea' id='block_1_40' title="bbox 62 2379 1614 2460">
    <p class='ocr_par' dir='ltr' id='par_1_40' title="bbox 62 2379 1614 2460">
     <span class='ocr_line' id='line_1_40' title="bbox 62 2379 1614 2460; baseline 0.008 -31"><span class='ocrx_word' id='word_1_298' title='bbox 62 2379 366 2448; x_wconf 49' lang='lat' dir='ltr'><strong>dada-mlo“</strong></span> <span class='ocrx_word' id='word_1_299' title='bbox 399 2384 520 2455; x_wconf 73' lang='grc' dir='ltr'>οὐχὶ</span> <span class='ocrx_word' id='word_1_300' title='bbox 554 2385 760 2457; x_wconf 80' lang='grc' dir='ltr'>Ἰησοῦν</span> <span class='ocrx_word' id='word_1_301' title='bbox 791 2387 882 2441; x_wconf 81' lang='grc' dir='ltr'>τὸν</span> <span class='ocrx_word' id='word_1_302' title='bbox 908 2387 1111 2460; x_wconf 83' lang='grc' dir='ltr'>Κύριον</span> <span class='ocrx_word' id='word_1_303' title='bbox 1153 2388 1308 2460; x_wconf 80' lang='grc' dir='ltr'>ἡμῶν</span> <span class='ocrx_word' id='word_1_304' title='bbox 1350 2388 1569 2460; x_wconf 77' lang='grc' dir='ltr'>ἑώρακα</span> <span class='ocrx_word' id='word_1_305' title='bbox 1600 2404 1614 2454; x_wconf 87' lang='grc'><strong>;</strong></span> 
     </span>
    </p>
   </div>
   <div class='ocr_carea' id='block_1_41' title="bbox 59 2471 1617 2552">
    <p class='ocr_par' dir='ltr' id='par_1_41' title="bbox 59 2471 1617 2552">
     <span class='ocr_line' id='line_1_41' title="bbox 59 2471 1617 2552; baseline 0.013 -31"><span class='ocrx_word' id='word_1_306' title='bbox 59 2471 106 2521; x_wconf 74' lang='grc' dir='ltr'>οὔ</span> <span class='ocrx_word' id='word_1_307' title='bbox 134 2471 186 2525; x_wconf 81' lang='grc' dir='ltr'>τὸ</span> <span class='ocrx_word' id='word_1_308' title='bbox 229 2472 399 2544; x_wconf 75' lang='grc' dir='ltr'>ἔργον</span> <span class='ocrx_word' id='word_1_309' title='bbox 449 2494 552 2546; x_wconf 89' lang='grc' dir='ltr'><strong>μου</strong></span> <span class='ocrx_word' id='word_1_310' title='bbox 599 2479 758 2550; x_wconf 85' lang='grc' dir='ltr'>ὑμεῖς</span> <span class='ocrx_word' id='word_1_311' title='bbox 789 2481 912 2534; x_wconf 88' lang='grc' dir='ltr'>ἐστε</span> <span class='ocrx_word' id='word_1_312' title='bbox 951 2482 1010 2534; x_wconf 89' lang='grc' dir='ltr'><strong>ἐν</strong></span> <span class='ocrx_word' id='word_1_313' title='bbox 1065 2481 1293 2552; x_wconf 81' lang='grc' dir='ltr'>Κυρίῳ;</span> <span class='ocrx_word' id='word_1_314' title='bbox 1326 2500 1344 2532; x_wconf 74' lang='grc' dir='ltr'><strong>ι</strong></span> <span class='ocrx_word' id='word_1_315' title='bbox 1386 2479 1617 2552; x_wconf 81' lang='grc' dir='ltr'>Ἰδωμεν</span> 
     </span>
    </p>
   </div>
   <div class='ocr_carea' id='block_1_42' title="bbox 59 2558 1617 2636">
    <p class='ocr_par' dir='ltr' id='par_1_42' title="bbox 59 2558 1617 2636">
     <span class='ocr_line' id='line_1_42' title="bbox 59 2558 1617 2636; baseline 0.005 -18"><span class='ocrx_word' id='word_1_316' title='bbox 59 2558 134 2618; x_wconf 70' lang='grc' dir='ltr'>οὖν</span> <span class='ocrx_word' id='word_1_317' title='bbox 160 2564 218 2617; x_wconf 78' lang='grc' dir='ltr'><strong>τὸ</strong></span> <span class='ocrx_word' id='word_1_318' title='bbox 249 2567 420 2636; x_wconf 76' lang='grc' dir='ltr'>ῥητὸν</span> <span class='ocrx_word' id='word_1_319' title='bbox 463 2569 580 2633; x_wconf 79' lang='grc' dir='ltr'><strong>πῶς</strong></span> <span class='ocrx_word' id='word_1_320' title='bbox 623 2569 705 2624; x_wconf 93' lang='grc' dir='ltr'><strong>δεῖ</strong></span> <span class='ocrx_word' id='word_1_321' title='bbox 755 2571 1005 2626; x_wconf 75' lang='grc' dir='ltr'>ἐκλαϐεῖν</span> <span class='ocrx_word' id='word_1_322' title='bbox 1043 2574 1134 2628; x_wconf 68' lang='grc' dir='ltr'>τόδ</span> <span class='ocrx_word' id='word_1_323' title='bbox 1179 2592 1197 2626; x_wconf 83' lang='grc' dir='ltr'><strong>ι</strong></span> <span class='ocrx_word' id='word_1_324' title='bbox 1231 2571 1332 2626; x_wconf 88' lang='grc' dir='ltr'>Διά</span> <span class='ocrx_word' id='word_1_325' title='bbox 1379 2572 1617 2636; x_wconf 87' lang='grc' dir='ltr'>πίστεως</span> 
     </span>
    </p>
   </div>
   <div class='ocr_carea' id='block_1_43' title="bbox 60 2653 1617 2731">
    <p class='ocr_par' dir='ltr' id='par_1_43' title="bbox 60 2653 1617 2731">
     <span class='ocr_line' id='line_1_43' title="bbox 60 2653 1617 2731; baseline 0.008 -27"><span class='ocrx_word' id='word_1_326' title='bbox 60 2653 148 2726; x_wconf 68' lang='grc' dir='ltr'><strong>γὰρ</strong></span> <span class='ocrx_word' id='word_1_327' title='bbox 194 2658 646 2731; x_wconf 79' lang='grc' dir='ltr'>περιπατοῦμεν,</span> <span class='ocrx_word' id='word_1_328' title='bbox 685 2661 744 2714; x_wconf 86' lang='grc' dir='ltr'>οὐ</span> <span class='ocrx_word' id='word_1_329' title='bbox 790 2662 879 2716; x_wconf 82' lang='grc' dir='ltr'>διὰ</span> <span class='ocrx_word' id='word_1_330' title='bbox 929 2662 1103 2728; x_wconf 70' lang='grc' dir='ltr'>εἴδους</span> <span class='ocrx_word' id='word_1_331' title='bbox 1128 2704 1143 2728; x_wconf 93' lang='grc'><strong>,</strong></span> <span class='ocrx_word' id='word_1_332' title='bbox 1178 2683 1198 2716; x_wconf 68' lang='grc' dir='ltr'><strong>ι</strong></span> <span class='ocrx_word' id='word_1_333' title='bbox 1256 2662 1617 2726; x_wconf 77' lang='grc' dir='ltr'>ἀναλαϐόντες</span> 
     </span>
    </p>
   </div>
   <div class='ocr_carea' id='block_1_44' title="bbox 61 2745 1616 2825">
    <p class='ocr_par' dir='ltr' id='par_1_44' title="bbox 61 2745 1616 2825">
     <span class='ocr_line' id='line_1_44' title="bbox 61 2745 1616 2825; baseline 0.008 -30"><span class='ocrx_word' id='word_1_334' title='bbox 61 2745 168 2797; x_wconf 64' lang='grc' dir='ltr'>αὐτὸ</span> <span class='ocrx_word' id='word_1_335' title='bbox 195 2747 304 2800; x_wconf 75' lang='grc' dir='ltr'>ἀπὸ</span> <span class='ocrx_word' id='word_1_336' title='bbox 329 2749 444 2802; x_wconf 83' lang='grc' dir='ltr'>τῶν</span> <span class='ocrx_word' id='word_1_337' title='bbox 479 2751 736 2823; x_wconf 82' lang='grc' dir='ltr'>ἀνωτέρω</span> <span class='ocrx_word' id='word_1_338' title='bbox 771 2752 947 2818; x_wconf 82' lang='grc' dir='ltr'>οὕτως</span> <span class='ocrx_word' id='word_1_339' title='bbox 976 2753 1119 2824; x_wconf 75' lang='grc' dir='ltr'>ἔχειν</span> <span class='ocrx_word' id='word_1_340' title='bbox 1147 2753 1278 2825; x_wconf 70' lang='grc' dir='ltr'><strong>(Ξ9)⁶</strong></span> <span class='ocrx_word' id='word_1_341' title='bbox 1311 2772 1331 2806; x_wconf 79' lang='grc' dir='ltr'><strong>ι</strong></span> <span class='ocrx_word' id='word_1_342' title='bbox 1352 2753 1411 2808; x_wconf 85' lang='lat'><strong>&#39;0</strong></span> <span class='ocrx_word' id='word_1_343' title='bbox 1431 2752 1490 2806; x_wconf 83' lang='grc' dir='ltr'>δὲ</span> <span class='ocrx_word' id='word_1_344' title='bbox 1517 2768 1616 2807; x_wconf 86' lang='grc' dir='ltr'>κα-</span> 
     </span>
    </p>
   </div>
   <div class='ocr_carea' id='block_1_45' title="bbox 61 2838 1616 2914">
    <p class='ocr_par' dir='ltr' id='par_1_45' title="bbox 61 2838 1616 2914">
     <span class='ocr_line' id='line_1_45' title="bbox 61 2838 1616 2914; baseline 0.016 -29"><span class='ocrx_word' id='word_1_345' title='bbox 61 2838 446 2910; x_wconf 77' lang='grc' dir='ltr'>τεργασάμενος</span> <span class='ocrx_word' id='word_1_346' title='bbox 487 2843 635 2914; x_wconf 76' lang='grc' dir='ltr'>ἡμᾶς</span> <span class='ocrx_word' id='word_1_347' title='bbox 682 2845 764 2908; x_wconf 84' lang='grc' dir='ltr'><strong>είς</strong></span> <span class='ocrx_word' id='word_1_348' title='bbox 813 2847 946 2900; x_wconf 78' lang='grc' dir='ltr'>αὐτὸ</span> <span class='ocrx_word' id='word_1_349' title='bbox 987 2845 1145 2901; x_wconf 87' lang='grc' dir='ltr'>τοῦτο</span> <span class='ocrx_word' id='word_1_350' title='bbox 1179 2848 1208 2901; x_wconf 89' lang='grc' dir='ltr'><strong>ό</strong></span> <span class='ocrx_word' id='word_1_351' title='bbox 1239 2846 1391 2913; x_wconf 73' lang='grc' dir='ltr'>Θεὸς,</span> <span class='ocrx_word' id='word_1_352' title='bbox 1436 2847 1464 2900; x_wconf 90' lang='grc' dir='ltr'><strong>ό</strong></span> <span class='ocrx_word' id='word_1_353' title='bbox 1493 2844 1616 2910; x_wconf 77' lang='grc' dir='ltr'>δοὺς</span> 
     </span>
    </p>
   </div>
   <div class='ocr_carea' id='block_1_46' title="bbox 61 2925 1616 3006">
    <p class='ocr_par' dir='ltr' id='par_1_46' title="bbox 61 2925 1616 3006">
     <span class='ocr_line' id='line_1_46' title="bbox 61 2925 1616 3006; baseline 0.01 -30"><span class='ocrx_word' id='word_1_354' title='bbox 61 2925 166 2993; x_wconf 70' lang='grc' dir='ltr'>ἡμῖν</span> <span class='ocrx_word' id='word_1_355' title='bbox 188 2927 274 2980; x_wconf 77' lang='grc' dir='ltr'>τὸν</span> <span class='ocrx_word' id='word_1_356' title='bbox 294 2931 602 3000; x_wconf 74' lang='grc' dir='ltr'>ἀρῤαϐὧνα</span> <span class='ocrx_word' id='word_1_357' title='bbox 638 2931 731 2986; x_wconf 89' lang='grc' dir='ltr'><strong>τοῦ</strong></span> <span class='ocrx_word' id='word_1_358' title='bbox 765 2934 1102 3006; x_wconf 88' lang='grc' dir='ltr'>Πνεύματος.</span> <span class='ocrx_word' id='word_1_359' title='bbox 1147 2934 1486 3006; x_wconf 76' lang='grc' dir='ltr'>Θαρροῦντες</span> <span class='ocrx_word' id='word_1_360' title='bbox 1521 2930 1616 2991; x_wconf 80' lang='grc' dir='ltr'>οὖν</span> 
     </span>
    </p>
   </div>
   <div class='ocr_carea' id='block_1_47' title="bbox 63 3019 1616 3099">
    <p class='ocr_par' dir='ltr' id='par_1_47' title="bbox 63 3019 1616 3099">
     <span class='ocr_line' id='line_1_47' title="bbox 63 3019 1616 3099; baseline 0.021 -30"><span class='ocrx_word' id='word_1_361' title='bbox 63 3019 284 3085; x_wconf 69' lang='grc' dir='ltr'>πάντοτε,</span> <span class='ocrx_word' id='word_1_362' title='bbox 320 3023 425 3075; x_wconf 78' lang='grc' dir='ltr'>καὶ</span> <span class='ocrx_word' id='word_1_363' title='bbox 454 3022 676 3089; x_wconf 66' lang='grc' dir='ltr'>εἰδότες,</span> <span class='ocrx_word' id='word_1_364' title='bbox 715 3025 798 3079; x_wconf 82' lang='grc' dir='ltr'>ὅτι</span> <span class='ocrx_word' id='word_1_365' title='bbox 827 3026 1184 3098; x_wconf 73' lang='grc' dir='ltr'>ἐνδημοῦντες</span> <span class='ocrx_word' id='word_1_366' title='bbox 1215 3029 1274 3082; x_wconf 75' lang='grc' dir='ltr'><strong>έν</strong></span> <span class='ocrx_word' id='word_1_367' title='bbox 1300 3026 1379 3099; x_wconf 74' lang='grc' dir='ltr'><strong>τῷ</strong></span> <span class='ocrx_word' id='word_1_368' title='bbox 1402 3025 1616 3099; x_wconf 68' lang='grc' dir='ltr'><strong>σώματι</strong></span> 
     </span>
    </p>
   </div>
   <div class='ocr_carea' id='block_1_48' title="bbox 60 3109 1613 3193">
    <p class='ocr_par' dir='ltr' id='par_1_48' title="bbox 60 3109 1613 3193">
     <span class='ocr_line' id='line_1_48' title="bbox 60 3109 1613 3193; baseline 0.008 -32"><span class='ocrx_word' id='word_1_369' title='bbox 60 3109 383 3183; x_wconf 73' lang='grc' dir='ltr'>ἐκδημοῦμεν</span> <span class='ocrx_word' id='word_1_370' title='bbox 420 3113 529 3168; x_wconf 82' lang='grc' dir='ltr'>ἀπὸ</span> <span class='ocrx_word' id='word_1_371' title='bbox 560 3115 656 3169; x_wconf 85' lang='grc' dir='ltr'><strong>τοῦ</strong></span> <span class='ocrx_word' id='word_1_372' title='bbox 687 3118 894 3189; x_wconf 84' lang='grc' dir='ltr'>Κυρίου</span> <span class='ocrx_word' id='word_1_373' title='bbox 919 3133 933 3148; x_wconf 83' lang='lat'>&#39;</span> <span class='ocrx_word' id='word_1_374' title='bbox 962 3117 1052 3172; x_wconf 85' lang='grc' dir='ltr'><strong>διὰ</strong></span> <span class='ocrx_word' id='word_1_375' title='bbox 1094 3120 1331 3184; x_wconf 86' lang='grc' dir='ltr'>πίστεως</span> <span class='ocrx_word' id='word_1_376' title='bbox 1376 3118 1487 3193; x_wconf 89' lang='grc' dir='ltr'><strong>γάρ</strong></span> <span class='ocrx_word' id='word_1_377' title='bbox 1514 3137 1613 3173; x_wconf 87' lang='grc' dir='ltr'>πε-</span> 
     </span>
    </p>
   </div>
   <div class='ocr_carea' id='block_1_49' title="bbox 65 3204 1615 3284">
    <p class='ocr_par' dir='ltr' id='par_1_49' title="bbox 65 3204 1615 3284">
     <span class='ocr_line' id='line_1_49' title="bbox 65 3204 1615 3284; baseline 0.008 -30"><span class='ocrx_word' id='word_1_378' title='bbox 65 3204 398 3276; x_wconf 75' lang='grc' dir='ltr'>ριπατοῦμεν,</span> <span class='ocrx_word' id='word_1_379' title='bbox 427 3205 492 3260; x_wconf 85' lang='grc' dir='ltr'>οὒ</span> <span class='ocrx_word' id='word_1_380' title='bbox 516 3206 604 3262; x_wconf 87' lang='grc' dir='ltr'><strong>διά</strong></span> <span class='ocrx_word' id='word_1_381' title='bbox 627 3207 800 3272; x_wconf 73' lang='grc' dir='ltr'>εἴδους</span> <span class='ocrx_word' id='word_1_382' title='bbox 820 3225 834 3240; x_wconf 86' lang='grc'><strong>·</strong></span> <span class='ocrx_word' id='word_1_383' title='bbox 869 3228 889 3261; x_wconf 73' lang='grc' dir='ltr'><strong>ι</strong></span> <span class='ocrx_word' id='word_1_384' title='bbox 928 3209 1114 3282; x_wconf 89' lang='grc' dir='ltr'>(δῆλον</span> <span class='ocrx_word' id='word_1_385' title='bbox 1137 3211 1179 3265; x_wconf 82' lang='grc' dir='ltr'>δ’</span> <span class='ocrx_word' id='word_1_386' title='bbox 1208 3213 1288 3266; x_wconf 79' lang='grc' dir='ltr'>ὅτι</span> <span class='ocrx_word' id='word_1_387' title='bbox 1322 3211 1615 3284; x_wconf 83' lang='grc' dir='ltr'>ἐνδημοῦν-</span> 
     </span>
    </p>
   </div>
   <div class='ocr_carea' id='block_1_50' title="bbox 67 3297 1612 3378">
    <p class='ocr_par' dir='ltr' id='par_1_50' title="bbox 67 3297 1612 3378">
     <span class='ocr_line' id='line_1_50' title="bbox 67 3297 1612 3378; baseline 0.01 -33"><span class='ocrx_word' id='word_1_388' title='bbox 67 3310 138 3358; x_wconf 82' lang='grc' dir='ltr'><strong>τες</strong></span> <span class='ocrx_word' id='word_1_389' title='bbox 162 3298 215 3350; x_wconf 84' lang='grc' dir='ltr'><strong>ἐν</strong></span> <span class='ocrx_word' id='word_1_390' title='bbox 244 3297 321 3368; x_wconf 80' lang='grc' dir='ltr'>τῷ</span> <span class='ocrx_word' id='word_1_391' title='bbox 352 3297 589 3370; x_wconf 82' lang='grc' dir='ltr'>σώματι,</span> <span class='ocrx_word' id='word_1_392' title='bbox 621 3301 712 3354; x_wconf 82' lang='grc' dir='ltr'>ὅτε</span> <span class='ocrx_word' id='word_1_393' title='bbox 744 3301 1083 3376; x_wconf 77' lang='grc' dir='ltr'>ἐκδημοῦμεν</span> <span class='ocrx_word' id='word_1_394' title='bbox 1115 3305 1223 3359; x_wconf 82' lang='grc' dir='ltr'>ἀπὸ</span> <span class='ocrx_word' id='word_1_395' title='bbox 1244 3305 1612 3378; x_wconf 83' lang='grc' dir='ltr'>τοῦ-Κυρίου·)</span> 
     </span>
    </p>
   </div>
   <div class='ocr_carea' id='block_1_51' title="bbox 71 3384 1614 3468">
    <p class='ocr_par' dir='ltr' id='par_1_51' title="bbox 71 3384 1614 3468">
     <span class='ocr_line' id='line_1_51' title="bbox 71 3384 1614 3468; baseline 0.009 -33"><span class='ocrx_word' id='word_1_396' title='bbox 71 3384 420 3456; x_wconf 68' lang='grc' dir='ltr'>«Θαρροῦντες</span> <span class='ocrx_word' id='word_1_397' title='bbox 457 3388 660 3460; x_wconf 80' lang='grc' dir='ltr'>μᾶλλον</span> <span class='ocrx_word' id='word_1_398' title='bbox 700 3391 1026 3465; x_wconf 81' lang='grc' dir='ltr'>εὐδοκοῦμεν</span> <span class='ocrx_word' id='word_1_399' title='bbox 1077 3394 1384 3468; x_wconf 81' lang='grc' dir='ltr'>ἐκδημῆσαι</span> <span class='ocrx_word' id='word_1_400' title='bbox 1425 3397 1490 3450; x_wconf 90' lang='grc' dir='ltr'><strong>ἐκ</strong></span> <span class='ocrx_word' id='word_1_401' title='bbox 1519 3394 1614 3449; x_wconf 88' lang='grc' dir='ltr'><strong>τοῦ</strong></span> 
     </span>
    </p>
   </div>
   <div class='ocr_carea' id='block_1_52' title="bbox 64 3477 1616 3562">
    <p class='ocr_par' dir='ltr' id='par_1_52' title="bbox 64 3477 1616 3562">
     <span class='ocr_line' id='line_1_52' title="bbox 64 3477 1616 3562; baseline 0.008 -33"><span class='ocrx_word' id='word_1_402' title='bbox 64 3477 280 3549; x_wconf 68' lang='grc' dir='ltr'>σώματος</span> <span class='ocrx_word' id='word_1_403' title='bbox 302 3521 318 3545; x_wconf 91' lang='grc'><strong>,</strong></span> <span class='ocrx_word' id='word_1_404' title='bbox 347 3482 447 3535; x_wconf 75' lang='grc' dir='ltr'>καὶ</span> <span class='ocrx_word' id='word_1_405' title='bbox 477 3483 778 3554; x_wconf 79' lang='grc' dir='ltr'>ἐνδημῆσαι</span> <span class='ocrx_word' id='word_1_406' title='bbox 804 3485 942 3559; x_wconf 55' lang='lat' dir='ltr'><strong>«pb;</strong></span> <span class='ocrx_word' id='word_1_407' title='bbox 965 3485 1058 3539; x_wconf 81' lang='grc' dir='ltr'>τὸν</span> <span class='ocrx_word' id='word_1_408' title='bbox 1088 3487 1314 3562; x_wconf 87' lang='grc' dir='ltr'>Κύριον.</span> <span class='ocrx_word' id='word_1_409' title='bbox 1350 3506 1369 3538; x_wconf 72' lang='grc' dir='ltr'><strong>ι</strong></span> <span class='ocrx_word' id='word_1_410' title='bbox 1397 3487 1616 3542; x_wconf 84' lang='grc' dir='ltr'>Τούτων</span> 
     </span>
    </p>
   </div>
   <div class='ocr_carea' id='block_1_53' title="bbox 61 3568 1616 3650">
    <p class='ocr_par' dir='ltr' id='par_1_53' title="bbox 61 3568 1616 3650">
     <span class='ocr_line' id='line_1_53' title="bbox 61 3568 1616 3650; baseline 0.01 -32"><span class='ocrx_word' id='word_1_411' title='bbox 61 3568 203 3634; x_wconf 69' lang='grc' dir='ltr'>οὕτως</span> <span class='ocrx_word' id='word_1_412' title='bbox 237 3573 552 3644; x_wconf 78' lang='grc' dir='ltr'>εἰρημένων</span> <span class='ocrx_word' id='word_1_413' title='bbox 585 3576 666 3638; x_wconf 80' lang='grc' dir='ltr'>εἰς</span> <span class='ocrx_word' id='word_1_414' title='bbox 710 3574 772 3626; x_wconf 86' lang='grc' dir='ltr'>τὸ</span> <span class='ocrx_word' id='word_1_415' title='bbox 808 3576 994 3648; x_wconf 83' lang='grc' dir='ltr'>νοῆσαι</span> <span class='ocrx_word' id='word_1_416' title='bbox 1044 3577 1097 3632; x_wconf 90' lang='grc' dir='ltr'><strong>τί</strong></span> <span class='ocrx_word' id='word_1_417' title='bbox 1154 3578 1216 3631; x_wconf 80' lang='grc' dir='ltr'><strong>τὺ</strong></span> <span class='ocrx_word' id='word_1_418' title='bbox 1255 3578 1506 3650; x_wconf 84' lang='grc' dir='ltr'>ἐνδημεῖν</span> <span class='ocrx_word' id='word_1_419' title='bbox 1537 3577 1616 3650; x_wconf 83' lang='grc' dir='ltr'><strong>τῷ</strong></span> 
     </span>
    </p>
   </div>
   <div class='ocr_carea' id='block_1_54' title="bbox 63 3658 1617 3742">
    <p class='ocr_par' dir='ltr' id='par_1_54' title="bbox 63 3658 1617 3742">
     <span class='ocr_line' id='line_1_54' title="bbox 63 3658 1617 3742; baseline 0.009 -30"><span class='ocrx_word' id='word_1_420' title='bbox 63 3658 274 3730; x_wconf 72' lang='grc' dir='ltr'>σώματι,</span> <span class='ocrx_word' id='word_1_421' title='bbox 310 3664 409 3717; x_wconf 78' lang='grc' dir='ltr'>καὶ</span> <span class='ocrx_word' id='word_1_422' title='bbox 442 3665 702 3737; x_wconf 75' lang='grc' dir='ltr'>ἐκδημεῖν</span> <span class='ocrx_word' id='word_1_423' title='bbox 745 3666 856 3722; x_wconf 85' lang='grc' dir='ltr'>ἀπὸ</span> <span class='ocrx_word' id='word_1_424' title='bbox 910 3667 1004 3722; x_wconf 90' lang='grc' dir='ltr'><strong>τοῦ</strong></span> <span class='ocrx_word' id='word_1_425' title='bbox 1054 3670 1297 3742; x_wconf 81' lang='grc' dir='ltr'>Κυρίου,</span> <span class='ocrx_word' id='word_1_426' title='bbox 1358 3671 1413 3724; x_wconf 89' lang='grc' dir='ltr'><strong>τί</strong></span> <span class='ocrx_word' id='word_1_427' title='bbox 1464 3689 1522 3726; x_wconf 90' lang='grc' dir='ltr'><strong>τε</strong></span> <span class='ocrx_word' id='word_1_428' title='bbox 1555 3671 1617 3726; x_wconf 80' lang='grc' dir='ltr'>τὸ</span> 
     </span>
    </p>
   </div>
   <div class='ocr_carea' id='block_1_55' title="bbox 62 3751 1616 3834">
    <p class='ocr_par' dir='ltr' id='par_1_55' title="bbox 62 3751 1616 3834">
     <span class='ocr_line' id='line_1_55' title="bbox 62 3751 1616 3834; baseline 0.01 -31"><span class='ocrx_word' id='word_1_429' title='bbox 62 3751 338 3824; x_wconf 57' lang='grc' dir='ltr'>ἐιὴμῆσαι</span> <span class='ocrx_word' id='word_1_430' title='bbox 373 3757 440 3808; x_wconf 83' lang='grc' dir='ltr'><strong>ἐκ</strong></span> <span class='ocrx_word' id='word_1_431' title='bbox 466 3757 561 3810; x_wconf 87' lang='grc' dir='ltr'><strong>τοῦ</strong></span> <span class='ocrx_word' id='word_1_432' title='bbox 597 3757 868 3830; x_wconf 84' lang='grc' dir='ltr'>σώματος,</span> <span class='ocrx_word' id='word_1_433' title='bbox 908 3761 1003 3814; x_wconf 73' lang='grc' dir='ltr'>καὶ</span> <span class='ocrx_word' id='word_1_434' title='bbox 1031 3761 1331 3834; x_wconf 76' lang='grc' dir='ltr'>ἐνδημῆσαι</span> <span class='ocrx_word' id='word_1_435' title='bbox 1355 3763 1492 3834; x_wconf 81' lang='grc' dir='ltr'>πρὸς</span> <span class='ocrx_word' id='word_1_436' title='bbox 1525 3763 1616 3819; x_wconf 78' lang='grc' dir='ltr'>τὸν</span> 
     </span>
    </p>
   </div>
   <div class='ocr_carea' id='block_1_56' title="bbox 64 3841 1616 3924">
    <p class='ocr_par' dir='ltr' id='par_1_56' title="bbox 64 3841 1616 3924">
     <span class='ocr_line' id='line_1_56' title="bbox 64 3841 1616 3924; baseline 0.011 -33"><span class='ocrx_word' id='word_1_437' title='bbox 64 3841 252 3913; x_wconf 73' lang='grc' dir='ltr'>Κύριον,</span> <span class='ocrx_word' id='word_1_438' title='bbox 280 3847 500 3902; x_wconf 77' lang='grc' dir='ltr'>ἑαυτῶν</span> <span class='ocrx_word' id='word_1_439' title='bbox 547 3849 848 3922; x_wconf 79' lang='grc' dir='ltr'>πυθώμεθα</span> <span class='ocrx_word' id='word_1_440' title='bbox 878 3853 931 3905; x_wconf 88' lang='grc' dir='ltr'><strong>τί</strong></span> <span class='ocrx_word' id='word_1_441' title='bbox 979 3854 1108 3924; x_wconf 78' lang='grc' dir='ltr'>περὶ</span> <span class='ocrx_word' id='word_1_442' title='bbox 1154 3852 1248 3906; x_wconf 90' lang='grc' dir='ltr'><strong>τοῦ</strong></span> <span class='ocrx_word' id='word_1_443' title='bbox 1294 3854 1616 3908; x_wconf 85' lang='grc' dir='ltr'>Ἀποστόλου</span> 
     </span>
    </p>
   </div>
   <div class='ocr_carea' id='block_1_57' title="bbox 61 3931 1616 4017">
    <p class='ocr_par' dir='ltr' id='par_1_57' title="bbox 61 3931 1616 4017">
     <span class='ocr_line' id='line_1_57' title="bbox 61 3931 1616 4017; baseline 0.026 -43"><span class='ocrx_word' id='word_1_444' title='bbox 61 3931 260 4002; x_wconf 45' lang='lat' dir='ltr'><strong>images</strong></span> <span class='ocrx_word' id='word_1_445' title='bbox 279 3954 293 3966; x_wconf 84' lang='lat'><strong><em>-</em></strong></span> <span class='ocrx_word' id='word_1_446' title='bbox 323 3938 588 4010; x_wconf 81' lang='grc' dir='ltr'>πότερον,</span> <span class='ocrx_word' id='word_1_447' title='bbox 622 3941 704 3993; x_wconf 83' lang='grc' dir='ltr'>ὅτι</span> <span class='ocrx_word' id='word_1_448' title='bbox 737 3941 985 4013; x_wconf 85' lang='grc' dir='ltr'>ἐνδημῶν</span> <span class='ocrx_word' id='word_1_449' title='bbox 1012 3942 1091 4014; x_wconf 77' lang='grc' dir='ltr'>τῷ</span> <span class='ocrx_word' id='word_1_450' title='bbox 1125 3942 1336 4015; x_wconf 82' lang='grc' dir='ltr'>σώματι</span> <span class='ocrx_word' id='word_1_451' title='bbox 1365 3943 1616 4017; x_wconf 74' lang='grc' dir='ltr'>ἐξεδήμει</span> 
     </span>
    </p>
   </div>
   <div class='ocr_carea' id='block_1_58' title="bbox 63 4019 1613 4104">
    <p class='ocr_par' dir='ltr' id='par_1_58' title="bbox 63 4019 1613 4104">
     <span class='ocr_line' id='line_1_58' title="bbox 63 4019 1613 4104; baseline 0.012 -34"><span class='ocrx_word' id='word_1_452' title='bbox 171 4023 257 4078; x_wconf 87' lang='grc' dir='ltr'><strong>τοῦ</strong></span> <span class='ocrx_word' id='word_1_453' title='bbox 296 4027 536 4098; x_wconf 78' lang='grc' dir='ltr'>Κυρίου,</span> <span class='ocrx_word' id='word_1_454' title='bbox 570 4029 603 4100; x_wconf 79' lang='grc' dir='ltr'>ἦ</span> <span class='ocrx_word' id='word_1_455' title='bbox 631 4030 713 4082; x_wconf 84' lang='grc' dir='ltr'>ὅτι</span> <span class='ocrx_word' id='word_1_456' title='bbox 745 4030 1002 4103; x_wconf 84' lang='grc' dir='ltr'>ἐκδημῶν</span> <span class='ocrx_word' id='word_1_457' title='bbox 1031 4031 1122 4086; x_wconf 90' lang='grc' dir='ltr'><strong>τοῦ</strong></span> <span class='ocrx_word' id='word_1_458' title='bbox 1160 4032 1410 4104; x_wconf 82' lang='grc' dir='ltr'>σώματος</span> <span class='ocrx_word' id='word_1_459' title='bbox 1429 4033 1613 4104; x_wconf 86' lang='grc' dir='ltr'>ἐνεδή-</span> 
     </span>
    </p>
   </div>
   <div class='ocr_carea' id='block_1_59' title="bbox 65 4115 1615 4196">
    <p class='ocr_par' dir='ltr' id='par_1_59' title="bbox 65 4115 1615 4196">
     <span class='ocr_line' id='line_1_59' title="bbox 65 4115 1615 4196; baseline 0.009 -31"><span class='ocrx_word' id='word_1_460' title='bbox 65 4131 133 4180; x_wconf 79' lang='grc' dir='ltr'><strong>μει</strong></span> <span class='ocrx_word' id='word_1_461' title='bbox 158 4115 228 4186; x_wconf 84' lang='grc' dir='ltr'>τῷ</span> <span class='ocrx_word' id='word_1_462' title='bbox 256 4118 472 4191; x_wconf 79' lang='grc' dir='ltr'>Κυρίῳ.</span> <span class='ocrx_word' id='word_1_463' title='bbox 517 4119 678 4174; x_wconf 84' lang='grc' dir='ltr'>Ἀλλά</span> <span class='ocrx_word' id='word_1_464' title='bbox 730 4123 898 4192; x_wconf 80' lang='grc' dir='ltr'>σαφές</span> <span class='ocrx_word' id='word_1_465' title='bbox 928 4122 1061 4194; x_wconf 84' lang='grc'><strong>(50)·</strong></span> <span class='ocrx_word' id='word_1_466' title='bbox 1098 4123 1218 4176; x_wconf 74' lang='grc' dir='ltr'>ἐπεὶ</span> <span class='ocrx_word' id='word_1_467' title='bbox 1259 4125 1309 4176; x_wconf 82' lang='lat' dir='ltr'><strong>oi</strong></span> <span class='ocrx_word' id='word_1_468' title='bbox 1360 4125 1418 4177; x_wconf 88' lang='grc' dir='ltr'><strong>ἐν</strong></span> <span class='ocrx_word' id='word_1_469' title='bbox 1449 4126 1615 4196; x_wconf 69' lang='grc' dir='ltr'>σαρκὶ</span> 
     </span>
    </p>
   </div>
   <div class='ocr_carea' id='block_1_60' title="bbox 61 4201 1614 4280">
    <p class='ocr_par' dir='ltr' id='par_1_60' title="bbox 61 4201 1614 4280">
     <span class='ocr_line' id='line_1_60' title="bbox 61 4201 1614 4280; baseline 0.01 -29"><span class='ocrx_word' id='word_1_470' title='bbox 61 4201 182 4268; x_wconf 70' lang='grc' dir='ltr'>ὅντες</span> <span class='ocrx_word' id='word_1_471' title='bbox 223 4205 342 4277; x_wconf 82' lang='grc' dir='ltr'><strong>Θεῷ</strong></span> <span class='ocrx_word' id='word_1_472' title='bbox 392 4207 591 4279; x_wconf 81' lang='grc' dir='ltr'>ἀρέσαι</span> <span class='ocrx_word' id='word_1_473' title='bbox 619 4209 679 4261; x_wconf 83' lang='grc' dir='ltr'>οὐ</span> <span class='ocrx_word' id='word_1_474' title='bbox 705 4209 981 4276; x_wconf 84' lang='grc' dir='ltr'>δύνανται,</span> <span class='ocrx_word' id='word_1_475' title='bbox 1017 4212 1068 4265; x_wconf 81' lang='grc' dir='ltr'>οἱ</span> <span class='ocrx_word' id='word_1_476' title='bbox 1097 4211 1140 4264; x_wconf 91' lang='grc' dir='ltr'>δ’</span> <span class='ocrx_word' id='word_1_477' title='bbox 1171 4211 1315 4280; x_wconf 82' lang='grc' dir='ltr'>ἀγιοι</span> <span class='ocrx_word' id='word_1_478' title='bbox 1343 4213 1444 4265; x_wconf 83' lang='grc' dir='ltr'>οὐκ</span> <span class='ocrx_word' id='word_1_479' title='bbox 1477 4213 1614 4266; x_wconf 76' lang='grc' dir='ltr'>είσὶν</span> 
     </span>
    </p>
   </div>
   <div class='ocr_carea' id='block_1_61' title="bbox 61 4291 1612 4371">
    <p class='ocr_par' dir='ltr' id='par_1_61' title="bbox 61 4291 1612 4371">
     <span class='ocr_line' id='line_1_61' title="bbox 61 4291 1612 4371; baseline 0.007 -28"><span class='ocrx_word' id='word_1_480' title='bbox 61 4291 104 4340; x_wconf 76' lang='grc' dir='ltr'><strong>ἐν</strong></span> <span class='ocrx_word' id='word_1_481' title='bbox 133 4295 314 4365; x_wconf 67' lang='grc' dir='ltr'>σαρκὶ,</span> <span class='ocrx_word' id='word_1_482' title='bbox 348 4295 471 4349; x_wconf 83' lang='grc' dir='ltr'>ἀλλ’</span> <span class='ocrx_word' id='word_1_483' title='bbox 523 4297 582 4349; x_wconf 89' lang='grc' dir='ltr'><strong>ἐν</strong></span> <span class='ocrx_word' id='word_1_484' title='bbox 631 4297 932 4368; x_wconf 75' lang='grc' dir='ltr'>πνεύματι·</span> <span class='ocrx_word' id='word_1_485' title='bbox 993 4300 1152 4370; x_wconf 82' lang='grc' dir='ltr'>εἴπερ</span> <span class='ocrx_word' id='word_1_486' title='bbox 1202 4298 1425 4371; x_wconf 83' lang='grc' dir='ltr'>Πνεῦμα</span> <span class='ocrx_word' id='word_1_487' title='bbox 1480 4298 1612 4354; x_wconf 85' lang='grc' dir='ltr'>Θεοῦ</span> 
     </span>
    </p>
   </div>
   <div class='ocr_carea' id='block_1_62' title="bbox 61 4383 1613 4461">
    <p class='ocr_par' dir='ltr' id='par_1_62' title="bbox 61 4383 1613 4461">
     <span class='ocr_line' id='line_1_62' title="bbox 61 4383 1613 4461; baseline 0.009 -32"><span class='ocrx_word' id='word_1_488' title='bbox 61 4383 172 4435; x_wconf 76' lang='grc' dir='ltr'>οξκεῑ</span> <span class='ocrx_word' id='word_1_489' title='bbox 220 4386 275 4438; x_wconf 90' lang='grc' dir='ltr'><strong>ἐν</strong></span> <span class='ocrx_word' id='word_1_490' title='bbox 319 4389 544 4451; x_wconf 78' lang='grc' dir='ltr'>αὐτοῖς’</span> <span class='ocrx_word' id='word_1_491' title='bbox 591 4388 802 4452; x_wconf 86' lang='grc' dir='ltr'>Παῦλος</span> <span class='ocrx_word' id='word_1_492' title='bbox 831 4390 932 4443; x_wconf 80' lang='grc' dir='ltr'>οὐκ</span> <span class='ocrx_word' id='word_1_493' title='bbox 963 4385 1031 4460; x_wconf 80' lang='grc' dir='ltr'>ἦν</span> <span class='ocrx_word' id='word_1_494' title='bbox 1079 4391 1136 4442; x_wconf 90' lang='grc' dir='ltr'><strong>ἐν</strong></span> <span class='ocrx_word' id='word_1_495' title='bbox 1183 4392 1366 4461; x_wconf 72' lang='grc' dir='ltr'>σαρκὶ,</span> <span class='ocrx_word' id='word_1_496' title='bbox 1397 4389 1519 4443; x_wconf 76' lang='grc' dir='ltr'>οὐδὲ</span> <span class='ocrx_word' id='word_1_497' title='bbox 1557 4392 1613 4443; x_wconf 91' lang='grc' dir='ltr'><strong>ἐν</strong></span> 
     </span>
    </p>
   </div>
   <div class='ocr_carea' id='block_1_63' title="bbox 62 4469 1614 4551">
    <p class='ocr_par' dir='ltr' id='par_1_63' title="bbox 62 4469 1614 4551">
     <span class='ocr_line' id='line_1_63' title="bbox 62 4469 1614 4551; baseline 0.017 -28"><span class='ocrx_word' id='word_1_498' title='bbox 62 4469 273 4542; x_wconf 69' lang='grc' dir='ltr'>σώματι·</span> <span class='ocrx_word' id='word_1_499' title='bbox 337 4476 599 4546; x_wconf 81' lang='grc' dir='ltr'>ἀληθεύει</span> <span class='ocrx_word' id='word_1_500' title='bbox 653 4478 762 4551; x_wconf 87' lang='grc' dir='ltr'>γὰρ</span> <span class='ocrx_word' id='word_1_501' title='bbox 813 4478 1018 4548; x_wconf 77' lang='grc' dir='ltr'>λέγων’</span> <span class='ocrx_word' id='word_1_502' title='bbox 1084 4497 1103 4531; x_wconf 79' lang='lat' dir='ltr'><strong>t</strong></span> <span class='ocrx_word' id='word_1_503' title='bbox 1130 4480 1282 4534; x_wconf 86' lang='grc' dir='ltr'><strong>Δοκῶ</strong></span> <span class='ocrx_word' id='word_1_504' title='bbox 1345 4480 1401 4532; x_wconf 76' lang='grc' dir='ltr'><strong>δὲ</strong></span> <span class='ocrx_word' id='word_1_505' title='bbox 1459 4479 1614 4548; x_wconf 80' lang='grc' dir='ltr'><strong>κάγὼ</strong></span> 
     </span>
    </p>
   </div>
   <div class='ocr_carea' id='block_1_64' title="bbox 1719 2021 3286 2094">
    <p class='ocr_par' dir='ltr' id='par_1_64' title="bbox 1719 2021 3286 2094">
     <span class='ocr_line' id='line_1_64' title="bbox 1719 2021 3286 2094; baseline 0.004 -18"><span class='ocrx_word' id='word_1_506' title='bbox 1719 2021 1913 2076; x_wconf 89' lang='lat' dir='ltr'><strong>ordine</strong></span> <span class='ocrx_word' id='word_1_507' title='bbox 1939 2023 2180 2093; x_wconf 91' lang='lat' dir='ltr'><strong>priorum</strong></span> <span class='ocrx_word' id='word_1_508' title='bbox 2231 2031 2357 2076; x_wconf 90' lang='lat' dir='ltr'><strong>sunt</strong></span> <span class='ocrx_word' id='word_1_509' title='bbox 2398 2022 2590 2076; x_wconf 81' lang='lat' dir='ltr'><strong>ultimi.</strong></span> <span class='ocrx_word' id='word_1_510' title='bbox 2633 2023 2900 2078; x_wconf 67' lang='lat' dir='ltr'><strong>Caeterum</strong></span> <span class='ocrx_word' id='word_1_511' title='bbox 2949 2024 3286 2094; x_wconf 85' lang='lat' dir='ltr'><strong>inquiramus</strong></span> 
     </span>
    </p>
   </div>
   <div class='ocr_carea' id='block_1_65' title="bbox 1718 2110 3286 2182">
    <p class='ocr_par' dir='ltr' id='par_1_65' title="bbox 1718 2110 3286 2182">
     <span class='ocr_line' id='line_1_65' title="bbox 1718 2110 3286 2182; baseline 0.001 -15"><span class='ocrx_word' id='word_1_512' title='bbox 1718 2121 1936 2182; x_wconf 85' lang='lat' dir='ltr'><strong>oportet</strong></span> <span class='ocrx_word' id='word_1_513' title='bbox 1975 2112 2197 2181; x_wconf 88' lang='lat' dir='ltr'><strong>quando</strong></span> <span class='ocrx_word' id='word_1_514' title='bbox 2247 2119 2297 2164; x_wconf 90' lang='lat' dir='ltr'><strong>et</strong></span> <span class='ocrx_word' id='word_1_515' title='bbox 2357 2111 2628 2180; x_wconf 86' lang='lat' dir='ltr'><strong>quomodo</strong></span> <span class='ocrx_word' id='word_1_516' title='bbox 2670 2112 2816 2165; x_wconf 88' lang='lat' dir='ltr'><strong>dicat</strong></span> <span class='ocrx_word' id='word_1_517' title='bbox 2851 2110 3089 2168; x_wconf 78' lang='lat' dir='ltr'><strong>Paulus:</strong></span> <span class='ocrx_word' id='word_1_518' title='bbox 3126 2131 3144 2164; x_wconf 81' lang='grc' dir='ltr'><strong>ι</strong></span> <span class='ocrx_word' id='word_1_519' title='bbox 3181 2111 3286 2168; x_wconf 85' lang='lat' dir='ltr'><strong>Per</strong></span> 
     </span>
    </p>
   </div>
   <div class='ocr_carea' id='block_1_66' title="bbox 1719 2203 3285 2276">
    <p class='ocr_par' dir='ltr' id='par_1_66' title="bbox 1719 2203 3285 2276">
     <span class='ocr_line' id='line_1_66' title="bbox 1719 2203 3285 2276; baseline 0.001 -17"><span class='ocrx_word' id='word_1_520' title='bbox 1719 2205 1880 2259; x_wconf 89' lang='lat' dir='ltr'><strong>ﬁdem</strong></span> <span class='ocrx_word' id='word_1_521' title='bbox 1911 2205 2054 2259; x_wconf 92' lang='lat' dir='ltr'><strong>enim</strong></span> <span class='ocrx_word' id='word_1_522' title='bbox 2085 2203 2442 2269; x_wconf 89' lang='lat' dir='ltr'><strong>ambulamus,</strong></span> <span class='ocrx_word' id='word_1_523' title='bbox 2477 2219 2581 2259; x_wconf 92' lang='lat' dir='ltr'><strong>non</strong></span> <span class='ocrx_word' id='word_1_524' title='bbox 2606 2219 2701 2274; x_wconf 91' lang='lat' dir='ltr'><strong>per</strong></span> <span class='ocrx_word' id='word_1_525' title='bbox 2725 2205 2957 2273; x_wconf 87' lang='lat' dir='ltr'><strong>speciem</strong></span> <span class='ocrx_word' id='word_1_526' title='bbox 2986 2205 3031 2240; x_wconf 71' lang='grc'><strong>⁸³</strong></span> <span class='ocrx_word' id='word_1_527' title='bbox 3055 2223 3068 2260; x_wconf 91' lang='lat'>:</span> <span class='ocrx_word' id='word_1_528' title='bbox 3107 2223 3125 2258; x_wconf 76' lang='grc' dir='ltr'><strong>ι</strong></span> <span class='ocrx_word' id='word_1_529' title='bbox 3150 2219 3285 2276; x_wconf 87' lang='lat' dir='ltr'><strong>quo-</strong></span> 
     </span>
    </p>
   </div>
   <div class='ocr_carea' id='block_1_67' title="bbox 1719 2295 3284 2368">
    <p class='ocr_par' dir='ltr' id='par_1_67' title="bbox 1719 2295 3284 2368">
     <span class='ocr_line' id='line_1_67' title="bbox 1719 2295 3284 2368; baseline 0.001 -17"><span class='ocrx_word' id='word_1_530' title='bbox 1719 2297 1878 2352; x_wconf 91' lang='lat' dir='ltr'><strong>modo</strong></span> <span class='ocrx_word' id='word_1_531' title='bbox 1905 2296 2072 2361; x_wconf 91' lang='lat' dir='ltr'><strong>enim,</strong></span> <span class='ocrx_word' id='word_1_532' title='bbox 2105 2304 2164 2350; x_wconf 89' lang='lat' dir='ltr'><strong>ut</strong></span> <span class='ocrx_word' id='word_1_533' title='bbox 2194 2295 2346 2350; x_wconf 92' lang='lat' dir='ltr'><strong>multi</strong></span> <span class='ocrx_word' id='word_1_534' title='bbox 2383 2304 2590 2363; x_wconf 87' lang='lat' dir='ltr'><strong>rentur,</strong></span> <span class='ocrx_word' id='word_1_535' title='bbox 2624 2311 2720 2367; x_wconf 91' lang='lat' dir='ltr'><strong>per</strong></span> <span class='ocrx_word' id='word_1_536' title='bbox 2754 2295 2935 2364; x_wconf 87' lang='lat' dir='ltr'><strong>ﬁdem,</strong></span> <span class='ocrx_word' id='word_1_537' title='bbox 2965 2305 3020 2351; x_wconf 91' lang='lat' dir='ltr'><strong>et</strong></span> <span class='ocrx_word' id='word_1_538' title='bbox 3051 2313 3154 2352; x_wconf 80' lang='lat' dir='ltr'><strong>non</strong></span> <span class='ocrx_word' id='word_1_539' title='bbox 3188 2311 3284 2368; x_wconf 86' lang='lat' dir='ltr'><strong>per</strong></span> 
     </span>
    </p>
   </div>
   <div class='ocr_carea' id='block_1_68' title="bbox 1718 2383 3284 2457">
    <p class='ocr_par' dir='ltr' id='par_1_68' title="bbox 1718 2383 3284 2457">
     <span class='ocr_line' id='line_1_68' title="bbox 1718 2383 3284 2457; baseline 0.003 -17"><span class='ocrx_word' id='word_1_540' title='bbox 1718 2383 1953 2457; x_wconf 81' lang='lat' dir='ltr'><strong>speciem</strong></span> <span class='ocrx_word' id='word_1_541' title='bbox 1991 2387 2254 2451; x_wconf 88' lang='lat' dir='ltr'><strong>ambulat,</strong></span> <span class='ocrx_word' id='word_1_542' title='bbox 2302 2389 2391 2456; x_wconf 92' lang='lat' dir='ltr'><strong>qui</strong></span> <span class='ocrx_word' id='word_1_543' title='bbox 2435 2387 2757 2457; x_wconf 77' lang='lat' dir='ltr'><strong>gravissime</strong></span> <span class='ocrx_word' id='word_1_544' title='bbox 2800 2387 2934 2442; x_wconf 92' lang='lat' dir='ltr'><strong>dicit</strong></span> <span class='ocrx_word' id='word_1_545' title='bbox 2973 2405 2987 2443; x_wconf 89' lang='lat'><strong>:</strong></span> <span class='ocrx_word' id='word_1_546' title='bbox 3029 2406 3049 2440; x_wconf 82' lang='grc' dir='ltr'><strong>ι</strong></span> <span class='ocrx_word' id='word_1_547' title='bbox 3095 2387 3284 2444; x_wconf 87' lang='lat' dir='ltr'><strong>Nonne</strong></span> 
     </span>
    </p>
   </div>
   <div class='ocr_carea' id='block_1_69' title="bbox 1717 2477 3281 2549">
    <p class='ocr_par' dir='ltr' id='par_1_69' title="bbox 1717 2477 3281 2549">
     <span class='ocr_line' id='line_1_69' title="bbox 1717 2477 3281 2549; baseline 0.001 -16"><span class='ocrx_word' id='word_1_548' title='bbox 1717 2492 1838 2533; x_wconf 87' lang='lat' dir='ltr'><strong>sum</strong></span> <span class='ocrx_word' id='word_1_549' title='bbox 1864 2477 2004 2532; x_wconf 89' lang='lat' dir='ltr'><strong>liber</strong></span> <span class='ocrx_word' id='word_1_550' title='bbox 2029 2477 2052 2531; x_wconf 70' lang='grc' dir='ltr'><strong><em>τ</em></strong></span> <span class='ocrx_word' id='word_1_551' title='bbox 2089 2493 2266 2534; x_wconf 90' lang='lat' dir='ltr'><strong>nonne</strong></span> <span class='ocrx_word' id='word_1_552' title='bbox 2292 2494 2411 2534; x_wconf 93' lang='lat' dir='ltr'><strong>sum</strong></span> <span class='ocrx_word' id='word_1_553' title='bbox 2441 2479 2720 2549; x_wconf 91' lang='lat' dir='ltr'><strong>apostolus</strong></span> <span class='ocrx_word' id='word_1_554' title='bbox 2743 2480 2768 2534; x_wconf 72' lang='grc' dir='ltr'><strong>ι</strong></span> <span class='ocrx_word' id='word_1_555' title='bbox 2791 2494 2969 2536; x_wconf 89' lang='lat' dir='ltr'><strong>nonne</strong></span> <span class='ocrx_word' id='word_1_556' title='bbox 2997 2480 3281 2536; x_wconf 88' lang='lat' dir='ltr'><strong>Dominum</strong></span> 
     </span>
    </p>
   </div>
   <div class='ocr_carea' id='block_1_70' title="bbox 1719 2563 3282 2639">
    <p class='ocr_par' dir='ltr' id='par_1_70' title="bbox 1719 2563 3282 2639">
     <span class='ocr_line' id='line_1_70' title="bbox 1719 2563 3282 2639; baseline 0.002 -18"><span class='ocrx_word' id='word_1_557' title='bbox 1719 2574 1965 2621; x_wconf 89' lang='lat' dir='ltr'><strong>nostrum</strong></span> <span class='ocrx_word' id='word_1_558' title='bbox 1995 2563 2179 2621; x_wconf 84' lang='lat' dir='ltr'><strong>Jesum</strong></span> <span class='ocrx_word' id='word_1_559' title='bbox 2209 2567 2482 2622; x_wconf 85' lang='lat' dir='ltr'><strong>Christum</strong></span> <span class='ocrx_word' id='word_1_560' title='bbox 2515 2569 2623 2623; x_wconf 88' lang='lat' dir='ltr'><strong>vidi</strong></span> <span class='ocrx_word' id='word_1_561' title='bbox 2649 2568 2674 2623; x_wconf 64' lang='grc' dir='ltr'>ἲ</span> <span class='ocrx_word' id='word_1_562' title='bbox 2703 2583 2885 2626; x_wconf 90' lang='lat' dir='ltr'><strong>nonne</strong></span> <span class='ocrx_word' id='word_1_563' title='bbox 2916 2583 3053 2639; x_wconf 91' lang='lat' dir='ltr'><strong>opus</strong></span> <span class='ocrx_word' id='word_1_564' title='bbox 3102 2585 3282 2626; x_wconf 90' lang='lat' dir='ltr'><strong>meum</strong></span> 
     </span>
    </p>
   </div>
   <div class='ocr_carea' id='block_1_71' title="bbox 1719 2651 3283 2730">
    <p class='ocr_par' dir='ltr' id='par_1_71' title="bbox 1719 2651 3283 2730">
     <span class='ocr_line' id='line_1_71' title="bbox 1719 2651 3283 2730; baseline 0.004 -21"><span class='ocrx_word' id='word_1_565' title='bbox 1719 2671 1816 2714; x_wconf 87' lang='lat' dir='ltr'><strong>vos</strong></span> <span class='ocrx_word' id='word_1_566' title='bbox 1849 2655 1982 2712; x_wconf 86' lang='lat' dir='ltr'><strong>estis</strong></span> <span class='ocrx_word' id='word_1_567' title='bbox 2012 2651 2069 2709; x_wconf 91' lang='lat' dir='ltr'><strong>in</strong></span> <span class='ocrx_word' id='word_1_568' title='bbox 2089 2654 2354 2710; x_wconf 77' lang='lat' dir='ltr'><strong>Domino?</strong></span> <span class='ocrx_word' id='word_1_569' title='bbox 2374 2655 2420 2688; x_wconf 70' lang='lat'><strong>“</strong></span> <span class='ocrx_word' id='word_1_570' title='bbox 2451 2658 2690 2714; x_wconf 86' lang='lat' dir='ltr'><strong>Proinde</strong></span> <span class='ocrx_word' id='word_1_571' title='bbox 2713 2659 2990 2715; x_wconf 81' lang='lat' dir='ltr'><strong>videamus</strong></span> <span class='ocrx_word' id='word_1_572' title='bbox 3013 2661 3283 2730; x_wconf 82' lang='lat' dir='ltr'><strong>quomodo</strong></span> 
     </span>
    </p>
   </div>
   <div class='ocr_carea' id='block_1_72' title="bbox 1718 2747 3280 2818">
    <p class='ocr_par' dir='ltr' id='par_1_72' title="bbox 1718 2747 3280 2818">
     <span class='ocr_line' id='line_1_72' title="bbox 1718 2747 3280 2818; baseline 0.002 -14"><span class='ocrx_word' id='word_1_573' title='bbox 1718 2747 2125 2818; x_wconf 87' lang='lat' dir='ltr'><strong>intelligendum</strong></span> <span class='ocrx_word' id='word_1_574' title='bbox 2158 2747 2230 2804; x_wconf 83' lang='lat' dir='ltr'><strong>sit</strong></span> <span class='ocrx_word' id='word_1_575' title='bbox 2257 2747 2388 2803; x_wconf 91' lang='lat' dir='ltr'><strong>illud</strong></span> <span class='ocrx_word' id='word_1_576' title='bbox 2416 2769 2428 2803; x_wconf 92' lang='lat'>:</span> <span class='ocrx_word' id='word_1_577' title='bbox 2461 2767 2480 2801; x_wconf 82' lang='grc' dir='ltr'><strong>ι</strong></span> <span class='ocrx_word' id='word_1_578' title='bbox 2514 2749 2621 2804; x_wconf 82' lang='lat' dir='ltr'><strong>Per</strong></span> <span class='ocrx_word' id='word_1_579' title='bbox 2656 2749 2815 2804; x_wconf 86' lang='lat' dir='ltr'><strong>ﬁdem</strong></span> <span class='ocrx_word' id='word_1_580' title='bbox 2855 2751 3000 2805; x_wconf 89' lang='lat' dir='ltr'><strong>enim</strong></span> <span class='ocrx_word' id='word_1_581' title='bbox 3031 2752 3280 2807; x_wconf 84' lang='lat' dir='ltr'><strong>ambula-</strong></span> 
     </span>
    </p>
   </div>
   <div class='ocr_carea' id='block_1_73' title="bbox 1719 2839 3286 2912">
    <p class='ocr_par' dir='ltr' id='par_1_73' title="bbox 1719 2839 3286 2912">
     <span class='ocr_line' id='line_1_73' title="bbox 1719 2839 3286 2912; baseline 0.001 -17"><span class='ocrx_word' id='word_1_582' title='bbox 1719 2855 1861 2906; x_wconf 89' lang='lat' dir='ltr'><strong>mus,</strong></span> <span class='ocrx_word' id='word_1_583' title='bbox 1898 2855 2004 2895; x_wconf 91' lang='lat' dir='ltr'><strong>non</strong></span> <span class='ocrx_word' id='word_1_584' title='bbox 2038 2854 2138 2909; x_wconf 90' lang='lat' dir='ltr'><strong>per</strong></span> <span class='ocrx_word' id='word_1_585' title='bbox 2165 2839 2402 2904; x_wconf 84' lang='lat' dir='ltr'><strong>speciem</strong></span> <span class='ocrx_word' id='word_1_586' title='bbox 2425 2839 2471 2873; x_wconf 63' lang='grc' dir='ltr'><strong>ιδ</strong></span> <span class='ocrx_word' id='word_1_587' title='bbox 2497 2857 2511 2905; x_wconf 90' lang='lat'><strong>;</strong></span> <span class='ocrx_word' id='word_1_588' title='bbox 2549 2858 2568 2892; x_wconf 76' lang='grc' dir='ltr'><strong>ι</strong></span> <span class='ocrx_word' id='word_1_589' title='bbox 2605 2851 3005 2897; x_wconf 87' lang='lat' dir='ltr'><strong>reassumentes</strong></span> <span class='ocrx_word' id='word_1_590' title='bbox 3029 2857 3096 2896; x_wconf 82' lang='lat' dir='ltr'><strong>ex</strong></span> <span class='ocrx_word' id='word_1_591' title='bbox 3123 2856 3286 2912; x_wconf 85' lang='lat' dir='ltr'><strong>supe-</strong></span> 
     </span>
    </p>
   </div>
   <div class='ocr_carea' id='block_1_74' title="bbox 1718 2929 3282 3000">
    <p class='ocr_par' dir='ltr' id='par_1_74' title="bbox 1718 2929 3282 3000">
     <span class='ocr_line' id='line_1_74' title="bbox 1718 2929 3282 3000; baseline 0.002 -15"><span class='ocrx_word' id='word_1_592' title='bbox 1718 2929 1960 2986; x_wconf 81' lang='lat' dir='ltr'><strong>rioribus</strong></span> <span class='ocrx_word' id='word_1_593' title='bbox 1985 2929 2165 3000; x_wconf 89' lang='lat' dir='ltr'><strong>ipsum</strong></span> <span class='ocrx_word' id='word_1_594' title='bbox 2198 2929 2282 2985; x_wconf 90' lang='lat' dir='ltr'><strong>sic</strong></span> <span class='ocrx_word' id='word_1_595' title='bbox 2313 2931 2526 2985; x_wconf 87' lang='lat' dir='ltr'><strong>habens</strong></span> <span class='ocrx_word' id='word_1_596' title='bbox 2551 2929 2634 2983; x_wconf 77' lang='lat'><strong>“:</strong></span> <span class='ocrx_word' id='word_1_597' title='bbox 2669 2948 2687 2982; x_wconf 81' lang='grc' dir='ltr'><strong>ι</strong></span> <span class='ocrx_word' id='word_1_598' title='bbox 2729 2931 2798 2985; x_wconf 85' lang='lat' dir='ltr'><strong>At</strong></span> <span class='ocrx_word' id='word_1_599' title='bbox 2828 2931 2919 2999; x_wconf 89' lang='lat' dir='ltr'><strong>qui</strong></span> <span class='ocrx_word' id='word_1_600' title='bbox 2947 2946 3045 2987; x_wconf 91' lang='lat' dir='ltr'><strong>nos</strong></span> <span class='ocrx_word' id='word_1_601' title='bbox 3083 2932 3138 2986; x_wconf 89' lang='lat' dir='ltr'><strong>in</strong></span> <span class='ocrx_word' id='word_1_602' title='bbox 3179 2933 3282 2988; x_wconf 85' lang='lat' dir='ltr'><strong>hoc</strong></span> 
     </span>
    </p>
   </div>
   <div class='ocr_carea' id='block_1_75' title="bbox 1717 3019 3282 3093">
    <p class='ocr_par' dir='ltr' id='par_1_75' title="bbox 1717 3019 3282 3093">
     <span class='ocr_line' id='line_1_75' title="bbox 1717 3019 3282 3093; baseline 0.001 -16"><span class='ocrx_word' id='word_1_603' title='bbox 1717 3022 1894 3093; x_wconf 84' lang='lat' dir='ltr'><strong>ipsum</strong></span> <span class='ocrx_word' id='word_1_604' title='bbox 1940 3021 2177 3092; x_wconf 88' lang='lat' dir='ltr'><strong>paravit,</strong></span> <span class='ocrx_word' id='word_1_605' title='bbox 2227 3019 2371 3076; x_wconf 85' lang='lat' dir='ltr'><strong>Deus</strong></span> <span class='ocrx_word' id='word_1_606' title='bbox 2423 3022 2668 3091; x_wconf 89' lang='lat' dir='ltr'><strong>est:qui</strong></span> <span class='ocrx_word' id='word_1_607' title='bbox 2715 3023 2881 3077; x_wconf 89' lang='lat' dir='ltr'><strong>etiam</strong></span> <span class='ocrx_word' id='word_1_608' title='bbox 2924 3023 3074 3078; x_wconf 91' lang='lat' dir='ltr'><strong>dedit</strong></span> <span class='ocrx_word' id='word_1_609' title='bbox 3125 3023 3282 3080; x_wconf 85' lang='lat' dir='ltr'><strong>nobis</strong></span> 
     </span>
    </p>
   </div>
   <div class='ocr_carea' id='block_1_76' title="bbox 1717 3113 3283 3186">
    <p class='ocr_par' dir='ltr' id='par_1_76' title="bbox 1717 3113 3283 3186">
     <span class='ocr_line' id='line_1_76' title="bbox 1717 3113 3283 3186; baseline 0.004 -18"><span class='ocrx_word' id='word_1_610' title='bbox 1717 3113 2084 3170; x_wconf 85' lang='lat' dir='ltr'><strong>arrhabonem</strong></span> <span class='ocrx_word' id='word_1_611' title='bbox 2136 3113 2394 3184; x_wconf 89' lang='lat' dir='ltr'><strong>Spiritus.</strong></span> <span class='ocrx_word' id='word_1_612' title='bbox 2451 3114 2639 3186; x_wconf 90' lang='lat' dir='ltr'><strong>Itaque</strong></span> <span class='ocrx_word' id='word_1_613' title='bbox 2685 3114 2828 3169; x_wconf 90' lang='lat' dir='ltr'><strong>bono</strong></span> <span class='ocrx_word' id='word_1_614' title='bbox 2879 3117 3061 3173; x_wconf 88' lang='lat' dir='ltr'><strong>animo</strong></span> <span class='ocrx_word' id='word_1_615' title='bbox 3109 3120 3283 3174; x_wconf 86' lang='lat' dir='ltr'><strong>simus</strong></span> 
     </span>
    </p>
   </div>
   <div class='ocr_carea' id='block_1_77' title="bbox 1715 3207 3280 3281">
    <p class='ocr_par' dir='ltr' id='par_1_77' title="bbox 1715 3207 3280 3281">
     <span class='ocr_line' id='line_1_77' title="bbox 1715 3207 3280 3281; baseline 0.003 -20"><span class='ocrx_word' id='word_1_616' title='bbox 1715 3219 1953 3276; x_wconf 80' lang='lat' dir='ltr'><strong>semper,</strong></span> <span class='ocrx_word' id='word_1_617' title='bbox 1983 3208 2220 3261; x_wconf 82' lang='lat' dir='ltr'><strong>scientes</strong></span> <span class='ocrx_word' id='word_1_618' title='bbox 2249 3207 2392 3276; x_wconf 91' lang='lat' dir='ltr'><strong>quod</strong></span> <span class='ocrx_word' id='word_1_619' title='bbox 2414 3222 2539 3264; x_wconf 93' lang='lat' dir='ltr'><strong>cum</strong></span> <span class='ocrx_word' id='word_1_620' title='bbox 2567 3211 2712 3264; x_wconf 85' lang='lat' dir='ltr'><strong>domi</strong></span> <span class='ocrx_word' id='word_1_621' title='bbox 2743 3225 2930 3266; x_wconf 88' lang='lat' dir='ltr'><strong>sumus</strong></span> <span class='ocrx_word' id='word_1_622' title='bbox 2951 3211 3005 3266; x_wconf 90' lang='lat' dir='ltr'><strong>in</strong></span> <span class='ocrx_word' id='word_1_623' title='bbox 3030 3225 3280 3281; x_wconf 89' lang='lat' dir='ltr'><strong>corpore,</strong></span> 
     </span>
    </p>
   </div>
   <div class='ocr_carea' id='block_1_78' title="bbox 1717 3298 3281 3371">
    <p class='ocr_par' dir='ltr' id='par_1_78' title="bbox 1717 3298 3281 3371">
     <span class='ocr_line' id='line_1_78' title="bbox 1717 3298 3281 3371; baseline 0.003 -17"><span class='ocrx_word' id='word_1_624' title='bbox 1717 3298 2127 3368; x_wconf 87' lang='lat' dir='ltr'><strong>peregrinamur</strong></span> <span class='ocrx_word' id='word_1_625' title='bbox 2159 3313 2189 3354; x_wconf 90' lang='lat' dir='ltr'><strong>a</strong></span> <span class='ocrx_word' id='word_1_626' title='bbox 2234 3299 2460 3356; x_wconf 91' lang='lat' dir='ltr'><strong>Domino</strong></span> <span class='ocrx_word' id='word_1_627' title='bbox 2503 3317 2518 3366; x_wconf 88' lang='lat'>;</span> <span class='ocrx_word' id='word_1_628' title='bbox 2551 3317 2648 3371; x_wconf 92' lang='lat' dir='ltr'><strong>per</strong></span> <span class='ocrx_word' id='word_1_629' title='bbox 2675 3301 2833 3357; x_wconf 84' lang='lat' dir='ltr'><strong>ﬁdem</strong></span> <span class='ocrx_word' id='word_1_630' title='bbox 2860 3302 3003 3356; x_wconf 88' lang='lat' dir='ltr'><strong>enim</strong></span> <span class='ocrx_word' id='word_1_631' title='bbox 3032 3303 3281 3358; x_wconf 77' lang='lat' dir='ltr'><strong>ambula-</strong></span> 
     </span>
    </p>
   </div>
   <div class='ocr_carea' id='block_1_79' title="bbox 1717 3388 3288 3461">
    <p class='ocr_par' dir='ltr' id='par_1_79' title="bbox 1717 3388 3288 3461">
     <span class='ocr_line' id='line_1_79' title="bbox 1717 3388 3288 3461; baseline 0.002 -19"><span class='ocrx_word' id='word_1_632' title='bbox 1717 3404 1856 3455; x_wconf 87' lang='lat' dir='ltr'><strong>mus,</strong></span> <span class='ocrx_word' id='word_1_633' title='bbox 1905 3404 2010 3445; x_wconf 91' lang='lat' dir='ltr'><strong>non</strong></span> <span class='ocrx_word' id='word_1_634' title='bbox 2058 3404 2158 3460; x_wconf 92' lang='lat' dir='ltr'><strong>per</strong></span> <span class='ocrx_word' id='word_1_635' title='bbox 2207 3388 2726 3461; x_wconf 67' lang='lat' dir='ltr'><strong>speciemi(scilicet</strong></span> <span class='ocrx_word' id='word_1_636' title='bbox 2768 3406 2890 3446; x_wconf 86' lang='lat' dir='ltr'><strong>cum</strong></span> <span class='ocrx_word' id='word_1_637' title='bbox 2922 3391 3070 3447; x_wconf 89' lang='lat' dir='ltr'><strong>domi</strong></span> <span class='ocrx_word' id='word_1_638' title='bbox 3140 3391 3288 3445; x_wconf 81' lang='lat' dir='ltr'><strong>exsi-</strong></span> 
     </span>
    </p>
   </div>
   <div class='ocr_carea' id='block_1_80' title="bbox 1713 3482 3284 3556">
    <p class='ocr_par' dir='ltr' id='par_1_80' title="bbox 1713 3482 3284 3556">
     <span class='ocr_line' id='line_1_80' title="bbox 1713 3482 3284 3556; baseline 0.003 -21"><span class='ocrx_word' id='word_1_639' title='bbox 1713 3482 1989 3538; x_wconf 88' lang='lat' dir='ltr'><strong>stentesin</strong></span> <span class='ocrx_word' id='word_1_640' title='bbox 2008 3494 2258 3551; x_wconf 90' lang='lat' dir='ltr'><strong>corpore,</strong></span> <span class='ocrx_word' id='word_1_641' title='bbox 2293 3482 2699 3552; x_wconf 85' lang='lat' dir='ltr'><strong>peregrinamur</strong></span> <span class='ocrx_word' id='word_1_642' title='bbox 2744 3498 2773 3537; x_wconf 89' lang='lat' dir='ltr'><strong>a</strong></span> <span class='ocrx_word' id='word_1_643' title='bbox 2814 3482 3284 3556; x_wconf 75' lang='lat' dir='ltr'><strong>Domino);¢con-</strong></span> 
     </span>
    </p>
   </div>
   <div class='ocr_carea' id='block_1_81' title="bbox 1716 3570 3281 3644">
    <p class='ocr_par' dir='ltr' id='par_1_81' title="bbox 1716 3570 3281 3644">
     <span class='ocr_line' id='line_1_81' title="bbox 1716 3570 3281 3644; baseline 0.002 -19"><span class='ocrx_word' id='word_1_644' title='bbox 1716 3570 1966 3637; x_wconf 84' lang='lat' dir='ltr'><strong>ﬁdentes,</strong></span> <span class='ocrx_word' id='word_1_645' title='bbox 1999 3572 2174 3641; x_wconf 88' lang='lat' dir='ltr'><strong>magis</strong></span> <span class='ocrx_word' id='word_1_646' title='bbox 2202 3571 2490 3642; x_wconf 88' lang='lat' dir='ltr'><strong>probamus</strong></span> <span class='ocrx_word' id='word_1_647' title='bbox 2515 3587 2741 3644; x_wconf 79' lang='lat' dir='ltr'><strong>peregre</strong></span> <span class='ocrx_word' id='word_1_648' title='bbox 2766 3575 2955 3629; x_wconf 85' lang='lat' dir='ltr'><strong>abesse</strong></span> <span class='ocrx_word' id='word_1_649' title='bbox 2975 3589 3004 3628; x_wconf 90' lang='lat' dir='ltr'><strong>a</strong></span> <span class='ocrx_word' id='word_1_650' title='bbox 3028 3588 3281 3644; x_wconf 81' lang='lat' dir='ltr'><strong>corpore,</strong></span> 
     </span>
    </p>
   </div>
   <div class='ocr_carea' id='block_1_82' title="bbox 1715 3662 3282 3732">
    <p class='ocr_par' dir='ltr' id='par_1_82' title="bbox 1715 3662 3282 3732">
     <span class='ocr_line' id='line_1_82' title="bbox 1715 3662 3282 3732; baseline 0.002 -15"><span class='ocrx_word' id='word_1_651' title='bbox 1715 3670 1770 3717; x_wconf 92' lang='lat' dir='ltr'><strong>et</strong></span> <span class='ocrx_word' id='word_1_652' title='bbox 1793 3670 2087 3732; x_wconf 60' lang='lat' dir='ltr'><strong>presentes</strong></span> <span class='ocrx_word' id='word_1_653' title='bbox 2117 3662 2308 3717; x_wconf 86' lang='lat' dir='ltr'><strong>adesse</strong></span> <span class='ocrx_word' id='word_1_654' title='bbox 2336 3662 2476 3732; x_wconf 85' lang='lat' dir='ltr'><strong>apud</strong></span> <span class='ocrx_word' id='word_1_655' title='bbox 2507 3663 2810 3718; x_wconf 90' lang='lat' dir='ltr'><strong>Dominum.</strong></span> <span class='ocrx_word' id='word_1_656' title='bbox 2844 3683 2863 3717; x_wconf 75' lang='grc' dir='ltr'><strong>ι</strong></span> <span class='ocrx_word' id='word_1_657' title='bbox 2903 3663 2997 3719; x_wconf 82' lang='lat' dir='ltr'><strong>liis</strong></span> <span class='ocrx_word' id='word_1_658' title='bbox 3019 3664 3100 3719; x_wconf 92' lang='lat' dir='ltr'><strong>sic</strong></span> <span class='ocrx_word' id='word_1_659' title='bbox 3120 3664 3282 3721; x_wconf 88' lang='lat' dir='ltr'><strong>dictis</strong></span> 
     </span>
    </p>
   </div>
   <div class='ocr_carea' id='block_1_83' title="bbox 1715 3752 3284 3823">
    <p class='ocr_par' dir='ltr' id='par_1_83' title="bbox 1715 3752 3284 3823">
     <span class='ocr_line' id='line_1_83' title="bbox 1715 3752 3284 3823; baseline 0.001 -17"><span class='ocrx_word' id='word_1_660' title='bbox 1715 3752 2050 3823; x_wconf 87' lang='lat' dir='ltr'><strong>intelligendi</strong></span> <span class='ocrx_word' id='word_1_661' title='bbox 2081 3766 2245 3807; x_wconf 89' lang='lat' dir='ltr'><strong>causa</strong></span> <span class='ocrx_word' id='word_1_662' title='bbox 2280 3752 2410 3820; x_wconf 92' lang='lat' dir='ltr'><strong>quid</strong></span> <span class='ocrx_word' id='word_1_663' title='bbox 2441 3754 2514 3807; x_wconf 87' lang='lat' dir='ltr'><strong>sit</strong></span> <span class='ocrx_word' id='word_1_664' title='bbox 2545 3767 2784 3821; x_wconf 69' lang='lat' dir='ltr'><strong>praesens</strong></span> <span class='ocrx_word' id='word_1_665' title='bbox 2816 3768 2936 3809; x_wconf 90' lang='lat' dir='ltr'><strong>esse</strong></span> <span class='ocrx_word' id='word_1_666' title='bbox 2965 3754 3018 3808; x_wconf 92' lang='lat' dir='ltr'><strong>in</strong></span> <span class='ocrx_word' id='word_1_667' title='bbox 3055 3768 3284 3823; x_wconf 87' lang='lat' dir='ltr'><strong>corpore</strong></span> 
     </span>
    </p>
   </div>
   <div class='ocr_carea' id='block_1_84' title="bbox 1714 3841 3279 3913">
    <p class='ocr_par' dir='ltr' id='par_1_84' title="bbox 1714 3841 3279 3913">
     <span class='ocr_line' id='line_1_84' title="bbox 1714 3841 3279 3913; baseline 0 -15"><span class='ocrx_word' id='word_1_668' title='bbox 1714 3852 1769 3898; x_wconf 90' lang='lat' dir='ltr'><strong>et</strong></span> <span class='ocrx_word' id='word_1_669' title='bbox 1803 3843 2140 3913; x_wconf 86' lang='lat' dir='ltr'><strong>peregrinari</strong></span> <span class='ocrx_word' id='word_1_670' title='bbox 2165 3857 2193 3896; x_wconf 91' lang='lat' dir='ltr'><strong>a</strong></span> <span class='ocrx_word' id='word_1_671' title='bbox 2224 3841 2457 3897; x_wconf 91' lang='lat' dir='ltr'><strong>Domino</strong></span> <span class='ocrx_word' id='word_1_672' title='bbox 2481 3858 2498 3909; x_wconf 89' lang='lat'><strong>;</strong></span> <span class='ocrx_word' id='word_1_673' title='bbox 2520 3843 2760 3911; x_wconf 88' lang='lat' dir='ltr'><strong>itemque</strong></span> <span class='ocrx_word' id='word_1_674' title='bbox 2787 3843 2917 3911; x_wconf 88' lang='lat' dir='ltr'><strong>quid</strong></span> <span class='ocrx_word' id='word_1_675' title='bbox 2951 3843 3021 3898; x_wconf 90' lang='lat' dir='ltr'><strong>sit</strong></span> <span class='ocrx_word' id='word_1_676' title='bbox 3049 3857 3279 3913; x_wconf 85' lang='lat' dir='ltr'><strong>peregre</strong></span> 
     </span>
    </p>
   </div>
   <div class='ocr_carea' id='block_1_85' title="bbox 1715 3932 3282 4001">
    <p class='ocr_par' dir='ltr' id='par_1_85' title="bbox 1715 3932 3282 4001">
     <span class='ocr_line' id='line_1_85' title="bbox 1715 3932 3282 4001; baseline -0.001 -14"><span class='ocrx_word' id='word_1_677' title='bbox 1715 3933 1907 3989; x_wconf 90' lang='lat' dir='ltr'><strong>abesse</strong></span> <span class='ocrx_word' id='word_1_678' title='bbox 1932 3948 1962 3986; x_wconf 90' lang='lat' dir='ltr'><strong>a</strong></span> <span class='ocrx_word' id='word_1_679' title='bbox 1993 3946 2224 4000; x_wconf 89' lang='lat' dir='ltr'><strong>corpore</strong></span> <span class='ocrx_word' id='word_1_680' title='bbox 2256 3941 2312 3986; x_wconf 93' lang='lat' dir='ltr'><strong>et</strong></span> <span class='ocrx_word' id='word_1_681' title='bbox 2353 3946 2594 4001; x_wconf 65' lang='lat' dir='ltr'><strong>prasens</strong></span> <span class='ocrx_word' id='word_1_682' title='bbox 2637 3933 2828 3988; x_wconf 87' lang='lat' dir='ltr'><strong>adesse</strong></span> <span class='ocrx_word' id='word_1_683' title='bbox 2869 3933 2935 3987; x_wconf 84' lang='lat' dir='ltr'><strong>ad</strong></span> <span class='ocrx_word' id='word_1_684' title='bbox 2968 3932 3282 3998; x_wconf 89' lang='lat' dir='ltr'><strong>Dominum,</strong></span> 
     </span>
    </p>
   </div>
   <div class='ocr_carea' id='block_1_86' title="bbox 1715 4021 3281 4094">
    <p class='ocr_par' dir='ltr' id='par_1_86' title="bbox 1715 4021 3281 4094">
     <span class='ocr_line' id='line_1_86' title="bbox 1715 4021 3281 4094; baseline -0.001 -16"><span class='ocrx_word' id='word_1_685' title='bbox 1715 4038 1816 4079; x_wconf 91' lang='lat' dir='ltr'><strong>nos</strong></span> <span class='ocrx_word' id='word_1_686' title='bbox 1848 4024 1994 4094; x_wconf 89' lang='lat' dir='ltr'><strong>ipsos</strong></span> <span class='ocrx_word' id='word_1_687' title='bbox 2029 4023 2450 4091; x_wconf 81' lang='lat' dir='ltr'><strong>interrogemus,</strong></span> <span class='ocrx_word' id='word_1_688' title='bbox 2501 4023 2629 4092; x_wconf 90' lang='lat' dir='ltr'><strong>quid</strong></span> <span class='ocrx_word' id='word_1_689' title='bbox 2677 4022 2746 4078; x_wconf 91' lang='lat' dir='ltr'><strong>dc</strong></span> <span class='ocrx_word' id='word_1_690' title='bbox 2793 4021 3052 4092; x_wconf 82' lang='lat' dir='ltr'><strong>Apostolo</strong></span> <span class='ocrx_word' id='word_1_691' title='bbox 3081 4022 3281 4079; x_wconf 81' lang='lat' dir='ltr'><strong>dicturi</strong></span> 
     </span>
    </p>
   </div>
   <div class='ocr_carea' id='block_1_87' title="bbox 1714 4114 3285 4185">
    <p class='ocr_par' dir='ltr' id='par_1_87' title="bbox 1714 4114 3285 4185">
     <span class='ocr_line' id='line_1_87' title="bbox 1714 4114 3285 4185; baseline 0.001 -16"><span class='ocrx_word' id='word_1_692' title='bbox 1714 4117 1886 4170; x_wconf 89' lang='lat' dir='ltr'><strong>simus</strong></span> <span class='ocrx_word' id='word_1_693' title='bbox 1926 4134 1940 4170; x_wconf 91' lang='lat'><strong>:</strong></span> <span class='ocrx_word' id='word_1_694' title='bbox 1987 4125 2241 4170; x_wconf 91' lang='lat' dir='ltr'><strong>utrumne</strong></span> <span class='ocrx_word' id='word_1_695' title='bbox 2270 4115 2415 4184; x_wconf 90' lang='lat' dir='ltr'><strong>quod</strong></span> <span class='ocrx_word' id='word_1_696' title='bbox 2464 4114 2608 4168; x_wconf 89' lang='lat' dir='ltr'><strong>domi</strong></span> <span class='ocrx_word' id='word_1_697' title='bbox 2651 4115 2921 4170; x_wconf 71' lang='lat' dir='ltr'><strong>assistens</strong></span> <span class='ocrx_word' id='word_1_698' title='bbox 2962 4115 3018 4170; x_wconf 92' lang='lat' dir='ltr'><strong>in</strong></span> <span class='ocrx_word' id='word_1_699' title='bbox 3057 4129 3285 4185; x_wconf 81' lang='lat' dir='ltr'><strong>corpore</strong></span> 
     </span>
    </p>
   </div>
   <div class='ocr_carea' id='block_1_88' title="bbox 1714 4205 3282 4283">
    <p class='ocr_par' dir='ltr' id='par_1_88' title="bbox 1714 4205 3282 4283">
     <span class='ocr_line' id='line_1_88' title="bbox 1714 4205 3282 4283; baseline -0.003 -20"><span class='ocrx_word' id='word_1_700' title='bbox 1714 4221 1942 4283; x_wconf 63' lang='lat' dir='ltr'><strong>peregre</strong></span> <span class='ocrx_word' id='word_1_701' title='bbox 1968 4207 2109 4261; x_wconf 84' lang='lat' dir='ltr'><strong>absit</strong></span> <span class='ocrx_word' id='word_1_702' title='bbox 2145 4223 2175 4260; x_wconf 90' lang='lat' dir='ltr'><strong>a</strong></span> <span class='ocrx_word' id='word_1_703' title='bbox 2212 4205 2466 4271; x_wconf 90' lang='lat' dir='ltr'><strong>Domino,</strong></span> <span class='ocrx_word' id='word_1_704' title='bbox 2500 4221 2568 4260; x_wconf 88' lang='lat' dir='ltr'><strong>an</strong></span> <span class='ocrx_word' id='word_1_705' title='bbox 2615 4207 2757 4275; x_wconf 85' lang='lat' dir='ltr'><strong>quod</strong></span> <span class='ocrx_word' id='word_1_706' title='bbox 2795 4220 3022 4275; x_wconf 87' lang='lat' dir='ltr'><strong>peregre</strong></span> <span class='ocrx_word' id='word_1_707' title='bbox 3052 4219 3217 4274; x_wconf 87' lang='lat' dir='ltr'><strong>agens</strong></span> <span class='ocrx_word' id='word_1_708' title='bbox 3251 4219 3282 4258; x_wconf 85' lang='lat' dir='ltr'><strong>a</strong></span> 
     </span>
    </p>
   </div>
   <div class='ocr_carea' id='block_1_89' title="bbox 1713 4297 3285 4370">
    <p class='ocr_par' dir='ltr' id='par_1_89' title="bbox 1713 4297 3285 4370">
     <span class='ocr_line' id='line_1_89' title="bbox 1713 4297 3285 4370; baseline -0.003 -16"><span class='ocrx_word' id='word_1_709' title='bbox 1713 4313 1941 4368; x_wconf 91' lang='lat' dir='ltr'><strong>corpore</strong></span> <span class='ocrx_word' id='word_1_710' title='bbox 1971 4313 2210 4370; x_wconf 64' lang='lat' dir='ltr'><strong>praesens</strong></span> <span class='ocrx_word' id='word_1_711' title='bbox 2239 4298 2380 4354; x_wconf 91' lang='lat' dir='ltr'><strong>adsit</strong></span> <span class='ocrx_word' id='word_1_712' title='bbox 2408 4298 2548 4367; x_wconf 90' lang='lat' dir='ltr'><strong>apud</strong></span> <span class='ocrx_word' id='word_1_713' title='bbox 2577 4297 2883 4352; x_wconf 90' lang='lat' dir='ltr'><strong>Dominum.</strong></span> <span class='ocrx_word' id='word_1_714' title='bbox 2930 4297 3034 4351; x_wconf 88' lang='lat' dir='ltr'><strong>Sed</strong></span> <span class='ocrx_word' id='word_1_715' title='bbox 3074 4297 3285 4367; x_wconf 89' lang='lat' dir='ltr'><strong>perspi-</strong></span> 
     </span>
    </p>
   </div>
   <div class='ocr_carea' id='block_1_90' title="bbox 1715 4386 3286 4459">
    <p class='ocr_par' dir='ltr' id='par_1_90' title="bbox 1715 4386 3286 4459">
     <span class='ocr_line' id='line_1_90' title="bbox 1715 4386 3286 4459; baseline -0.003 -14"><span class='ocrx_word' id='word_1_716' title='bbox 1715 4406 1876 4446; x_wconf 90' lang='lat' dir='ltr'><strong>cuum</strong></span> <span class='ocrx_word' id='word_1_717' title='bbox 1904 4402 1988 4446; x_wconf 89' lang='lat' dir='ltr'><strong>est</strong></span> <span class='ocrx_word' id='word_1_718' title='bbox 2027 4391 2079 4445; x_wconf 86' lang='lat' dir='ltr'><strong>id</strong></span> <span class='ocrx_word' id='word_1_719' title='bbox 2105 4407 2120 4457; x_wconf 92' lang='lat'><strong>;</strong></span> <span class='ocrx_word' id='word_1_720' title='bbox 2154 4407 2277 4446; x_wconf 89' lang='lat' dir='ltr'><strong>nam</strong></span> <span class='ocrx_word' id='word_1_721' title='bbox 2307 4390 2565 4459; x_wconf 89' lang='lat' dir='ltr'><strong>quoniam</strong></span> <span class='ocrx_word' id='word_1_722' title='bbox 2599 4388 2692 4456; x_wconf 90' lang='lat' dir='ltr'><strong>qni</strong></span> <span class='ocrx_word' id='word_1_723' title='bbox 2723 4389 2775 4442; x_wconf 92' lang='lat' dir='ltr'><strong>in</strong></span> <span class='ocrx_word' id='word_1_724' title='bbox 2803 4401 2971 4442; x_wconf 88' lang='lat' dir='ltr'><strong>carne</strong></span> <span class='ocrx_word' id='word_1_725' title='bbox 2997 4395 3144 4446; x_wconf 88' lang='lat' dir='ltr'><strong>sunt,</strong></span> <span class='ocrx_word' id='word_1_726' title='bbox 3174 4386 3286 4441; x_wconf 88' lang='lat' dir='ltr'><strong>Deo</strong></span> 
     </span>
    </p>
   </div>
   <div class='ocr_carea' id='block_1_91' title="bbox 1715 4479 3282 4554">
    <p class='ocr_par' dir='ltr' id='par_1_91' title="bbox 1715 4479 3282 4554">
     <span class='ocr_line' id='line_1_91' title="bbox 1715 4479 3282 4554; baseline -0.003 -18"><span class='ocrx_word' id='word_1_727' title='bbox 1715 4483 1929 4554; x_wconf 91' lang='lat' dir='ltr'><strong>placere</strong></span> <span class='ocrx_word' id='word_1_728' title='bbox 1979 4499 2084 4538; x_wconf 91' lang='lat' dir='ltr'><strong>non</strong></span> <span class='ocrx_word' id='word_1_729' title='bbox 2137 4491 2387 4554; x_wconf 91' lang='lat' dir='ltr'><strong>possunt,</strong></span> <span class='ocrx_word' id='word_1_730' title='bbox 2413 4492 2470 4538; x_wconf 89' lang='lat' dir='ltr'><strong>et</strong></span> <span class='ocrx_word' id='word_1_731' title='bbox 2495 4480 2671 4537; x_wconf 86' lang='lat' dir='ltr'><strong>sancti</strong></span> <span class='ocrx_word' id='word_1_732' title='bbox 2717 4495 2820 4535; x_wconf 92' lang='lat' dir='ltr'><strong>non</strong></span> <span class='ocrx_word' id='word_1_733' title='bbox 2852 4487 2979 4534; x_wconf 91' lang='lat' dir='ltr'><strong>sunt</strong></span> <span class='ocrx_word' id='word_1_734' title='bbox 3015 4479 3067 4533; x_wconf 89' lang='lat' dir='ltr'><strong>in</strong></span> <span class='ocrx_word' id='word_1_735' title='bbox 3099 4493 3282 4545; x_wconf 83' lang='lat' dir='ltr'><strong>carne,</strong></span> 
     </span>
    </p>
   </div>
   <div class='ocr_carea' id='block_1_92' title="bbox 62 4562 1616 4654">
    <p class='ocr_par' dir='ltr' id='par_1_92' title="bbox 62 4562 1610 4642">
     <span class='ocr_line' id='line_1_92' title="bbox 62 4562 1610 4642; baseline 0.006 -29"><span class='ocrx_word' id='word_1_736' title='bbox 62 4562 251 4634; x_wconf 79' lang='grc' dir='ltr'>Πνεῦμα</span> <span class='ocrx_word' id='word_1_737' title='bbox 296 4567 439 4620; x_wconf 88' lang='grc' dir='ltr'>Θεοῦ</span> <span class='ocrx_word' id='word_1_738' title='bbox 486 4567 665 4638; x_wconf 80' lang='grc' dir='ltr'>ἔχειν’</span> <span class='ocrx_word' id='word_1_739' title='bbox 703 4588 724 4622; x_wconf 74' lang='grc' dir='ltr'><strong>ι</strong></span> <span class='ocrx_word' id='word_1_740' title='bbox 773 4568 875 4623; x_wconf 83' lang='grc' dir='ltr'>οὐκ</span> <span class='ocrx_word' id='word_1_741' title='bbox 927 4568 1174 4640; x_wconf 84' lang='grc' dir='ltr'>ἐνδημῶν</span> <span class='ocrx_word' id='word_1_742' title='bbox 1221 4571 1278 4624; x_wconf 87' lang='grc' dir='ltr'>δὲ</span> <span class='ocrx_word' id='word_1_743' title='bbox 1327 4573 1393 4642; x_wconf 79' lang='grc' dir='ltr'>τῇ</span> <span class='ocrx_word' id='word_1_744' title='bbox 1447 4571 1610 4642; x_wconf 75' lang='grc' dir='ltr'>σαρκὶ</span> 
     </span>
    </p>
   </div>
   <div class='ocr_carea' id='block_1_93' title="bbox 1719 4562 3284 4654">
    <p class='ocr_par' dir='ltr' id='par_1_93' title="bbox 1719 4569 3284 4643">
     <span class='ocr_line' id='line_1_93' title="bbox 1719 4569 3284 4643; baseline -0.003 -15"><span class='ocrx_word' id='word_1_745' title='bbox 1719 4575 1811 4628; x_wconf 88' lang='lat' dir='ltr'><strong>sed</strong></span> <span class='ocrx_word' id='word_1_746' title='bbox 1852 4573 1904 4626; x_wconf 93' lang='lat' dir='ltr'><strong>in</strong></span> <span class='ocrx_word' id='word_1_747' title='bbox 1946 4573 2140 4642; x_wconf 86' lang='lat' dir='ltr'><strong>spiritu</strong></span> <span class='ocrx_word' id='word_1_748' title='bbox 2175 4573 2220 4606; x_wconf 74' lang='grc'><strong>⁸⁷</strong></span> <span class='ocrx_word' id='word_1_749' title='bbox 2247 4591 2263 4640; x_wconf 89' lang='lat'><strong>;</strong></span> <span class='ocrx_word' id='word_1_750' title='bbox 2292 4571 2730 4643; x_wconf 88' lang='lat' dir='ltr'><strong>quandoquidem</strong></span> <span class='ocrx_word' id='word_1_751' title='bbox 2775 4570 2871 4625; x_wconf 88' lang='lat' dir='ltr'><strong>Dei</strong></span> <span class='ocrx_word' id='word_1_752' title='bbox 2919 4569 3155 4641; x_wconf 87' lang='lat' dir='ltr'><strong>Spiritus</strong></span> <span class='ocrx_word' id='word_1_753' title='bbox 3183 4570 3284 4624; x_wconf 82' lang='lat' dir='ltr'><strong>ba-</strong></span> 
     </span>
    </p>
   </div>
   <div class='ocr_carea' id='block_1_94' title="bbox 61 4657 1610 4734">
    <p class='ocr_par' dir='ltr' id='par_1_94' title="bbox 61 4657 1610 4734">
     <span class='ocr_line' id='line_1_94' title="bbox 61 4657 1610 4734; baseline 0.004 -25"><span class='ocrx_word' id='word_1_754' title='bbox 61 4657 132 4709; x_wconf 75' lang='lat' dir='ltr'><strong>ui</strong></span> <span class='ocrx_word' id='word_1_755' title='bbox 175 4659 421 4731; x_wconf 80' lang='grc' dir='ltr'>σώματι,</span> <span class='ocrx_word' id='word_1_756' title='bbox 480 4659 576 4714; x_wconf 88' lang='grc' dir='ltr'><strong>τοῦ</strong></span> <span class='ocrx_word' id='word_1_757' title='bbox 624 4660 978 4734; x_wconf 85' lang='grc' dir='ltr'>ἐνδημοῦντος</span> <span class='ocrx_word' id='word_1_758' title='bbox 1023 4660 1101 4733; x_wconf 83' lang='grc' dir='ltr'>τῷ</span> <span class='ocrx_word' id='word_1_759' title='bbox 1146 4660 1361 4733; x_wconf 87' lang='grc' dir='ltr'>σώματι</span> <span class='ocrx_word' id='word_1_760' title='bbox 1399 4661 1487 4715; x_wconf 83' lang='grc' dir='ltr'><strong>διὰ</strong></span> <span class='ocrx_word' id='word_1_761' title='bbox 1520 4662 1610 4715; x_wconf 87' lang='grc' dir='ltr'>πί-</span> 
     </span>
    </p>
   </div>
   <div class='ocr_carea' id='block_1_95' title="bbox 63 4752 1609 4824">
    <p class='ocr_par' dir='ltr' id='par_1_95' title="bbox 63 4752 1609 4824">
     <span class='ocr_line' id='line_1_95' title="bbox 63 4752 1609 4824; baseline 0.006 -25"><span class='ocrx_word' id='word_1_762' title='bbox 63 4763 199 4813; x_wconf 78' lang='grc' dir='ltr'>στεως</span> <span class='ocrx_word' id='word_1_763' title='bbox 241 4752 711 4823; x_wconf 80' lang='grc' dir='ltr'>περιπατοῦντος,</span> <span class='ocrx_word' id='word_1_764' title='bbox 751 4753 812 4806; x_wconf 80' lang='grc' dir='ltr'>οὐ</span> <span class='ocrx_word' id='word_1_765' title='bbox 869 4753 960 4807; x_wconf 83' lang='grc' dir='ltr'>διὰ</span> <span class='ocrx_word' id='word_1_766' title='bbox 1009 4754 1200 4816; x_wconf 75' lang='grc' dir='ltr'>εἴδους.</span> <span class='ocrx_word' id='word_1_767' title='bbox 1249 4753 1360 4806; x_wconf 80' lang='lat' dir='ltr'><strong>Kal.</strong></span> <span class='ocrx_word' id='word_1_768' title='bbox 1401 4754 1502 4824; x_wconf 82' lang='grc' dir='ltr'>ὅρα</span> <span class='ocrx_word' id='word_1_769' title='bbox 1561 4756 1609 4808; x_wconf 83' lang='grc' dir='ltr'><strong>εί</strong></span> 
     </span>
    </p>
   </div>
   <div class='ocr_carea' id='block_1_96' title="bbox 61 4835 1609 4918">
    <p class='ocr_par' dir='ltr' id='par_1_96' title="bbox 61 4835 1609 4918">
     <span class='ocr_line' id='line_1_96' title="bbox 61 4835 1609 4918; baseline 0.019 -30"><span class='ocrx_word' id='word_1_770' title='bbox 61 4835 244 4895; x_wconf 55' lang='lat' dir='ltr'><strong>abutar</strong></span> <span class='ocrx_word' id='word_1_771' title='bbox 300 4843 410 4914; x_wconf 84' lang='grc' dir='ltr'><strong>τῆς</strong></span> <span class='ocrx_word' id='word_1_772' title='bbox 461 4844 828 4916; x_wconf 84' lang='grc' dir='ltr'>ἀποστολικῆς</span> <span class='ocrx_word' id='word_1_773' title='bbox 877 4845 1164 4918; x_wconf 77' lang='grc' dir='ltr'>ἀκριϐείας</span> <span class='ocrx_word' id='word_1_774' title='bbox 1221 4840 1362 4899; x_wconf 74' lang='grc' dir='ltr'>εἶναι</span> <span class='ocrx_word' id='word_1_775' title='bbox 1411 4843 1473 4898; x_wconf 73' lang='grc' dir='ltr'><strong>τὸ</strong></span> <span class='ocrx_word' id='word_1_776' title='bbox 1535 4847 1609 4917; x_wconf 72' lang='grc' dir='ltr'><strong>μὴ</strong></span> 
     </span>
    </p>
   </div>
   <div class='ocr_carea' id='block_1_97' title="bbox 61 4931 1614 5008">
    <p class='ocr_par' dir='ltr' id='par_1_97' title="bbox 61 4931 1614 5008">
     <span class='ocr_line' id='line_1_97' title="bbox 61 4931 1614 5008; baseline 0.006 -28"><span class='ocrx_word' id='word_1_777' title='bbox 61 4931 222 4989; x_wconf 69' lang='grc' dir='ltr'>ταυτὸν</span> <span class='ocrx_word' id='word_1_778' title='bbox 269 4934 512 5004; x_wconf 74' lang='grc' dir='ltr'>φάσκειν</span> <span class='ocrx_word' id='word_1_779' title='bbox 565 4937 624 4989; x_wconf 83' lang='grc' dir='ltr'><strong>ἐν</strong></span> <span class='ocrx_word' id='word_1_780' title='bbox 681 4937 843 5008; x_wconf 72' lang='grc' dir='ltr'>σαρκὶ</span> <span class='ocrx_word' id='word_1_781' title='bbox 878 4932 1036 4990; x_wconf 76' lang='grc' dir='ltr'>,εἶναι</span> <span class='ocrx_word' id='word_1_782' title='bbox 1078 4936 1174 4990; x_wconf 78' lang='grc' dir='ltr'><strong>καὶ</strong></span> <span class='ocrx_word' id='word_1_783' title='bbox 1213 4936 1466 5008; x_wconf 84' lang='grc' dir='ltr'>ἐνδημεῖν</span> <span class='ocrx_word' id='word_1_784' title='bbox 1508 4934 1614 4989; x_wconf 83' lang='grc' dir='ltr'><strong>σώ-</strong></span> 
     </span>
    </p>
   </div>
   <div class='ocr_carea' id='block_1_98' title="bbox 63 5026 1610 5099">
    <p class='ocr_par' dir='ltr' id='par_1_98' title="bbox 63 5026 1610 5099">
     <span class='ocr_line' id='line_1_98' title="bbox 63 5026 1610 5099; baseline 0.005 -26"><span class='ocrx_word' id='word_1_785' title='bbox 63 5037 196 5088; x_wconf 78' lang='grc' dir='ltr'>ματι·</span> <span class='ocrx_word' id='word_1_786' title='bbox 225 5027 272 5078; x_wconf 78' lang='grc' dir='ltr'>οἱ</span> <span class='ocrx_word' id='word_1_787' title='bbox 307 5027 414 5096; x_wconf 85' lang='grc' dir='ltr'>μὲν</span> <span class='ocrx_word' id='word_1_788' title='bbox 471 5026 583 5098; x_wconf 79' lang='grc' dir='ltr'><strong>γὰρ</strong></span> <span class='ocrx_word' id='word_1_789' title='bbox 621 5026 680 5080; x_wconf 90' lang='grc' dir='ltr'><strong>ἐν</strong></span> <span class='ocrx_word' id='word_1_790' title='bbox 724 5027 887 5099; x_wconf 76' lang='grc' dir='ltr'>σαρκὶ</span> <span class='ocrx_word' id='word_1_791' title='bbox 943 5026 1094 5091; x_wconf 78' lang='grc' dir='ltr'>ὄντες</span> <span class='ocrx_word' id='word_1_792' title='bbox 1143 5027 1262 5099; x_wconf 84' lang='grc' dir='ltr'>Θεῷ</span> <span class='ocrx_word' id='word_1_793' title='bbox 1313 5027 1505 5099; x_wconf 88' lang='grc' dir='ltr'>ἀρέσαι</span> <span class='ocrx_word' id='word_1_794' title='bbox 1548 5029 1610 5081; x_wconf 85' lang='grc' dir='ltr'>οὐ</span> 
     </span>
    </p>
   </div>
   <div class='ocr_carea' id='block_1_99' title="bbox 62 5109 1608 5191">
    <p class='ocr_par' dir='ltr' id='par_1_99' title="bbox 62 5109 1608 5191">
     <span class='ocr_line' id='line_1_99' title="bbox 62 5109 1608 5191; baseline 0.005 -26"><span class='ocrx_word' id='word_1_795' title='bbox 62 5109 294 5169; x_wconf 66' lang='grc' dir='ltr'>δύνανται.</span> <span class='ocrx_word' id='word_1_796' title='bbox 333 5120 402 5172; x_wconf 78' lang='grc' dir='ltr'><strong>υἱ</strong></span> <span class='ocrx_word' id='word_1_797' title='bbox 441 5118 501 5171; x_wconf 87' lang='grc' dir='ltr'><strong>δέ</strong></span> <span class='ocrx_word' id='word_1_798' title='bbox 550 5119 908 5189; x_wconf 83' lang='grc' dir='ltr'>ἐνδημοῦντες</span> <span class='ocrx_word' id='word_1_799' title='bbox 941 5119 1020 5190; x_wconf 80' lang='grc' dir='ltr'><strong>τῷ</strong></span> <span class='ocrx_word' id='word_1_800' title='bbox 1068 5118 1282 5191; x_wconf 84' lang='grc' dir='ltr'>σώματι</span> <span class='ocrx_word' id='word_1_801' title='bbox 1335 5119 1608 5191; x_wconf 84' lang='grc' dir='ltr'>ἐκδημοῦ-</span> 
     </span>
    </p>
   </div>
   <div class='ocr_carea' id='block_1_100' title="bbox 64 5203 1610 5280">
    <p class='ocr_par' dir='ltr' id='par_1_100' title="bbox 64 5203 1610 5280">
     <span class='ocr_line' id='line_1_100' title="bbox 64 5203 1610 5280; baseline 0.003 -25"><span class='ocrx_word' id='word_1_802' title='bbox 64 5214 127 5250; x_wconf 62' lang='lat'><strong>52‘!</strong></span> <span class='ocrx_word' id='word_1_803' title='bbox 171 5203 262 5273; x_wconf 74' lang='grc' dir='ltr'>μὲν</span> <span class='ocrx_word' id='word_1_804' title='bbox 293 5205 411 5259; x_wconf 82' lang='grc' dir='ltr'>ἀπὸ</span> <span class='ocrx_word' id='word_1_805' title='bbox 453 5206 548 5259; x_wconf 89' lang='grc' dir='ltr'><strong>τοῦ</strong></span> <span class='ocrx_word' id='word_1_806' title='bbox 599 5207 805 5279; x_wconf 83' lang='grc' dir='ltr'>Κυρίου</span> <span class='ocrx_word' id='word_1_807' title='bbox 835 5248 848 5274; x_wconf 96' lang='grc'><strong>,</strong></span> <span class='ocrx_word' id='word_1_808' title='bbox 897 5208 1036 5280; x_wconf 77' lang='grc' dir='ltr'>πλὴν</span> <span class='ocrx_word' id='word_1_809' title='bbox 1090 5209 1176 5262; x_wconf 84' lang='grc' dir='ltr'>διὰ</span> <span class='ocrx_word' id='word_1_810' title='bbox 1222 5210 1322 5280; x_wconf 85' lang='grc' dir='ltr'><strong>τῆς</strong></span> <span class='ocrx_word' id='word_1_811' title='bbox 1374 5210 1610 5274; x_wconf 81' lang='grc' dir='ltr'>πίστεως</span> 
     </span>
    </p>
   </div>
   <div class='ocr_carea' id='block_1_101' title="bbox 64 5296 1610 5372">
    <p class='ocr_par' dir='ltr' id='par_1_101' title="bbox 64 5296 1610 5372">
     <span class='ocr_line' id='line_1_101' title="bbox 64 5296 1610 5372; baseline 0.006 -30"><span class='ocrx_word' id='word_1_812' title='bbox 64 5296 457 5360; x_wconf 75' lang='grc' dir='ltr'>περιπατοῦσιν,</span> <span class='ocrx_word' id='word_1_813' title='bbox 519 5299 568 5351; x_wconf 76' lang='grc' dir='ltr'>εἰ</span> <span class='ocrx_word' id='word_1_814' title='bbox 624 5300 719 5352; x_wconf 79' lang='grc' dir='ltr'>καὶ</span> <span class='ocrx_word' id='word_1_815' title='bbox 775 5299 999 5371; x_wconf 85' lang='grc' dir='ltr'>μηδέπω</span> <span class='ocrx_word' id='word_1_816' title='bbox 1052 5299 1288 5372; x_wconf 86' lang='grc' dir='ltr'>χωροῦσι</span> <span class='ocrx_word' id='word_1_817' title='bbox 1364 5300 1452 5355; x_wconf 82' lang='grc' dir='ltr'>διὰ</span> <span class='ocrx_word' id='word_1_818' title='bbox 1531 5300 1610 5354; x_wconf 77' lang='grc' dir='ltr'>εί·-</span> 
     </span>
    </p>
   </div>
   <div class='ocr_carea' id='block_1_102' title="bbox 64 5379 1614 5464">
    <p class='ocr_par' dir='ltr' id='par_1_102' title="bbox 64 5379 1614 5464">
     <span class='ocr_line' id='line_1_102' title="bbox 64 5379 1614 5464; baseline 0.007 -29"><span class='ocrx_word' id='word_1_819' title='bbox 64 5379 173 5445; x_wconf 70' lang='grc' dir='ltr'>δους.</span> <span class='ocrx_word' id='word_1_820' title='bbox 222 5387 331 5442; x_wconf 73' lang='grc' dir='ltr'><strong>Καὶ</strong></span> <span class='ocrx_word' id='word_1_821' title='bbox 381 5385 584 5460; x_wconf 83' lang='grc' dir='ltr'>οἶμαι,</span> <span class='ocrx_word' id='word_1_822' title='bbox 635 5391 719 5445; x_wconf 81' lang='grc' dir='ltr'>ὅτι</span> <span class='ocrx_word' id='word_1_823' title='bbox 763 5393 821 5445; x_wconf 82' lang='grc' dir='ltr'><strong>ἐν</strong></span> <span class='ocrx_word' id='word_1_824' title='bbox 878 5393 1042 5464; x_wconf 77' lang='grc' dir='ltr'>σαρκὶ</span> <span class='ocrx_word' id='word_1_825' title='bbox 1092 5393 1192 5462; x_wconf 87' lang='grc' dir='ltr'><strong>μέν</strong></span> <span class='ocrx_word' id='word_1_826' title='bbox 1226 5393 1360 5446; x_wconf 75' lang='grc' dir='ltr'>εἰσιν</span> <span class='ocrx_word' id='word_1_827' title='bbox 1389 5391 1614 5448; x_wconf 80' lang='grc' dir='ltr'>οἱκατὰ</span> 
     </span>
    </p>
   </div>
   <div class='ocr_carea' id='block_1_103' title="bbox 116 5523 1060 5592">
    <p class='ocr_par' dir='ltr' id='par_1_103' title="bbox 116 5523 1060 5592">
     <span class='ocr_line' id='line_1_103' title="bbox 116 5523 1060 5592; baseline 0 -12"><span class='ocrx_word' id='word_1_828' title='bbox 116 5523 152 5556; x_wconf 67' lang='grc'><strong>⁸⁸</strong></span> <span class='ocrx_word' id='word_1_829' title='bbox 177 5525 216 5580; x_wconf 87' lang='grc' dir='ltr'><strong>ιι</strong></span> <span class='ocrx_word' id='word_1_830' title='bbox 242 5526 443 5592; x_wconf 67' lang='lat' dir='ltr'><strong>Conv,</strong></span> <span class='ocrx_word' id='word_1_831' title='bbox 478 5527 533 5585; x_wconf 83' lang='lat'><strong>7.</strong></span> <span class='ocrx_word' id='word_1_832' title='bbox 608 5528 652 5561; x_wconf 79' lang='lat'>“</span> <span class='ocrx_word' id='word_1_833' title='bbox 680 5528 694 5580; x_wconf 99' lang='grc' dir='ltr'><strong>Ι</strong></span> <span class='ocrx_word' id='word_1_834' title='bbox 726 5529 854 5584; x_wconf 90' lang='lat' dir='ltr'><strong>Cor.</strong></span> <span class='ocrx_word' id='word_1_835' title='bbox 877 5545 980 5590; x_wconf 78' lang='grc' dir='ltr'>ιιι.</span> <span class='ocrx_word' id='word_1_836' title='bbox 1005 5528 1060 5583; x_wconf 90' lang='grc'><strong>8.</strong></span> 
     </span>
    </p>
   </div>
   <div class='ocr_carea' id='block_1_104' title="bbox 1718 4658 3283 4732">
    <p class='ocr_par' dir='ltr' id='par_1_104' title="bbox 1718 4658 3283 4732">
     <span class='ocr_line' id='line_1_104' title="bbox 1718 4658 3283 4732; baseline -0.005 -12"><span class='ocrx_word' id='word_1_837' title='bbox 1718 4664 1855 4720; x_wconf 86' lang='lat' dir='ltr'><strong>bitat</strong></span> <span class='ocrx_word' id='word_1_838' title='bbox 1899 4665 1952 4718; x_wconf 92' lang='lat' dir='ltr'><strong>in</strong></span> <span class='ocrx_word' id='word_1_839' title='bbox 1993 4663 2126 4732; x_wconf 89' lang='lat' dir='ltr'><strong>ipsis</strong></span> <span class='ocrx_word' id='word_1_840' title='bbox 2170 4680 2185 4729; x_wconf 89' lang='lat'><strong>;</strong></span> <span class='ocrx_word' id='word_1_841' title='bbox 2222 4663 2420 4718; x_wconf 86' lang='lat' dir='ltr'><strong>Paulus</strong></span> <span class='ocrx_word' id='word_1_842' title='bbox 2470 4677 2645 4732; x_wconf 88' lang='lat' dir='ltr'><strong>neque</strong></span> <span class='ocrx_word' id='word_1_843' title='bbox 2680 4662 2734 4715; x_wconf 90' lang='lat' dir='ltr'><strong>in</strong></span> <span class='ocrx_word' id='word_1_844' title='bbox 2768 4675 2956 4724; x_wconf 85' lang='lat' dir='ltr'><strong>carne,</strong></span> <span class='ocrx_word' id='word_1_845' title='bbox 3008 4673 3180 4727; x_wconf 89' lang='lat' dir='ltr'><strong>neque</strong></span> <span class='ocrx_word' id='word_1_846' title='bbox 3228 4658 3283 4712; x_wconf 89' lang='lat' dir='ltr'><strong>in</strong></span> 
     </span>
    </p>
   </div>
   <div class='ocr_carea' id='block_1_105' title="bbox 1716 4750 3282 4825">
    <p class='ocr_par' dir='ltr' id='par_1_105' title="bbox 1716 4750 3282 4825">
     <span class='ocr_line' id='line_1_105' title="bbox 1716 4750 3282 4825; baseline -0.006 -14"><span class='ocrx_word' id='word_1_847' title='bbox 1716 4769 1945 4825; x_wconf 91' lang='lat' dir='ltr'><strong>corpore</strong></span> <span class='ocrx_word' id='word_1_848' title='bbox 1993 4763 2153 4809; x_wconf 87' lang='lat' dir='ltr'><strong>erat:</strong></span> <span class='ocrx_word' id='word_1_849' title='bbox 2197 4769 2322 4809; x_wconf 89' lang='lat' dir='ltr'><strong>nam</strong></span> <span class='ocrx_word' id='word_1_850' title='bbox 2373 4767 2502 4810; x_wconf 84' lang='lat' dir='ltr'><strong>vere</strong></span> <span class='ocrx_word' id='word_1_851' title='bbox 2545 4754 2680 4808; x_wconf 87' lang='lat' dir='ltr'><strong>dicit</strong></span> <span class='ocrx_word' id='word_1_852' title='bbox 2725 4768 2741 4807; x_wconf 94' lang='lat'><strong>:</strong></span> <span class='ocrx_word' id='word_1_853' title='bbox 2790 4769 2808 4803; x_wconf 85' lang='grc' dir='ltr'><strong>ι</strong></span> <span class='ocrx_word' id='word_1_854' title='bbox 2851 4750 3058 4821; x_wconf 89' lang='lat' dir='ltr'><strong>Opinor</strong></span> <span class='ocrx_word' id='word_1_855' title='bbox 3099 4757 3282 4806; x_wconf 83' lang='lat' dir='ltr'><strong>autem</strong></span> 
     </span>
    </p>
   </div>
   <div class='ocr_carea' id='block_1_106' title="bbox 1716 4840 3282 4917">
    <p class='ocr_par' dir='ltr' id='par_1_106' title="bbox 1716 4840 3282 4917">
     <span class='ocr_line' id='line_1_106' title="bbox 1716 4840 3282 4917; baseline -0.006 -16"><span class='ocrx_word' id='word_1_856' title='bbox 1716 4847 1859 4916; x_wconf 91' lang='lat' dir='ltr'><strong>quod</strong></span> <span class='ocrx_word' id='word_1_857' title='bbox 1889 4857 1944 4902; x_wconf 88' lang='lat' dir='ltr'><strong>et</strong></span> <span class='ocrx_word' id='word_1_858' title='bbox 1976 4861 2078 4917; x_wconf 89' lang='lat' dir='ltr'><strong>ego</strong></span> <span class='ocrx_word' id='word_1_859' title='bbox 2107 4847 2372 4917; x_wconf 90' lang='lat' dir='ltr'><strong>Spiritum</strong></span> <span class='ocrx_word' id='word_1_860' title='bbox 2401 4842 2493 4899; x_wconf 83' lang='lat' dir='ltr'><strong>Dei</strong></span> <span class='ocrx_word' id='word_1_861' title='bbox 2514 4841 2740 4897; x_wconf 85' lang='lat' dir='ltr'><strong>habeam</strong></span> <span class='ocrx_word' id='word_1_862' title='bbox 2759 4842 2804 4876; x_wconf 82' lang='grc'><strong>’⁸⁸</strong></span> <span class='ocrx_word' id='word_1_863' title='bbox 2827 4860 2843 4898; x_wconf 89' lang='lat'><strong>:</strong></span> <span class='ocrx_word' id='word_1_864' title='bbox 2867 4861 2886 4895; x_wconf 73' lang='grc' dir='ltr'><strong>ι</strong></span> <span class='ocrx_word' id='word_1_865' title='bbox 2909 4840 3004 4897; x_wconf 88' lang='lat' dir='ltr'><strong>sed</strong></span> <span class='ocrx_word' id='word_1_866' title='bbox 3025 4853 3202 4909; x_wconf 88' lang='lat' dir='ltr'><strong>neque</strong></span> <span class='ocrx_word' id='word_1_867' title='bbox 3229 4840 3282 4892; x_wconf 90' lang='lat' dir='ltr'><strong>in</strong></span> 
     </span>
    </p>
   </div>
   <div class='ocr_carea' id='block_1_107' title="bbox 1715 4929 3284 5007">
    <p class='ocr_par' dir='ltr' id='par_1_107' title="bbox 1715 4929 3284 5007">
     <span class='ocr_line' id='line_1_107' title="bbox 1715 4929 3284 5007; baseline -0.008 -13"><span class='ocrx_word' id='word_1_868' title='bbox 1715 4953 1902 5002; x_wconf 87' lang='lat' dir='ltr'><strong>carne.</strong></span> <span class='ocrx_word' id='word_1_869' title='bbox 1953 4953 2130 5007; x_wconf 86' lang='lat' dir='ltr'><strong>neque</strong></span> <span class='ocrx_word' id='word_1_870' title='bbox 2169 4940 2224 4992; x_wconf 91' lang='lat' dir='ltr'><strong>in</strong></span> <span class='ocrx_word' id='word_1_871' title='bbox 2301 4951 2528 5007; x_wconf 88' lang='lat' dir='ltr'><strong>corpore</strong></span> <span class='ocrx_word' id='word_1_872' title='bbox 2580 4934 2878 4998; x_wconf 87' lang='lat' dir='ltr'><strong>habitabat,</strong></span> <span class='ocrx_word' id='word_1_873' title='bbox 2938 4947 3061 4987; x_wconf 91' lang='lat' dir='ltr'><strong>cum</strong></span> <span class='ocrx_word' id='word_1_874' title='bbox 3110 4930 3158 4986; x_wconf 87' lang='lat' dir='ltr'><strong>is</strong></span> <span class='ocrx_word' id='word_1_875' title='bbox 3189 4929 3284 4998; x_wconf 90' lang='lat' dir='ltr'><strong>qui</strong></span> 
     </span>
    </p>
   </div>
   <div class='ocr_carea' id='block_1_108' title="bbox 1714 5026 3284 5101">
    <p class='ocr_par' dir='ltr' id='par_1_108' title="bbox 1714 5026 3284 5101">
     <span class='ocr_line' id='line_1_108' title="bbox 1714 5026 3284 5101; baseline -0.007 -15"><span class='ocrx_word' id='word_1_876' title='bbox 1714 5045 1911 5101; x_wconf 90' lang='lat' dir='ltr'><strong>corpus</strong></span> <span class='ocrx_word' id='word_1_877' title='bbox 1945 5029 2239 5095; x_wconf 88' lang='lat' dir='ltr'><strong>inhabitat,</strong></span> <span class='ocrx_word' id='word_1_878' title='bbox 2271 5043 2367 5099; x_wconf 86' lang='lat' dir='ltr'><strong>per</strong></span> <span class='ocrx_word' id='word_1_879' title='bbox 2394 5027 2554 5083; x_wconf 83' lang='lat' dir='ltr'><strong>ﬁdem</strong></span> <span class='ocrx_word' id='word_1_880' title='bbox 2585 5026 2846 5088; x_wconf 87' lang='lat' dir='ltr'><strong>ambulet,</strong></span> <span class='ocrx_word' id='word_1_881' title='bbox 2877 5037 2985 5077; x_wconf 88' lang='lat' dir='ltr'><strong>non</strong></span> <span class='ocrx_word' id='word_1_882' title='bbox 3017 5037 3115 5093; x_wconf 87' lang='lat' dir='ltr'><strong>per</strong></span> <span class='ocrx_word' id='word_1_883' title='bbox 3156 5036 3284 5090; x_wconf 85' lang='lat' dir='ltr'><strong>spe-</strong></span> 
     </span>
    </p>
   </div>
   <div class='ocr_carea' id='block_1_109' title="bbox 1716 5111 3287 5186">
    <p class='ocr_par' dir='ltr' id='par_1_109' title="bbox 1716 5111 3287 5186">
     <span class='ocr_line' id='line_1_109' title="bbox 1716 5111 3287 5186; baseline -0.006 -12"><span class='ocrx_word' id='word_1_884' title='bbox 1716 5121 1877 5175; x_wconf 85' lang='lat' dir='ltr'><strong>ciem.</strong></span> <span class='ocrx_word' id='word_1_885' title='bbox 1924 5120 2003 5174; x_wconf 92' lang='lat' dir='ltr'><strong>Ac</strong></span> <span class='ocrx_word' id='word_1_886' title='bbox 2053 5121 2179 5175; x_wconf 82' lang='lat' dir='ltr'><strong>vide</strong></span> <span class='ocrx_word' id='word_1_887' title='bbox 2230 5135 2360 5173; x_wconf 94' lang='lat' dir='ltr'><strong>num</strong></span> <span class='ocrx_word' id='word_1_888' title='bbox 2413 5115 2726 5186; x_wconf 68' lang='lat' dir='ltr'><strong>apostolicae</strong></span> <span class='ocrx_word' id='word_1_889' title='bbox 2771 5113 3066 5182; x_wconf 61' lang='lat' dir='ltr'><strong>diligentia:</strong></span> <span class='ocrx_word' id='word_1_890' title='bbox 3113 5111 3287 5183; x_wconf 88' lang='lat' dir='ltr'><strong>possit</strong></span> 
     </span>
    </p>
   </div>
   <div class='ocr_carea' id='block_1_110' title="bbox 1715 5207 3283 5279">
    <p class='ocr_par' dir='ltr' id='par_1_110' title="bbox 1715 5207 3283 5279">
     <span class='ocr_line' id='line_1_110' title="bbox 1715 5207 3283 5279; baseline -0.004 -14"><span class='ocrx_word' id='word_1_891' title='bbox 1715 5226 1856 5279; x_wconf 90' lang='lat' dir='ltr'><strong>esse,</strong></span> <span class='ocrx_word' id='word_1_892' title='bbox 1890 5221 1950 5265; x_wconf 93' lang='lat' dir='ltr'><strong>ut</strong></span> <span class='ocrx_word' id='word_1_893' title='bbox 1979 5225 2100 5267; x_wconf 87' lang='lat' dir='ltr'><strong>esse</strong></span> <span class='ocrx_word' id='word_1_894' title='bbox 2137 5212 2190 5265; x_wconf 92' lang='lat' dir='ltr'><strong>in</strong></span> <span class='ocrx_word' id='word_1_895' title='bbox 2227 5225 2394 5266; x_wconf 89' lang='lat' dir='ltr'><strong>carne</strong></span> <span class='ocrx_word' id='word_1_896' title='bbox 2427 5218 2485 5265; x_wconf 93' lang='lat' dir='ltr'><strong>et</strong></span> <span class='ocrx_word' id='word_1_897' title='bbox 2529 5207 2774 5262; x_wconf 89' lang='lat' dir='ltr'><strong>habitare</strong></span> <span class='ocrx_word' id='word_1_898' title='bbox 2813 5207 2866 5260; x_wconf 92' lang='lat' dir='ltr'><strong>in</strong></span> <span class='ocrx_word' id='word_1_899' title='bbox 2892 5221 3144 5276; x_wconf 87' lang='lat' dir='ltr'><strong>corpore,</strong></span> <span class='ocrx_word' id='word_1_900' title='bbox 3176 5221 3283 5261; x_wconf 93' lang='lat' dir='ltr'><strong>non</strong></span> 
     </span>
    </p>
   </div>
   <div class='ocr_carea' id='block_1_111' title="bbox 1719 5298 3286 5369">
    <p class='ocr_par' dir='ltr' id='par_1_111' title="bbox 1719 5298 3286 5369">
     <span class='ocr_line' id='line_1_111' title="bbox 1719 5298 3286 5369; baseline -0.004 -13"><span class='ocrx_word' id='word_1_901' title='bbox 1719 5303 1859 5357; x_wconf 87' lang='lat' dir='ltr'><strong>idem</strong></span> <span class='ocrx_word' id='word_1_902' title='bbox 1893 5316 2013 5358; x_wconf 86' lang='lat' dir='ltr'><strong>esse</strong></span> <span class='ocrx_word' id='word_1_903' title='bbox 2037 5303 2317 5368; x_wconf 89' lang='lat' dir='ltr'><strong>dicamus;</strong></span> <span class='ocrx_word' id='word_1_904' title='bbox 2350 5301 2549 5356; x_wconf 89' lang='lat' dir='ltr'><strong>etenim</strong></span> <span class='ocrx_word' id='word_1_905' title='bbox 2577 5300 2670 5369; x_wconf 90' lang='lat' dir='ltr'><strong>qui</strong></span> <span class='ocrx_word' id='word_1_906' title='bbox 2706 5299 2760 5352; x_wconf 92' lang='lat' dir='ltr'><strong>in</strong></span> <span class='ocrx_word' id='word_1_907' title='bbox 2794 5312 2963 5354; x_wconf 89' lang='lat' dir='ltr'><strong>carne</strong></span> <span class='ocrx_word' id='word_1_908' title='bbox 2995 5307 3144 5364; x_wconf 84' lang='lat' dir='ltr'><strong>sunt,</strong></span> <span class='ocrx_word' id='word_1_909' title='bbox 3175 5298 3286 5352; x_wconf 89' lang='lat' dir='ltr'><strong>Deo</strong></span> 
     </span>
    </p>
   </div>
   <div class='ocr_carea' id='block_1_112' title="bbox 1720 5388 3288 5462">
    <p class='ocr_par' dir='ltr' id='par_1_112' title="bbox 1720 5388 3288 5462">
     <span class='ocr_line' id='line_1_112' title="bbox 1720 5388 3288 5462; baseline -0.002 -18"><span class='ocrx_word' id='word_1_910' title='bbox 1720 5391 1939 5462; x_wconf 88' lang='lat' dir='ltr'><strong>placere</strong></span> <span class='ocrx_word' id='word_1_911' title='bbox 1966 5407 2071 5447; x_wconf 91' lang='lat' dir='ltr'><strong>non</strong></span> <span class='ocrx_word' id='word_1_912' title='bbox 2103 5399 2333 5461; x_wconf 88' lang='lat' dir='ltr'><strong>possunt</strong></span> <span class='ocrx_word' id='word_1_913' title='bbox 2362 5391 2430 5447; x_wconf 69' lang='grc' dir='ltr'><strong>δ’.</strong></span> <span class='ocrx_word' id='word_1_914' title='bbox 2450 5391 2658 5446; x_wconf 79' lang='lat' dir='ltr'><strong>Rursus</strong></span> <span class='ocrx_word' id='word_1_915' title='bbox 2679 5389 2772 5458; x_wconf 86' lang='lat' dir='ltr'><strong>qui</strong></span> <span class='ocrx_word' id='word_1_916' title='bbox 2802 5388 3054 5450; x_wconf 80' lang='lat' dir='ltr'><strong>habitant</strong></span> <span class='ocrx_word' id='word_1_917' title='bbox 3081 5389 3134 5444; x_wconf 93' lang='lat' dir='ltr'><strong>in</strong></span> <span class='ocrx_word' id='word_1_918' title='bbox 3166 5403 3288 5443; x_wconf 89' lang='lat' dir='ltr'><strong>cor-</strong></span> 
     </span>
    </p>
   </div>
   <div class='ocr_carea' id='block_1_113' title="bbox 1162 5521 1616 5593">
    <p class='ocr_par' dir='ltr' id='par_1_113' title="bbox 1162 5528 1616 5584">
     <span class='ocr_line' id='line_1_113' title="bbox 1162 5528 1616 5584; baseline 0.002 0"><span class='ocrx_word' id='word_1_919' title='bbox 1162 5528 1207 5560; x_wconf 78' lang='lat'>“</span> <span class='ocrx_word' id='word_1_920' title='bbox 1233 5529 1366 5584; x_wconf 89' lang='lat' dir='ltr'><strong>ibid.</strong></span> <span class='ocrx_word' id='word_1_921' title='bbox 1398 5530 1451 5584; x_wconf 91' lang='lat'><strong>9.</strong></span> <span class='ocrx_word' id='word_1_922' title='bbox 1526 5530 1573 5562; x_wconf 78' lang='lat'>“</span> <span class='ocrx_word' id='word_1_923' title='bbox 1606 5531 1616 5584; x_wconf 86' lang='lat' dir='ltr'><strong>l</strong></span> 
     </span>
    </p>
   </div>
   <div class='ocr_carea' id='block_1_114' title="bbox 1719 5521 3285 5593">
    <p class='ocr_par' dir='ltr' id='par_1_114' title="bbox 1719 5521 3285 5593">
     <span class='ocr_line' id='line_1_114' title="bbox 1719 5521 3285 5593; baseline -0.004 -10"><span class='ocrx_word' id='word_1_924' title='bbox 1719 5544 1796 5583; x_wconf 90' lang='lat' dir='ltr'><strong>or.</strong></span> <span class='ocrx_word' id='word_1_925' title='bbox 1826 5545 1879 5593; x_wconf 88' lang='lat' dir='ltr'><strong>v,</strong></span> <span class='ocrx_word' id='word_1_926' title='bbox 1907 5528 1962 5582; x_wconf 90' lang='lat'><strong>7.</strong></span> <span class='ocrx_word' id='word_1_927' title='bbox 2037 5526 2086 5560; x_wconf 78' lang='lat'><strong>“</strong></span> <span class='ocrx_word' id='word_1_928' title='bbox 2110 5526 2132 5582; x_wconf 93' lang='lat' dir='ltr'><strong>l</strong></span> <span class='ocrx_word' id='word_1_929' title='bbox 2158 5526 2282 5584; x_wconf 89' lang='lat' dir='ltr'><strong>Cor.</strong></span> <span class='ocrx_word' id='word_1_930' title='bbox 2315 5542 2395 5592; x_wconf 80' lang='lat' dir='ltr'><strong>ts,</strong></span> <span class='ocrx_word' id='word_1_931' title='bbox 2426 5525 2480 5580; x_wconf 80' lang='grc' dir='ltr'><strong>Ι.</strong></span> <span class='ocrx_word' id='word_1_932' title='bbox 2556 5527 2602 5558; x_wconf 78' lang='grc'><strong>⁸⁸</strong></span> <span class='ocrx_word' id='word_1_933' title='bbox 2627 5524 2668 5580; x_wconf 93' lang='lat' dir='ltr'><strong>ll</strong></span> <span class='ocrx_word' id='word_1_934' title='bbox 2697 5524 2826 5582; x_wconf 86' lang='lat' dir='ltr'><strong>Cor.</strong></span> <span class='ocrx_word' id='word_1_935' title='bbox 2851 5539 2906 5591; x_wconf 88' lang='lat' dir='ltr'><strong>v,</strong></span> <span class='ocrx_word' id='word_1_936' title='bbox 2933 5524 2986 5580; x_wconf 92' lang='lat'><strong>7.</strong></span> <span class='ocrx_word' id='word_1_937' title='bbox 3074 5521 3124 5558; x_wconf 79' lang='lat'><strong>“</strong></span> <span class='ocrx_word' id='word_1_938' title='bbox 3155 5522 3285 5578; x_wconf 83' lang='lat' dir='ltr'><strong>ibid.</strong></span> 
     </span>
    </p>
   </div>
   <div class='ocr_carea' id='block_1_115' title="bbox 67 5589 1990 5666">
    <p class='ocr_par' dir='ltr' id='par_1_115' title="bbox 67 5589 1990 5666">
     <span class='ocr_line' id='line_1_115' title="bbox 67 5589 1990 5666; baseline 0.001 -15"><span class='ocrx_word' id='word_1_939' title='bbox 67 5589 204 5666; x_wconf 63' lang='grc' dir='ltr'>ὄιες.</span> <span class='ocrx_word' id='word_1_940' title='bbox 277 5598 324 5630; x_wconf 76' lang='grc'><strong>⁵⁷</strong></span> <span class='ocrx_word' id='word_1_941' title='bbox 350 5589 513 5654; x_wconf 73' lang='lat' dir='ltr'><strong>Boni.</strong></span> <span class='ocrx_word' id='word_1_942' title='bbox 542 5613 660 5662; x_wconf 77' lang='lat' dir='ltr'><strong>vru,</strong></span> <span class='ocrx_word' id='word_1_943' title='bbox 701 5598 759 5664; x_wconf 91' lang='lat'><strong>8,</strong></span> <span class='ocrx_word' id='word_1_944' title='bbox 801 5599 857 5657; x_wconf 90' lang='lat'><strong>9.</strong></span> <span class='ocrx_word' id='word_1_945' title='bbox 932 5589 978 5630; x_wconf 69' lang='grc'><strong>⁸⁸</strong></span> <span class='ocrx_word' id='word_1_946' title='bbox 1007 5599 1026 5653; x_wconf 87' lang='grc' dir='ltr'><strong>ι</strong></span> <span class='ocrx_word' id='word_1_947' title='bbox 1068 5598 1196 5654; x_wconf 90' lang='lat' dir='ltr'><strong>Cor.</strong></span> <span class='ocrx_word' id='word_1_948' title='bbox 1230 5615 1328 5665; x_wconf 84' lang='lat' dir='ltr'><strong>vn,</strong></span> <span class='ocrx_word' id='word_1_949' title='bbox 1357 5600 1447 5654; x_wconf 73' lang='lat'><strong>40.</strong></span> <span class='ocrx_word' id='word_1_950' title='bbox 1525 5601 1569 5633; x_wconf 62' lang='grc' dir='ltr'><strong>ι’</strong></span> <span class='ocrx_word' id='word_1_951' title='bbox 1607 5600 1763 5655; x_wconf 80' lang='lat' dir='ltr'><strong>Rom.</strong></span> <span class='ocrx_word' id='word_1_952' title='bbox 1790 5589 1912 5663; x_wconf 77' lang='lat' dir='ltr'><strong>vni,</strong></span> <span class='ocrx_word' id='word_1_953' title='bbox 1936 5599 1990 5654; x_wconf 91' lang='lat'><strong>8.</strong></span> 
     </span>
    </p>
   </div>
   <div class='ocr_carea' id='block_1_116' title="bbox 118 5707 1604 5784">
    <p class='ocr_par' dir='ltr' id='par_1_116' title="bbox 118 5707 1604 5784">
     <span class='ocr_line' id='line_1_116' title="bbox 118 5707 1604 5784; baseline 0.001 -17"><span class='ocrx_word' id='word_1_954' title='bbox 118 5707 313 5784; x_wconf 62' lang='lat' dir='ltr'><strong>(inps</strong></span> <span class='ocrx_word' id='word_1_955' title='bbox 341 5710 462 5784; x_wconf 59' lang='lat' dir='ltr'><strong>_51d</strong></span> <span class='ocrx_word' id='word_1_956' title='bbox 506 5711 650 5784; x_wconf 60' lang='grc' dir='ltr'>τῶν,</span> <span class='ocrx_word' id='word_1_957' title='bbox 684 5723 790 5767; x_wconf 87' lang='lat' dir='ltr'><strong>etc.</strong></span> <span class='ocrx_word' id='word_1_958' title='bbox 820 5710 1057 5783; x_wconf 73' lang='lat' dir='ltr'><strong>Negandi</strong></span> <span class='ocrx_word' id='word_1_959' title='bbox 1088 5714 1349 5784; x_wconf 85' lang='lat' dir='ltr'><strong>particula</strong></span> <span class='ocrx_word' id='word_1_960' title='bbox 1371 5713 1527 5771; x_wconf 87' lang='lat' dir='ltr'><strong>deest</strong></span> <span class='ocrx_word' id='word_1_961' title='bbox 1553 5714 1604 5770; x_wconf 84' lang='lat' dir='ltr'><strong>in</strong></span> 
     </span>
    </p>
   </div>
   <div class='ocr_carea' id='block_1_117' title="bbox 69 5779 826 5845">
    <p class='ocr_par' dir='ltr' id='par_1_117' title="bbox 69 5779 826 5845">
     <span class='ocr_line' id='line_1_117' title="bbox 69 5779 826 5845; baseline 0.015 -21"><span class='ocrx_word' id='word_1_962' title='bbox 69 5779 188 5828; x_wconf 71' lang='lat' dir='ltr'><strong>cmld.</strong></span> <span class='ocrx_word' id='word_1_963' title='bbox 224 5779 394 5845; x_wconf 71' lang='lat' dir='ltr'><strong>Regio</strong></span> <span class='ocrx_word' id='word_1_964' title='bbox 427 5792 482 5835; x_wconf 90' lang='lat' dir='ltr'><strong>et</strong></span> <span class='ocrx_word' id='word_1_965' title='bbox 506 5781 826 5835; x_wconf 70' lang='lat' dir='ltr'><strong>Barherino.</strong></span> 
     </span>
    </p>
   </div>
   <div class='ocr_carea' id='block_1_118' title="bbox 32 5847 1606 5972">
    <p class='ocr_par' dir='ltr' id='par_1_118' title="bbox 32 5847 1606 5972">
     <span class='ocr_line' id='line_1_118' title="bbox 32 5847 1606 5972; baseline 0.004 -70"><span class='ocrx_word' id='word_1_966' title='bbox 32 5900 43 5954; x_wconf 35' lang='grc' dir='ltr'><strong>ᾖ.</strong></span> <span class='ocrx_word' id='word_1_967' title='bbox 71 5847 213 5972; x_wconf 34' lang='lat' dir='ltr'><strong>ﬁt?)</strong></span> <span class='ocrx_word' id='word_1_968' title='bbox 243 5850 606 5918; x_wconf 75' lang='grc' dir='ltr'>Τραγότητα.</span> <span class='ocrx_word' id='word_1_969' title='bbox 641 5851 948 5923; x_wconf 80' lang='lat' dir='ltr'><strong>Legendum</strong></span> <span class='ocrx_word' id='word_1_970' title='bbox 993 5853 1212 5910; x_wconf 82' lang='lat' dir='ltr'><strong>videtur</strong></span> <span class='ocrx_word' id='word_1_971' title='bbox 1242 5853 1380 5908; x_wconf 83' lang='grc' dir='ltr'><strong>κατά</strong></span> <span class='ocrx_word' id='word_1_972' title='bbox 1414 5853 1606 5926; x_wconf 84' lang='grc' dir='ltr'>τρανό-</span> 
     </span>
    </p>
   </div>
   <div class='ocr_carea' id='block_1_119' title="bbox 1788 5707 3286 5785">
    <p class='ocr_par' dir='ltr' id='par_1_119' title="bbox 1788 5707 3286 5785">
     <span class='ocr_line' id='line_1_119' title="bbox 1788 5707 3286 5785; baseline -0.004 -19"><span class='ocrx_word' id='word_1_973' title='bbox 1788 5711 1902 5785; x_wconf 75' lang='lat'><strong>(29)</strong></span> <span class='ocrx_word' id='word_1_974' title='bbox 1949 5714 2174 5782; x_wconf 83' lang='grc' dir='ltr'><strong>Ἐχειν.</strong></span> <span class='ocrx_word' id='word_1_975' title='bbox 2227 5709 2585 5768; x_wconf 89' lang='lat' dir='ltr'><strong>Scribendum</strong></span> <span class='ocrx_word' id='word_1_976' title='bbox 2631 5711 2852 5767; x_wconf 87' lang='lat' dir='ltr'><strong>videtur</strong></span> <span class='ocrx_word' id='word_1_977' title='bbox 2888 5707 2972 5765; x_wconf 87' lang='lat' dir='ltr'><strong>vel</strong></span> <span class='ocrx_word' id='word_1_978' title='bbox 3031 5707 3286 5779; x_wconf 83' lang='grc' dir='ltr'>ἐχόντων,</span> 
     </span>
    </p>
   </div>
   <div class='ocr_carea' id='block_1_120' title="bbox 1715 5782 3287 5932">
    <p class='ocr_par' dir='ltr' id='par_1_120' title="bbox 1715 5782 3287 5932">
     <span class='ocr_line' id='line_1_120' title="bbox 1715 5782 3287 5932; baseline -0.008 -24"><span class='ocrx_word' id='word_1_979' title='bbox 1715 5782 2142 5932; x_wconf 50' lang='grc' dir='ltr'><strong>νεὶὶξῶοέαφές.</strong></span> <span class='ocrx_word' id='word_1_980' title='bbox 2201 5851 2277 5906; x_wconf 87' lang='lat' dir='ltr'><strong>lta</strong></span> <span class='ocrx_word' id='word_1_981' title='bbox 2305 5852 2476 5908; x_wconf 65' lang='lat' dir='ltr'><strong>codex</strong></span> <span class='ocrx_word' id='word_1_982' title='bbox 2514 5849 2877 5913; x_wconf 81' lang='lat' dir='ltr'><strong>Bodleianus;</strong></span> <span class='ocrx_word' id='word_1_983' title='bbox 2927 5845 3149 5916; x_wconf 80' lang='lat' dir='ltr'><strong>ltcgius,</strong></span> <span class='ocrx_word' id='word_1_984' title='bbox 3190 5859 3287 5896; x_wconf 53' lang='lat' dir='ltr'><strong>ca-</strong></span> 
     </span>
    </p>
   </div>
   <div class='ocr_carea' id='block_1_121' title="bbox 1720 5939 1854 5990">
    <p class='ocr_par' dir='ltr' id='par_1_121' title="bbox 1720 5939 1854 5990">
     <span class='ocr_line' id='line_1_121' title="bbox 1720 5939 1854 5990; baseline 0.007 -17"><span class='ocrx_word' id='word_1_985' title='bbox 1720 5939 1854 5990; x_wconf 72' lang='grc' dir='ltr'>φως.</span> 
     </span>
    </p>
   </div>
  </div>
