  <div class='ocr_page' id='page_1' title='image "/cluster/home/n/w/nwhite01/storage/ocr_20150623/14/hvd.32044024333478/258.png"; bbox 0 0 3806 6536; ppageno 0'>
   <div class='ocr_carea' id='block_1_1' title="bbox 89 452 185 508">
    <p class='ocr_par' dir='ltr' id='par_1_1' title="bbox 89 452 185 508">
     <span class='ocr_line' id='line_1_1' title="bbox 89 452 185 508; baseline -0.021 0"><span class='ocrx_word' id='word_1_1' title='bbox 89 452 185 508; x_wconf 73' lang='grc'><strong>501</strong></span> 
     </span>
    </p>
   </div>
   <div class='ocr_carea' id='block_1_2' title="bbox 1144 424 2272 496">
    <p class='ocr_par' dir='ltr' id='par_1_2' title="bbox 1144 424 2272 496">
     <span class='ocr_line' id='line_1_2' title="bbox 1144 424 2272 496; baseline -0.014 0"><span class='ocrx_word' id='word_1_2' title='bbox 1144 434 1499 496; x_wconf 74' lang='lat' dir='ltr'><strong>COMMENT.</strong></span> <span class='ocrx_word' id='word_1_3' title='bbox 1538 430 1605 487; x_wconf 77' lang='lat' dir='ltr'><strong>IN</strong></span> <span class='ocrx_word' id='word_1_4' title='bbox 1638 428 1827 486; x_wconf 69' lang='lat' dir='ltr'><strong>JOAN.</strong></span> <span class='ocrx_word' id='word_1_5' title='bbox 1864 424 2101 482; x_wconf 74' lang='lat' dir='ltr'><strong>TOMUS</strong></span> <span class='ocrx_word' id='word_1_6' title='bbox 2135 424 2272 480; x_wconf 77' lang='lat' dir='ltr'>XIII.</span> 
     </span>
    </p>
   </div>
   <div class='ocr_carea' id='block_1_3' title="bbox 3224 410 3329 468">
    <p class='ocr_par' dir='ltr' id='par_1_3' title="bbox 3224 410 3329 468">
     <span class='ocr_line' id='line_1_3' title="bbox 3224 410 3329 468; baseline -0.019 1"><span class='ocrx_word' id='word_1_7' title='bbox 3224 410 3329 468; x_wconf 72' lang='lat'><strong>502</strong></span> 
     </span>
    </p>
   </div>
   <div class='ocr_carea' id='block_1_4' title="bbox 82 524 1662 639">
    <p class='ocr_par' dir='ltr' id='par_1_4' title="bbox 82 556 1657 639">
     <span class='ocr_line' id='line_1_4' title="bbox 82 556 1657 639; baseline -0.01 -16"><span class='ocrx_word' id='word_1_8' title='bbox 82 573 112 623; x_wconf 81' lang='grc' dir='ltr'><strong>ό</strong></span> <span class='ocrx_word' id='word_1_9' title='bbox 152 568 566 639; x_wconf 78' lang='grc' dir='ltr'>εὐαγγελιστὴς,</span> <span class='ocrx_word' id='word_1_10' title='bbox 612 567 707 623; x_wconf 76' lang='grc' dir='ltr'>καὶ</span> <span class='ocrx_word' id='word_1_11' title='bbox 751 567 852 622; x_wconf 81' lang='grc' dir='ltr'>οὐκ</span> <span class='ocrx_word' id='word_1_12' title='bbox 896 565 1093 636; x_wconf 74' lang='grc' dir='ltr'>ἀπορεῖ</span> <span class='ocrx_word' id='word_1_13' title='bbox 1134 560 1228 616; x_wconf 81' lang='grc' dir='ltr'><strong>τοῦ</strong></span> <span class='ocrx_word' id='word_1_14' title='bbox 1281 556 1657 630; x_wconf 83' lang='grc' dir='ltr'><strong>προκειμένου.</strong></span> 
     </span>
    </p>
   </div>
   <div class='ocr_carea' id='block_1_5' title="bbox 1768 524 3330 639">
    <p class='ocr_par' dir='ltr' id='par_1_5' title="bbox 1768 524 3330 625">
     <span class='ocr_line' id='line_1_5' title="bbox 1768 524 3330 625; baseline -0.015 -20"><span class='ocrx_word' id='word_1_15' title='bbox 1768 548 1872 605; x_wconf 90' lang='lat' dir='ltr'><strong>hoc</strong></span> <span class='ocrx_word' id='word_1_16' title='bbox 1917 546 2100 602; x_wconf 78' lang='lat' dir='ltr'><strong>.lesum</strong></span> <span class='ocrx_word' id='word_1_17' title='bbox 2148 524 2450 615; x_wconf 75' lang='lat' dir='ltr'><strong>profectum</strong></span> <span class='ocrx_word' id='word_1_18' title='bbox 2489 537 2660 595; x_wconf 81' lang='lat' dir='ltr'><strong>fuisse</strong></span> <span class='ocrx_word' id='word_1_19' title='bbox 2717 535 2918 592; x_wconf 84' lang='lat' dir='ltr'><strong>Canam</strong></span> <span class='ocrx_word' id='word_1_20' title='bbox 2960 530 3213 589; x_wconf 67' lang='lat' dir='ltr'><strong>Galilaem.</strong></span> <span class='ocrx_word' id='word_1_21' title='bbox 3246 531 3330 625; x_wconf 12' lang='lat' dir='ltr'><strong>‘At</strong></span> 
     </span>
    </p>
   </div>
   <div class='ocr_carea' id='block_1_6' title="bbox 84 647 1656 731">
    <p class='ocr_par' dir='ltr' id='par_1_6' title="bbox 84 647 1656 731">
     <span class='ocr_line' id='line_1_6' title="bbox 84 647 1656 731; baseline -0.009 -19"><span class='ocrx_word' id='word_1_22' title='bbox 84 658 368 731; x_wconf 84' lang='grc' dir='ltr'>Προειπὼν</span> <span class='ocrx_word' id='word_1_23' title='bbox 421 657 556 729; x_wconf 78' lang='grc' dir='ltr'>γοῦν</span> <span class='ocrx_word' id='word_1_24' title='bbox 608 659 732 713; x_wconf 87' lang='grc' dir='ltr'>τίνα</span> <span class='ocrx_word' id='word_1_25' title='bbox 778 656 980 727; x_wconf 81' lang='grc' dir='ltr'>τρόπον</span> <span class='ocrx_word' id='word_1_26' title='bbox 1012 654 1205 724; x_wconf 82' lang='grc' dir='ltr'>ἀφίησι</span> <span class='ocrx_word' id='word_1_27' title='bbox 1238 651 1335 722; x_wconf 78' lang='grc' dir='ltr'>τὴν</span> <span class='ocrx_word' id='word_1_28' title='bbox 1378 647 1656 710; x_wconf 80' lang='grc' dir='ltr'><strong>Ἰουδαίαν,</strong></span> 
     </span>
    </p>
   </div>
   <div class='ocr_carea' id='block_1_7' title="bbox 84 740 1661 822">
    <p class='ocr_par' dir='ltr' id='par_1_7' title="bbox 84 740 1661 822">
     <span class='ocr_line' id='line_1_7' title="bbox 84 740 1661 822; baseline -0.01 -16"><span class='ocrx_word' id='word_1_29' title='bbox 84 756 173 806; x_wconf 75' lang='grc' dir='ltr'>καὶ</span> <span class='ocrx_word' id='word_1_30' title='bbox 203 753 426 807; x_wconf 73' lang='grc' dir='ltr'>ἄπεισιν</span> <span class='ocrx_word' id='word_1_31' title='bbox 457 753 539 815; x_wconf 84' lang='grc' dir='ltr'><strong>είς</strong></span> <span class='ocrx_word' id='word_1_32' title='bbox 566 750 663 822; x_wconf 83' lang='grc' dir='ltr'>τὴν</span> <span class='ocrx_word' id='word_1_33' title='bbox 684 747 978 805; x_wconf 72' lang='grc' dir='ltr'>Γαλιλαίαν</span> <span class='ocrx_word' id='word_1_34' title='bbox 1008 747 1038 799; x_wconf 90' lang='grc' dir='ltr'><strong>ό</strong></span> <span class='ocrx_word' id='word_1_35' title='bbox 1077 744 1299 815; x_wconf 84' lang='grc' dir='ltr'>Κύριος,</span> <span class='ocrx_word' id='word_1_36' title='bbox 1331 740 1661 812; x_wconf 83' lang='grc' dir='ltr'>διηγησάμε-</span> 
     </span>
    </p>
   </div>
   <div class='ocr_carea' id='block_1_8' title="bbox 86 833 1663 912">
    <p class='ocr_par' dir='ltr' id='par_1_8' title="bbox 86 833 1663 912">
     <span class='ocr_line' id='line_1_8' title="bbox 86 833 1663 912; baseline -0.01 -13"><span class='ocrx_word' id='word_1_37' title='bbox 86 846 166 909; x_wconf 56' lang='lat' dir='ltr'><strong>vi;</strong></span> <span class='ocrx_word' id='word_1_38' title='bbox 195 861 282 912; x_wconf 81' lang='grc' dir='ltr'><strong>τε,</strong></span> <span class='ocrx_word' id='word_1_39' title='bbox 315 844 442 898; x_wconf 78' lang='grc' dir='ltr'>ἐπεὶ</span> <span class='ocrx_word' id='word_1_40' title='bbox 488 843 596 897; x_wconf 78' lang='grc' dir='ltr'>ἔδει</span> <span class='ocrx_word' id='word_1_41' title='bbox 636 842 797 896; x_wconf 78' lang='grc' dir='ltr'>αὐτὸν</span> <span class='ocrx_word' id='word_1_42' title='bbox 846 836 1155 911; x_wconf 81' lang='grc' dir='ltr'><strong>διέρχεσθαι</strong></span> <span class='ocrx_word' id='word_1_43' title='bbox 1205 835 1295 889; x_wconf 79' lang='grc' dir='ltr'>διὰ</span> <span class='ocrx_word' id='word_1_44' title='bbox 1340 835 1438 905; x_wconf 87' lang='grc' dir='ltr'><strong>τῆς</strong></span> <span class='ocrx_word' id='word_1_45' title='bbox 1480 833 1663 902; x_wconf 86' lang='grc' dir='ltr'>Σαμα-</span> 
     </span>
    </p>
   </div>
   <div class='ocr_carea' id='block_1_9' title="bbox 82 925 1660 1005">
    <p class='ocr_par' dir='ltr' id='par_1_9' title="bbox 82 925 1660 1005">
     <span class='ocr_line' id='line_1_9' title="bbox 82 925 1660 1005; baseline -0.006 -17"><span class='ocrx_word' id='word_1_46' title='bbox 82 936 252 1005; x_wconf 81' lang='grc' dir='ltr'>ρείας,</span> <span class='ocrx_word' id='word_1_47' title='bbox 305 933 375 989; x_wconf 76' lang='grc' dir='ltr'>τὰ</span> <span class='ocrx_word' id='word_1_48' title='bbox 423 934 694 1005; x_wconf 81' lang='grc' dir='ltr'>λεγόμενα</span> <span class='ocrx_word' id='word_1_49' title='bbox 740 931 963 1003; x_wconf 78' lang='grc' dir='ltr'>πλησίον</span> <span class='ocrx_word' id='word_1_50' title='bbox 1007 928 1102 983; x_wconf 81' lang='grc' dir='ltr'>τοῦ</span> <span class='ocrx_word' id='word_1_51' title='bbox 1148 927 1347 999; x_wconf 83' lang='grc' dir='ltr'>χωρίου</span> <span class='ocrx_word' id='word_1_52' title='bbox 1395 926 1424 979; x_wconf 82' lang='grc' dir='ltr'><strong>ὃ</strong></span> <span class='ocrx_word' id='word_1_53' title='bbox 1463 925 1660 979; x_wconf 78' lang='grc' dir='ltr'>ἔδωκεν</span> 
     </span>
    </p>
   </div>
   <div class='ocr_carea' id='block_1_10' title="bbox 91 1016 1662 1099">
    <p class='ocr_par' dir='ltr' id='par_1_10' title="bbox 91 1016 1662 1099">
     <span class='ocr_line' id='line_1_10' title="bbox 91 1016 1662 1099; baseline -0.007 -18"><span class='ocrx_word' id='word_1_54' title='bbox 91 1028 286 1081; x_wconf 74' lang='grc' dir='ltr'>Ἰακὼϐ</span> <span class='ocrx_word' id='word_1_55' title='bbox 314 1026 397 1099; x_wconf 81' lang='grc' dir='ltr'><strong>τῷ</strong></span> <span class='ocrx_word' id='word_1_56' title='bbox 436 1025 637 1096; x_wconf 79' lang='grc' dir='ltr'>Ἰωσὴφ</span> <span class='ocrx_word' id='word_1_57' title='bbox 670 1024 822 1097; x_wconf 78' lang='grc' dir='ltr'>παρὰ</span> <span class='ocrx_word' id='word_1_58' title='bbox 868 1025 935 1095; x_wconf 80' lang='grc' dir='ltr'><strong>τῇ</strong></span> <span class='ocrx_word' id='word_1_59' title='bbox 964 1024 1111 1093; x_wconf 83' lang='grc' dir='ltr'>πηγῇ</span> <span class='ocrx_word' id='word_1_60' title='bbox 1158 1020 1255 1074; x_wconf 79' lang='grc' dir='ltr'>τοῦ</span> <span class='ocrx_word' id='word_1_61' title='bbox 1299 1016 1515 1083; x_wconf 70' lang='grc' dir='ltr'>Ἰακὼϐ,</span> <span class='ocrx_word' id='word_1_62' title='bbox 1566 1018 1662 1071; x_wconf 77' lang='grc' dir='ltr'>καὶ</span> 
     </span>
    </p>
   </div>
   <div class='ocr_carea' id='block_1_11' title="bbox 82 1108 1657 1187">
    <p class='ocr_par' dir='ltr' id='par_1_11' title="bbox 82 1108 1657 1187">
     <span class='ocr_line' id='line_1_11' title="bbox 82 1108 1657 1187; baseline -0.006 -18"><span class='ocrx_word' id='word_1_63' title='bbox 82 1116 193 1179; x_wconf 78' lang='grc' dir='ltr'><strong>πῶς</strong></span> <span class='ocrx_word' id='word_1_64' title='bbox 250 1115 438 1187; x_wconf 78' lang='grc' dir='ltr'>ἔμεινε</span> <span class='ocrx_word' id='word_1_65' title='bbox 497 1114 592 1169; x_wconf 86' lang='grc' dir='ltr'><strong>δύο</strong></span> <span class='ocrx_word' id='word_1_66' title='bbox 640 1113 850 1185; x_wconf 74' lang='grc' dir='ltr'>ἡμέρας</span> <span class='ocrx_word' id='word_1_67' title='bbox 912 1110 1063 1183; x_wconf 86' lang='grc' dir='ltr'><strong>παρὰ</strong></span> <span class='ocrx_word' id='word_1_68' title='bbox 1112 1113 1225 1175; x_wconf 87' lang='grc' dir='ltr'>τοῖς</span> <span class='ocrx_word' id='word_1_69' title='bbox 1270 1108 1657 1180; x_wconf 76' lang='grc' dir='ltr'><strong>Σαμαρείταις,</strong></span> 
     </span>
    </p>
   </div>
   <div class='ocr_carea' id='block_1_12' title="bbox 80 1199 1661 1278">
    <p class='ocr_par' dir='ltr' id='par_1_12' title="bbox 80 1199 1661 1278">
     <span class='ocr_line' id='line_1_12' title="bbox 80 1199 1661 1278; baseline -0.005 -17"><span class='ocrx_word' id='word_1_70' title='bbox 80 1208 369 1261; x_wconf 81' lang='grc' dir='ltr'>ἀποδίδωσι</span> <span class='ocrx_word' id='word_1_71' title='bbox 414 1206 514 1278; x_wconf 81' lang='grc' dir='ltr'>τὴν</span> <span class='ocrx_word' id='word_1_72' title='bbox 554 1208 633 1270; x_wconf 87' lang='grc' dir='ltr'><strong>είς</strong></span> <span class='ocrx_word' id='word_1_73' title='bbox 671 1203 959 1259; x_wconf 76' lang='grc' dir='ltr'><strong>Γαλιλαίαν</strong></span> <span class='ocrx_word' id='word_1_74' title='bbox 1000 1201 1181 1273; x_wconf 80' lang='grc' dir='ltr'>ἄφιξιν</span> <span class='ocrx_word' id='word_1_75' title='bbox 1225 1199 1412 1266; x_wconf 81' lang='grc' dir='ltr'>αὑτοῦ,</span> <span class='ocrx_word' id='word_1_76' title='bbox 1457 1199 1661 1254; x_wconf 82' lang='grc' dir='ltr'>καίτοι-</span> 
     </span>
    </p>
   </div>
   <div class='ocr_carea' id='block_1_13' title="bbox 79 1292 1659 1369">
    <p class='ocr_par' dir='ltr' id='par_1_13' title="bbox 79 1292 1659 1369">
     <span class='ocr_line' id='line_1_13' title="bbox 79 1292 1659 1369; baseline -0.004 -18"><span class='ocrx_word' id='word_1_77' title='bbox 79 1318 136 1368; x_wconf 88' lang='grc' dir='ltr'><strong>γε</strong></span> <span class='ocrx_word' id='word_1_78' title='bbox 166 1301 272 1353; x_wconf 75' lang='grc' dir='ltr'>οὐκ</span> <span class='ocrx_word' id='word_1_79' title='bbox 310 1299 513 1367; x_wconf 81' lang='grc' dir='ltr'>ὀλίγων</span> <span class='ocrx_word' id='word_1_80' title='bbox 556 1296 759 1369; x_wconf 84' lang='grc' dir='ltr'>μεταξὺ</span> <span class='ocrx_word' id='word_1_81' title='bbox 803 1295 1123 1368; x_wconf 79' lang='grc' dir='ltr'><strong>εἰρημένων.</strong></span> <span class='ocrx_word' id='word_1_82' title='bbox 1174 1293 1326 1346; x_wconf 76' lang='grc' dir='ltr'>Ἐπεὶ</span> <span class='ocrx_word' id='word_1_83' title='bbox 1371 1292 1428 1346; x_wconf 80' lang='grc' dir='ltr'>δὲ</span> <span class='ocrx_word' id='word_1_84' title='bbox 1461 1293 1518 1344; x_wconf 83' lang='grc' dir='ltr'>ὲν</span> <span class='ocrx_word' id='word_1_85' title='bbox 1547 1294 1659 1355; x_wconf 80' lang='grc' dir='ltr'>τοῖς</span> 
     </span>
    </p>
   </div>
   <div class='ocr_carea' id='block_1_14' title="bbox 80 1379 1659 1461">
    <p class='ocr_par' dir='ltr' id='par_1_14' title="bbox 80 1379 1659 1461">
     <span class='ocr_line' id='line_1_14' title="bbox 80 1379 1659 1461; baseline -0.004 -17"><span class='ocrx_word' id='word_1_86' title='bbox 80 1391 335 1460; x_wconf 75' lang='grc' dir='ltr'>ἀνωτέρω</span> <span class='ocrx_word' id='word_1_87' title='bbox 387 1390 721 1461; x_wconf 78' lang='grc' dir='ltr'>προείπομεν</span> <span class='ocrx_word' id='word_1_88' title='bbox 752 1387 1016 1459; x_wconf 86' lang='grc' dir='ltr'>βελτίονός</span> <span class='ocrx_word' id='word_1_89' title='bbox 1044 1403 1187 1450; x_wconf 90' lang='grc' dir='ltr'>τινος</span> <span class='ocrx_word' id='word_1_90' title='bbox 1220 1385 1282 1439; x_wconf 91' lang='grc' dir='ltr'><strong>σύ</strong></span> <span class='ocrx_word' id='word_1_91' title='bbox 1293 1385 1487 1456; x_wconf 75' lang='grc' dir='ltr'>μὸολον</span> <span class='ocrx_word' id='word_1_92' title='bbox 1520 1379 1659 1438; x_wconf 82' lang='grc' dir='ltr'>εἶναι</span> 
     </span>
    </p>
   </div>
   <div class='ocr_carea' id='block_1_15' title="bbox 80 1476 1659 1551">
    <p class='ocr_par' dir='ltr' id='par_1_15' title="bbox 80 1476 1659 1551">
     <span class='ocr_line' id='line_1_15' title="bbox 80 1476 1659 1551; baseline -0.001 -19"><span class='ocrx_word' id='word_1_93' title='bbox 80 1481 169 1550; x_wconf 83' lang='grc' dir='ltr'>τὴν</span> <span class='ocrx_word' id='word_1_94' title='bbox 214 1480 483 1534; x_wconf 80' lang='grc' dir='ltr'>Ἰουδαίαν</span> <span class='ocrx_word' id='word_1_95' title='bbox 515 1481 626 1535; x_wconf 80' lang='grc' dir='ltr'>ἄνω</span> <span class='ocrx_word' id='word_1_96' title='bbox 674 1497 774 1533; x_wconf 90' lang='grc' dir='ltr'><strong>που</strong></span> <span class='ocrx_word' id='word_1_97' title='bbox 818 1479 1099 1551; x_wconf 84' lang='grc' dir='ltr'>κειμένην,</span> <span class='ocrx_word' id='word_1_98' title='bbox 1149 1478 1430 1542; x_wconf 80' lang='grc' dir='ltr'>ἐλάττονος</span> <span class='ocrx_word' id='word_1_99' title='bbox 1476 1476 1532 1530; x_wconf 80' lang='grc' dir='ltr'>δὲ</span> <span class='ocrx_word' id='word_1_100' title='bbox 1558 1477 1659 1550; x_wconf 82' lang='grc' dir='ltr'><strong>τὴν</strong></span> 
     </span>
    </p>
   </div>
   <div class='ocr_carea' id='block_1_16' title="bbox 79 1569 1659 1645">
    <p class='ocr_par' dir='ltr' id='par_1_16' title="bbox 79 1569 1659 1645">
     <span class='ocr_line' id='line_1_16' title="bbox 79 1569 1659 1645; baseline -0.002 -20"><span class='ocrx_word' id='word_1_101' title='bbox 79 1571 392 1636; x_wconf 78' lang='grc' dir='ltr'>Γαλιλαίαν,</span> <span class='ocrx_word' id='word_1_102' title='bbox 422 1572 519 1624; x_wconf 75' lang='grc' dir='ltr'>καὶ</span> <span class='ocrx_word' id='word_1_103' title='bbox 548 1571 690 1625; x_wconf 79' lang='grc' dir='ltr'>κατὰ</span> <span class='ocrx_word' id='word_1_104' title='bbox 721 1571 877 1627; x_wconf 81' lang='grc' dir='ltr'>τοῦτο</span> <span class='ocrx_word' id='word_1_105' title='bbox 901 1572 1011 1645; x_wconf 81' lang='grc'><strong>(55)</strong></span> <span class='ocrx_word' id='word_1_106' title='bbox 1051 1570 1360 1641; x_wconf 78' lang='grc' dir='ltr'>ἐπισκοπῆς</span> <span class='ocrx_word' id='word_1_107' title='bbox 1389 1569 1659 1640; x_wconf 84' lang='grc' dir='ltr'>δεομένων</span> 
     </span>
    </p>
   </div>
   <div class='ocr_carea' id='block_1_17' title="bbox 79 1662 1658 1736">
    <p class='ocr_par' dir='ltr' id='par_1_17' title="bbox 79 1662 1658 1736">
     <span class='ocr_line' id='line_1_17' title="bbox 79 1662 1658 1736; baseline -0.001 -19"><span class='ocrx_word' id='word_1_108' title='bbox 79 1662 310 1717; x_wconf 75' lang='grc' dir='ltr'>καὶτῶν</span> <span class='ocrx_word' id='word_1_109' title='bbox 362 1663 663 1718; x_wconf 76' lang='grc' dir='ltr'>ἐλαττόνων</span> <span class='ocrx_word' id='word_1_110' title='bbox 701 1666 730 1718; x_wconf 87' lang='grc' dir='ltr'><strong>ό</strong></span> <span class='ocrx_word' id='word_1_111' title='bbox 778 1664 1155 1736; x_wconf 83' lang='grc' dir='ltr'>φιλάνθρωπος</span> <span class='ocrx_word' id='word_1_112' title='bbox 1204 1662 1337 1728; x_wconf 82' lang='grc' dir='ltr'>Θεὸς</span> <span class='ocrx_word' id='word_1_113' title='bbox 1378 1662 1439 1715; x_wconf 82' lang='grc' dir='ltr'>οὐ</span> <span class='ocrx_word' id='word_1_114' title='bbox 1487 1678 1658 1716; x_wconf 87' lang='grc' dir='ltr'>κατα-</span> 
     </span>
    </p>
   </div>
   <div class='ocr_carea' id='block_1_18' title="bbox 80 1754 1660 1828">
    <p class='ocr_par' dir='ltr' id='par_1_18' title="bbox 80 1754 1660 1828">
     <span class='ocr_line' id='line_1_18' title="bbox 80 1754 1660 1828; baseline -0.001 -19"><span class='ocrx_word' id='word_1_115' title='bbox 80 1758 296 1828; x_wconf 78' lang='grc' dir='ltr'>φρονεῖ’</span> <span class='ocrx_word' id='word_1_116' title='bbox 343 1756 437 1810; x_wconf 81' lang='grc' dir='ltr'>διὰ</span> <span class='ocrx_word' id='word_1_117' title='bbox 464 1755 622 1809; x_wconf 80' lang='grc' dir='ltr'>τοῦτο</span> <span class='ocrx_word' id='word_1_118' title='bbox 666 1757 760 1810; x_wconf 78' lang='grc' dir='ltr'>καὶ</span> <span class='ocrx_word' id='word_1_119' title='bbox 806 1757 934 1820; x_wconf 82' lang='grc' dir='ltr'>τοὺς</span> <span class='ocrx_word' id='word_1_120' title='bbox 956 1756 1298 1827; x_wconf 84' lang='grc' dir='ltr'>Σαμαρείτας</span> <span class='ocrx_word' id='word_1_121' title='bbox 1331 1754 1440 1826; x_wconf 74' lang='grc'>(56)</span> <span class='ocrx_word' id='word_1_122' title='bbox 1475 1754 1660 1824; x_wconf 84' lang='grc' dir='ltr'>τάχιον</span> 
     </span>
    </p>
   </div>
   <div class='ocr_carea' id='block_1_19' title="bbox 80 1845 1661 1920">
    <p class='ocr_par' dir='ltr' id='par_1_19' title="bbox 80 1845 1661 1920">
     <span class='ocr_line' id='line_1_19' title="bbox 80 1845 1661 1920; baseline -0.001 -20"><span class='ocrx_word' id='word_1_123' title='bbox 80 1846 421 1913; x_wconf 77' lang='grc' dir='ltr'>καταλιπὼν,</span> <span class='ocrx_word' id='word_1_124' title='bbox 458 1847 597 1920; x_wconf 81' lang='grc' dir='ltr'>ὑπὲρ</span> <span class='ocrx_word' id='word_1_125' title='bbox 619 1846 714 1901; x_wconf 79' lang='grc' dir='ltr'><strong>τοῦ</strong></span> <span class='ocrx_word' id='word_1_126' title='bbox 742 1850 855 1912; x_wconf 85' lang='grc' dir='ltr'>τοῖς</span> <span class='ocrx_word' id='word_1_127' title='bbox 880 1846 1173 1919; x_wconf 85' lang='grc' dir='ltr'>προθύμως</span> <span class='ocrx_word' id='word_1_128' title='bbox 1205 1845 1368 1901; x_wconf 82' lang='grc' dir='ltr'>αὑτὸν</span> <span class='ocrx_word' id='word_1_129' title='bbox 1398 1845 1661 1910; x_wconf 79' lang='grc' dir='ltr'>ἀποδεξα-</span> 
     </span>
    </p>
   </div>
   <div class='ocr_carea' id='block_1_20' title="bbox 1764 622 3328 709">
    <p class='ocr_par' dir='ltr' id='par_1_20' title="bbox 1764 622 3328 709">
     <span class='ocr_line' id='line_1_20' title="bbox 1764 622 3328 709; baseline -0.013 -14"><span class='ocrx_word' id='word_1_130' title='bbox 1764 653 1885 695; x_wconf 88' lang='lat' dir='ltr'><strong>sese</strong></span> <span class='ocrx_word' id='word_1_131' title='bbox 1935 637 2194 709; x_wconf 88' lang='lat' dir='ltr'><strong>intelligit</strong></span> <span class='ocrx_word' id='word_1_132' title='bbox 2242 632 2597 705; x_wconf 77' lang='lat' dir='ltr'><strong>evangelista,</strong></span> <span class='ocrx_word' id='word_1_133' title='bbox 2623 642 2723 684; x_wconf 79' lang='lat' dir='ltr'><strong>nec</strong></span> <span class='ocrx_word' id='word_1_134' title='bbox 2759 626 2976 682; x_wconf 87' lang='lat' dir='ltr'><strong>dubitat</strong></span> <span class='ocrx_word' id='word_1_135' title='bbox 3015 624 3082 679; x_wconf 90' lang='lat' dir='ltr'><strong>de</strong></span> <span class='ocrx_word' id='word_1_136' title='bbox 3107 636 3167 677; x_wconf 88' lang='lat' dir='ltr'><strong>re</strong></span> <span class='ocrx_word' id='word_1_137' title='bbox 3201 622 3328 690; x_wconf 88' lang='lat' dir='ltr'><strong>pro-</strong></span> 
     </span>
    </p>
   </div>
   <div class='ocr_carea' id='block_1_21' title="bbox 1764 721 3328 802">
    <p class='ocr_par' dir='ltr' id='par_1_21' title="bbox 1764 721 3328 802">
     <span class='ocr_line' id='line_1_21' title="bbox 1764 721 3328 802; baseline -0.015 -15"><span class='ocrx_word' id='word_1_138' title='bbox 1764 732 1969 802; x_wconf 86' lang='lat' dir='ltr'><strong>posita.</strong></span> <span class='ocrx_word' id='word_1_139' title='bbox 2001 729 2136 786; x_wconf 85' lang='lat' dir='ltr'><strong>Cum</strong></span> <span class='ocrx_word' id='word_1_140' title='bbox 2169 742 2303 799; x_wconf 87' lang='lat' dir='ltr'><strong>ergo</strong></span> <span class='ocrx_word' id='word_1_141' title='bbox 2332 734 2491 781; x_wconf 88' lang='lat' dir='ltr'><strong>antea</strong></span> <span class='ocrx_word' id='word_1_142' title='bbox 2525 722 2754 778; x_wconf 79' lang='lat' dir='ltr'><strong>dixisset</strong></span> <span class='ocrx_word' id='word_1_143' title='bbox 2788 730 3025 788; x_wconf 89' lang='lat' dir='ltr'><strong>quonam</strong></span> <span class='ocrx_word' id='word_1_144' title='bbox 3055 721 3211 783; x_wconf 86' lang='lat' dir='ltr'><strong>pacto</strong></span> <span class='ocrx_word' id='word_1_145' title='bbox 3240 724 3328 765; x_wconf 88' lang='lat' dir='ltr'><strong>re—</strong></span> 
     </span>
    </p>
   </div>
   <div class='ocr_carea' id='block_1_22' title="bbox 1761 802 3328 888">
    <p class='ocr_par' dir='ltr' id='par_1_22' title="bbox 1761 802 3328 888">
     <span class='ocr_line' id='line_1_22' title="bbox 1761 802 3328 888; baseline -0.011 -14"><span class='ocrx_word' id='word_1_146' title='bbox 1761 821 1924 888; x_wconf 77' lang='lat' dir='ltr'><strong>liquit</strong></span> <span class='ocrx_word' id='word_1_147' title='bbox 1953 819 2216 885; x_wconf 71' lang='lat' dir='ltr'><strong>Judaeam,</strong></span> <span class='ocrx_word' id='word_1_148' title='bbox 2252 802 2796 888; x_wconf 79' lang='lat' dir='ltr'><strong>proficiscereturque</strong></span> <span class='ocrx_word' id='word_1_149' title='bbox 2830 809 2884 863; x_wconf 94' lang='lat' dir='ltr'><strong>in</strong></span> <span class='ocrx_word' id='word_1_150' title='bbox 2912 805 3184 864; x_wconf 74' lang='lat' dir='ltr'><strong>Galilaeam</strong></span> <span class='ocrx_word' id='word_1_151' title='bbox 3222 803 3328 857; x_wconf 84' lang='lat' dir='ltr'><strong>Do-</strong></span> 
     </span>
    </p>
   </div>
   <div class='ocr_carea' id='block_1_23' title="bbox 1761 894 3327 980">
    <p class='ocr_par' dir='ltr' id='par_1_23' title="bbox 1761 894 3327 980">
     <span class='ocr_line' id='line_1_23' title="bbox 1761 894 3327 980; baseline -0.011 -13"><span class='ocrx_word' id='word_1_152' title='bbox 1761 912 1962 978; x_wconf 87' lang='lat' dir='ltr'><strong>minus,</strong></span> <span class='ocrx_word' id='word_1_153' title='bbox 1996 924 2230 980; x_wconf 89' lang='lat' dir='ltr'><strong>cumque</strong></span> <span class='ocrx_word' id='word_1_154' title='bbox 2268 914 2542 963; x_wconf 83' lang='lat' dir='ltr'><strong>narrasset</strong></span> <span class='ocrx_word' id='word_1_155' title='bbox 2577 917 2698 972; x_wconf 71' lang='lat' dir='ltr'><strong>quat</strong></span> <span class='ocrx_word' id='word_1_156' title='bbox 2743 901 3002 956; x_wconf 88' lang='lat' dir='ltr'><strong>dicuntur</strong></span> <span class='ocrx_word' id='word_1_157' title='bbox 3031 910 3197 968; x_wconf 86' lang='lat' dir='ltr'><strong>prope</strong></span> <span class='ocrx_word' id='word_1_158' title='bbox 3247 894 3327 949; x_wconf 81' lang='lat' dir='ltr'><strong>Io-</strong></span> 
     </span>
    </p>
   </div>
   <div class='ocr_carea' id='block_1_24' title="bbox 1763 986 3325 1071">
    <p class='ocr_par' dir='ltr' id='par_1_24' title="bbox 1763 986 3325 1071">
     <span class='ocr_line' id='line_1_24' title="bbox 1763 986 3325 1071; baseline -0.01 -14"><span class='ocrx_word' id='word_1_159' title='bbox 1763 1017 1886 1057; x_wconf 88' lang='lat' dir='ltr'><strong>cum</strong></span> <span class='ocrx_word' id='word_1_160' title='bbox 1919 1017 2078 1071; x_wconf 87' lang='lat' dir='ltr'><strong>quem</strong></span> <span class='ocrx_word' id='word_1_161' title='bbox 2109 998 2439 1055; x_wconf 84' lang='lat' dir='ltr'><strong>deditJacob</strong></span> <span class='ocrx_word' id='word_1_162' title='bbox 2466 995 2702 1058; x_wconf 82' lang='lat' dir='ltr'><strong>Josepho</strong></span> <span class='ocrx_word' id='word_1_163' title='bbox 2732 991 2872 1052; x_wconf 79' lang='lat' dir='ltr'><strong>apud</strong></span> <span class='ocrx_word' id='word_1_164' title='bbox 2906 990 3110 1044; x_wconf 92' lang='lat' dir='ltr'><strong>fontem</strong></span> <span class='ocrx_word' id='word_1_165' title='bbox 3136 986 3325 1051; x_wconf 83' lang='lat' dir='ltr'><strong>Jacob,</strong></span> 
     </span>
    </p>
   </div>
   <div class='ocr_carea' id='block_1_25' title="bbox 1761 1072 3330 1161">
    <p class='ocr_par' dir='ltr' id='par_1_25' title="bbox 1761 1072 3330 1161">
     <span class='ocr_line' id='line_1_25' title="bbox 1761 1072 3330 1161; baseline -0.008 -16"><span class='ocrx_word' id='word_1_166' title='bbox 1761 1095 2015 1161; x_wconf 88' lang='lat' dir='ltr'><strong>quoniam</strong></span> <span class='ocrx_word' id='word_1_167' title='bbox 2049 1092 2331 1161; x_wconf 88' lang='lat' dir='ltr'><strong>oportebat</strong></span> <span class='ocrx_word' id='word_1_168' title='bbox 2362 1072 2484 1144; x_wconf 76' lang='lat' dir='ltr'><strong>eum</strong></span> <span class='ocrx_word' id='word_1_169' title='bbox 2519 1087 2753 1142; x_wconf 82' lang='lat' dir='ltr'><strong>transire</strong></span> <span class='ocrx_word' id='word_1_170' title='bbox 2791 1100 2887 1154; x_wconf 93' lang='lat' dir='ltr'><strong>per</strong></span> <span class='ocrx_word' id='word_1_171' title='bbox 2913 1081 3243 1144; x_wconf 77' lang='lat' dir='ltr'><strong>Samariam,</strong></span> <span class='ocrx_word' id='word_1_172' title='bbox 3273 1087 3330 1133; x_wconf 91' lang='lat' dir='ltr'><strong>et</strong></span> 
     </span>
    </p>
   </div>
   <div class='ocr_carea' id='block_1_26' title="bbox 1760 1171 3325 1254">
    <p class='ocr_par' dir='ltr' id='par_1_26' title="bbox 1760 1171 3325 1254">
     <span class='ocr_line' id='line_1_26' title="bbox 1760 1171 3325 1254; baseline -0.008 -16"><span class='ocrx_word' id='word_1_173' title='bbox 1760 1184 2030 1254; x_wconf 88' lang='lat' dir='ltr'><strong>quomodo</strong></span> <span class='ocrx_word' id='word_1_174' title='bbox 2076 1183 2367 1239; x_wconf 86' lang='lat' dir='ltr'><strong>mansisset</strong></span> <span class='ocrx_word' id='word_1_175' title='bbox 2401 1180 2543 1250; x_wconf 89' lang='lat' dir='ltr'><strong>apud</strong></span> <span class='ocrx_word' id='word_1_176' title='bbox 2596 1179 2968 1235; x_wconf 85' lang='lat' dir='ltr'><strong>Samaritanos</strong></span> <span class='ocrx_word' id='word_1_177' title='bbox 3010 1175 3145 1231; x_wconf 90' lang='lat' dir='ltr'><strong>duos</strong></span> <span class='ocrx_word' id='word_1_178' title='bbox 3185 1171 3325 1234; x_wconf 90' lang='lat' dir='ltr'><strong>dies,</strong></span> 
     </span>
    </p>
   </div>
   <div class='ocr_carea' id='block_1_27' title="bbox 1760 1269 3329 1347">
    <p class='ocr_par' dir='ltr' id='par_1_27' title="bbox 1760 1269 3329 1347">
     <span class='ocr_line' id='line_1_27' title="bbox 1760 1269 3329 1347; baseline -0.011 -16"><span class='ocrx_word' id='word_1_179' title='bbox 1760 1276 2003 1347; x_wconf 81' lang='lat' dir='ltr'><strong>assignat</strong></span> <span class='ocrx_word' id='word_1_180' title='bbox 2052 1274 2328 1331; x_wconf 87' lang='lat' dir='ltr'><strong>accessum</strong></span> <span class='ocrx_word' id='word_1_181' title='bbox 2366 1271 2510 1327; x_wconf 86' lang='lat' dir='ltr'><strong>illius</strong></span> <span class='ocrx_word' id='word_1_182' title='bbox 2548 1271 2602 1327; x_wconf 93' lang='lat' dir='ltr'><strong>in</strong></span> <span class='ocrx_word' id='word_1_183' title='bbox 2646 1269 2919 1327; x_wconf 60' lang='lat' dir='ltr'><strong>Galilaeam</strong></span> <span class='ocrx_word' id='word_1_184' title='bbox 2949 1308 2965 1335; x_wconf 89' lang='lat'><strong>,</strong></span> <span class='ocrx_word' id='word_1_185' title='bbox 3014 1277 3329 1337; x_wconf 80' lang='lat' dir='ltr'><strong>quanquam</strong></span> 
     </span>
    </p>
   </div>
   <div class='ocr_carea' id='block_1_28' title="bbox 1761 1355 3326 1435">
    <p class='ocr_par' dir='ltr' id='par_1_28' title="bbox 1761 1355 3326 1435">
     <span class='ocr_line' id='line_1_28' title="bbox 1761 1355 3326 1435; baseline -0.011 -12"><span class='ocrx_word' id='word_1_186' title='bbox 1761 1368 1978 1423; x_wconf 86' lang='lat' dir='ltr'><strong>interim</strong></span> <span class='ocrx_word' id='word_1_187' title='bbox 2017 1381 2123 1422; x_wconf 91' lang='lat' dir='ltr'><strong>non</strong></span> <span class='ocrx_word' id='word_1_188' title='bbox 2169 1380 2335 1435; x_wconf 85' lang='lat' dir='ltr'><strong>pauca</strong></span> <span class='ocrx_word' id='word_1_189' title='bbox 2377 1363 2609 1418; x_wconf 82' lang='lat' dir='ltr'><strong>fuissent</strong></span> <span class='ocrx_word' id='word_1_190' title='bbox 2638 1362 2804 1416; x_wconf 87' lang='lat' dir='ltr'><strong>dicta.</strong></span> <span class='ocrx_word' id='word_1_191' title='bbox 2838 1359 3033 1414; x_wconf 86' lang='lat' dir='ltr'><strong>Verum</strong></span> <span class='ocrx_word' id='word_1_192' title='bbox 3069 1355 3326 1427; x_wconf 88' lang='lat' dir='ltr'><strong>quoniam</strong></span> 
     </span>
    </p>
   </div>
   <div class='ocr_carea' id='block_1_29' title="bbox 1759 1452 3326 1529">
    <p class='ocr_par' dir='ltr' id='par_1_29' title="bbox 1759 1452 3326 1529">
     <span class='ocr_line' id='line_1_29' title="bbox 1759 1452 3326 1529; baseline -0.011 -13"><span class='ocrx_word' id='word_1_193' title='bbox 1759 1459 1814 1515; x_wconf 87' lang='lat' dir='ltr'><strong>in</strong></span> <span class='ocrx_word' id='word_1_194' title='bbox 1853 1457 2229 1529; x_wconf 83' lang='lat' dir='ltr'><strong>superioribus</strong></span> <span class='ocrx_word' id='word_1_195' title='bbox 2266 1453 2506 1512; x_wconf 62' lang='lat' dir='ltr'><strong>Juda&#39;am</strong></span> <span class='ocrx_word' id='word_1_196' title='bbox 2559 1452 2909 1521; x_wconf 73' lang='lat' dir='ltr'><strong>przcdiximus</strong></span> <span class='ocrx_word' id='word_1_197' title='bbox 2960 1459 3143 1503; x_wconf 89' lang='lat' dir='ltr'><strong>notam</strong></span> <span class='ocrx_word' id='word_1_198' title='bbox 3204 1460 3326 1500; x_wconf 85' lang='lat' dir='ltr'><strong>esse</strong></span> 
     </span>
    </p>
   </div>
   <div class='ocr_carea' id='block_1_30' title="bbox 1761 1538 3328 1616">
    <p class='ocr_par' dir='ltr' id='par_1_30' title="bbox 1761 1538 3328 1616">
     <span class='ocr_line' id='line_1_30' title="bbox 1761 1538 3328 1616; baseline -0.011 -11"><span class='ocrx_word' id='word_1_199' title='bbox 1761 1550 1998 1605; x_wconf 86' lang='lat' dir='ltr'><strong>melioris</strong></span> <span class='ocrx_word' id='word_1_200' title='bbox 2028 1547 2308 1616; x_wconf 81' lang='lat' dir='ltr'><strong>cujusdam</strong></span> <span class='ocrx_word' id='word_1_201' title='bbox 2342 1538 2439 1609; x_wconf 86' lang='lat' dir='ltr'><strong>rei,</strong></span> <span class='ocrx_word' id='word_1_202' title='bbox 2471 1543 2596 1612; x_wconf 86' lang='lat' dir='ltr'><strong>quia</strong></span> <span class='ocrx_word' id='word_1_203' title='bbox 2631 1543 2683 1596; x_wconf 92' lang='lat' dir='ltr'><strong>in</strong></span> <span class='ocrx_word' id='word_1_204' title='bbox 2715 1540 2934 1597; x_wconf 90' lang='lat' dir='ltr'><strong>sublimi</strong></span> <span class='ocrx_word' id='word_1_205' title='bbox 2953 1538 3141 1610; x_wconf 83' lang='lat' dir='ltr'><strong>posita</strong></span> <span class='ocrx_word' id='word_1_206' title='bbox 3158 1543 3328 1599; x_wconf 81' lang='lat' dir='ltr'><strong>esset,</strong></span> 
     </span>
    </p>
   </div>
   <div class='ocr_carea' id='block_1_31' title="bbox 1761 1627 3326 1699">
    <p class='ocr_par' dir='ltr' id='par_1_31' title="bbox 1761 1627 3326 1699">
     <span class='ocr_line' id='line_1_31' title="bbox 1761 1627 3326 1699; baseline -0.012 0"><span class='ocrx_word' id='word_1_207' title='bbox 1761 1642 2048 1699; x_wconf 87' lang='lat' dir='ltr'><strong>deterioris</strong></span> <span class='ocrx_word' id='word_1_208' title='bbox 2082 1654 2212 1695; x_wconf 90' lang='lat' dir='ltr'><strong>vero</strong></span> <span class='ocrx_word' id='word_1_209' title='bbox 2251 1637 2328 1693; x_wconf 85' lang='lat' dir='ltr'><strong>rei</strong></span> <span class='ocrx_word' id='word_1_210' title='bbox 2357 1631 2654 1699; x_wconf 72' lang='lat' dir='ltr'><strong>Galilzeam,</strong></span> <span class='ocrx_word' id='word_1_211' title='bbox 2684 1643 2738 1688; x_wconf 92' lang='lat' dir='ltr'><strong>et</strong></span> <span class='ocrx_word' id='word_1_212' title='bbox 2781 1632 2884 1687; x_wconf 90' lang='lat' dir='ltr'><strong>hac</strong></span> <span class='ocrx_word' id='word_1_213' title='bbox 2921 1631 3133 1684; x_wconf 86' lang='lat' dir='ltr'><strong>ratione</strong></span> <span class='ocrx_word' id='word_1_214' title='bbox 3159 1627 3326 1681; x_wconf 82' lang='lat' dir='ltr'><strong>Deum</strong></span> 
     </span>
    </p>
   </div>
   <div class='ocr_carea' id='block_1_32' title="bbox 1756 1719 3331 1802">
    <p class='ocr_par' dir='ltr' id='par_1_32' title="bbox 1756 1719 3331 1802">
     <span class='ocr_line' id='line_1_32' title="bbox 1756 1719 3331 1802; baseline -0.014 -9"><span class='ocrx_word' id='word_1_215' title='bbox 1756 1734 1986 1793; x_wconf 81' lang='lat' dir='ltr'><strong>humani</strong></span> <span class='ocrx_word' id='word_1_216' title='bbox 2050 1731 2269 1802; x_wconf 90' lang='lat' dir='ltr'><strong>generis</strong></span> <span class='ocrx_word' id='word_1_217' title='bbox 2324 1721 2649 1789; x_wconf 82' lang='lat' dir='ltr'><strong>amantem,</strong></span> <span class='ocrx_word' id='word_1_218' title='bbox 2709 1738 2803 1779; x_wconf 92' lang='lat' dir='ltr'><strong>eos</strong></span> <span class='ocrx_word' id='word_1_219' title='bbox 2864 1722 2955 1791; x_wconf 88' lang='lat' dir='ltr'><strong>qui</strong></span> <span class='ocrx_word' id='word_1_220' title='bbox 3018 1719 3331 1774; x_wconf 83' lang='lat' dir='ltr'><strong>visitationc</strong></span> 
     </span>
    </p>
   </div>
   <div class='ocr_carea' id='block_1_33' title="bbox 1760 1811 3330 1898">
    <p class='ocr_par' dir='ltr' id='par_1_33' title="bbox 1760 1811 3330 1898">
     <span class='ocr_line' id='line_1_33' title="bbox 1760 1811 3330 1898; baseline -0.012 -15"><span class='ocrx_word' id='word_1_221' title='bbox 1760 1836 1977 1898; x_wconf 83' lang='lat' dir='ltr'><strong>egeant,</strong></span> <span class='ocrx_word' id='word_1_222' title='bbox 2005 1825 2206 1896; x_wconf 88' lang='lat' dir='ltr'><strong>quique</strong></span> <span class='ocrx_word' id='word_1_223' title='bbox 2233 1823 2342 1878; x_wconf 90' lang='lat' dir='ltr'><strong>sint</strong></span> <span class='ocrx_word' id='word_1_224' title='bbox 2367 1820 2674 1882; x_wconf 80' lang='lat' dir='ltr'><strong>inferiores,</strong></span> <span class='ocrx_word' id='word_1_225' title='bbox 2703 1831 2811 1871; x_wconf 91' lang='lat' dir='ltr'><strong>non</strong></span> <span class='ocrx_word' id='word_1_226' title='bbox 2845 1813 3156 1882; x_wconf 88' lang='lat' dir='ltr'><strong>despicere;</strong></span> <span class='ocrx_word' id='word_1_227' title='bbox 3185 1811 3330 1865; x_wconf 88' lang='lat' dir='ltr'><strong>hanc</strong></span> 
     </span>
    </p>
   </div>
   <div class='ocr_carea' id='block_1_34' title="bbox 81 1902 1662 2009">
    <p class='ocr_par' dir='ltr' id='par_1_34' title="bbox 81 1902 1658 2009">
     <span class='ocr_line' id='line_1_34' title="bbox 81 1902 1658 2009; baseline 0 -18"><span class='ocrx_word' id='word_1_228' title='bbox 81 1938 258 2009; x_wconf 81' lang='grc' dir='ltr'>μένοις</span> <span class='ocrx_word' id='word_1_229' title='bbox 283 1902 595 2002; x_wconf 70' lang='grc' dir='ltr'>Γαλιλαίοις</span> <span class='ocrx_word' id='word_1_230' title='bbox 625 1902 937 2009; x_wconf 53' lang='grc' dir='ltr'>ἐπιστῆναι,</span> <span class='ocrx_word' id='word_1_231' title='bbox 963 1902 1072 1993; x_wconf 46' lang='grc' dir='ltr'>καὶ.</span> <span class='ocrx_word' id='word_1_232' title='bbox 1101 1902 1191 1991; x_wconf 62' lang='grc' dir='ltr'><strong>τδν</strong></span> <span class='ocrx_word' id='word_1_233' title='bbox 1234 1937 1330 1991; x_wconf 82' lang='grc' dir='ltr'>τοῦ</span> <span class='ocrx_word' id='word_1_234' title='bbox 1383 1902 1658 2009; x_wconf 74' lang='grc' dir='ltr'>βασιλικοῦ</span> 
     </span>
    </p>
   </div>
   <div class='ocr_carea' id='block_1_35' title="bbox 1768 1902 3329 2009">
    <p class='ocr_par' dir='ltr' id='par_1_35' title="bbox 1768 1902 3329 1977">
     <span class='ocr_line' id='line_1_35' title="bbox 1768 1902 3329 1977; baseline -0.012 -1"><span class='ocrx_word' id='word_1_235' title='bbox 1768 1920 1832 1977; x_wconf 87' lang='lat' dir='ltr'><strong>ob</strong></span> <span class='ocrx_word' id='word_1_236' title='bbox 1857 1933 2073 1974; x_wconf 83' lang='lat' dir='ltr'><strong>causam</strong></span> <span class='ocrx_word' id='word_1_237' title='bbox 2111 1915 2472 1972; x_wconf 89' lang='lat' dir='ltr'><strong>Samaritanis</strong></span> <span class='ocrx_word' id='word_1_238' title='bbox 2501 1912 2751 1968; x_wconf 88' lang='lat' dir='ltr'><strong>celeriter</strong></span> <span class='ocrx_word' id='word_1_239' title='bbox 2775 1906 3004 1970; x_wconf 85' lang='lat' dir='ltr'><strong>relictis.</strong></span> <span class='ocrx_word' id='word_1_240' title='bbox 3038 1902 3329 1959; x_wconf 81' lang='lat' dir='ltr'><strong>adfuturus</strong></span> 
     </span>
    </p>
   </div>
   <div class='ocr_carea' id='block_1_36' title="bbox 78 2027 1656 2101">
    <p class='ocr_par' dir='ltr' id='par_1_36' title="bbox 78 2027 1656 2101">
     <span class='ocr_line' id='line_1_36' title="bbox 78 2027 1656 2101; baseline 0.003 -23"><span class='ocrx_word' id='word_1_241' title='bbox 78 2027 191 2082; x_wconf 72' lang='grc' dir='ltr'>υἱὸν</span> <span class='ocrx_word' id='word_1_242' title='bbox 251 2027 536 2081; x_wconf 72' lang='grc' dir='ltr'>ἰάσασθαι.</span> <span class='ocrx_word' id='word_1_243' title='bbox 573 2029 759 2083; x_wconf 80' lang='grc' dir='ltr'>Ταῦτα</span> <span class='ocrx_word' id='word_1_244' title='bbox 799 2029 856 2083; x_wconf 83' lang='grc' dir='ltr'>δὲ</span> <span class='ocrx_word' id='word_1_245' title='bbox 885 2030 945 2083; x_wconf 78' lang='grc' dir='ltr'>ὲν</span> <span class='ocrx_word' id='word_1_246' title='bbox 989 2032 1059 2101; x_wconf 81' lang='grc' dir='ltr'>τῇ</span> <span class='ocrx_word' id='word_1_247' title='bbox 1103 2029 1362 2100; x_wconf 80' lang='grc' dir='ltr'>Γαλιλαίᾳ</span> <span class='ocrx_word' id='word_1_248' title='bbox 1406 2031 1656 2101; x_wconf 88' lang='grc' dir='ltr'>ποιήσας,</span> 
     </span>
    </p>
   </div>
   <div class='ocr_carea' id='block_1_37' title="bbox 82 2119 1662 2193">
    <p class='ocr_par' dir='ltr' id='par_1_37' title="bbox 82 2119 1662 2193">
     <span class='ocr_line' id='line_1_37' title="bbox 82 2119 1662 2193; baseline 0.003 -22"><span class='ocrx_word' id='word_1_249' title='bbox 82 2119 346 2190; x_wconf 76' lang='grc' dir='ltr'>ἐνστάσης</span> <span class='ocrx_word' id='word_1_250' title='bbox 368 2119 471 2191; x_wconf 82' lang='grc' dir='ltr'><strong>τῆς</strong></span> <span class='ocrx_word' id='word_1_251' title='bbox 502 2119 609 2173; x_wconf 82' lang='grc' dir='ltr'>τῶν</span> <span class='ocrx_word' id='word_1_252' title='bbox 651 2119 915 2174; x_wconf 85' lang='grc' dir='ltr'>Ἰουδαίων</span> <span class='ocrx_word' id='word_1_253' title='bbox 945 2121 1136 2193; x_wconf 79' lang='grc' dir='ltr'>ἑορτῆς</span> <span class='ocrx_word' id='word_1_254' title='bbox 1162 2121 1439 2176; x_wconf 74' lang='grc' dir='ltr'>ἀναϐαίνει</span> <span class='ocrx_word' id='word_1_255' title='bbox 1462 2123 1541 2186; x_wconf 91' lang='grc' dir='ltr'><strong>είς</strong></span> <span class='ocrx_word' id='word_1_256' title='bbox 1575 2123 1662 2175; x_wconf 87' lang='grc' dir='ltr'>Ἰε-</span> 
     </span>
    </p>
   </div>
   <div class='ocr_carea' id='block_1_38' title="bbox 81 2210 1658 2286">
    <p class='ocr_par' dir='ltr' id='par_1_38' title="bbox 81 2210 1658 2286">
     <span class='ocr_line' id='line_1_38' title="bbox 81 2210 1658 2286; baseline 0.002 -22"><span class='ocrx_word' id='word_1_257' title='bbox 81 2210 376 2283; x_wconf 83' lang='grc' dir='ltr'>ροσόλυμα,</span> <span class='ocrx_word' id='word_1_258' title='bbox 425 2211 527 2283; x_wconf 81' lang='grc' dir='ltr'>τὴν</span> <span class='ocrx_word' id='word_1_259' title='bbox 572 2212 762 2284; x_wconf 80' lang='grc' dir='ltr'>ἑορτὴν</span> <span class='ocrx_word' id='word_1_260' title='bbox 792 2213 1077 2285; x_wconf 89' lang='grc' dir='ltr'>κρείττονα</span> <span class='ocrx_word' id='word_1_261' title='bbox 1113 2214 1206 2267; x_wconf 75' lang='grc' dir='ltr'><strong>καὶ</strong></span> <span class='ocrx_word' id='word_1_262' title='bbox 1244 2213 1560 2285; x_wconf 85' lang='grc' dir='ltr'>ίλαροτέραν</span> <span class='ocrx_word' id='word_1_263' title='bbox 1593 2216 1658 2286; x_wconf 79' lang='grc' dir='ltr'>τῇ</span> 
     </span>
    </p>
   </div>
   <div class='ocr_carea' id='block_1_39' title="bbox 81 2302 788 2375">
    <p class='ocr_par' dir='ltr' id='par_1_39' title="bbox 81 2302 788 2375">
     <span class='ocr_line' id='line_1_39' title="bbox 81 2302 788 2375; baseline 0.003 -20"><span class='ocrx_word' id='word_1_264' title='bbox 81 2302 268 2357; x_wconf 77' lang='grc' dir='ltr'>ἑαυτοῦ</span> <span class='ocrx_word' id='word_1_265' title='bbox 300 2302 479 2360; x_wconf 83' lang='grc' dir='ltr'>ποιῶν</span> <span class='ocrx_word' id='word_1_266' title='bbox 507 2302 788 2375; x_wconf 70' lang='grc' dir='ltr'>ἐπιδημία.</span> 
     </span>
    </p>
   </div>
   <div class='ocr_carea' id='block_1_40' title="bbox 147 2483 1660 2558">
    <p class='ocr_par' dir='ltr' id='par_1_40' title="bbox 147 2483 1660 2558">
     <span class='ocr_line' id='line_1_40' title="bbox 147 2483 1660 2558; baseline 0.001 -19"><span class='ocrx_word' id='word_1_267' title='bbox 147 2483 242 2539; x_wconf 67' lang='grc'><strong>54.</strong></span> <span class='ocrx_word' id='word_1_268' title='bbox 268 2485 508 2556; x_wconf 84' lang='grc' dir='ltr'>Ἵδωμεν</span> <span class='ocrx_word' id='word_1_269' title='bbox 552 2484 610 2539; x_wconf 74' lang='grc' dir='ltr'>δὲ</span> <span class='ocrx_word' id='word_1_270' title='bbox 641 2484 694 2538; x_wconf 87' lang='grc' dir='ltr'><strong>τί</strong></span> <span class='ocrx_word' id='word_1_271' title='bbox 742 2486 858 2538; x_wconf 73' lang='grc' dir='ltr'>ἐστι</span> <span class='ocrx_word' id='word_1_272' title='bbox 888 2486 981 2539; x_wconf 71' lang='grc' dir='ltr'>καὶ</span> <span class='ocrx_word' id='word_1_273' title='bbox 1008 2485 1069 2539; x_wconf 91' lang='grc' dir='ltr'><strong>τό</strong></span> <span class='ocrx_word' id='word_1_274' title='bbox 1091 2500 1105 2516; x_wconf 80' lang='grc'><strong><em>⁸</em></strong></span> <span class='ocrx_word' id='word_1_275' title='bbox 1145 2505 1163 2537; x_wconf 75' lang='grc' dir='ltr'><strong>ι</strong></span> <span class='ocrx_word' id='word_1_276' title='bbox 1187 2485 1357 2550; x_wconf 83' lang='grc' dir='ltr'>Αύτὸς</span> <span class='ocrx_word' id='word_1_277' title='bbox 1403 2487 1510 2558; x_wconf 80' lang='grc' dir='ltr'><strong>γὰρ</strong></span> <span class='ocrx_word' id='word_1_278' title='bbox 1556 2487 1660 2558; x_wconf 86' lang='grc' dir='ltr'>Ἰη-</span> 
     </span>
    </p>
   </div>
   <div class='ocr_carea' id='block_1_41' title="bbox 81 2577 1657 2651">
    <p class='ocr_par' dir='ltr' id='par_1_41' title="bbox 81 2577 1657 2651">
     <span class='ocr_line' id='line_1_41' title="bbox 81 2577 1657 2651; baseline 0.002 -22"><span class='ocrx_word' id='word_1_279' title='bbox 81 2578 200 2641; x_wconf 76' lang='grc' dir='ltr'>σοῦς</span> <span class='ocrx_word' id='word_1_280' title='bbox 243 2577 657 2649; x_wconf 76' lang='grc' dir='ltr'>ἐμαρτύρησεν,</span> <span class='ocrx_word' id='word_1_281' title='bbox 703 2578 784 2631; x_wconf 82' lang='grc' dir='ltr'><strong>ὅτι</strong></span> <span class='ocrx_word' id='word_1_282' title='bbox 812 2579 1096 2649; x_wconf 81' lang='grc' dir='ltr'>προφήτης</span> <span class='ocrx_word' id='word_1_283' title='bbox 1129 2579 1186 2632; x_wconf 81' lang='grc' dir='ltr'>ὲν</span> <span class='ocrx_word' id='word_1_284' title='bbox 1217 2581 1282 2649; x_wconf 85' lang='grc' dir='ltr'>τῇ</span> <span class='ocrx_word' id='word_1_285' title='bbox 1313 2579 1417 2650; x_wconf 71' lang='grc' dir='ltr'>ίδίᾳ</span> <span class='ocrx_word' id='word_1_286' title='bbox 1444 2579 1657 2651; x_wconf 88' lang='grc' dir='ltr'>πατρίδι</span> 
     </span>
    </p>
   </div>
   <div class='ocr_carea' id='block_1_42' title="bbox 80 2667 1660 2741">
    <p class='ocr_par' dir='ltr' id='par_1_42' title="bbox 80 2667 1660 2741">
     <span class='ocr_line' id='line_1_42' title="bbox 80 2667 1660 2741; baseline 0.003 -22"><span class='ocrx_word' id='word_1_287' title='bbox 80 2667 234 2737; x_wconf 71' lang='grc' dir='ltr'>τιμὴν</span> <span class='ocrx_word' id='word_1_288' title='bbox 258 2668 367 2721; x_wconf 78' lang='grc' dir='ltr'>οὐκ</span> <span class='ocrx_word' id='word_1_289' title='bbox 414 2667 528 2739; x_wconf 77' lang='grc' dir='ltr'>ἔχει</span> <span class='ocrx_word' id='word_1_290' title='bbox 553 2685 569 2698; x_wconf 89' lang='grc'><strong>·</strong></span> <span class='ocrx_word' id='word_1_291' title='bbox 593 2687 611 2721; x_wconf 75' lang='grc' dir='ltr'>ι</span> <span class='ocrx_word' id='word_1_292' title='bbox 662 2668 757 2722; x_wconf 77' lang='grc' dir='ltr'>καὶ</span> <span class='ocrx_word' id='word_1_293' title='bbox 779 2667 941 2732; x_wconf 80' lang='grc' dir='ltr'>ἀξίως</span> <span class='ocrx_word' id='word_1_294' title='bbox 970 2668 1064 2721; x_wconf 81' lang='grc' dir='ltr'>τοῦ</span> <span class='ocrx_word' id='word_1_295' title='bbox 1108 2668 1282 2740; x_wconf 87' lang='grc' dir='ltr'>Ἰησοῦ</span> <span class='ocrx_word' id='word_1_296' title='bbox 1323 2669 1660 2741; x_wconf 85' lang='grc' dir='ltr'>μαρτυροῦν-</span> 
     </span>
    </p>
   </div>
   <div class='ocr_carea' id='block_1_43' title="bbox 79 2760 1659 2834">
    <p class='ocr_par' dir='ltr' id='par_1_43' title="bbox 79 2760 1659 2834">
     <span class='ocr_line' id='line_1_43' title="bbox 79 2760 1659 2834; baseline 0.003 -22"><span class='ocrx_word' id='word_1_297' title='bbox 79 2778 181 2823; x_wconf 79' lang='grc' dir='ltr'>τος,</span> <span class='ocrx_word' id='word_1_298' title='bbox 228 2760 500 2832; x_wconf 80' lang='grc' dir='ltr'>ζητητέον</span> <span class='ocrx_word' id='word_1_299' title='bbox 547 2761 639 2815; x_wconf 78' lang='grc' dir='ltr'>τὸν</span> <span class='ocrx_word' id='word_1_300' title='bbox 670 2762 765 2833; x_wconf 87' lang='grc' dir='ltr'><strong>τῆς</strong></span> <span class='ocrx_word' id='word_1_301' title='bbox 805 2762 1001 2829; x_wconf 80' lang='grc' dir='ltr'>λέξεως</span> <span class='ocrx_word' id='word_1_302' title='bbox 1045 2761 1190 2816; x_wconf 79' lang='grc' dir='ltr'>νοῦν.</span> <span class='ocrx_word' id='word_1_303' title='bbox 1228 2763 1435 2834; x_wconf 76' lang='grc' dir='ltr'>Πατρὶς</span> <span class='ocrx_word' id='word_1_304' title='bbox 1461 2763 1524 2834; x_wconf 80' lang='grc' dir='ltr'>δὴ</span> <span class='ocrx_word' id='word_1_305' title='bbox 1550 2761 1659 2817; x_wconf 82' lang='grc' dir='ltr'><strong>τῶν</strong></span> 
     </span>
    </p>
   </div>
   <div class='ocr_carea' id='block_1_44' title="bbox 81 2850 1658 2927">
    <p class='ocr_par' dir='ltr' id='par_1_44' title="bbox 81 2850 1658 2927">
     <span class='ocr_line' id='line_1_44' title="bbox 81 2850 1658 2927; baseline 0.004 -25"><span class='ocrx_word' id='word_1_306' title='bbox 81 2851 372 2922; x_wconf 62' lang='grc' dir='ltr'>προφητῶν</span> <span class='ocrx_word' id='word_1_307' title='bbox 397 2853 456 2905; x_wconf 78' lang='grc' dir='ltr'>ὲν</span> <span class='ocrx_word' id='word_1_308' title='bbox 481 2855 548 2924; x_wconf 83' lang='grc' dir='ltr'>τῇ</span> <span class='ocrx_word' id='word_1_309' title='bbox 589 2853 817 2924; x_wconf 78' lang='grc' dir='ltr'>Ἰουδαίᾳ</span> <span class='ocrx_word' id='word_1_310' title='bbox 847 2850 936 2925; x_wconf 81' lang='grc' dir='ltr'><strong>ῆν,</strong></span> <span class='ocrx_word' id='word_1_311' title='bbox 971 2855 1063 2907; x_wconf 79' lang='grc' dir='ltr'>καὶ</span> <span class='ocrx_word' id='word_1_312' title='bbox 1090 2855 1320 2927; x_wconf 82' lang='grc' dir='ltr'>φανερόν</span> <span class='ocrx_word' id='word_1_313' title='bbox 1344 2857 1460 2910; x_wconf 78' lang='grc' dir='ltr'>ἐστι</span> <span class='ocrx_word' id='word_1_314' title='bbox 1492 2857 1658 2927; x_wconf 84' lang='grc' dir='ltr'>τιμὴν</span> 
     </span>
    </p>
   </div>
   <div class='ocr_carea' id='block_1_45' title="bbox 80 2943 1657 3020">
    <p class='ocr_par' dir='ltr' id='par_1_45' title="bbox 80 2943 1657 3020">
     <span class='ocr_line' id='line_1_45' title="bbox 80 2943 1657 3020; baseline 0.004 -24"><span class='ocrx_word' id='word_1_315' title='bbox 80 2946 266 3009; x_wconf 70' lang='grc' dir='ltr'>αὖτοὺς</span> <span class='ocrx_word' id='word_1_316' title='bbox 297 2945 455 3016; x_wconf 79' lang='grc' dir='ltr'>παρὰ</span> <span class='ocrx_word' id='word_1_317' title='bbox 474 2943 590 3016; x_wconf 79' lang='lat'>(&#39;57)</span> <span class='ocrx_word' id='word_1_318' title='bbox 635 2945 909 3010; x_wconf 87' lang='grc' dir='ltr'>Ἰουδαίοις</span> <span class='ocrx_word' id='word_1_319' title='bbox 938 2946 1014 3018; x_wconf 83' lang='grc' dir='ltr'>μὴ</span> <span class='ocrx_word' id='word_1_320' title='bbox 1037 2947 1348 3020; x_wconf 72' lang='grc' dir='ltr'>ἐσχηκέναι,</span> <span class='ocrx_word' id='word_1_321' title='bbox 1378 2947 1657 3003; x_wconf 80' lang='grc' dir='ltr'>λιθασθέν-</span> 
     </span>
    </p>
   </div>
   <div class='ocr_carea' id='block_1_46' title="bbox 80 3034 1659 3112">
    <p class='ocr_par' dir='ltr' id='par_1_46' title="bbox 80 3034 1659 3112">
     <span class='ocr_line' id='line_1_46' title="bbox 80 3034 1659 3112; baseline 0.004 -26"><span class='ocrx_word' id='word_1_322' title='bbox 80 3052 191 3097; x_wconf 80' lang='grc' dir='ltr'>τας,</span> <span class='ocrx_word' id='word_1_323' title='bbox 241 3035 595 3107; x_wconf 82' lang='grc' dir='ltr'>.;ρισθέντας,</span> <span class='ocrx_word' id='word_1_324' title='bbox 644 3034 1057 3106; x_wconf 86' lang='grc' dir='ltr'>πειρασθέντας,</span> <span class='ocrx_word' id='word_1_325' title='bbox 1095 3040 1152 3090; x_wconf 79' lang='grc' dir='ltr'>ὲν</span> <span class='ocrx_word' id='word_1_326' title='bbox 1197 3038 1343 3109; x_wconf 83' lang='grc' dir='ltr'>φόνῳ</span> <span class='ocrx_word' id='word_1_327' title='bbox 1384 3039 1659 3112; x_wconf 83' lang='grc' dir='ltr'>μαχαίρας</span> 
     </span>
    </p>
   </div>
   <div class='ocr_carea' id='block_1_47' title="bbox 82 3126 1658 3200">
    <p class='ocr_par' dir='ltr' id='par_1_47' title="bbox 82 3126 1658 3200">
     <span class='ocr_line' id='line_1_47' title="bbox 82 3126 1658 3200; baseline 0.004 -21"><span class='ocrx_word' id='word_1_328' title='bbox 82 3126 471 3192; x_wconf 66' lang='grc' dir='ltr'>ἀποθανόντας,</span> <span class='ocrx_word' id='word_1_329' title='bbox 524 3126 613 3181; x_wconf 85' lang='grc' dir='ltr'><strong>διὰ</strong></span> <span class='ocrx_word' id='word_1_330' title='bbox 658 3128 717 3181; x_wconf 85' lang='grc' dir='ltr'>τὸ</span> <span class='ocrx_word' id='word_1_331' title='bbox 761 3128 1119 3200; x_wconf 73' lang='grc' dir='ltr'>ἀτιμάζεσθαι</span> <span class='ocrx_word' id='word_1_332' title='bbox 1172 3129 1551 3200; x_wconf 82' lang='grc' dir='ltr'>περιελθόντας</span> <span class='ocrx_word' id='word_1_333' title='bbox 1600 3133 1658 3185; x_wconf 75' lang='grc' dir='ltr'>ὲν</span> 
     </span>
    </p>
   </div>
   <div class='ocr_carea' id='block_1_48' title="bbox 1761 2005 3330 2079">
    <p class='ocr_par' dir='ltr' id='par_1_48' title="bbox 1761 2005 3330 2079">
     <span class='ocr_line' id='line_1_48' title="bbox 1761 2005 3330 2079; baseline -0.012 -11"><span class='ocrx_word' id='word_1_334' title='bbox 1761 2020 1881 2068; x_wconf 86' lang='lat' dir='ltr'><strong>erat</strong></span> <span class='ocrx_word' id='word_1_335' title='bbox 1900 2009 2157 2073; x_wconf 63' lang='lat' dir='ltr'><strong>Galilaais,</strong></span> <span class='ocrx_word' id='word_1_336' title='bbox 2183 2009 2274 2079; x_wconf 86' lang='lat' dir='ltr'><strong>qui</strong></span> <span class='ocrx_word' id='word_1_337' title='bbox 2308 2008 2460 2063; x_wconf 89' lang='lat' dir='ltr'><strong>illum</strong></span> <span class='ocrx_word' id='word_1_338' title='bbox 2505 2012 2754 2077; x_wconf 82' lang='lat' dir='ltr'><strong>prompte</strong></span> <span class='ocrx_word' id='word_1_339' title='bbox 2785 2005 3124 2069; x_wconf 86' lang='lat' dir='ltr'><strong>receperant,</strong></span> <span class='ocrx_word' id='word_1_340' title='bbox 3151 2006 3205 2051; x_wconf 89' lang='lat' dir='ltr'><strong>et</strong></span> <span class='ocrx_word' id='word_1_341' title='bbox 3243 2009 3330 2050; x_wconf 87' lang='lat' dir='ltr'><strong>re-</strong></span> 
     </span>
    </p>
   </div>
   <div class='ocr_carea' id='block_1_49' title="bbox 1762 2087 3326 2173">
    <p class='ocr_par' dir='ltr' id='par_1_49' title="bbox 1762 2087 3326 2173">
     <span class='ocr_line' id='line_1_49' title="bbox 1762 2087 3326 2173; baseline -0.01 -16"><span class='ocrx_word' id='word_1_342' title='bbox 1762 2102 1871 2173; x_wconf 90' lang='lat' dir='ltr'><strong>guli</strong></span> <span class='ocrx_word' id='word_1_343' title='bbox 1905 2101 2073 2157; x_wconf 84' lang='lat' dir='ltr'><strong>filium</strong></span> <span class='ocrx_word' id='word_1_344' title='bbox 2106 2102 2416 2156; x_wconf 79' lang='lat' dir='ltr'><strong>curaturus.</strong></span> <span class='ocrx_word' id='word_1_345' title='bbox 2453 2098 2588 2153; x_wconf 88' lang='lat' dir='ltr'><strong>Cum</strong></span> <span class='ocrx_word' id='word_1_346' title='bbox 2640 2104 2820 2149; x_wconf 81' lang='lat' dir='ltr'><strong>autem</strong></span> <span class='ocrx_word' id='word_1_347' title='bbox 2862 2091 2979 2146; x_wconf 71' lang='lat' dir='ltr'><strong>haec</strong></span> <span class='ocrx_word' id='word_1_348' title='bbox 3025 2089 3077 2143; x_wconf 93' lang='lat' dir='ltr'><strong>in</strong></span> <span class='ocrx_word' id='word_1_349' title='bbox 3107 2087 3326 2145; x_wconf 70' lang='lat' dir='ltr'><strong>Galilzea</strong></span> 
     </span>
    </p>
   </div>
   <div class='ocr_carea' id='block_1_50' title="bbox 1761 2182 3325 2258">
    <p class='ocr_par' dir='ltr' id='par_1_50' title="bbox 1761 2182 3325 2258">
     <span class='ocr_line' id='line_1_50' title="bbox 1761 2182 3325 2258; baseline -0.011 -9"><span class='ocrx_word' id='word_1_350' title='bbox 1761 2194 2015 2258; x_wconf 75' lang='lat' dir='ltr'><strong>fecisset,</strong></span> <span class='ocrx_word' id='word_1_351' title='bbox 2078 2193 2315 2248; x_wconf 86' lang='lat' dir='ltr'><strong>instante</strong></span> <span class='ocrx_word' id='word_1_352' title='bbox 2372 2190 2683 2246; x_wconf 67' lang='lat' dir='ltr'><strong>Judzeorum</strong></span> <span class='ocrx_word' id='word_1_353' title='bbox 2735 2190 2876 2245; x_wconf 87' lang='lat' dir='ltr'><strong>festo</strong></span> <span class='ocrx_word' id='word_1_354' title='bbox 2931 2182 3325 2254; x_wconf 75' lang='lat' dir='ltr'><strong>Jerosolymam</strong></span> 
     </span>
    </p>
   </div>
   <div class='ocr_carea' id='block_1_51' title="bbox 1759 2273 3372 2350">
    <p class='ocr_par' dir='ltr' id='par_1_51' title="bbox 1759 2273 3372 2350">
     <span class='ocr_line' id='line_1_51' title="bbox 1759 2273 3372 2350; baseline -0.008 -11"><span class='ocrx_word' id='word_1_355' title='bbox 1759 2284 2046 2350; x_wconf 80' lang='lat' dir='ltr'><strong>ascendit,</strong></span> <span class='ocrx_word' id='word_1_356' title='bbox 2101 2273 2503 2339; x_wconf 80' lang='lat' dir='ltr'><strong>solemnitatem</strong></span> <span class='ocrx_word' id='word_1_357' title='bbox 2552 2280 2834 2337; x_wconf 87' lang='lat' dir='ltr'><strong>meliorem</strong></span> <span class='ocrx_word' id='word_1_358' title='bbox 2882 2276 3327 2343; x_wconf 88' lang='lat' dir='ltr'><strong>festivioremque</strong></span> <span class='ocrx_word' id='word_1_359' title='bbox 3366 2341 3372 2346; x_wconf 26' lang='lat'><strong><em>.</em></strong></span> 
     </span>
    </p>
   </div>
   <div class='ocr_carea' id='block_1_52' title="bbox 1758 2372 2622 2447">
    <p class='ocr_par' dir='ltr' id='par_1_52' title="bbox 1758 2372 2622 2447">
     <span class='ocr_line' id='line_1_52' title="bbox 1758 2372 2622 2447; baseline -0.007 -14"><span class='ocrx_word' id='word_1_360' title='bbox 1758 2390 1859 2433; x_wconf 88' lang='lat' dir='ltr'><strong>suo</strong></span> <span class='ocrx_word' id='word_1_361' title='bbox 1888 2375 2059 2447; x_wconf 85' lang='lat' dir='ltr'><strong>ipsius</strong></span> <span class='ocrx_word' id='word_1_362' title='bbox 2087 2375 2322 2431; x_wconf 78' lang='lat' dir='ltr'><strong>adventu</strong></span> <span class='ocrx_word' id='word_1_363' title='bbox 2357 2372 2622 2429; x_wconf 85' lang='lat' dir='ltr'><strong>facturus.</strong></span> 
     </span>
    </p>
   </div>
   <div class='ocr_carea' id='block_1_53' title="bbox 1829 2501 3328 2580">
    <p class='ocr_par' dir='ltr' id='par_1_53' title="bbox 1829 2501 3328 2580">
     <span class='ocr_line' id='line_1_53' title="bbox 1829 2501 3328 2580; baseline -0.005 -13"><span class='ocrx_word' id='word_1_364' title='bbox 1829 2510 1918 2572; x_wconf 66' lang='lat'><strong>54.</strong></span> <span class='ocrx_word' id='word_1_365' title='bbox 1959 2509 2064 2568; x_wconf 87' lang='lat' dir='ltr'><strong>Sed</strong></span> <span class='ocrx_word' id='word_1_366' title='bbox 2094 2510 2368 2567; x_wconf 87' lang='lat' dir='ltr'><strong>videamus</strong></span> <span class='ocrx_word' id='word_1_367' title='bbox 2401 2510 2527 2580; x_wconf 87' lang='lat' dir='ltr'><strong>quid</strong></span> <span class='ocrx_word' id='word_1_368' title='bbox 2575 2509 2648 2564; x_wconf 89' lang='lat' dir='ltr'><strong>sit</strong></span> <span class='ocrx_word' id='word_1_369' title='bbox 2691 2512 2718 2563; x_wconf 82' lang='lat'><strong>:&#39;</strong></span> <span class='ocrx_word' id='word_1_370' title='bbox 2757 2525 2775 2559; x_wconf 75' lang='grc' dir='ltr'><strong>ι</strong></span> <span class='ocrx_word' id='word_1_371' title='bbox 2810 2504 2928 2576; x_wconf 86' lang='lat' dir='ltr'><strong>Ipse</strong></span> <span class='ocrx_word' id='word_1_372' title='bbox 2982 2504 3127 2559; x_wconf 91' lang='lat' dir='ltr'><strong>enim</strong></span> <span class='ocrx_word' id='word_1_373' title='bbox 3168 2501 3328 2560; x_wconf 68' lang='lat' dir='ltr'><strong>Iesus</strong></span> 
     </span>
    </p>
   </div>
   <div class='ocr_carea' id='block_1_54' title="bbox 1760 2596 3327 2672">
    <p class='ocr_par' dir='ltr' id='par_1_54' title="bbox 1760 2596 3327 2672">
     <span class='ocr_line' id='line_1_54' title="bbox 1760 2596 3327 2672; baseline -0.007 -14"><span class='ocrx_word' id='word_1_374' title='bbox 1760 2612 1989 2658; x_wconf 86' lang='lat' dir='ltr'><strong>testatus</strong></span> <span class='ocrx_word' id='word_1_375' title='bbox 2049 2611 2133 2657; x_wconf 89' lang='lat' dir='ltr'><strong>est</strong></span> <span class='ocrx_word' id='word_1_376' title='bbox 2185 2601 2509 2672; x_wconf 82' lang='lat' dir='ltr'><strong>prophetam</strong></span> <span class='ocrx_word' id='word_1_377' title='bbox 2529 2601 2583 2655; x_wconf 92' lang='lat' dir='ltr'><strong>in</strong></span> <span class='ocrx_word' id='word_1_378' title='bbox 2606 2600 2824 2670; x_wconf 90' lang='lat' dir='ltr'><strong>propria</strong></span> <span class='ocrx_word' id='word_1_379' title='bbox 2857 2598 3033 2669; x_wconf 88' lang='lat' dir='ltr'><strong>patria</strong></span> <span class='ocrx_word' id='word_1_380' title='bbox 3065 2596 3327 2651; x_wconf 83' lang='lat' dir='ltr'><strong>honorem</strong></span> 
     </span>
    </p>
   </div>
   <div class='ocr_carea' id='block_1_55' title="bbox 1759 2685 3331 2762">
    <p class='ocr_par' dir='ltr' id='par_1_55' title="bbox 1759 2685 3331 2762">
     <span class='ocr_line' id='line_1_55' title="bbox 1759 2685 3331 2762; baseline -0.005 -15"><span class='ocrx_word' id='word_1_381' title='bbox 1759 2707 1865 2747; x_wconf 90' lang='lat' dir='ltr'><strong>non</strong></span> <span class='ocrx_word' id='word_1_382' title='bbox 1899 2694 2102 2748; x_wconf 86' lang='lat' dir='ltr'><strong>habere</strong></span> <span class='ocrx_word' id='word_1_383' title='bbox 2116 2692 2164 2725; x_wconf 80' lang='lat'><strong>“</strong></span> <span class='ocrx_word' id='word_1_384' title='bbox 2190 2710 2205 2760; x_wconf 87' lang='lat'><strong>;</strong></span> <span class='ocrx_word' id='word_1_385' title='bbox 2234 2713 2254 2746; x_wconf 74' lang='grc' dir='ltr'><strong>ι</strong></span> <span class='ocrx_word' id='word_1_386' title='bbox 2292 2702 2456 2762; x_wconf 84' lang='lat' dir='ltr'><strong>atque</strong></span> <span class='ocrx_word' id='word_1_387' title='bbox 2485 2708 2550 2746; x_wconf 81' lang='lat' dir='ltr'><strong>ex</strong></span> <span class='ocrx_word' id='word_1_388' title='bbox 2580 2690 2738 2747; x_wconf 84' lang='lat' dir='ltr'><strong>Jesus</strong></span> <span class='ocrx_word' id='word_1_389' title='bbox 2761 2691 3020 2761; x_wconf 79' lang='lat' dir='ltr'><strong>dignitate</strong></span> <span class='ocrx_word' id='word_1_390' title='bbox 3055 2689 3158 2743; x_wconf 90' lang='lat' dir='ltr'><strong>hoc</strong></span> <span class='ocrx_word' id='word_1_391' title='bbox 3180 2685 3331 2741; x_wconf 89' lang='lat' dir='ltr'><strong>testi-</strong></span> 
     </span>
    </p>
   </div>
   <div class='ocr_carea' id='block_1_56' title="bbox 1759 2778 3329 2854">
    <p class='ocr_par' dir='ltr' id='par_1_56' title="bbox 1759 2778 3329 2854">
     <span class='ocr_line' id='line_1_56' title="bbox 1759 2778 3329 2854; baseline -0.004 -15"><span class='ocrx_word' id='word_1_392' title='bbox 1759 2784 1994 2851; x_wconf 85' lang='lat' dir='ltr'><strong>ﬁcantis,</strong></span> <span class='ocrx_word' id='word_1_393' title='bbox 2022 2799 2336 2854; x_wconf 70' lang='lat' dir='ltr'><strong>quaeramus</strong></span> <span class='ocrx_word' id='word_1_394' title='bbox 2368 2781 2529 2853; x_wconf 80' lang='lat' dir='ltr'><strong>hujus</strong></span> <span class='ocrx_word' id='word_1_395' title='bbox 2563 2792 2854 2838; x_wconf 83' lang='lat' dir='ltr'><strong>contextus</strong></span> <span class='ocrx_word' id='word_1_396' title='bbox 2888 2778 3329 2850; x_wconf 82' lang='lat' dir='ltr'><strong>intelligentiam.</strong></span> 
     </span>
    </p>
   </div>
   <div class='ocr_carea' id='block_1_57' title="bbox 1760 2862 3330 2945">
    <p class='ocr_par' dir='ltr' id='par_1_57' title="bbox 1760 2862 3330 2945">
     <span class='ocr_line' id='line_1_57' title="bbox 1760 2862 3330 2945; baseline -0.004 -16"><span class='ocrx_word' id='word_1_397' title='bbox 1760 2873 1941 2929; x_wconf 86' lang='lat' dir='ltr'><strong>Patria</strong></span> <span class='ocrx_word' id='word_1_398' title='bbox 1995 2874 2163 2945; x_wconf 87' lang='lat' dir='ltr'><strong>igitur</strong></span> <span class='ocrx_word' id='word_1_399' title='bbox 2199 2862 2586 2944; x_wconf 84' lang='lat' dir='ltr'><strong>pr0phetarum</strong></span> <span class='ocrx_word' id='word_1_400' title='bbox 2622 2874 2675 2927; x_wconf 92' lang='lat' dir='ltr'><strong>in</strong></span> <span class='ocrx_word' id='word_1_401' title='bbox 2700 2872 2887 2929; x_wconf 70' lang='lat' dir='ltr'><strong>Iudaea</strong></span> <span class='ocrx_word' id='word_1_402' title='bbox 2918 2880 3058 2935; x_wconf 89' lang='lat' dir='ltr'><strong>erat,</strong></span> <span class='ocrx_word' id='word_1_403' title='bbox 3095 2868 3330 2924; x_wconf 85' lang='lat' dir='ltr'><strong>manife-</strong></span> 
     </span>
    </p>
   </div>
   <div class='ocr_carea' id='block_1_58' title="bbox 1759 2959 3331 3034">
    <p class='ocr_par' dir='ltr' id='par_1_58' title="bbox 1759 2959 3331 3034">
     <span class='ocr_line' id='line_1_58' title="bbox 1759 2959 3331 3034; baseline -0.004 -13"><span class='ocrx_word' id='word_1_404' title='bbox 1759 2974 2012 3034; x_wconf 89' lang='lat' dir='ltr'><strong>stumque</strong></span> <span class='ocrx_word' id='word_1_405' title='bbox 2040 2974 2125 3021; x_wconf 89' lang='lat' dir='ltr'><strong>est</strong></span> <span class='ocrx_word' id='word_1_406' title='bbox 2156 2964 2419 3020; x_wconf 84' lang='lat' dir='ltr'><strong>honorem</strong></span> <span class='ocrx_word' id='word_1_407' title='bbox 2448 2966 2554 3021; x_wconf 91' lang='lat' dir='ltr'><strong>illis</strong></span> <span class='ocrx_word' id='word_1_408' title='bbox 2582 2963 2824 3019; x_wconf 82' lang='lat' dir='ltr'><strong>habitum</strong></span> <span class='ocrx_word' id='word_1_409' title='bbox 2859 2976 2966 3016; x_wconf 93' lang='lat' dir='ltr'><strong>non</strong></span> <span class='ocrx_word' id='word_1_410' title='bbox 2999 2959 3164 3015; x_wconf 86' lang='lat' dir='ltr'><strong>fuisse</strong></span> <span class='ocrx_word' id='word_1_411' title='bbox 3190 2959 3331 3029; x_wconf 87' lang='lat' dir='ltr'><strong>apud</strong></span> 
     </span>
    </p>
   </div>
   <div class='ocr_carea' id='block_1_59' title="bbox 1757 3049 3320 3127">
    <p class='ocr_par' dir='ltr' id='par_1_59' title="bbox 1757 3049 3320 3127">
     <span class='ocr_line' id='line_1_59' title="bbox 1757 3049 3320 3127; baseline -0.005 -16"><span class='ocrx_word' id='word_1_412' title='bbox 1757 3054 1997 3124; x_wconf 70' lang='lat' dir='ltr'><strong>Judmos,</strong></span> <span class='ocrx_word' id='word_1_413' title='bbox 2032 3058 2159 3127; x_wconf 88' lang='lat' dir='ltr'><strong>quia</strong></span> <span class='ocrx_word' id='word_1_414' title='bbox 2199 3056 2352 3114; x_wconf 88' lang='lat' dir='ltr'><strong>fuere</strong></span> <span class='ocrx_word' id='word_1_415' title='bbox 2381 3057 2622 3127; x_wconf 89' lang='lat' dir='ltr'><strong>lapidati,</strong></span> <span class='ocrx_word' id='word_1_416' title='bbox 2652 3056 2806 3117; x_wconf 85' lang='lat' dir='ltr'><strong>secti,</strong></span> <span class='ocrx_word' id='word_1_417' title='bbox 2841 3052 3055 3119; x_wconf 87' lang='lat' dir='ltr'><strong>tentati,</strong></span> <span class='ocrx_word' id='word_1_418' title='bbox 3088 3051 3139 3105; x_wconf 89' lang='lat' dir='ltr'><strong>in</strong></span> <span class='ocrx_word' id='word_1_419' title='bbox 3170 3049 3320 3105; x_wconf 85' lang='lat' dir='ltr'><strong>occi-</strong></span> 
     </span>
    </p>
   </div>
   <div class='ocr_carea' id='block_1_60' title="bbox 1758 3142 3328 3223">
    <p class='ocr_par' dir='ltr' id='par_1_60' title="bbox 1758 3142 3328 3223">
     <span class='ocr_line' id='line_1_60' title="bbox 1758 3142 3328 3223; baseline -0.007 -20"><span class='ocrx_word' id='word_1_420' title='bbox 1758 3148 1910 3203; x_wconf 84' lang='lat' dir='ltr'><strong>sione</strong></span> <span class='ocrx_word' id='word_1_421' title='bbox 1962 3148 2123 3223; x_wconf 81' lang='lat' dir='ltr'><strong>gladii</strong></span> <span class='ocrx_word' id='word_1_422' title='bbox 2165 3157 2477 3216; x_wconf 87' lang='lat' dir='ltr'><strong>pereuntes,</strong></span> <span class='ocrx_word' id='word_1_423' title='bbox 2522 3155 2579 3200; x_wconf 92' lang='lat' dir='ltr'><strong>ut</strong></span> <span class='ocrx_word' id='word_1_424' title='bbox 2630 3144 2829 3216; x_wconf 88' lang='lat' dir='ltr'><strong>probro</strong></span> <span class='ocrx_word' id='word_1_425' title='bbox 2862 3153 3046 3199; x_wconf 84' lang='lat' dir='ltr'><strong>essent</strong></span> <span class='ocrx_word' id='word_1_426' title='bbox 3092 3142 3328 3198; x_wconf 84' lang='lat' dir='ltr'><strong>circum-</strong></span> 
     </span>
    </p>
   </div>
   <div class='ocr_carea' id='block_1_61' title="bbox 84 3219 1662 3316">
    <p class='ocr_par' dir='ltr' id='par_1_61' title="bbox 84 3219 1654 3294">
     <span class='ocr_line' id='line_1_61' title="bbox 84 3219 1654 3294; baseline 0.001 -22"><span class='ocrx_word' id='word_1_427' title='bbox 84 3219 356 3289; x_wconf 81' lang='grc' dir='ltr'>μηλωταῖς</span> <span class='ocrx_word' id='word_1_428' title='bbox 380 3219 517 3291; x_wconf 78' lang='grc'>(58),</span> <span class='ocrx_word' id='word_1_429' title='bbox 553 3222 611 3273; x_wconf 84' lang='grc' dir='ltr'>ὲν</span> <span class='ocrx_word' id='word_1_430' title='bbox 639 3220 867 3288; x_wconf 75' lang='grc' dir='ltr'>αἰγείοις</span> <span class='ocrx_word' id='word_1_431' title='bbox 895 3219 1176 3294; x_wconf 82' lang='grc' dir='ltr'>δέρμασιν,</span> <span class='ocrx_word' id='word_1_432' title='bbox 1211 3222 1654 3292; x_wconf 76' lang='grc' dir='ltr'>ύστερουμένους,</span> 
     </span>
    </p>
   </div>
   <div class='ocr_carea' id='block_1_62' title="bbox 1768 3219 3328 3316">
    <p class='ocr_par' dir='ltr' id='par_1_62' title="bbox 1768 3219 3328 3305">
     <span class='ocr_line' id='line_1_62' title="bbox 1768 3219 3328 3305; baseline -0.008 -10"><span class='ocrx_word' id='word_1_433' title='bbox 1768 3247 1950 3295; x_wconf 80' lang='lat' dir='ltr'><strong>euntes</strong></span> <span class='ocrx_word' id='word_1_434' title='bbox 2003 3219 2059 3294; x_wconf 86' lang='lat' dir='ltr'><strong>in</strong></span> <span class='ocrx_word' id='word_1_435' title='bbox 2102 3239 2392 3295; x_wconf 85' lang='lat' dir='ltr'><strong>velleribus</strong></span> <span class='ocrx_word' id='word_1_436' title='bbox 2440 3238 2643 3300; x_wconf 85' lang='lat' dir='ltr'><strong>ovium.</strong></span> <span class='ocrx_word' id='word_1_437' title='bbox 2696 3236 2748 3289; x_wconf 91' lang='lat' dir='ltr'><strong>in</strong></span> <span class='ocrx_word' id='word_1_438' title='bbox 2788 3235 3016 3305; x_wconf 85' lang='lat' dir='ltr'><strong>pellibus</strong></span> <span class='ocrx_word' id='word_1_439' title='bbox 3064 3234 3328 3303; x_wconf 81' lang='lat' dir='ltr'><strong>caprinis,</strong></span> 
     </span>
    </p>
   </div>
   <div class='ocr_carea' id='block_1_63' title="bbox 83 3309 1655 3383">
    <p class='ocr_par' dir='ltr' id='par_1_63' title="bbox 83 3309 1655 3383">
     <span class='ocr_line' id='line_1_63' title="bbox 83 3309 1655 3383; baseline 0.002 -20"><span class='ocrx_word' id='word_1_440' title='bbox 83 3309 448 3382; x_wconf 76' lang='grc' dir='ltr'>θλιϐομένους,</span> <span class='ocrx_word' id='word_1_441' title='bbox 510 3313 999 3383; x_wconf 86' lang='grc' dir='ltr'>κακουχουμένους.</span> <span class='ocrx_word' id='word_1_442' title='bbox 1050 3313 1159 3366; x_wconf 79' lang='grc' dir='ltr'><strong>Καὶ</strong></span> <span class='ocrx_word' id='word_1_443' title='bbox 1203 3313 1548 3378; x_wconf 74' lang='grc' dir='ltr'>ὀνειδίζονται</span> <span class='ocrx_word' id='word_1_444' title='bbox 1592 3330 1655 3382; x_wconf 93' lang='grc' dir='ltr'><strong>γε</strong></span> 
     </span>
    </p>
   </div>
   <div class='ocr_carea' id='block_1_64' title="bbox 93 3401 1657 3475">
    <p class='ocr_par' dir='ltr' id='par_1_64' title="bbox 93 3401 1657 3475">
     <span class='ocr_line' id='line_1_64' title="bbox 93 3401 1657 3475; baseline 0.003 -22"><span class='ocrx_word' id='word_1_445' title='bbox 93 3401 325 3456; x_wconf 80' lang='grc' dir='ltr'>Ἰουδαῖοι</span> <span class='ocrx_word' id='word_1_446' title='bbox 353 3402 467 3455; x_wconf 81' lang='grc' dir='ltr'><strong>ἀπὸ</strong></span> <span class='ocrx_word' id='word_1_447' title='bbox 494 3402 588 3456; x_wconf 80' lang='grc' dir='ltr'>τοῦ</span> <span class='ocrx_word' id='word_1_448' title='bbox 614 3402 862 3472; x_wconf 86' lang='grc' dir='ltr'>λέγοντος</span> <span class='ocrx_word' id='word_1_449' title='bbox 895 3404 1030 3475; x_wconf 85' lang='grc' dir='ltr'>πρὸς</span> <span class='ocrx_word' id='word_1_450' title='bbox 1069 3404 1264 3468; x_wconf 77' lang='grc' dir='ltr'>αὐτούς</span> <span class='ocrx_word' id='word_1_451' title='bbox 1291 3423 1305 3436; x_wconf 78' lang='grc'><em>’</em></span> <span class='ocrx_word' id='word_1_452' title='bbox 1347 3424 1364 3456; x_wconf 78' lang='grc' dir='ltr'><strong>ι</strong></span> <span class='ocrx_word' id='word_1_453' title='bbox 1391 3404 1522 3458; x_wconf 81' lang='grc' dir='ltr'>Τίνα</span> <span class='ocrx_word' id='word_1_454' title='bbox 1550 3404 1657 3458; x_wconf 83' lang='grc' dir='ltr'>τῶν</span> 
     </span>
    </p>
   </div>
   <div class='ocr_carea' id='block_1_65' title="bbox 84 3496 1658 3570">
    <p class='ocr_par' dir='ltr' id='par_1_65' title="bbox 84 3496 1658 3570">
     <span class='ocr_line' id='line_1_65' title="bbox 84 3496 1658 3570; baseline 0.002 -24"><span class='ocrx_word' id='word_1_455' title='bbox 84 3496 376 3566; x_wconf 76' lang='grc' dir='ltr'>προφητῶν</span> <span class='ocrx_word' id='word_1_456' title='bbox 402 3497 507 3550; x_wconf 83' lang='grc' dir='ltr'>οὐκ</span> <span class='ocrx_word' id='word_1_457' title='bbox 548 3496 771 3562; x_wconf 78' lang='grc' dir='ltr'>ἐδίωξαν</span> <span class='ocrx_word' id='word_1_458' title='bbox 799 3499 847 3551; x_wconf 90' lang='grc' dir='ltr'><strong>οί</strong></span> <span class='ocrx_word' id='word_1_459' title='bbox 882 3497 1115 3570; x_wconf 88' lang='grc' dir='ltr'>πατέρες</span> <span class='ocrx_word' id='word_1_460' title='bbox 1144 3498 1317 3568; x_wconf 82' lang='grc' dir='ltr'>ὑμῶν,</span> <span class='ocrx_word' id='word_1_461' title='bbox 1361 3496 1457 3550; x_wconf 75' lang='grc' dir='ltr'>καὶ</span> <span class='ocrx_word' id='word_1_462' title='bbox 1486 3496 1658 3549; x_wconf 83' lang='grc' dir='ltr'>ἀπέκ-</span> 
     </span>
    </p>
   </div>
   <div class='ocr_carea' id='block_1_66' title="bbox 83 3588 1657 3661">
    <p class='ocr_par' dir='ltr' id='par_1_66' title="bbox 83 3588 1657 3661">
     <span class='ocr_line' id='line_1_66' title="bbox 83 3588 1657 3661; baseline 0.002 -22"><span class='ocrx_word' id='word_1_463' title='bbox 83 3604 251 3641; x_wconf 82' lang='grc' dir='ltr'>τειναν</span> <span class='ocrx_word' id='word_1_464' title='bbox 272 3589 410 3652; x_wconf 75' lang='grc' dir='ltr'>τοὺς</span> <span class='ocrx_word' id='word_1_465' title='bbox 428 3589 999 3660; x_wconf 79' lang='grc' dir='ltr'>προκαταγγείλαντας</span> <span class='ocrx_word' id='word_1_466' title='bbox 1016 3588 1260 3661; x_wconf 71' lang='grc' dir='ltr'>περὶτῆς</span> <span class='ocrx_word' id='word_1_467' title='bbox 1280 3588 1543 3653; x_wconf 73' lang='grc' dir='ltr'>ἐλεύσεως</span> <span class='ocrx_word' id='word_1_468' title='bbox 1562 3588 1657 3643; x_wconf 79' lang='grc' dir='ltr'><strong>τοῦ</strong></span> 
     </span>
    </p>
   </div>
   <div class='ocr_carea' id='block_1_67' title="bbox 86 3676 1658 3750">
    <p class='ocr_par' dir='ltr' id='par_1_67' title="bbox 86 3676 1658 3750">
     <span class='ocr_line' id='line_1_67' title="bbox 86 3676 1658 3750; baseline 0 -19"><span class='ocrx_word' id='word_1_469' title='bbox 86 3680 331 3745; x_wconf 82' lang='grc' dir='ltr'>Δικαίου;</span> <span class='ocrx_word' id='word_1_470' title='bbox 358 3697 383 3731; x_wconf 67' lang='grc' dir='ltr'>ι</span> <span class='ocrx_word' id='word_1_471' title='bbox 419 3679 611 3742; x_wconf 84' lang='grc' dir='ltr'>οἵτινες</span> <span class='ocrx_word' id='word_1_472' title='bbox 634 3678 726 3732; x_wconf 75' lang='grc' dir='ltr'><strong>ἐπὶ</strong></span> <span class='ocrx_word' id='word_1_473' title='bbox 756 3676 894 3733; x_wconf 88' lang='grc' dir='ltr'>τέλει</span> <span class='ocrx_word' id='word_1_474' title='bbox 920 3678 1016 3732; x_wconf 71' lang='grc' dir='ltr'>καὶ</span> <span class='ocrx_word' id='word_1_475' title='bbox 1043 3678 1133 3731; x_wconf 81' lang='grc' dir='ltr'>τὸν</span> <span class='ocrx_word' id='word_1_476' title='bbox 1162 3679 1253 3732; x_wconf 75' lang='grc' dir='ltr'><strong>ἐπὶ</strong></span> <span class='ocrx_word' id='word_1_477' title='bbox 1280 3679 1413 3732; x_wconf 83' lang='grc' dir='ltr'>πᾶσι</span> <span class='ocrx_word' id='word_1_478' title='bbox 1446 3680 1658 3750; x_wconf 83' lang='grc' dir='ltr'>προφή-</span> 
     </span>
    </p>
   </div>
   <div class='ocr_carea' id='block_1_68' title="bbox 84 3761 1660 3839">
    <p class='ocr_par' dir='ltr' id='par_1_68' title="bbox 84 3761 1660 3839">
     <span class='ocr_line' id='line_1_68' title="bbox 84 3761 1660 3839; baseline 0.003 -21"><span class='ocrx_word' id='word_1_479' title='bbox 84 3784 197 3838; x_wconf 82' lang='grc' dir='ltr'>την,</span> <span class='ocrx_word' id='word_1_480' title='bbox 224 3769 294 3823; x_wconf 81' lang='grc' dir='ltr'>δι’</span> <span class='ocrx_word' id='word_1_481' title='bbox 327 3761 395 3822; x_wconf 76' lang='grc' dir='ltr'><strong>οὗ</strong></span> <span class='ocrx_word' id='word_1_482' title='bbox 420 3768 471 3821; x_wconf 79' lang='lat' dir='ltr'><strong>oi</strong></span> <span class='ocrx_word' id='word_1_483' title='bbox 493 3768 765 3839; x_wconf 81' lang='grc' dir='ltr'>προφῆται</span> <span class='ocrx_word' id='word_1_484' title='bbox 791 3768 1062 3839; x_wconf 81' lang='grc' dir='ltr'>προφῆται</span> <span class='ocrx_word' id='word_1_485' title='bbox 1083 3768 1425 3839; x_wconf 87' lang='grc' dir='ltr'>γεγένηνται,</span> <span class='ocrx_word' id='word_1_486' title='bbox 1456 3768 1660 3839; x_wconf 79' lang='grc' dir='ltr'>ἀτιμά-</span> 
     </span>
    </p>
   </div>
   <div class='ocr_carea' id='block_1_69' title="bbox 89 3854 1661 3931">
    <p class='ocr_par' dir='ltr' id='par_1_69' title="bbox 89 3854 1661 3931">
     <span class='ocr_line' id='line_1_69' title="bbox 89 3854 1661 3931; baseline 0.001 -19"><span class='ocrx_word' id='word_1_487' title='bbox 89 3876 290 3926; x_wconf 73' lang='grc' dir='ltr'>σαντες,</span> <span class='ocrx_word' id='word_1_488' title='bbox 352 3878 374 3911; x_wconf 77' lang='grc' dir='ltr'><strong>ι</strong></span> <span class='ocrx_word' id='word_1_489' title='bbox 402 3855 556 3930; x_wconf 70' lang='grc' dir='ltr'>Αἶρε,</span> <span class='ocrx_word' id='word_1_490' title='bbox 590 3854 732 3931; x_wconf 73' lang='grc' dir='ltr'>αἶρε,</span> <span class='ocrx_word' id='word_1_491' title='bbox 777 3858 1008 3931; x_wconf 90' lang='grc' dir='ltr'>σταύρου</span> <span class='ocrx_word' id='word_1_492' title='bbox 1050 3860 1230 3924; x_wconf 69' lang='grc' dir='ltr'>αὑτὸν,</span> <span class='ocrx_word' id='word_1_493' title='bbox 1262 3878 1280 3911; x_wconf 75' lang='grc' dir='ltr'><strong>ι</strong></span> <span class='ocrx_word' id='word_1_494' title='bbox 1321 3859 1525 3928; x_wconf 78' lang='grc' dir='ltr'>ἔλεγον.</span> <span class='ocrx_word' id='word_1_495' title='bbox 1564 3861 1661 3914; x_wconf 81' lang='grc' dir='ltr'><strong>Τε-</strong></span> 
     </span>
    </p>
   </div>
   <div class='ocr_carea' id='block_1_70' title="bbox 89 3950 1661 4025">
    <p class='ocr_par' dir='ltr' id='par_1_70' title="bbox 89 3950 1661 4025">
     <span class='ocr_line' id='line_1_70' title="bbox 89 3950 1661 4025; baseline 0.003 -24"><span class='ocrx_word' id='word_1_496' title='bbox 89 3952 340 4024; x_wconf 78' lang='grc' dir='ltr'>τίμηνται</span> <span class='ocrx_word' id='word_1_497' title='bbox 372 3953 431 4006; x_wconf 80' lang='grc' dir='ltr'>δὲ</span> <span class='ocrx_word' id='word_1_498' title='bbox 485 3953 542 4005; x_wconf 82' lang='grc' dir='ltr'>ὲν</span> <span class='ocrx_word' id='word_1_499' title='bbox 574 3954 640 4025; x_wconf 83' lang='grc' dir='ltr'>τῇ</span> <span class='ocrx_word' id='word_1_500' title='bbox 679 3954 787 4023; x_wconf 79' lang='grc' dir='ltr'>ἐμῇ</span> <span class='ocrx_word' id='word_1_501' title='bbox 829 3950 1050 4023; x_wconf 91' lang='grc' dir='ltr'>πατρίδι</span> <span class='ocrx_word' id='word_1_502' title='bbox 1079 3951 1190 4023; x_wconf 76' lang='grc'><strong>(59)</strong></span> <span class='ocrx_word' id='word_1_503' title='bbox 1221 3951 1423 4015; x_wconf 87' lang='grc' dir='ltr'>πάντες</span> <span class='ocrx_word' id='word_1_504' title='bbox 1452 3953 1500 4004; x_wconf 83' lang='grc' dir='ltr'>οἱ</span> <span class='ocrx_word' id='word_1_505' title='bbox 1530 3969 1661 4024; x_wconf 89' lang='grc' dir='ltr'>προ-</span> 
     </span>
    </p>
   </div>
   <div class='ocr_carea' id='block_1_71' title="bbox 90 4041 1659 4116">
    <p class='ocr_par' dir='ltr' id='par_1_71' title="bbox 90 4041 1659 4116">
     <span class='ocr_line' id='line_1_71' title="bbox 90 4041 1659 4116; baseline -0.001 -19"><span class='ocrx_word' id='word_1_506' title='bbox 90 4044 265 4113; x_wconf 73' lang='grc' dir='ltr'>φῆται,</span> <span class='ocrx_word' id='word_1_507' title='bbox 293 4043 394 4097; x_wconf 73' lang='grc' dir='ltr'>καὶ</span> <span class='ocrx_word' id='word_1_508' title='bbox 416 4043 447 4095; x_wconf 85' lang='grc' dir='ltr'><strong>ό</strong></span> <span class='ocrx_word' id='word_1_509' title='bbox 480 4043 587 4097; x_wconf 82' lang='grc' dir='ltr'><strong>ἀπὸ</strong></span> <span class='ocrx_word' id='word_1_510' title='bbox 609 4041 743 4097; x_wconf 83' lang='grc' dir='ltr'>Θεοῦ</span> <span class='ocrx_word' id='word_1_511' title='bbox 773 4042 1010 4107; x_wconf 82' lang='grc' dir='ltr'>ἀναστὰς</span> <span class='ocrx_word' id='word_1_512' title='bbox 1039 4042 1179 4096; x_wconf 84' lang='grc' dir='ltr'>κατὰ</span> <span class='ocrx_word' id='word_1_513' title='bbox 1210 4042 1278 4098; x_wconf 84' lang='grc' dir='ltr'><strong>τὰ</strong></span> <span class='ocrx_word' id='word_1_514' title='bbox 1308 4044 1436 4116; x_wconf 80' lang='grc' dir='ltr'>περὶ</span> <span class='ocrx_word' id='word_1_515' title='bbox 1467 4043 1659 4097; x_wconf 72' lang='grc' dir='ltr'>ἑαυτοῦ</span> 
     </span>
    </p>
   </div>
   <div class='ocr_carea' id='block_1_72' title="bbox 91 4135 1662 4208">
    <p class='ocr_par' dir='ltr' id='par_1_72' title="bbox 91 4135 1662 4208">
     <span class='ocr_line' id='line_1_72' title="bbox 91 4135 1662 4208; baseline 0.001 -22"><span class='ocrx_word' id='word_1_516' title='bbox 91 4136 349 4207; x_wconf 82' lang='grc' dir='ltr'>εἰρημένα</span> <span class='ocrx_word' id='word_1_517' title='bbox 379 4136 487 4189; x_wconf 83' lang='grc' dir='ltr'><strong>ὑπὸ</strong></span> <span class='ocrx_word' id='word_1_518' title='bbox 512 4135 754 4200; x_wconf 82' lang='grc' dir='ltr'>Μωσέως</span> <span class='ocrx_word' id='word_1_519' title='bbox 777 4156 791 4170; x_wconf 85' lang='lat'><strong>-</strong></span> <span class='ocrx_word' id='word_1_520' title='bbox 832 4154 850 4187; x_wconf 78' lang='grc' dir='ltr'><strong>ι</strong></span> <span class='ocrx_word' id='word_1_521' title='bbox 878 4136 1169 4208; x_wconf 79' lang='grc' dir='ltr'>Προφήτην</span> <span class='ocrx_word' id='word_1_522' title='bbox 1211 4136 1338 4207; x_wconf 78' lang='grc' dir='ltr'>ὑμῖν</span> <span class='ocrx_word' id='word_1_523' title='bbox 1370 4138 1662 4206; x_wconf 83' lang='grc' dir='ltr'>ἀναστήσει</span> 
     </span>
    </p>
   </div>
   <div class='ocr_carea' id='block_1_73' title="bbox 91 4225 1659 4298">
    <p class='ocr_par' dir='ltr' id='par_1_73' title="bbox 91 4225 1659 4298">
     <span class='ocr_line' id='line_1_73' title="bbox 91 4225 1659 4298; baseline -0.001 -19"><span class='ocrx_word' id='word_1_524' title='bbox 91 4225 284 4298; x_wconf 81' lang='grc' dir='ltr'>Κύριος</span> <span class='ocrx_word' id='word_1_525' title='bbox 313 4229 347 4280; x_wconf 84' lang='grc' dir='ltr'><strong>ὁ</strong></span> <span class='ocrx_word' id='word_1_526' title='bbox 381 4225 512 4290; x_wconf 80' lang='grc' dir='ltr'>Θεὸς</span> <span class='ocrx_word' id='word_1_527' title='bbox 543 4225 697 4297; x_wconf 78' lang='grc' dir='ltr'>ὑμῶν</span> <span class='ocrx_word' id='word_1_528' title='bbox 734 4227 798 4279; x_wconf 81' lang='grc' dir='ltr'>ἐκ</span> <span class='ocrx_word' id='word_1_529' title='bbox 827 4225 934 4279; x_wconf 83' lang='grc' dir='ltr'><strong>τῶν</strong></span> <span class='ocrx_word' id='word_1_530' title='bbox 966 4225 1206 4297; x_wconf 84' lang='grc' dir='ltr'>ἀδελφῶν</span> <span class='ocrx_word' id='word_1_531' title='bbox 1238 4225 1411 4297; x_wconf 86' lang='grc' dir='ltr'>ὑμῶν,</span> <span class='ocrx_word' id='word_1_532' title='bbox 1440 4225 1516 4290; x_wconf 87' lang='grc' dir='ltr'>ὠς</span> <span class='ocrx_word' id='word_1_533' title='bbox 1538 4226 1659 4295; x_wconf 86' lang='grc' dir='ltr'>ἐμὲ,</span> 
     </span>
    </p>
   </div>
   <div class='ocr_carea' id='block_1_74' title="bbox 92 4318 1663 4392">
    <p class='ocr_par' dir='ltr' id='par_1_74' title="bbox 92 4318 1663 4392">
     <span class='ocr_line' id='line_1_74' title="bbox 92 4318 1663 4392; baseline -0.001 -18"><span class='ocrx_word' id='word_1_534' title='bbox 92 4320 245 4375; x_wconf 71' lang='grc' dir='ltr'>αὐτοῦ</span> <span class='ocrx_word' id='word_1_535' title='bbox 275 4321 609 4377; x_wconf 77' lang='grc' dir='ltr'>ἀκούσεσθε’</span> <span class='ocrx_word' id='word_1_536' title='bbox 641 4343 661 4374; x_wconf 72' lang='grc' dir='ltr'><strong>ι</strong></span> <span class='ocrx_word' id='word_1_537' title='bbox 697 4322 732 4392; x_wconf 81' lang='grc' dir='ltr'><strong>ἡ</strong></span> <span class='ocrx_word' id='word_1_538' title='bbox 755 4320 951 4391; x_wconf 76' lang='grc' dir='ltr'>πατρὶς</span> <span class='ocrx_word' id='word_1_539' title='bbox 978 4318 1088 4388; x_wconf 83' lang='grc' dir='ltr'><strong>(ίο)</strong></span> <span class='ocrx_word' id='word_1_540' title='bbox 1120 4320 1228 4390; x_wconf 85' lang='grc' dir='ltr'>γὰρ</span> <span class='ocrx_word' id='word_1_541' title='bbox 1263 4319 1428 4373; x_wconf 83' lang='grc' dir='ltr'>αὐτοῦ</span> <span class='ocrx_word' id='word_1_542' title='bbox 1457 4321 1515 4373; x_wconf 84' lang='grc' dir='ltr'>ὲν</span> <span class='ocrx_word' id='word_1_543' title='bbox 1550 4321 1663 4383; x_wconf 85' lang='grc' dir='ltr'>τοῖς</span> 
     </span>
    </p>
   </div>
   <div class='ocr_carea' id='block_1_75' title="bbox 93 4410 1665 4485">
    <p class='ocr_par' dir='ltr' id='par_1_75' title="bbox 93 4410 1665 4485">
     <span class='ocr_line' id='line_1_75' title="bbox 93 4410 1665 4485; baseline 0 -22"><span class='ocrx_word' id='word_1_544' title='bbox 93 4412 260 4468; x_wconf 71' lang='grc' dir='ltr'>ἔθνεσι</span> <span class='ocrx_word' id='word_1_545' title='bbox 280 4417 401 4477; x_wconf 87' lang='grc' dir='ltr'>τοῖς</span> <span class='ocrx_word' id='word_1_546' title='bbox 425 4412 504 4485; x_wconf 79' lang='grc' dir='ltr'><strong>τῷ</strong></span> <span class='ocrx_word' id='word_1_547' title='bbox 522 4410 939 4484; x_wconf 86' lang='grc' dir='ltr'>παραπτώματι</span> <span class='ocrx_word' id='word_1_548' title='bbox 966 4411 1059 4465; x_wconf 85' lang='grc' dir='ltr'>τοῦ</span> <span class='ocrx_word' id='word_1_549' title='bbox 1107 4410 1320 4483; x_wconf 79' lang='grc' dir='ltr'>Ἰσραὴλ</span> <span class='ocrx_word' id='word_1_550' title='bbox 1363 4410 1460 4482; x_wconf 84' lang='grc' dir='ltr'>τὴν</span> <span class='ocrx_word' id='word_1_551' title='bbox 1489 4427 1665 4480; x_wconf 89' lang='grc' dir='ltr'>σωτη-</span> 
     </span>
    </p>
   </div>
   <div class='ocr_carea' id='block_1_76' title="bbox 94 4502 1664 4579">
    <p class='ocr_par' dir='ltr' id='par_1_76' title="bbox 94 4502 1664 4579">
     <span class='ocr_line' id='line_1_76' title="bbox 94 4502 1664 4579; baseline -0.002 -20"><span class='ocrx_word' id='word_1_552' title='bbox 94 4505 206 4577; x_wconf 65' lang='grc' dir='ltr'>ρᾶιν</span> <span class='ocrx_word' id='word_1_553' title='bbox 232 4506 507 4579; x_wconf 76' lang='grc' dir='ltr'>εἰληφόσι.</span> <span class='ocrx_word' id='word_1_554' title='bbox 566 4506 677 4560; x_wconf 76' lang='grc' dir='ltr'><strong>Καὶ</strong></span> <span class='ocrx_word' id='word_1_555' title='bbox 721 4507 779 4559; x_wconf 80' lang='grc' dir='ltr'>ὲν</span> <span class='ocrx_word' id='word_1_556' title='bbox 808 4504 988 4567; x_wconf 74' lang='grc' dir='ltr'>ἄλλοις</span> <span class='ocrx_word' id='word_1_557' title='bbox 1036 4503 1381 4574; x_wconf 74' lang='grc' dir='ltr'>γέγραπταιο</span> <span class='ocrx_word' id='word_1_558' title='bbox 1432 4521 1450 4554; x_wconf 76' lang='grc' dir='ltr'>ι</span> <span class='ocrx_word' id='word_1_559' title='bbox 1477 4502 1664 4565; x_wconf 76' lang='grc' dir='ltr'>Οὐδεὶς</span> 
     </span>
    </p>
   </div>
   <div class='ocr_carea' id='block_1_77' title="bbox 1763 3322 3329 3401">
    <p class='ocr_par' dir='ltr' id='par_1_77' title="bbox 1763 3322 3329 3401">
     <span class='ocr_line' id='line_1_77' title="bbox 1763 3322 3329 3401; baseline -0.006 -16"><span class='ocrx_word' id='word_1_560' title='bbox 1763 3329 2077 3401; x_wconf 70' lang='lat' dir='ltr'><strong>posthabiti,</strong></span> <span class='ocrx_word' id='word_1_561' title='bbox 2107 3329 2375 3401; x_wconf 87' lang='lat' dir='ltr'><strong>oppressi,</strong></span> <span class='ocrx_word' id='word_1_562' title='bbox 2424 3328 2663 3385; x_wconf 87' lang='lat' dir='ltr'><strong>tribulati</strong></span> <span class='ocrx_word' id='word_1_563' title='bbox 2692 3324 2849 3381; x_wconf 87' lang='lat' dir='ltr'><strong>malis</strong></span> <span class='ocrx_word' id='word_1_564' title='bbox 2870 3325 3245 3380; x_wconf 78' lang='lat' dir='ltr'><strong>vexationibus</strong></span> <span class='ocrx_word' id='word_1_565' title='bbox 3260 3322 3329 3375; x_wconf 82' lang='lat'><strong>&quot;.</strong></span> 
     </span>
    </p>
   </div>
   <div class='ocr_carea' id='block_1_78' title="bbox 1763 3416 3335 3494">
    <p class='ocr_par' dir='ltr' id='par_1_78' title="bbox 1763 3416 3335 3494">
     <span class='ocr_line' id='line_1_78' title="bbox 1763 3416 3335 3494; baseline -0.003 -17"><span class='ocrx_word' id='word_1_566' title='bbox 1763 3426 1842 3478; x_wconf 87' lang='lat' dir='ltr'><strong>Ac</strong></span> <span class='ocrx_word' id='word_1_567' title='bbox 1883 3422 2127 3494; x_wconf 89' lang='lat' dir='ltr'><strong>profecto</strong></span> <span class='ocrx_word' id='word_1_568' title='bbox 2158 3422 2357 3478; x_wconf 65' lang='lat' dir='ltr'><strong>Iudaeis</strong></span> <span class='ocrx_word' id='word_1_569' title='bbox 2397 3421 2740 3479; x_wconf 88' lang='lat' dir='ltr'><strong>conviciatur</strong></span> <span class='ocrx_word' id='word_1_570' title='bbox 2787 3421 2835 3476; x_wconf 90' lang='lat' dir='ltr'><strong>is</strong></span> <span class='ocrx_word' id='word_1_571' title='bbox 2874 3420 2965 3490; x_wconf 90' lang='lat' dir='ltr'><strong>qui</strong></span> <span class='ocrx_word' id='word_1_572' title='bbox 3018 3432 3203 3474; x_wconf 87' lang='lat' dir='ltr'><strong>coram</strong></span> <span class='ocrx_word' id='word_1_573' title='bbox 3253 3416 3335 3472; x_wconf 90' lang='lat' dir='ltr'><strong>eis</strong></span> 
     </span>
    </p>
   </div>
   <div class='ocr_carea' id='block_1_79' title="bbox 1764 3505 3336 3583">
    <p class='ocr_par' dir='ltr' id='par_1_79' title="bbox 1764 3505 3336 3583">
     <span class='ocr_line' id='line_1_79' title="bbox 1764 3505 3336 3583; baseline -0.004 -15"><span class='ocrx_word' id='word_1_574' title='bbox 1764 3512 2021 3570; x_wconf 88' lang='lat' dir='ltr'><strong>dicebat:</strong></span> <span class='ocrx_word' id='word_1_575' title='bbox 2056 3530 2076 3565; x_wconf 77' lang='grc' dir='ltr'><strong>ι</strong></span> <span class='ocrx_word' id='word_1_576' title='bbox 2102 3512 2274 3581; x_wconf 85' lang='lat' dir='ltr'><strong>Quem</strong></span> <span class='ocrx_word' id='word_1_577' title='bbox 2326 3512 2715 3583; x_wconf 83' lang='lat' dir='ltr'><strong>prophetarum</strong></span> <span class='ocrx_word' id='word_1_578' title='bbox 2758 3526 2863 3567; x_wconf 92' lang='lat' dir='ltr'><strong>non</strong></span> <span class='ocrx_word' id='word_1_579' title='bbox 2908 3517 3033 3566; x_wconf 89' lang='lat' dir='ltr'><strong>sunt</strong></span> <span class='ocrx_word' id='word_1_580' title='bbox 3063 3505 3336 3580; x_wconf 87' lang='lat' dir='ltr'><strong>persecuti</strong></span> 
     </span>
    </p>
   </div>
   <div class='ocr_carea' id='block_1_80' title="bbox 1763 3599 3331 3673">
    <p class='ocr_par' dir='ltr' id='par_1_80' title="bbox 1763 3599 3331 3673">
     <span class='ocr_line' id='line_1_80' title="bbox 1763 3599 3331 3673; baseline -0.004 -16"><span class='ocrx_word' id='word_1_581' title='bbox 1763 3613 1949 3673; x_wconf 90' lang='lat' dir='ltr'><strong>patres</strong></span> <span class='ocrx_word' id='word_1_582' title='bbox 1990 3604 2183 3672; x_wconf 77' lang='lat' dir='ltr'><strong>vestri,</strong></span> <span class='ocrx_word' id='word_1_583' title='bbox 2217 3605 2308 3673; x_wconf 89' lang='lat' dir='ltr'><strong>qui</strong></span> <span class='ocrx_word' id='word_1_584' title='bbox 2340 3603 2504 3659; x_wconf 90' lang='lat' dir='ltr'><strong>etiam</strong></span> <span class='ocrx_word' id='word_1_585' title='bbox 2533 3601 2853 3658; x_wconf 86' lang='lat' dir='ltr'><strong>occiderunt</strong></span> <span class='ocrx_word' id='word_1_586' title='bbox 2882 3614 2997 3668; x_wconf 91' lang='lat' dir='ltr'><strong>eos,</strong></span> <span class='ocrx_word' id='word_1_587' title='bbox 3023 3599 3115 3670; x_wconf 91' lang='lat' dir='ltr'><strong>qui</strong></span> <span class='ocrx_word' id='word_1_588' title='bbox 3143 3599 3208 3653; x_wconf 91' lang='lat' dir='ltr'><strong>de</strong></span> <span class='ocrx_word' id='word_1_589' title='bbox 3233 3599 3331 3653; x_wconf 84' lang='lat' dir='ltr'><strong>ad-</strong></span> 
     </span>
    </p>
   </div>
   <div class='ocr_carea' id='block_1_81' title="bbox 1768 3684 3336 3765">
    <p class='ocr_par' dir='ltr' id='par_1_81' title="bbox 1768 3684 3336 3765">
     <span class='ocr_line' id='line_1_81' title="bbox 1768 3684 3336 3765; baseline -0.006 -15"><span class='ocrx_word' id='word_1_590' title='bbox 1768 3704 1927 3750; x_wconf 82' lang='lat' dir='ltr'><strong>ventu</strong></span> <span class='ocrx_word' id='word_1_591' title='bbox 1965 3693 2103 3751; x_wconf 85' lang='lat' dir='ltr'><strong>Justi</strong></span> <span class='ocrx_word' id='word_1_592' title='bbox 2141 3693 2588 3765; x_wconf 67' lang='lat' dir='ltr'><strong>praedixissent&quot;</strong></span> <span class='ocrx_word' id='word_1_593' title='bbox 2612 3693 2636 3747; x_wconf 86' lang='lat'><strong>?</strong></span> <span class='ocrx_word' id='word_1_594' title='bbox 2662 3712 2681 3745; x_wconf 74' lang='grc' dir='ltr'>ι</span> <span class='ocrx_word' id='word_1_595' title='bbox 2715 3692 2809 3759; x_wconf 87' lang='lat' dir='ltr'><strong>qui</strong></span> <span class='ocrx_word' id='word_1_596' title='bbox 2845 3684 3007 3746; x_wconf 87' lang='lat' dir='ltr'><strong>etiam</strong></span> <span class='ocrx_word' id='word_1_597' title='bbox 3059 3698 3336 3760; x_wconf 86' lang='lat' dir='ltr'><strong>postremo</strong></span> 
     </span>
    </p>
   </div>
   <div class='ocr_carea' id='block_1_82' title="bbox 1764 3780 3336 3853">
    <p class='ocr_par' dir='ltr' id='par_1_82' title="bbox 1764 3780 3336 3853">
     <span class='ocr_line' id='line_1_82' title="bbox 1764 3780 3336 3853; baseline -0.003 -17"><span class='ocrx_word' id='word_1_598' title='bbox 1764 3782 2083 3853; x_wconf 80' lang='lat' dir='ltr'><strong>prOpbetam</strong></span> <span class='ocrx_word' id='word_1_599' title='bbox 2117 3782 2369 3838; x_wconf 89' lang='lat' dir='ltr'><strong>omnibus</strong></span> <span class='ocrx_word' id='word_1_600' title='bbox 2410 3780 2847 3846; x_wconf 86' lang='lat' dir='ltr'><strong>eminentiorem,</strong></span> <span class='ocrx_word' id='word_1_601' title='bbox 2875 3794 2970 3849; x_wconf 89' lang='lat' dir='ltr'><strong>per</strong></span> <span class='ocrx_word' id='word_1_602' title='bbox 3017 3792 3178 3848; x_wconf 88' lang='lat' dir='ltr'><strong>quem</strong></span> <span class='ocrx_word' id='word_1_603' title='bbox 3209 3791 3336 3847; x_wconf 87' lang='lat' dir='ltr'><strong>pro-</strong></span> 
     </span>
    </p>
   </div>
   <div class='ocr_carea' id='block_1_83' title="bbox 1765 3864 3337 3940">
    <p class='ocr_par' dir='ltr' id='par_1_83' title="bbox 1765 3864 3337 3940">
     <span class='ocr_line' id='line_1_83' title="bbox 1765 3864 3337 3940; baseline -0.003 -18"><span class='ocrx_word' id='word_1_604' title='bbox 1765 3868 1945 3938; x_wconf 69' lang='lat' dir='ltr'><strong>pheta:</strong></span> <span class='ocrx_word' id='word_1_605' title='bbox 1970 3870 2250 3940; x_wconf 66' lang='lat' dir='ltr'><strong>prepbetas</strong></span> <span class='ocrx_word' id='word_1_606' title='bbox 2280 3869 2408 3924; x_wconf 88' lang='lat' dir='ltr'><strong>facti</strong></span> <span class='ocrx_word' id='word_1_607' title='bbox 2437 3877 2584 3934; x_wconf 87' lang='lat' dir='ltr'><strong>sunt,</strong></span> <span class='ocrx_word' id='word_1_608' title='bbox 2614 3883 2739 3924; x_wconf 91' lang='lat' dir='ltr'><strong>cum</strong></span> <span class='ocrx_word' id='word_1_609' title='bbox 2759 3868 3089 3938; x_wconf 79' lang='lat' dir='ltr'><strong>sprevissent</strong></span> <span class='ocrx_word' id='word_1_610' title='bbox 3119 3885 3134 3922; x_wconf 89' lang='lat'><strong>:</strong></span> <span class='ocrx_word' id='word_1_611' title='bbox 3168 3884 3186 3917; x_wconf 77' lang='grc' dir='ltr'><strong>ι</strong></span> <span class='ocrx_word' id='word_1_612' title='bbox 3209 3864 3337 3920; x_wconf 84' lang='lat' dir='ltr'><strong>&#39;l‘ol-</strong></span> 
     </span>
    </p>
   </div>
   <div class='ocr_carea' id='block_1_84' title="bbox 1766 3953 3338 4035">
    <p class='ocr_par' dir='ltr' id='par_1_84' title="bbox 1766 3953 3338 4035">
     <span class='ocr_line' id='line_1_84' title="bbox 1766 3953 3338 4035; baseline -0.003 -25"><span class='ocrx_word' id='word_1_613' title='bbox 1766 3955 1838 4024; x_wconf 92' lang='lat' dir='ltr'><strong>le,</strong></span> <span class='ocrx_word' id='word_1_614' title='bbox 1875 3956 2025 4023; x_wconf 88' lang='lat' dir='ltr'><strong>tolle,</strong></span> <span class='ocrx_word' id='word_1_615' title='bbox 2062 3956 2325 4029; x_wconf 84' lang='lat' dir='ltr'><strong>crucifige</strong></span> <span class='ocrx_word' id='word_1_616' title='bbox 2364 3974 2488 4013; x_wconf 92' lang='lat' dir='ltr'><strong>eum</strong></span> <span class='ocrx_word' id='word_1_617' title='bbox 2506 3959 2573 4024; x_wconf 83' lang='lat'><strong>&quot;,</strong></span> <span class='ocrx_word' id='word_1_618' title='bbox 2600 3977 2620 4012; x_wconf 74' lang='grc' dir='ltr'>ι</span> <span class='ocrx_word' id='word_1_619' title='bbox 2651 3958 2920 4035; x_wconf 82' lang='lat' dir='ltr'><strong>dixerunt.</strong></span> <span class='ocrx_word' id='word_1_620' title='bbox 2957 3953 3215 4010; x_wconf 87' lang='lat' dir='ltr'><strong>Honorati</strong></span> <span class='ocrx_word' id='word_1_621' title='bbox 3238 3968 3338 4007; x_wconf 81' lang='lat' dir='ltr'><strong>au-</strong></span> 
     </span>
    </p>
   </div>
   <div class='ocr_carea' id='block_1_85' title="bbox 1770 4049 3336 4123">
    <p class='ocr_par' dir='ltr' id='par_1_85' title="bbox 1770 4049 3336 4123">
     <span class='ocr_line' id='line_1_85' title="bbox 1770 4049 3336 4123; baseline -0.002 -15"><span class='ocrx_word' id='word_1_622' title='bbox 1770 4064 1880 4111; x_wconf 88' lang='lat' dir='ltr'><strong>tem</strong></span> <span class='ocrx_word' id='word_1_623' title='bbox 1911 4064 2041 4111; x_wconf 91' lang='lat' dir='ltr'><strong>sunt</strong></span> <span class='ocrx_word' id='word_1_624' title='bbox 2069 4054 2123 4108; x_wconf 92' lang='lat' dir='ltr'><strong>in</strong></span> <span class='ocrx_word' id='word_1_625' title='bbox 2153 4069 2281 4122; x_wconf 76' lang='lat' dir='ltr'><strong>mea</strong></span> <span class='ocrx_word' id='word_1_626' title='bbox 2320 4052 2497 4123; x_wconf 84' lang='lat' dir='ltr'><strong>patria</strong></span> <span class='ocrx_word' id='word_1_627' title='bbox 2540 4067 2730 4109; x_wconf 90' lang='lat' dir='ltr'><strong>omnes</strong></span> <span class='ocrx_word' id='word_1_628' title='bbox 2753 4051 3050 4123; x_wconf 70' lang='lat' dir='ltr'><strong>prophetas,</strong></span> <span class='ocrx_word' id='word_1_629' title='bbox 3075 4059 3130 4104; x_wconf 91' lang='lat' dir='ltr'><strong>et</strong></span> <span class='ocrx_word' id='word_1_630' title='bbox 3161 4049 3208 4104; x_wconf 89' lang='lat' dir='ltr'><strong>is</strong></span> <span class='ocrx_word' id='word_1_631' title='bbox 3239 4049 3336 4119; x_wconf 87' lang='lat' dir='ltr'><strong>qui</strong></span> 
     </span>
    </p>
   </div>
   <div class='ocr_carea' id='block_1_86' title="bbox 1769 4139 3338 4215">
    <p class='ocr_par' dir='ltr' id='par_1_86' title="bbox 1769 4139 3338 4215">
     <span class='ocr_line' id='line_1_86' title="bbox 1769 4139 3338 4215; baseline -0.004 -13"><span class='ocrx_word' id='word_1_632' title='bbox 1769 4163 1799 4202; x_wconf 94' lang='lat' dir='ltr'><strong>a</strong></span> <span class='ocrx_word' id='word_1_633' title='bbox 1834 4148 1946 4203; x_wconf 89' lang='lat' dir='ltr'><strong>Deo</strong></span> <span class='ocrx_word' id='word_1_634' title='bbox 1990 4149 2257 4204; x_wconf 84' lang='lat' dir='ltr'><strong>excitatus</strong></span> <span class='ocrx_word' id='word_1_635' title='bbox 2286 4155 2390 4212; x_wconf 87' lang='lat' dir='ltr'><strong>est,</strong></span> <span class='ocrx_word' id='word_1_636' title='bbox 2418 4144 2573 4215; x_wconf 80' lang='lat' dir='ltr'><strong>juxta</strong></span> <span class='ocrx_word' id='word_1_637' title='bbox 2616 4142 2827 4214; x_wconf 70' lang='lat' dir='ltr'><strong>eaquae</strong></span> <span class='ocrx_word' id='word_1_638' title='bbox 2860 4142 2928 4199; x_wconf 86' lang='lat' dir='ltr'><strong>de</strong></span> <span class='ocrx_word' id='word_1_639' title='bbox 2959 4142 3076 4211; x_wconf 87' lang='lat' dir='ltr'><strong>ipso</strong></span> <span class='ocrx_word' id='word_1_640' title='bbox 3110 4156 3139 4195; x_wconf 92' lang='lat' dir='ltr'><strong>a</strong></span> <span class='ocrx_word' id='word_1_641' title='bbox 3168 4139 3338 4196; x_wconf 77' lang='lat' dir='ltr'><strong>Moise</strong></span> 
     </span>
    </p>
   </div>
   <div class='ocr_carea' id='block_1_87' title="bbox 1769 4230 3340 4306">
    <p class='ocr_par' dir='ltr' id='par_1_87' title="bbox 1769 4230 3340 4306">
     <span class='ocr_line' id='line_1_87' title="bbox 1769 4230 3340 4306; baseline -0.007 -12"><span class='ocrx_word' id='word_1_642' title='bbox 1769 4238 1913 4294; x_wconf 89' lang='lat' dir='ltr'><strong>dicta</strong></span> <span class='ocrx_word' id='word_1_643' title='bbox 1944 4247 2113 4293; x_wconf 88' lang='lat' dir='ltr'><strong>sunt:</strong></span> <span class='ocrx_word' id='word_1_644' title='bbox 2146 4236 2510 4306; x_wconf 68' lang='lat' dir='ltr'><strong>«Prophetam</strong></span> <span class='ocrx_word' id='word_1_645' title='bbox 2552 4233 2838 4291; x_wconf 85' lang='lat' dir='ltr'><strong>suscitabit</strong></span> <span class='ocrx_word' id='word_1_646' title='bbox 2875 4232 3033 4287; x_wconf 88' lang='lat' dir='ltr'><strong>vobis</strong></span> <span class='ocrx_word' id='word_1_647' title='bbox 3074 4230 3340 4285; x_wconf 88' lang='lat' dir='ltr'><strong>Dominus</strong></span> 
     </span>
    </p>
   </div>
   <div class='ocr_carea' id='block_1_88' title="bbox 1769 4324 3337 4394">
    <p class='ocr_par' dir='ltr' id='par_1_88' title="bbox 1769 4324 3337 4394">
     <span class='ocr_line' id='line_1_88' title="bbox 1769 4324 3337 4394; baseline -0.004 -10"><span class='ocrx_word' id='word_1_648' title='bbox 1769 4329 1911 4384; x_wconf 89' lang='lat' dir='ltr'><strong>Deus</strong></span> <span class='ocrx_word' id='word_1_649' title='bbox 1938 4336 2121 4383; x_wconf 88' lang='lat' dir='ltr'><strong>vester</strong></span> <span class='ocrx_word' id='word_1_650' title='bbox 2154 4343 2187 4384; x_wconf 90' lang='lat' dir='ltr'><strong>e</strong></span> <span class='ocrx_word' id='word_1_651' title='bbox 2212 4326 2471 4383; x_wconf 85' lang='lat' dir='ltr'><strong>fratribus</strong></span> <span class='ocrx_word' id='word_1_652' title='bbox 2497 4325 2714 4390; x_wconf 85' lang='lat' dir='ltr'><strong>vestris,</strong></span> <span class='ocrx_word' id='word_1_653' title='bbox 2744 4324 2848 4381; x_wconf 90' lang='lat' dir='ltr'><strong>mei</strong></span> <span class='ocrx_word' id='word_1_654' title='bbox 2874 4324 3133 4390; x_wconf 90' lang='lat' dir='ltr'><strong>similem,</strong></span> <span class='ocrx_word' id='word_1_655' title='bbox 3161 4325 3337 4394; x_wconf 90' lang='lat' dir='ltr'><strong>ipsum</strong></span> 
     </span>
    </p>
   </div>
   <div class='ocr_carea' id='block_1_89' title="bbox 1771 4406 3340 4489">
    <p class='ocr_par' dir='ltr' id='par_1_89' title="bbox 1771 4406 3340 4489">
     <span class='ocr_line' id='line_1_89' title="bbox 1771 4406 3340 4489; baseline -0.006 -17"><span class='ocrx_word' id='word_1_656' title='bbox 1771 4417 1936 4489; x_wconf 76' lang='lat'><strong>269</strong></span> <span class='ocrx_word' id='word_1_657' title='bbox 1969 4416 2303 4482; x_wconf 75' lang='lat' dir='ltr'><strong>audietis“;</strong></span> <span class='ocrx_word' id='word_1_658' title='bbox 2334 4432 2354 4467; x_wconf 74' lang='grc' dir='ltr'>ι</span> <span class='ocrx_word' id='word_1_659' title='bbox 2383 4413 2559 4484; x_wconf 86' lang='lat' dir='ltr'><strong>patria</strong></span> <span class='ocrx_word' id='word_1_660' title='bbox 2592 4412 2739 4469; x_wconf 91' lang='lat' dir='ltr'><strong>enim</strong></span> <span class='ocrx_word' id='word_1_661' title='bbox 2796 4411 2968 4481; x_wconf 87' lang='lat' dir='ltr'><strong>ipsius</strong></span> <span class='ocrx_word' id='word_1_662' title='bbox 2997 4411 3051 4464; x_wconf 93' lang='lat' dir='ltr'><strong>in</strong></span> <span class='ocrx_word' id='word_1_663' title='bbox 3086 4406 3340 4481; x_wconf 86' lang='lat' dir='ltr'><strong>gentibus</strong></span> 
     </span>
    </p>
   </div>
   <div class='ocr_carea' id='block_1_90' title="bbox 1771 4494 3342 4576">
    <p class='ocr_par' dir='ltr' id='par_1_90' title="bbox 1771 4494 3342 4576">
     <span class='ocr_line' id='line_1_90' title="bbox 1771 4494 3342 4576; baseline -0.008 -14"><span class='ocrx_word' id='word_1_664' title='bbox 1771 4508 1909 4563; x_wconf 87' lang='lat' dir='ltr'><strong>inest</strong></span> <span class='ocrx_word' id='word_1_665' title='bbox 1932 4508 2003 4572; x_wconf 80' lang='lat'><strong>”,</strong></span> <span class='ocrx_word' id='word_1_666' title='bbox 2034 4521 2153 4576; x_wconf 70' lang='lat' dir='ltr'><strong>quae</strong></span> <span class='ocrx_word' id='word_1_667' title='bbox 2193 4506 2346 4576; x_wconf 89' lang='lat' dir='ltr'><strong>lapsu</strong></span> <span class='ocrx_word' id='word_1_668' title='bbox 2391 4503 2609 4558; x_wconf 88' lang='lat' dir='ltr'><strong>lsraelis</strong></span> <span class='ocrx_word' id='word_1_669' title='bbox 2644 4500 2874 4558; x_wconf 88' lang='lat' dir='ltr'><strong>salutem</strong></span> <span class='ocrx_word' id='word_1_670' title='bbox 2909 4504 3253 4569; x_wconf 85' lang='lat' dir='ltr'><strong>receperunt.</strong></span> <span class='ocrx_word' id='word_1_671' title='bbox 3279 4494 3342 4550; x_wconf 89' lang='lat' dir='ltr'><strong>In</strong></span> 
     </span>
    </p>
   </div>
   <div class='ocr_carea' id='block_1_91' title="bbox 95 4589 1662 4688">
    <p class='ocr_par' dir='ltr' id='par_1_91' title="bbox 95 4596 1662 4672">
     <span class='ocr_line' id='line_1_91' title="bbox 95 4596 1662 4672; baseline -0.003 -21"><span class='ocrx_word' id='word_1_672' title='bbox 95 4602 377 4672; x_wconf 77' lang='grc' dir='ltr'>προφήτης</span> <span class='ocrx_word' id='word_1_673' title='bbox 400 4600 588 4664; x_wconf 82' lang='grc' dir='ltr'>δεκτός</span> <span class='ocrx_word' id='word_1_674' title='bbox 618 4602 766 4654; x_wconf 77' lang='grc' dir='ltr'>ἐστιν</span> <span class='ocrx_word' id='word_1_675' title='bbox 798 4601 856 4655; x_wconf 80' lang='grc' dir='ltr'>ὲν</span> <span class='ocrx_word' id='word_1_676' title='bbox 901 4600 968 4669; x_wconf 79' lang='grc' dir='ltr'><strong>τῇ</strong></span> <span class='ocrx_word' id='word_1_677' title='bbox 1009 4596 1246 4669; x_wconf 86' lang='grc' dir='ltr'>πατρίδι,</span> <span class='ocrx_word' id='word_1_678' title='bbox 1281 4596 1375 4649; x_wconf 75' lang='grc' dir='ltr'>καὶ</span> <span class='ocrx_word' id='word_1_679' title='bbox 1403 4597 1460 4648; x_wconf 82' lang='grc' dir='ltr'>ὲν</span> <span class='ocrx_word' id='word_1_680' title='bbox 1485 4598 1552 4667; x_wconf 79' lang='grc' dir='ltr'><strong>τῇ</strong></span> <span class='ocrx_word' id='word_1_681' title='bbox 1586 4596 1662 4648; x_wconf 80' lang='lat' dir='ltr'><strong>ol-</strong></span> 
     </span>
    </p>
   </div>
   <div class='ocr_carea' id='block_1_92' title="bbox 1768 4589 3342 4688">
    <p class='ocr_par' dir='ltr' id='par_1_92' title="bbox 1776 4589 3342 4666">
     <span class='ocr_line' id='line_1_92' title="bbox 1776 4589 3342 4666; baseline -0.008 -13"><span class='ocrx_word' id='word_1_682' title='bbox 1776 4598 1897 4654; x_wconf 89' lang='lat' dir='ltr'><strong>aliis</strong></span> <span class='ocrx_word' id='word_1_683' title='bbox 1941 4598 2111 4653; x_wconf 92' lang='lat' dir='ltr'><strong>etiam</strong></span> <span class='ocrx_word' id='word_1_684' title='bbox 2160 4597 2425 4666; x_wconf 88' lang='lat' dir='ltr'><strong>scriptum</strong></span> <span class='ocrx_word' id='word_1_685' title='bbox 2453 4603 2536 4650; x_wconf 87' lang='lat' dir='ltr'><strong>est</strong></span> <span class='ocrx_word' id='word_1_686' title='bbox 2557 4592 2604 4625; x_wconf 87' lang='grc'><strong>⁸⁰</strong></span> <span class='ocrx_word' id='word_1_687' title='bbox 2631 4608 2646 4646; x_wconf 90' lang='lat'><strong>:</strong></span> <span class='ocrx_word' id='word_1_688' title='bbox 2678 4608 2701 4644; x_wconf 71' lang='grc' dir='ltr'><strong>ι</strong></span> <span class='ocrx_word' id='word_1_689' title='bbox 2726 4590 2917 4646; x_wconf 84' lang='lat' dir='ltr'><strong>Nullus</strong></span> <span class='ocrx_word' id='word_1_690' title='bbox 2947 4589 3213 4661; x_wconf 78' lang='lat' dir='ltr'><strong>propheta</strong></span> <span class='ocrx_word' id='word_1_691' title='bbox 3248 4599 3342 4641; x_wconf 89' lang='lat' dir='ltr'><strong>ac-</strong></span> 
     </span>
    </p>
   </div>
   <div class='ocr_carea' id='block_1_93' title="bbox 96 4684 1665 4763">
    <p class='ocr_par' dir='ltr' id='par_1_93' title="bbox 96 4684 1665 4763">
     <span class='ocr_line' id='line_1_93' title="bbox 96 4684 1665 4763; baseline -0.009 -16"><span class='ocrx_word' id='word_1_692' title='bbox 96 4693 180 4763; x_wconf 71' lang='grc' dir='ltr'>ιιίᾳ</span> <span class='ocrx_word' id='word_1_693' title='bbox 202 4690 372 4746; x_wconf 77' lang='grc' dir='ltr'>αὑτοῦ</span> <span class='ocrx_word' id='word_1_694' title='bbox 394 4708 409 4721; x_wconf 90' lang='grc'><strong>·</strong></span> <span class='ocrx_word' id='word_1_695' title='bbox 442 4710 461 4743; x_wconf 75' lang='grc' dir='ltr'><strong>ι</strong></span> <span class='ocrx_word' id='word_1_696' title='bbox 492 4690 586 4744; x_wconf 70' lang='grc' dir='ltr'>καὶ</span> <span class='ocrx_word' id='word_1_697' title='bbox 614 4690 881 4763; x_wconf 81' lang='grc' dir='ltr'>χρήσιμόν</span> <span class='ocrx_word' id='word_1_698' title='bbox 909 4706 973 4757; x_wconf 89' lang='grc' dir='ltr'><strong>γε</strong></span> <span class='ocrx_word' id='word_1_699' title='bbox 1003 4689 1064 4742; x_wconf 87' lang='grc' dir='ltr'>τὸ</span> <span class='ocrx_word' id='word_1_700' title='bbox 1095 4686 1348 4756; x_wconf 83' lang='grc' dir='ltr'>συγγενὲς</span> <span class='ocrx_word' id='word_1_701' title='bbox 1368 4684 1541 4755; x_wconf 87' lang='grc' dir='ltr'>τούτῳ</span> <span class='ocrx_word' id='word_1_702' title='bbox 1569 4687 1665 4757; x_wconf 77' lang='grc' dir='ltr'><strong>ῥη-</strong></span> 
     </span>
    </p>
   </div>
   <div class='ocr_carea' id='block_1_94' title="bbox 96 4779 1662 4859">
    <p class='ocr_par' dir='ltr' id='par_1_94' title="bbox 96 4779 1662 4859">
     <span class='ocr_line' id='line_1_94' title="bbox 96 4779 1662 4859; baseline -0.004 -22"><span class='ocrx_word' id='word_1_703' title='bbox 96 4786 180 4838; x_wconf 76' lang='grc' dir='ltr'><strong>τδν</strong></span> <span class='ocrx_word' id='word_1_704' title='bbox 210 4785 640 4859; x_wconf 27' lang='grc' dir='ltr'>συναγαγόντας,</span> <span class='ocrx_word' id='word_1_705' title='bbox 662 4786 770 4839; x_wconf 80' lang='grc' dir='ltr'>ἀπὺ</span> <span class='ocrx_word' id='word_1_706' title='bbox 816 4783 924 4838; x_wconf 84' lang='grc' dir='ltr'><strong>τῶν</strong></span> <span class='ocrx_word' id='word_1_707' title='bbox 961 4780 1309 4851; x_wconf 85' lang='grc' dir='ltr'>Εὐαγγελίων</span> <span class='ocrx_word' id='word_1_708' title='bbox 1359 4779 1487 4833; x_wconf 82' lang='grc' dir='ltr'>ἰδεῖν</span> <span class='ocrx_word' id='word_1_709' title='bbox 1513 4779 1662 4841; x_wconf 88' lang='grc' dir='ltr'>πότε,</span> 
     </span>
    </p>
   </div>
   <div class='ocr_carea' id='block_1_95' title="bbox 102 4867 1667 4948">
    <p class='ocr_par' dir='ltr' id='par_1_95' title="bbox 102 4867 1667 4948">
     <span class='ocr_line' id='line_1_95' title="bbox 102 4867 1667 4948; baseline -0.005 -19"><span class='ocrx_word' id='word_1_710' title='bbox 102 4876 186 4930; x_wconf 75' lang='grc' dir='ltr'>καὶ</span> <span class='ocrx_word' id='word_1_711' title='bbox 218 4878 314 4933; x_wconf 70' lang='grc' dir='ltr'><strong>ἐπὶ</strong></span> <span class='ocrx_word' id='word_1_712' title='bbox 355 4877 464 4931; x_wconf 86' lang='grc' dir='ltr'>τίνι</span> <span class='ocrx_word' id='word_1_713' title='bbox 493 4875 570 4948; x_wconf 81' lang='grc' dir='ltr'>τῷ</span> <span class='ocrx_word' id='word_1_714' title='bbox 596 4875 812 4947; x_wconf 80' lang='grc' dir='ltr'>Σωτῆρι</span> <span class='ocrx_word' id='word_1_715' title='bbox 839 4873 995 4929; x_wconf 81' lang='grc' dir='ltr'>τοῦτο</span> <span class='ocrx_word' id='word_1_716' title='bbox 1020 4872 1254 4945; x_wconf 76' lang='grc' dir='ltr'>εἴρηται.</span> <span class='ocrx_word' id='word_1_717' title='bbox 1294 4869 1581 4941; x_wconf 84' lang='grc' dir='ltr'>Θαυμάσαι</span> <span class='ocrx_word' id='word_1_718' title='bbox 1609 4867 1667 4923; x_wconf 83' lang='grc' dir='ltr'>δὲ</span> 
     </span>
    </p>
   </div>
   <div class='ocr_carea' id='block_1_96' title="bbox 162 5029 1683 5103">
    <p class='ocr_par' dir='ltr' id='par_1_96' title="bbox 162 5029 1683 5103">
     <span class='ocr_line' id='line_1_96' title="bbox 162 5029 1683 5103; baseline -0.009 -5"><span class='ocrx_word' id='word_1_719' title='bbox 162 5044 207 5076; x_wconf 72' lang='grc'><strong>³⁸</strong></span> <span class='ocrx_word' id='word_1_720' title='bbox 236 5042 400 5099; x_wconf 82' lang='lat' dir='ltr'><strong>Joan.</strong></span> <span class='ocrx_word' id='word_1_721' title='bbox 427 5054 506 5103; x_wconf 70' lang='grc' dir='ltr'><strong>ιν,</strong></span> <span class='ocrx_word' id='word_1_722' title='bbox 537 5038 627 5094; x_wconf 67' lang='lat' dir='ltr'><strong>ﬂ.</strong></span> <span class='ocrx_word' id='word_1_723' title='bbox 703 5037 749 5070; x_wconf 81' lang='grc'><strong>⁸⁸</strong></span> <span class='ocrx_word' id='word_1_724' title='bbox 773 5034 938 5093; x_wconf 84' lang='lat' dir='ltr'><strong>Hebr.</strong></span> <span class='ocrx_word' id='word_1_725' title='bbox 970 5050 1048 5095; x_wconf 75' lang='lat' dir='ltr'><strong>XI.</strong></span> <span class='ocrx_word' id='word_1_726' title='bbox 1079 5033 1170 5089; x_wconf 76' lang='lat'><strong>57.</strong></span> <span class='ocrx_word' id='word_1_727' title='bbox 1243 5032 1292 5065; x_wconf 82' lang='lat'>&quot;</span> <span class='ocrx_word' id='word_1_728' title='bbox 1315 5031 1437 5087; x_wconf 85' lang='lat' dir='ltr'><strong>Act.</strong></span> <span class='ocrx_word' id='word_1_729' title='bbox 1465 5045 1564 5095; x_wconf 84' lang='lat' dir='ltr'><strong>vn,</strong></span> <span class='ocrx_word' id='word_1_730' title='bbox 1591 5029 1683 5086; x_wconf 76' lang='lat'><strong>52.</strong></span> 
     </span>
    </p>
   </div>
   <div class='ocr_carea' id='block_1_97' title="bbox 99 5104 1082 5179">
    <p class='ocr_par' dir='ltr' id='par_1_97' title="bbox 99 5104 1082 5179">
     <span class='ocr_line' id='line_1_97' title="bbox 99 5104 1082 5179; baseline -0.012 -9"><span class='ocrx_word' id='word_1_731' title='bbox 99 5112 318 5169; x_wconf 65' lang='lat' dir='ltr'><strong>“Rom.</strong></span> <span class='ocrx_word' id='word_1_732' title='bbox 345 5128 427 5179; x_wconf 73' lang='lat' dir='ltr'><strong>xu,</strong></span> <span class='ocrx_word' id='word_1_733' title='bbox 455 5110 545 5165; x_wconf 79' lang='lat' dir='ltr'><strong>li.</strong></span> <span class='ocrx_word' id='word_1_734' title='bbox 645 5108 692 5142; x_wconf 79' lang='grc'><strong>⁴⁰</strong></span> <span class='ocrx_word' id='word_1_735' title='bbox 718 5108 853 5163; x_wconf 82' lang='lat' dir='ltr'><strong>Luc.</strong></span> <span class='ocrx_word' id='word_1_736' title='bbox 886 5120 961 5167; x_wconf 85' lang='lat' dir='ltr'><strong>Iv.</strong></span> <span class='ocrx_word' id='word_1_737' title='bbox 989 5104 1082 5160; x_wconf 63' lang='grc' dir='ltr'>Ἃ.</span> 
     </span>
    </p>
   </div>
   <div class='ocr_carea' id='block_1_98' title="bbox 106 5192 1674 5274">
    <p class='ocr_par' dir='ltr' id='par_1_98' title="bbox 106 5192 1674 5274">
     <span class='ocr_line' id='line_1_98' title="bbox 106 5192 1674 5274; baseline -0.008 -15"><span class='ocrx_word' id='word_1_738' title='bbox 106 5213 246 5259; x_wconf 82' lang='lat' dir='ltr'><strong>etura</strong></span> <span class='ocrx_word' id='word_1_739' title='bbox 274 5204 518 5274; x_wconf 84' lang='lat' dir='ltr'><strong>legatur,</strong></span> <span class='ocrx_word' id='word_1_740' title='bbox 554 5199 887 5257; x_wconf 83' lang='grc' dir='ltr'>κατακόπτει</span> <span class='ocrx_word' id='word_1_741' title='bbox 915 5198 973 5251; x_wconf 84' lang='grc' dir='ltr'>δὲ</span> <span class='ocrx_word' id='word_1_742' title='bbox 1002 5193 1214 5259; x_wconf 76' lang='grc' dir='ltr'>ἑαυτόν,</span> <span class='ocrx_word' id='word_1_743' title='bbox 1250 5192 1304 5247; x_wconf 89' lang='lat' dir='ltr'><strong>id</strong></span> <span class='ocrx_word' id='word_1_744' title='bbox 1336 5201 1555 5247; x_wconf 89' lang='lat' dir='ltr'><strong>secutus</strong></span> <span class='ocrx_word' id='word_1_745' title='bbox 1589 5200 1674 5246; x_wconf 88' lang='lat' dir='ltr'><strong>est</strong></span> 
     </span>
    </p>
   </div>
   <div class='ocr_carea' id='block_1_99' title="bbox 105 5274 1676 5354">
    <p class='ocr_par' dir='ltr' id='par_1_99' title="bbox 105 5274 1676 5354">
     <span class='ocr_line' id='line_1_99' title="bbox 105 5274 1676 5354; baseline -0.009 -24"><span class='ocrx_word' id='word_1_746' title='bbox 105 5275 407 5354; x_wconf 60' lang='lat' dir='ltr'><strong>ferrarius,</strong></span> <span class='ocrx_word' id='word_1_747' title='bbox 454 5281 695 5337; x_wconf 83' lang='lat' dir='ltr'><strong>vertens,</strong></span> <span class='ocrx_word' id='word_1_748' title='bbox 732 5289 752 5322; x_wconf 76' lang='grc' dir='ltr'><strong>ι</strong></span> <span class='ocrx_word' id='word_1_749' title='bbox 795 5275 1008 5325; x_wconf 88' lang='lat' dir='ltr'><strong>resecat</strong></span> <span class='ocrx_word' id='word_1_750' title='bbox 1042 5274 1227 5320; x_wconf 89' lang='lat' dir='ltr'><strong>autem</strong></span> <span class='ocrx_word' id='word_1_751' title='bbox 1271 5276 1393 5317; x_wconf 89' lang='lat' dir='ltr'><strong>sese</strong></span> <span class='ocrx_word' id='word_1_752' title='bbox 1440 5276 1676 5329; x_wconf 79' lang='lat' dir='ltr'><strong>evange-</strong></span> 
     </span>
    </p>
   </div>
   <div class='ocr_carea' id='block_1_100' title="bbox 108 5346 1680 5484">
    <p class='ocr_par' dir='ltr' id='par_1_100' title="bbox 108 5346 1680 5484">
     <span class='ocr_line' id='line_1_100' title="bbox 108 5346 1680 5484; baseline -0.008 -14"><span class='ocrx_word' id='word_1_753' title='bbox 108 5346 299 5484; x_wconf 55' lang='lat' dir='ltr'><strong>hstaSEa&#39;),</strong></span> <span class='ocrx_word' id='word_1_754' title='bbox 340 5411 454 5467; x_wconf 73' lang='lat' dir='ltr'><strong>Kal</strong></span> <span class='ocrx_word' id='word_1_755' title='bbox 507 5407 661 5465; x_wconf 76' lang='grc' dir='ltr'>κατὰ</span> <span class='ocrx_word' id='word_1_756' title='bbox 696 5408 893 5463; x_wconf 84' lang='grc' dir='ltr'>τοῦτο.</span> <span class='ocrx_word' id='word_1_757' title='bbox 949 5404 1008 5460; x_wconf 84' lang='lat' dir='ltr'><strong>In</strong></span> <span class='ocrx_word' id='word_1_758' title='bbox 1061 5403 1252 5461; x_wconf 81' lang='lat' dir='ltr'><strong>codice</strong></span> <span class='ocrx_word' id='word_1_759' title='bbox 1308 5401 1480 5472; x_wconf 81' lang='lat' dir='ltr'><strong>Regio</strong></span> <span class='ocrx_word' id='word_1_760' title='bbox 1527 5402 1680 5459; x_wconf 84' lang='lat' dir='ltr'><strong>deest</strong></span> 
     </span>
    </p>
   </div>
   <div class='ocr_carea' id='block_1_101' title="bbox 111 5484 1681 5639">
    <p class='ocr_par' dir='ltr' id='par_1_101' title="bbox 111 5484 1681 5639">
     <span class='ocr_line' id='line_1_101' title="bbox 111 5484 1681 5639; baseline -0.017 -25"><span class='ocrx_word' id='word_1_761' title='bbox 305 5550 493 5607; x_wconf 76' lang='lat' dir='ltr'><strong>Codex</strong></span> <span class='ocrx_word' id='word_1_762' title='bbox 520 5548 847 5606; x_wconf 84' lang='lat' dir='ltr'><strong>Bodleianus</strong></span> <span class='ocrx_word' id='word_1_763' title='bbox 872 5559 970 5616; x_wconf 86' lang='lat' dir='ltr'><strong>pro</strong></span> <span class='ocrx_word' id='word_1_764' title='bbox 991 5543 1118 5609; x_wconf 76' lang='grc' dir='ltr'>τοὺς</span> <span class='ocrx_word' id='word_1_765' title='bbox 1149 5541 1495 5615; x_wconf 82' lang='grc' dir='ltr'>Σαμαρείτας</span> <span class='ocrx_word' id='word_1_766' title='bbox 1514 5541 1681 5596; x_wconf 69' lang='lat' dir='ltr'><strong>habet</strong></span> 
     </span>
    </p>
   </div>
   <div class='ocr_carea' id='block_1_102' title="bbox 109 5624 1678 5778">
    <p class='ocr_par' dir='ltr' id='par_1_102' title="bbox 109 5624 1678 5778">
     <span class='ocr_line' id='line_1_102' title="bbox 109 5624 1678 5778; baseline -0.008 -31"><span class='ocrx_word' id='word_1_767' title='bbox 344 5687 582 5756; x_wconf 75' lang='grc' dir='ltr'>Αὐτοὺς</span> <span class='ocrx_word' id='word_1_768' title='bbox 623 5685 805 5757; x_wconf 78' lang='grc' dir='ltr'>παρὰ,</span> <span class='ocrx_word' id='word_1_769' title='bbox 839 5697 947 5742; x_wconf 84' lang='lat' dir='ltr'><strong>elc.</strong></span> <span class='ocrx_word' id='word_1_770' title='bbox 983 5685 1041 5740; x_wconf 86' lang='lat' dir='ltr'><strong>in</strong></span> <span class='ocrx_word' id='word_1_771' title='bbox 1096 5682 1286 5741; x_wconf 88' lang='lat' dir='ltr'><strong>codice</strong></span> <span class='ocrx_word' id='word_1_772' title='bbox 1316 5680 1487 5751; x_wconf 78' lang='lat' dir='ltr'><strong>Regio</strong></span> <span class='ocrx_word' id='word_1_773' title='bbox 1526 5678 1678 5735; x_wconf 83' lang='lat' dir='ltr'><strong>deest</strong></span> 
     </span>
    </p>
   </div>
   <div class='ocr_carea' id='block_1_103' title="bbox 114 5761 1516 5901">
    <p class='ocr_par' dir='ltr' id='par_1_103' title="bbox 114 5761 1516 5901">
     <span class='ocr_line' id='line_1_103' title="bbox 114 5761 1516 5901; baseline -0.012 -10"><span class='ocrx_word' id='word_1_774' title='bbox 114 5761 443 5901; x_wconf 39' lang='lat' dir='ltr'><strong>“igitr</strong></span> <span class='ocrx_word' id='word_1_775' title='bbox 478 5824 804 5901; x_wconf 67' lang='grc' dir='ltr'>μηλωταῖς.</span> <span class='ocrx_word' id='word_1_776' title='bbox 838 5825 998 5901; x_wconf 70' lang='lat' dir='ltr'><strong>Deest</strong></span> <span class='ocrx_word' id='word_1_777' title='bbox 1025 5825 1078 5901; x_wconf 71' lang='lat' dir='ltr'><strong>in</strong></span> <span class='ocrx_word' id='word_1_778' title='bbox 1104 5820 1516 5901; x_wconf 76' lang='lat' dir='ltr'><strong>codice_Regio.</strong></span> 
     </span>
    </p>
   </div>
   <div class='ocr_carea' id='block_1_104' title="bbox 172 5886 1676 5973">
    <p class='ocr_par' dir='ltr' id='par_1_104' title="bbox 172 5886 1676 5973">
     <span class='ocr_line' id='line_1_104' title="bbox 172 5886 1676 5973; baseline -0.008 -17"><span class='ocrx_word' id='word_1_779' title='bbox 319 5886 833 5969; x_wconf 54' lang='grc' dir='ltr'><strong>Τπιιῖηκταιδέἓν</strong></span> <span class='ocrx_word' id='word_1_780' title='bbox 859 5893 937 5965; x_wconf 76' lang='grc' dir='ltr'>τῇ</span> <span class='ocrx_word' id='word_1_781' title='bbox 965 5892 1078 5966; x_wconf 77' lang='grc' dir='ltr'><strong>ἐμῇ</strong></span> <span class='ocrx_word' id='word_1_782' title='bbox 1106 5892 1361 5963; x_wconf 76' lang='grc' dir='ltr'>πατρίδι,</span> <span class='ocrx_word' id='word_1_783' title='bbox 1408 5886 1516 5947; x_wconf 67' lang='lat' dir='ltr'><strong>etc.</strong></span> <span class='ocrx_word' id='word_1_784' title='bbox 1548 5886 1676 5945; x_wconf 62' lang='lat' dir='ltr'><strong>Hac</strong></span> 
     </span>
    </p>
   </div>
   <div class='ocr_carea' id='block_1_105' title="bbox 1771 4677 3345 4760">
    <p class='ocr_par' dir='ltr' id='par_1_105' title="bbox 1771 4677 3345 4760">
     <span class='ocr_line' id='line_1_105' title="bbox 1771 4677 3345 4760; baseline -0.009 -14"><span class='ocrx_word' id='word_1_785' title='bbox 1771 4699 1958 4760; x_wconf 88' lang='lat' dir='ltr'><strong>ceptus</strong></span> <span class='ocrx_word' id='word_1_786' title='bbox 2001 4697 2086 4745; x_wconf 86' lang='lat' dir='ltr'><strong>est</strong></span> <span class='ocrx_word' id='word_1_787' title='bbox 2123 4689 2178 4743; x_wconf 92' lang='lat' dir='ltr'><strong>in</strong></span> <span class='ocrx_word' id='word_1_788' title='bbox 2224 4688 2400 4758; x_wconf 85' lang='lat' dir='ltr'><strong>patria</strong></span> <span class='ocrx_word' id='word_1_789' title='bbox 2441 4695 2497 4742; x_wconf 88' lang='lat' dir='ltr'><strong>et</strong></span> <span class='ocrx_word' id='word_1_790' title='bbox 2538 4686 2593 4741; x_wconf 88' lang='lat' dir='ltr'><strong>in</strong></span> <span class='ocrx_word' id='word_1_791' title='bbox 2638 4686 2803 4742; x_wconf 90' lang='lat' dir='ltr'><strong>domo</strong></span> <span class='ocrx_word' id='word_1_792' title='bbox 2863 4697 3049 4749; x_wconf 70' lang='lat' dir='ltr'><strong>sua;i</strong></span> <span class='ocrx_word' id='word_1_793' title='bbox 3107 4677 3345 4746; x_wconf 87' lang='lat' dir='ltr'><strong>utileque</strong></span> 
     </span>
    </p>
   </div>
   <div class='ocr_carea' id='block_1_106' title="bbox 1773 4764 3342 4852">
    <p class='ocr_par' dir='ltr' id='par_1_106' title="bbox 1773 4764 3342 4852">
     <span class='ocr_line' id='line_1_106' title="bbox 1773 4764 3342 4852; baseline -0.011 -17"><span class='ocrx_word' id='word_1_794' title='bbox 1773 4780 2018 4852; x_wconf 88' lang='lat' dir='ltr'><strong>profecto</strong></span> <span class='ocrx_word' id='word_1_795' title='bbox 2066 4778 2234 4834; x_wconf 89' lang='lat' dir='ltr'><strong>fuerit</strong></span> <span class='ocrx_word' id='word_1_796' title='bbox 2267 4787 2523 4834; x_wconf 83' lang='lat' dir='ltr'><strong>contextu</strong></span> <span class='ocrx_word' id='word_1_797' title='bbox 2553 4778 2638 4833; x_wconf 89' lang='lat' dir='ltr'><strong>his</strong></span> <span class='ocrx_word' id='word_1_798' title='bbox 2671 4772 2994 4833; x_wconf 88' lang='lat' dir='ltr'><strong>testimoniis</strong></span> <span class='ocrx_word' id='word_1_799' title='bbox 3025 4776 3257 4838; x_wconf 89' lang='lat' dir='ltr'><strong>cognato</strong></span> <span class='ocrx_word' id='word_1_800' title='bbox 3285 4764 3342 4820; x_wconf 90' lang='lat' dir='ltr'><strong>in</strong></span> 
     </span>
    </p>
   </div>
   <div class='ocr_carea' id='block_1_107' title="bbox 1774 4860 3342 4940">
    <p class='ocr_par' dir='ltr' id='par_1_107' title="bbox 1774 4860 3342 4940">
     <span class='ocr_line' id='line_1_107' title="bbox 1774 4860 3342 4940; baseline -0.009 -16"><span class='ocrx_word' id='word_1_801' title='bbox 1774 4884 1941 4925; x_wconf 88' lang='lat' dir='ltr'><strong>unum</strong></span> <span class='ocrx_word' id='word_1_802' title='bbox 1970 4868 2200 4925; x_wconf 90' lang='lat' dir='ltr'><strong>collecto</strong></span> <span class='ocrx_word' id='word_1_803' title='bbox 2225 4882 2292 4924; x_wconf 78' lang='lat' dir='ltr'><strong>ex</strong></span> <span class='ocrx_word' id='word_1_804' title='bbox 2326 4868 2656 4940; x_wconf 82' lang='lat' dir='ltr'><strong>Evangeliis,</strong></span> <span class='ocrx_word' id='word_1_805' title='bbox 2691 4866 2876 4922; x_wconf 90' lang='lat' dir='ltr'><strong>videre</strong></span> <span class='ocrx_word' id='word_1_806' title='bbox 2904 4860 3122 4933; x_wconf 89' lang='lat' dir='ltr'><strong>quando</strong></span> <span class='ocrx_word' id='word_1_807' title='bbox 3151 4867 3210 4913; x_wconf 90' lang='lat' dir='ltr'><strong>et</strong></span> <span class='ocrx_word' id='word_1_808' title='bbox 3232 4870 3342 4927; x_wconf 87' lang='lat' dir='ltr'><strong>quo</strong></span> 
     </span>
    </p>
   </div>
   <div class='ocr_carea' id='block_1_108' title="bbox 1780 5017 3336 5100">
    <p class='ocr_par' dir='ltr' id='par_1_108' title="bbox 1780 5017 3336 5100">
     <span class='ocr_line' id='line_1_108' title="bbox 1780 5017 3336 5100; baseline -0.01 -9"><span class='ocrx_word' id='word_1_809' title='bbox 1780 5034 1825 5067; x_wconf 83' lang='lat'>&quot;</span> <span class='ocrx_word' id='word_1_810' title='bbox 1856 5032 2014 5090; x_wconf 74' lang='lat' dir='ltr'><strong>Joan.</strong></span> <span class='ocrx_word' id='word_1_811' title='bbox 2043 5048 2158 5100; x_wconf 76' lang='lat' dir='ltr'><strong>xix,</strong></span> <span class='ocrx_word' id='word_1_812' title='bbox 2199 5031 2289 5087; x_wconf 77' lang='lat' dir='ltr'><strong>l5.</strong></span> <span class='ocrx_word' id='word_1_813' title='bbox 2395 5030 2443 5064; x_wconf 79' lang='grc'><strong>⁸⁸</strong></span> <span class='ocrx_word' id='word_1_814' title='bbox 2472 5030 2630 5085; x_wconf 86' lang='lat' dir='ltr'><strong>Deut.</strong></span> <span class='ocrx_word' id='word_1_815' title='bbox 2662 5040 2815 5091; x_wconf 80' lang='lat' dir='ltr'><strong>xvm,</strong></span> <span class='ocrx_word' id='word_1_816' title='bbox 2851 5021 3099 5088; x_wconf 11' lang='lat' dir='ltr'><strong>l5;iAct.</strong></span> <span class='ocrx_word' id='word_1_817' title='bbox 3128 5033 3210 5087; x_wconf 88' lang='grc' dir='ltr'>ιιι,</span> <span class='ocrx_word' id='word_1_818' title='bbox 3240 5017 3336 5075; x_wconf 71' lang='grc'><strong>22.</strong></span> 
     </span>
    </p>
   </div>
   <div class='ocr_carea' id='block_1_109' title="bbox 1774 5178 3342 5262">
    <p class='ocr_par' dir='ltr' id='par_1_109' title="bbox 1774 5178 3342 5262">
     <span class='ocr_line' id='line_1_109' title="bbox 1774 5178 3342 5262; baseline -0.008 -17"><span class='ocrx_word' id='word_1_819' title='bbox 1774 5186 2216 5262; x_wconf 79' lang='grc' dir='ltr'>αὐτοπροσώπως</span> <span class='ocrx_word' id='word_1_820' title='bbox 2236 5186 2313 5240; x_wconf 91' lang='lat' dir='ltr'><strong>ait</strong></span> <span class='ocrx_word' id='word_1_821' title='bbox 2344 5184 2611 5262; x_wconf 75' lang='lat' dir='ltr'><strong>Origenes</strong></span> <span class='ocrx_word' id='word_1_822' title='bbox 2652 5197 2667 5234; x_wconf 89' lang='lat'><strong>:</strong></span> <span class='ocrx_word' id='word_1_823' title='bbox 2715 5194 2839 5262; x_wconf 75' lang='lat' dir='ltr'><strong>cum</strong></span> <span class='ocrx_word' id='word_1_824' title='bbox 2871 5178 3015 5262; x_wconf 72' lang='lat' dir='ltr'><strong>enim</strong></span> <span class='ocrx_word' id='word_1_825' title='bbox 3050 5191 3213 5259; x_wconf 79' lang='lat' dir='ltr'><strong>supra</strong></span> <span class='ocrx_word' id='word_1_826' title='bbox 3248 5178 3342 5262; x_wconf 89' lang='lat' dir='ltr'><strong>di-</strong></span> 
     </span>
    </p>
   </div>
   <div class='ocr_carea' id='block_1_110' title="bbox 1774 5247 3345 5328">
    <p class='ocr_par' dir='ltr' id='par_1_110' title="bbox 1774 5247 3345 5328">
     <span class='ocr_line' id='line_1_110' title="bbox 1774 5247 3345 5328; baseline -0.009 -12"><span class='ocrx_word' id='word_1_827' title='bbox 1774 5247 2608 5328; x_wconf 35' lang='lat' dir='ltr'><strong>xisset&#39;prophetfarumpairiam</strong></span> <span class='ocrx_word' id='word_1_828' title='bbox 2638 5264 2759 5328; x_wconf 78' lang='lat' dir='ltr'><strong>esse</strong></span> <span class='ocrx_word' id='word_1_829' title='bbox 2785 5247 3048 5328; x_wconf 42' lang='lat' dir='ltr'><strong>luds-sam,</strong></span> <span class='ocrx_word' id='word_1_830' title='bbox 3164 5261 3345 5328; x_wconf 70' lang='lat' dir='ltr'><strong>eaque</strong></span> 
     </span>
    </p>
   </div>
   <div class='ocr_carea' id='block_1_111' title="bbox 1774 5315 3346 5390">
    <p class='ocr_par' dir='ltr' id='par_1_111' title="bbox 1774 5315 3346 5390">
     <span class='ocr_line' id='line_1_111' title="bbox 1774 5315 3346 5390; baseline -0.01 -5"><span class='ocrx_word' id='word_1_831' title='bbox 1774 5315 2123 5385; x_wconf 79' lang='lat' dir='ltr'><strong>contumeliis</strong></span> <span class='ocrx_word' id='word_1_832' title='bbox 2156 5326 2275 5380; x_wconf 91' lang='lat' dir='ltr'><strong>illos</strong></span> <span class='ocrx_word' id='word_1_833' title='bbox 2300 5315 2466 5378; x_wconf 64' lang='lat' dir='ltr'><strong>fuiise</strong></span> <span class='ocrx_word' id='word_1_834' title='bbox 2488 5320 2808 5390; x_wconf 78' lang='lat' dir='ltr'><strong>proscissus,</strong></span> <span class='ocrx_word' id='word_1_835' title='bbox 2845 5315 3132 5390; x_wconf 55' lang='lat' dir='ltr'><strong>subiungit</strong></span> <span class='ocrx_word' id='word_1_836' title='bbox 3163 5317 3216 5370; x_wconf 92' lang='lat' dir='ltr'><strong>in</strong></span> <span class='ocrx_word' id='word_1_837' title='bbox 3250 5315 3346 5383; x_wconf 83' lang='lat' dir='ltr'><strong>pa-</strong></span> 
     </span>
    </p>
   </div>
   <div class='ocr_carea' id='block_1_112' title="bbox 1776 5385 3344 5461">
    <p class='ocr_par' dir='ltr' id='par_1_112' title="bbox 1776 5385 3344 5461">
     <span class='ocr_line' id='line_1_112' title="bbox 1776 5385 3344 5461; baseline -0.01 -8"><span class='ocrx_word' id='word_1_838' title='bbox 1776 5400 1881 5454; x_wconf 87' lang='lat' dir='ltr'><strong>tria</strong></span> <span class='ocrx_word' id='word_1_839' title='bbox 1928 5413 2051 5461; x_wconf 89' lang='lat' dir='ltr'><strong>sua,</strong></span> <span class='ocrx_word' id='word_1_840' title='bbox 2107 5393 2439 5461; x_wconf 80' lang='lat' dir='ltr'><strong>Alexandria</strong></span> <span class='ocrx_word' id='word_1_841' title='bbox 2481 5385 2756 5461; x_wconf 62' lang='lat' dir='ltr'><strong>nimirum,</strong></span> <span class='ocrx_word' id='word_1_842' title='bbox 2813 5396 2875 5461; x_wconf 79' lang='lat' dir='ltr'><strong>et</strong></span> <span class='ocrx_word' id='word_1_843' title='bbox 2919 5385 3177 5461; x_wconf 65' lang='lat' dir='ltr'><strong>Egypto.</strong></span> <span class='ocrx_word' id='word_1_844' title='bbox 3237 5401 3344 5461; x_wconf 79' lang='lat' dir='ltr'><strong>non</strong></span> 
     </span>
    </p>
   </div>
   <div class='ocr_carea' id='block_1_113' title="bbox 1777 5453 3347 5538">
    <p class='ocr_par' dir='ltr' id='par_1_113' title="bbox 1777 5453 3347 5538">
     <span class='ocr_line' id='line_1_113' title="bbox 1777 5453 3347 5538; baseline -0.011 -15"><span class='ocrx_word' id='word_1_845' title='bbox 1777 5453 2077 5538; x_wconf 64' lang='lat' dir='ltr'><strong>prophetas</strong></span> <span class='ocrx_word' id='word_1_846' title='bbox 2107 5460 2438 5538; x_wconf 83' lang='lat' dir='ltr'><strong>soluin,_sed</strong></span> <span class='ocrx_word' id='word_1_847' title='bbox 2483 5458 2761 5538; x_wconf 75' lang='lat' dir='ltr'><strong>Christum</strong></span> <span class='ocrx_word' id='word_1_848' title='bbox 2805 5457 2971 5538; x_wconf 78' lang='lat' dir='ltr'><strong>etiam</strong></span> <span class='ocrx_word' id='word_1_849' title='bbox 2998 5453 3190 5538; x_wconf 57' lang='lat' dir='ltr'><strong>ipsum</strong></span> <span class='ocrx_word' id='word_1_850' title='bbox 3244 5453 3347 5538; x_wconf 69' lang='lat' dir='ltr'><strong>ho-</strong></span> 
     </span>
    </p>
   </div>
   <div class='ocr_carea' id='block_1_114' title="bbox 1778 5523 3347 5596">
    <p class='ocr_par' dir='ltr' id='par_1_114' title="bbox 1778 5523 3347 5596">
     <span class='ocr_line' id='line_1_114' title="bbox 1778 5523 3347 5596; baseline -0.01 -4"><span class='ocrx_word' id='word_1_851' title='bbox 1778 5523 1913 5592; x_wconf 69' lang='lat' dir='ltr'><strong>nore</strong></span> <span class='ocrx_word' id='word_1_852' title='bbox 1940 5535 2080 5591; x_wconf 80' lang='lat' dir='ltr'><strong>afﬁci</strong></span> <span class='ocrx_word' id='word_1_853' title='bbox 2119 5548 2130 5582; x_wconf 87' lang='lat'><strong>:</strong></span> <span class='ocrx_word' id='word_1_854' title='bbox 2186 5523 2301 5586; x_wconf 73' lang='lat' dir='ltr'><strong>nec</strong></span> <span class='ocrx_word' id='word_1_855' title='bbox 2327 5531 2444 5584; x_wconf 89' lang='lat' dir='ltr'><strong>leve</strong></span> <span class='ocrx_word' id='word_1_856' title='bbox 2469 5529 2615 5585; x_wconf 92' lang='lat' dir='ltr'><strong>enim</strong></span> <span class='ocrx_word' id='word_1_857' title='bbox 2648 5528 2760 5596; x_wconf 84' lang='lat' dir='ltr'><strong>jam</strong></span> <span class='ocrx_word' id='word_1_858' title='bbox 2798 5538 2910 5582; x_wconf 89' lang='lat' dir='ltr'><strong>tum</strong></span> <span class='ocrx_word' id='word_1_859' title='bbox 2944 5527 2999 5579; x_wconf 91' lang='lat' dir='ltr'><strong>in</strong></span> <span class='ocrx_word' id='word_1_860' title='bbox 3032 5523 3138 5578; x_wconf 83' lang='lat' dir='ltr'><strong>illis</strong></span> <span class='ocrx_word' id='word_1_861' title='bbox 3171 5523 3347 5596; x_wconf 66' lang='lat' dir='ltr'><strong>parti-</strong></span> 
     </span>
    </p>
   </div>
   <div class='ocr_carea' id='block_1_115' title="bbox 1782 5591 3348 5664">
    <p class='ocr_par' dir='ltr' id='par_1_115' title="bbox 1782 5591 3348 5664">
     <span class='ocr_line' id='line_1_115' title="bbox 1782 5591 3348 5664; baseline -0.011 -1"><span class='ocrx_word' id='word_1_862' title='bbox 1782 5591 1903 5662; x_wconf 13' lang='lat' dir='ltr'><strong>bus,</strong></span> <span class='ocrx_word' id='word_1_863' title='bbox 1940 5608 2340 5661; x_wconf 86' lang='lat' dir='ltr'><strong>incrementum</strong></span> <span class='ocrx_word' id='word_1_864' title='bbox 2401 5613 2491 5655; x_wconf 87' lang='lat' dir='ltr'><strong>res</strong></span> <span class='ocrx_word' id='word_1_865' title='bbox 2541 5591 2849 5653; x_wconf 82' lang='lat' dir='ltr'><strong>Christiana</strong></span> <span class='ocrx_word' id='word_1_866' title='bbox 2905 5602 3143 5664; x_wconf 87' lang='lat' dir='ltr'><strong>ceperat.</strong></span> <span class='ocrx_word' id='word_1_867' title='bbox 3172 5591 3348 5648; x_wconf 71' lang='grc' dir='ltr'>Ἠπει-</span> 
     </span>
    </p>
   </div>
   <div class='ocr_carea' id='block_1_116' title="bbox 1784 5692 1927 5732">
    <p class='ocr_par' dir='ltr' id='par_1_116' title="bbox 1784 5692 1927 5732">
     <span class='ocr_line' id='line_1_116' title="bbox 1784 5692 1927 5732; baseline -0.014 0"><span class='ocrx_word' id='word_1_868' title='bbox 1784 5692 1927 5732; x_wconf 69' lang='grc' dir='ltr'>τιυε.</span> 
     </span>
    </p>
   </div>
   <div class='ocr_carea' id='block_1_117' title="bbox 1854 5729 3343 5818">
    <p class='ocr_par' dir='ltr' id='par_1_117' title="bbox 1854 5729 3343 5818">
     <span class='ocr_line' id='line_1_117' title="bbox 1854 5729 3343 5818; baseline -0.008 -23"><span class='ocrx_word' id='word_1_869' title='bbox 1854 5729 1968 5818; x_wconf 55' lang='grc'>(40)</span> <span class='ocrx_word' id='word_1_870' title='bbox 2020 5744 2106 5818; x_wconf 54' lang='grc' dir='ltr'><strong>Ἠ-</strong></span> <span class='ocrx_word' id='word_1_871' title='bbox 2123 5739 2355 5818; x_wconf 74' lang='grc' dir='ltr'>πατρίς.</span> <span class='ocrx_word' id='word_1_872' title='bbox 2409 5737 2501 5818; x_wconf 73' lang='lat' dir='ltr'><strong>Sic</strong></span> <span class='ocrx_word' id='word_1_873' title='bbox 2528 5737 2710 5818; x_wconf 43' lang='lat' dir='ltr'><strong>codex.</strong></span> <span class='ocrx_word' id='word_1_874' title='bbox 2735 5734 3082 5818; x_wconf 59' lang='lat' dir='ltr'><strong>Bodleianus,</strong></span> <span class='ocrx_word' id='word_1_875' title='bbox 3104 5729 3343 5818; x_wconf 66' lang='lat' dir='ltr'><strong>optime;</strong></span> 
     </span>
    </p>
   </div>
   <div class='ocr_carea' id='block_1_118' title="bbox 1780 5802 3347 5886">
    <p class='ocr_par' dir='ltr' id='par_1_118' title="bbox 1780 5802 3347 5886">
     <span class='ocr_line' id='line_1_118' title="bbox 1780 5802 3347 5886; baseline -0.011 -16"><span class='ocrx_word' id='word_1_876' title='bbox 1780 5802 1984 5886; x_wconf 57' lang='lat' dir='ltr'><strong>Re‘giu’s</strong></span> <span class='ocrx_word' id='word_1_877' title='bbox 1997 5824 2051 5886; x_wconf 84' lang='lat' dir='ltr'><strong>et</strong></span> <span class='ocrx_word' id='word_1_878' title='bbox 2072 5802 2420 5886; x_wconf 59' lang='lat' dir='ltr'><strong>Barbarinus,</strong></span> <span class='ocrx_word' id='word_1_879' title='bbox 2448 5808 2510 5886; x_wconf 78' lang='grc' dir='ltr'><strong>ού</strong></span> <span class='ocrx_word' id='word_1_880' title='bbox 2543 5806 2763 5878; x_wconf 83' lang='grc' dir='ltr'>πατρίς,</span> <span class='ocrx_word' id='word_1_881' title='bbox 2790 5806 2949 5869; x_wconf 87' lang='lat' dir='ltr'><strong>male,</strong></span> <span class='ocrx_word' id='word_1_882' title='bbox 2984 5802 3086 5857; x_wconf 88' lang='lat' dir='ltr'><strong>nisi</strong></span> <span class='ocrx_word' id='word_1_883' title='bbox 3112 5814 3347 5869; x_wconf 76' lang='lat' dir='ltr'><strong>sequen-</strong></span> 
     </span>
    </p>
   </div>
   <div class='ocr_carea' id='block_1_119' title="bbox 1783 5879 2748 5950">
    <p class='ocr_par' dir='ltr' id='par_1_119' title="bbox 1783 5879 2748 5950">
     <span class='ocr_line' id='line_1_119' title="bbox 1783 5879 2748 5950; baseline -0.011 -10"><span class='ocrx_word' id='word_1_884' title='bbox 1783 5879 1999 5941; x_wconf 66' lang='lat' dir='ltr'><strong>tia&#39;cum</strong></span> <span class='ocrx_word' id='word_1_885' title='bbox 2031 5880 2457 5950; x_wconf 85' lang='lat' dir='ltr'><strong>interrogatione</strong></span> <span class='ocrx_word' id='word_1_886' title='bbox 2480 5879 2748 5949; x_wconf 84' lang='lat' dir='ltr'><strong>legantur.</strong></span> 
     </span>
    </p>
   </div>
  </div>
