3806 6530
474 378 578 433 503

472 588 758 643 veritatem
796 587 1083 641 sententia:
1127 586 1456 652 Servatoris,
1505 602 1625 657 quae
1672 603 1777 642 non
1832 596 2038 642 tantum

474 682 542 735 aal
573 689 794 735 sanctos
826 678 1135 750 prophetas,
1166 690 1382 749 spretos
1412 695 1443 736 a
1473 679 1856 745 familiaribus,
1888 690 1943 736 et
1974 682 2041 735 ad

473 772 649 842 ipsum
704 772 987 825 Dominum
1043 779 1285 826 nostrum
1335 770 1638 840 pertinuit,
1689 773 1784 828 sed
1833 772 1901 826 ad
1949 787 2043 827 eos

470 864 638 917 etiam
689 861 781 932 qui
829 863 1011 932 aliqua
1063 863 1327 931 sapientia
1370 862 1669 919 claruerint
1707 880 1722 917 :
1760 866 1851 934 qui
1907 864 2043 918 adeo

471 954 803 1023 contemptui
840 955 1051 1010 civibus
1095 954 1250 1009 fuere
1287 954 1479 1019 habiti,
1514 966 1573 1011 ut
1605 954 1685 1010 vel
1715 956 1781 1011 ad
1814 966 2040 1010 mortem

474 1044 639 1115 aliqui
671 1060 860 1099 eorum
893 1047 1241 1101 ducerentur.
1275 1045 1398 1102 Haec
1425 1057 1603 1104 autem
1635 1048 1766 1104 libet
1793 1062 1858 1103 ex
1889 1046 2042 1103 Cra:-

474 1151 660 1191 rorum
709 1137 934 1191 historia
978 1137 1239 1208 colligere
1274 1140 1454 1196 dehis
1478 1141 1567 1209 qui
1603 1142 1655 1195 in
1688 1138 2046 1211 philosophia:

471 1240 527 1284 et
567 1231 933 1295 astronomia),
962 1230 1046 1286 vel
1090 1232 1145 1285 in
1196 1232 1480 1301 quibusvis
1525 1234 1744 1288 tandem
1803 1232 2044 1287 volucris

476 1319 772 1389 disciplinis
835 1331 1257 1377 consenuerunt.
1308 1321 1544 1378 Proinde
1618 1321 2043 1377 conviciantium

475 1422 605 1467 sunt
637 1415 799 1469 etiam
831 1415 915 1469 hae
946 1430 1105 1470 voces
1135 1434 1147 1469 :
1182 1433 1200 1466 ι
1230 1414 1421 1469 Nonne
1448 1416 1536 1470 hic
1570 1425 1651 1470 est
1682 1400 1820 1471 fabri
1859 1413 2046 1469 filius?

470 1507 665 1563 Nonne
710 1519 888 1564 mater
932 1508 1053 1576 eius
1098 1509 1301 1563 dicitur
1346 1508 1539 1576 Maria,
1573 1518 1629 1563 et
1675 1507 1881 1563 fratres
1926 1507 2045 1578 ejus

472 1609 599 1654 sunt
629 1601 771 1669 apud
803 1600 1109 1656 nos?Unde
1137 1615 1265 1669 ergo
1285 1600 1413 1655 huic
1439 1600 1559 1655 haec
1588 1602 1771 1656 omnia
1793 1600 1835 1632 “
1855 1601 1908 1654 ἳι
1945 1601 2043 1654 At-

471 1706 578 1761 que
620 1692 808 1756 etiam,
842 1693 985 1762 quod
1031 1708 1246 1747 summa
1286 1694 1651 1748 admiratione
1693 1692 1913 1762 dignum
1940 1702 2043 1758 est,

472 1781 703 1851 contigit
735 1781 837 1835 hoc
885 1781 939 1835 in
993 1781 1294 1851 prophetis,
1330 1792 1389 1836 ut
1431 1784 1576 1851 quod
1607 1782 1660 1837 in
1696 1784 1776 1838 eis
1808 1791 1929 1837 erat
1969 1782 2046 1836 vi-

474 1886 625 1936 vum,
668 1886 774 1928 non
825 1871 1150 1928 honorarint
1185 1872 1364 1938 cives;
1398 1873 1539 1941 quod
1594 1883 1865 1928 mortuum
1918 1888 2047 1929 vero
2077 1851 2120 1906 Β

475 1974 641 2027 esset,
674 1963 929 2029 foverint,
961 1962 1295 2020 aedificantes
1328 1965 1571 2035 ipsorum
1606 1973 1958 2020 monumenta
1991 1972 2047 2019 et

475 2065 738 2112 ornantes
763 2057 828 2111 ⁸³.
865 2055 1235 2112 ίΕιιὶίίοοιιιιιι·
1279 2067 1461 2113 autem
1500 2057 1897 2127 prophetarum
1932 2072 2047 2111 mo-

474 2157 730 2203 numenta
761 2158 816 2204 et
852 2156 1142 2213 ornantur,
1169 2163 1312 2213 cum,
1354 2147 1546 2204 relicto
1573 2147 1697 2219 quis
1743 2148 1934 2218 Spiritu
1968 2147 2048 2201 vi-

476 2242 754 2306 vitieante,
796 2242 995 2297 latente
1037 2244 1089 2296 in
1137 2240 1387 2298 sensibus
1421 2241 1727 2297 litterarum
1782 2242 2043 2312 ipsarum,

479 2335 624 2389 fovet
646 2347 698 2389 et
726 2344 884 2388 ornat
918 2335 1150 2389 litteram
1179 2333 1544 2398 occidentem,
1575 2332 2040 2403 pulchritudinem

479 2425 781 2494 prophetiae
823 2434 971 2480 ratus
1014 2425 1249 2495 positam
1282 2436 1404 2477 esse
1452 2424 1504 2477 in
1542 2422 1683 2477 nuda
1736 2421 2045 2477 litterarum

480 2516 840 2586 intelligentia
878 2519 1057 2586 :quod
1090 2520 1307 2588 quidem
1339 2517 1522 2572 facere
1550 2515 1726 2572 solent
1749 2525 1865 2570 tum
1906 2513 2047 2568 Pha-

479 2606 647 2673 risaei,
678 2617 788 2661 tum
815 2606 1037 2674 Scribm,
1056 2610 1252 2679 quibus
1281 2607 1431 2664 «Van
1454 2607 1657 2663 dicitur
1685 2621 1714 2661 a
1739 2604 2046 2671 Domino";

478 2714 707 2768 quorum
729 2700 883 2755 alteri
915 2715 1108 2771 nempe
1131 2702 1289 2757 nuda:
1319 2700 1511 2756 litterae
1538 2707 1896 2770 cognomento
1918 2696 2046 2751 dicti

471 2799 599 2844 sunt
629 2790 920 2857 Litterarii,
945 2791 1057 2846 sive
1091 2791 1323 2857 Scribte;
1358 2789 1615 2845 Pharisazi
1642 2804 1791 2853 vero,
1816 2804 1883 2845 eo
1904 2788 2049 2860 quod

472 2880 626 2935 divisi
656 2890 802 2941 sunt.
831 2881 1271 2953 perdiderintque
1302 2882 1540 2938 divinam
1575 2882 1838 2937 unitatem
1874 2900 1886 2934 :
1923 2898 2051 2937 nam

472 2969 749 3035 Pharisaei,
782 2971 825 3025 si
862 2972 1256 3041 interpreteris,
1289 2972 1449 3028 iidem
1475 2980 1603 3027 sunt
1629 2981 1792 3042 atque
1825 2974 1999 3027 divisi.

535 3056 624 3110 55.
675 3074 695 3109 ι
723 3056 857 3111 Cum
909 3075 1037 3129 ergo
1072 3061 1219 3115 venit
1272 3061 1325 3116 in
1372 3058 1677 3126 Galilaeam,
1714 3072 2040 3129 receperunt
2063 3101 2108 3159 ο

464 3163 590 3203 eum
617 3148 849 3214 Galilzei,
880 3160 935 3203 ut
966 3151 1058 3220 qui
1092 3152 1354 3207 vidissent
1392 3152 1575 3207 omnia
1608 3167 1730 3223 qua;
1764 3151 2041 3224 Jerosoly-

466 3240 572 3294 mis
602 3240 821 3295 fecisset
855 3243 907 3296 in
937 3243 1026 3297 die
1068 3242 1241 3298 festo:
1272 3253 1328 3298 et
1362 3242 1462 3314 ipsi
1502 3244 1646 3300 enim
1686 3257 1950 3302 venerant
1974 3248 2041 3302 ad

465 3332 606 3386 diem
654 3332 937 3388 festum“.
970 3351 989 3386 ι
1029 3333 1258 3405 Dignum
1289 3344 1372 3390 est
1414 3344 1472 3391 ut
1503 3336 1785 3391 videamus
1817 3351 2041 3392 causam

463 3428 688 3490 pr0pter
713 3437 875 3492 quam
902 3425 1211 3494 receperint
1231 3424 1439 3481 Galilaei
1474 3426 1819 3482 Servatorem
1841 3428 1896 3482 in
1927 3427 2039 3483 Ga-

466 3510 660 3569 lilzeam
709 3515 1037 3585 profectum,
1080 3533 1207 3572 ιιιιιιι
1250 3526 1399 3572 tanta
1436 3518 1528 3584 sit,
1560 3527 1619 3572 ut
1660 3519 1713 3572 in
1763 3527 2040 3588 stuporem

468 3608 1005 3682 admirationemque
1051 3610 1365 3667 Servatoris
1412 3609 1647 3681 coniecti
1696 3612 1846 3668 illum
1892 3616 2043 3670 exci-

468 3699 619 3768 piant
642 3711 934 3772 :pr:eterea
952 3705 1018 3758 ad
1036 3718 1156 3773 quae
1183 3702 1529 3760 referendum
1563 3704 1636 3759 sit
1677 3705 1783 3761 hoc
1811 3705 2039 3773 dictum,

467 3795 693 3861 perinde
718 3796 874 3865 quasi
911 3797 1078 3852 multa
1111 3807 1297 3854 essent
1329 3814 1451 3869 qua:
1484 3797 1842 3871 Jerosolymis
1874 3798 2040 3855 fecis-

466 3893 551 3938 set
595 3884 792 3953 Jesus;
825 3904 844 3939 ι
875 3903 997 3942 cum
1026 3889 1211 3943 omnia
1246 3888 1513 3947 vidissent
1545 3906 1666 3959 qua:
1694 3888 1915 3946 fecisset
1947 3889 2042 3945 Je-

466 3975 754 4048 rosolymis
793 3979 845 4032 iu
891 3979 978 4036 die
1015 3979 1217 4036 festo.)
1253 3978 1361 4035 Sed
1410 3994 1479 4035 ne
1528 3980 1779 4051 superius
1821 3980 2039 4050 quidem

465 4070 760 4141 quidquam
800 4072 1130 4135 invenimus.
1178 4073 1281 4127 nisi
1314 4074 1441 4144 quia
1470 4092 1490 4127 ι
1523 4074 1732 4130 invenit
1758 4074 1812 4129 in
1840 4071 2041 4143 templo

462 4162 760 4239 vendentes
817 4164 981 4233 270
1022 4164 1210 4230 boves,
1261 4172 1318 4219 et
1370 4178 1525 4231 oves,
1566 4173 1623 4221 et
1651 4164 1954 4229 columbas,
1986 4174 2041 4220 et

466 4255 775 4309 mensarios
828 4256 1103 4318 sedentes,
1151 4254 1408 4324 factoque
1448 4268 1480 4309 e
1514 4254 1770 4312 funiculis
1799 4255 2037 4328 ﬂagello,

471 4359 666 4399 omnes
692 4359 723 4400 e
760 4345 959 4415 templo
992 4344 1170 4414 eiecit,
1221 4354 1332 4399 tum
1381 4359 1537 4411 oves,
1593 4356 1706 4402 tum
1761 4347 1949 4417 boves,
1983 4359 2037 4404 et

1950 379 2276 436 ORIGENIS

474 499 529 551 in
569 496 688 550 loco
719 496 985 553 Servator
1001 494 1105 550 hoc
1132 492 1353 551 dis-erit.
1386 494 1546 550 Libet
1573 505 1759 550 autem
1784 493 2040 550 admirari

2148 494 2259 547 ἔστι
2289 490 2354 546 τὸ
2381 491 2578 566 ἀληθὲς
2604 493 2702 564 τῆς
2729 494 3057 565 ἀποφάσεως
3088 497 3181 551 τοῦ
3214 498 3476 572 Σωτῆρος,
3504 500 3678 569 φθάσαν

3595 393 3675 448 5οι

2145 585 2206 638 ού
2258 583 2417 655 μόνον
2449 586 2542 637 ἐπὶ
2584 586 2707 649 τοὺς
2739 587 2925 656 ἁγίους
2972 591 3271 662 προφήτας,
3326 593 3680 661 ἀτιμασθέντας

2149 675 2299 748 παρά
2323 678 2434 740 τοῖς
2462 677 2704 742 οἰκείοις,
2754 679 2846 731 καὶ
2874 679 2962 732 ἐπ’
2987 681 3145 736 αὐτὸν
3189 684 3279 735 τὸν
3310 681 3505 754 Κύριον
3533 686 3678 756 ήμῶν,

2148 768 2283 823 ἀλλὰ
2312 769 2405 823 καὶ¹
2438 768 2531 822 ἐπὶ
2570 770 2697 832 τοὺς
2730 769 2786 824 έν
2819 789 2924 826 τινι
2973 773 3135 845 σοφίᾳ
3179 774 3572 845 διατρίψαντας,
3608 779 3681 830 καὶ

2149 861 2661 934 καταφρονηθέντας
2694 861 2799 917 ύπὺ
2836 864 2948 919 τῶν
2982 864 3233 931 πολιτῶν,
3262 866 3404 922 ὥστε
3438 868 3576 932 τινάς
3602 871 3680 922 αὖ·

2149 952 2257 1006 τῶν
2289 953 2397 1025 (41)
2428 952 2523 1006 καὶ
2560 953 2657 1025 τὴν
2684 952 2777 1007 ἐπὶ
2805 952 3020 1026 θανάτῳ
3049 956 3358 1029 ἀπαχθῆναι
3386 957 3514 1029 (42).
3558 958 3663 1023 Ἐξε

2152 1063 2236 1099 στι
2265 1045 2321 1099 δὲ
2352 1045 2522 1099 ταῦτα
2548 1045 2655 1099 ἀπὸ
2675 1045 2775 1116 τῆς
2819 1047 3134 1120 Ἑλληνικῆς
3169 1050 3407 1123 ἱστορίας
3429 1049 3664 1116 άναλέξασ

2151 1133 2237 1188 θαι
2275 1136 2532 1210 περὶτῶν
2570 1136 3046 1209 φιλοσοφησάντων
3077 1140 3171 1194 καὶ
3206 1140 3684 1213 ἀστρονομησάντων

2150 1229 2183 1301 ἢ
2226 1229 2432 1293 ὁποίοις
2464 1229 2662 1301 δήποτε
2716 1230 2999 1303 μαθήμασι
3023 1231 3456 1304 διαπρεψάντων.
3496 1235 3685 1305 Ἀτιμα-

2153 1322 2351 1387 ζόντων
2394 1322 2450 1376 δὲ
2491 1324 2583 1376 καὶ⁵
2623 1316 2782 1378 αὗται
2816 1324 2871 1376 αί
2911 1324 3084 1394 φωναί
3098 1342 3111 1355 ·
3156 1344 3173 1376 ι
3200 1325 3311 1396 Ούχ
3346 1320 3497 1389 οὗτός
3516 1326 3689 1381 ἐστινὸ

2149 1414 2243 1468 τοῦ
2271 1414 2519 1479 τέκτονος
2549 1414 2701 1480 υίός;
2733 1416 2831 1486 οὐχ
2876 1418 2909 1486 ἡ
2941 1417 3123 1489 μήτηρ
3153 1417 3317 1471 αὐτοῦ
3367 1417 3574 1488 λέγεται
3595 1420 3690 1473 Μα-

2154 1505 2307 1579 ριάμ,
2350 1506 2444 1559 καὶ
2490 1507 2539 1560 οἱ
2570 1506 2788 1576 ἀδελφοὶ
2821 1507 2984 1561 αὐτοῦ
3036 1511 3139 1561 εἰσι
3172 1508 3307 1580 πρὸς
3338 1509 3519 1580 ῆμᾶςς
3549 1509 3690 1563 Πόθεν

2151 1595 2243 1652 οῦν
2269 1597 2440 1669 τούτῳ
2468 1597 2642 1651 πάντα
2666 1598 2869 1663 ταῦτα;
2895 1619 2913 1650 ι
2949 1600 3059 1652 Καὶ
3091 1599 3519 1671 παραδοξότατόν
3538 1618 3596 1670 γε
3618 1602 3690 1654 ἐπὶ

2151 1689 2260 1743 τῶν
2294 1688 2589 1761 προφητῶν
2624 1689 2780 1743 τοῦτο
2808 1690 3142 1763 συμϐέϐηκε,
3173 1690 3235 1744 τὸ
3279 1692 3381 1762 μὲν
3408 1690 3515 1756 ζῶν
3544 1691 3690 1745 αύτιῖιν
3766 1668 3767 1683 ί

2151 1782 2211 1835 ού
2246 1782 2602 1853 τετιμήκασιν
2627 1781 2676 1834 οἱ
2705 1782 2935 1848 πολῖται,
2959 1782 3018 1836 τὸ
3041 1783 3098 1836 δὲ
3129 1782 3321 1854 νεκρὸν
3348 1783 3689 1855 περιέπουσιν,

2147 1873 2549 1945 οἰκοδομοῦντες
2591 1873 2769 1928 αὐτῶν
2796 1873 2861 1927 τά
2887 1877 3128 1946 μνημεῖα
3156 1873 3249 1928 καὶ
3268 1873 3694 1946 κοσμοῦντες.οί-

2149 1965 2396 2036 κοδομείν
2446 1963 2503 2018 δέ
2535 1966 2651 2018 ἐστι
2697 1963 2766 2018 τὰ
2819 1967 3060 2035 μνημεῖα
3108 1963 3217 2017 τῶν
3263 1964 3575 2037 προφητῶν,
3620 1965 3695 2018 καὶ

2148 2058 2372 2128 κοσμεῖν
2402 2055 2564 2120 αὐτὰ,
2598 2056 2708 2119 ὅτε,
2742 2056 2802 2109 τὸ
2831 2055 3126 2120 ζωοποιοῦν
3169 2055 3391 2128 πνεῦμα
3418 2054 3695 2112 καταλιπών

2146 2165 2229 2211 τις
2253 2149 2312 2202 τὺ
2337 2149 2637 2221 ἐνυπάρχον
2656 2149 2767 2211 τοῖς
2793 2145 3096 2217 βουλήμασι
3116 2146 3226 2200 τῶν
3259 2147 3594 2219 γραμμάτων
3616 2148 3696 2201 αὖ.

2148 2240 2272 2302 τῶν.
2306 2218 2687 2311 περιέπεικαὶ
2715 2242 3039 2310 περικοσμεῖ
3089 2239 3150 2295 τὸ
3191 2218 3513 2294 ἀποκτεῖνον
3543 2240 3695 2312 γράμ-

2152 2350 2248 2404 μα,
2280 2332 2343 2386 τδ
2380 2308 2581 2395 ’κάλλος
2623 2308 2866 2403 οἰόμενος
2895 2308 2996 2401 τῆς
3038 2331 3374 2403 προφητείας
3410 2332 3468 2385 ὲν
3504 2308 3698 2403 fidem

2149 2420 2286 2479 εἶναι
2316 2424 2513 2495 ἐκδοχῇ
2559 2422 2653 2477 τοῦ
2696 2422 3043 2494 γράμματος.
3083 2424 3284 2494 Ἔργον
3339 2423 3399 2476 δὲ
3439 2422 3590 2476 τοῦτο
3613 2422 3700 2477 τῶν
3768 2434 3769 2495 l

2147 2492 2581 2588 ταλανιξομέν-ων
2625 2492 2747 2569 άπὸῗ
2783 2492 2875 2567 τοῦ
2926 2514 3132 2585 Κυρίου
3158 2492 3577 2586 -γραμματέων,
3626 2513 3702 2567 καὶ

2148 2607 2501 2681 Φαρισαίων·
2558 2605 2931 2678 γραμματέων
2992 2605 3092 2676 μὲν
3154 2604 3570 2677 ὀνομαζομένων
3615 2604 3704 2658 τῶν
3768 2640 3769 2679 3

2148 2700 2451 2772 ἐπωνύμιον
2475 2697 2632 2770 ψιλοῦ
2665 2698 2759 2752 τοῦ
2792 2698 3117 2771 γράμματος
3136 2716 3150 2730 ·
3181 2700 3499 2771 Φαρισαίων
3524 2699 3579 2754 δέ
3616 2698 3704 2752 τῶν

2149 2792 2626 2867 άποδιῃρημένων,
2675 2792 2770 2845 καὶ
2820 2791 2921 2863 τὴν
2974 2790 3122 2845 θείαν
3187 2791 3419 2864 ἑνότητα
3467 2790 3705 2846 ἀπολωλε-

2149 2885 2354 2940 κότωψ
2403 2885 2684 2959 Φαρισαῖοι
2747 2882 2857 2954 γὰρ
2915 2882 3311 2956 ἑρμηνεύονται
3358 2885 3410 2938 οἱ
3463 2880 3708 2953 διῃρημέ-

2149 2993 2265 3032 νοι.

2212 3063 2298 3117 55.
2331 3082 2349 3115 ι
2379 3062 2506 3117 Ὅτε
2531 3056 2624 3115 οὖν
2653 3056 2947 3134 ἦλθεῦ⁶⁶εις
2973 3060 3072 3133 τὴν
3116 3060 3429 3128 Γαλιλαίαν,
3483 3060 3702 3125 ἐδέξαντο

2144 3152 2306 3207 αὐτὸν
2340 3155 2389 3207 οί
2433 3140 2939 3216 Γαλιλαῖοι,’πάντα
2969 3153 3273 3224 ἑωρακότες
3302 3153 3340 3208 ἃ
3371 3154 3621 3226 ἐποίησεν
3655 3154 3701 3206 ἐν

2155 3242 2544 3315 Ἱεροσολύμοις
2576 3246 2634 3298 ἑν
2665 3246 2732 3315 τῇ
2771 3244 2931 3315 ἑορτῇ
2953 3259 2966 3273 ο
3010 3244 3104 3296 καὶ
3130 3243 3287 3297 αὐτοὶ
3316 3242 3431 3316 γάρ
3459 3239 3617 3316 ἦλθον
3637 3243 3702 3306 εἰς
3770 3266 3771 3341 ‘

2139 3331 2238 3404 τὴν
2284 3334 2497 3405 ἑορτήν.
2520 3351 2538 3384 ι
2575 3331 2756 3399 ¹Ἄξιον
2788 3332 2915 3385 ἰδεῖν
2957 3332 3057 3404 τὴν
3087 3333 3266 3387 αἰτίαν
3297 3333 3400 3404 τῆς
3432 3333 3543 3388 τῶν
3571 3332 3703 3387 Γαλι-

2140 3423 2308 3477 λαίων
2355 3422 2694 3496 παραδοχῆς,
2733 3424 2801 3494 ἣν
2857 3423 3223 3493 παρεδέξαντο
3251 3425 3344 3479 τὸν
3393 3427 3620 3499 Σωτῆρα
3641 3425 3704 3478 ἐλι
3770 3422 3771 3485 ξ

2141 3514 2301 3569 θόντα
2333 3516 2413 3579 είς
2438 3514 2535 3586 τήν
2555 3514 2866 3579 Γαλιλαίαν,
2903 3517 2950 3569 εί
2979 3514 3281 3587 τηλικαύτη
3310 3516 3428 3589 (45)
3463 3514 3553 3590 ἦν,
3583 3517 3705 3572 ὥστε
3770 3504 3771 3551 Ῐ

2141 3605 2481 3677 κατάπληξιν
2522 3605 2707 3670 αὐτοῖς
2738 3606 3060 3677 ἐμποιῆσαι,
3097 3608 3191 3661 καὶ
3241 3606 3567 3681 θαυμασμὸν
3597 3610 3705 3680 περὶ

2139 3697 2235 3751 τοῦ
2264 3698 2537 3770 Σωτῆρος,
2574 3700 2653 3762 εἰς
2675 3698 2736 3751 τὸ
2766 3699 3170 3771 παραδέξασθαι
3199 3701 3362 3755 αὐτόν
3386 3719 3401 3733 ’
3431 3701 3592 3755 ἔτιδὲ
3629 3702 3707 3753 ἐπὶ

2140 3792 2263 3846 τίνα
2290 3792 2640 3864 ἀναφέρεται,
2688 3792 2850 3847 οίονεὶ
2896 3792 3069 3847 πολλὰ
3105 3793 3233 3847 ὄντα
3265 3792 3380 3863 (Η)
3404 3794 3443 3848 ἃ
3475 3794 3707 3866 ἐποίησεν

2142 3885 2198 3938 ἑν
2236 3884 2627 3957 Ἱεροσολύμοις
2673 3887 2702 3940 ό
2743 3883 2972 3957 Ἰησοῦς,
3023 3886 3115 3939 τόο
3168 3904 3186 3937 ι
3210 3886 3398 3940 Πάντα
3424 3887 3708 3961 ἑωρακότες

2140 3973 2239 4026 ὅσα
2276 3974 2528 4043 ἐποίησεν
2560 3975 2617 4027 ἐν
2660 3974 3071 4047 Ἱεροσολύμοις,
3120 3979 3179 4031 ἑν
3228 3979 3294 4047 τῇ
3340 3977 3571 4050 ἑορτῇ.ι
3621 3977 3709 4030 Οὗ-

2140 4064 2227 4117 δὲν
2254 4065 2309 4118 δὲ
2338 4064 2665 4136 εὑρίσκομεν
2711 4066 3110 4139 προειρημένον
3154 4068 3187 4139 ῆ
3215 4069 3295 4121 ὅτι
3328 4087 3348 4119 ι
3374 4062 3534 4142 εὗρεν
3562 4070 3619 4123 ἑν
3642 4067 3710 4140 τῷ

2143 4154 2273 4227 ῑερῷ
2300 4156 2424 4221 τοὺς
2464 4155 2779 4221 πωλοῦντας
2825 4156 2974 4228 βόας,
3020 4160 3115 4212 καὶ
3143 4158 3416 4230 πρόϐατα,
3444 4162 3541 4215 καὶ
3571 4177 3711 4232 περιρ

2143 4247 2340 4319 στερὰς
2371 4288 2385 4313 ,
2436 4248 2529 4301 καὶ
2576 4251 2702 4313 τοὺς
2753 4251 3160 4322 κερμαστιστάς
3205 4252 3554 4325 καθημένους
3581 4292 3596 4317 ,
3629 4251 3709 4306 καὶ

2141 4342 2374 4411 ποιήσας
2397 4341 2719 4411 φραγέλλιον
2757 4344 2821 4396 ἑκ
2856 4343 3104 4414 σχοινίων
3135 4346 3344 4409 πάντας
3371 4345 3627 4412 ἐξέϐαλεν
3654 4347 3707 4398 ἐκ

469 4436 862 4490 mensariorum
914 4452 988 4492 aes
1017 4435 1228 4501 effudit,
1284 4445 1339 4491 et
1385 4451 1605 4493 mensas
1651 4439 1936 4505 subvertit,
1983 4448 2039 4496 et

2148 4432 2235 4487 τοῦ
2261 4431 2429 4505 ίεροῦ,
2471 4433 2540 4487 τά
2582 4450 2643 4486 τε
2680 4434 2944 4507 πρόϐατα,
2987 4436 3081 4490 καὶ
3118 4438 3245 4502 τοὺς
3286 4436 3436 4507 βόας,
3483 4437 3577 4494 καὶ
3613 4436 3708 4491 τῶν

468 4525 751 4583 columbas
782 4525 1139 4580 vendentibus
1164 4525 1302 4581 dixit
1332 4542 1349 4581 :
1383 4523 1581 4582 Tollite
1615 4526 1718 4583 ista
1758 4527 1908 4595 hinc,
1934 4542 2034 4585 nec

470 4619 635 4674 facite
670 4618 888 4673 domum
943 4616 1122 4673 Patris
1173 4619 1301 4685 mei,
1349 4622 1567 4676 domum
1619 4632 1893 4676 mercatus
1914 4621 2027 4676 ⁸⁸.»

467 4712 607 4779 Quid
642 4725 774 4780 ergo
812 4709 865 4763 in
908 4708 993 4764 bis
1033 4709 1166 4763 tanti
1212 4720 1315 4775 est,
1347 4722 1406 4766 ut
1442 4710 1632 4765 borum
1680 4713 1854 4782 gratia
1902 4716 2033 4771 mori

468 4803 681 4859 ϐειιὶιωὶ
718 4801 1004 4858 Dominum
1045 4802 1379 4870 reciperent;
1410 4819 1569 4873 quos,
1609 4804 1734 4873 quia
1766 4806 1911 4862 hunc
1944 4823 2033 4863 re-

467 4896 696 4962 cipiant,
724 4900 957 4948 testatur
996 4892 1330 4961 evangelista
1361 4891 1751 4964 Jerosolymam
1783 4911 1909 4951 eum
1937 4913 2027 4954 ve-

2142 4528 2508 4583 κολλυϐιστῶν
2560 4527 2741 4599 ἐξέχεε
2772 4529 2839 4583 τά
2883 4530 3153 4603 κέρματα,
3202 4532 3295 4589 καὶ
3317 4532 3420 4597 τὰς
3444 4531 3709 4605 τραπέζας

2143 4620 2406 4693 ἀνέτρεψε
2433 4620 2567 4692 (45),
2599 4622 2693 4675 καὶ
2718 4625 2831 4685 τοῖς
2853 4621 2951 4686 τὰς
2992 4625 3316 4696 περιστερὰς
3345 4624 3618 4678 πωλοῦσιν
3639 4617 3708 4675 εἶ-

2144 4730 2243 4766 πεν
2266 4729 2279 4743 ε
2314 4713 2515 4783 Ἀρατε
2566 4710 2739 4765 ταῦτα
2772 4711 3038 4777 ἐντεῦθεν,
3096 4714 3170 4785 μὴ
3212 4715 3415 4767 ποιεῖτε
3448 4714 3542 4768 τὸν
3577 4708 3711 4766 οἷκον

2143 4803 2236 4859 τοῦ
2267 4803 2479 4874 Πατρός
2535 4820 2635 4873 μου
2665 4800 2811 4857 οἷκον
2848 4803 3131 4876 ἐμπορίου.
3159 4824 3179 4856 ι
3222 4806 3288 4858 Τί
3334 4801 3429 4859 οὖν
3473 4802 3711 4878 τηλικοῦ-

2142 4896 2234 4949 τόν
2268 4896 2416 4949 ἐστιν
2463 4896 2522 4947 ἑν
2554 4893 2764 4958 τούτοις
2799 4895 2932 4968 (46),
2981 4894 3122 4950 ὥστε
3157 4895 3481 4967 κινηθέντας
3514 4897 3602 4949 ἐπ’
3625 4894 3712 4948 αύ-

467 4986 678 5041 nissent
722 4986 788 5040 ad
838 4984 980 5039 diem
1033 4981 1256 5048 festum,
1297 4983 1496 5038 vidisse
1543 4986 1725 5040 omnia
1763 5004 1887 5055 qua:
1924 4990 2034 5046 illic

2148 4990 2250 5051 τοῖς
2281 4988 2406 5051 τοὺς
2432 4985 2747 5049 Γαλιλαίους
2766 4986 3019 5050 δέξασθαι
3044 4988 3135 5041 τὸν
3160 4987 3383 5060 Κύριον,
3419 5002 3713 5061 μαρτυρου-

467 5072 631 5129 Jesus
662 5072 901 5129 fecerat?
941 5074 1022 5129 Ad
1069 5075 1212 5143 quod
1252 5074 1683 5142 respondendum
1708 5085 1813 5141 est,
1842 5078 1887 5131 si
1922 5094 2037 5135 me-

469 5178 651 5217 mores
681 5177 867 5218 sumus
895 5177 1083 5218 eorum
1112 5178 1236 5233 quae
1282 5161 1517 5216 diximus
1556 5161 1612 5216 in
1663 5178 1790 5217 eum
1831 5165 2034 5234 locum,

470 5267 588 5320 quae
623 5252 975 5306 declarabant
1022 5266 1129 5306 non
1160 5252 1425 5306 minorem
1457 5254 1754 5321 potentiam
1779 5256 2036 5313 Servato-

540 5348 581 5378 ⁵³
620 5345 805 5399 Matth.
846 5361 964 5409 ιιιιι,
1010 5344 1208 5414 35,56.

470 5417 514 5449 ⁸⁸
544 5414 701 5469 Joan.
731 5430 794 5480 ιι,
829 5414 896 5468 Ν
928 5429 1050 5485 seq.

542 5505 1054 5579 (inﬁmatis-dc
1094 5508 1314 5563 αὐτῶν.
1348 5505 1476 5562 Haec
1534 5506 1922 5566 desiderantur
1977 5514 2031 5569 in

471 5574 662 5631 codice
694 5574 1006 5630 Bodleiano.

677 5646 857 5721 Clyde;
883 5644 1224 5721 Bodleianns,
1254 5649 1505 5721 ἀχθῆναι.

460 5716 657 5835 malli?)
702 5715 872 5772 Codd.
931 5717 1129 5788 lit-gius
1177 5728 1231 5771 et
1284 5715 1629 5787 Bar'lierinus,
1683 5719 2034 5794 τηλικαύτην,

2142 5078 2333 5149 μένους
2361 5077 2449 5132 διὰ
2480 5077 2541 5130 τὸ
2568 5077 2728 5130 αὐτὸν
2756 5077 3027 5148 δέχεσθαι,
3054 5081 3195 5144 ἐπεὶ,
3230 5078 3478 5143 ἐλθόντες
3518 5081 3599 5143 είς
3624 5078 3712 5147 τὴν

2139 5171 2331 5242 ἑορτὴν
2361 5172 2418 5224 ἐν
2463 5169 2873 5240 Ἰεροσολύμοις,
2925 5170 3104 5224 πάντα
3130 5171 3438 5244 ἑωράκασιν
3469 5170 3508 5225 ἃ
3538 5169 3709 5238 ἐιιτοίη⁴

2141 5277 2232 5314 σεν
2258 5261 2374 5312 ἐκεῖ
2414 5260 2444 5312 ό
2480 5257 2727 5329 Ἰησοῦς;
2777 5260 2841 5312 El
2889 5258 3215 5331 μεμνήμεθα
3262 5259 3369 5313 τῶν
3415 5259 3714 5331 είρημένων

1309 5342 1563 5409 “’ﬂattb.
1616 5361 1770 5415 nul.
1807 5350 1910 5417 29;
1957 5352 2035 5410 Lu

2148 5373 2207 5423 ιι,
2232 5355 2322 5419 47,
2354 5354 2446 5411 48.
2541 5353 2587 5385 ⁸³
2625 5352 2817 5407 Matth.
2858 5368 3016 5421 mn,
3058 5350 3148 5407 29.
3242 5353 3289 5385 ⁸⁸
3318 5351 3478 5409 Joau.
3510 5367 3591 5420 Iv,
3625 5349 3708 5404 45.

2212 5510 2326 5581 (44)
2360 5508 2570 5581 Πολλὰ
2603 5508 2769 5563 ὄντα.
2808 5508 2889 5563 lta
2925 5508 3098 5565 codex
3128 5508 3490 5576 Bodleianns;
3525 5509 3581 5567 in
3611 5509 3709 5565 Re-

2140 5582 2227 5652 sio
2247 5581 2406 5652 deest
2436 5580 2582 5652 ὄντας

2208 5649 2323 5788 2a

2210 5649 2323 5788 (£5;
2347 5650 2517 5703 Codd.
2560 5648 2759 5719 Regius
2787 5657 2843 5704 et
2875 5647 3228 5710 Barberinus.
3259 5648 3587 5721 ἀνέστρεψα.

2210 5720 2299 5791 (46
2341 5719 2521 5774 Codex
2554 5718 2907 5785 Bodleianus,
2929 5720 2986 5772 ἑν
3015 5720 3127 5781 τοῖς
3159 5719 3437 5786 τοιούτοις.

2341 5719 2521 5774 Codex
2554 5718 2907 5785 Bodleianus,
2929 5720 2986 5772 ἑν
3015 5720 3127 5781 τοῖς
3159 5718 3437 5786 τοιούτοις.
