3806 6530
79 437 171 493 ωε

1121 433 1476 494 COMMENT.
1518 432 1583 489 lN
1620 430 1813 491 JOAN.
1850 428 2091 489 TOMUS
2121 427 2261 485 XIII.

79 555 145 618 εἰς
168 553 259 606 τὸν
305 554 476 610 πότων
506 554 932 613 ἀποδεικνύντων
980 555 1081 609 οὐκ
1128 555 1384 612 ἐλάττονα
1414 552 1642 624 δύναμιν

1750 553 1823 608 ris
1848 548 2174 621 apparuisse
2205 546 2259 603 in
2285 543 2568 618 ejiciendis
2601 542 2729 609 illis,
2755 555 2921 612 quam
2960 556 3080 599 cum
3107 556 3306 612 opera-

78 644 424 713 ἐμφαίνεσθαι
446 646 541 700 τοῦ
561 648 808 720 Σωτῆρος
843 651 902 702 ἐν
926 650 1152 715 ἐκείνοις
1177 648 1327 721 παρὰ
1356 647 1455 719 τὴν
1492 648 1642 719 ἐνερ-

78 735 309 803 γησασαν
368 737 449 800 είς
477 736 713 806 τυφλοὺς
743 736 1060 808 ἀναϐλέψαι,
1105 738 1199 792 καὶ
1240 739 1456 806 κωφοὺς
1489 735 1643 791 ἀκοῦ-

80 841 176 887 σαι,
217 825 317 879 καὶ
369 826 580 897 χωλοὺς
610 829 1005 900 περιπατῆσαι,
1033 829 1272 896 λεκτέον,
1306 829 1388 882 ὅτι
1434 830 1641 900 μήποτε

78 915 196 984 ὅπερ
224 914 584 988 λογισάμενοι
612 920 961 991 ἐννοήσαντες
1004 922 1054 974 οἱ
1087 919 1377 983 Γαλιλαῖοι,
1421 920 1514 973 καὶ
1545 936 1645 972 κα-

77 1003 441 1072 ταπλαγέντες
466 1008 565 1080 τὴν
591 1008 838 1062 θειότητα
874 1008 968 1064 τοῦ
1009 1008 1203 1080 Ἰησοῦ,
1237 1008 1456 1063 ἐλθόντα
1484 1008 1643 1062 αὑτὸν

78 1097 145 1158 είς
164 1096 259 1167 τὴν
314 1096 613 1152 Γαλιλαίαν
660 1099 931 1168 ἐδέξαντο,
983 1101 1159 1155 πάντα
1206 1098 1513 1171 ἑωρακότες
1543 1099 1645 1152 ὅσα

78 1188 319 1259 ἐποίησεν
376 1192 437 1243 ἐν
467 1192 580 1255 τοῖς
618 1191 1024 1264 Ἰεροσολύμοις.
1065 1192 1147 1246 Τὰ
1183 1192 1240 1246 δὲ
1269 1191 1446 1246 πάντα
1472 1189 1645 1245 ταῦτα

75 1277 153 1351 ἦν,
194 1280 272 1351 τῷ
300 1283 374 1335 ἐκ
404 1280 651 1352 σχοινίων
698 1282 1007 1353 φραγελλίῳ
1051 1280 1411 1351 ἐκϐεϐλῆσθαι
1460 1281 1524 1334 ἐκ
1550 1279 1644 1333 τοῦ

80 1371 207 1444 ἱεροῦ
230 1372 304 1426 τά
335 1388 403 1425 τε
435 1371 701 1444 πρόϐατα,
729 1374 855 1437 τοὺς
885 1372 1032 1443 βόας,
1060 1374 1154 1427 καὶ
1183 1372 1290 1426 τῶν
1314 1371 1425 1444 (47)
1457 1370 1647 1424 κολλυ-

81 1463 265 1516 ϐιστῶν
310 1463 643 1535 ἐκκεχύσθαι
687 1464 756 1517 τὰ
799 1464 1070 1536 κέρματα,
1114 1463 1338 1529 καὶτὰς
1367 1463 1647 1534 τραπέζας

80 1554 497 1627 ἀνατετράφθαι.
549 1556 682 1609 Μετ’
726 1555 972 1621 ἐξουσίας
1017 1556 1074 1608 δὲ
1121 1554 1370 1627 εἰρῆσθαι
1415 1556 1526 1618 τοῖς
1551 1554 1648 1618 τὰς

80 1645 402 1715 περιστερὰς
445 1643 714 1700 πωλοῦσιν
734 1661 748 1675 ⁸
771 1646 1015 1718 «Ἄρατε
1065 1646 1237 1702 ταῦτα
1267 1644 1536 1711 ἐντεῦθεν,
1573 1643 1647 1717 μὴ

82 1737 263 1787 ποιεῖτε
295 1735 395 1789 τὸν
422 1731 572 1788 οἷκον
613 1734 705 1789 τοῦ
744 1736 956 1808 Πατρός
992 1754 1093 1809 μου
1141 1732 1289 1791 οἷκον
1317 1736 1601 1808 ἐμπορίου.
1623 1752 1643 1786 ι

80 1821 231 1894 Οἶμαι
270 1825 333 1878 δὲ
371 1825 507 1894 μηδὲ
548 1825 719 1881 ταῦτα
752 1827 890 1899 μόνα
915 1827 1076 1881 αὑτὸν
1121 1826 1475 1898 πεποιηκέναι
1503 1824 1645 1891 τότε,

81 1892 202 1967 ἀλλὰ
233 1916 329 1969 καὶ
538 1892 764 1988 σημεῖαί
783 1917 1099 1989 ἐπιφέρεται
1128 1916 1236 1988 γὰρ
1264 1892 1471 1979 τούτοις
1496 1914 1605 1985 (48)
1629 1932 1643 1946 ·
1680 1892 1720 1947 Β

84 2025 99 2055 ι
118 2007 198 2068 Ὠς
225 2006 280 2060 δὲ
305 2003 382 2078 ἦν
415 2009 474 2061 ἐν
503 2010 615 2071 τοῖς
661 2008 919 2081 Ἱεροσολύ
929 2026 1050 2079 μοις
1073 2011 1129 2062 ἐν
1157 2007 1234 2079 τῷ
1258 2008 1470 2077 Πάσχα,
1500 2008 1557 2062 ἐν
1580 2008 1646 2079 τῇ

82 2100 225 2169 ἑορτῇ
272 2099 469 2153 πολλοὶ
520 2100 843 2154 ἐπίστευσαν
888 2102 967 2163 εἰς
993 2100 1052 2153 τὸ
1084 2100 1253 2170 ὄνομα
1298 2096 1485 2163 αὐτοῦ,
1517 2097 1673 2151 θεωέ

83 2190 288 2258 ροῦντες
324 2191 499 2246 αὑτοῦ
528 2192 595 2246 τά
626 2195 824 2264 σημεῖα
857 2191 893 2246 ἃ
923 2191 1177 2262 ἐποίησεν
1200 2207 1214 2221 ο
1264 2210 1284 2244 ι
1338 2192 1423 2259 ἐφ’
1449 2185 1530 2252 οἷς
1555 2188 1650 2241 καὶ

84 2282 435 2354 ὀΝικόδημός
484 2300 645 2354 φηςιν
705 2303 723 2334 ι
748 2282 953 2347 Ῥαϐϐὶ,
1005 2282 1224 2353 οἴδαμεν
1253 2282 1336 2336 ὅτι
1381 2280 1489 2335 ἀπὸ
1515 2278 1648 2333 Θεοῦ

81 2372 333 2443 ἐλήλυθας
365 2374 713 2438 διδάσκαλος
760 2375 931 2439 οὐδεὶς
974 2374 1083 2445 γὰρ
1102 2374 1323 2428 δύναται
1349 2373 1417 2428 τά
1451 2375 1649 2445 σημεῖα

80 2461 235 2516 ταῦτα
277 2467 459 2517 ποιεῖν
507 2464 544 2519 ἃ
576 2466 639 2518 σὺ
685 2468 876 2529 ποιεῖς,
909 2463 974 2518 ἂν
1019 2463 1093 2535 μὴ
1186 2466 1215 2518 ὁ
1238 2463 1371 2527 Θεὸς
1404 2465 1520 2534 μετ’
1553 2464 1650 2517 αὑ-

78 2553 178 2606 τοῦ.
207 2572 227 2605 ι
255 2554 415 2626 Πλὴν
444 2554 620 2619 ἔξεστι
663 2555 938 2609 Γαλιλαῖον
970 2556 1098 2609 ὄντα
1145 2553 1420 2627 ἑορτάζειν
1451 2557 1509 2608 ἐν
1553 2555 1651 2610 ἰε-

85 2645 398 2716 ροσολύμοις
446 2646 747 2716 γινόμενον,
793 2648 926 2701 ὅπου
973 2650 1003 2702 ό
1054 2646 1179 2710 ναὸς
1210 2644 1304 2699 τοῦ
1349 2644 1505 2710 Θεοῦ,
1556 2646 1650 2699 καὶ

80 2734 291 2806 θεωρεῖν
328 2735 510 2788 πάντα
537 2737 637 2789 ὅσα
680 2737 847 2789 ἐποίει
880 2737 996 2789 ἐκεῖ
1041 2737 1070 2788 ὁ
1109 2736 1332 2807 Ἰησοῦς,
1367 2735 1460 2790 καὶ
1494 2735 1651 2807 μάλι-

82 2841 169 2877 στα
190 2826 314 2879 τίνα
348 2827 552 2897 τρόπον
579 2827 826 2882 ἐκϐάλλοι
852 2826 930 2898 τῷ
971 2827 1034 2879 ἐκ
1061 2828 1308 2899 σχοινίων
1340 2827 1650 2899 φραγελλίῳ

81 2916 158 2967 ὑπ’
185 2916 355 2970 αὐτοῦ
389 2918 738 2989 πεποιημένῳ
764 2920 971 2983 πάντας
1003 2921 1127 2983 τοὺς
1158 2918 1471 2982 πωλοῦντας
1500 2917 1647 2989 βόας,

81 3006 163 3057 καὶ
194 3006 449 3077 πρόϐατα
477 3006 611 3077 (49),
646 3009 743 3063 καὶ
789 3007 1136 3080 περιστερὰς,
1184 3006 1254 3061 τά
1283 3024 1344 3061 τε
1375 3005 1646 3079 πρόϐατα,

82 3098 164 3148 καὶ
188 3099 318 3161 τοὺς
371 3097 523 3167 βόας,
558 3099 652 3151 καὶ
695 3098 765 3152 τὰ
812 3098 993 3153 λοιπά.
1041 3096 1207 3170 Ἀρχὴ
1248 3097 1359 3171 γάρ
1393 3099 1450 3151 ἐν
1485 3098 1649 3170 Ἰερο-

83 3190 324 3260 meum;
354 3191 518 3260 ἑορτὴ
547 3193 661 3254 τοῖς
687 3190 987 3255 Γαλιλαίοις
1014 3191 1129 3245 ἐστὶ
1154 3188 1247 3244 τοῦ
1280 3191 1374 3245 καὶ
1397 3190 1648 3259 δέξασθαι
1674 3217 1719 3276 C

82 3280 158 3333 τὸν
181 3282 312 3334 Υἱὺν
339 3280 438 3336 τοῦ
471 3280 604 3335 Θεοῦ
636 3281 857 3336 ἐλθόντα
889 3282 1023 3354 πρὸς
1049 3281 1274 3345 αὐτούς
1308 3282 1383 3355 μὴ
1414 3283 1521 3355 γάρ
1548 3284 1651 3338 ἐω-

85 3373 299 3441 ρακότες
339 3373 413 3427 τά
445 3376 503 3427 ἐν
530 3377 597 3445 τῇ
627 3376 811 3445 ἑορτῇ,
860 3375 960 3430 οὐκ
988 3374 1054 3430 ἂν
1097 3374 1346 3439 ἐδέξαντο
1388 3375 1550 3431 αὐτόν
1569 3394 1583 3407 ο
1614 3376 1650 3448 ἢ

81 3464 187 3516 οὐδὲ
237 3464 404 3527 αὐτὸς
466 3463 541 3535 μὴ
600 3465 1109 3536 προευτρεπισθεῖσι
1160 3464 1297 3538 πρὸς
1346 3465 1409 3520 τὸ
1463 3465 1648 3521 λαϐεῖν

81 3555 249 3619 αὖτὸν,
313 3554 495 3617 οὕτως
554 3554 621 3610 ἂν
673 3555 974 3619 σπουδαίως
1028 3555 1360 3629 ἐπεδήμησε,
1425 3557 1649 3610 καταλι-

81 3643 187 3697 πὼν
228 3646 362 3710 τοὺς
404 3647 784 3717 ἐρωτήσαντας
833 3647 994 3701 αὑτὸν
1047 3650 1225 3718 μεῖναι
1273 3651 1401 3722 παρ’
1442 3650 1645 3714 αὐτοῖς.

82 3736 136 3786 0i
169 3735 424 3805 μέντοιγε
449 3736 731 3808 δεξάμενοι
768 3738 858 3791 τὸν
912 3738 1118 3810 Ἰησοῦν
1160 3739 1408 3804 ἐδέξαντο
1439 3743 1531 3794 καί
1559 3742 1650 3795 τὸν

83 3828 466 3884 ἀποστείλαντα
494 3830 681 3883 αὐτόν’
712 3831 847 3902 φησι
872 3832 1017 3904 γάρ·
1058 3849 1078 3883 ι
1134 3833 1192 3887 Ὀ
1232 3832 1333 3904 ἐμὲ
1362 3833 1651 3904 δεχόμενος

82 3918 282 3988 δέχεται
310 3920 409 3973 τὸν
435 3921 829 3977 ἀποστείλαντά
851 3939 942 3992 με.
977 3942 998 3976 ι
1025 3923 1246 3994 Πρῶτον
1268 3918 1361 3979 οῦν
1392 3925 1521 3980 ίδεϊν
1548 3924 1648 3992 δεῖ,

83 4010 319 4062 τουτέστι
352 4010 595 4064 συνιέναι
618 4011 687 4065 τά
717 4013 773 4065 ἐν
822 4012 1213 4084 Ἰεροσολύμοις
1241 4012 1377 4085 ἔργα
1408 4013 1503 4067 τοῦ
1545 4014 1649 4086 Ἰη-

85 4099 167 4153 ea]
200 4102 401 4166 πάντα,
440 4102 563 4155 τίνα
608 4104 808 4174 τρόπον
852 4103 1101 4175 καθαίρει
1138 4104 1199 4158 τὸ
1240 4104 1403 4175 ἱερὸν,
1440 4105 1652 4160 ἀποκα-

85 4192 259 4255 θιστὰς
303 4193 440 4246 αὐτὸ
472 4195 551 4257 εἰς
579 4194 638 4247 τό
662 4193 774 4264 (50)
799 4190 938 4250 εἶναι
967 4191 1112 4249 οἷκον
1140 4194 1236 4249 τοῦ
1280 4194 1515 4269 Πατρός,
1559 4197 1653 4251 καὶ

87 4282 272 4353 μηκέτι
303 4279 452 4336 οἷκον
480 4284 766 4355 ἐμπορίου,
797 4284 884 4338 ῖνα
910 4285 1050 4356 μετὰ
1070 4284 1129 4339 τό
1153 4284 1424 4356 θεωρῆσαι
1455 4285 1650 4352 ταῦτα,

84 4373 165 4426 τὸν
206 4375 584 4446 ὲνεργήσαντα
622 4375 792 4429 ταῦτα
841 4377 1013 4444 Λόγον
1054 4374 1356 4446 δεξώμεθα.
1400 4373 1566 4446 Οἶμαι
1607 4375 1651 4429 δ’

84 4464 174 4527 ὅτι,
212 4466 290 4537 μὴ
322 4466 499 4520 πάντα
537 4466 607 4521 τὰ
649 4469 706 4521 ἐν
756 4467 1145 4538 Ἱεροσολύμοις
1201 4466 1484 4539 θεωρήσας
1516 4467 1653 4540 ἔργα

1744 646 1904 699 batur
1938 653 1997 696 ut
2039 641 2167 697 caeci
2211 640 2385 694 visum
2445 637 2769 703 reciperem,
2830 634 2979 691 surdi
3029 634 3306 701 audirent,

1741 735 1921 793 claudi
1956 733 2300 787 ambularent
2323 730 2389 796 “,
2412 728 2662 783 Galilteos
2701 726 2951 789 fortasse,
2984 739 3105 780 cum
3135 725 3307 779 vidis-

1743 839 1868 905 sent
1898 828 2041 898 quod
2072 840 2349 896 nunquam
2382 823 2484 878 rati
2515 822 2768 889 fuissent,
2799 819 3083 890 perculsos
3110 817 3307 873 divini-

1744 928 1860 975 tate
1892 917 2047 985 Jesu,
2084 917 2257 988 ipsum
2301 915 2356 969 in
2402 913 2684 971 Galilaeam
2726 914 3107 967 adventantem
3152 923 3310 964 exce-

1742 1013 1908 1083 pisse,
1933 1010 2188 1065 nimirum
2222 1022 2346 1063 cum
2392 1006 2571 1061 omnia
2600 1005 2859 1060 vidissent
2882 1018 3002 1073 quae
3030 1000 3307 1071 Jerosoly-
3370 1001 3383 1044 1

1745 1104 1848 1159 mis
1874 1102 2111 1158 fecisset.
2156 1100 2288 1166 Quae
2322 1114 2451 1154 sane
2484 1097 2667 1154 omnia
2721 1096 2839 1151 haec
2869 1095 3057 1161 fuere;
3090 1108 3223 1150 oves
3257 1102 3313 1148 et
3380 1090 3388 1159 ζ

1743 1195 1932 1261 boves,
1968 1191 2176 1264 ﬂagello
2223 1206 2254 1245 e
2285 1189 2544 1244 funiculis
2576 1188 2741 1251 facto.
2790 1200 2822 1241 e
2864 1185 3065 1256 templo
3106 1184 3311 1255 eiectos
3384 1165 3390 1171 ’

1744 1285 1941 1348 fuisse,
2000 1297 2218 1352 aeraque
2256 1279 2689 1351 argentariorum
2736 1276 2930 1342 eﬂ‘usa,
2989 1289 3313 1345 mensasque

1747 1378 2041 1434 subversas
2071 1390 2088 1427 :
2117 1374 2432 1442 dictmnque
2474 1384 2596 1425 cum
2645 1376 2911 1440 potestate
2953 1365 3121 1421 fuisse
3168 1380 3308 1421 ven-

1746 1470 2002 1527 dentibus
2049 1465 2366 1522 columbas:
2404 1483 2423 1515 ι
2455 1462 2645 1517 Tollite
2675 1462 2775 1514 ista
2811 1460 2963 1524 hinc,
3003 1472 3105 1512 nec
3146 1455 3313 1511 facite

1747 1563 1966 1617 domum
2017 1557 2196 1611 Patris
2244 1555 2371 1621 mei,
2416 1553 2635 1607 domum
2682 1559 2991 1605 ‘mercatus.
3025 1566 3045 1605 ι
3107 1547 3313 1616 Opinor

1745 1668 1876 1710 vero
1901 1667 2006 1707 non
2047 1650 2234 1706 istltaac
2270 1656 2476 1702 tantum
2506 1655 2633 1699 tunc
2655 1643 2723 1697 ab
2748 1643 2865 1713 ipso
2893 1642 3058 1709 facta,
3084 1642 3177 1696 sed
3205 1638 3311 1694 alia

1744 1744 1912 1803 etiam
1944 1743 2118 1808 signa,
2146 1755 2210 1794 eo
2251 1739 2391 1808 quod
2431 1736 2517 1791 bis
2572 1735 2840 1789 inferatur
2869 1748 2883 1784 :
2920 1751 2941 1784 ι
2965 1731 3100 1787 Cum
3128 1738 3309 1784 autem

1747 1844 1894 1890 esset
1922 1830 2273 1903 Jerosolymis
2299 1832 2351 1884 in
2374 1830 2601 1893 Pascha,
2626 1826 2681 1880 in
2713 1825 2800 1878 die
2827 1825 2985 1885 festo.
3015 1821 3168 1877 multi
3193 1835 3314 1875 cre-

1730 1926 2003 2004 diderunt
2034 1923 2088 1977 in
2139 1922 2356 1976 nomine
2403 1920 2594 1989 ipsius,
2646 1918 2897 1971 videntes
2931 1914 3101 1983 ipsius
3149 1913 3307 1982 signa

1749 2031 1869 2087 quae
1925 2014 2147 2069 fecisset
2174 2014 2256 2077 ⁶⁷;
2292 2031 2310 2063 ι
2349 2021 2572 2080 propter
2617 2023 2739 2080 qua
2781 2007 2944 2062 etiam
2988 2004 3315 2059 Nicodemtts

1750 2107 1971 2175 inquit:
2001 2124 2019 2158 ι
2052 2104 2332 2174 Magister,
2369 2103 2574 2156 scimus
2629 2109 2681 2155 te
2721 2115 2750 2153 a
2784 2100 2891 2154 Deo
2940 2098 3155 2152 venisse
3195 2108 3315 2149 ma-

1749 2195 1983 2263 gistrum
2017 2212 2031 2248 :
2059 2208 2218 2248 nemo
2247 2194 2392 2247 enim
2424 2202 2597 2261 potest
2624 2191 2741 2246 haec
2790 2190 2943 2259 signa
2977 2189 3162 2243 facere
3194 2199 3316 2255 qnze

1751 2297 1806 2340 tu
1836 2286 1991 2350 facis,
2033 2285 2135 2339 nisi
2163 2284 2326 2339 fuerit
2353 2283 2493 2338 Deus
2527 2297 2649 2337 cum
2682 2297 2747 2336 eo
2774 2282 2839 2333 ⁸⁸.
2867 2300 2886 2332 ι
2929 2278 3313 2333 Verumtamen

1751 2376 1946 2432 licebat
1980 2376 2053 2441 ei,
2087 2375 2178 2445 qui
2225 2374 2481 2431 Galilaeus
2533 2381 2670 2437 erat,
2711 2372 2857 2425 diem
2889 2368 3082 2423 festum
3131 2380 3310 2436 agerc,

1751 2482 1873 2522 cum
1900 2466 2091 2521 fuisset
2139 2463 2511 2537 Jerosolymis,
2539 2463 2626 2517 ubi
2675 2460 2935 2528 templum
2967 2466 3086 2512 erat
3111 2456 3228 2518 Dei,
3262 2462 3317 2507 et

1748 2557 1936 2610 videre
1961 2556 2141 2610 omnia
2175 2569 2294 2624 quae
2341 2554 2453 2608 illic
2502 2551 2691 2607 fecerit
2717 2551 2877 2606 Jesus
2910 2567 2924 2602 :
2954 2563 3016 2602 ac
3050 2545 3318 2617 praecipue

1751 2656 1985 2710 quonam
2017 2650 2177 2713 pacto
2199 2641 2409 2713 flagello
2434 2655 2465 2697 e
2501 2639 2758 2695 funiculis
2783 2654 2812 2692 a
2848 2652 2905 2693 se
2935 2637 3098 2701 facto,
3123 2646 3317 2687 omnes

1749 2733 1933 2805 ejiciat
1956 2733 2047 2802 qui
2080 2733 2268 2798 boves,
2286 2747 2415 2788 oves
2443 2741 2497 2786 et
2527 2731 2808 2787 columbas
2835 2730 3110 2792 vendant;
3144 2724 3320 2793 ipsas‘

1748 2839 1855 2895 que
1894 2840 2045 2889 oves,
2096 2834 2152 2878 et
2202 2825 2388 2885 boves.
2443 2834 2498 2879 et
2548 2831 2764 2877 caetera.
2814 2818 3109 2875 Festivitas
3165 2817 3314 2870 enim

1751 2929 1870 2995 quae
1912 2912 2263 2982 Jerosolymis
2313 2913 2600 2982 agebatur,
2653 2907 2866 2963 initium
2929 2903 3166 2962 Galliais
3215 2900 3318 2954 fuit

1750 2993 1815 3060 ad
1864 3004 2245 3076 excipiendum
2296 3001 2494 3057 Filium
2531 3000 2624 3056 Dei
2657 2998 2963 3054 venientem
3011 2996 3080 3049 ad
3128 2993 3306 3062 ipsos;

1748 3097 2014 3167 alioquin,
2055 3095 2159 3151 nisi
2203 3095 2465 3150 vidissent
2518 3107 2641 3164 qua:
2693 3088 2906 3144 fecisset
2934 3087 2988 3142 in
3017 3085 3107 3141 die
3152 3083 3316 3145 festo.

1750 3204 1858 3243 non
1917 3185 2190 3258 recepturi
2246 3191 2403 3240 erant
2452 3183 2669 3252 ipsum;
2700 3179 2796 3235 sed
2852 3192 2920 3234 ne
2952 3177 3069 3247 ipse
3098 3172 3316 3243 quidem

1754 3283 1892 3339 adeo
1920 3283 2160 3337 studiose
2192 3280 2258 3334 ad
2286 3294 2379 3336 eos
2411 3276 2752 3341 accessisset.
2774 3272 2878 3327 nisi
2910 3278 3068 3325 antea
3102 3281 3316 3339 ρεξορδι-

1750 3374 1852 3430 rati
1886 3374 2111 3429 fuissent
2139 3372 2206 3426 ad
2231 3385 2353 3427 eum
2379 3370 2520 3425 bono
2552 3367 2732 3421 anitno
2759 3362 3155 3433 excipiendum,
3187 3371 3310 3412 cum

1751 3454 2084 3534 relinqueret
2138 3477 2231 3517 eos
2283 3473 2448 3528 penes
2518 3470 2654 3526 quos
2723 3454 3014 3524 rogabatur
3067 3461 3306 3504 manere.

1750 3557 1909 3627 271
1942 3554 2204 3624 Equidem
2237 3553 2328 3622 qui
2355 3549 2539 3606 Jesum
2566 3545 2901 3615 exceperint,
2953 3541 3111 3597 iidem
3145 3539 3310 3594 etiam

1752 3647 2061 3716 receperint
2088 3660 2211 3698 eum
2259 3644 2347 3711 qui
2396 3642 2570 3711 ipsum
2615 3638 2795 3703 misit;
2830 3635 3005 3705 inquit
3039 3632 3183 3688 enim
3211 3630 3257 3665 “l
3292 3646 3307 3683 :

1755 3761 1774 3794 ι
1803 3741 1903 3808 Qui
1937 3756 2024 3794 me
2055 3737 2266 3806 recipit,
2302 3734 2496 3804 recipit
2529 3747 2651 3788 eum
2681 3730 2772 3800 qui
2803 3742 2889 3782 me
2906 3726 3068 3781 misit.
3109 3743 3128 3776 ι
3152 3722 3315 3779 Prin-

1751 3832 1894 3902 cipio
1932 3831 2095 3902 igitur
2148 3827 2437 3883 videndum
2482 3831 2584 3887 est,
2620 3822 2725 3877 hoc
2771 3829 2855 3874 est
2906 3816 3316 3886 intelligendum

1750 3937 1912 3994 opera
1947 3922 2126 3975 omnia
2156 3934 2275 3989 qua:
2316 3912 2670 3984 Jerosolymis
2708 3908 2899 3964 fecerit
2929 3905 3089 3961 Iesus
3111 3943 3127 3969 ,
3174 3916 3315 3971 quo-

1751 4031 1874 4070 nam
1916 4022 2072 4084 pacto
2100 4018 2363 4080 expurgat
2398 4006 2675 4073 templum,
2720 4002 2852 4057 illud
2895 3999 3211 4060 restituens,
3257 4001 3315 4047 ut

1751 4108 1823 4162 sit
1852 4107 2044 4161 domus
2073 4102 2271 4166 Patris,
2303 4114 2401 4155 nec
2436 4095 2666 4168 amplius
2692 4095 2891 4148 domus
2918 4096 3223 4151 mercatus;
3258 4091 3316 4139 ut

1751 4211 2035 4270 postquam
2076 4198 2193 4251 haec
2225 4191 2790 4257 consideraverimus,
2845 4189 3188 4248 Sermonem,
3224 4179 3316 4252 qui

1753 4291 1869 4346 haec.
1897 4299 2154 4359 operatus
2180 4288 2271 4354 sit,
2315 4285 2666 4354 recipiamus.
2698 4280 2964 4336 Futurum
3004 4286 3186 4331 autem
3236 4288 3318 4327 ar-

1752 4380 1947 4444 bitror,
1978 4388 2035 4432 ut
2069 4378 2161 4448 qui
2195 4392 2300 4432 non
2322 4376 2521 4431 viderit
2549 4388 2712 4444 opera
2744 4370 2929 4427 omnia
2959 4383 3078 4439 qua:
3099 4364 3319 4422 πει-οεο-

1754 4473 1916 4546 lymis
1959 4481 2215 4542 operatus
2249 4471 2321 4525 sit
2348 4468 2530 4533 Jesus,
2580 4483 2687 4522 non
2729 4464 2990 4532 suscipiat
3038 4476 3187 4525 cum,
3236 4456 3320 4511 vel

84 4554 168 4606 τοῦ
205 4556 406 4626 Ἰησοῦ,
436 4557 499 4610 οὐ
530 4557 739 4623 δέξεται
771 4557 862 4610 τόν
905 4556 1132 4627 Ἰησοῦν,
1160 4556 1194 4629 ἢ
1224 4557 1344 4610 οὐδὲ
1374 4557 1646 4629 ἐπιδημή-

1758 4579 1931 4635 neque
1959 4563 2184 4618 accedat
2215 4560 2394 4627 Jesus,
2423 4574 2490 4615 eo
2523 4558 2781 4622 adventu,
2814 4555 2970 4624 cujus
3020 4553 3109 4608 hic
3139 4559 3225 4607 est
3261 4547 3321 4602 fi-

86 4660 157 4696 σει
180 4646 303 4716 τὴν,
333 4641 399 4718 ἧς
423 4647 690 4717 σύμϐολον
717 4647 1030 4718 ἐπιδημίας,
1069 4646 1361 4719 ἐπιδημίαν
1386 4647 1496 4719 (51)
1521 4646 1652 4701 ταύ-

81 4752 172 4805 την
194 4740 312 4800 τοῖς
338 4738 411 4809 μὴ
439 4739 705 4810 πρότερον
749 4738 1143 4808 ἀναϐεϐηκόσιν
1185 4740 1265 4803 εἰς
1290 4738 1388 4811 τὴν
1435 4739 1648 4811 ἑορτὴν,

85 4827 168 4878 καὶ
191 4827 269 4899 μὴ
290 4829 471 4881 πάντα
495 4828 847 4900 τεθεαμένοις
878 4830 977 4883 ὅσα
1004 4828 1178 4883 ἐποίει
1210 4831 1267 4883 ἐν
1289 4831 1401 4895 τοῖς
1430 4830 1652 4902 Ἰεροσο-

82 4917 284 4989 λὺμοις.

146 5009 232 5063 56.
270 5030 291 5062 ι
343 5007 544 5065 Ἦλθεν
585 5008 680 5066 οὖν
713 5011 876 5066 πάλιν
918 5012 999 5076 είς
1030 5012 1130 5083 τὴν
1167 5013 1325 5067 Κανᾶ
1362 5011 1462 5083 τῆς
1489 5011 1652 5066 Γαλι-

83 5100 250 5165 λαίας,
279 5103 415 5156 ὅπου
449 5102 673 5173 ἐποίησε
699 5102 760 5158 τὸ
789 5102 932 5176 ὕδωρ
961 5100 1126 5157 οἶνον.
1157 5122 1176 5156 ι
1215 5103 1358 5157 Ὅσα
1382 5103 1656 5174 ἐχωρήσα-

88 5207 177 5257 μεν
200 5194 336 5260 πρ).
360 5194 460 5265 τῆς
490 5195 666 5260 Κανᾶ,
690 5196 748 5248 ἐν
770 5197 883 5259 τοῖς
913 5194 1171 5267 ἀνωτέρω
1192 5193 1439 5265 εἴπομεν.
1470 5193 1574 5247 Δύο
1594 5193 1652 5247 δὲ

84 5282 139 5334 οὐ
177 5283 359 5355 μάτην
404 5286 465 5339 ἐν
512 5286 673 5358 Κανᾷ
710 5287 995 5359 ἐπιδημίαι
1024 5287 1105 5360 τῷ
1159 5287 1333 5360 Ἰησοῦ
1373 5287 1643 5357 γίνονται·

1756 4672 1920 4727 gnra,
1961 4655 2029 4710 ad
2071 4669 2166 4712 eos
2203 4653 2295 4723 qui
2331 4661 2489 4707 antea
2537 4666 2643 4706 non
2677 4647 3025 4706 ascenderint
3068 4647 3136 4699 ad
3179 4642 3321 4697 diem

1756 4749 1976 4813 festum,
2022 4762 2121 4802 nec
2168 4743 2517 4816 contemplati
2549 4743 2750 4799 fuerint
2803 4740 2985 4797 omnia
3016 4751 3138 4808 quae
3167 4733 3324 4792 Jero—

1756 4837 1986 4913 solymis
2013 4835 2228 4891 fecerit.

1822 5012 1912 5070 56.
1947 5030 1968 5064 ι
2007 5013 2168 5068 Venit
2208 5026 2340 5083 ergo
2369 5024 2560 5066 rursus
2585 5007 2783 5064 Canam
2822 5000 3084 5063 Galilazaa,
3115 4996 3206 5053 ubi
3235 4994 3321 5052 fe-

1750 5113 1905 5161 cerat
1947 5118 2015 5158 ex
2040 5117 2178 5173 aqua
2212 5102 2398 5157 viuum
2433 5100 2502 5152 τυ.
2539 5116 2558 5151 ι
2592 5096 2939 5163 Quaecunque
2977 5086 3321 5160 percepimus

1748 5195 1818 5250 de
1849 5194 2072 5248 civitate
2113 5193 2285 5254 Cana,
2318 5191 2569 5261 superius
2608 5186 2880 5247 diximus;
2912 5181 3008 5237 sed
3041 5194 3152 5234 non
3199 5178 3318 5233 fru-

1752 5293 1867 5342 stra
1900 5285 1984 5341 bis
2011 5283 2168 5341 Jesus
2193 5282 2396 5340 Canam
2421 5278 2802 5353 proficiscitur.
2841 5274 3075 5329 Proinde
3106 5270 3228 5328 ride
3253 5284 3321 5327 ne

121 5415 164 5449 "
196 5414 390 5471 Natta.
415 5433 491 5483 vt,
522 5418 590 5484 5;
623 5419 756 5475 Luc.
786 5435 886 5485 vn,
916 5420 1007 5475 22.
1081 5419 1125 5451 "
1155 5417 1312 5474 Joan.
1346 5430 1407 5482 tt,
1439 5414 1531 5470 23.
1606 5410 1654 5445 ⁸⁸
1676 5410 1835 5467 Joan.
1867 5425 1951 5475 Ill,
1978 5409 2036 5464 2.
2109 5408 2155 5441 θ’
2183 5406 2316 5462 Luc.
2344 5401 2531 5468 "(.48.
2605 5398 2652 5433 7°
2683 5396 2840 5454 Joan.
2872 5412 2947 5465 tv,
2986 5397 3077 5457 46.

140 5515 253 5588 (47)
285 5516 369 5572 Τά
391 5534 455 5572 τε
476 5520 741 5588 πρόϐατα
761 5561 776 5583 ,
823 5519 966 5587 τοὺς
999 5519 1178 5588 βόας,
1208 5518 1307 5574 καὶ
1349 5518 1491 5584 τῶν,
1530 5528 1638 5580 etc.

81 5581 245 5662 deei
274 5581 630 5662 ΔΒοιιιιιίςιξιιις),
658 5581 807 5662 βόας,
840 5581 1237 5662 καῖ’πρόϐάτα,
1266 5589 1358 5645 καὶ
1392 5581 1642 5661 περιστε-

84 5654 299 5729 ρὰς,-τά
328 5674 391 5710 τε
420 5654 688 5729 πρόϐατα,
719 5661 815 5714 καὶ
842 5659 971 5725 τῶν,
1002 5654 1112 5718 étc.

142 5726 252 5810 (is)
280 5726 538 5794 Τούτοις.
567 5729 826 5810 Siecpdd.
856 5730 1180 5810 Bodleianus
1193 5738 1247 5786 et
1276 5729 1634 5795 Barbcrinus;

89 5789 279 5865 Regius
311 5789 594 5868 perperam
624 5800 786 5856 liabet
808 5800 1035 5865 ἐκεῖνος.

1843 5521 1934 5587 49)
1961 5520 2073 5577 Καὶ
2111 5521 2393 5588 πρόϐατα.
2417 5517 2580 5575 Deest
2600 5516 2653 5572 in
2678 5516 2866 5573 codice
2896 5516 2977 5572 Re
3016 5515 3085 5570 io.

1819 5521 1932 5665 250}
1958 5595 2062 5665 Εἰς
2090 5591 2178 5665 re.
2210 5588 2565 5665 Desidet-stur
2598 5587 2651 5665 i_n
2679 5587 2869 5665 codice
2893 5533 3085 5665 Bodlei:

1843 5584 1932 5692 502
1958 5595 2062 5658 Εἰς
2090 5584 2178 5644 τό.
2210 5588 2565 5644 Desideratur
2598 5587 2651 5669 in
2679 5587 2869 5643 codice
2893 5584 3204 5668 Bodleiano.

1844 5662 1899 5692 tu
1984 5659 2332 5692 νιν-..λυκιηυ
2399 5658 2554 5692 ηοω·
2608 5673 2663 5692 ιη
2710 5658 2899 5692 nmium
2937 5657 3122 5692 nnzhon
3175 5652 3204 5692 ll

1819 5662 1932 5735 (5|)

1744 5734 1844 5790 leia
1854 5748 1940 5789 no.

1984 5652 2354 5732 Ἐπιδημιαν.
2397 5658 2561 5717 Deest
2608 5657 2664 5714 in
2709 5658 2899 5715 eodem
2937 5655 3122 5713 codice
3172 5652 3310 5708 Bod-

3172 5899 3207 5909 ..ω
