3826 6528
496 457 598 513 507

1979 447 2301 506 ORIGENIS

3626 458 3732 515 503

492 580 633 634 forte
689 576 960 649 signiticet
996 576 1102 632 hoc
1148 578 1284 631 duos
1338 574 1393 628 in
1445 572 1702 628 mundum
1753 567 2027 624 Servatori

2132 595 2140 625 ι
2175 560 2384 638 μήποτε
2415 567 2545 636 γοῦν
2579 567 2694 639 (52)
2731 570 3053 641 σημαίνουσι
3089 573 3188 638 τὰς
3227 571 3319 627 δύο
3359 574 3452 629 τοῦ
3490 573 3732 648 Σωτῆρος

486 669 658 724 nostri
709 669 1012 724 adventus:
1049 667 1217 723 semel
1260 665 1504 737 quidem,
1552 675 1612 718 ut
1663 664 1922 720 convivas
1963 676 2059 718 ex-

486 760 711 826 liilaret;
761 758 1002 815 secundo
1041 772 1192 822 vero,
1240 766 1298 813 ut
1361 759 1524 812 morti
1588 756 1898 827 proximum
1951 768 2057 809 non

487 852 658 922 regis,
693 851 788 906 sed
835 849 1004 922 reguli
1033 849 1314 917 cujusdam
1355 849 1524 904 lilium
1552 859 1790 904 curaret.
1838 849 1904 904 Et
1949 849 2060 904 for-

487 942 645 998 tassis
693 941 914 1011 regulus
960 951 1080 997 erat
1126 942 1426 1006 Abraham,
1484 941 1568 995 vel
1595 939 1784 1006 Iacob,
1825 955 2056 1010 quorum

485 1032 655 1087 filium
683 1033 940 1103 populum
971 1035 1488 1097 exsistentem,cum
1510 1033 1787 1102 plenitudo
1812 1034 2054 1103 gentium

483 1124 788 1192 intraverit,
812 1126 1053 1180 servabit
1076 1125 1129 1180 in
1167 1125 1272 1180 fine
1293 1127 1358 1178 '".
1385 1125 1616 1180 Possunt
1647 1124 1811 1178 etiam
1837 1123 2055 1179 Sermo-

481 1217 571 1273 nis
599 1221 865 1274 adventus
893 1231 1014 1274 esse
1039 1218 1144 1273 duo
1193 1217 1245 1271 in
1275 1217 1453 1270 anima
1489 1229 1505 1268 :
1542 1215 1692 1284 prior
1723 1214 1943 1284 quidem
1974 1213 2054 1268 vi-

478 1326 608 1365 num
641 1310 989 1380 suppeditans
1023 1322 1089 1362 ex
1130 1324 1267 1377 aqua
1308 1305 1507 1363 factum
1552 1307 1619 1362 ad
1655 1306 2051 1374 jucunditatem

478 1399 916 1465 convivantium;
949 1397 1086 1452 alter
1133 1412 1344 1452 omnem
1385 1396 1622 1451 relictam
1658 1397 2047 1465 infirmitatem,

474 1500 531 1547 et
572 1491 832 1561 quidquid
867 1497 1094 1545 mortem
1123 1489 1386 1556 minatur,
1406 1488 1673 1544 auferens.
1701 1487 1842 1543 Nihil
1867 1499 2048 1544 autem

475 1582 672 1636 mirum
707 1590 792 1635 est
822 1579 1031 1644 Iesum,
1063 1581 1500 1650 quandoquidem
1533 1580 1792 1650 pleraque
1821 1596 2047 1650 operum

476 1672 571 1726 Dei
602 1673 795 1736 latent,
827 1672 996 1728 multa
1026 1671 1313 1728 facientem
1358 1687 1455 1741 pro
1502 1672 1680 1728 salute
1728 1688 1914 1728 eorum
1951 1675 2046 1743 qui

472 1766 721 1836 pluribus
750 1768 952 1835 degunt
983 1769 1035 1822 in
1069 1767 1226 1833 locis,
1276 1782 1507 1836 quorum
1553 1769 1739 1837 llgura:
1764 1776 1892 1821 sunt
1923 1767 2046 1822 reli-

471 1861 564 1930 qui
598 1859 845 1930 inscripti
869 1859 996 1926 loci,
1029 1859 1115 1915 his
1135 1859 1340 1916 Canam
1369 1859 1508 1913 hanc
1533 1859 1827 1928 proficisci,
1852 1870 1910 1914 ut
1940 1861 2040 1915 sibi

471 1949 570 2020 ipsi
601 1950 842 2005 stabiliat
869 1951 1270 2020 possessionem
1294 1964 1480 2004 eorum
1522 1951 1614 2020 qui
1647 1965 1713 2006 ex
1757 1953 1858 2006 hac
1895 1961 2040 2007 terra

474 2041 529 2096 in
563 2040 779 2097 Patrem
807 2057 904 2112 per
928 2041 1101 2112 ipsum
1126 2042 1430 2097 crederent.

540 2309 629 2364 57.
667 2328 685 2360 ι
723 2309 790 2364 Et
831 2317 950 2364 erat
995 2311 1212 2379 quidam
1260 2313 1481 2382 regulus
1529 2312 1682 2380 cujus
1714 2313 1854 2368 filius
1884 2315 2036 2368 inflr-
2071 2317 2076 2320 ’

465 2399 717 2452 mabatur
749 2399 799 2452 in
831 2397 1172 2468 Capharnao,
1208 2421 1228 2455 ι
1269 2417 1438 2471 usque
1485 2404 1551 2456 ad
1585 2405 1686 2458 hoc
1727 2422 1740 2457 :
1777 2422 1795 2455 ι
1836 2405 1900 2458 Ει
1925 2421 2038 2460 cre-

462 2486 600 2540 didit
633 2487 778 2557 ipse,
822 2496 878 2541 et
913 2486 1107 2544 domus
1136 2489 1253 2557 ejus
1301 2491 1490 2545 tota".
1533 2509 1551 2543 ι
1581 2489 1696 2544 Non
1737 2492 2030 2546 admodum

460 2577 721 2632 usitatum
764 2579 1068 2635 invenimus
1117 2582 1258 2651 apud
1305 2581 1522 2638 Judzeos
1574 2584 1743 2654 reguli
1784 2600 1977 2637 nomen
2014 2602 2027 2637 :

461 2669 603 2722 unde
658 2683 852 2738 neque,
904 2682 1168 2742 quantum
1217 2674 1284 2728 ad
1342 2675 1648 2744 historiam,
1702 2677 2031 2745 cogitatione

458 2759 822 2827 assequimur,
861 2762 982 2830 quis
1012 2763 1085 2817 sit
1132 2763 1234 2819 iste
1279 2767 1516 2836 regulus.
1544 2768 1773 2840 etcujus
1793 2769 1935 2839 regis
1959 2771 2030 2827 sit

454 2850 815 2918 cognominis.
843 2851 1031 2924 Itaque
1063 2855 1370 2926 simplicior
1398 2859 1736 2915 existimabit
1780 2863 2024 2930 regulum

456 2941 603 2997 hunc
627 2942 904 2998 hominem
945 2959 1066 3000 esse
1090 2945 1324 3016 aliquem
1359 2947 1591 3005 Herodis
1624 2953 1787 3022 regis.
1817 2952 2026 3009 Rursus

452 3037 591 3088 alter
613 3033 738 3089 huic
763 3035 956 3092 similis
978 3036 1224 3094 dicturus
1255 3047 1340 3094 est
1369 3055 1400 3094 e
1433 3039 1664 3097 Caesaris
1691 3043 1851 3101 domo
1882 3044 2026 3099 hunc

451 3122 626 3179 fuisse
650 3125 918 3195 regulum,
951 3134 1061 3180 tum
1092 3129 1354 3200 temporis
1382 3130 1588 3201 aliquid
1613 3132 1665 3188 in
1693 3131 1874 3188 .ludma
1909 3135 2021 3190 exi-

2166 659 2246 721 εἰς
2270 657 2360 739 τόν
2397 659 2596 730 κόσμον
2631 661 2942 732 ἐπιδημίας,
2971 663 3070 735 τὴν
3101 665 3199 734 μὲν
3233 666 3522 736 προτέραν,
3555 667 3620 720 ἵν’
3646 669 3729 720 56-

2164 750 2343 824 φράνῃ
2377 753 2502 816 τοὺς
2546 754 3032 824 συνεστιωμένους·
3085 756 3182 828 τὴν
3226 757 3282 811 δὲ
3331 758 3604 828 δευτέραν,
3646 761 3730 813 ἵνα

2159 843 2251 897 τόν
2273 845 2437 913 ἐγγὺς
2464 845 2754 917 γενόμενον
2783 847 3012 902 θανάτου
3053 851 3114 903 οὐ
3157 849 3253 902 τοῦ
3295 849 3556 920 βασιλέως
3594 854 3729 920 υἱὸν,

2159 935 2294 988 ἀλλά
2318 953 2462 999 τινος
2505 936 2782 1006 βασιλικοῦ
2817 940 3114 1012 ἀναστήσῃ.
3146 941 3256 993 Καὶ
3291 941 3433 1010 τάχα
3462 943 3490 994 ό
3523 942 3728 1012 βασιλι-

2159 1026 2253 1088 κὸς
2285 1026 2534 1098 Ἀϐραὰμ
2562 1023 2651 1098 ἦν,
2691 1028 2724 1098 ἢ
2769 1027 2982 1094 Ἰακὼϐ,
3020 1023 3096 1083 ὧν
3139 1031 3254 1084 υἱόν
3283 1031 3414 1085 ὄντα
3449 1033 3538 1085 τόν
3583 1033 3726 1097 λαὸν,

2160 1117 2296 1186 μετὰ
2343 1118 2403 1170 τό
2457 1119 2727 1190 πλήρωμα
2758 1119 2866 1172 τῶν
2899 1121 3066 1174 ἐθνῶν
3108 1122 3365 1177 εἰσελθεῖν
3396 1124 3528 1194 (55),
3565 1125 3727 1180 σώσει

2155 1209 2246 1261 ἐπὶ
2268 1208 2480 1272 τέλους.
2513 1211 2743 1263 Δύναται
2787 1213 2880 1265 καὶ
2920 1212 3012 1265 δύο
3045 1211 3139 1266 τοῦ
3168 1215 3340 1283 Λόγου
3373 1210 3513 1270 εἶναι
3542 1217 3724 1288 ἐπιδη-

2157 1300 2276 1369 μίαι
2305 1303 2362 1352 ὲν
2391 1304 2454 1371 τῇ
2477 1301 2621 1372 ψυχῇ
2645 1319 2658 1332 ο
2694 1305 2726 1372 ἠ
2757 1303 2856 1372 μὲν
2890 1304 3131 1375 προτέρα
3157 1305 3248 1358 τὸν
3273 1305 3331 1371 ἐξ
3361 1305 3552 1370 ὓδατος
3575 1311 3724 1377 γενό·

2155 1407 2312 1460 μενον
2343 1387 2483 1444 οἶνον
2515 1393 2822 1463 χορηγοῦσα
2845 1395 2926 1457 εἰς
2954 1395 3289 1468 εὐφροσύνην
3309 1399 3418 1451 τῶν
3443 1416 3723 1453 συνεστιω-

2153 1483 2364 1552 μένων·
2407 1485 2442 1555 ἠ
2491 1484 2547 1538 δὲ
2589 1485 2816 1556 δευτέρα
2877 1489 3055 1540 πᾶσαν
3109 1487 3208 1558 τὴν
3256 1489 3722 1562 καταλειπομένην

2146 1571 2429 1628 ἀσθένειαν
2463 1579 2556 1630 καὶ
2597 1578 2656 1631 τὸ
2691 1579 2828 1650 πρὸς
2875 1579 3102 1634 θάνατον
3143 1581 3461 1646 κινδυνῶδες
3511 1601 3720 1655 περιαι-

2149 1665 2337 1736 ροῦσα.
2371 1668 2534 1722 Οὐδὲν
2563 1670 2619 1723 δὲ
2657 1669 2969 1742 θαυμαστὸν
3012 1668 3150 1725 εἶναι
3185 1674 3319 1745 (54),
3347 1675 3611 1747 (ἐπείπερ
3651 1677 3718 1730 τὰ

2145 1755 2364 1810 πλείονα
2395 1757 2502 1810 τῶν
2531 1759 2706 1830 ἔργων
2725 1760 2820 1812 τοῦ
2847 1761 2983 1815 Θεοῦ
3018 1764 3163 1817 ἔστιν
3198 1764 3258 1817 ὲν
3295 1765 3639 1837 ἀποκρύφοις
3659 1769 3714 1839 ’)

2147 1847 2313 1900 πολλὰ
2333 1848 2481 1932 Ϋύπὲρ
2537 1852 2806 1923 σωτηρίας
2849 1853 2958 1906 τῶν
3009 1855 3276 1926 πολλαχοῦ
3325 1858 3496 1911 ποιῶν
3540 1861 3569 1912 6
3617 1862 3716 1932 Ἰη-

2075 1915 2118 1970 B
2146 1937 2290 1999 σοῦς,
2319 1931 2394 1991 ὧν
2423 1915 2584 1992 τύποι
2615 1915 2699 1992 τά,
2717 1915 2880 1994 λοιπὰ
2915 1915 3379 2017 ἀναγεγραμμένα
3413 1949 3607 2019 χωρία,
3634 1915 3715 2012 δίς

2141 2030 2207 2097 τῇ
2262 2029 2417 2100 Κανᾷ
2465 2029 2635 2102 ταύτῃ
2687 2032 2961 2103 ἐπιδημεῖ,
2999 2033 3230 2104 βεϐαιῶν
3290 2038 3472 2108 ἐαυτῷ
3525 2041 3714 2109 κτῆσιν

2140 2119 2249 2172 τῶν
2277 2121 2384 2174 ἀπὸ
2405 2121 2608 2194 ταύτης
2632 2124 2728 2194 τῆς
2759 2124 2863 2194 γῆς
2887 2126 3247 2181 πιστευόντων
3270 2130 3350 2194 εἰς
3378 2131 3471 2184 τὸν
3501 2131 3712 2204 Πατέρα

2137 2209 2202 2262 δι’
2225 2210 2413 2265 αὑτοῦ.

2207 2302 2296 2356 57.
2340 2321 2357 2354 ι
2401 2303 2512 2358 Καὶ
2540 2299 2607 2374 ἦν
2640 2321 2724 2368 τις
2755 2305 3049 2384 βασιλικὸς,
3085 2302 3144 2363 οὗ
3182 2309 3212 2362 ὁ
3249 2309 3365 2374 υἱὸς
3396 2311 3608 2380 ἠσθένει
3651 2314 3710 2365 ἐν

2136 2392 2532 2465 Καφαρναοὺμ,
2570 2413 2587 2444 ι
2621 2394 2726 2458 ἕως
2756 2395 2849 2448 τοῦ
2881 2396 3012 2466 (55)·
3055 2415 3072 2448 ι
3114 2399 3224 2450 Kal
3267 2399 3588 2452 ἐπίστευσεν
3614 2399 3711 2453 αύ-

2132 2485 2243 2550 τδς,
2279 2486 2431 2556 καὶὴ
2468 2486 2610 2539 οἰκία
2643 2487 2806 2539 αὑτοῦ
2859 2487 2975 2557 ὅλη.
3019 2508 3037 2540 ι
3075 2489 3149 2541 Οὐ
3194 2489 3336 2542 πάνυ
3384 2490 3708 2560 εὑρίσκομεν

2134 2575 2286 2648 παρὰ
2329 2575 2598 2640 Ἰουδαίοις
2623 2577 2981 2648 τετριμμένον
3008 2578 3067 2631 τὺ
3088 2578 3180 2632 τοῦ
3206 2579 3487 2650 βασιλικοῦ
3515 2583 3703 2652 ὄνομα·

2130 2670 2250 2723 ὅθεν
2289 2670 2443 2732 οὐδὲ,
2494 2671 2616 2723 ὅσον
2665 2670 2755 2722 ἐπὶ
2814 2673 2879 2741 τῇ
2945 2671 3184 2742 ἱστορίᾳ,
3243 2673 3602 2742 έπιϐάλλομεν
3647 2676 3708 2726 έν

2131 2781 2204 2833 νῳ
2238 2763 2346 2834 (56)
2377 2764 2460 2826 τίς
2489 2759 2556 2834 ἦν
2581 2755 2735 2827 οὗτος
2767 2765 2794 2816 6
2817 2763 3109 2833 βασιλικὸς,
3140 2765 3235 2818 καὶ
3265 2766 3414 2829 τίνος
3446 2764 3706 2834 βασιλέως

2129 2853 2434 2924 ἐπώνυμος.
2481 2854 2538 2905 Ὀ
2589 2853 2688 2924 μὲν
2732 2850 2826 2906 οῦν
2875 2855 3262 2924 ἁκεραιότερος
3319 2857 3563 2927 οἰήσεται
3609 2856 3728 2909 τοῦ·

2130 2945 2392 3015 βασιλέως
2440 2943 2678 3016 Ἡρώδου
2715 2943 2836 2998 τινὰ
2877 2944 3160 3016 ἄνθρωπον
3200 2941 3337 3000 εἶναι
3383 2947 3574 3000 τοῦτον
3611 2947 3704 3000 τὸν

2128 3036 2402 3106 βασιλικόν
2421 3054 2435 3067 ·
2463 3037 2648 3108 ἕτερος
2676 3037 2732 3091 δὲ
2753 3037 2925 3108 τούτῳ
2951 3038 3135 3108 ὅμοιος
3153 3039 3269 3110 ὲρεῖ
3295 3039 3398 3109 τῆς
3427 3039 3704 3110 Καίσαρος

2125 3129 2300 3194 οἰκίας
2323 3129 2604 3198 γεγονέναι
2637 3128 2826 3182 τοῦτον
2861 3129 2954 3183 τὸν
2995 3129 3271 3199 βασιλικὸν
3311 3131 3621 3202 πράττοντά
3647 3148 3702 3183 τι

453 3225 668 3284 gentem
724 3226 1159 3275 tractantemve:
1194 3235 1370 3290 neque
1418 3222 1562 3277 enim
1621 3233 1808 3294 aperte
1859 3225 2021 3296 272

2132 3220 2253 3292 περὶ
2279 3220 2376 3291 τὴν
2409 3218 2662 3274 Ἰουδαίαν
2690 3219 2812 3272 τότε
2831 3236 2844 3251 ·
2875 3219 2994 3273 οὐδὲ
3019 3221 3128 3293 γὰρ
3159 3220 3347 3290 σαφῶς
3387 3222 3700 3293 εὑρίσκεται

449 3307 744 3376 invenitur,
774 3310 916 3380 quod
939 3310 1103 3365 fuerit
1127 3310 1365 3376 Iudaeus,
1403 3314 1658 3382 quoniam
1696 3331 1799 3370 non
1837 3317 2020 3386 sequi-

451 3406 537 3454 tur
569 3400 879 3470 indigenam
904 3417 1028 3456 eum
1062 3401 1230 3458 fuisse
1262 3403 1476 3458 illorum
1499 3405 1763 3472 locorum,
1793 3422 1858 3464 eo
1879 3410 2021 3478 quod

450 3487 598 3542 filius
623 3504 754 3545 suus
789 3491 842 3544 in
881 3488 1202 3560 Capharnao
1224 3495 1546 3564 aegrmabat.
1579 3497 1898 3553 Ostenditur
1929 3513 2024 3552 au-

451 3587 557 3633 tem
589 3579 735 3636 illius
771 3581 1009 3652 dignitas
1045 3583 1212 3638 etiam
1254 3600 1318 3639 ex
1352 3587 1455 3643 hoc
1493 3590 1636 3659 quod
1663 3588 1775 3658 jam
1817 3589 1892 3645 illi
1926 3592 2020 3646 de-

446 3669 728 3726 scendenti
778 3674 1090 3728 occurrisse
1141 3672 1400 3732 dicuntur
1455 3680 1598 3735 servi
1625 3680 1714 3746 ⁷⁸,
1773 3680 2018 3738 dicentes

445 3760 616 3816 filium
678 3763 849 3833 ipsius
898 3767 1125 3826 vivere:
1157 3771 1392 3842 plurium
1422 3771 1566 3828 enim
1599 3787 1826 3830 numero
1869 3775 2015 3830 servi

442 3853 720 3910 dicuntur.
755 3855 962 3915 Habeat
995 3861 1162 3932 igitur
1192 3861 1426 3918 historia
1455 3873 1513 3919 ut
1561 3863 1733 3930 lubet,
1791 3865 2015 3937 elegan-

443 3945 660 4016 tiusque
713 3962 774 4004 se
820 3951 1019 4007 habeat
1061 3954 1234 4024 reguli
1294 3954 1439 4011 filius
1485 3954 1640 4025 juxta
1700 3957 2014 4015 Servatoris

439 4042 626 4086 vocem
658 4035 795 4089 hora
843 4039 1072 4105 septima
1118 4041 1378 4097 liberatus
1423 4059 1454 4098 a
1504 4045 1661 4112 febri,
1712 4047 2013 4118 domusque

438 4118 555 4188 ejus
584 4131 696 4179 tota
717 4127 902 4183 credat
927 4128 994 4185 ’⁸.
1016 4129 1087 4183 At
1125 4147 1224 4202 age
1257 4147 1357 4202 pro
1385 4134 1525 4190 virili
1553 4147 1739 4192 nostra
1767 4141 2009 4209 vestige-

438 4228 560 4268 mus
590 4215 748 4282 cujus
782 4219 862 4275 rei
900 4230 1025 4276 nota
1061 4237 1184 4279 esse
1208 4226 1378 4293 possit
1401 4227 1490 4283 hic
1519 4229 1758 4298 regulus.
1783 4239 1836 4283 et
1865 4231 2011 4286 illius

338 4325 363 4338 -
434 4302 574 4371 ejus.
611 4305 858 4376 Magnum
892 4310 1054 4380 igitur
1085 4327 1287 4383 regem,
1323 4315 1476 4385 cujus
1519 4320 1713 4375 civitas
1743 4336 1869 4376 vera
1917 4322 2010 4378 Je-

437 4397 706 4468 rosolyma
753 4403 973 4466 sunt",
1019 4414 1074 4459 et
1113 4420 1296 4477 regem
1335 4413 1670 4478 regnantium
1693 4412 1740 4444 ⁷⁸
1781 4427 2010 4484 peregre

343 4535 347 4539 .
434 4485 739 4557 profectum
771 4494 836 4546 ad
864 4493 1138 4564 regionem
1191 4497 1542 4571 longinquam
1569 4503 1873 4574 accipiendi
1900 4505 2005 4561 sibi

2136 3311 2384 3374 Ἰουδαῖος
2413 3310 2510 3377 ὢν,
2541 3311 2771 3383 ἐπείπερ
2804 3311 2905 3365 οὐκ
2942 3311 3226 3365 ἀκολουθεῖ
3255 3311 3350 3366 τὸν
3383 3312 3498 3366 υἱὸν
3531 3311 3699 3366 αὐτοῦ

2121 3400 2478 3471 ἢσθενηκέναι
2501 3404 2558 3454 έν
2587 3400 2983 3474 Καφαρναοὺμ,
3013 3403 3209 3454 οἰκεῖον
3241 3401 3405 3454 αὐτὸν
3427 3398 3566 3455 εἶναι
3588 3399 3700 3453 τῶν

2120 3491 2260 3544 κατὰ
2289 3493 2414 3554 τοὺς
2436 3492 2652 3556 τόπους.
2706 3491 3058 3562 Ἐμφαίνεται
3085 3491 3142 3544 δὲ
3177 3491 3343 3544 αὐτοῦ
3385 3491 3447 3544 τδ
3481 3491 3699 3561 ἀξίωμα

2120 3583 2216 3635 καὶ
2255 3583 2319 3634 ὲκ
2358 3581 2449 3634 τοῦ
2493 3581 2593 3653 ἤδη
2641 3582 2804 3636 αὑτοῦ
2844 3583 3264 3646 καταϐαίνοντος
3309 3584 3437 3647 τοὺς
3479 3583 3698 3646 δούλους

2117 3673 2264 3745 αὐτῷ
2292 3674 2664 3744 ἀπηντηκέναι
2698 3675 2973 3743 λέγοντας,
3006 3675 3088 3728 ὃτι
3131 3677 3158 3728 ὁ
3201 3677 3333 3738 παῖς
3377 3674 3540 3728 αὑτοῦ
3595 3672 3694 3744 ζῇο

2117 3765 2493 3835 πληθυντικῶς
2535 3764 2644 3837 γὰρ
2689 3767 2740 3820 οἰ
2787 3766 2961 3820 δοῦλοι
3001 3766 3265 3838 εἴρηνται.
3333 3767 3536 3837 Ἐχέτω
3582 3767 3695 3837 (57)

2114 3854 2292 3907 τοίνυν
2323 3854 2471 3925 ὅπως
2505 3854 2634 3908 ποτὲ
2675 3855 2736 3908 τὸ
2779 3856 2878 3927 τῆς
2925 3855 3185 3928 ἱστορίας,
3228 3856 3324 3909 καὶ
3369 3858 3398 3909 6
3441 3857 3554 3920 υἱὸς
3600 3856 3694 3910 τοῦ

2116 3943 2392 4014 βασιλικοῦ
2425 3945 2759 4017 κομψότερον
2785 3946 3065 4018 ὲσχηκέτω
3096 3947 3238 4000 κατὰ
3265 3947 3358 4000 τὸν
3390 3947 3484 4000 τοῦ
3508 3947 3686 4018 Σωτῆ-

2116 4053 2208 4108 ρος
2243 4037 2420 4107 λόγον,
2451 4041 2518 4110 τῇ
2549 4038 2748 4110 ἑϐδόμῃ
2781 4039 2900 4111 ῶρᾳ
2928 4038 3314 4111 ἐλευθερωθεὶς
3341 4039 3453 4092 ἀπὸ
3481 4038 3576 4092 τοῦ
3599 4056 3693 4092 πυι

2116 4128 2291 4197 ρετοῦ,
2319 4129 2410 4182 καὶ
2442 4129 2474 4200 ἡ
2501 4129 2648 4183 οἰκία
2669 4129 2832 4183 αὑτοῦ
2863 4129 2958 4200 ὅλη
2991 4128 3426 4183 πεπιστευκέτω.
3469 4129 3605 4200 “pa
3633 4127 3691 4181 δὲ

2111 4219 2252 4272 κατὰ
2290 4220 2352 4272 τὸ
2376 4220 2600 4275 δυνατὸν
2625 4222 2754 4293 ἡμῖν
2783 4223 3162 4294 ὲρευνήσωμεν
3197 4221 3343 4285 τίνος
3373 4215 3524 4284 οὗτος
3549 4220 3689 4290 σύμ-

2111 4308 2264 4363 ϐολον
2301 4306 2439 4364 εἶναι
2479 4311 2700 4365 δύναται
2727 4313 2821 4366 καὶ
2859 4313 2886 4364 6
2920 4313 3033 4375 υἱὸς
3062 4311 3247 4364 αὑτοῦ.
3283 4312 3477 4380 Μέγαν
3498 4311 3564 4382 δὴ
3592 4310 3692 4381 βαο

2111 4401 2284 4465 σιλέα,
2320 4395 2381 4455 οὗ
2414 4404 2567 4467 πόλις
2614 4405 2732 4460 ἐστὶ
2767 4405 2836 4458 τὰ
2881 4403 3112 4476 ἀληθινὰ
3174 4403 3545 4475 Ἰεροσόλυμα,
3595 4404 3690 4456 καὶ

2111 4491 2334 4562 βασιλέα
2364 4493 2473 4548 τῶν
2504 4495 2893 4565 βασιλευόντων
2918 4495 3008 4548 τὸν
3033 4494 3365 4565 πορευθέντα
3393 4496 3473 4558 εἰς
3503 4491 3689 4563 χώραν

433 4579 583 4647 regni
612 4594 773 4636 causa
801 4583 866 4650 ",
913 4594 968 4642 et
1001 4586 1284 4654 redeundi,
1324 4603 1378 4646 et
1425 4604 1792 4651 revertentem
1823 4611 2003 4667 regem

2132 4585 2332 4658 ιακρὰν
2352 4585 2536 4640 λαϐεῖν
2564 4585 2742 4656 ἐαυτῷ
2769 4585 3063 4657 βασιλείαν,
3084 4588 3178 4640 καὶ
3203 4586 3564 4657 ὑποστρέψαι,
3591 4586 3688 4640 καὶ

432 4669 600 4726 alium
634 4674 906 4729 neminem
935 4678 1159 4744 scimus,
1178 4680 1282 4736 nisi
1311 4681 1618 4738 dicentem:
1643 4702 1662 4736 ι
1686 4685 1800 4756 Ego
1822 4697 2004 4741 autem

428 4765 766 4822 constitutus
814 4783 932 4823 sum
987 4785 1082 4826 rex
1138 4770 1215 4828 ab'
1259 4787 1324 4827 eo
1369 4789 1531 4844 super
1577 4775 1709 4833 Sion
1763 4788 2003 4833 montem

429 4870 677 4915 sanctum
720 4861 872 4932 ejus;
909 4863 1213 4931 praedicans
1251 4877 1579 4937 praeceptum
1607 4869 1816 4924 Domini
1844 4869 1893 4900 "
1922 4887 1938 4937 ς
1972 4887 1992 4922 ι

427 4947 586 5016 hujus
635 4952 779 5008 diem
814 4955 904 5025 qui
935 4955 1193 5022 viderint,
1231 4966 1284 5011 et
1317 4957 1483 5012 laetati
1528 4957 1750 5024 fuerint,
1809 4974 2002 5017 omnes

429 5050 556 5095 sunt
591 5044 791 5113 reguli;
832 5054 888 5102 et
935 5049 1024 5117 qui
1071 5049 1300 5104 credunt
1333 5048 1386 5101 in
1416 5047 1631 5103 Patrem
1662 5063 1759 5118 per
1791 5050 1993 5119 ipsum,

427 5130 576 5198 regni
607 5132 751 5189 illius
775 5147 898 5192 sunt
934 5138 1286 5208 cognomines
1311 5157 1325 5194 :
1349 5153 1583 5210 quorum
1613 5155 1778 5193 unum
1804 5153 1996 5207 quem-

493 5319 536 5393 ξί
558 5318 709 5372 Rom.
732 5321 920 5393 xt,25.
975 5323 1020 5354 ⁷¹
1045 5321 1202 5393 Joan.
1229 5339 1302 5382 iv,
1325 5321 1518 5393 766-55.
1611 5323 1809 5379 "ibid.
1844 5339 1919 5393 tv,
1951 5324 2044 5380 51.

421 5389 468 5421 ⁷⁷
491 5389 625 5444 Luc.
654 5404 764 5450 xix,
789 5389 879 5446 12.
957 5393 1002 5425 ⁷⁸
1040 5392 1181 5448 Psal.
1218 5409 1281 5458 ιι,
1307 5392 1360 5447 6.

494 5523 607 5595 (52)
636 5523 819 5580 Codex
840 5523 1167 5582 Bodleianus
1191 5527 1344 5597 γοῦν,
1374 5527 1533 5584 codd.
1561 5525 1766 5598 Regius
1783 5535 1840 5582 et
1861 5525 1996 5582 Bar-

422 5590 664 5647 beriuus.
688 5594 816 5647 γάρ.

493 5594 970 5738 (ὲὲῗεὲῖἑὲλθεῖν.
997 5664 1192 5738 __Dcest
1237 5667 1291 5721 in
1343 5667 1531 5738 codice
1579 5667 1782 5738 Regio,
1815 5674 2022 5725 exstat.

423 5732 554 5786 vero
583 5732 638 5786 in
676 5736 956 5790 codicibus
995 5734 1293 5793 Bodleiano
1321 5749 1377 5794 et
1406 5732 1732 5794 Barberirfo.
1767 5732 1776 5736 ⁷
1995 5753 2005 5773 -·

502 5801 614 5875 (56)
645 5799 830 5875 Εἶναι.
846 5805 989 5875 Lego
1011 5807 1082 5858 εἰ.

506 5873 617 5942 (55)
649 5874 830 5932 Codex
880 5873 1204 5936 Βόάιοὶοηυε
1258 5877 1422 5933 habet
1469 5875 1574 5941 ἕως
1621 5875 1737 5941 τοῦ,
1797 5873 1998 5947 Regius

2109 4676 2471 4730 ἐπανελθόντα
2504 4675 2613 4748 (58)
2663 4676 2886 4746 βασιλέα
2918 4677 3105 4730 οὐδένα
3136 4676 3295 4731 ἄλλον
3335 4679 3492 4748 ῐσμεν
3523 4677 3557 4747 ἦ
3591 4679 3683 4730 τὸν

2106 4772 2352 4825 εἰπόντα·
2395 4790 2412 4821 ι
2467 4769 2609 4839 Ἐγὼ
2638 4770 2695 4824 δὲ
2730 4769 3066 4840 κατεστάθην
3100 4769 3353 4840 βασιλεὺς
3393 4772 3484 4825 ὑπ’
3515 4772 3684 4825 αὑτοῦ

2105 4864 2199 4916 ἐπὶ
2259 4861 2397 4916 Σιὼν
2457 4861 2582 4934 ὅρος
2633 4862 2694 4914 τὸ
2755 4862 2910 4930 ἅγιον
2968 4861 3168 4925 αὑτοῦ,
3229 4862 3566 4932 διαγγέλλων
3624 4863 3685 4916 τὸ

2106 4956 2436 5027 πρόσταγμα
2461 4955 2688 5026 Κυρίου.
2732 4974 2751 5007 ι
2785 4953 2987 5007 Τούτου
3015 4953 3112 5025 τὴν
3137 4954 3350 5025 ἡμέραν
3383 4956 3434 5008 οἱ
3462 4954 3683 5019 ἰδόντες,

2104 5050 2198 5103 καὶ
2250 5047 2675 5118 εύφρανθέντες,
2726 5045 2930 5109 πάντες
2976 5046 3082 5099 εἰσί
3131 5045 3430 5116 βασιλικοίο
3487 5047 3583 5100 καὶ
3632 5047 3682 5098 οἰ

2102 5139 2450 5204 πιστεύοντες
2489 5141 2569 5202 εἰς
2627 5139 2723 5192 τὸν
2780 5138 2998 5210 Πατέρα
3048 5137 3117 5191 δι’
3176 5137 3342 5192 αὑτοῦ
3404 5137 3684 5210 ἐπώνυμοι

2118 5300 2572 5392 "ibid.5a,55.'
2634 5327 2681 5359 ν·
2709 5324 2898 5381 Matth.
2927 5340 2980 5392 ν,
3016 5325 3108 5381 35.
3175 5325 3680 5397 "Apoc.x1x,16.

2101 5533 2286 5584 Omisit
2315 5533 2432 5578 τοῦ.

2174 5596 2286 5682 (56)
2321 5595 2440 5682 "Ei;
2460 5593 2566 5661 νῷ.
2599 5594 2692 5652 Sic
2720 5595 2887 5651 codex
2916 5594 3244 5651 Bodleianus
3262 5609 3279 5660 ;
3297 5592 3520 5666 Regius,
3546 5610 3677 5665 per-

2101 5667 2376 5738 peram,év
2405 5667 2471 5732 ᾧ.

2174 5734 2898 5818 (βἹ),0,οόει“ΒοάΙθῇοηυε,
2960 5743 3127 5818 recte,
3175 5732 3386 5806 ἐχέτωο
3435 5731 3677 5806 Regius,

2103 5801 2275 5864 male,
2289 5801 2482 5858 ἰκέτω·
2515 5804 2817 5870 Perionius,
2846 5803 3152 5858 ἱκετευέτω.

2179 5874 2289 5947 (58)
2335 5875 2788 5930 Ἐπανελθόντα.
2831 5875 3008 5932 Codex
3037 5871 3390 5943 Bodleianus,
3425 5873 3672 5930 ἐλθόντα.
