3806 6574
108 482 214 539 509
1189 485 1552 548 COMMENT.
1591 489 1660 546 IN
1698 485 1893 548 JOAN.
1933 482 2172 542 TOMUS
2204 482 2348 544 XIII.
3266 486 3371 542 5i)

106 594 455 664 τυγχάνουσι
475 594 578 666 τῆς
609 595 884 666 βασιλείας
919 595 1105 662 αὑτοῦ,
1138 590 1214 652 ὧν
1239 600 1336 654 ἕνα
1371 603 1491 655 τινά
1514 599 1678 672 ζητοῦ

1813 600 1935 655 dam
1968 600 2288 672 quaerimus,
2322 607 2377 655 et
2405 599 2578 670 ipsius
2609 599 2800 668 filium,
2840 603 2932 672 qui
2980 601 3282 673 agrotarit,
3333 613 3376 658 :t

110 702 231 754 μεν,
265 687 370 739 καὶ
403 686 497 740 τὸν
523 688 897 760 άσθενήσαντα
924 689 1037 742 υίδν
1069 689 1256 757 αὐτοῦ,
1291 693 1385 746 καὶ
1415 693 1484 747 τὰ
1511 691 1681 746 τούτοι

1805 701 2000 746 caetera
2035 707 2158 761 quae
2191 691 2259 747 de
2283 693 2387 747 hoc
2417 691 2755 748 scribuntur.
2813 692 3061 748 Diximus
3110 702 3286 747 autem
3323 693 3374 747 in

105 776 413 832 ἀκόλουθα.
473 777 760 850 Ἐλέγομεν
784 779 841 832 δὲ
879 781 938 834 ἐν
965 783 1078 845 τοῖς
1109 783 1370 854 ἀνωτέρω
1403 784 1496 838 τὸν
1524 784 1681 838 πάντι

1805 785 2181 854 superioribus
2238 798 2455 840 omnem
2488 783 2741 853 p0pulum
2772 783 2943 837 filium
2970 799 3090 840 esse
3119 783 3294 840 Abrah
3313 800 3374 850 te,

107 865 234 919 λαὸν
269 868 393 921 υίὸν
416 866 558 923 εἶναι
583 869 677 923 τοῦ
712 870 982 942 Ἀϐραὰμ,
1008 873 1084 936 ὠς
1114 875 1208 928 καὶ
1225 875 1379 929 αὐτοὶ
1413 876 1681 947 αύχοῦντέ

1809 878 2258 946 quemadmodum
2285 876 2448 931 etiam
2477 875 2577 944 ipsi
2609 874 2903 944 gloriantes
2924 876 3196 933 fatentur:
3218 893 3238 928 ι
3266 876 3376 933 nos
3429 917 3442 944 ,

109 973 277 1024 φασιο
326 977 348 1010 ι
384 959 618 1030 Σπέρμα
664 961 916 1033 Ἀϐραάμ
957 963 1144 1034 ἐσμεν,
1176 965 1271 1018 καὶ
1311 965 1486 1020 οὐδενὶ
1527 967 1681 1021 δεδου

1809 985 1992 1026 semen
2033 970 2266 1025 Abrahae
2309 983 2519 1030 sumus,
2558 978 2614 1023 et
2675 968 2876 1024 nemini
2905 969 3226 1025 set-vivimus
3275 987 3374 1026 un-
3413 963 3451 1018 Ὑ-

106 1047 398 1120 λεύκαμεν
431 1050 652 1104 πώποτε
669 1068 684 1082 '
721 1069 740 1103 ι
767 1051 891 1106 καί·
932 1071 950 1104 ι
979 1054 1071 1126 Μὴ
1094 1055 1158 1108 σὺ
1191 1055 1392 1126 μείζων
1413 1052 1462 1110 εἶ
1481 1058 1576 1111 τοῦ
1597 1075 1681 1112 παι

1810 1063 2064 1132 quam";
2096 1080 2116 1114 ι
2149 1068 2206 1116 et
2232 1061 2358 1115 illud
2389 1077 2445 1113 τι
2471 1060 2611 1115 Num
2633 1069 2689 1115 tu
2724 1059 2900 1128 major
2924 1076 2983 1116 es
3006 1071 3160 1132 patre
3186 1073 3374 1119 nostro

106 1138 236 1209 τρὺς
295 1141 462 1210 ἡμῶν
520 1141 807 1213 Ἀϐραὰμ,
853 1144 1001 1208 ὅστις
1050 1146 1354 1214 ἀπέθανεν;
1415 1167 1434 1201 ι
1491 1149 1578 1212 Ὠς
1613 1150 1701 1202 ἐπ’

107 1230 268 1302 αὐτῷ
300 1233 422 1304 γὰρ
449 1234 802 1305 καυχωμένου
839 1235 935 1289 τοῦ
967 1236 1096 1290 λαοῦ
1130 1238 1281 1312 παρὰ
1304 1242 1430 1303 τοὺς
1461 1241 1700 1307 λοιποὺς,

108 1327 198 1378 καὶ
238 1328 367 1397 μετ’
408 1329 574 1382 αὐτὸν
621 1329 883 1400 πατέρας,
931 1332 1063 1402 φησὶ
1096 1333 1190 1386 καὶ
1229 1336 1258 1386 6
1293 1335 1512 1406 Σωτήρ·
1555 1354 1574 1386 ι
1609 1333 1701 1406 Μὴ

108 1418 358 1488 ἄρξησθε
391 1420 596 1489 λέγειν,
629 1423 712 1475 ὄτι
753 1424 968 1495 πατέρα
1003 1423 1199 1495 ἔχομεν
1227 1425 1316 1479 τὸν
1365 1426 1634 1498 Ἀϐραὰμ,
1675 1445 1695 1478 ι

107 1510 164 1580 ἢ,
199 1508 338 1583 «Μὴ
370 1510 563 1584 δόξητε
590 1511 788 1582 λέγειν,
825 1514 1038 1586 πατέρα
1062 1514 1258 1586 ἔχομεν
1294 1517 1386 1569 τὸν
1419 1517 1698 1588 ’Δϐραάμσ

101 1602 329 1658 δύναται
408 1603 521 1675 γὰρ
568 1604 680 1675 (59)
739 1609 769 1659 6
817 1605 950 1671 Θεὸς
989 1609 1054 1661 ἐκ
1107 1606 1219 1660 τῶν
1279 1607 1440 1662 λίθων
1499 1609 1702 1664 τούτων

109 1693 327 1760 ἐγεῖραι
358 1693 533 1747 τέκνα
563 1695 642 1766 τῷ
695 1697 965 1770 Ἀϐραάμ.
1005 1717 1024 1750 ι
1079 1697 1240 1752 Ἀλλὰ
1275 1699 1371 1753 καὶ
1406 1701 1435 1752 6
1478 1701 1703 1764 Ἡσαΐας

110 1783 252 1854 πρὸς
291 1785 390 1837 τὸν
429 1785 556 1840 λαόν
601 1805 793 1858 φησιν’
852 1807 872 1840 ι
939 1789 1275 1860 Ἐμϐλέψατε
1318 1791 1396 1854 είς
1452 1789 1703 1861 ’Δϐραάμ

107 1872 197 1923 τὸν
220 1873 449 1945 πατέρα
478 1875 634 1945 ὑμῶν
655 1877 791 1947 (60),
819 1877 914 1931 καὶ
935 1879 1014 1942 είς
1041 1879 1256 1950 Σάρραν
1279 1878 1377 1950 τὴν
1408 1879 1702 1935 ὠδίνουσαν

1806 1151 2102 1216 Abraham,
2155 1151 2248 1219 qui
2303 1159 2549 1204 mortuus
2599 1149 2798 1205 est”?
2862 1169 2882 1203 ι
2944 1151 3178 1207 Perinde
3225 1153 3370 1208 enim

1808 1243 1964 1313 quasi
2021 1241 2247 1312 populus
2280 1241 2614 1309 gloriaretur
2667 1242 2718 1297 in
2749 1242 2867 1312 ipso
2902 1245 3072 1312 magis
3121 1259 3285 1313 quam
3314 1245 3369 1299 in

1805 1334 2018 1391 caeteris
2071 1335 2335 1404 patribus.
2375 1335 2550 1403 iisque
2605 1334 2699 1405 qui
2754 1344 2878 1403 post
2922 1334 3095 1404 ipsum
3129 1337 3373 1391 exstitis-

1802 1435 1943 1494 sent,
1975 1427 2152 1496 inquit
2181 1426 2343 1481 etiam
2377 1424 2637 1480 Servator
2669 1442 2682 1478 :
2722 1443 2741 1477 ι
2787 1425 2866 1481 Ne
2908 1427 3187 1495 cmperitis
3219 1427 3371 1482 dice-
3461 1467 3467 1473 .

1801 1534 1906 1575 re:
1951 1517 2167 1573 Patrem
2196 1519 2464 1573 habemus
2507 1518 2825 1582 Abraham;
2865 1537 2883 1570 ι
2911 1519 3012 1582 vel,
3052 1535 3072 1570 ι
3112 1517 3188 1573 Ne
3218 1519 3371 1588 cogi-

1802 1611 1926 1667 tetis
1953 1610 2136 1665 dicere
2164 1631 2176 1665 :
2208 1609 2428 1665 Patrem
2461 1609 2724 1664 habemus
2760 1609 3074 1674 Abraham;
3103 1625 3226 1663 nam
3273 1626 3370 1680 po-

1801 1711 1907 1758 test
1927 1701 2065 1757 Deus
2083 1701 2151 1755 de
2172 1699 2446 1770 lapidibus
2469 1700 2554 1755 his
2570 1699 2994 1765 suscitareﬁlins
3012 1699 3241 1754 Abrahae
3261 1703 3361 1754 ".t

1800 1787 1940 1855 Quin
1974 1786 2146 1842 Isaias
2176 1799 2396 1854 quoque
2425 1786 2491 1841 ad
2522 1786 2780 1856 populum
2812 1786 3025 1855 inquit:
3067 1806 3085 1838 ι
3113 1788 3368 1859 Inspicite

1802 1879 1855 1933 in
1889 1878 2161 1933 Abraham
2195 1885 2402 1948 patrem
2441 1889 2704 1945 vestrum,
2753 1888 2809 1932 et
2856 1878 2910 1931 in
2958 1876 3202 1942 Sarram,
3247 1892 3370 1947 qua:

109 1964 258 2034 ὑμᾶς
289 1942 432 2037 (61).
465 1986 486 2020 ι
514 1942 624 2021 Καὶ
655 1942 710 2022 τί
733 1942 817 2023 δεῖ
833 1969 920 2023 διά
941 1942 1402 2042 παραδείγμάτων
1435 1971 1681 2043 μηκύνειη

1799 1985 1898 2027 vos
1927 1942 2210 2040 peperit":
2231 1990 2250 2024 ι
2273 1969 2341 2025 Ει
2363 1969 2491 2040 quid
2523 1983 2658 2039 opus
2677 1942 2761 2024 est
2784 1968 3043 2039 exemplis
3065 1942 3368 2023 sermonem

107 2056 198 2108 τὸν
231 2056 425 2126 λόγον,
459 2059 664 2127 σαφοῦς
702 2060 876 2124 ὄντος,
913 2062 994 2114 ὅτι
1027 2061 1189 2126 αὐτὸς
1230 2064 1443 2134 πρῶτος
1481 2082 1698 2136 χρημα-

107 2146 244 2211 τίζει
287 2148 476 2220 πατὴρ
503 2150 600 2203 τοῦ
627 2149 780 2214 λαοῦ,
811 2151 892 2206 διὸ
924 2154 1018 2207 καὶ
1051 2153 1344 2225 ἐξαιρέτως
1371 2154 1696 2226 ὀνομάζεται

109 2240 332 2311 πατήρ;
377 2241 742 2312 ’Υπονοοῦμεν
771 2243 948 2298 τοίνυν
977 2244 1069 2298 τὸν
1097 2240 1202 2316 ’μὲν
1249 2245 1525 2316 βασιλικὸν
1558 2244 1696 2302 εῖναι

108 2327 197 2381 τὸν
230 2330 513 2402 ’Δϐραάμ,
546 2333 641 2386 τὺν
672 2333 729 2386 δὲ
751 2334 1127 2404 ἀσθενήσαντα
1158 2337 1320 2390 αὑτοῦ
1352 2337 1464 2390 υίὺν
1491 2340 1548 2392 ὲν
1577 2340 1694 2393 Κα-

110 2422 428 2491 φαρναοὺμ,
465 2423 559 2476 καὶ
600 2423 861 2494 μέλλοντα
890 2426 1276 2498 ἀποθνήσκειν,
1319 2428 1382 2483 τὸ
1429 2431 1696 2501 Ἰσραηλι-

108 2511 258 2564 τικὺν
284 2511 463 2580 γένος,
500 2514 806 2586 ἀσθενῆσαν
843 2518 904 2571 έν
940 2520 1006 2589 τῇ
1049 2517 1327 2592 θεοσεϐείᾳ
1363 2521 1458 2574 καὶ
1488 2524 1554 2593 τῇ
1598 2539 1696 2594 τη-

113 2608 268 2679 ρήσει
307 2609 424 2663 τῶν
462 2610 623 2666 θείων
655 2614 856 2686 νόμων,
888 2616 983 2670 καὶ⁸
1023 2618 1161 2686 πρὸς
1201 2620 1262 2672 τὸ
1295 2621 1586 2674 ἀποθανεῖν
1615 2622 1693 2694 τῷ

109 2699 228 2770 Θεῷ
260 2703 548 2772 γινόμενον
570 2704 679 2757 τῶν
716 2708 1126 2777 πεπυρωμένων
1170 2709 1338 2779 βελῶν
1367 2711 1460 2764 τοῦ
1499 2712 1690 2786 ἐχθροῦ

110 2794 530 2865 πεπυρωμένον,
577 2797 670 2850 καὶ
712 2796 801 2850 διὰ
837 2798 994 2851 τοῦτο
1036 2801 1329 2871 πυρέσσειν
1381 2803 1688 2875 λεγόμενον.

95 2883 364 2938 ’Φαίνεται
415 2886 474 2940 δὲ
522 2887 736 2958 μέλλειν
782 2888 892 2960 (62)
935 2893 1047 2954 τοῖς
1096 2892 1547 2965 προεξεληλυθόσι
1599 2895 1691 2950 τὸν

115 2973 226 3043 βίον
250 2973 446 3029 τοῦτον
485 2978 664 3046 ἁγίοις
703 2980 830 3051 περὶ
867 2979 962 3033 τοῦ
1003 2981 1154 3049 λαοῦ,
1190 2982 1266 3048 ὼς
1306 2985 1364 3038 ὲν
1394 2988 1504 3049 τοῖς
1533 2987 1691 3040 Μακ-

111 3065 400 3131 καϐαῖκοὶς
448 3069 761 3141 γέγραπται
817 3070 956 3142 μετά
1003 3072 1232 3128 πλεῖστα
1285 3074 1386 3129 ὅσα
1449 3075 1543 3150 ἔτη
1589 3077 1690 3149 τῆς

121 3158 384 3231 Ἰερεμίου
407 3162 754 3234 ἀναλήψεωςο
789 3181 808 3216 ι
850 3157 1018 3230 Οὗτός
1047 3166 1194 3220 ἐστιν
1233 3166 1499 3239 Ἱερεμίας
1538 3170 1567 3222 6
1593 3170 1688 3224 τοῦ

1801 2061 2116 2131 producere,
2147 2060 2491 2116 manifestum
2528 2075 2649 2116 cum
2692 2060 2924 2129 sitquod
2959 2061 3072 2130 ipse
3094 2061 3368 2116 Abraham

1801 2151 1876 2205 sit
1928 2148 2140 2220 primus
2170 2158 2328 2220 pater
2357 2149 2561 2220 populi,
2591 2159 2814 2219 propter
2847 2151 2988 2219 quod
3017 2149 3368 2219 singulariter

1801 2241 1969 2296 etiam
1999 2243 2311 2296 nominatur
2333 2241 2524 2311 pater?
2546 2240 2897 2310 Suspicamur
2930 2241 3096 2310 igitur
3121 2241 3364 2308 regulum

1761 2361 1771 2370 -
1800 2347 1920 2388 esse
1943 2333 2242 2398 Abraham,
2284 2333 2402 2402 ejus
2431 2348 2558 2387 vero
2589 2333 2780 2398 filium,
2809 2334 2902 2404 qui
2943 2334 2994 2388 in
3047 2331 3366 2402 Capharnao

1799 2424 2104 2494 mgrotavit,
2141 2432 2368 2494 eratque
2411 2424 2731 2490 moriturus,
2779 2424 3134 2481 lsraeliticutn
3174 2440 3365 2495 genus,

1799 2517 1941 2586 quod
1970 2525 2332 2586 mgrotaverat
2361 2517 2414 2571 in
2455 2517 2547 2571 Dei
2579 2519 2749 2584 cultu,
2786 2528 2840 2573 et
2876 2517 3252 2574 observatione
3279 2517 3367 2573 di-

1797 2611 2046 2663 vinarum
2069 2609 2282 2677 legum;
2314 2618 2368 2663 et
2388 2609 2555 2663 etiam
2591 2609 2698 2664 Deo
2725 2618 2781 2664 ut
2808 2619 3131 2676 moreretur,
3162 2609 3368 2665 fervea-

1799 2703 1963 2768 tibus,
1994 2710 2052 2755 ut
2106 2701 2177 2755 ita
2228 2700 2459 2769 loquar,
2499 2701 2702 2755 inimici
2747 2703 2958 2770 sagittis
3007 2701 3362 2758 fervefactnm

1797 2792 1996 2854 fuerat,
2034 2791 2175 2844 unde
2199 2789 2360 2843 etiam
2392 2789 2623 2856 fervere,
2649 2789 2699 2843 id
2732 2799 2815 2845 est
2867 2790 3197 2857 febricitare,
3227 2791 3366 2846 dici-

1795 2890 1904 2936 tur.
1933 2877 2094 2950 273
2123 2881 2361 2948 Apparet
2391 2889 2570 2933 autem
2598 2881 2826 2943 sanctis,
2863 2881 2954 2949 qui
2981 2895 3139 2936 antea
3164 2896 3230 2935 ex
3261 2881 3365 2936 hac

1795 2974 1907 3027 vita
1936 2971 2277 3039 emigrarint,
2308 2985 2495 3028 curam
2523 2983 2643 3024 esse
2672 2969 2738 3025 de
2763 2971 2981 3041 populo,
3011 2972 3360 3040 quemadmo-

1795 3064 1922 3119 dum
1944 3063 2002 3118 in
2035 3060 2460 3118 Machabazorum
2482 3061 2648 3131 gestis
2672 3062 2935 3132 scriptum
2965 3068 3070 3127 est,
3095 3071 3214 3132 post
3236 3062 3358 3131 plu-

1795 3156 1962 3211 rimos
1995 3169 2167 3210 annos
2206 3154 2276 3210 ab
2301 3153 2451 3208 obitu
2479 3151 2731 3208 Jeremiat
2759 3169 2772 3205 :
2806 3169 2826 3203 ι
2864 3152 2964 3208 llic
2991 3161 3073 3208 est
3094 3151 3360 3209 Ieremias

112 3250 244 3304 Θεοῦ
272 3252 586 3322 προφήτης,
616 3254 646 3305 6
675 3252 847 3306 πολλὰ
874 3254 1165 3325 εὐχόμενος
1194 3257 1323 3328 περὶ
1352 3256 1446 3310 τοῦ
1478 3257 1626 3313 λαοῦ.
1663 3278 1681 3312 ι

1796 3246 1889 3301 Dei
1919 3246 2206 3318 propheta,
2235 3245 2326 3314 qui
2349 3243 2580 3298 multum
2600 3252 2721 3297 orat
2747 3258 2845 3313 pro
2875 3244 3188 3314 populo“.t
3226 3243 3360 3300 Vide

115 3343 251 3413 Ὅρα
307 3341 490 3396 τοίνυν
539 3344 588 3395 εί
646 3343 870 3399 δυνατὸν
901 3346 1272 3417 ἐκλαμϐάνειν
1338 3350 1505 3420 ἡμᾶς,
1545 3351 1681 3407 ὅτιὸ

1792 3351 1921 3406 ergo
1943 3351 2069 3390 num
2096 3350 2366 3407 exponere
2397 3334 2700 3404 possimus,
2733 3335 2878 3403 quod
2900 3335 3173 3389 Abraham
3205 3349 3360 3404 regu-

124 3431 376 3503 Ἀϐραὰμ
425 3431 704 3502 βασιλικός
757 3451 842 3498 τις
893 3433 970 3489 ὢν
1025 3438 1353 3507 νοσήσαντος
1395 3439 1545 3509 αὐτῷ
1591 3439 1687 3494 τοῦ

114 3522 248 3584 υἱοῦ,
281 3521 647 3594 ἀποθνήσκειν
693 3523 995 3594 μέλλοντος,
1031 3523 1174 3591 ἀξιοῖ
1212 3527 1543 3600 βοηθηθῆναι
1584 3531 1689 3584 ὑπὸ

113 3609 202 3663 τοῦ
240 3611 495 3682 Σωτῆρος
533 3611 692 3682 ἡμῶν
731 3612 823 3667 τὸν
862 3613 1139 3684 κάμνοντα
1161 3653 1176 3679 ,
1221 3617 1506 3688 γενόμενος
1551 3618 1688 3690 πρὸς

114 3702 290 3768 αὑτὸν,
321 3703 420 3755 καὶ
449 3701 672 3773 ἐρωτῶν
716 3703 803 3757 ἵνα
844 3705 1078 3775 καταϐῇ,
1123 3705 1218 3760 καὶ
1259 3707 1476 3779 ίάσηται
1520 3708 1686 3762 αὐτοῦ

113 3795 198 3846 τὸν
223 3796 334 3848 υἱόν
353 3813 368 3827 ο
401 3794 591 3866 ἔμελλε
615 3795 725 3867 γὰρ
756 3795 1141 3867 ἀποθνήσκειν.

182 3886 263 3942 58.
298 3887 374 3940 Τὸ
389 3885 465 3939 δέ·
495 3905 514 3938 ι
549 3886 676 3940 Ἐἀν
704 3886 778 3958 μὴ
796 3891 996 3958 σημεῖα
1021 3889 1112 3941 καὶ
1136 3888 1338 3962 τέρατα
1361 3889 1527 3961 ἴδητε,
1560 3909 1579 3943 ι
1606 3891 1687 3945 λε-

115 3979 332 4049 γόμενον
358 3977 498 4048 πρὸς
521 3977 703 4040 αὐτὸν,
729 3977 826 4049 τὴν
849 3978 1125 4049 ἀναφορὰν
1149 3977 1263 4049 ἔχει
1283 3981 1374 4033 ἐπὶ
1402 3982 1462 4034 τὸ
1484 3981 1686 4054 πλῆθος

116 4070 215 4122 τῶν
234 4069 364 4122 υἱῶν
381 4066 568 4134 αὐτοῦ,
593 4069 734 4138 τάχα
752 4069 809 4122 δὲ
836 4069 929 4122 καὶ
947 4071 1031 4122 ἐπ’
1052 4069 1233 4124 αὐτόν.
1262 4070 1351 4135 Ὠς
1368 4071 1476 4144 γάρ
1513 4073 1687 4128 Ἰωάν-

117 4179 224 4230 νης,
240 4160 551 4233 προσδοκῶν
579 4160 678 4233 τὴν
703 4159 939 4232 Χριστοῦ
975 4161 1289 4233 ἐπιδημίαν,
1315 4163 1603 4235 περιέμενε
1625 4166 1686 4218 τὸ

117 4252 254 4304 δοθὲν
279 4255 522 4324 σημεῖον,
557 4253 643 4304 ἵνα
669 4251 736 4304 δι’
754 4250 918 4305 αὑτοῦ
951 4250 1164 4322 γνῷτὸν
1195 4255 1682 4326 προφητευόμενονο

117 4343 176 4394 τὸ
191 4343 240 4397 δὲ
258 4346 480 4414 σημεῖον
496 4339 586 4414 ἦν’
608 4359 629 4394 ι
651 4343 764 4411 Ἐφ’
784 4342 842 4396 ὃν
875 4343 940 4396 ἂν
963 4341 1078 4414 ἴδῃς
1100 4344 1163 4396 τὸ
1180 4342 1401 4416 Πνεῦμα
1429 4346 1684 4400 καταϐαἴο

120 4453 220 4495 νον,
261 4436 354 4487 καὶ
407 4435 568 4505 μένον
621 4435 708 4486 ἐπ’
757 4432 939 4498 αὑτὸν,
987 4426 1143 4496 οὗτός
1179 4436 1326 4489 ἐστιν
1357 4439 1386 4490 6
1417 4437 1546 4501 Υίὸς
1588 4437 1682 4492 τοῦ

120 4525 241 4578 Θεοῦ
259 4545 271 4556 ο
307 4547 326 4579 ι
365 4527 536 4590 οὕτως
561 4526 658 4579 καὶ
683 4526 733 4578 οἱ
761 4528 1257 4598 προκεκοιμημένοι
1283 4527 1428 4597 ἅγιοι
1457 4530 1684 4601 προσδο-

1789 3427 1874 3482 lus
1908 3426 2174 3497 quispiam
2223 3426 2518 3492 exsistens,
2559 3427 2854 3496 aegrotante
2895 3424 3000 3479 sibi
3025 3421 3358 3493 filio,eoque

1790 3519 2078 3582 morituro,
2114 3517 2397 3573 Dominum
2424 3525 2578 3587 rogat
2607 3530 2704 3586 pro
2730 3515 2827 3570 lilii
2861 3514 3160 3571 laborantis
3196 3529 3357 3570 sana-

1791 3610 1958 3676 tione,
2010 3608 2290 3680 profectus
2325 3609 2392 3662 ad
2415 3607 2614 3677 ipsum,
2646 3614 2700 3662 et
2723 3606 3018 3662 obsecrans
3045 3615 3105 3662 ut
3128 3605 3358 3663 descen-

1789 3703 1882 3758 dat
1906 3712 1962 3758 et
1985 3709 2144 3758 curet
2173 3715 2334 3756 suum
2360 3699 2530 3754 filium
2549 3698 2663 3770 jam
2691 3697 3044 3758 moriturum.

1859 3886 1951 3942 58.
1997 3883 2131 3938 illud
2185 3897 2318 3938 vero
2363 3880 2509 3951 quod
2538 3879 2607 3936 ad
2662 3879 2838 3949 ipsum
2872 3878 3116 3935 dicitur:
3165 3895 3188 3932 ι
3237 3875 3352 3934 Nisi

1787 3979 1943 4050 signa
1979 3987 2032 4032 et
2060 3976 2303 4047 prodigia
2346 3974 2610 4041 videritis,
2658 3991 2680 4026 ι
2734 3973 3053 4027 relationem
3084 3971 3246 4027 habet
3282 3973 3352 4027 ad

1787 4068 2186 4126 multitudinem
2238 4067 2469 4121 filiorum
2519 4063 2656 4134 ejus,
2688 4072 2744 4118 et
2781 4062 3034 4118 fortassis
3073 4063 3142 4118 ad
3175 4063 3350 4132 ipsum

1785 4162 1971 4216 etiam.
1988 4159 2057 4216 Ut
2077 4159 2224 4214 enim
2246 4157 2484 4214 Joannes
2499 4157 2702 4212 Christi
2721 4155 3010 4210 adventum
3033 4166 3350 4225 expectans,

1786 4250 2143 4324 exspectabat
2165 4251 2380 4321 signum
2409 4251 2618 4314 datum,
2645 4257 2708 4303 ut
2745 4264 2842 4319 per
2877 4263 3000 4303 eum
3035 4255 3352 4318 agnosceret

1784 4360 1907 4402 eum
1937 4345 2028 4416 qui
2053 4343 2513 4414 prophetabatur;
2538 4343 2753 4411 signum
2785 4356 2915 4398 vero
2945 4350 3065 4396 erat
3089 4357 3102 4393 :
3130 4357 3149 4392 ι
3173 4337 3352 4408 Super

1782 4453 1942 4510 quem
1977 4437 2177 4492 videris
2205 4435 2465 4505 Spiritum
2488 4434 2929 4500 descendentem,
2960 4443 3014 4489 et
3045 4441 3349 4487 manentem

1783 4545 1949 4600 super
1975 4543 2122 4595 eum,
2151 4527 2240 4582 hic
2267 4536 2352 4582 est
2375 4525 2547 4581 Filius
2579 4525 2672 4580 Dei
2701 4525 2780 4591 εις
2812 4544 2834 4579 ι
2871 4526 2952 4581 sic
2978 4523 3143 4580 etiam
3172 4522 3348 4578 sancti

121 4613 308 4678 κιῖιντες
345 4616 441 4668 καὶ
471 4615 570 4684 τὴν
596 4615 654 4667 έν
689 4613 900 4685 σώματι
936 4615 1031 4668 τοῦ
1077 4617 1310 4687 Χριστοῦ
1358 4619 1672 4690 ἐπιδημίαν,

1792 4623 1876 4692 qui
1908 4629 2069 4677 antea
2129 4633 2161 4674 e
2200 4620 2312 4673 vita
2341 4618 2714 4684 decesserant,
2741 4623 3121 4688 exspectantes
3146 4613 3349 4670 Christi

121 4708 218 4759 ἀπὸ
257 4707 363 4760 τῶν
407 4705 652 4776 σημείων
681 4707 774 4760 καὶ¹
805 4705 914 4760 τῶν
947 4709 1190 4779 τεράτων
1240 4711 1674 4783 ἐχαρακτήριςον

121 4800 285 4863 αὐτὸν,
311 4799 402 4852 διὰ
435 4798 644 4852 τούτων
690 4797 767 4867 τῷ
787 4798 1124 4872 ὲλπιζομένῳ
1157 4802 1520 4866 πιστεύοντες.
1571 4803 1682 4857 Τά-

121 4903 221 4953 χιον
242 4887 295 4939 δὲ
319 4885 630 4957 παρακαλεῖ
654 4887 744 4939 τδν
771 4887 973 4957 Κύριον
1003 4890 1304 4961 καταϐῆναι
1348 4893 1483 4962 πρὸς
1508 4892 1572 4947 τὸ
1587 4911 1677 4948 νο-

123 4977 231 5028 σών
261 4979 470 5031 παιδίον
516 4977 734 5041 ἑαυτοῦ,
795 4978 1186 5050 εὐλαϐούμενος
1237 4982 1313 5054 μὴ
1363 4983 1608 5057 προλάϐτ)
1645 4987 1675 5039 6

120 5064 322 5131 θὼθατος
358 5069 642 5139 κρατήσας
671 5068 762 5122 τὸν
800 5070 1076 5139 κάμνοντα
1101 5089 1114 5102 ·
1159 5073 1251 5125 καὶ
1281 5074 1578 5130 ἀπελαύνει
1607 5093 1671 5146 γε

121 5159 200 5211 τὸν
219 5164 438 5234 πυρετὸν
465 5163 611 5234 λόγῳ
631 5165 660 5215 6
683 5163 934 5233 Χριστὸς,
967 5165 1433 5236 ἐπαγγειλάμενος
1462 5166 1539 5237 τῷ
1567 5184 1673 5220 πα-

120 5251 199 5318 τρὶ
223 5252 313 5320 τῆς
332 5254 479 5323 ζωῆς
510 5253 605 5307 τοῦ
632 5253 1054 5318 κινδυνεύοντος,
1085 5254 1175 5308 διὰ
1194 5249 1316 5310 τοῦ·
1349 5275 1367 5307 ι
1404 5256 1668 5327 Πορεύου,

122 5340 149 5388 6
176 5340 268 5403 υἱός
295 5358 382 5395 σου
417 5341 505 5413 ζῇ.
539 5361 558 5394 ι
591 5343 743 5411 Ἔχει
775 5343 831 5396 δὲ
854 5335 1010 5408 οὗτος
1040 5346 1071 5398 6
1100 5345 1376 5415 βασιλικὸς
1415 5348 1476 5401 οὺ
1509 5347 1671 5420 μόνον

124 5428 236 5494 υἱὸν,
264 5433 391 5487 ἀλλά
441 5433 540 5486 καὶ
583 5433 821 5498 δούλους,
866 5429 942 5488 ὧν
988 5437 1257 5507 σύμϐολον
1283 5429 1424 5506 ἦσαν
1451 5440 1500 5492 oi
1526 5440 1671 5494 οίκο-

124 5525 273 5586 τενεῖς
319 5525 412 5579 καὶ
474 5523 854 5597 ἀργυρώνητοι
916 5525 1012 5580 τοῦ
1077 5527 1328 5600 ’Δϐραάμ
1345 5569 1362 5596 ,
1425 5526 1565 5596 εἶδός
1615 5548 1670 5586 τι

1777 4712 2069 4767 adventum
2103 4708 2156 4764 in
2179 4722 2436 4778 corpore,
2469 4723 2497 4763 a
2523 4709 2694 4780 signis
2719 4718 2775 4764 et
2803 4707 3062 4779 prodigiis
3089 4720 3211 4760 eum
3229 4718 3346 4758 ma-

1777 4801 2144 4859 nifestandum
2194 4800 2612 4870 exspectabant,
2663 4815 2760 4870 per
2807 4803 2924 4854 haec
2957 4797 3240 4852 credentes
3291 4793 3345 4847 in

1777 4909 1900 4950 eum
1928 4894 2020 4962 qui
2069 4892 2409 4961 sperabatur.
2451 4887 2716 4946 Obsecrat
2756 4894 2936 4941 autem
2970 4884 3048 4936 uti
3087 4881 3346 4934 Dominus

1775 4984 2030 5040 celeriter
2059 4983 2359 5038 descendat
2396 4981 2462 5035 ad
2489 4995 2645 5036 suum
2676 4979 2847 5049 ipsius
2883 4975 3050 5029 filium
3075 4979 3343 5043 wgrotan-

1779 5084 1907 5141 tem,
1969 5073 2238 5130 sollicitus
2282 5073 2554 5128 exsistens
2605 5084 2672 5124 ne
2727 5081 2874 5122 mors
2933 5067 3344 5134 prmoccuparet

1769 5167 1971 5221 victum
2045 5165 2358 5230 infirmum;
2418 5163 2718 5229 febrimque
2793 5170 3044 5211 sermone
3110 5151 3340 5222 expellit

1769 5255 2039 5321 Christus,
2071 5256 2386 5311 renuntians
2404 5253 2542 5323 patri
2570 5251 2736 5305 tilium
2765 5247 3160 5318 periclitantem
3187 5243 3339 5297 vive-

1775 5363 1859 5416 re,
1903 5363 2000 5417 per
2056 5347 2227 5402 illud:
2263 5364 2282 5398 ι
2321 5345 2486 5407 Vade,
2541 5342 2682 5396 illius
2736 5349 2858 5396 tuus
2898 5341 3049 5394 vivit.
3092 5356 3112 5390 I
3164 5336 3339 5392 Habet

1769 5440 1933 5495 etiam
1975 5439 2063 5493 hic
2109 5435 2323 5508 regulus
2352 5451 2458 5489 non
2497 5433 2676 5488 solum
2723 5431 2928 5498 filium,
2959 5443 3146 5484 verum
3174 5428 3336 5482 etiam

1773 5543 1984 5598 servos,
2019 5541 2249 5599 quorum
2297 5533 2423 5579 nota
2470 5531 2627 5578 erant
2672 5537 2851 5578 vernae
2892 5521 3144 5587 Abrahae,
3184 5527 3241 5574 et
3280 5516 3336 5572 hi

188 5631 226 5664 "
256 5633 402 5690 Joan.
431 5649 552 5700 vut,
578 5633 670 5690 '53.
762 5632 809 5666 '°
839 5633 972 5690 ibid.
1000 5635 1090 5692 55.
1189 5637 1235 5670 “
1257 5637 1453 5695 Matth.
1482 5655 1567 5710 tu,
1603 5641 1659 5698 9.

1807 5641 1938 5698 lsai.
1971 5655 2046 5707 ιι,
2083 5638 2139 5692 2.
2221 5637 2270 5670 ⁸³
2297 5635 2342 5691 11
2377 5634 2554 5691 Mach.
2595 5650 2688 5701 xv,
2729 5635 2818 5691 11.
2909 5633 3131 5689 “Joan.
3177 5649 3215 5698 t,
3242 5633 3334 5689 53.

190 5747 286 5831 (ἕξ)
313 5750 458 5831 (rip;
487 5749 722 5831 Deestin
756 5749 952 5831 codice
982 5752 1168 5831 βρβῑο,

193 5817 288 5958 ἓθυ)
313 5817 522 5898 ’ΐμῷη
545 5819 723 5874 Codex
756 5819 958 5890 Regius
985 5817 1149 5879 habet
1181 5827 1355 5898 ἡμῶν,
1386 5828 1546 5886 male.

211 5888 292 5958 bl;
327 5889 513 5958 Ὑμας.
550 5887 730 5946 Codex
762 5887 990 5958 Regius,
1018 5894 1186 5958 ἡμᾶς.
1221 5898 1380 5954 male.

211 5888 292 5958 61)
327 5887 513 5958 Ὑμᾶς.
550 5887 730 5946 Codex
762 5887 990 5960 Regius,
1018 5887 1380 5965 ἡμᾶς.’ἰιιίιιέ.

1836 5760 1951 5833 (62)
1991 5758 2267 5833 φαίνεται
2305 5723 2376 5808 δὲ
2404 5753 2816 5833 pé.]._letr,_et_c.
2843 5753 2998 5833 Hunc
3038 5752 3212 5833 locum
3249 5770 3337 5833 τε.

1763 5823 1942 5901 Ιίιιίιίε’
1969 5830 2368 5901 adjunge‘quos
2408 5823 2625 5901 profert
2674 5825 3032 5881 Bellarminus
3063 5823 3156 5880 lib.
3199 5839 3214 5879 ι
3257 5823 3334 5880 De

1761 5896 2061 5957 sanctorum
2085 5896 2292 5963 ὺεὶιιίι..
2323 5910 2443 5966 cap.
2481 5896 2565 5952 ιι).
