3826 6524
463 435 558 491 5H

1903 427 2227 491 OBIGENIS

3597 435 3702 494 ειη

461 563 598 618 quos
631 553 859 618 argento
909 555 1142 614 emerat,
1197 547 1369 602 forma
1401 545 1646 620 quadarn
1691 546 2022 604 credentium

2133 544 2495 601 πιστευόντων
2555 545 2957 619 ταπεινότερον,
3004 547 3098 602 καὶ
3147 546 3505 619 ὑποϐεϐηκός.
3543 543 3703 605 οὗτοι

461 639 727 708 abjectior
755 648 812 693 et
842 639 1122 694 humilior.
1179 637 1243 692 lli
1287 641 1736 695 consuetudinem
1773 639 2032 694 habentes

461 751 583 790 cum
617 735 726 788 lilio
755 735 1122 801 febricitante,
1164 735 1352 791 vident
1391 736 1533 791 illius
1561 736 1812 801 salutem,
1840 751 2032 791 occur-

462 835 693 895 runlque
725 827 864 897 patri
902 828 1066 880 vitam
1111 829 1288 882 sanati
1323 829 1750 893 annuntiantes,
1800 843 2034 896 eumque

460 919 640 974 Iustum
677 923 964 977 reddentes
995 921 1085 976 illo
1118 923 1328 978 verbo:
1362 940 1382 974 ι
1427 922 1599 977 Filius
1644 931 1766 977 tuus
1809 922 1966 984 vivit,
2007 941 2027 975 ι

461 1014 554 1080 qui
585 1023 745 1068 antea
783 1028 886 1067 non
919 1015 1228 1084 cogitarant
1261 1015 1428 1068 filium
1457 1016 1660 1069 domini
1687 1016 1886 1070 vivere.
1915 1013 2031 1069 Non

459 1102 660 1158 frustra
701 1115 877 1159 autem
921 1107 1052 1159 hora
1085 1107 1312 1175 septima
1353 1107 1611 1175 relinquit
1651 1121 1774 1161 eum
1826 1108 2028 1170 febris,

460 1209 584 1248 nam
616 1211 874 1250 numerus
903 1196 994 1249 ille
1019 1207 1145 1250 nota
1180 1206 1263 1250 est
1302 1198 1522 1265 quietis.
1560 1197 1614 1250 lu
1649 1196 2030 1268 Capharnaum

459 1298 590 1339 sane
621 1295 700 1339 est
732 1286 820 1340 ille
860 1287 1026 1350 filius,
1055 1287 1145 1354 qui
1192 1296 1422 1356 aegrotat
1458 1299 1513 1341 et
1557 1298 1782 1344 curatur
1815 1287 2035 1360 (nempe

457 1375 513 1430 in
548 1377 937 1432 consolationis
965 1393 1119 1447 agro,
1157 1393 1326 1448 genus
1357 1380 1624 1447 quoddam
1655 1381 2030 1450 a'grotantium

456 1478 698 1546 quidem,
731 1480 824 1534 sed
858 1480 950 1548 qui
982 1495 1088 1535 non
1123 1483 1346 1535 omnino
1393 1481 1502 1536 sint
1551 1483 1668 1536 sine
1719 1478 2029 1551 fructibus),

454 1579 736 1647 creditque
788 1579 1181 1649 perfectissime
1211 1590 1388 1652 pater,
1443 1583 1622 1654 agnita
1680 1583 1771 1638 filii
1834 1585 2028 1650 salute,

455 1675 673 1732 Christo
703 1680 930 1734 credens
967 1695 1088 1733 cum
1121 1691 1232 1738 tota
1273 1684 1434 1738 domo
1466 1699 1584 1738 sua.
1619 1683 1899 1749 Quomodo
1931 1700 2029 1738 au-

458 1786 566 1832 tem
603 1777 932 1834 descendens
979 1777 1138 1834 Jcsus
1194 1795 1225 1834 a
1275 1779 1460 1836 Judxea
1513 1781 1564 1834 in
1613 1780 1894 1836 Galilazam
1928 1784 2031 1838 hoc

457 1868 668 1936 signum
695 1871 988 1924 secundum
1020 1870 1229 1936 fecerit,
1266 1871 1318 1926 in
1359 1874 1713 1941 sequentibus
1746 1875 2025 1944 indagubi~
2059 1887 2106 1947 Β

458 1974 576 2012 mus
606 1975 702 2030 pro
745 1961 908 2027 virili,
959 1978 1080 2016 cum
1127 1965 1194 2017 ad
1243 1972 1555 2019 contextum
1597 1969 2026 2034 pervenerimus.

458 2048 623 2121 274
647 2049 1110 2108 Considerandum
1145 2055 1308 2109 etiam
1355 2067 1438 2111 est
1477 2073 1602 2109 num
1638 2059 1893 2126 potentiae
1935 2057 2032 2110 ali-

457 2140 609 2208 cujus
635 2157 700 2196 ex
730 2144 813 2197 his
842 2146 932 2215 qui
985 2146 1110 2199 huic
1155 2147 1356 2202 sarculo
1398 2147 1686 2215 imperant,
1737 2151 1913 2218 imago
1960 2150 2029 2203 sit

459 2233 710 2300 regulus;
741 2250 865 2286 num
896 2237 1061 2288 etiam
1095 2237 1236 2290 lilius
1263 2237 1384 2307 cjus
1416 2238 1590 2308 imago
1629 2239 1698 2293 sit
1723 2255 1908 2293 eorum
1937 2241 2025 2309 qui

457 2325 731 2379 exsistunt
755 2327 855 2379 sub
883 2337 1176 2396 potestate,
1207 2345 1299 2384 sou
1336 2333 1512 2399 populi
1555 2333 1883 2400 prmstantis,
1949 2343 2025 2399 et,

458 2415 620 2468 mila
670 2416 869 2481 dicam,
923 2418 1091 2473 veluti
1144 2420 1428 2476 electionis
1461 2424 1600 2489 apud
1651 2422 1867 2493 ipsum:
1902 2441 2027 2478 num

457 2509 620 2562 etiam
668 2511 956 2567 infirmitas
1003 2513 1118 2580 ejus
1169 2516 1242 2569 sit
1291 2515 1518 2570 affectus
1566 2532 1784 2586 pravus,
1829 2528 2031 2587 praeter

456 2601 717 2671 principis
775 2607 1144 2674 propositum;
1195 2615 1251 2660 et
1309 2608 1499 2662 civitas
1532 2609 1909 2675 Capharnaum
1960 2609 2031 2664 sit

459 2691 638 2762 imago
688 2693 793 2748 loci
853 2697 1146 2752 mansionis
1179 2697 1282 2752 sibi
1334 2699 1702 2754 subditorum.
1761 2699 2028 2758 Existimo

456 2787 600 2836 enim
634 2784 839 2853 aliquot
870 2800 938 2841 ex
989 2787 1328 2857 principibus
1358 2788 1764 2859 obstupefactos
1807 2800 2030 2862 propter

457 2875 756 2942 potentiam
785 2887 839 2931 et
865 2878 1204 2934 divinitatem
1236 2879 1387 2948 Jesn,
1435 2881 1750 2951 confugisse
1784 2883 1851 2936 ad
1901 2897 2027 2940 eum

455 2983 511 3030 et
541 2991 727 3032 orasse
765 2993 862 3047 pro
889 2980 992 3035 sibi
1035 2981 1290 3037 subditis.
1324 2983 1606 3052 Alioquin,
1642 2999 1764 3047 cur,
1817 3000 2027 3055 quaeso,

456 3075 705 3136 homines
729 3082 1102 3149 penitentiam
1139 3084 1433 3154 recipiunt,
1472 3100 1539 3141 ex
1587 3086 2028 3157 infidelitateque

451 3178 518 3231 ad
552 3179 708 3234 fidem
741 3190 1067 3247 transeunt;
1109 3183 1251 3238 idem
1300 3199 1432 3238 vero
1466 3184 1519 3238 in
1558 3186 1819 3254 potentiis
1845 3187 2027 3244 dicere

451 3274 741 3327 veremur?
769 3273 866 3329 Vel
899 3275 1055 3330 nobis
1105 3276 1252 3330 dicat
1285 3277 1483 3346 aliquis
1514 3293 1734 3333 causam
1783 3295 1883 3334 cur
1934 3282 2027 3337 ho-

451 3361 625 3417 mines
654 3379 875 3420 carnem
907 3376 962 3420 et
996 3368 1310 3436 sanguinem
1347 3371 1518 3424 indttti
1564 3370 1860 3442 confugere
1895 3389 2022 3437 pos-

453 3451 562 3506 sint
594 3455 786 3508 mutati
813 3457 880 3509 ad
916 3457 1081 3510 Deum
1133 3473 1230 3527 per
1261 3459 1576 3526 Christum;
1613 3476 1708 3518 eos
1751 3479 1882 3518 vero
1926 3468 2020 3536 qui

455 3542 661 3610 puriori
696 3555 890 3599 natura
927 3556 1165 3610 utantur,
1201 3549 1369 3621 [idem
1402 3568 1508 3607 non
1541 3568 1722 3621 posse,
1758 3556 1878 3627 sed]
1906 3573 2023 3612 om-

455 3654 553 3694 nes
596 3642 882 3712 incapaces
916 3661 1038 3700 esse
1067 3648 1323 3703 credendi
1357 3650 1409 3704 in
1455 3649 1828 3718 Servatorem,
1858 3656 2021 3711 mini-

451 3747 647 3802 meque
694 3735 1086 3806 obstupescere
1137 3751 1358 3810 propter
1403 3743 1744 3814 prodigiosas
1797 3747 2022 3804 virtutes

450 3838 584 3892 quas
616 3825 728 3894 ipse
765 3826 972 3882 fecerit.
1018 3831 1088 3884 At
1123 3846 1226 3902 ego
1252 3847 1377 3886 reor
1402 3834 1564 3887 etiam
1605 3836 1750 3889 circa
1796 3853 1891 3892 eas
1925 3855 2019 3907 po-

451 3915 666 3984 tentias,
716 3921 1052 3992 principatus
1100 3939 1236 3992 quos
1279 3936 1498 3990 vocant,
1555 3927 1760 3997 aliquid
1813 3931 2018 3985 factum

448 4007 634 4073 fuisse,
667 4010 981 4066 immutatas
1013 4014 1065 4067 in
1095 4014 1290 4070 melius
1334 4013 1541 4070 Christi
1578 4018 1852 4073 adventu:
1883 4023 2020 4076 adeo

447 4109 506 4153 ut
535 4103 777 4170 quaedam
820 4104 1042 4175 integra:
1071 4107 1253 4169 urbes,
1298 4107 1382 4161 vel
1441 4108 1606 4162 etiam
1635 4120 1824 4180 gentes
1861 4127 2016 4166 com—

423 4186 655 4247 'modius
705 4210 866 4264 quam
913 4197 1067 4250 multi
1121 4200 1409 4253 habuerint
1471 4216 1591 4266 qua:
1623 4203 1690 4255 ad
1739 4201 2016 4258 Christum

446 4283 739 4344 pertinent.
796 4286 861 4340 Et
908 4287 1156 4354 profecto
1201 4289 1353 4359 juxta
1401 4291 1543 4346 hanc
1603 4293 2016 4364 intelligentiam

449 4374 582 4427 nihil
620 4374 840 4431 absurdi
883 4379 1012 4443 erit,
1037 4375 1113 4434 ἰιι
1155 4384 1222 4434 ad
1269 4383 1510 4452 regulum
1553 4384 1808 4442 dicatur:
1841 4404 1858 4437 ι
1903 4387 2016 4444 Nisi

447 4465 596 4534 signa
621 4477 673 4522 et
711 4471 951 4540 prodigia
989 4473 1252 4537 videritis,
1284 4491 1387 4528 non
1419 4477 1656 4531 credetis
1677 4477 1744 4533 ⁸⁸.
1779 4497 1798 4530 ι
1835 4477 2018 4533 Pmest

2136 633 2383 699 συνόντες
2423 635 2502 707 τῷ
2551 637 2814 708 κάμνοντι
2867 639 3066 709 παιδίῳ
3104 639 3370 711 Θεωροῦσι
3403 640 3499 712 τὴν
3532 660 3704 714 σωτη-

2135 727 2258 798 ρίαν
2289 726 2476 792 αὑτοῦ,
2513 729 2610 784 καὶ
2638 729 2923 785 ἀπαντῶσι
2945 730 3024 800 τῷ
3057 732 3246 803 πατρὶ,
3289 733 3700 807 εὐαγγελιζόμεο

2131 838 2212 875 νοι
2239 822 2338 893 τὴν
2360 823 2504 894 ζωὴν
2533 823 2626 877 τοῦ
2656 823 3109 896 θεραπευθέντος,
3139 826 3228 880 διά
3249 825 3343 879 τοῦ
3364 843 3378 857 ·
3421 845 3440 878 ι
3487 827 3542 880 '0
3575 831 3700 893 παῖς

2135 927 2229 965 σου
2253 911 2340 982 ζῇ,
2375 932 2393 963 ι
2436 913 2840 984 εὐφραίνοντες,
2875 915 2957 968 ὅτι
3010 916 3110 968 οὐκ
3146 917 3405 988 ἐφρόνουν
3445 918 3703 988 πρότερον

2133 1005 2261 1074 περὶ
2289 1005 2382 1058 τοῦ
2415 1006 2628 1060 παιδίου
2657 1006 2751 1060 τοῦ
2775 1007 3054 1070 δεσπότου,
3089 1009 3168 1060 ὅτι
3199 1008 3316 1078 ἔζη.
3349 1009 3424 1062 Οὐ
3454 1009 3628 1080 μάτην
3648 1010 3704 1063 δέ

2133 1089 2280 1162 ὤραν
2349 1093 2582 1165 ἑϐδόμην
2635 1095 2864 1163 ἀφίησιν
2915 1095 3080 1149 αὐτὸν
3129 1097 3158 1148 6
3207 1099 3471 1168 πυρετόςο
3517 1102 3545 1153 6
3596 1099 3703 1171 γὰρ

2132 1183 2362 1255 ἀριθμὸς
2387 1186 2742 1250 ἀναπαύσεως
2763 1183 2850 1258 ἦν.
2893 1188 2950 1240 '0
2971 1189 3028 1240 ἐν
3055 1189 3434 1261 Καφαρναοὺμ
3461 1191 3705 1262 μέντοιγε

2134 1275 2248 1338 υἱός
2278 1276 2425 1328 ἐστιν
2446 1277 2474 1328 6
2505 1275 2675 1330 νοσῶν
2709 1277 2806 1329 καὶ
2845 1276 3304 1350 Θεραπευόμενος,
3349 1280 3378 1332 6
3411 1281 3465 1332 ἐν
3499 1279 3577 1350 τῷ
3608 1281 3698 1352 τῆς

2131 1367 2525 1440 παρακλήσεως
2561 1368 2736 1439 ἀγρῷ,
2780 1369 2936 1436 γένος
2979 1387 3030 1424 τι
3081 1371 3442 1442 κεκμηκότων
3480 1372 3598 1442 μὲν,
3643 1372 3704 1425 οὐ

2134 1459 2308 1530 πάντη
2341 1460 2398 1512 δὲ
2435 1460 2540 1524 ἔξω
2574 1461 2802 1532 καρπῶν
2835 1462 3220 1531 γεγενημένον,
3261 1462 3358 1515 καὶ
3399 1462 3704 1534 τελειοτάτη

2131 1548 2309 1618 γνόντι
2343 1550 2420 1620 τῷ
2457 1551 2623 1622 πατρὶ
2673 1552 2772 1622 τὴν
2822 1551 2918 1604 τοῦ
2963 1551 3078 1604 υἱοῦ
3135 1554 3410 1625 σωτηρίαν
3457 1556 3489 1624 ἡ
3525 1554 3704 1617 πίστις

2132 1640 2359 1708 γίνεται,
2393 1640 2641 1694 πανοικεὶ
2684 1642 2994 1694 πιστεύοντι
3033 1641 3274 1712 Χριστῷ.
3331 1642 3618 1696 Κατελθὼν
3647 1645 3704 1698 δὲ

2133 1734 2198 1786 ἐκ
2227 1734 2327 1803 τῆς
2369 1733 2626 1797 ἰουδαίας
2659 1735 2739 1798 εἰς
2768 1733 2866 1804 τὴν
2910 1733 3196 1788 Γαλιλαίαν
3233 1734 3350 1798 πῶς
3392 1735 3546 1790 τοῦτο
3585 1735 3684 1788 δεύ-

2131 1842 2287 1898 τερον
2327 1827 2550 1894 σημεῖον
2589 1826 2885 1895 πεποίηκεν
2916 1827 2945 1877 6
2985 1825 3209 1897 Ἰησοῦς,
3237 1825 3378 1879 κατά
3405 1825 3463 1880 τὸ
3486 1826 3704 1880 δυνατὸν

2133 1920 2189 1970 ἐν
2221 1918 2333 1978 τοῖς
2371 1917 2496 1986 ἐξῆς
2516 1917 2800 1987 γενόμενοι
2828 1915 2968 1970 κατά
3004 1917 3103 1987 τὴν
3131 1916 3278 1984 λέξιν
3322 1919 3702 1988 ἐρευνήσομεν.

2132 2009 2194 2061 Εί
2220 2007 2275 2062 δέ
2310 2009 2404 2062 καὶ
2439 2007 2718 2078 δυνάμεώς
2765 2025 2908 2071 τινος
2949 2007 3112 2061 είκὼν
3160 2009 3308 2061 ἐστιν
3354 2010 3382 2062 ό
3434 2008 3704 2078 βασιλικὸς

2129 2099 2238 2153 τῶν
2261 2101 2537 2171 ἀρχόντων
2574 2099 2762 2154 τούτου
2796 2097 2890 2153 τοῦ
2930 2099 3144 2164 αἰῶνος,
3198 2102 3294 2154 καὶ
3331 2103 3358 2154 6
3393 2102 3502 2164 υἱὸς
3535 2099 3703 2154 αὐτοῦ

2130 2190 2237 2243 τῶν
2260 2191 2364 2244 ὑπὸ
2387 2190 2485 2262 τὴν
2517 2190 2762 2256 ἐξουσίαν
2807 2191 2972 2244 αὐτοῦ
3011 2191 3361 2262 διαφέροντος
3396 2195 3519 2262 παρ’
3554 2189 3705 2261 αὺτῷ

2060 2311 2068 2318 -
2131 2281 2282 2344 λαοῦ,
2309 2282 2694 2345 καὶ,ἵνόὖτως
2722 2283 2882 2346 είπω,
2906 2282 3068 2335 οἱονεὶ⁵
3088 2283 3187 2352 τῆς
3217 2285 3345 2354 παρ’
3379 2283 3523 2354 αὐτῷ
3549 2282 3703 2336 ἐκλο-

2131 2375 2234 2444 γῆς
2266 2374 2451 2444 (63),ἦ
2470 2391 2526 2427 τε
2549 2373 2801 2428 ἀσθένεια
2827 2375 2992 2428 αὐτοῦ
3022 2376 3054 2445 ἡ
3084 2374 3236 2446 παρά
3257 2376 3356 2445 τὴν
3391 2375 3704 2447 προαίρεσιν

2131 2463 2224 2517 τοῦ
2254 2465 2510 2536 ἄρχοντος
2547 2463 2786 2528 διάθεσις
2827 2465 3094 2536 μοχθηρά,
3126 2465 3221 2518 καὶ
3253 2467 3285 2536 ἡ
3333 2466 3705 2536 Καφαρναοὺμ

2129 2555 2224 2608 τοῦ
2257 2555 2458 2627 χωρίου
2490 2556 2590 2625 τῆς
2625 2555 2792 2625 μονῆς
2819 2555 2926 2608 τῶν
2955 2557 3046 2609 ὑπ’
3082 2556 3245 2609 αὐτὸν
3275 2557 3309 2626 ἡ
3338 2554 3498 2608 εἰκών
3529 2556 3701 2619 ἐστιν,

2134 2647 2454 2718 σκοπητέον.
2491 2644 2655 2718 Οἶμαι
2685 2647 2793 2717 γὰρ
2827 2647 2922 2701 καὶ
2955 2647 3062 2700 τῶν
3092 2647 3372 2718 ἀρχόντων
3399 2647 3508 2717 (64)
3546 2648 3702 2712 τινάς

2131 2738 2622 2811 καταπεπληγότας
2643 2739 2741 2809 τὴν
2762 2738 2988 2810 δύναμιν
3004 2737 3191 2800 αὐτοῦ,
3212 2739 3308 2792 καὶ
3321 2739 3418 2810 τὴν
3434 2738 3700 2808 θειότητα,

2131 2831 2606 2903 προσπεφευγέναι
2645 2830 2812 2902 αὐτῷ,
2847 2832 2940 2884 καὶ
2972 2831 3269 2899 ἠξιωκέναι
3315 2832 3445 2903 περὶ
3473 2831 3579 2885 τῶν
3609 2831 3703 2884 ὑπ’

2129 2921 2313 2984 αὐτοῖς
2363 2921 2860 2992 οἰκονομουμένωνο
2915 2921 3036 2974 ἐπεὶ
3088 2921 3139 2974 τί
3183 2921 3382 2990 δήποτε
3428 2920 3702 2990 ἄνθρωποι

2133 3011 2231 3082 μὲν
2293 3009 2580 3080 μετάνοιαν
2639 3009 3012 3080 ἐπιδέχονται,
3067 3008 3161 3060 καὶ
3213 3006 3273 3070 ἐξ
3323 3006 3578 3070 ἀπιστίας
3621 3008 3701 3069 είς

2130 3099 2312 3154 πίστιν
2344 3099 2788 3171 μεταϐάλλουσιν,
2825 3101 2918 3154 ἐπὶ
2956 3099 3012 3152 δὲ
3042 3097 3150 3154 τῶν
3187 3097 3468 3168 δυνάμεων
3497 3098 3560 3152 τὸ
3603 3116 3703 3152 παν-

2135 3191 2429 3262 ραπλήσιον
2451 3189 2630 3260 λέγειν
2656 3191 2994 3263 ὀκνήσομενς
3033 3191 3106 3243 Ἢ
3151 3189 3358 3257 λεγέτω
3385 3209 3466 3254 τις
3493 3192 3621 3261 ἡμῖν
3648 3190 3701 3244 τί

2127 3283 2188 3336 τὸ
2223 3285 2392 3338 αῖτιον
2410 3283 2505 3337 τοῦ
2533 3283 2792 3338 δύνασθαι
2824 3285 2920 3354 μὲν
2957 3285 3082 3348 τοὺς
3112 3284 3485 3353 ἐνδεδομένους
3533 3282 3701 3355 σαρκὶ

2124 3377 2219 3430 καὶ
2249 3377 2442 3446 αἵματι
2493 3376 2897 3447 μεταϐαλόντας
2933 3377 3044 3446 (65)
3094 3375 3566 3444 καταπεφευγέναι
3606 3376 3702 3429 ἐπὶ

2123 3469 2213 3525 τὸν
2246 3469 2377 3522 Θεὸν
2413 3468 2502 3522 διά
2528 3466 2784 3539 Χριστοῦ,
2818 3468 2943 3531 τοὺς
2973 3467 3029 3520 δὲ
3058 3467 3419 3539 καθαρωτέρᾳ
3444 3469 3506 3538 τῇ
3540 3465 3700 3535 φύσει

2121 3559 2437 3631 χρωμένους
2484 3559 2692 3622 πάντας
2740 3557 3121 3620 ἀνεπιδέκτους
3161 3557 3274 3627 (66)
3304 3553 3443 3610 εἶναι
3471 3557 3569 3628 τῆς
3619 3557 3702 3621 είς

2120 3650 2212 3702 τὸν
2257 3648 2486 3718 Σωτῆρα
2528 3647 2784 3710 πίστεως,
2828 3647 2922 3700 καὶ
2960 3647 3059 3716 τῆς
3100 3647 3194 3700 ἐπὶ
3234 3649 3353 3709 ταῖς
3398 3646 3702 3719 τεραστίοις

2121 3739 2410 3809 δυνάμεσιν
2443 3738 2536 3790 ὑπ’
2567 3735 2730 3790 αὐτοῦ
2761 3737 3073 3807 γινομέναις
3107 3736 3516 3808 καταπλήξεως.
3555 3736 3699 3805 Ἐγὼ

2121 3831 2176 3884 δὲ
2205 3829 2410 3900 νομίζω
2444 3829 2538 3882 καὶ
2575 3830 2703 3898 περὶ
2731 3827 2844 3899 (67)
2885 3827 3010 3891 τοὺς
3058 3829 3324 3898 ἄρχοντάς
3351 3846 3406 3881 τι
3429 3827 3694 3897 γίνεσθαι,

2124 3920 2522 3993 μεταϐαλόντας
2557 3918 2665 3988 (68)
2717 3921 2810 3972 ἐπὶ⁸
2867 3919 2926 3972 τὸ
2983 3918 3190 3989 βέλτιον
3240 3921 3299 3972 ἐν
3349 3921 3414 3990 τῇ
3459 3917 3696 3988 Χριστοῦ

2119 4009 2413 4079 ἐπιδημίᾳ’
2457 4008 2598 4061 ὥστε
2643 4007 2794 4072 τινὰς
2841 4007 2967 4072 ὅλας
3017 4008 3220 4071 πόλεις,
3256 4007 3290 4078 ἢ
3320 4008 3414 4061 καὶ
3456 4007 3581 4076 ἔθνη
3618 4009 3699 4060 οε-

2119 4102 2390 4170 κειότερον
2437 4098 2645 4151 πολλῶν
2684 4098 2978 4169 ἐσχηκέναι
3021 4098 3091 4152 τά
3140 4098 3276 4169 πρὸς
3321 4099 3412 4152 τὸν
3441 4098 3693 4169 Χριστόν.

2117 4197 2228 4250 Καὶ
2252 4196 2402 4250 οὐδέν
2432 4212 2495 4264 γε
2528 4195 2726 4250 ἄτοπον
2753 4192 2894 4247 κατά
2930 4191 3132 4262 ταύτην
3164 4191 3262 4262 τὴν
3293 4191 3511 4261 ἐκδοχὴν
3542 4191 3696 4244 ἔσται

2117 4285 2441 4353 τὺλέγεσθαι
2489 4285 2626 4355 πρὸς
2660 4283 2750 4336 τὸν
2804 4281 3106 4352 βασιλικόν·
3148 4299 3166 4331 ι
3224 4280 3348 4335 Ἐἀν
3386 4281 3459 4351 μὴ
3495 4280 3696 4350 σημεῖα

2119 4379 2212 4432 καὶ
2244 4378 2446 4448 τέρατα
2489 4376 2653 4447 ἴδητε,
2700 4375 2761 4426 οὐ
2808 4374 2882 4444 μὴ
2935 4371 3286 4442 πιστεύσητε.
3324 4391 3342 4424 ι
3378 4371 3602 4423 Δύναται
3640 4369 3698 4424 δέ

2119 4471 2360 4541 περὶτῆς
2387 4469 2668 4540 δυνάμεως
2682 4467 2774 4520 τοῦ
2801 4465 2936 4520 Θεοῦ
2968 4463 3306 4536 παρακαλεῖν
3337 4465 3364 4517 ό
3391 4462 3691 4533 βασιλικὸς,

445 4567 627 4612 autem
651 4569 704 4614 et
732 4562 798 4616 de
826 4563 1064 4632 potentia
1091 4566 1184 4620 Dei
1219 4571 1435 4632 regulus
1459 4569 1772 4636 obseCrare,
1825 4571 2011 4640 profe-

2130 4565 2410 4635 γενὸμενος
2451 4563 2588 4633 πρὸς
2632 4560 2815 4625 αὑτὸν,
2861 4559 3010 4621 ὅπως
3048 4556 3260 4626 καταϐῇ
3295 4557 3374 4620 είς
3409 4555 3467 4608 τὸ
3496 4554 3694 4624 χωρίον

443 4659 564 4705 ctus
586 4653 650 4704 ad
670 4653 866 4722 ipsum,
891 4655 1251 4713 utdescendat
1269 4661 1334 4714 ad
1351 4661 1523 4716 locum
1544 4661 1876 4717 inﬁrmitatis
1897 4662 2016 4726 ﬁlii,

442 4749 497 4796 et
529 4744 802 4799 medeatur
830 4750 1141 4815 aegrotanti:
1168 4753 1260 4805 sed
1288 4769 1393 4807 non
1413 4757 1637 4808 omnino
1667 4755 2017 4812 descendisse

441 4847 576 4903 opus
593 4845 676 4890 est
701 4838 764 4891 ad
788 4837 954 4892 filium
989 4843 1157 4912 reguli
1185 4843 1594 4900 febricitantem
1615 4863 1628 4910 ;
1647 4846 1845 4900 suﬂicit
1869 4849 2012 4902 enim

441 4925 570 4981 illud
597 4944 610 4980 :
648 4947 667 4980 ι
689 4927 860 4986 Filius
887 4941 1011 4988 tuus
1035 4935 1252 5004 vivit“,
1285 4955 1304 4988 ι
1326 4937 1530 4992 dictum
1551 4937 1616 4991 ad
1636 4937 1866 4991 salutem
1887 4938 2006 5005 filii,

507 5081 554 5115 ⁸⁸
576 5081 733 5140 Joan.
762 5100 836 5151 Iv,
869 5085 960 5144 48.
1037 5087 1228 5142 “ibid.
1250 5085 1339 5142 50.

508 5218 619 5286 (65)
658 5220 991 5292 Οἱονεὶγτῆς
1018 5223 1154 5292 παρ’
1188 5223 1349 5288 αὐτῷ
1372 5221 1647 5292 ἐκλογῆς.
1666 5222 2002 5278 Valentinia-

437 5305 631 5364 norum
663 5306 825 5345 voces
860 5291 949 5364 hic
979 5309 1246 5362 usurpare
1288 5291 1602 5364 Origenem,
1641 5302 1700 5346 ut
1726 5295 2004 5364 spiritales

363 5403 375 5430 ε
437 5361 685 5414 homines
719 5361 974 5430 appellet,
1035 5361 1639 5430 conjectatFérrarins.
1689 5361 1770 5416 At
1806 5363 2006 5419 electos

361 5424 375 5475 ῗ
438 5439 645 5502 tamen.
668 5424 924 5502 ἐκλογήν,
956 5440 1080 5487 ante
1109 5424 1454 5489 Valentinum
1479 5432 1768 5502 appellavit
1810 5432 2004 5488 Paulus

439 5498 743 5559 RomJlﬂ.
772 5498 1034 5554 HUi-ZTIUS.

509 5566 621 5635 (64)
653 5566 822 5640 οἶμαι
851 5569 960 5638 γὰρ
983 5571 1086 5642 καὶ
1114 5571 1230 5625 τῶν⁵
1271 5573 1598 5642 ἀρχόντων,
1648 5583 1753 5628 etc.
1803 5570 2007 5640 Nempe

437 5637 530 5689 hic
562 5637 897 5710 quoque,rut
945 5640 1072 5710 alibi
1128 5637 1320 5710 stepcf
1349 5637 1675 5706 resipiscere
1731 5656 1911 5708 posse.
1943 5637 2002 5695 et

438 5707 756 5774 pmnitentia
791 5709 912 5762 duci
936 5707 1413 5766 dazmones'tradit.
1442 5711 1558 5777 Quo
1595 5707 1810 5764 nomine
1837 5711 2003 5764 casti-

441 5785 626 5850 gatum
668 5793 816 5850 επρο
849 5793 878 5830 a
932 5777 1206 5850 Patribns.
1256 5793 1309 5835 et
1361 5781 1626 5834 conviciis
1677 5781 2004 5850 proscissum

364 5844 379 5859 ‘
445 5846 595 5899 illum
633 5847 759 5902 alibi
812 5849 1142 5905 notavimus.
1192 5851 1291 5906 Adi
1321 5851 1533 5905 Sixtum
1561 5844 1813 5914 Seni-ns”
1845 5849 1939 5906 lib.
1975 5865 2007 5903 v

2122 4658 2222 4726 τῆς
2247 4657 2404 4709 νόσου
2440 4654 2533 4706 τοῦ
2573 4652 2806 4713 παιδίου,
2845 4650 2935 4703 καὶ
2971 4649 3186 4720 ἰάσηται
3217 4648 3308 4701 τὸν
3335 4648 3689 4718 νενοσηκόταο

2122 4750 2235 4804 ἀλλ’
2281 4749 2342 4800 οὐ
2391 4747 2607 4808 πάντως
2663 4741 3104 4812 καταϐεϐηκέναι
3152 4741 3232 4793 δεῖ
3262 4739 3374 4809 (69)
3418 4737 3550 4811 πρὸς
3597 4736 3692 4790 τὸν

2122 4842 2232 4894 υἱὸν
2264 4839 2356 4892 τοῦ
2387 4836 2662 4908 βασιλικοῦ
2687 4834 3051 4904 πυρέττοντα·
3091 4832 3252 4903 ἀρκεῖ
3279 4831 3387 4902 γάρ
3418 4829 3502 4883 τό·
3553 4846 3573 4879 ι
3628 4828 3690 4882 Ὀ

2117 4935 2230 5000 υἱός
2254 4949 2348 4986 σου
2365 4932 2454 5002 ζῇ,
2493 4949 2512 4983 ι
2539 4928 2671 4999 πρὸς
2695 4924 2968 4996 σωτηρίαν
3016 4924 3305 4993 λεγόμενον
3337 4919 3429 4975 τοῦ
3479 4919 3687 4985 παιδὸς,

2113 5220 2389 5281 Βίὸίὶυιίιη
2418 5218 2601 5273 adtlot.
2635 5217 2757 5273 151.
2791 5215 2868 5269 In.

2183 5279 2532 5376 (6:33HCodex
2587 5287 2933 5350 Bodleianus,
2995 5279 3683 5354 μεταϐαλόνταςοῐζοείιιε,

2115 5360 2565 5432 μεταϐάλλοντας.
3575 5421 3589 5434 .

2185 5432 2530 5502 (66)(ἐοιιρκ
2591 5425 2936 5489 Bodleianus,
2997 5421 3416 5502 ἀνεπιδέκτους’
3461 5420 3683 5490 Regius,

2112 5501 2524 5574 ἀνεπιλέκτους.¹
2592 5570 2606 5574 _
2707 5566 2742 5574 ﬁ
2801 5565 2830 5574 __
2873 5565 2885 5574 _
2934 5533 2936 5535 »
3191 5561 3205 5574 ,
3264 5561 3304 5574 ἢ
3373 5537 3395 5574 ι,

2185 5571 2297 5638 (67)
2335 5559 2483 5640 Ideni
2507 5565 3050 5640 codequodleiantts,
3075 5559 3681 5640 nspi.°‘ﬂegius_.‘1:a.pd.

2185 5631 2296 5707 (68)
2348 5639 2526 5692 Codex
2583 5636 2930 5698 Bodleianus,
2994 5631 3426 5704 μεταϐαλόντας·
3463 5631 3684 5699 Regius,

2119 5727 2214 5781 μετ
2222 5708 2572 5781 αϐάλλοντας2

2111 5766 2298 5902 ἐλῧθ)
2337 5766 2776 5849 Οοιιελῖἰοείιιε,
2811 5776 2976 5840 male,
3009 5771 3212 5837 παντὸς
3253 5766 3688 5840 καταϐεϐηκέναι

2145 5867 2197 5902 η.
2233 5861 2338 5902 ctc.

2145 5851 2197 5921 ἠ,
2233 5861 2338 5904 ctc.
