3806 6526
476 341 580 397 515

1916 336 2036 395 0M

2152 335 2242 393 HS
3628 343 3718 398 516

475 473 560 517 set
594 469 822 531 propter
845 459 1250 526 remissionem,
1276 457 1481 515 dixerit
1519 474 1533 512 :
1573 476 1594 510 ι
1626 456 1793 513 Filius
1817 465 1939 511 tuus
1969 452 2036 510 vil

2155 453 2348 525 Σωτὴρ
2405 454 2499 509 καὶ
2551 453 2625 527 μὴ
2658 455 2852 528 παρὼν
2895 457 3236 528 θεραπεύεινο
3276 459 3497 526 δούλους
3539 462 3598 517 δέ
3638 467 3717 519 τώ

477 553 590 617 vit;
635 570 654 604 ι
690 551 948 620 additque
979 550 1104 605 huic
1125 551 1300 606 dicto:
1341 566 1362 601 ι
1393 547 1624 604 credidit
1646 548 1872 612 homo,»
1907 547 2049 616 quod

475 641 654 696 facilis
683 641 748 695 ad
782 640 1113 696 credendum
1137 640 1212 694 sit
1236 639 1401 694 etiam
1425 639 1608 693 mundi
1638 635 1853 707 Opifex,
1875 638 2048 708 quod-

474 746 582 802 que
627 732 797 802 possit
835 731 1100 787 Servator
1152 731 1315 786 etiam
1357 745 1464 786 non
1509 745 1748 800 praesens
1789 745 1982 786 curare
2030 747 2045 785 :

473 837 773 894 servosque
804 823 974 894 reguli
1008 824 1401 892 interpretatus
1445 833 1528 879 est
1566 823 1789 892 angelos
1828 821 2048 894 Opiﬂcis

475 917 684 982 mundi,
732 916 1104 972 renuntiantes
1147 916 1254 972 illis
1298 917 1526 972 verbis:
1567 934 1586 968 ι
1618 915 1784 971 Filius
1818 926 1941 971 tuus
1975 916 2049 971 vi-

472 1009 570 1076 vit,
607 1027 626 1062 ι
651 1009 792 1079 quod
821 1010 1106 1065 commode
1137 1017 1192 1064 et
1219 1011 1384 1079 probe
1415 1010 1661 1076 haberet,
1682 1024 1789 1064 non
1818 1009 2048 1078 amplius

475 1115 640 1171 agens
666 1115 698 1154 a
740 1115 798 1156 se
845 1100 1059 1164 aliena;
1092 1109 1148 1155 et
1198 1100 1342 1155 banc
1380 1101 1449 1154 ob
1495 1113 1716 1154 causam
1769 1098 2046 1154 existimat

473 1207 660 1247 servos
686 1192 999 1247 renuntiare
1029 1190 1221 1262 regulo
1267 1205 1387 1259 quae
1431 1191 1498 1244 ad
1529 1190 1759 1244 salutem
1791 1189 1884 1243 [iiii
1925 1205 2048 1256 per-

474 1286 719 1337 tinebant
775 1299 790 1336 :
849 1283 1156 1352 primosque
1231 1283 1506 1337 existimat
1570 1281 1789 1350 angelos
1862 1281 2046 1334 videre

471 1373 714 1427 actiones
757 1373 1034 1427 hominum
1086 1371 1138 1425 in
1182 1373 1402 1436 mundo,
1450 1371 1615 1442 276
1643 1386 1710 1424 an
1746 1368 1964 1424 fortiter
1991 1377 2046 1424 et

468 1466 683 1520 sincere
715 1465 878 1518 vitam
919 1464 1120 1533 degant
1145 1463 1214 1516 ab
1255 1477 1321 1516 eo
1361 1471 1606 1530 tempore
1645 1475 1752 1530 quo
1797 1460 2045 1516 Christus

467 1555 705 1611 advenit.
745 1554 825 1608 Ad
858 1554 972 1608 haec
1015 1567 1115 1622 per
1153 1551 1341 1606 horam
1383 1551 1668 1621 septimam
1721 1551 1853 1606 dicit
1899 1552 2045 1608 desi-

465 1645 622 1716 gnari
654 1654 899 1699 naturam
928 1644 1129 1700 sanati.
1164 1644 1390 1697 Demum
1424 1659 1437 1696 :
1476 1659 1496 1693 ι
1527 1641 1769 1696 Credidit
1817 1643 1954 1712 ipse,
1987 1655 2044 1700 et

466 1739 663 1794 domus
695 1737 812 1807 ejus
849 1748 980 1804 tota,
1015 1755 1034 1788 ι
1067 1737 1454 1806 interpretatus
1483 1743 1566 1789 est
1605 1735 1712 1789 dici
1742 1735 1809 1789 de
1833 1735 2040 1804 angeli-

2152 545 2429 618 βασιλικοῦ
2460 547 2709 620 ἐξείληφε
2762 550 2890 614 τοὺς
2921 551 3188 621 ἀγγέλους
3226 553 3321 606 τοῦ
3367 556 3718 625 Δημιωργοῦ,

2149 637 2591 707 ἀπαγγέλλοντας
2630 641 2688 693 ἐν
2724 639 2821 711 τῷ·
2864 659 2883 693 ι
2948 643 3008 696 '0
3041 645 3171 708 παῖς
3217 660 3312 697 σου
3347 645 3440 716 ζῇ,
3489 664 3508 697 ι
3543 647 3624 699 ὅτι
3650 651 3719 700 οξ-

2150 729 2311 792 κείως
2359 729 2453 782 καὶ
2505 731 2648 785 κατά
2693 732 2896 802 τρόπον
2942 732 3076 803 ἔχει,
3126 737 3386 807 πράσσων
3443 737 3637 808 μηκέτι
3665 738 3723 792 τὰ

2147 820 2411 875 ἀνοίκειαο
2448 825 2542 878 καὶ
2582 823 2670 878 διὰ
2700 824 2861 879 τοῦτο
2892 827 3102 898 νομίζει
3131 829 3502 898 ἀπαγγέλλειν
3536 829 3612 900 τῷ
3642 830 3723 898 βα-

2150 911 2343 983 σιλικῷ
2370 914 2496 978 τοὺς
2524 914 2742 980 δούλους
2764 917 2832 971 τὰ
2865 920 2992 990 περὶ
3018 921 3117 991 τῆς
3165 921 3260 975 τοῦ
3284 919 3405 974 υίοῦ
3441 920 3718 991 σωτηρίας

2147 1004 2270 1057 ἐπεὶ
2299 1004 2394 1058 καὶ
2422 1005 2672 1076 πρώτους
2694 1007 2866 1062 οἴεται
2905 1011 3124 1081 βλέπειν
3145 1012 3247 1076 τὰς
3273 1011 3510 1084 πράξεις
3537 1012 3644 1066 τῶν
3670 1015 3720 1064 ὲν

2145 1094 2225 1166 τῷ
2253 1096 2443 1168 κόσμῳ
2469 1097 2770 1170 ἀνθρώπων
2819 1102 2947 1166 τοὺς
2993 1103 3276 1172 ἀγγέλους,
3323 1105 3371 1157 εἰ
3405 1103 3720 1175 ἐρρωμένως

2148 1186 2242 1239 καὶ
2274 1186 2578 1259 εἰλικρινῶς
2605 1189 2970 1246 πολιτεύοιντο
3007 1193 3120 1263 (75)
3143 1193 3251 1246 ἀπὸ
3270 1194 3370 1264 τῆς
3413 1192 3511 1245 τοῦ
3551 1193 3720 1263 Σωτῆο

2150 1293 2242 1346 ρος
2283 1277 2595 1349 ἐπιδημίας.
2630 1281 2750 1334 Ἐτι
2785 1281 2922 1351 πρὸς
2967 1283 3067 1354 τὴν
3118 1283 3352 1355 ἑϐδόμην
3383 1283 3542 1355 ῶραν
3569 1283 3720 1351 λέγειν

2146 1367 2228 1420 ὅτι
2257 1367 2347 1422 διὰ
2379 1370 2476 1441 τῆς
2503 1369 2652 1441 ῶρας
2683 1374 3144 1447 χαρακτηρίζεται
3171 1377 3203 1446 η
3236 1375 3400 1444 φύσις
3429 1375 3527 1428 τοῦ
3564 1375 3724 1428 ίαθέν-

2145 1477 2255 1523 τος.
2302 1461 2426 1514 Ἐπὶ
2460 1464 2592 1516 πᾶσι
2613 1463 2692 1516 τόο
2741 1483 2760 1515 ι
2805 1465 3152 1519 Ἐπίστευσεν
3193 1465 3357 1530 αὐτὸς
3392 1465 3495 1522 καὶ
3525 1469 3560 1537 η
3592 1467 3724 1520 οἰκία

2144 1548 2311 1602 αὑτοῦ
2348 1550 2466 1621 ὅλη,
2521 1571 2540 1603 ι
2575 1552 2872 1625 διηγήσατο
2906 1555 3000 1608 ἐπὶ
3027 1556 3130 1626 τῆς
3155 1556 3458 1636 ἀγγελικῆς
3486 1558 3723 1629 εἰρῆσθαι

2143 1638 2368 1705 τάξεως,
2399 1640 2493 1693 καὶ
2539 1641 2843 1713 ἀνθρώπων
2890 1642 3000 1698 τῶν
3029 1644 3374 1716 οίκειοτέρων
3419 1643 3596 1714 αὐτῷ.
3633 1645 3723 1714 Ζη-

2142 1730 2354 1784 τεῖσθαι
2395 1730 2453 1785 δέ
2480 1749 2613 1804 φησι
2663 1734 2792 1805 περί
2823 1752 2986 1789 τινων
3021 1735 3265 1804 ἀγγέλων
3295 1737 3344 1788 εί
3371 1734 3722 1806 σωθήσονται,

465 1841 535 1882 co
573 1806 786 1893 ordine,
819 1829 992 1896 deque
1012 1825 1322 1880 hominibus
1366 1824 1466 1893 ipsi
1516 1823 1793 1895 [Ell'ectori
1829 1826 2036 1900 mundi]

2152 1824 2254 1879 τῶν
2280 1825 2646 1880 κατελθόντων
2677 1827 2772 1880 ἐπὶ
2803 1827 2901 1892 τὰς
2931 1827 3040 1882 τῶν
3072 1826 3372 1899 ἀνθρώπων
3405 1826 3722 1897 θυγατέρας.

465 1919 953 1989 conjunctioribus.
979 1918 1162 1988 inquit
1193 1917 1358 1973 etiam
1399 1917 1596 1986 inquiri
1625 1917 1690 1973 de
1717 1917 2037 1988 quibusdam

466 2009 693 2080 angelis,
732 2018 910 2064 utrum
959 2009 1324 2066 servabuntur
1381 2023 1589 2074 necne,
1637 2023 1831 2078 nempe
1859 2009 1926 2064 de
1954 2009 2040 2066 his

463 2101 556 2170 qui
585 2101 983 2156 descenderunt
1009 2101 1076 2155 ad
1114 2100 1250 2156 tilias
1291 2101 1571 2156 hominum
1601 2101 1668 2158 ⁸³.
1725 2100 2037 2168 Quinetiam

462 2193 701 2248 virorum
752 2192 1038 2248 Eﬂ’ectoris
1101 2193 1288 2248 mundi
1346 2193 1707 2263 perditionem
1773 2193 2038 2248 declarari

461 2287 737 2342 existimat
777 2289 876 2341 hoc
905 2287 1050 2342 dicto
1079 2303 1093 2341 :
1127 2305 1148 2338 ι
1181 2286 1304 2341 Filii
1359 2289 1512 2355 regni
1539 2286 1765 2342 exibunt
1805 2286 1858 2340 in
1894 2294 2042 2341 tene-

461 2377 590 2432 bras
627 2377 923 2433 exteriores
958 2376 1034 2445 ”,
1084 2397 1103 2430 ι
1139 2377 1444 2447 lsaiamque
1485 2377 1552 2432 de
1586 2377 1670 2432 his
1717 2377 2040 2446 prophetare

461 2467 633 2524 illud:
668 2487 688 2521 ι
715 2469 880 2524 Filios
919 2469 1102 2538 genui,
1145 2479 1198 2522 et
1225 2469 1499 2532 exaltavi;
1542 2469 1642 2536 ipsi
1673 2475 1852 2522 autem
1881 2483 2034 2538 sprev

461 2567 656 2612 verunt
683 2573 770 2613 me
802 2559 882 2624 ⁹⁸;
935 2577 956 2612 ι
991 2573 1129 2629 quos
1164 2559 1304 2614 ﬁlios
1353 2558 1593 2625 alienos,
1630 2567 1685 2614 et
1723 2573 1904 2614 semen
1939 2574 2035 2615 ne-

459 2663 647 2719 quam,
679 2657 736 2704 et
764 2648 1020 2718 iniustum
1074 2649 1332 2720 appellat,
1384 2649 1661 2721 vitemque
1704 2666 1825 2721 quae
1847 2651 2040 2707 fecerit

457 2739 644 2810 spinas
671 2739 740 2796 ".
771 2739 839 2795 Et
865 2741 949 2796 Ine
978 2741 1198 2811 quidem
1235 2749 1362 2797 sunt
1417 2742 1900 2798 commentationes
1931 2740 2037 2799 lie-

456 2828 746 2896 racleonis,
795 2844 930 2900 quas
955 2838 1010 2886 et
1055 2830 1316 2886 audacius
1346 2839 1403 2886 et
1444 2831 1617 2900 magis
1655 2830 1819 2900 impie
1859 2831 2036 2887 dictas

2141 1916 2250 1970 Καὶ
2279 1916 2387 1970 τῶν
2415 1916 2715 1989 ἀνθρώπων
2741 1917 2800 1972 δὲ
2831 1917 2927 1972 τοῦ
2959 1917 3302 1991 Δημιουργοῢ
3335 1917 3438 1990 τὴν
3459 1915 3725 1972 ἀπώλειαν

2137 2007 2428 2079 δηλοῦσθαι
2485 2009 2696 2080 νομίζει
2728 2008 2914 2081 ἐντῷ·
2964 2029 2984 2062 ι
3034 2011 3098 2064 Ol
3147 2011 3255 2064 uici.
3302 2011 3405 2082 τῆς
3455 2009 3725 2080 βασιλείας

2139 2085 2513 2163 ἐξελεύσονται
2544 2102 2624 2164 είς
2661 2101 2724 2155 τὸ
2755 2101 2943 2165 σκότος
2987 2102 3048 2155 τὺ
3078 2101 3363 2174 ἐξώτερον,
3407 2121 3429 2154 ι
3479 2103 3578 2156 καὶ
3608 2099 3727 2172 περὶ

2138 2189 2342 2244 τούτων
2361 2191 2452 2244 τὸν
2487 2192 2711 2246 Ἡσαΐαν
2734 2192 3094 2266 προφητεύειν
3124 2193 3202 2247 τό·
3244 2211 3264 2246 ι
3304 2193 3476 2256 Υἱοὺς
3509 2192 3725 2262 ἐγέννη-

2140 2297 2230 2344 σα,
2276 2283 2372 2336 καὶ
2421 2281 2632 2354 ὕψωσαο
2669 2285 2824 2338 αὐτοὶ
2863 2285 2920 2338 δέ
2967 2301 3033 2356 με
3075 2283 3366 2356 ἠθέτησαν·
3420 2303 3442 2336 ι
3482 2284 3725 2348 οὕστινας

2139 2371 2290 2436 υἱοὺς
2316 2371 2650 2444 ἀλλοτρίους,
2685 2375 2780 2428 καὶ
2828 2374 3051 2446 σπέρμα
3099 2373 3356 2444 πονηρὸν,
3389 2378 3495 2427 καὶ
3535 2373 3726 2444 ἄνομον

2138 2463 2312 2529 καλεῖ,
2347 2466 2441 2518 καὶ
2464 2465 2761 2538 ἀμπελῶνα
2791 2465 3033 2530 ἀκάνθας
3069 2456 3388 2537 ποιήσαντα.
3423 2467 3543 2518 Καὶ
3563 2463 3726 2518 ταῦτα

2141 2559 2240 2630 μὲν
2259 2560 2329 2614 τά
2375 2559 2768 2632 Ἡρακλέωνος,
2803 2560 2947 2631 ἆπερ
2978 2558 3374 2630 τολμηρότερον
3408 2559 3514 2612 καὶ
3543 2557 3728 2612 ἀσεϐέο

2138 2667 2328 2724 στερον
2385 2651 2654 2723 εἰρημένα
2703 2651 2870 2722 ἐχρῆν
2936 2649 3077 2723 μετά
3127 2649 3328 2720 πολλῆς
3373 2648 3727 2718 κατασκευῆς

2135 2741 2530 2813 ἀποδεδεῖχθαι,
2573 2741 2732 2814 εῐπερ
2773 2737 2841 2812 ἦν
2877 2741 3072 2814 ἀληθῆ.
3103 2743 3218 2796 Ούκ
3239 2739 3356 2795 οἶδα
3395 2741 3460 2794 δέ
3486 2742 3611 2804 πῶς
3640 2740 3729 2793 καὶ

2135 2834 2264 2907 περὶ
2309 2835 2607 2900 ἀθανασίας
2646 2833 2824 2906 ψυχῆς
2866 2835 3106 2900 ἀπιστεῖ,
3165 2834 3240 2906 μὴ
3280 2832 3542 2888 ἐκλαϐὼν
3595 2833 3728 2888 πόσα

2137 2925 2537 2998 σημαίνεταιὲκ
2551 2927 2649 2997 τῆς
2673 2945 2691 2977 ι
2718 2926 2966 2991 θάνατος,
2993 2945 3013 2979 ι
3041 2926 3242 2997 φωνῆς.
3261 2926 3610 2998 Καθορῶντα
3626 2925 3730 2995 γὰρ

455 2930 768 2993 oportuerat
804 2922 974 2978 multo
1013 2931 1276 2994 apparatu
1324 2922 1714 2991 demonstrari,
1765 2923 2032 2994 siquidem

453 3027 599 3069 verae
620 3022 799 3068 erant.
836 3013 943 3068 Sed
986 3014 1170 3070 nescio
1210 3015 1485 3085 quomodo
1512 3015 1679 3071 etiam
1732 3015 1800 3070 de
1837 3015 2034 3072 animae

2152 3017 2244 3072 East
2269 3018 2331 3072 τὸ
2354 3018 2751 3090 σημαινόμενον
2775 3018 2889 3089 μετ’
2928 3017 3271 3088 ἐπισκέψεως
3301 3017 3396 3070 καὶ
3438 3016 3728 3089 ἀκριϐείας

455 3103 862 3160 immortalitate
912 3104 1141 3172 dubitat,
1205 3121 1330 3162 cum
1378 3123 1486 3163 non
1528 3108 1848 3178 exposuerit
1901 3118 2033 3180 quot

2152 3109 2268 3164 ζδεῖν
2300 3109 2512 3164 είκατά
2532 3109 2602 3163 τὰ
2632 3110 2811 3163 πάντα
2842 3108 3216 3180 σημαινόμενα
3255 3107 3423 3178 θνητή
3463 3110 3641 3162 ἐστιν.
3669 3109 3727 3162 Ei

454 3194 568 3252 sint
600 3210 667 3252 ex
722 3195 916 3252 mortis
961 3209 1096 3252 voce
1130 3197 1580 3267 significationes.
1638 3200 1840 3256 Verum
1884 3201 2030 3256 enim

2152 3199 2238 3270 μὲν
2267 3199 2396 3270 γὰρ,
2435 3199 2518 3252 ὅτι
2545 3198 2767 3270 δεκτικὴ
2796 3198 3088 3270 ἁμαρτίας,
3126 3196 3274 3269 ψυχὴ
3300 3197 3357 3250 δὲ
3389 3199 3426 3268 ἡ
3472 3197 3728 3270 ἁμαρτά-

455 3287 819 3359 signiﬁcatum
859 3289 1142 3358 oportebat
1173 3303 1296 3345 cum
1326 3291 1768 3346 consideratione
1823 3301 1878 3347 et
1912 3293 2036 3348 dili-

455 3379 640 3448 gentia
675 3379 894 3445 videre;
944 3387 1000 3434 et
1048 3394 1116 3434 an
1151 3379 1305 3449 juxta
1341 3394 1534 3435 omnes
1580 3380 2031 3450 signiﬁcationes,

455 3471 635 3525 anima
665 3471 732 3527 sit
759 3471 1024 3534 mortalis,
1064 3486 1235 3526 necne
1267 3488 1281 3524 :
1310 3486 1433 3526 nam
1461 3471 1502 3526 si
1545 3486 1614 3526 ex
1645 3488 1708 3527 eo
1735 3475 1881 3542 quod
1907 3490 2034 3544 pec-

455 3573 588 3614 care
617 3567 791 3628 potest
820 3561 1025 3625 anima,
1057 3561 1174 3631 ipsa
1213 3575 1335 3630 qua:
1370 3570 1565 3631 peccat
1600 3563 1850 3628 moritur,
1865 3565 2030 3620 etiam
2071 3581 2074 3584 ’

454 3666 556 3708 nos
609 3653 856 3708 eamdem
890 3653 991 3708 hoc
1022 3654 1182 3708 modo
1229 3653 1516 3709 mortalem
1576 3653 1811 3711 dicimus
1845 3677 1857 3711 :
1888 3659 2032 3725 quod

454 3743 501 3800 si
529 3758 658 3798 vero
684 3743 1047 3800 universalem
1079 3743 1491 3800 dissolutionem
1543 3755 1599 3804 et
1625 3746 2029 3804 demolitionem

453 3832 593 3902 ejus,
630 3843 861 3890 mortem
909 3835 1210 3902 existimat,
1260 3851 1359 3892 nos
1399 3852 1506 3893 non
1559 3839 1931 3906 admittemus,
1964 3852 2033 3895 ne

451 3928 638 3983 animo
657 3927 876 3998 quidem
909 3927 1179 3999 dispicere
1212 3928 1456 3985 valentes
1481 3930 1836 3986 substantiam
1883 3947 2033 3988 mor-

451 4019 615 4076 talem
651 4028 1026 4075 transeuntem
1056 4019 1110 4074 in
1168 4019 1498 4088 immortale,
1527 4030 1585 4077 et
1625 4031 1875 4078 naturam
1904 4040 2030 4080 cor-

450 4111 760 4182 ruptibilem
801 4111 854 4166 in
883 4112 937 4166 id
960 4112 1106 4180 quod
1138 4120 1223 4166 est
1269 4111 1683 4183 incorruptibile
1708 4130 1722 4167 :
1751 4115 1854 4168 hoc
1885 4116 2030 4170 enim

450 4214 535 4260 est
557 4203 780 4274 perinde
813 4217 877 4258 ac
916 4203 961 4257 si
992 4203 1300 4258 diceremus
1335 4205 1569 4260 transire
1614 4206 1816 4275 aliquid
1847 4222 1876 4260 a
1903 4221 2029 4262 cor-

450 4297 657 4365 porein
689 4309 804 4348 rem
834 4295 1208 4363 incorpoream
1234 4313 1248 4359 ;
1288 4297 1514 4365 perinde
1541 4299 1694 4365 quasi
1725 4297 2026 4366 subjectum

451 4386 669 4456 aliquod
721 4400 1016 4441 commune
1063 4387 1136 4441 sit
1186 4396 1396 4442 naturze
1433 4403 1722 4458 corporum
1761 4401 1816 4444 et
1845 4407 2028 4446 rerum

2135 3308 2300 3346 νουσα
2343 3291 2482 3363 αὐτὴ
2534 3290 2906 3355 ἀποθανεῖται,
2941 3291 3036 3344 καὶ
3086 3291 3247 3361 ἡμεῖς
3275 3288 3516 3362 ἐροῦμεν
3561 3291 3729 3360 αὐτὴν

2136 3384 2358 3456 θνητήν
2393 3386 2440 3438 εί
2475 3385 2532 3438 δὲ
2564 3384 2664 3454 τὴν
2694 3383 2929 3454 παντελῆ
2961 3383 3201 3436 διάλυσιν
3230 3382 3325 3436 καὶ
3349 3381 3728 3454 ἐξαφανισμδν

2135 3478 2305 3548 αὐτῆς
2333 3477 2560 3532 θάνατον
2592 3477 2820 3548 νομίζει,
2864 3478 3022 3548 ἡμεῖς
3051 3476 3114 3529 ού
3158 3475 3578 3546 προσησόμεθα,
3610 3475 3729 3528 ούδέ

2139 3567 2300 3639 μέχρι
2340 3568 2584 3630 ἐπινοίας
2621 3563 2749 3620 ίδεῖν
2781 3566 3066 3636 δυνάμενοι
3101 3564 3287 3618 ούσίαν
3323 3563 3532 3635 θνητὴν
3568 3581 3732 3634 μετα-

2135 3655 2437 3710 ϐάλλουσαν
2491 3658 2571 3719 είς
2602 3655 2868 3710 ἀθάνατον
2903 3656 2998 3709 καί⁵
3037 3655 3196 3724 φύσιν
3228 3653 3478 3725 φθαρτὴν
3515 3655 3618 3708 ἐπὶ
3673 3653 3732 3707 τὸ

2133 3745 2428 3817 ἄφθαρτον·
2453 3747 2634 3818 ὅμοιον
2654 3746 2762 3816 γὰρ
2791 3746 2948 3800 τοῦτο
2971 3745 3050 3817 τῷ
3076 3745 3254 3814 λέγειν
3282 3745 3652 3815 μεταϐάλλειν
3678 3761 3730 3797 τι

2132 3836 2240 3890 ἀπὸ
2277 3836 2524 3908 σώματος
2567 3839 2647 3901 είς
2683 3836 2993 3908 ἀσώματον,
3035 3837 3112 3901 ὼς
3155 3835 3522 3906 ὑποκειμένου
3582 3835 3729 3898 τινὸς

2133 3925 2315 3979 κοινοῦ
2360 3927 2460 3996 τῆς
2505 3927 2614 3979 τῶν
2664 3926 2932 3996 σωμάτων
2980 3925 3075 3979 καὶ
3119 3925 3423 3994 ἀσωμάτων
3478 3926 3724 3992 φύσεως·

2132 4019 2270 4090 ὅπερ
2299 4019 2468 4090 μένει,
2503 4018 2695 4090 ῶσπερ
2724 4019 2903 4089 μένειν
2927 4019 3060 4088 φασὶ
3078 4017 3139 4070 τὸ
3157 4018 3338 4071 ὑλικὸν
3366 4019 3413 4070 οἱ
3432 4019 3568 4087 mp!
3593 4017 3728 4070 ταῦ-

2130 4127 2199 4164 τα
2229 4111 2411 4172 δεινοὶ,
2442 4110 2552 4163 τῶν
2575 4110 2876 4181 ποιοτήτων
2911 4107 3358 4180 μεταϐαλλουσῶν
3389 4111 3474 4172 είς
3504 4109 3728 4181 ἀφθαρ-

2134 4202 2274 4254 σίαν.
2312 4201 2387 4253 Ού
2417 4199 2611 4254 ταυτὸν
2633 4199 2691 4252 δέ
2722 4201 2837 4252 ἐστι
2858 4199 2956 4270 τὴν
2975 4197 3218 4270 φθαρτὴν
3242 4197 3403 4266 φύσιν
3434 4197 3726 4251 ἐνδύεσθαι

2131 4293 2455 4366 ἀφθαρσίαν,
2485 4293 2579 4345 καὶ
2605 4291 2669 4343 τὸ
2694 4290 2791 4362 τὴν
2825 4289 3070 4360 φθαρτὴν
3105 4289 3461 4359 μεταϐάλλειν
3500 4291 3586 4353 είς
3619 4291 3726 4357 ἀφ-

2132 4385 2379 4458 θαρσίαν.
2407 4385 2488 4438 Τά
2511 4385 2555 4436 δ’
2588 4383 2727 4436 αὐτὰ
2751 4384 2843 4436 καὶ
2871 4383 2999 4454 περὶ
3028 4383 3123 4453 τῆς
3159 4381 3356 4454 θνητῆς
3385 4382 3639 4444 λεκτέον,
3665 4385 3725 4436 ού

451 4480 890 4550 incorporearum
931 4478 1125 4550 :quod
1176 4488 1378 4547 manet,
1421 4481 1878 4550 quemadmodum
1923 4498 2030 4538 ma-

2152 4475 2567 4546 ιεταϐαλλούσης
2595 4475 2694 4545 μὲν
2715 4477 2793 4538 είς
2824 4473 3143 4539 ἀθανασίαν,
3173 4474 3501 4546 ἐνδυομένης
3527 4475 3590 4528 δέ
3624 4475 3726 4528 αὖ·

449 4585 582 4625 nere
619 4569 809 4624 dicunt
865 4569 1147 4624 materiale
1194 4568 1343 4626 hisce
1396 4571 1449 4626 in
1499 4574 1662 4628 rebus
1702 4572 2024 4640 clarissime,
2067 4595 2072 4601 ·

447 4660 803 4732 qualitatibus
862 4660 1273 4717 transeuntibus
1326 4663 1378 4716 in
1434 4661 2026 4734 incorruptibilitatem.

447 4753 714 4810 Ceterum
745 4767 848 4808 non
876 4752 1019 4807 idem
1064 4761 1152 4808 est
1195 4754 1602 4823 corruptibilem
1653 4764 1909 4810 naturam
1939 4756 2028 4810 in-

449 4845 616 4902 duere
664 4843 1153 4914 incorruptionem,
1192 4853 1259 4897 et
1302 4844 1711 4914 corruptibilem
1776 4857 2027 4902 naturam

446 4938 684 4992 transire
724 4939 778 4991 in
827 4935 1290 5003 incorruptionem
1321 4935 1390 4988 ".
1421 4935 1620 4991 Eadem
1663 4937 1825 4992 etiam
1873 4947 1931 4992 et
1959 4940 2027 4995 de

445 5041 640 5086 natura
685 5029 897 5084 mortali
937 5028 1165 5083 dicenda
1209 5036 1358 5093 sunt,
1407 5044 1527 5098 quae
1565 5044 1673 5084 non
1710 5029 2027 5086 immutatur

445 5123 499 5177 in
529 5121 1010 5185 immortalitatem,
1039 5118 1133 5175 sed
1165 5133 1284 5175 eam
1320 5119 1517 5175 induit.
1553 5119 1825 5176 Praaterea
1851 5136 2026 5191 quan-

445 5212 732 5281 doquidem
764 5212 1052 5268 animalem
1083 5213 1318 5268 animam
1363 5213 1697 5268 existimavit
1728 5227 1826 5280 per
1855 5227 2020 5283 opera

443 5314 499 5360 et
531 5317 747 5358 sensum
777 5305 1022 5367 credere,
1049 5320 1154 5360 non
1182 5315 1365 5360 autem
1390 5320 1486 5375 per
1513 5305 1801 5370 rationem,
1852 5305 2022 5360 inter-

445 5409 700 5464 rogemus
729 5408 851 5452 eum
881 5395 947 5448 de
977 5393 1164 5460 Paulo,
1196 5395 1350 5466 cujus
1375 5405 1583 5451 natura:
1620 5405 1737 5450 erat
1768 5410 1786 5452 :
1821 5411 1942 5450 nam
1973 5396 2018 5452 si

2124 4572 2240 4642 τήν.
2278 4569 2419 4632 Ἔτι,
2459 4567 2688 4637 ἐπείπερ
2719 4565 2820 4637 τὴν
2859 4565 3096 4637 ψυχικὴν
3123 4565 3282 4636 φύσιν
3312 4565 3469 4636 ᾠήθη
3507 4565 3628 4637 (76)
3659 4566 3727 4618 δι’

2124 4663 2300 4735 ἔργων
2328 4660 2422 4714 καὶ⁸
2449 4659 2753 4731 αἰσθήσεως
2782 4657 3086 4721 πείθεσθαι,
3114 4658 3236 4728 ούχὶ
3261 4657 3320 4710 δὲ
3349 4656 3549 4725 λόγων,
3589 4675 3728 4712 πευ-

2126 4750 2346 4822 σώμεθα
2368 4749 2532 4803 αὐτοῦ
2555 4748 2683 4818 περὶ
2711 4747 2947 4812 Παύλου,
2981 4747 3140 4811 ποίας
3168 4746 3385 4815 φύσεως
3411 4742 3502 4818 ἦν·
3525 4749 3580 4801 εἰ
3623 4749 3728 4818 μὲν

2125 4841 2236 4912 γὰρ
2254 4840 2652 4910 πνευματικῆς,
2677 4839 2795 4903 πῶς
2821 4837 2912 4892 διὰ
2939 4838 3041 4908 τῆς
3068 4837 3355 4909 τεραστίου
3388 4839 3726 4906 ἐπιφανείας

2130 4930 2524 4994 πεπίστευκενς
2551 4931 2599 4982 εί
2619 4929 2662 4981 δ’
2689 4929 2789 4982 οὐκ
2803 4927 2978 4990 ἄλλως
3009 4927 3230 4981 ἐδύνατο
3256 4927 3538 4980 πιστεύειν
3567 4929 3608 4999 ἢ
3636 4930 3728 4983 διὰ

2128 5025 2230 5096 τῆς
2251 5023 2533 5095 τεραστίου
2564 5019 2918 5091 ἐπιφανείας,
2934 5019 3218 5074 ἀκολουθεῖ
3244 5018 3364 5073 κατ’
3395 5019 3602 5084 αὐτοὺς
3629 5023 3729 5075 καὶ

2129 5115 2292 5192 αὐτὸν
2324 5111 2463 5169 εἶναι
2488 5113 2740 5184 ψυχικόν.
2787 5114 2912 5176 Πῶς
2944 5111 3001 5166 δὲ
3033 5111 3128 5166 καὶ⁴
3167 5110 3365 5176 ἀσεϐὲς
3386 5111 3450 5164 τδ
3481 5112 3594 5182 πρὸ
3626 5115 3728 5168 τοῦ

2129 5205 2471 5279 Δημιουργοῦ
2499 5207 2625 5269 τοὺς
2671 5204 2934 5274 ἀγγέλους
2973 5202 3136 5256 αὑτοῦ
3170 5202 3394 5274 θεωρεῖν
3439 5202 3504 5256 τὸ
3537 5207 3728 5276 ἐρῤως-

2129 5301 2289 5372 μένον
2323 5301 2418 5352 καὶ
2449 5299 2508 5351 τὸ
2537 5297 2825 5369 εἰλικρινὲς
2873 5295 2974 5366 τῆς
3014 5294 3289 5358 πολιτείας
3324 5297 3432 5348 τῶν
3463 5295 3569 5350 ὑπὸ
3622 5302 3728 5370 τῆς

2123 5393 2402 5463 δυνάμεως
2450 5389 2545 5444 τοῦ
2583 5389 2834 5460 Σωτῆρος
2871 5385 3292 5460 βελτιωθέντων,
3328 5388 3423 5441 καὶ
3446 5388 3602 5459 παρὰ
3661 5390 3727 5442 τὸ

392 5471 431 5564 ξ
513 5506 559 5539 ⁸³
585 5504 724 5590 Cen.
759 5519 835 5570 vi,
863 5503 922 5556 2.
990 5504 1038 5536 ’⁵
1071 5503 1261 5561 Matth.
1295 5522 1417 5572 vm,
1469 5506 1558 5562 12.
1632 5508 1678 5541 ”
1702 5507 1804 5564 lsa.
1835 5523 1873 5572 ι,
1902 5507 1957 5564 2.
2029 5510 2036 5539 ¹

2152 5507 2235 5560 uid.
2267 5506 2322 5560 4.
2395 5504 2440 5535 ’⁷
2469 5503 2486 5557 l
2514 5501 2638 5558 Cor.
2673 5516 2764 5566 xv,
2793 5499 2883 5556 55.

517 5622 629 5689 (75)
654 5620 822 5678 Codd.
859 5621 1187 5678 Bodleianus
1225 5632 1279 5678 et
1302 5624 1654 5689 Barberinus,
1693 5628 2024 5683 πολιτεύοιν-

441 5712 539 5750 τοο
584 5692 806 5766 Regius,
853 5707 1172 5766 perperam,
1207 5694 1510 5766 πολιτεύειν
1555 5699 1648 5762 τό,
1705 5699 1861 5766 cujus
1909 5701 2024 5756 loco

449 5762 680 5822 iluetius
707 5778 773 5819 ex
806 5762 1121 5832 conjectura
1147 5763 1358 5834 legebat
1381 5766 1745 5824 πολιτεύουσι.

2205 5625 2317 5697 (76)
2343 5625 2522 5697 Codex
2547 5623 2900 5697 ‘Bodlejanus,
2933 5631 3101 5689 recte,
3133 5621 3284 5697 ᾠήθη
3306 5640 3320 5654 ο
3347 5621 3549 5697 Regius
3577 5637 3723 5682 vero

2130 5692 2332 5766 νοηθῆ,
2366 5696 2519 5763 cujus
2536 5694 2664 5766 loco
2685 5692 2916 5766 liuetius
2943 5708 3012 5752 ex
3061 5692 3374 5766 conjectura
3419 5692 3525 5766 legi
3563 5697 3716 5752 vote.

2132 5762 2222 5822 bat
2253 5762 2443 5839 ἐνόησε
2465 5765 2549 5853 vel
2579 5762 2797 5852 ἐνοήθη.
