3826 6518
150 339 236 395 517
1208 329 1570 386 COMMENT.
1611 329 1676 383 IN
1711 328 1900 384 JOAN.
1937 326 2178 384 TOMUS
2215 326 2354 383 XIII.

3279 329 3386 384 518

146 451 343 524 ἐναργὲς
381 449 476 504 τοῦ
512 450 654 523 περὶ
693 449 788 503 τοῦ
825 444 1166 520 Δημιουργοῢ
1205 445 1384 514 λόγου,
1407 444 1487 497 ἔτι
1513 444 1569 496 δέ
1622 443 1706 497 καὶ

1821 453 1946 496 natu
1959 457 2031 497 rae
2052 442 2370 512 spiritualis,
2395 439 2668 512 quomodo
2701 454 2796 510 per
2822 439 3184 512 prodigiosam
3215 456 3386 511 appa-

148 543 276 615 παρά
302 543 400 614 τὴν
431 542 672 615 Γραφὴν
697 540 1091 612 τὴνλέγουσανο
1128 557 1146 589 ι
1185 537 1247 589 Ei
1265 535 1595 606 κρυϐήσεται
1621 535 1713 588 ἀνά

146 633 331 703 θρωπος
359 632 418 682 ἐν
443 630 767 701 κρυφαίοις,
796 626 952 696 κάγὼ
979 627 1078 680 οὑκ
1097 625 1298 696 ὄψομαι
1329 623 1524 688 αὺτόνς
1556 642 1574 675 ι
1595 623 1708 676 καί’

148 742 164 774 ι
199 721 384 792 Κύριος
411 719 636 783 ἐτάζων
666 719 897 791 νεφροὺς
929 718 1023 771 καὶ
1051 716 1306 786 καρδίας;
1343 734 1362 766 ι
1400 713 1514 768 καί·
1557 732 1574 764 ι
1599 712 1711 766 Κύ-

146 833 240 887 ριος
278 813 570 882 γινώσκων
621 813 752 877 τοὺς
796 811 1176 880 διαλογισμοὺς
1223 807 1333 861 τῶν
1385 804 1708 878 ἀνθρώπων,

145 907 230 960 κᾶν
254 900 348 958 ὦσι
375 906 644 976 μάταιοις
691 923 710 956 ι
746 903 871 968 Πῶς
898 902 954 956 δὲ
985 899 1147 954 σώσει
1180 899 1275 952 καὶ
1303 899 1382 952 τό·
1411 917 1430 950 ι
1467 898 1524 952 '0
1555 892 1711 960 εἰδὼς

142 997 198 1048 τὰ
216 995 380 1049 πάντα
408 995 544 1066 πρὶν
574 994 842 1062 γενέσεως
868 990 1079 1055 aut:th
1124 1007 1143 1042 ι
1173 988 1254 1041 ἐτι
1296 987 1354 1041 δὲ
1383 985 1580 1058 μᾶλλον
1601 988 1649 1039 εί
1675 987 1710 1056 ἡ

142 1085 276 1153 φύσις
297 1082 775 1156 χαρακτηρίζεται
807 1082 899 1135 τοῦ
943 1080 1183 1143 ίαθέντος
1205 1079 1312 1133 ἀπὸ
1345 1078 1438 1132 τοῦ
1477 1077 1708 1150 ἀριθμοῦ

141 1176 225 1244 τῆς
255 1174 418 1246 ὠρας,
453 1177 545 1245 εἴη
579 1175 743 1244 φύσις
768 1173 866 1245 τῆς
897 1173 1093 1235 ἰάσεως
1131 1170 1390 1242 γινομένη
1417 1169 1494 1239 τῷ
1523 1170 1709 1240 οἰκείῳ

223 1265 525 1319 ἀναπαύσει
561 1263 816 1336 ἀριθμῷ;
849 1263 923 1316 Τὸ
963 1263 1020 1316 δὲ
1061 1261 1358 1333 διαφθορᾶς
1393 1256 1531 1314 εἶναι
1554 1261 1711 1331 ψυχι-

141 1357 251 1420 κῶν,
277 1357 364 1409 ἐπὶ
389 1356 540 1409 τέλει
579 1349 656 1410 ὧν
691 1353 1004 1426 ἐξεθέμεθα,
1035 1354 1126 1406 ὑπ’
1173 1351 1339 1406 αὐτοῦ
1382 1352 1707 1424 εἰρημένων,

139 1445 633 1516 ἀναγεγραμμένον,
669 1444 953 1516 ὁμωνυμία
985 1443 1266 1515 χρωμένου
1306 1443 1442 1506 ἐστὶ,
1467 1444 1561 1496 καὶ
1591 1442 1708 1495 ἐτέ-

143 1554 224 1606 ραν
250 1537 404 1605 φύσιν
432 1538 758 1606 εἰσάγοντος
782 1536 1067 1608 τετάρτην,
1101 1536 1240 1608 ὅπερ
1270 1535 1330 1587 ού
1362 1533 1630 1604 βούλεται.

1823 534 2074 590 ritionem
2129 533 2400 589 credidit?
2459 533 2601 602 quod
2657 532 2703 588 si
2761 547 2867 586 non
2903 533 3063 588 aliter
3094 549 3256 603 quam
3291 549 3388 602 per

1822 625 2210 693 apparitionem
2267 622 2632 694 prodigiosam
2678 622 2902 677 credere
2945 631 3176 691 poterat,
3199 638 3391 679 conse-

1822 717 2006 784 quitur
2030 716 2182 785 juxta
2210 713 2424 768 illorum
2455 715 2763 784 opinionem
2790 714 2956 768 etiam
2985 712 3161 783 ipsum
3184 713 3388 768 anima-

1822 804 1926 859 lem
1975 805 2163 860 fuisse.
2207 805 2370 875 277
2421 804 2526 860 Sed
2568 806 2840 874 quomodo
2887 820 2993 860 non
3027 805 3246 874 impium
3279 816 3385 872 est,

1819 906 1874 950 et
1897 905 2093 966 praeter
2117 899 2422 952 evidentem
2465 897 2730 950 rationem
2766 896 2849 952 "de
2908 897 3098 950 mundi
3157 895 3386 966 Opifice,

1817 987 1960 1056 quod
1989 996 2117 1041 ante
2151 987 2325 1056 ipsum
2355 986 2538 1041 mundi
2581 985 2841 1056 Opiﬁcem
2890 986 3064 1056 angeli
3091 987 3207 1057 ejus
3238 987 3390 1040 vide-

1816 1078 1926 1133 rint
1960 1093 2148 1134 sanum
2181 1086 2235 1134 et
2263 1078 2532 1134 sincerum
2582 1079 2798 1133 modum
2823 1078 3041 1134 vivendi
3075 1095 3262 1134 eorum
3295 1080 3388 1150 qui

1815 1179 2035 1239 propter
2083 1171 2374 1239 potentiam
2424 1168 2736 1224 Servatoris
2784 1170 3037 1226 meliores
3090 1171 3217 1225 facti
3274 1172 3392 1226 fue-

1818 1261 1947 1323 rint,
1997 1270 2183 1315 contra
2228 1259 2562 1331 Scripturam
2621 1262 2891 1316 dicentem
2926 1277 2940 1313 :
2970 1280 2989 1314 ι
3025 1260 3159 1316 Num
3206 1262 3394 1316 occul-

1819 1349 2018 1405 labitur
2047 1353 2210 1406 homo
2236 1352 2288 1406 in
2321 1351 2456 1406 locis
2489 1351 2896 1418 latentibus,,et
2922 1367 3024 1422 ego
3058 1368 3164 1408 non
3189 1353 3389 1407 videbo

1816 1456 1938 1496 eum
1968 1441 2046 1494 "?
2093 1460 2113 1494 ι
2149 1451 2204 1496 et
2235 1459 2250 1496 :
2309 1459 2327 1494 ι
2377 1441 2637 1498 Dominus
2687 1453 2940 1500 scrutans
2972 1459 3150 1509 renes,
3177 1453 3231 1498 et
3262 1460 3390 1499 cor-

1817 1535 1882 1586 da
1912 1533 1992 1598 ⁹⁹;
2035 1551 2054 1585 ›
2085 1543 2138 1587 et
2165 1548 2179 1584 :
2228 1552 2246 1586 ι
2282 1533 2540 1590 Dominus
2567 1548 2895 1604 cognoscens
2914 1536 3268 1604 cogitationes
3293 1535 3390 1591 ho-

140 1633 340 1696 minum,
396 1633 668 1702 quoniam
716 1647 868 1686 vana:
920 1643 1046 1686 sunt
1072 1631 1125 1684 ίῖ
1157 1651 1177 1684 ι
1215 1631 1501 1698 Quomodo
1543 1630 1707 1684 etiam
1753 1636 1937 1685 servat
1979 1628 2111 1683 illud
2154 1643 2169 1683 :
2209 1647 2228 1681 ι
2261 1628 2363 1696 Qui
2414 1630 2561 1685 videt
2613 1631 2798 1686 omnia
2849 1641 2978 1687 ante
3018 1643 3196 1688 ortum
3245 1631 3390 1703 ipso-

138 1740 238 1779 rum
262 1730 304 1791 ',
345 1746 363 1778 ι
398 1729 644 1782 maxime
669 1728 715 1784 si
747 1738 936 1782 natura
975 1727 1146 1781 sanati
1179 1727 1452 1796 designata
1500 1726 1568 1780 ab
1598 1726 1745 1780 hora:
1780 1740 2023 1790 numero,
2062 1725 2132 1780 sit
2179 1735 2370 1782 natura
2418 1726 2798 1782 medicamenti
2835 1727 2976 1782 facta
3015 1742 3240 1782 numero
3299 1728 3392 1797 qui

137 1819 564 1872 accommodatus
613 1829 701 1874 est
745 1819 811 1873 ad
843 1819 1118 1890 quietem?
1168 1819 1318 1885 Quod
1378 1833 1507 1874 vero
1559 1819 1823 1889 scriptum
1867 1827 1952 1874 est
1987 1828 2208 1890 propter
2267 1819 2668 1888 corruptionem
2723 1834 2934 1885 eorum,
2979 1820 3066 1888 qui
3111 1830 3237 1874 sunt
3269 1821 3392 1874 ani-

137 1910 314 1978 males,
370 1911 424 1965 in
474 1912 585 1966 fine
640 1927 834 1967 eorum
884 1927 1003 1982 qua:
1047 1911 1396 1983 exposuimus
1447 1912 1514 1967 ab
1568 1927 1636 1968 eo
1682 1912 1824 1966 dirta
1877 1912 2067 1978 luisse,
2107 1913 2465 1983 atquivocatio
2502 1911 2704 1966 utentis
2753 1921 2862 1978 est,
2902 1921 2956 1966 et
2997 1910 3395 1967 introducentis

134 2006 270 2058 aliam
322 2017 583 2074 quartam
641 2020 912 2069 naturam,
973 2007 1116 2075 quod
1168 2008 1283 2076 ipse
1315 2021 1419 2060 non
1476 2007 1764 2075 approbat.

193 2095 270 2149 60.
300 2115 319 2146 α
349 2096 529 2150 Τοῦτο
555 2096 615 2150 δέ
650 2096 811 2150 πάλιν
854 2096 1102 2168 δεύτερον
1133 2099 1357 2168 σημεῖον
1393 2096 1646 2166 ἐποίησεν
1677 2098 1706 2150 ὁ

1881 2101 2000 2156 60.‹
2034 2100 2143 2155 Hoc
2168 2109 2345 2153 autem
2370 2113 2558 2154 rursus
2585 2099 2800 2168 signum
2820 2098 2948 2154 fecit
2973 2102 3272 2156 secundum
3294 2099 3388 2157 Je-

145 2187 345 2257 Ἰησοῦς,
375 2187 556 2242 ἐλθὼν
583 2190 651 2242 ἐκ
682 2190 782 2260 τῆς
826 2188 1081 2252 Ἰουδαίας
1114 2190 1195 2252 είς
1223 2189 1323 2260 τὴν
1344 2188 1656 2245 Γαλιλαίαν.
1683 2207 1702 2241 t

137 2278 197 2330 Τὸ
220 2280 374 2349 ῥητὸν
390 2278 706 2348 ἀμφίϐολόν
729 2281 865 2334 ἐστι’
902 2279 1155 2351 σημαίνει
1178 2279 1286 2350 γὰρ
1323 2278 1384 2331 τὸ
1414 2279 1512 2349 μὲν
1540 2278 1712 2332 τοιοῦ-

134 2387 226 2434 τον,
251 2371 305 2423 ἐν
342 2373 409 2440 τῇ
444 2371 558 2422 ἀπὸ
587 2371 692 2440 τῆς
744 2371 1002 2434 Ἰουδαίας
1030 2372 1110 2434 είς
1148 2371 1248 2441 τὴν
1273 2369 1561 2424 Γαλιλαίαν
1585 2371 1709 2422 ἐπι-

135 2460 282 2530 δημίᾳ
310 2463 338 2513 ὁ
386 2459 606 2531 Ἰησοῦς
647 2460 740 2513 δύο
781 2464 981 2530 σημεῖα
1027 2461 1350 2531 πεποίηκεν,
1393 2454 1468 2513 ὧν
1494 2460 1556 2513 τὸ
1583 2461 1710 2532 περὶ

136 2549 344 2604 τδνυίδν
385 2550 490 2604 τοῦ
540 2550 826 2620 βασιλικοῦ
871 2551 1118 2624 δεύτερόν
1161 2554 1297 2605 ἐστι·
1334 2551 1426 2604 δύο
1458 2552 1566 2622 γὰρ
1615 2569 1712 2623 ση-

141 2644 286 2712 μείων
318 2644 434 2715 (77)
468 2643 647 2696 ὅντων
679 2643 714 2697 ἃ
739 2645 992 2714 ἐποίησεν
1041 2646 1098 2697 ἐν
1140 2647 1204 2716 τῇ
1260 2644 1516 2715 Γαλιλαίᾳ
1549 2646 1576 2697 ὁ
1608 2645 1712 2714 Ἰη-

141 2734 264 2800 σοῦς,
286 2736 345 2788 τὸ
380 2735 647 2805 δεύτερον
665 2736 963 2805 πεποίηκεν
990 2734 1159 2789 ἐλθὼν
1175 2736 1283 2788 ἀπὸ
1314 2736 1412 2806 τῆς
1448 2735 1710 2798 Ἰουδαίας

138 2826 204 2885 si;
240 2825 330 2894 τὴν
380 2825 706 2878 Γαλιλαίανο
738 2826 830 2877 καὶ
868 2824 1024 2878 τοῦτό
1055 2825 1118 2893 γέ
1149 2828 1259 2878 ἐστι
1288 2826 1350 2879 τὸ
1391 2825 1576 2878 δεκτὸν
1616 2825 1710 2878 καὶ

138 2915 310 2985 ἀληθές
339 2916 475 2986 (78)·
509 2916 576 2968 οὐ
627 2915 738 2987 γὰρ
765 2916 824 2969 τὸ
859 2916 1118 2987 πρότερον
1167 2917 1276 2970 ἀπὸ
1313 2917 1412 2986 τῆς
1453 2916 1709 2979 Ἰουδαίας

140 3009 206 3070 είς
231 3009 322 3079 τὴν
351 3009 661 3062 Γαλιλαίαν
711 3008 878 3060 ἐλθὼν
925 3009 1214 3079 πεποίηκε·
1250 3009 1312 3062 τὸ
1359 3009 1413 3061 δὲ
1449 3007 1710 3080 πρότερόν

141 3101 236 3153 ἐστι
262 3102 318 3153 τὸ
347 3103 482 3173 περὶ
498 3102 602 3173 τὴν
627 3102 929 3174 μεταϐολὴν
950 3103 1043 3157 τοῦ
1075 3103 1266 3166 ὕδατος
1296 3104 1376 3166 είς
1396 3099 1556 3166 οἶνον,
1574 3103 1710 3172 ὅπερ

140 3193 333 3261 γέγονεν
365 3197 423 3247 ἐν
458 3198 526 3265 τῇ
557 3193 844 3266 ἐπαύριον·
876 3195 1012 3266 ὅπερ
1042 3193 1212 3248 αἴτιον
1238 3195 1451 3262 ἐγένετο
1477 3194 1569 3247 καὶ
1599 3192 1708 3261 (79)

137 3283 216 3337 τοῦ
249 3287 503 3358 Ἀνδρέαν
535 3287 633 3339 τὸν
664 3286 892 3354 ἀδελφὺν
927 3286 1169 3357 Σίμωνος
1206 3286 1434 3356 Πέτρου,
1470 3284 1712 3353 πυθόμε-

136 3393 209 3429 νον
236 3378 335 3431 ποῦ
370 3379 551 3450 μένει,
601 3378 733 3448 περὶ
780 3378 1012 3449 δεκάτην
1046 3378 1195 3449 ὥραν
1243 3377 1341 3447 τῆς
1375 3376 1583 3447 ἡμέρας
1617 3391 1712 3444 με·

138 3473 408 3542 μενηκέναι
457 3472 616 3546 παρά
665 3472 744 3544 τῷ
786 3474 995 3544 Κυρίῳ-
1046 3474 1354 3545 γέγραπται
1400 3472 1528 3542 γάρ’
1571 3489 1590 3521 ι
1628 3471 1706 3541 Τῇ
1735 3449 1778 3506 C

135 3561 368 3633 ἐπαύριον
415 3563 696 3634 ⁴ἠθέλησεν
748 3561 978 3628 ἐξελθεῖν
1018 3566 1098 3626 είς
1127 3563 1225 3634 τὴν
1254 3561 1566 3622 Γαλιλαίαν,
1615 3560 1710 3612 καὶ

137 3652 355 3720 εὑρίσκει
381 3654 679 3707 Φίλιππον.
731 3672 750 3704 ι
787 3653 927 3722 Ὅρα
969 3652 1031 3724 δὴ
1059 3653 1158 3724 τὴν
1191 3651 1501 3721 οἰκονομίαν
1534 3651 1580 3702 εί
1616 3649 1705 3700 δνα

135 3742 323 3810 νάμεθα
349 3745 570 3813 νοῆσαι,
592 3742 674 3814 τῷ
709 3742 804 3796 καὶ
839 3740 1336 3812 ἐπισεσημειῶσθαι
1365 3740 1456 3792 τὸν
1488 3739 1711 3805 εὐαγγε-

134 3832 296 3906 λιστὴν
325 3836 460 3907 περὶ
499 3835 594 3888 τοῦ
631 3833 882 3904 δεύτερον
917 3832 1073 3886 τοῦτο
1111 3832 1173 3885 τὸ
1216 3833 1440 3902 σημεῖον
1492 3828 1711 3897 γεγονέ-

134 3944 226 3991 ναι,
247 3927 610 3989 κατελθόντος
638 3925 748 3979 ἀπὸ
763 3925 861 3996 τῆς
899 3924 1157 3987 Ἰουδαίας
1187 3924 1265 3987 εἰς
1290 3923 1389 3994 τὴν
1420 3918 1710 3974 Γαλιλαίαν

133 4016 209 4068 τοῦ
239 4018 470 4088 Κυρίου.
515 4017 813 4087 Ἐλέγομεν
841 4016 897 4069 δέ
927 4017 983 4068 ἐν
1016 4019 1127 4078 τοῖς
1156 4014 1417 4084 ἀνωτέρω
1454 4010 1710 4064 δύνασθαι

132 4109 215 4171 τὰς
238 4109 326 4162 δύο
368 4112 455 4172 είς
485 4109 588 4180 τὴν
626 4104 785 4162 Κανᾶ
826 4102 916 4154 τοῦ
951 4108 1201 4178 Σωτῆρος
1236 4105 1391 4176 ἡμῶν
1418 4102 1712 4173 ἐπιδημίας

134 4200 198 4260 εἰς
235 4200 504 4269 σύμϐολον
534 4197 908 4269 λαμϐάνεσθαι
933 4198 1040 4250 τῶν
1065 4197 1158 4250 δύο
1189 4195 1351 4249 αὐτοῦ
1379 4197 1457 4258 είς
1477 4183 1578 4263 τὴν
1609 4192 1710 4262 γῆν

133 4289 442 4362 ίπῶημιῶν,
487 4292 617 4361 ἥτις
663 4287 816 4360 παρά
855 4288 915 4341 τὸ
957 4288 1143 4359 κτῆμα
1189 4285 1352 4340 αὐτοῦ
1406 4283 1709 4353 γεγονέναι,

133 4381 397 4451 εἰληφότος
430 4384 621 4436 πᾶσαν
654 4380 902 4448 ἐξουσίαν
933 4380 1008 4443 ὡς
1034 4381 1091 4432 ἐν
1111 4378 1324 4451 οὐρανῷ
1351 4377 1443 4432 καὶ
1473 4377 1566 4429 ἐπὶ
1587 4377 1709 4447 γῆς,

134 4471 271 4527 Κανᾶ
294 4473 600 4546 ὠνομάσθη
630 4471 766 4541 (80).
798 4472 876 4541 Τῇ
913 4471 1010 4541 μὲν
1051 4467 1144 4523 οὖν
1174 4469 1416 4541 προτέρᾳ
1449 4465 1713 4537 ἐπιδημίᾳ

137 4564 255 4630 μετὰ
302 4565 364 4618 τὸ
419 4565 655 4635 λουτρὸν
710 4563 858 4631 ἡμᾶς
898 4561 1177 4632 εὐφραίνει
1229 4557 1713 4627 συνδιαιτωμένους

134 4653 284 4724 αὐτῷ,
335 4656 432 4709 καὶ
483 4655 667 4717 διδοὺς
698 4653 792 4706 τοῦ
823 4655 887 4707 ὲκ
921 4653 1021 4724 τῆς
1052 4652 1334 4722 δυνάμεως
1372 4647 1536 4702 αὑτοῦ
1573 4649 1712 4700 οἴνου

134 4750 280 4812 πιεῖν,
333 4747 536 4810 ὓδατος
573 4746 675 4816 μὲν
720 4747 1092 4816 τυγχάνοντος,
1126 4745 1214 4796 ὅτε
1260 4741 1489 4812 ἧντλητο
1521 4738 1714 4809 πρότε-

137 4853 235 4904 ρονο
278 4839 425 4892 οἴνου
455 4839 516 4892 δὲ
569 4836 888 4906 γενομένου,
915 4837 1003 4890 ὅτε
1047 4833 1178 4889 αὐτὸ
1211 4831 1320 4903 (81)
1357 4829 1713 4902 μετεποίησεν

144 4929 355 4998 Ἰησοῦς.
393 4929 510 4984 Καὶ
553 4927 668 4998 γὰρ
696 4927 911 4998 ἀληθῶς
951 4926 1058 4998 πρὸ
1093 4925 1191 4996 μὲν
1232 4921 1409 4994 Ἰησοῦ
1457 4921 1490 4989 ἡ
1521 4919 1711 4991 Γραφὴ

134 5013 261 5089 ὕδωρ
309 5015 402 5089 ἦν·
437 5018 554 5073 ἀπὸ
577 5016 640 5070 δέ
671 5015 768 5068 τοῦ
821 5015 997 5086 Ἰησοῦ
1040 5010 1182 5076 οἶνος
1217 5013 1352 5082 ἡμῖν
1397 5009 1706 5080 γεγένηται.

133 5107 201 5178 Τῇ
241 5109 296 5164 δέ
321 5109 564 5182 δευτέρᾳ
595 5107 710 5179 (82)
743 5105 1005 5178 ἐπιδημίᾳ
1054 5104 1280 5158 ἀπολύει
1311 5101 1404 5156 τοῦ
1454 5100 1711 5172 πυρετοῦ,

1810 2207 1924 2257 sus,
1949 2194 2174 2248 veniens
2195 2206 2226 2244 a
2245 2189 2427 2245 Judaea
2448 2191 2500 2246 in
2524 2189 2803 2246 Galilaeam
2832 2190 2874 2245 ³.
2916 2209 2936 2244 ι
2967 2191 3065 2246 Hic
3102 2201 3391 2248 contextus

1810 2292 1893 2339 est
1925 2283 2250 2353 ambiguus;
2291 2283 2457 2336 habet
2511 2281 2655 2336 enim
2698 2280 2860 2335 talem
2908 2280 3388 2352 significationem,

1811 2376 1962 2444 quasi
1996 2373 2156 2429 Jesus
2188 2373 2297 2427 duo
2325 2373 2478 2442 signa
2509 2371 2722 2436 fecerit,
2755 2386 2874 2426 cum
2910 2372 3120 2427 veniret
3149 2389 3176 2424 a
3201 2372 3387 2428 Judtea

1811 2465 1864 2519 in
1895 2463 2194 2530 Galilaeam,
2223 2477 2453 2532 quorum
2489 2463 2701 2532 signum
2736 2463 2802 2516 de
2836 2462 2950 2516 lilio
2982 2463 3151 2532 reguli
3183 2464 3253 2518 sit
3295 2478 3387 2518 se-

1811 2555 2043 2608 cundum
2077 2569 2091 2606 :
2126 2564 2180 2606 et
2213 2553 2358 2622 quod
2389 2553 2496 2607 duo
2525 2553 2678 2622 signa
2707 2569 2828 2606 cum
2865 2554 2974 2607 sint
3017 2569 3138 2622 quae
3193 2553 3390 2608 fecerit

1809 2642 1969 2697 Iesus
2006 2642 2058 2696 in
2099 2640 2350 2706 Galilaza,
2391 2642 2687 2695 secundum
2735 2639 2944 2705 fecerit,
2989 2641 3209 2692 veniens
3237 2655 3267 2693 a
3294 2637 3390 2694 Iu-

1811 2736 1922 2788 daaa
1953 2733 2006 2786 in
2046 2730 2319 2785 Galilatam
2348 2744 2361 2781 :
2399 2737 2587 2797 estque
2623 2731 2722 2781 hoc
2755 2738 3026 2796 receptum
3063 2737 3118 2780 et
3147 2741 3378 2790 verum;

1810 2837 1987 2893 neque
2035 2822 2181 2876 enim
2220 2834 2342 2874 cum
2380 2819 2818 2888 proficisceretur
2847 2833 2874 2870 a
2912 2816 3100 2871 Judaea
3150 2819 3201 2871 in
3242 2817 3388 2872 Gali-

1809 2915 1985 2978 lmam,
2039 2914 2271 2983 primum
2327 2912 2476 2975 fecit,
2533 2912 2626 2964 sed
2689 2909 2917 2977 primum
2981 2908 3110 2962 fecit
3169 2909 3390 2975 quando

1811 3007 2039 3061 mutavit
2083 3021 2277 3076 aquam
2314 3004 2366 3058 in
2396 3003 2576 3055 vinum
2616 3017 2631 3054 :
2667 2999 2980 3066 factumque
3029 3006 3113 3051 est.
3164 3007 3384 3066 postera

1810 3095 1918 3161 die,
1948 3093 2155 3162 fuitque
2193 3092 2358 3147 etiam
2387 3091 2440 3144 in
2474 3105 2635 3145 causa
2664 3103 2722 3143 ut
2762 3087 3032 3151 Andreas,
3093 3087 3262 3142 frater
3296 3085 3387 3140 Si-

1809 3189 1986 3242 monis
2019 3186 2186 3252 Petri,
2226 3185 2569 3253 interrogans
2603 3181 2692 3236 ubi
2742 3188 3005 3246 maneret,
3055 3180 3204 3234 circa
3241 3179 3391 3234 deci-

1811 3295 1954 3334 mam
1990 3278 2094 3332 diei
2125 3277 2313 3333 horam
2352 3275 2495 3344 apud
2537 3273 2821 3326 Dominum
2863 3278 3110 3326 maneret
3147 3269 3198 3337 ‘;
3246 3270 3388 3325 scri-

1813 3381 1964 3440 ptum
2009 3379 2093 3426 est
2135 3369 2282 3423 enim
2312 3384 2328 3424 :
2363 3384 2382 3418 t
2418 3365 2696 3420 Postridie
2743 3363 2912 3417 voluit
2951 3363 3105 3416 exire
3151 3364 3207 3414 in
3240 3359 3390 3416 Gali-

1814 3461 1988 3526 laeam,
2017 3469 2072 3516 et
2103 3459 2309 3514 invenit
2348 3455 2657 3524 Philippum
2686 3455 2728 3507 ⁵.
2762 3471 2783 3506 ι
2817 3451 2926 3506 Sed
2968 3451 3089 3508 vide
3137 3465 3266 3506 num
3305 3450 3390 3504 in-

1814 3553 2054 3623 telligere
2107 3549 2378 3620 possimus
2432 3545 2791 3602 oeconomiam
2826 3559 2839 3596 :
2873 3558 2938 3599 eo
2986 3543 3131 3612 quod
3183 3541 3392 3597 notarit

1810 3647 1974 3700 etiam
2019 3643 2348 3713 evangelista
2394 3641 2497 3696 hoc
2554 3637 2851 3695 secundum
2906 3635 3122 3705 signum
3174 3633 3382 3688 factum

1812 3735 1980 3788 fuisse
2008 3747 2132 3788 cum
2163 3731 2517 3786 descenderet
2562 3728 2825 3784 Dominus
2857 3743 2886 3782 a
2917 3724 3100 3781 Judaaa
3148 3726 3200 3780 in
3233 3723 3387 3781 Gali-

1813 3827 1986 3882 latam.
2023 3825 2269 3879 Diximus
2297 3831 2478 3877 autem
2515 3821 2570 3874 in
2607 3819 2984 3886 superioribus
3016 3819 3151 3872 duos
3183 3816 3384 3871 Serva-

1813 3917 1947 3973 toris
1970 3916 2141 3972 nostri
2189 3914 2456 3968 adventus
2503 3910 2558 3966 in
2601 3909 2808 3965 Canam
2859 3906 3034 3973 accipi
3069 3920 3230 3974 posse
3283 3919 3388 3974 pro

1813 4008 2021 4061 duobus
2051 4005 2220 4074 ipsius
2264 4016 2429 4071 super
2463 4011 2660 4054 terram
2705 3997 3026 4052 adventibus
3062 4012 3075 4047 :
3107 4010 3227 4064 quae
3261 3995 3386 4064 qui-

1813 4097 1932 4150 dem
1965 4105 2130 4158 tcrra,
2159 4094 2286 4162 quia
2313 4090 2454 4146 facta
2488 4091 2562 4145 sit
2587 4087 2866 4160 possessio
2891 4083 3029 4153 ejus,
3059 4084 3150 4153 qui
3177 4084 3391 4153 accepit

1812 4196 2137 4258 potestatem
2169 4198 2409 4248 omnem,
2443 4182 2517 4236 ita
2548 4182 2600 4235 in
2639 4189 2805 4242 terra,
2829 4177 3282 4246 quemadmolum
3332 4175 3387 4229 in

1813 4278 1952 4334 coelo
1983 4277 2028 4341 ⁸,
2070 4275 2272 4329 idcirco
2305 4273 2463 4327 Κανᾶ
2519 4270 2784 4341 appellata
2818 4275 2922 4323 est.
2979 4265 3162 4320 Primo
3205 4265 3392 4335 itaque

1813 4369 2045 4423 adventu
2080 4380 2177 4420 nos
2213 4373 2332 4435 post
2372 4364 2646 4416 lavacrum
2697 4374 2821 4414 cum
2876 4358 2994 4428 ipso
3029 4357 3386 4412 convivantes

1813 4458 2108 4524 exbilarat,
2143 4457 2305 4510 etiam
2341 4454 2550 4508 donans
2581 4458 2638 4504 ut
2683 4450 2931 4505 bibamus
2976 4462 3008 4503 e
3045 4446 3174 4502 vino
3206 4455 3392 4516 poten-

1815 4552 1902 4605 tia:
1936 4564 2067 4615 suae,
2096 4547 2239 4618 quod
2266 4545 2487 4614 quidem
2519 4556 2662 4611 aqua
2690 4551 2810 4596 erat
2852 4538 3069 4609 quando
3102 4536 3392 4591 haurieba-

1818 4653 1904 4698 tur
1933 4650 2129 4702 antea;
2179 4637 2346 4706 278
2373 4635 2468 4689 sed
2521 4634 2701 4687 vinum
2734 4631 2882 4686 facta
2915 4642 3020 4694 est,
3052 4629 3266 4700 quando
3296 4627 3393 4681 im-

1818 4729 2048 4785 mutavit
2104 4726 2254 4780 illam
2320 4723 2502 4780 Iesus.
2559 4722 2772 4778 Etenim
2826 4734 2952 4775 vere
3027 4726 3154 4771 ante
3202 4715 3389 4770 Jesum

1821 4821 2103 4889 Scriptura
2151 4823 2270 4871 erat
2297 4831 2469 4884 aqua;
2500 4813 2662 4869 simul
2707 4820 2887 4866 autem
2914 4817 3077 4878 atque
3108 4808 3252 4861 venit
3292 4803 3390 4860 Je-

1819 4929 1934 4977 sus,
1963 4913 2104 4966 facta
2143 4925 2227 4966 est
2267 4908 2423 4963 nobis
2452 4907 2658 4963 vinum.
2689 4903 2936 4960 Secundo
2970 4914 3100 4955 vero
3146 4899 3387 4952 adventu

1818 5005 2013 5061 liberat
2067 5017 2098 5056 a
2129 5000 2287 5069 febri,
2347 5011 2589 5067 tempore
2616 4995 2840 5065 iudicii,
2897 4991 3040 5061 quod
3091 4987 3164 5042 illi
3205 5003 3236 5041 a
3275 4985 3388 5042 Deo

1821 5095 2193 5155 concreditum
2220 5093 2323 5149 fuit
2349 5100 2407 5148 ut
2427 5090 2659 5163 judicet,
2688 5086 2929 5142 liberans
2953 5097 2982 5136 a
3017 5079 3155 5137 febri
3187 5088 3243 5135 et
3261 5093 3390 5149 per—

195 5244 465 5300 “Jerem.
495 5257 661 5305 xxttt,
691 5241 782 5294 24.
831 5240 876 5272 ⁹⁹
900 5239 1040 5293 Psal.
1067 5254 1160 5306 vn,
1190 5236 1272 5291 l0.
1353 5236 1371 5267 ⁸
1396 5234 1539 5290 ΡειιΙ.
1567 5249 1698 5290 xcm

1816 5273 1828 5288 .
1903 5231 2074 5287 ’Dan.
2093 5247 2214 5300 xm,
2235 5231 2329 5286 42.
2403 5226 2604 5284 'Joan.
2627 5222 2810 5291 “.55.
2887 5219 3087 5276 ‘Joan.
3107 5233 3147 5283 ι,
3175 5217 3266 5283 38,
3295 5215 3387 5273 39.

134 5317 155 5350 '
184 5316 304 5370 ibid.
328 5317 426 5370 43.
509 5313 530 5344 ⁶
553 5310 754 5365 Matth.
782 5324 971 5376 xxvm,
997 5308 1082 5363 I8.

196 5454 302 5520 (77)
323 5453 513 5510 Codex
540 5448 891 5520 Bodleianm,
911 5446 1004 5500 δύο
1036 5447 1144 5517 γὰρ
1173 5443 1414 5516 σημείων
1437 5456 1454 5474 ο
1486 5439 1704 5512 Regius,

137 5519 267 5577 est
298 5522 590 5577 τιτοιοῦτο
627 5519 888 5589 σημείων.
927 5586 944 5590 _
1051 5587 1062 5590 _
1204 5586 1214 5590 _
1265 5583 1305 5590 ,,
1364 5580 1418 5590 ,.
1509 5579 1547 5590 .-
1629 5578 1640 5590 .

199 5594 304 5673 (ῖᾷ)
329 5594 517 5673 codex
542 5579 894 5653 BodIe'ianus,
922 5586 1107 5640 δεκτδν
1133 5586 1227 5639 καὶ
1255 5580 1482 5654 ἀληθές·
1509 5579 1712 5645 Regius

138 5665 302 5717 omisit
320 5665 442 5717 καί.

201 5681 214 5714 Ι
425 5701 442 5717 ο

201 5665 531 5826 (ξθζῗῗπερ
559 5751 760 5807 αιτιοι·
782 5748 1017 5819 ἐγένετο
1043 5746 1163 5803 καί.
1215 5745 1373 5801 Deest
1420 5741 1473 5798 in
1521 5739 1712 5798 codice

1825 5437 2146 5522 Esaias“
2168 5431 2835 5522 1°3““"3'1-B°“.'°i_’_'l°1

1889 5501 2000 5578 (Εο)
2029 5505 2195 5561 Κανᾶ
2215 5501 2554 5573 ὠνομάσθη.
2591 5504 2635 5556 Α
2660 5512 2785 5589 mp,
2814 5518 2835 5553 ι
2868 5501 3125 5573 possedit.
3164 5517 3186 5552 ι

1891 5598 2004 5669 (8|)
2028 5596 2360 5669 Bodleianus
2391 5595 2560 5650 codex
2588 5595 2741 5661 αὑτό,
2774 5594 2976 5664 Regius
3018 5604 3074 5646 et
3131 5589 3386 5647 Barbert-

1819 5666 1943 5730 nus.
1979 5666 2163 5721 αὐτόν.

1893 5737 2002 5809 (82)
2040 5735 2117 5805 Τῇ
2154 5734 2222 5789 δὲ
2249 5732 2515 5803 δευτέρᾳ.
2550 5734 2605 5789 In
2635 5733 2805 5806 Regio
2840 5733 3026 5788 codice
3057 5731 3204 5788 deest
3237 5731 3315 5784 δέ.
