3826 6530
483 380 588 433 519

1933 376 2254 436 ORICENIS

3603 386 3703 440 5‘20

479 506 615 557 recte
647 516 845 555 sanans
874 499 1045 571 reguli
1078 499 1271 566 lilium,
1300 501 1416 556 sive
1446 501 1700 567 Abrahae,
1748 501 1859 555 sive
1889 500 2037 569 prin-

2147 497 2283 550 κατά
2322 495 2410 548 τὸν
2445 495 2636 565 καιρὸν
2686 497 2782 567 τῆς
2836 495 3069 566 κρίσεως
3094 497 3160 567 ἢν
3184 498 3470 569 ἐπιστεύθη
3509 504 3703 572 κρίνειν

433 593 612 666 ;.cipis
664 589 890 660 alicujus
946 591 1036 660 qui
1075 591 1293 662 regulus
1328 591 1654 647 nominetur.
1687 590 1752 646 Et
1779 590 1894 646 haec
1926 591 2046 660 qui-

429 659 598 757 dem
650 659 814 736 veluti
864 659 1240 751 pratercundo
1291 680 1599 750 superiores
1642 659 2042 750 expositiones;

478 791 712 844 quarum
739 776 994 845 quoniam
1029 787 1298 828 memores
1322 788 1421 828 nos
1447 788 1567 828 esse
1595 781 1830 842 oportet,
1861 773 2046 828 dicen-

479 866 604 919 dttnt
640 876 722 920 est
775 866 890 920 ﬁeri
920 880 1080 934 posse
1110 875 1166 918 ut
1197 865 1375 919 omnis
1401 874 1653 919 creatura
1686 863 1952 934 duplicem
1982 863 2046 918 il-

477 955 582 1010 lius
615 962 903 1011 adventum
952 954 1094 1009 hunc
1124 956 1190 1009 ad
1230 970 1288 1011 se
1314 955 1635 1010 consideret.
1691 954 1927 1008 Proinde
1967 954 2047 1007 in-

475 1047 676 1115 spicies
733 1061 862 1100 num
919 1046 1236 1115 principalis
1271 1046 1536 1100 dicendus
1569 1045 1641 1100 sit
1690 1045 1792 1098 hac
1838 1044 2045 1098 ratione

474 1140 707 1210 primus,
737 1153 969 1207 sequens
995 1153 1122 1192 vero
1153 1139 1423 1193 secundus
1457 1151 1471 1189 :
1498 1136 1631 1191 adeo
1661 1146 1718 1189 ut
1743 1135 1794 1189 in
1842 1135 2044 1204 princi-

477 1237 583 1304 pali
615 1235 986 1290 exhilarentur
1011 1235 1062 1288 hi
1091 1235 1180 1303 qui
1210 1250 1331 1288 eum
1359 1235 1693 1302 receperint;
1721 1235 1771 1287 itt
1805 1233 2043 1288 secundo

475 1339 606 1379 vero
641 1325 937 1378 liberentur
966 1326 1036 1378 ab
1070 1324 1213 1378 omni
1245 1324 1434 1376 morbo
1465 1332 1518 1376 et
1547 1322 1614 1377 ab
1650 1322 1834 1392 ignitis
1864 1322 2045 1375 inimi-

475 1418 522 1470 ci
551 1417 766 1486 sagittis
804 1415 857 1470 hi
898 1415 986 1484 qui
1033 1414 1320 1468 noluerant
1369 1423 1525 1466 antea
1567 1416 1631 1466 de
1658 1413 1776 1481 ejus
1811 1413 1934 1467 vino
1962 1413 2045 1468 bi-

475 1507 624 1562 bere.
658 1507 721 1560 Et
751 1507 981 1575 primum
1012 1507 1232 1574 quidem
1263 1505 1583 1559 miraculum
1614 1504 1902 1559 indivisum
1935 1513 2040 1568 est,

476 1613 600 1651 natu
628 1598 786 1652 Cana:
811 1608 892 1652 est
923 1608 976 1650 et
1001 1597 1090 1666 qui
1125 1612 1320 1666 aquam
1351 1597 1515 1650 vertit
1542 1597 1594 1650 in
1622 1596 1829 1660 vinum,
1863 1607 1916 1648 et
1950 1597 2040 1663 qtti

475 1689 701 1753 bibunt;
732 1688 1029 1743 secundum
1056 1703 1182 1743 vero
1211 1688 1532 1742 miraculum
1561 1688 1850 1754 quamdam
1879 1687 2039 1740 veluti

473 1782 871 1850 separationem
923 1779 1086 1833 habet
1109 1795 1136 1850 _:
1179 1795 1304 1832 nam
1356 1779 1497 1832 illius
1552 1777 1721 1845 reguli
1769 1787 2040 1848 aegrotans

473 1887 579 1926 non
611 1880 728 1926 erat
765 1871 852 1925 ubi
886 1867 1047 1925 Jesus
1079 1885 1093 1922 :
1131 1885 1235 1924 non
1264 1869 1408 1923 enim
1435 1877 1553 1922 erat
1589 1869 1640 1920 in
1667 1867 1834 1933 Cana,
1862 1869 1954 1922 sed
1987 1869 2038 1921 in

470 1963 792 2030 Capharnao
827 1971 928 2016 :et
984 1977 1167 2016 sermo
1218 1961 1432 2030 quidem
1492 1959 1752 2028 potentia:
1807 1974 1834 2012 a
1891 1959 2038 2014 Cana

470 2052 766 2123 egreditur,
809 2066 931 2105 nam
963 2069 981 2102 ι
1004 2049 1173 2105 Filius
1198 2059 1320 2103 tuus
1350 2049 1517 2102 vivit’
1539 2067 1556 2100 ι
1587 2049 1639 2102 in
1663 2049 1808 2103 Cana
1837 2047 2037 2102 dictum

427 2145 431 2149 ’
469 2153 580 2208 est;
611 2157 748 2212 opus
779 2157 907 2196 vero
929 2142 1192 2196 sermonis
1221 2139 1518 2195 eﬂiciturin
1545 2141 1900 2210 Capharnao;
1931 2140 2039 2194 illic

470 2233 614 2287 enim
648 2240 881 2301 aegrotus
933 2231 1101 2301 reguli
1133 2231 1275 2286 Illius
1325 2246 1579 2286 sermone
1643 2230 1768 2286 Jesu
1821 2244 2040 2288 curatus

470 2331 553 2374 est
597 2339 615 2371 ι
647 2321 779 2374 hora
809 2321 1034 2388 septima
1067 2320 1088 2351 ⁸
1120 2337 1134 2386 ;
1173 2338 1190 2371 ι
1240 2321 1651 2391 invenimusque
1685 2322 1824 2374 hunc
1864 2336 1892 2374 a
1925 2337 2041 2376 scr-

471 2426 634 2466 mone
679 2422 950 2477 curatum,
987 2411 1072 2465 cui
1125 2426 1229 2465 n0n
1286 2412 1580 2481 putabatur
1632 2411 1792 2468 Jesns
1822 2415 2036 2477 adesse,

472 2512 634 2570 atque
655 2501 817 2556 etiam
859 2502 1192 2556 centurionis
1230 2517 1469 2560 servum.
1508 2506 1717 2559 Etenim
1752 2507 1938 2576 procul
1971 2507 2040 2561 ab

474 2593 566 2648 illo
587 2609 708 2647 cum
736 2601 902 2659 esset,
928 2609 1032 2647 non
1057 2594 1413 2663 proﬁciscitur
1443 2596 1704 2653 Dominus
1729 2599 1796 2654 ad
1821 2601 2038 2654 domum

471 2679 829 2743 centurionis,
863 2678 954 2747 qui
978 2679 1154 2733 dixit:
1191 2697 1208 2731 ι
1242 2680 1486 2746 Domine,
1520 2697 1621 2736 non
1649 2699 1766 2738 sum
1793 2684 2040 2753 idoneus,

474 2778 534 2822 ut
561 2767 663 2823 sub
699 2777 896 2822 tectum
927 2784 1102 2823 meum
1161 2771 1354 2834 intres.
1387 2777 1480 2826 sed
1529 2783 1735 2827 tantum
1779 2776 1866 2830 dic
1913 2791 2038 2831 ver-

473 2862 623 2925 bum,
650 2870 706 2915 et.
728 2862 1011 2916 sanabitur
1035 2879 1166 2931 puer
1192 2879 1342 2918 meus
1370 2865 1392 2897 ’
1422 2881 1438 2930 ;
1476 2883 1495 2918 ι
1527 2876 1748 2935 propter
1773 2869 1916 2937 quod
1959 2870 2038 2923 in-

472 2951 673 3021 quitad
699 2953 900 3021 ipsum:
933 2971 950 3005 ι
985 2953 1154 3017 Vade,
1185 2963 1240 3008 et
1261 2963 1318 3007 ut
1345 2955 1647 3022 credidisti,
1678 2958 1772 3012 fiat
1799 2959 1896 3014 tibi
1921 2959 1986 3015 ¹⁰.
2014 2977 2035 3012 ι

472 3040 888 3098 Observavimus
939 3054 1118 3098 autem
1181 3054 1438 3113 utrosque
1485 3058 1813 3117 :cgrotautes
1854 3050 1907 3104 in
1938 3051 2042 3105 Ca-

472 3137 717 3206 pharnao
749 3135 928 3196 fuisse,
961 3136 1172 3190 scilicet
1199 3139 1367 3206 reguli
1413 3139 1575 3192 (ilium
1621 3151 1675 3194 et
1705 3143 2040 3199 centurionis

473 3240 707 3280 servum.
757 3225 896 3291 Quin
929 3240 1120 3280 socrus
1147 3227 1309 3282 etiam
1360 3228 1501 3282 Petri
1549 3241 1843 3300 prostrata,
1901 3232 2038 3287 febri

473 3315 754 3370 laborabat
801 3317 852 3370 in
912 3316 1254 3386 Capharnao,
1311 3319 1463 3387 cujus
1521 3335 1713 3376 manus
1754 3337 1873 3378 cum
1916 3325 2040 3380 attio

474 3406 662 3473 gisset,
723 3417 1049 3476 prostratam
1081 3410 1318 3470 sanavit,
1369 3409 1502 3466 adeo
1550 3422 1607 3467 ut
1638 3425 1818 3468 erecta
1881 3413 2042 3469 mini-

483 3507 678 3553 straret
696 3497 769 3551 illi
807 3497 875 3550 “.
943 3498 1008 3551 Et
1043 3499 1096 3553 hi
1134 3500 1348 3568 quidem
1406 3503 1493 3557 die
1522 3505 1817 3560 cx'sistentc
1869 3509 2038 3562 curati

473 3587 626 3642 fuere
663 3589 716 3641 in
749 3588 1090 3659 Capharnao,
1122 3607 1244 3645 nam
1271 3594 1436 3663 reguli
1463 3596 1601 3650 lilius
1629 3597 1759 3650 hora
1787 3599 2035 3668 septima,

475 3682 811 3736 centurionis
837 3695 1018 3737 autem
1053 3699 1241 3740 servus
1283 3695 1336 3740 et
1363 3685 1508 3742 Petri
1556 3705 1743 3743 socrus
1797 3701 1922 3744 ante
1952 3707 2041 3746 ve-

472 3787 708 3842 speram.
737 3797 754 3824 |
783 3773 1017 3844 Vespera
1051 3791 1178 3830 vero
1218 3775 1382 3841 facta,
1417 3797 1434 3830 ι
1469 3779 1614 3846 juxta
1648 3779 1953 3836 Matthzcum
1975 3785 2040 3849 ι’,

480 3881 499 3914 ι
530 3863 828 3918 attulerunt
863 3866 935 3919 illi
969 3884 987 3918 ι
1020 3867 1070 3919 in
1101 3867 1422 3936 Capharnao
1452 3890 1466 3921 ι
1502 3873 1702 3928 multos
1734 3888 1762 3926 a
1795 3874 2041 3929 dzcmone

474 3969 693 4013 vexatos
717 3976 729 4010 :
762 3960 1089 4031 spiritusque
1111 3962 1266 4029 ejccit
1289 3980 1563 4033 sermone,
1585 3983 1881 4038 omnesque
1902 3969 2041 4025 male

471 4047 637 4118 279
673 4049 931 4105 habentes
957 4053 1185 4108 curavit.
1213 4072 1230 4105 ι
1260 4054 1492 4110 Tardius
1521 4072 1650 4127 ergo
1685 4059 1926 4128 quidam,
1954 4074 2045 4114 ce-

473 4141 639 4194 lerius
667 4140 755 4194 alii
791 4153 1051 4196 curantur
1079 4158 1107 4195 a
1135 4142 1260 4196 Jesu
1291 4162 1302 4196 :
1342 4145 1431 4213 qui
1466 4146 1609 4200 enim
1657 4163 1902 4218 vespere,
1930 4158 2042 4204 tar-

474 4233 592 4286 dius
612 4242 890 4298 curantur,
910 4233 1106 4303 quippe
1144 4235 1234 4302 qui
1271 4235 1335 4288 iis
1369 4236 1459 4305 qui
1486 4237 1537 4288 in
1570 4237 1656 4293 die
1685 4240 1858 4293 curati
1896 4250 2042 4308 sunt,

475 4320 761 4375 inferiores
787 4323 928 4386 sint;
965 4338 1088 4376 nam
1123 4339 1152 4374 a
1185 4323 1426 4377 daemone
1471 4335 1754 4390 vexantur,
1791 4337 1847 4382 et
1903 4331 2044 4384 male

478 4411 700 4465 habent.
740 4409 978 4466 Proinde
1031 4414 1462 4468 contendendum
1501 4417 1656 4472 nobis
1697 4428 1798 4485 est,
1833 4429 1889 4472 ut
1922 4434 2047 4474 con-

2146 587 2254 642 άπὸ
2298 585 2389 639 τοῦ
2441 585 2598 649 Θεοῦ,
2636 585 2884 640 ἀπολύων
2933 587 3027 640 τοῦ
3075 588 3332 660 πυρετοῦ,
3367 590 3456 642 καὶ
3491 591 3702 662 ἰώμενος,

2147 678 2420 741 παντελῶς
2452 677 2541 730 τὸν
2560 678 2654 730 τοῦ
2682 678 2958 748 βασιλικοῦ
2993 681 3127 742 υἱὸν,
3153 681 3264 732 εἴτε
3309 682 3566 752 Ἀϐραὰμ,
3599 685 3700 737 εἴτε

2145 770 2401 842 ἄρχοντός
2445 787 2586 833 τινος
2627 769 3029 842 ὀνομαζομένου
3063 771 3363 841 βασιλικοῦ.
3397 775 3500 828 Καὶ
3540 775 3701 830 ταῦτα

2149 861 2247 932 μὲν
2266 860 2342 924 ὡς
2371 861 2504 931 πρός
2531 878 2650 915 τινα
2668 863 2917 932 διήγησιν
2949 863 3308 933 παρεξιοῦσαν
3333 864 3441 935 (83)
3469 865 3562 928 τὰς
3588 883 3708 937 προ-

2145 952 2326 1022 τέρας·
2360 953 2483 1004 ἐπεὶ
2532 953 2588 1005 δέ
2625 953 2932 1024 μεμνῆσθαι
2962 956 3108 1024 ἡμᾶς
3139 955 3317 1008 αὐτῶν
3347 956 3454 1028 (84)
3495 957 3590 1020 δεῖ,
3624 959 3707 1010 λε-

2146 1043 2319 1107 κτέον,
2351 1045 2432 1097 ὅτι
2459 1044 2680 1099 δυνατὸν
2728 1045 2875 1115 πάσῃ
2908 1047 2974 1115 τῇ
3001 1049 3188 1116 κτήσει
3215 1047 3378 1100 αύτοῦ
3414 1048 3505 1117 τὴν
3531 1049 3706 1118 διττὴν

2145 1137 2347 1209 ταύτην
2379 1137 2612 1190 νοεῖσθαι
2645 1136 2961 1207 ἐπιδημίαν.
3023 1135 3369 1207 Ἐπιστήσεις
3409 1142 3463 1192 δὲ
3490 1140 3536 1193 εί
3577 1158 3707 1210 προ-

2145 1229 2451 1301 ηγιυμένην
2484 1229 2581 1298 μὲν
2599 1229 2738 1282 κατὰ
2769 1228 2928 1281 τοῦτο
2942 1226 3040 1299 τὴν
3067 1227 3289 1300 πρώτην
3319 1229 3549 1295 λεκτέον,
3580 1232 3705 1284 ἐπο-

2147 1322 2312 1392 μένην
2358 1321 2414 1374 δὲ
2461 1319 2559 1391 τὴν
2604 1319 2883 1392 δευτέραν,
2923 1318 3060 1371 ὥστε
3092 1320 3187 1391 τὴν
3231 1321 3329 1390 μέν
3375 1323 3706 1392 προηγουμέ-

2144 1429 2243 1482 νην
2293 1411 2404 1479 (85)
2446 1410 2830 1482 εὐφραίνεσθαι
2873 1411 2996 1472 τοὺς
3024 1409 3492 1481 παραδεξαμένους
3525 1412 3702 1472 αὐτὸν,

2142 1507 2207 1575 τῇ
2234 1503 2289 1556 δὲ
2311 1503 2538 1574 δευτέρᾳ
2571 1503 2746 1573 πάσης
2775 1501 2932 1554 νόσου
2969 1502 3320 1565 ἀπολύεσθαι,
3365 1504 3452 1556 καὶ
3477 1503 3579 1556 τῶν
3608 1521 3703 1556 πε-

2143 1593 2478 1664 πυρωμένων
2519 1591 2612 1645 τοῦ
2650 1591 2843 1664 ἐχθροῦ
2891 1591 3060 1661 βελῶν
3100 1595 3225 1654 τοὺς
3257 1593 3331 1662 μὴ
3363 1592 3704 1662 βουληθέντας

2143 1683 2404 1755 πρότερον
2458 1682 2550 1736 τοῦ
2599 1682 2738 1735 οἴνου
2799 1682 2965 1735 αὑτοῦ
3015 1687 3176 1736 πιεῖν.
3227 1685 3336 1737 Καὶ
3388 1685 3454 1737 τά
3487 1685 3578 1754 μὲν
3611 1684 3704 1752 τῆς

2144 1773 2366 1845 πρώτης
2389 1774 2666 1845 δυνάμεως
2717 1774 2989 1846 άμέριστά
3036 1776 3204 1838 ἐστιν,
3256 1777 3312 1828 ἐν
3349 1777 3496 1846 Κανᾷ
3541 1776 3646 1846 γὰρ
3677 1777 3704 1826 6

2072 1848 2113 1900 Β
2143 1863 2310 1917 ποιῶν
2333 1863 2392 1916 τὸ
2413 1863 2553 1935 ὕδωρ
2582 1859 2744 1925 οἶνον,
2787 1865 2879 1917 κα)¹
2905 1865 2952 1916 οἱ
2989 1866 3253 1929 πίνοντες
3292 1865 3360 1918 τὰ
3384 1866 3436 1918 δὲ
3466 1866 3560 1936 τῆς
3585 1867 3703 1919 δευ-

2140 1953 2302 2024 τέρας
2341 1954 2502 2006 οἱονεὶ⁵
2531 1953 2641 2024 ἔχει
2665 1961 2786 2008 τινά
2817 1956 3100 2025 μερισμόν·
3128 1958 3156 2009 6
3183 1956 3292 2028 γὰρ
3320 1958 3408 2010 τοῦ
3434 1957 3703 2027 βασιλικοῦ

2139 2045 2253 2108 υἱὸς
2273 2044 2445 2098 νοσῶν
2466 2047 2566 2099 οὐκ
2589 2042 2656 2118 ἦν
2683 2047 2815 2100 ὅπου
2865 2048 3092 2117 Ἰησοῦς·
3121 2049 3182 2100 ού
3214 2049 3322 2119 γὰρ
3349 2045 3416 2118 ἦν
3445 2052 3498 2102 ἐν
3532 2051 3702 2120 Κανᾷ,

2141 2136 2257 2190 ἀλλ’
2291 2137 2347 2189 ἐν
2376 2137 2772 2209 Καφαρναούμ·
2806 2138 2900 2191 καὶ
2927 2137 2956 2190 ὁ
3002 2139 3100 2208 μὲν
3130 2139 3230 2210 τῆς
3256 2140 3527 2211 δυνάμεως
3556 2141 3705 2208 λόγος

2141 2228 2249 2284 άπὸ
2276 2231 2375 2301 τῆς
2411 2232 2568 2284 Κανᾶ
2595 2230 2894 2302 ἐξέρχεται·
2931 2227 2990 2282 τὺ
3022 2231 3148 2300 γάρ·
3181 2249 3200 2280 ι
3248 2231 3304 2282 '0
3339 2231 3449 2293 υἱός
3478 2248 3566 2284 σου
3593 2231 3658 2302 ζῇ
3682 2249 3700 2282 ι

2141 2323 2198 2375 ἐν
2238 2322 2395 2392 Κανᾷ
2432 2322 2670 2392 εἴρηται·
2720 2320 2778 2373 τὸ
2811 2319 2868 2372 δὲ
2896 2319 2988 2373 τοῦ
3021 2319 3181 2388 λόγου
3209 2321 3368 2392 ἔργον
3394 2323 3450 2372 ἐν
3481 2323 3705 2390 Καφαρ-

2140 2413 2317 2484 ναοὺμ
2350 2413 2579 2482 γίνεται·
2615 2413 2730 2465 ἐκεῖ
2757 2411 2866 2482 γὰρ
2892 2412 3060 2466 νοσῶν
3098 2414 3126 2466 6
3166 2412 3259 2466 τοῦ
3293 2413 3566 2483 βασιλικοῦ
3596 2414 3708 2477 υἱδς

2140 2503 2284 2574 λόγῳ
2307 2503 2646 2574 ἐθεραπεύθη
2665 2502 2758 2556 τοῦ
2801 2504 2972 2574 Ἰησοῦ
3001 2502 3144 2556 κατὰ
3171 2502 3268 2573 τὴν
3297 2502 3520 2573 ἑϐδόμην
3537 2502 3705 2574 ὥραν·

2141 2593 2328 2648 τοῦτον
2354 2594 2412 2647 δέ
2441 2593 2583 2665 λόγῳ
2611 2595 2932 2666 εὑρίσκομεν
2960 2593 3357 2664 θεραπευθέντα
3379 2593 3485 2646 άπὺ
3508 2593 3582 2664 μὴ
3609 2611 3709 2645 πα-

2143 2687 2314 2756 ρεῖναι
2345 2684 2696 2756 νομιζομένου
2719 2685 2866 2756 αύτῷ
2891 2685 2984 2739 τοῦ
3009 2684 3203 2756 Ἰησοῦ,
3238 2685 3334 2738 καὶ
3356 2684 3447 2737 τὸν
3469 2683 3560 2736 τοῦ
3585 2685 3710 2737 ἐκα-

2141 2775 2434 2847 τοντάρχου
2462 2775 2662 2829 δοῦλον·
2698 2777 2790 2830 καὶ
2821 2777 2929 2848 γάρ
2954 2777 3046 2830 ἀπ’
3077 2774 3284 2828 ἐκείνου
3316 2775 3395 2838 εἰς
3416 2773 3510 2845 τήν
3532 2774 3706 2827 οἰκίαν

2143 2865 2236 2919 τοῦ
2269 2867 2664 2938 ἑκατοντάρχου
2680 2868 2738 2920 ού
2760 2867 3120 2939 παραγίνεται
3145 2867 3172 2918 6
3200 2866 3422 2937 Κύριος,
3446 2866 3705 2927 εἰπόντος·

2149 2975 2170 3009 ι
2215 2957 2408 3030 Κύριε,
2456 2956 2554 3012 οῦκ
2595 2960 2708 3030 είμί
2745 2959 2946 3023 ἱκανὸς,
2981 2959 3067 3012 ἵνα
3103 2975 3205 3029 μου
3256 2958 3361 3011 ὑπὸ
3379 2958 3476 3029 τήν
3517 2958 3710 3029 στέγην

2145 3051 2416 3124 εἰσέλθῃς,
2470 3051 2605 3105 ἀλλὰ
2655 3058 2812 3123 μόνον
2846 3054 2966 3106 εἰπὲ
3013 3052 3175 3124 λόγῳ,
3215 3053 3309 3106 καὶ
3358 3053 3633 3124 ἰαθήσεται
3684 3056 3710 3106 6

2069 3173 2112 3230 ο
2147 3145 2274 3206 παῖς
2307 3156 2439 3214 μου·
2469 3161 2485 3195 ι
2523 3143 2602 3196 διό
2641 3161 2771 3214 φησι
2803 3144 2940 3215 πρὸς
2974 3144 3154 3198 αὐτόν’
3193 3163 3213 3197 ι
3255 3145 3492 3213 ’Ύπαγε,
3521 3145 3615 3198 καὶ
3638 3145 3711 3208 ὡς

2145 3237 2472 3298 ἐπίστευσας
2502 3236 2781 3306 γενηθήτω
2815 3253 2916 3290 σοι.
2954 3255 2971 3288 ι
3008 3237 3401 3308 Τετηρήκαμεν
3433 3237 3488 3290 δὲ
3511 3237 3604 3290 καὶ
3631 3239 3710 3294 ὅτι

2142 3329 2199 3382 ἐν
2223 3329 2602 3398 Καφαρναοὺμ
2637 3327 2935 3399 ἀμφότεροι
2983 3322 3120 3398 ἦσαν
3149 3325 3453 3392 νοσοῦντες,
3486 3329 3513 3382 ὃ
3536 3346 3597 3381 τε
3619 3327 3709 3382 τοῦ

2142 3419 2534 3491 ἑκατοντάρχου
2585 3421 2712 3482 παῖς
2743 3419 2836 3472 καὶ
2865 3421 2893 3473 6
2937 3419 3030 3473 τοῦ
3063 3419 3337 3489 βασιλικοῦ
3367 3421 3502 3484 υίὸς.
3534 3421 3645 3474 Καὶ
3678 3423 3709 3490 ή

2141 3509 2378 3581 πενθερὰ
2408 3510 2464 3563 δὲ
2489 3509 2694 3581 Πέτρου
2725 3509 3028 3581 βεϐλημένη
3065 3510 3366 3582 ἐπύρεσσεν
3405 3513 3462 3563 ἐν
3488 3513 3710 3583 Καφαρ-

2142 3602 2334 3671 ναοὺμ,
2357 3596 2425 3672 ἦς
2457 3598 2732 3669 ἁψάμενος
2765 3600 2864 3670 τῆς
2895 3598 3074 3670 χειρὸς
3100 3600 3284 3652 ἰάσατο
3314 3601 3414 3670 τήν
3448 3600 3710 3670 βεϐλημέο

2140 3710 2258 3764 νην,
2299 3691 2373 3755 ὼς
2411 3690 2726 3761 ἐγερθεῖσαν
2759 3689 3023 3743 διακονεῖν
3055 3689 3222 3760 αύτῷ.
3281 3693 3392 3744 Καὶ
3429 3686 3568 3745 οῦτοι
3619 3691 3712 3760 μὲν

2140 3785 2349 3856 ἡμέρας
2390 3781 2834 3854 ἐθεραπεύθησαν
2873 3784 2929 3834 ἐν
2962 3783 3355 3853 Καφαρναούμο
3403 3783 3432 3835 6
3477 3783 3574 3853 μὲν
3620 3782 3709 3834 τοῦ

2143 3873 2419 3946 βασιλικοῦ
2441 3874 2554 3937 υίὸς
2579 3873 2724 3944 ὥραν
2751 3873 3004 3944 ἑϐδόμην,
3044 3878 3071 3926 6
3105 3874 3161 3926 δέ
3194 3873 3288 3926 τοῦ
3320 3875 3708 3945 ἑκατοντάρχου

2142 3971 2272 4032 παῖς
2310 3969 2470 4038 καὶὴ
2523 3965 2615 4020 τοῦ
2653 3966 2856 4037 Πέτρου
2928 3965 3159 4035 πενθερὰ
3209 3965 3316 4037 πρὸ
3371 3965 3472 4036 τῆς
3536 3966 3710 4035 ὀψίας.

2149 4076 2167 4109 ι
2192 4058 2380 4127 Ὀψίας
2393 4057 2447 4110 δέ
2472 4055 2789 4127 γενομένης,
2817 4075 2835 4106 υ
2869 4055 3008 4108 κατὰ
3032 4055 3122 4108 τὸν
3149 4055 3448 4119 Ματθαῖον,
3487 4074 3505 4107 ι
3526 4057 3584 4108 ἐν
3607 4059 3713 4110 Ka-

2143 4151 2430 4221 φαρναοὺμ
2474 4148 2848 4219 προσήνεγκαν
2896 4145 3043 4217 αὐτῷ
3082 4145 3555 4218 δαιμονιζομένους
3592 4148 3715 4200 πολ-

2142 4241 2286 4304 λοὺς,
2316 4243 2410 4295 καὶ
2430 4240 2677 4305 ἐξέϐαλλε
2694 4239 2759 4292 τά
2776 4238 3057 4308 πνεύματα
3074 4237 3236 4308 λόγῳ,
3259 4238 3354 4292 καὶ
3377 4238 3581 4302 πάντας
3595 4240 3713 4300 τοὺς

2143 4333 2330 4396 κακῶς
2372 4332 2592 4402 ἔχοντας
2629 4331 2980 4402 ἐθεράπευσε.
3028 4330 3249 4401 Βράδιον
3284 4326 3376 4384 οῦν
3425 4347 3566 4394 τινες
3617 4330 3712 4382 ὑπὸ

2157 4420 2328 4490 Ἰησοῦ
2349 4420 2760 4493 θεραπεύονται,
2787 4421 2880 4473 καὶ
2901 4419 3076 4489 ἕτεροι
3104 4419 3287 4488 τάχιον
3304 4435 3316 4448 ο
3352 4420 3402 4472 οἱ
3431 4419 3538 4489 γὰρ
3563 4419 3712 4488 ὀψίας

474 4518 757 4574 grcgemus
804 4503 921 4559 loca
965 4505 1054 4560 ubi
1080 4506 1286 4560 inventi
1323 4505 1473 4562 fuere
1496 4509 1584 4578 qui
1620 4513 1896 4567 curatione
1925 4527 2041 4583 ege-

2157 4510 2391 4582 βράδιον,
2421 4513 2496 4574 ὡς
2526 4511 2802 4573 ἐλάττονες
2822 4508 3132 4581 (δαιμονῶσι
3157 4511 3286 4581 γὰρ,
3315 4527 3408 4564 και
3428 4510 3713 4581 ἐχουσικα-

475 4597 627 4662 bant,
668 4598 1067 4668 notandumque
1113 4608 1194 4654 est
1243 4601 1439 4668 quibus
1487 4604 1536 4656 in
1583 4603 1712 4658 locis
1761 4605 1864 4658 alia
1905 4605 2041 4661 facta

2153 4605 2264 4669 κῶς
2335 4603 2440 4656 τῶν
2457 4604 2566 4676 (86)
2591 4605 2623 4675 ὴ
2631 4603 2695 4674 μέ
2705 4621 2801 4675 ρας
2819 4602 3118 4677 τεθεραπευ
3127 4603 3324 4673 μένων.
3337 4602 3714 4674 Φιλοτιμητέον

476 4685 678 4740 fuerint
715 4686 890 4756 signa.
937 4697 1125 4741 etnon
1184 4703 1246 4742 ea
1295 4705 1414 4757 qua:
1461 4691 1526 4745 ad
1574 4703 1902 4762 aegrotantes
1932 4709 2041 4764 spc-

2148 4697 2205 4749 δέ
2237 4699 2562 4765 συναγαγεῖν
2608 4697 2734 4754 τοὺς
2779 4695 2976 4758 τόπους
3017 4692 3144 4747 ἔνθα
3190 4693 3492 4765 εὑρέθησαν
3524 4697 3572 4747 οἱ
3612 4695 3716 4746 δεό-

477 4785 656 4832 ctant:
682 4777 842 4832 veluti
868 4779 918 4832 in
939 4777 1182 4833 Samaria
1203 4779 1414 4850 signum
1435 4792 1554 4836 erat
1573 4783 1702 4838 illud
1728 4799 1772 4835 ει
1797 4784 2041 4855 Quinque

2153 4805 2302 4858 μενοι
2345 4787 2669 4860 θεραπείας,
2715 4785 2809 4840 καὶ
2858 4785 3181 4856 σημειωτέον
3226 4785 3283 4836 ἐν
3315 4785 3491 4848 ποίοις
3537 4785 3715 4846 τόποις

477 4871 621 4923 viros
662 4870 917 4935 habuisti,
958 4881 1012 4926 et
1041 4887 1182 4926 nunc
1213 4887 1378 4941 quem
1412 4874 1579 4927 hahcs
1602 4915 1618 4938 ,
1652 4889 1756 4928 non
1802 4885 1885 4930 est
1924 4886 2041 4932 tuus

2149 4879 2284 4934 ἄλλα
2327 4880 2517 4949 γέγονε
2561 4879 2782 4948 σημεῖα,
2813 4877 2908 4929 καὶ
2935 4876 2997 4928 ού
3044 4873 3112 4928 τά
3147 4874 3278 4946 περὶ
3312 4876 3440 4938 τοὺς
3487 4875 3713 4945 κάμνον-

477 4961 559 5013 vir
591 4959 667 5026 ης
708 4979 726 5012 ι
749 4970 1032 5032 propterea
1069 4979 1190 5017 cum
1222 4965 1588 5032 obstupuisset
1621 4964 1827 5027 mulier,
1860 4967 1994 5021 dixit
2025 4987 2039 5023 :

2149 4989 2245 5034 τας
2269 4970 2374 5042 (87)
2396 4989 2408 5001 '
2433 4966 2542 5024 οἷον
2581 4971 2638 5022 ἐν
2663 4972 2730 5040 τῇ
2755 4968 3036 5039 Σαμαρείᾳ
3060 4969 3281 5038 σημεῖον
3302 4961 3371 5037 ἦν
3397 4968 3486 5020 τό·
3511 4986 3529 5018 ι
3557 4967 3715 5020 Πέντε

481 5071 498 5102 ι
547 5052 712 5106 Video
757 5063 809 5108 te
867 5054 1186 5122 prophetam
1221 5069 1372 5118 esse,
1415 5074 1433 5106 ι
1484 5055 1803 5125 civibusque
1843 5057 1977 5112 dicit
2026 5076 2041 5114 :

2152 5063 2348 5136 ἄνδρας
2376 5063 2549 5135 ἔσχες,
2578 5062 2670 5114 καὶ
2703 5060 2797 5114 νῦν
2828 5060 2886 5113 ὃν
2919 5059 3061 5130 ἔχεις
3095 5058 3196 5110 οὐκ
3227 5057 3344 5110 ἐστι
3373 5076 3470 5112 σου
3512 5060 3675 5128 ἀνὴρ·
3694 5077 3712 5109 ι

476 5303 528 5341 Η
547 5216 752 5342 Vilsoan.
776 5233 853 5285 tv,
883 5218 974 5274 50.
1048 5219 1071 5251 ⁸
1105 5220 1236 5278 ibid.
1271 5221 1360 5276 52.
1437 5221 1459 5252 ’
1491 5220 1676 5276 Matth.
1707 5237 1826 5289 vnt,
1849 5223 1903 5279 8.
1983 5225 2027 5256 ⁸ο
2053 5224 2182 5280 ibid.
2215 5226 2300 5280 15.
2378 5226 2417 5257 ¹¹
2453 5224 2618 5280 Marc.
2659 5239 2696 5289 t,
2727 5221 2819 5278 '50.
2896 5221 2940 5252 “
2969 5218 3156 5275 Matth.
3183 5234 3302 5284 vttt,
3331 5217 3424 5274 16.
3504 5215 3714 5274 "Joan.

551 5425 662 5498 (85)
698 5425 880 5480 Codex
920 5421 1270 5498 Bodleianus,
1303 5420 1699 5494 παρεξιοῦσαν·
1761 5421 1960 5492 Regius
1993 5432 2049 5479 et

479 5491 826 5562 Barberiuns,
856 5491 1262 5562 παραξύουσαν.

555 5565 666 5633 (84)
698 5561 877 5633 Codex
904 5558 1227 5616 B'odleiattus
1246 5600 1262 5624 ,
1287 5559 1492 5612 αὐτῶνθ
1536 5559 1738 5629 Regius
1761 5568 1813 5614 et
1848 5558 2050 5616 Barbe-

483 5636 657 5694 riuus,
685 5634 910 5684 ἑαυτῶν.

556 5702 670 5771 (85)
699 5701 816 5768 Τὴν
833 5700 952 5769 μὲν
985 5700 1461 5771 προηγουμένην.
1516 5699 1869 5756 Scribendum
1900 5701 2050 5755 vide-

489 5769 576 5827 tur
608 5774 673 5841 τῇ
699 5771 794 5840 μὲν
827 5769 1232 5841 προηγουμένη.

2227 5424 2341 5496 (86)
2379 5426 2561 5480 Codex
2597 5426 2939 5487 Bodleianns,
2975 5425 3028 5507 οἱ
3054 5423 3164 5545 γὰρ
3194 5421 3365 5507 ὀψίας
3378 5462 3394 5486 ,
3425 5423 3458 5493 ἢ
3487 5421 3717 5494 βράδιον,

2227 5517 2228 5521 η
2258 5496 2534 5545 ἐλάττονες
2556 5495 2726 5545 ὄντες.
2755 5496 3067 5545 (δαιμονῶσι
3093 5511 3127 5545 γ
3171 5509 3200 5545 ο
3219 5533 3233 5545 .
3280 5511 3376 5545 και
3412 5495 3594 5545 έχουσι
3639 5509 3717 5544 κει-

2154 5494 2534 5567 ὼςέλᾶττονες
2556 5495 2726 5560 ὄντες,
2755 5495 3067 5567 (δαιμονῶσι
3093 5494 3200 5563 γὰρ
3219 5533 3233 5556 ,
3280 5494 3376 5546 καὶ
3412 5495 3594 5564 έχουσι
3639 5509 3721 5544 κα·

2156 5566 2267 5627 κῶς
2289 5584 2301 5596 ·
2323 5567 2340 5635 )
2367 5567 2563 5636 μᾶλλον
2591 5567 2724 5636 τῶν.
2749 5566 2855 5622 etc.

2227 5630 2336 5705 (87)
2359 5630 2463 5688 Kal
2492 5638 2562 5688 οὐ
2593 5635 2664 5688 τὰ
2707 5632 3005 5705 περὶίτοὺς
3032 5630 3393 5705 κάμνοντας.
3442 5631 3717 5685 Ferrarius

2155 5703 2364 5774 legebat
2396 5707 2487 5758 καὶ
2509 5707 2612 5759 ποῦ
2641 5706 2710 5758 τὰ
2742 5704 2868 5775 περὶ
2895 5704 3019 5764 τοὺς
3051 5703 3380 5772 κάμνοντας.
