3826 6520
96 431 180 489 521
1140 429 1493 487 COMMENT.
1535 427 1600 483 IN
1639 428 1828 486 JOAN.
1868 429 2106 488 TOMUS
2137 430 2273 486 Xlll.

3211 438 3322 495 52‘!

93 549 162 616 ἐφ’
182 538 221 613 ᾧ
246 544 336 596 καὶ
367 544 797 614 καταπλαγεῖσα
823 543 856 615 ἡ
885 544 1020 615 γυνή
1055 561 1222 615 φησι·
1263 564 1284 596 ς
1307 543 1528 614 Θεωρῶ,
1566 544 1648 596 ὅτι

1757 561 1775 594 ι
1814 544 1970 613 Agite
1995 584 2009 609 ,
2049 543 2229 598 videte
2289 543 2594 610 hominem,
2629 545 2719 616 qui
2777 546 2914 603 dixit
2952 547 3083 603 mihi
3132 553 3313 607 omnia

95 641 346 712 προφήτης
380 634 431 690 εἴ
467 637 542 690 σύ
564 655 578 668 ·
611 658 632 691 ι
663 641 772 700 τοῖς
816 654 874 690 τε
905 637 1146 700 πολίταις
1189 632 1368 704 λέγει·
1412 656 1429 688 ι
1461 636 1645 700 Δεῦτε,

98 733 210 786 ἴδετε
255 730 551 800 ἄνθρωπον
601 729 663 793 ὃς
710 723 827 781 εἶπέ
864 745 952 799 μοι
997 729 1175 782 πάντα
1223 729 1324 781 ὅσα
1379 728 1644 798 ἐποίησα·

99 823 208 893 μήτι
232 814 380 885 οὗτός
412 823 575 874 ἐστιν
605 822 636 873 ὁ
668 820 928 891 Χριστός;
956 839 973 870 ι
1010 818 1430 891 Παρατηρητέον
1470 819 1527 872 δὲ
1555 819 1649 872 καὶ

95 916 198 976 τοὺς
236 913 424 981 λόγους
485 913 682 978 αὐτοῦ,
716 911 837 976 ποῦ,
886 911 979 965 καὶ
1022 911 1110 964 διὰ
1153 912 1236 976 τι,
1279 911 1371 964 καὶ
1405 912 1498 965 ἐπὶ
1540 911 1650 965 τίσι

98 1007 481 1076 πεπραγμένοις
525 1004 806 1073 λέγονται·
841 1003 946 1056 ὑπὸ
982 1002 1090 1074 γάρ
1125 1003 1299 1074 μόνων
1342 1003 1449 1056 τῶν
1477 1003 1650 1057 τοιού-

95 1111 183 1149 των
227 1096 674 1166 παρατηρήσεων
726 1095 818 1147 καὶ
868 1093 1163 1159 ἐξετάσεων
1222 1095 1322 1157 τὰς
1361 1094 1647 1164 βασάνους,

97 1186 316 1257 εὑρήσεις
349 1185 500 1238 κατὰ
532 1184 710 1257 βραχὺ
747 1185 872 1247 τοὺς
900 1183 1144 1256 καρποὺς
1171 1183 1280 1236 τῶν
1315 1183 1512 1252 πόνων,
1551 1185 1650 1256 τὴν

97 1279 142 1328 ἐν
178 1276 418 1344 Ψαλμοῖς
482 1274 743 1342 εὐλογίαν
817 1273 1116 1341 λέγουσαν⁴
1170 1293 1188 1324 ι
1219 1274 1358 1338 Τοὺς
1407 1277 1651 1345 καρποὺς

98 1363 184 1414 τῶν
209 1365 375 1416 πόνων
421 1380 522 1416 σου
554 1367 810 1432 φάγεσαι.
832 1382 851 1414 ι
888 1362 1008 1416 Ἐτι
1050 1364 1186 1434 πρὸς
1222 1362 1302 1426 τὺ,
1344 1383 1362 1416 ι
1390 1364 1559 1418 Τοῦτο
1594 1365 1653 1418 δέ

99 1457 230 1508 πάλιν
274 1455 536 1526 δεύτερον
590 1458 816 1526 σημεῖον
867 1454 1121 1526 ἐποίησεν
1153 1457 1182 1508 ό
1225 1455 1452 1527 Ἰησοῦς,
1485 1477 1503 1508 ι
1558 1457 1652 1510 καὶ

98 1547 228 1598 τοῦτο
269 1546 520 1613 λεκτέον,
569 1548 651 1600 ὅτι
683 1547 918 1616 οὐδαμοῦ
956 1547 1052 1618 μὲν
1077 1545 1367 1618 ὠνομάσθη
1411 1548 1547 1617 μόνα
1582 1549 1651 1602 τὰ

97 1642 267 1710 τέρατα
298 1639 440 1709 (88)·
475 1639 536 1690 εἴ
567 1656 670 1691 που
700 1638 806 1709 γάρ
834 1637 1069 1706 λέγεται,
1106 1637 1244 1710 μετά
1271 1637 1379 1691 τῶν
1412 1638 1650 1709 σημείων

98 1733 508 1804 ἀναγέγραπται,
540 1731 784 1802 ὡσπερεὶ
824 1731 903 1801 τῷ
925 1748 938 1761 ο
977 1750 995 1782 ι
1035 1730 1160 1786 Ἐὰν
1207 1730 1281 1802 μὴ
1328 1733 1527 1802 σημεῖα
1559 1731 1652 1784 καὶ

96 1825 265 1893 τέρατα
317 1823 505 1894 ἴδητε,
550 1824 614 1876 οὐ
653 1823 727 1893 μὴ
757 1822 1109 1894 πιστεύσητε*
1136 1841 1156 1875 ι
1194 1823 1460 1892 πολλαχοῦ
1489 1823 1545 1876 δὲ
1584 1823 1652 1876 τὰ

98 1917 268 1983 σημεῖα
305 1914 480 1983 χωρὶς
513 1911 627 1980 τῶν
657 1912 898 1983 τεράτων
941 1910 1168 1984 εὓρηται
1199 1913 1330 1983 (89),
1363 1913 1420 1966 ὃν
1451 1913 1649 1984 τρόπον

97 2006 170 2057 καὶ
191 2004 294 2057 νῦν.
328 2005 442 2058 Καὶ
477 2003 747 2075 ζητητέον
774 2021 836 2070 γε
864 2005 912 2056 sl
936 2003 1045 2075 ἔχει
1072 2005 1194 2057 τινά
1217 2005 1478 2078 διαφοράν
1511 2005 1649 2076 πρὸς

97 2095 266 2164 ἄλληλα
303 2095 368 2148 τὰ
401 2095 618 2166 τέρατα
654 2096 748 2148 καὶ
775 2094 843 2148 τά
877 2097 1103 2165 σημεῖα·
1135 2089 1294 2166 οἶμαι
1325 2096 1383 2149 δέ
1409 2096 1509 2161 τὰς
1551 2095 1648 2166 μὲν

98 2184 399 2258 παραδόξους
456 2188 556 2239 καὶ
586 2185 903 2256 τεραστίους
955 2184 1210 2255 δυνάμεις
1261 2186 1382 2239 κατ’
1425 2185 1554 2238 αὐτὸ
1589 2185 1651 2238 τὸ

99 2279 387 2348 παράδοξον,
419 2280 523 2332 καὶ
552 2277 856 2348 ἐκϐεϐηκὸς
884 2277 980 2349 τὴν
1011 2276 1316 2347 συνήθειαν,
1352 2277 1649 2348 θαυμάσιόν

97 2384 158 2430 τε,
182 2369 266 2422 καὶ
302 2369 446 2438 ὑπὲρ
477 2366 774 2438 ἄνθρωπον
808 2367 1104 2436 γινόμενον,
1149 2367 1350 2437 τέρατα
1389 2365 1650 2437 ὀνομάζεη

99 2459 222 2510 σθαι·
247 2459 311 2512 τά
334 2458 390 2510 δὲ
435 2457 722 2529 δηλωτικὰ
759 2473 918 2530 τινων
957 2455 1160 2528 ἐτέρων
1203 2455 1354 2527 παρά
1394 2456 1462 2509 τά
1507 2455 1649 2524 γινόσ

100 2567 228 2620 μενα,
261 2554 464 2621 σημεῖα
493 2548 776 2616 λέγεσθαι.
815 2549 1010 2618 Διόπερ
1049 2548 1140 2600 καὶ⁸
1173 2547 1398 2601 ἐπὶτῶν
1431 2546 1506 2618 μὴ
1541 2563 1648 2600 πα-

101 2640 295 2710 ραδόξων
333 2643 394 2694 τὸ
442 2641 625 2711 ὄνομα
665 2637 759 2692 τοῦ
818 2639 1039 2708 σημείου
1081 2637 1434 2708 εὑρίσκομενο
1484 2638 1649 2708 ἧγουν

99 2738 202 2801 περὶ
233 2734 288 2785 τὸ
322 2735 556 2804 σημεῖον
598 2730 712 2802 (90)
753 2727 968 2796 λέγεται
1002 2729 1107 2782 ὑπὸ
1148 2728 1240 2782 τοῦ
1270 2727 1403 2781 Θεοῦ
1436 2729 1492 2780 ἐν
1526 2728 1648 2781 τού-

99 2839 214 2884 τοις·
249 2843 265 2875 ‹
288 2823 778 2896 Περιτμηθήσεται
810 2822 907 2893 τὴν
941 2821 1120 2892 σάρκα
1161 2819 1316 2890 ὑμῶν
1354 2820 1458 2872 πᾶν
1489 2819 1649 2890 ἀρσε-

99 2916 236 2979 νικὸν,
274 2917 364 2970 καὶ
416 2913 904 2987 περιτμηθήσεσθε
959 2912 1053 2984 τὴν
1109 2913 1285 2982 σάρκα
1332 2911 1430 2981 τῆς
1487 2913 1649 2982 άκρο-

99 3008 284 3071 όυστξας
322 3009 501 3078 ὑμῶν,
536 3006 638 3060 καὶ⁸
691 3005 840 3058 ἔσται
884 3006 941 3059 ἐν
981 3003 1189 3075 σημείῳ
1223 3003 1496 3072 Διαθήκης
1547 3002 1648 3056 ἀνὰ

103 3100 232 3166 μέσον
257 3100 385 3170 ἐμοῦ
416 3101 515 3152 καὶ
547 3099 578 3150 ύ
589 3097 728 3168 μῶν.
755 3117 772 3148 ι
810 3095 1055 3165 Οὑδαμοῦ
1089 3094 1143 3146 δὲ
1182 3094 1316 3164 μόνα
1347 3093 1415 3146 τὰ
1445 3093 1648 3163 τέρατα.

99 3188 380 3262 ὠνομάσθη·
418 3190 663 3260 ἐπείπερ
706 3188 806 3240 οὐκ
838 3187 952 3240 ἔστι
986 3205 1036 3239 τι
1083 3185 1379 3256 παράδοξον
1423 3183 1648 3256 γενόμε-

101 3296 169 3330 νον
203 3281 252 3333 ἐν
285 3284 348 3351 τῇ
377 3281 604 3350 Γραφῇ,
649 3278 677 3330 ὃ
722 3278 796 3347 μή
831 3279 944 3329 ἐστι
984 3278 1205 3346 σημεῖον
1250 3274 1345 3328 καὶ
1384 3272 1648 3344 σύμϐολον

102 3369 250 3440 ἑτέρου
296 3371 450 3440 παρὰ
496 3369 561 3422 τὸ
611 3365 885 3436 αἰσθητῶς
932 3363 1326 3434 γεγενημένον·
1375 3361 1451 3424 ὡς
1495 3361 1650 3434 εἴπερ

102 3456 152 3530 ἦν
191 3462 464 3534 τεράστιόν
505 3479 564 3513 τι
619 3459 910 3528 γενόμενον
955 3456 1015 3508 οὗ
1069 3453 1386 3525 συμϐολικὸν
1442 3453 1651 3524 έτέΡ⁰υ’

104 3552 369 3623 ἐγέγραπτο
405 3553 474 3607 ἂν
507 3551 678 3604 τοῦτο
708 3549 768 3602 τὸ
809 3548 973 3617 τέρας
1016 3545 1375 3616 πεποιηκέναι
1417 3545 1505 3598 τὸν
1545 3545 1652 3616 ’1η-

105 3647 219 3710 σοῦν,
254 3649 306 3719 ἦ,
346 3649 485 3719 φέρε
527 3648 729 3708 εἰπεῖν,
771 3643 1006 3705 Μωσέα,
1046 3642 1080 3712 ἦ
1132 3659 1252 3693 τινα
1304 3640 1411 3694 τῶν
1461 3640 1648 3708 ἁγίων.

105 3738 202 3792 Ὅτε
251 3740 341 3810 μὲν
393 3735 492 3792 οὖν
541 3734 910 3805 διδασκόμεθα
959 3733 1065 3786 ἀπὸ
1111 3726 1214 3803 τῆς
1264 3729 1488 3802 Γραφῆς
1538 3730 1649 3784 δεῖν

105 3831 248 3903 ζητεῖν
295 3835 388 3900 τὸ,
458 3826 522 3886 οῦ
585 3829 810 3901 σημεῖόν
861 3831 975 3881 ἐστι
1017 3825 1079 3879 τὺ
1131 3826 1514 3896 γεγενημένον,
1561 3823 1651 3877 λέ-

105 3940 252 3989 γεται·
276 3944 294 3978 ι
317 3926 494 3979 Τοῦτο
519 3923 579 3977 δὲ
615 3921 779 3974 πάλιν
807 3919 1054 3988 δεύτερον
1084 3920 1301 3988 σημεῖον
1327 3917 1580 3986 ἐποίησεν
1624 3914 1652 3966 ὀ

114 4017 310 4086 ἰησοῦςο
344 4037 362 4070 ι
398 4019 496 4070 ὅτε
529 4015 591 4068 δὲ
620 4015 652 4066 ό
685 4009 959 4082 βασιλικὸς
985 4007 1299 4072 ὀνειδίζεται
1341 4007 1418 4071 ὡς
1460 4008 1560 4059 οὐκ
1587 4005 1653 4059 ἂν

106 4109 363 4163 πιστεύσων
392 4107 570 4180 χωρὶς
610 4106 712 4176 τῆς
760 4103 888 4166 θέας
932 4100 1038 4154 τῶν
1088 4099 1424 4172 παραδόξων,
1471 4099 1652 4152 οὐκέτι

105 4202 309 4271 λέγεται*
363 4226 384 4258 σ
424 4205 560 4259 Ἐὰν
618 4203 695 4274 μὴ
747 4203 946 4272 σημεῖα
985 4200 1152 4270 ἴδητε,
1191 4199 1251 4251 οὑ
1305 4198 1378 4270 μὴ
1435 4197 1655 4252 πιστεύο

108 4312 206 4367 ἦτε
224 4314 236 4326 ·
263 4317 282 4350 ι
312 4299 370 4352 οὐ
400 4297 519 4368 γάρ
549 4296 618 4348 τὰ
650 4296 853 4364 σημεῖα
884 4293 1142 4363 γινόμενα
1181 4289 1530 4362 προκαλεῖται
1560 4290 1654 4343 ἐπὶ

107 4391 151 4440 τό
174 4392 454 4456 πιπεύειν,
550 4386 758 4458 σημεῖά
777 4387 942 4448 ἐστιν,
971 4385 1064 4438 ἐὰν
1091 4382 1224 4454 τύχῃ
1247 4383 1307 4436 τὸ
1331 4385 1548 4454 σημεῖον
1576 4381 1652 4453 μὴ

108 4475 214 4534 εἶναι
240 4484 324 4536 καὶ
354 4482 546 4554 τέρας·
581 4477 740 4532 ἀλλά·
771 4495 790 4527 ι
827 4475 954 4530 Ἐὰν
982 4475 1054 4546 μὴ
1089 4477 1289 4545 σημεῖα
1321 4473 1414 4526 καὶ
1453 4473 1653 4546 τέρατα

1751 651 2089 706 quaecunque
2118 635 2220 691 feci
2251 651 2266 690 :
2293 637 2529 706 nunquid
2561 639 2649 693 hic
2680 648 2762 694 est
2784 641 3030 698 Christus
3058 643 3180 698 ιιι»
3207 644 3319 701 Ob-

1751 727 2016 782 servanda
2059 737 2183 781 sunt
2213 727 2376 781 etiam
2423 727 2585 782 verba
2609 728 2795 796 ipsius,
2827 731 2940 795 ubi,
2975 741 3028 786 et
3059 736 3319 802 quamob-

1755 832 1890 882 rem,
1919 827 1976 872 et
2022 828 2243 888 propter
2285 833 2406 887 qua:
2454 815 2595 872 facta
2653 819 2928 876 dicuntur.
2963 822 3076 878 Sub
3128 824 3316 880 talium

1750 908 1894 980 enim
1943 908 2114 962 solum
2153 907 2591 964 Observationum
2622 919 2678 965 et
2723 911 3158 982 disquisitionum
3188 933 3319 971 exa-

1749 1001 1918 1065 mine,
1946 999 2096 1055 brevi
2131 999 2376 1055 laborum
2430 1001 2636 1056 fructus
2682 1005 2952 1073 reperies,
2993 1007 3321 1064 benedictio-

1751 1107 1874 1147 nem
1906 1093 2156 1147 nimirum
2181 1092 2232 1147 in
2259 1091 2488 1148 Psalmis
2513 1105 2862 1151 memoratam
2889 1098 2962 1152 ηε
2991 1115 3011 1150 ι
3045 1097 3316 1156 Laborum

1753 1193 1966 1239 tuorum
2010 1183 2220 1240 fructus
2253 1186 2524 1241 comedes.
2564 1206 2584 1239 ι
2631 1185 2900 1245 Ρτωιετοο
2952 1193 3079 1249 huic
3125 1193 3266 1249 dicto
3299 1232 3317 1260 ,

1755 1291 1775 1326 ι
1815 1272 1927 1326 lloc
1975 1283 2154 1329 autem
2211 1289 2402 1330 rursus
2449 1275 2742 1330 secundum
2798 1278 3013 1350 signum
3063 1281 3191 1337 fecit
3221 1281 3318 1338 Je-

1751 1380 1844 1420 sus
1875 1365 1970 1430 “,i
2005 1366 2109 1421 hoc
2139 1367 2306 1421 etiam
2341 1367 2646 1423 addendum
2689 1380 2810 1437 est;
2845 1371 3035 1427 nullibi
3070 1375 3314 1444 prodigia

1750 1458 1862 1512 sola
1889 1459 2180 1524 nominari,
2205 1459 2298 1514 sed
2343 1460 2513 1515 sicubi
2545 1460 2872 1529 scribantur,
2911 1465 3110 1520 ascribi
3150 1468 3334 1530 etiam,

1751 1545 1925 1613 signa,
1957 1545 2410 1615 quemadmodum
2459 1549 2511 1602 in
2550 1549 2634 1604 bis
2676 1551 2898 1606 verbis:
2939 1569 2958 1604 ‹
2994 1552 3110 1609 Nisi
3160 1557 3312 1627 signa

1750 1645 1804 1690 et
1831 1636 2069 1706 prodigia
2095 1637 2361 1702 videritis,
2389 1653 2494 1692 non
2538 1640 2773 1695 credetis
2810 1641 2851 1672 ¹⁷
2882 1659 2897 1706 ;
2938 1661 2957 1694 ι
3002 1642 3316 1716 frequenter

1749 1742 1879 1782 vero
1909 1728 2060 1798 signa
2110 1728 2227 1784 sine
2264 1729 2523 1800 prodigiis
2560 1731 2812 1796 inveniri,
2862 1735 3312 1802 quemadmodum

1749 1820 1911 1873 etiam
1944 1819 2046 1874 hoc
2075 1819 2128 1873 in
2158 1819 2296 1874 loco.
2320 1818 2552 1876 Proinde
2574 1825 2922 1890 quaerendum
2949 1835 3056 1890 est,
3079 1827 3316 1882 habeant

1682 1899 1723 1955 Β
1752 1925 1921 1965 necne
1947 1909 2304 1965 dill'ercntiam
2334 1910 2573 1980 aliquam
2609 1911 2750 1966 inter
2788 1927 2847 1968 se
2880 1916 3125 1986 prodigia
3156 1928 3212 1972 et
3241 1917 3317 1972 si-

1749 2019 1874 2074 gna,
1906 2013 1960 2057 et
2005 2003 2242 2057 arbitror
2287 2017 2348 2056 ea
2393 2002 2534 2057 facta
2563 2018 2682 2073 qua:
2723 2016 2976 2073 superant
3005 2008 3314 2076 opinionem

1749 2106 1976 2162 quaeque
2003 2092 2310 2162 prodigiosa
2335 2099 2486 2156 sunt,
2515 2107 2579 2147 eo
2607 2093 2750 2162 quod
2803 2093 2971 2164 ipsam
3004 2096 3313 2164 opinionem

1747 2194 1801 2238 et
1845 2183 2290 2238 consuetudinem
2345 2184 2819 2248 transcenderint,
2870 2187 3088 2255 sintque
3142 2189 3316 2242 admi-

1751 2278 1916 2332 randa
1946 2287 2000 2331 et
2027 2291 2188 2345 supra
2238 2275 2534 2342 hominem,
2577 2277 2818 2348 prodigia
2860 2278 3161 2345 nominari;
3196 2294 3316 2349 qua:

1750 2386 1880 2427 vero
1903 2369 2106 2439 aliquid
2135 2369 2365 2422 innuant
2392 2379 2661 2438 praeterea
2684 2384 2802 2438 quae
2827 2370 2983 2435 ﬁniit,
3011 2371 3163 2440 signa
3187 2371 3313 2427 dici.

1751 2460 1922 2528 Quam
1963 2460 2130 2515 etiam
2171 2458 2241 2513 ob
2268 2474 2484 2514 causam
2529 2472 2725 2514 nomen
2761 2459 2897 2530 signi
2947 2461 3220 2516 invenitur
3261 2460 3314 2517 iu

1753 2551 1838 2606 his
1859 2566 1981 2621 quae
2013 2567 2118 2607 non
2145 2561 2263 2606 sunt
2293 2561 2490 2621 praeter
2523 2552 2854 2625 opinionem,
2891 2552 3052 2607 veluti
3103 2551 3316 2622 signum

1752 2645 2070 2698 nominatur
2101 2657 2132 2697 a
2187 2642 2297 2698 Deo
2336 2643 2390 2698 in
2439 2642 2525 2698 his
2563 2657 2578 2696 :
2622 2660 2642 2693 ι
2689 2643 3121 2698 Circumcidetur
3163 2645 3316 2700 vobis

1749 2748 1910 2788 onme
1940 2732 2316 2798 masculinum,
2350 2743 2405 2786 et
2431 2732 2831 2788 circumcidetis
2858 2746 3078 2788 carnem
3102 2749 3314 2804 praepu-

1751 2823 1806 2877 tii
1833 2823 2018 2888 vestri,
2045 2831 2100 2876 et
2128 2823 2230 2876 erit
2269 2823 2322 2876 in
2361 2824 2572 2893 signum
2606 2819 2934 2877 Testamenti
2964 2823 3106 2878 inter
3133 2839 3220 2879 me
3261 2837 3318 2880 et

1751 2929 1844 2970 vos
1865 2914 1962 2968 ⁸⁸.)
1999 2913 2198 2968 Nullibi
2222 2923 2403 2968 autem
2437 2913 2549 2967 sola
2581 2914 2826 2984 prodigia
2861 2914 3141 2968 nominata
3167 2926 3314 2979 sunt,

1749 3004 2004 3073 quoniam
2060 3019 2166 3057 non
2206 3011 2291 3056 est
2328 2999 2528 3068 aliquid
2583 3001 2890 3068 paradoxon
2927 3001 2982 3054 in
3035 2998 3318 3069 Scriptura

1751 3095 1896 3165 quod
1927 3111 2035 3150 non
2072 3095 2140 3148 sit
2170 3094 2381 3162 signum
2408 3101 2465 3146 et
2493 3102 2617 3144 nota
2654 3090 2878 3145 alterius
2914 3090 3014 3154 rei,
3043 3100 3240 3160 praeter
3263 3089 3317 3144 id

1753 3187 1894 3258 quod
1923 3186 2249 3241 sensibiliter
2281 3186 2340 3237 lit
2366 3200 2380 3238 :
2413 3184 2668 3253 quoniam
2700 3181 2748 3236 si
2783 3181 2974 3236 fuisset
3023 3178 3316 3250 prodigiosi

1751 3278 1952 3347 aliquid
1998 3277 2201 3331 factum
2260 3275 2488 3330 alterius
2536 3274 2616 3328 rei
2663 3288 2770 3327 non
2822 3272 3020 3334 index,
3057 3269 3318 3338 scriptum

1752 3366 1945 3422 fuisset
1979 3362 2079 3422 hoc
2107 3365 2405 3436 prodigium
2435 3363 2628 3419 fecisse
2667 3361 2874 3427 Jesum,
2909 3359 2993 3416 vel
3025 3359 3231 3424 Mosen,
3262 3367 3323 3414 ut

1753 3459 1826 3514 ita
1866 3460 2062 3523 dicam,
2121 3457 2203 3513 vel
2250 3459 2484 3526 aliquem
2519 3462 2856 3511 sanctorum.
2903 3450 3132 3519 Quando
3157 3451 3324 3521 280

1753 3551 1916 3621 igitur
1948 3551 2240 3606 edocemur
2266 3563 2295 3601 a
2340 3546 2622 3618 Scriptura
2665 3555 2916 3615 cportere
2961 3555 3205 3612 quaerere
3230 3555 3324 3596 cu-

1746 3642 1838 3713 jus
1871 3643 2082 3714 signum
2103 3643 2173 3697 sit
2197 3642 2249 3696 id
2295 3639 2436 3709 quod
2488 3638 2693 3692 factum
2725 3645 2830 3700 est,
2875 3635 3074 3688 dicitur
3109 3648 3126 3687 ε
3168 3650 3187 3683 ι
3214 3633 3326 3688 Hoc

1752 3745 1931 3790 autem
1987 3748 2176 3789 rursus
2227 3731 2527 3786 secundum
2575 3728 2784 3795 signum
2829 3725 2957 3780 fecit
2984 3723 3141 3779 Jcsus
3170 3725 3258 3789 ";
3297 3741 3317 3776 ι

1751 3827 1967 3897 quando
1991 3835 2172 3879 autem
2203 3821 2390 3891 regulo
2419 3833 2517 3873 ceu
2541 3816 2741 3888 probro
2767 3815 2929 3868 datur
2959 3813 3102 3882 quod
3147 3810 3327 3866 credi-

1753 3927 1907 3973 turus
1931 3932 2035 3972 non
2068 3915 2139 3970 sit
2167 3914 2374 3982 absque
2412 3910 2619 3965 visione
2652 3905 3043 3976 prodigiorum,
3070 3916 3176 3956 non
3201 3915 3325 3955 am-

1703 4043 1712 4050 ρ
1753 4011 1894 4082 plius
1917 4008 2117 4062 dicitur
2151 4021 2167 4059 :
2199 4023 2215 4056 t
2243 4001 2356 4057 Nisi
2379 4002 2532 4069 signa
2564 3996 2832 4062 videritis,
2867 3992 3320 4082 nouere-detis,»

1753 4077 1860 4154 non
1912 4097 2059 4153 enim
2101 4093 2255 4162 signa
2288 4091 2430 4145 facta
2480 4085 2708 4142 invitant
2756 4083 2822 4138 ad
2851 4077 3236 4141 .crcdendum,
3268 4077 3324 4128 in

1752 4197 2015 4262 quantum
2038 4186 2193 4255 signa
2219 4191 2366 4244 sunt,
2405 4179 2449 4234 si
2478 4180 2758 4245 contingat
2779 4182 2837 4228 ut
2864 4172 3076 4242 signum
3115 4182 3224 4222 non
3255 4167 3327 4262 sit

1752 4259 1914 4340 etiam
1939 4279 2278 4352 prodigium;
2305 4273 2399 4331 sed
2423 4273 2626 4329 dicitur
2655 4285 2669 4326 :
2701 4284 2719 4320 ι
2753 4265 2864 4322 Nisi
2890 4265 3039 4335 signa
3065 4264 3120 4317 et
3144 4259 3329 4330 prodi-

1755 4379 1842 4450 g’a
1881 4374 2148 4438 videritis,
2183 4387 2288 4426 non
2320 4366 2556 4424 credetis
2578 4365 2623 4395 ’°
2658 4376 2673 4428 ;
2720 4379 2738 4412 ι
2775 4359 2932 4414 vobis
2972 4357 3189 4427 quidem
3218 4367 3330 4450 crc-

1754 4447 2009 4526 dentibus
2036 4475 2257 4537 propter
2280 4459 2606 4532 prodigium,
2622 4455 2780 4510 nobis
2803 4460 2981 4506 autem
3007 4456 3204 4518 praeter
3227 4447 3330 4537 hoc

419 4536 435 4554 ,
507 4536 524 4544 -
983 4536 994 4546 .
1044 4536 1054 4546 .
1145 4536 1174 4545 ..
1519 4536 1532 4546 .

110 4572 240 4643 ἴδητε,
271 4576 329 4628 ού
363 4577 443 4647 μὴ
496 4569 836 4639 πιστεύσητε
857 4607 872 4631 ,
901 4587 919 4620 ι
973 4566 1126 4638 ὑμῶν
1161 4567 1260 4637 μὲν
1290 4566 1650 4620 πιστευόντων

1758 4565 1920 4618 etiam
1961 4536 2219 4614 honorem
2249 4555 2320 4607 illi
2351 4547 2722 4607 deferentibus
2753 4550 2977 4614 propter
3018 4539 3145 4641 illud
3174 4536 3331 4637 cujus

110 4662 174 4715 διὰ
204 4667 256 4719 τό
280 4665 609 4738 παράδοξον,
645 4659 803 4732 ἡμῶν
840 4659 896 4712 δὲ
939 4658 1074 4730 πρὸς
1111 4657 1285 4726 τούτῳ
1318 4656 1412 4710 καὶ
1441 4656 1528 4709 διά
1567 4656 1648 4719 τὸ,

111 4750 154 4808 ὦ
177 4761 272 4811 ἐστι
304 4760 552 4829 σημεῖον,
583 4749 974 4806 ἐπιτελούντων
1001 4748 1169 4818 αὐτῷ.
1207 4748 1470 4818 Ζητήσεις
1495 4747 1553 4799 δὲ
1593 4745 1652 4798 τὸ

112 4848 152 4898 ἐν
174 4847 538 4920 ἑϐδομηκοστῷ
590 4843 808 4912 ἑϐδόμῳ
846 4839 1066 4912 ψαλμῷ,
1114 4858 1132 4890 ι
1171 4839 1258 4902 Ὡς
1287 4838 1437 4890 ἔθετο
1473 4837 1532 4890 ἐν
1559 4837 1654 4889 Δί·-

112 4938 364 5009 γιὶπτῳπά
404 4939 616 5010 σημεῖα
662 4932 852 4997 αὐτοῦ,
901 4932 994 4984 ml.
1029 4929 1098 4982 τά
1141 4929 1344 5001 τέρατα
1379 4927 1542 4982 αὐτοῦ
1593 4929 1651 4980 ἐν

115 5030 244 5100 πεδίῳ
282 5033 534 5093 Τάνεως,
565 5046 584 5079 ι
637 5026 867 5096 πότερον
917 5023 996 5094 τῷ
1041 5024 1381 5093 ὑποκειμένῳ
1409 5021 1651 5090 διαφέρει

112 5122 161 5172 τὰ
192 5126 368 5192 σημεῖα
417 5123 519 5176 καὶ
567 5119 800 5188 τέρατα,
845 5115 878 5185 ἢ
917 5115 984 5168 τὰ
1017 5113 1176 5170 αὐτὰ.
1299 5113 1400 5187 μὲν
1449 5109 1652 5180 σημεῖά

114 5209 219 5275 ἔπι,
246 5213 458 5282 γέγονεν
489 5213 552 5265 ἐν
597 5207 884 5277 Αἰγύπτῳ,
918 5207 1014 5258 καὶ
1042 5203 1210 5274 αὐτῆς
1240 5203 1338 5270 τῆς
1373 5202 1648 5269 Αἰγύπτου

1757 4654 1886 4710 illud
1900 4659 1985 4706 est
1997 4649 2232 4719 signum.
2251 4644 2471 4711 Quaeres
2485 4649 2662 4693 autem
2683 4635 2734 4688 in
2752 4631 3148 4701 septuagesimo
3164 4626 3333 4695 septi-r

1759 4762 1846 4800 tuo
1864 4742 2090 4814 psalmo,
2117 4759 2136 4791 ι
2164 4737 2318 4792 Sicut
2342 4731 2609 4802 disposuit
2630 4729 2683 4783 in
2708 4725 2942 4795 ,Βαγριο
2955 4724 3108 4814 signa
3133 4733 3253 4783 sua,
3275 4725 3330 4814 et

1759 4810 2000 4902 prodigia
2031 4841 2126 4880 sua
2149 4824 2202 4879 in
2226 4836 2418 4892 campo
2443 4819 2710 4880 Taneos,»
2733 4825 2914 4868 utrum
2943 4810 3182 4902 subjecto
3205 4811 3329 4860 nec"-

1759 4895 1829 4978 ite
1866 4895 2116 4975 diil‘eraut
2148 4917 2302 4986 signa
2334 4922 2388 4968 et
2422 4907 2701 4982 prodigia;
2729 4920 2795 4957 an
2827 4902 3032 4958 eadem,
3064 4895 3115 4950 iu
3158 4911 3330 4965 quan-

1763 5024 1873 5068 tum
1922 5013 2074 5082 signa
2119 5017 2284 5072 sunt,
2322 5004 2462 5058 facta
2523 5001 2632 5054 sint
2663 4998 2714 5050 in
2754 4991 3013 5062 Egypto,
3055 4990 3327 5082 cum-ipsa

1758 5106 1920 5158 etiam
1973 5075 2236 5170 :Egyptns
2279 5095 2348 5150 ad
2397 5085 2753 5158 intelligihilia
2810 5082 3056 5150 quaedam
3104 5075 3330 5170 reduca-

1760 5209 1886 5262 tur;
1925 5167 2294 5266 in‘quantum
2351 5194 2530 5240 autem
2595 5174 2860 5248 prodigia,
2920 5171 3064 5225 facta
3113 5168 3224 5224 sint
3275 5167 3329 5221 in

166 5350 198 5380 “
220 5349 360 5408 Jnan.
391 5365 470 5417 ιν,
503 5351 607 5416 19,
647 5348 740 5404 ‘29.
830 5346 872 5379 “
899 5345 1042 5402 Psal.
1072 5360 1274 5410 cxxvtt,
1304 5345 1360 5397 2.
1439 5343 1481 5376 “
1505 5340 1650 5398 Joan,

1756 5383 1772 5410 ,
1804 5339 1892 5394 54.
1967 5337 2009 5368 ³⁷
2039 5330 2287 5402 ῑυίιιηις.
2364 5325 2407 5358 ¹⁶
2432 5323 2629 5378 Genes.
2683 5311 2912 5380 xvu,i0.
2989 5310 3032 5342 ¹⁹
3066 5307 3218 5365 Joan.
3254 5319 3329 5370 tv,

117 5416 180 5471 Si.
239 5424 278 5454 "
302 5425 429 5478 ibid.
458 5416 558 5476 48.

169 5577 257 5647 (88)
273 5578 549 5649 οὐδαμοῦ
579 5574 704 5649 per
750 5570 1064 5642 ὠνομάσθη
1104 5565 1262 5649 μόνα
1304 5563 1376 5649 τὰ
1420 5563 1650 5649 τέραταῘ

121 5636 282 5702 Novum
331 5636 610 5705 duuitaxa't
661 5636 1074 5699 Testamentum
1106 5636 1242 5694 'hac-
1273 5636 1657 5690 observatione

120 5720 519 5785 comprehendit,
569 5720 627 5770 in
671 5729 782 5783 quo
838 5711 1041 5785 τέρατα
1093 5707 1403 5785 (ξι-’σημεῖα
1444 5716 1659 5785 semper

122 5770 646 5858 conjimc—ta'repefries.
669 5770 843 5858 Sectis
867 5770 920 5834 ili
941 5779 1138 5858 Veteri.
1165 5770 1464 5858 Videenim
1484 5770 1656 5858 Exod.

120 5841 298 5928 "fit,
334 5841 552 5924 gift-1,
583 5866 640 5908 et
675 5853 880 5923 psalm.
928 5865 1056 5916 ην,
1097 5847 1169 5913 8;
1219 5844 1345 5902 lsai.
1371 5857 1531 5916 χειν,
1563 5841 1658 5907 lli;

344 5955 585 6014 Paton.
618 5949 746 6012 (in.
780 5945 956 6008 XIV.

1756 5573 1949 5618 nvnt,
1966 5555 2069 5614 ‘29;
2092 5519 2358 5618 Ezechiel.
2388 5558 2488 5618 xu,
2515 5538 2830 5618 ll_,_et_.loel.
2854 5554 2911 5600 tt,
2946 5537 3037 5618 ξο.
3065 5533 3330 5618 ilcrrtus.

1829 5607 1948 5698 (⁷89)
1971 5607 2247 5707 ξῇρηται.
2273 5616 2348 5669 Ita
2378 5614 2547 5696 codex
2575 5610 2928 5675 Bodleianus;
2959 5607 3183 5677 Regius,
3208 5616 3331 5671 pen-

1759 5695 1965 5769 peram,
1997 5695 2164 5762 ἴδητε.
2697 5749 2722 5761 η
2894 5747 2928 5764 γ’
3226 5744 3236 5754 ⁸
3287 5758 3290 5762 γ

1767 5837 1802 5840 _
1834 5766 1944 5840 (90)
1971 5764 2209 5840 _'H7:avr
2235 5755 2368 5824 περὶ
2423 5751 2489 5840 td
2539 5767 2811 5840 σημείων.
2865 5747 3092 5804 Videtur
3135 5744 3332 5811 legISse

1765 5824 2050 5893 Ferrarius
2071 5824 2248 5904 ἠγουν
2288 5842 2395 5897 περ
2440 5824 2500 5876 τὸ
2534 5824 2776 5892 σημεῖον.

2984 5917 3058 5973 17
