3826 6566
457 441 559 497 5‘27
1901 433 2221 491 OBIGENIS
2395 439 2397 441 ’
3597 434 3694 489 5'23

455 564 501 616 ei
523 559 821 616 Pharisaei:
853 560 930 616 Tu
959 561 1026 618 de
1058 560 1232 625 teipso
1270 559 1577 615 testificaris
1610 578 1622 624 ;
1657 557 2021 614 testimonium

2136 556 2288 610 πόθεν
2336 558 2485 612 ἐστί’
2516 578 2535 612 ›
2571 559 2665 614 τοῦ
2698 559 2790 626 δὲ,
2826 578 2844 611 ι
2877 558 3014 614 Οὔτε
3049 561 3149 633 ἐμὲ
3197 561 3401 624 οἴδατε,
3451 546 3575 613 οὔτε
3614 559 3702 614 τὸν

458 657 608 735 t’num
645 667 748 707 non
775 661 856 708 est
879 651 1407 720 verum.Respondit
1433 650 1612 715 Iesus,
1639 661 1694 705 et
1723 650 1856 704 dixit
1881 649 2022 704 illis:

2136 649 2344 721 Πατέρα
2393 667 2516 720 μου,
2544 671 2562 703 ι
2617 651 2823 706 ταῦτα·
2861 670 2879 702 ι
2907 647 3080 706 Εἶπαν
3129 649 3224 706 οῦν
3269 651 3422 722 αὐτῷ
3455 651 3506 704 οἱ
3539 653 3698 722 Φαριο

455 743 836 827 Etiamsich
889 743 1151 799 testiﬁcor
1199 745 1265 798 de
1313 755 1400 798 me
1452 742 1601 812 ipso,
1655 740 2023 797 testimonium

2136 739 2298 791 σαῖοιο
2363 739 2435 792 Σὺ
2502 740 2628 812 περὶ
2693 739 2926 794 σεαυτοῦ
2977 743 3304 813 μαρτυρεῖς,
3347 742 3382 812 ή
3437 739 3702 812 μαρτυρία

458 847 638 889 meum
663 831 849 888 verum
874 843 976 898 est,
1002 834 1127 904 quia
1159 833 1282 888 novi
1319 831 1461 887 unde
1486 833 1604 886 veni
1633 841 1686 885 et
1707 841 1815 899 quo
1847 829 2020 894 vado;

455 941 558 995 vos
591 923 887 981 secundum
939 938 1158 978 carnem
1208 922 1632 992 judicatis;ego
1680 934 1786 974 non
1838 918 2026 988 judico

457 1031 822 1085 quemquam;
862 1023 1026 1083 atque
1086 1013 1302 1067 etiamsi
1354 1013 1536 1082 iudico
1589 1025 1712 1080 ego,
1763 1009 2022 1079 judicium

457 1121 634 1164 meum
666 1087 853 1163 verum
881 1115 984 1168 est,
1015 1102 1160 1174 quod
1199 1104 1347 1159 solus
1387 1118 1496 1158 non
1526 1117 1667 1166 sunt,
1701 1099 1794 1155 sed
1821 1114 1941 1168 ego,
1972 1108 2027 1153 et

457 1201 550 1270 qui
603 1200 750 1254 misit
783 1213 888 1264 me,
921 1198 1084 1252 Pater
1116 1197 1188 1252 "’.
1225 1215 1243 1248 ι
1277 1195 1354 1250 Ex
1404 1194 1490 1250 bis
1529 1207 1657 1263 ergo
1685 1191 2025 1260 perspicum

455 1303 537 1347 est
565 1307 594 1345 a
620 1289 1019 1361 Jerosolymitis
1065 1291 1268 1343 dictum
1326 1285 1511 1352 fuisse,
1555 1303 1572 1335 ι
1611 1283 1764 1338 Hunc
1799 1284 2022 1348 scimus,

455 1381 595 1435 unde
612 1383 732 1444 sit,»
754 1380 856 1434 hoc
888 1378 1246 1435 referentibus
1273 1379 1340 1433 ad
1368 1386 1544 1432 ortum
1575 1376 1743 1445 ipsius
1776 1375 1828 1428 in
1865 1374 2028 1428 Beth-

453 1472 610 1539 leem,
665 1470 1014 1540 sriebantque
1066 1471 1208 1525 hunc
1257 1484 1398 1534 esse,
1443 1465 1596 1534 cujus
1647 1474 1821 1521 mater
1883 1465 2029 1519 dice-

452 1567 613 1621 batur
661 1563 866 1630 Maria,
897 1573 950 1618 et
1003 1563 1201 1618 fratres
1250 1559 1366 1630 ejus
1399 1559 1630 1616 Iacobus
1681 1571 1738 1615 et
1767 1557 2025 1620 Joannes.

2128 847 2220 883 σου
2263 830 2362 884 οὐκ
2400 831 2546 885 ἐστιν
2577 832 2806 904 ἀληθής.
2853 832 3150 904 Ἀπεκρίθη
3183 835 3211 886 6
3248 832 3477 905 Ἰησοῦς,
3507 833 3600 886 καὶ
3631 828 3702 884 εί-

2125 937 2226 976 πεν
2259 924 2470 987 αὐτοῖς·
2523 923 2640 979 Κᾶν
2679 925 2790 994 ἐγὼ
2842 927 3104 998 μαρτυρῶ
3131 927 3258 998 περὶ
3289 925 3555 996 ἐμαυτοῦ,
3585 925 3704 996 ἁλη-

2127 1014 2226 1086 θής
2259 1016 2407 1068 ἐστιν
2432 1017 2466 1086 ἠ
2496 1016 2771 1088 μαρτυρία
2805 1035 2928 1088 μου,
2954 1018 3034 1071 δτι
3061 1013 3178 1071 οἶδα
3210 1017 3374 1070 πόθεν
3399 1013 3585 1088 ἦλθον,
3613 1018 3714 1088 καῖί

2128 1103 2232 1157 ποῦ
2260 1105 2456 1174 ὑπάγω
2475 1122 2487 1136 ·
2525 1107 2682 1177 ὑμεῖς
2712 1107 2853 1161 κατὰ
2883 1106 2980 1179 τὴν
3022 1109 3196 1181 σάρκα
3230 1109 3470 1181 κρίνετε,
3507 1108 3616 1178 ἐγὼ
3642 1110 3701 1162 οὐ

2127 1195 2295 1267 κρίνω
2341 1196 2561 1251 οὐδένα·
2597 1198 2692 1252 καὶ
2735 1198 2832 1252 ἐὰν
2878 1199 3049 1268 κρίνω
3093 1201 3149 1253 δὲ
3195 1199 3324 1269 ἐγὼ,
3372 1203 3405 1271 ἡ
3457 1201 3639 1272 κρίσις
3669 1203 3703 1272 ἠ

2127 1290 2234 1358 ὲμὴ
2285 1288 2510 1360 ἀληθινή
2557 1290 2728 1353 ἐστιν,
2783 1291 2864 1343 ὅτι
2918 1291 3077 1362 μόνος
3122 1292 3219 1344 οὐκ
3254 1293 3399 1362 εἰμὶ,
3440 1292 3556 1345 ἀλλ’
3597 1293 3703 1360 ἐγὼ

2127 1381 2221 1466 καὶ
2253 1383 2280 1434 6
2313 1381 2534 1452 πέμψας
2567 1399 2633 1452 με
2674 1383 2920 1454 Πατήρ.)
2953 1383 3119 1455 Δῆλον
3149 1379 3242 1437 οὖν
3263 1387 3328 1436 ὲκ
3367 1383 3598 1447 τούτων,
3623 1385 3704 1437 ὅτι

2127 1474 2231 1527 ὑπὸ
2277 1475 2373 1545 μὲν
2411 1474 2517 1527 τῶν
2555 1475 2996 1546 Ἱεροσολυμιτῶν
3039 1477 3290 1546 ἐλέγετο,
3341 1497 3359 1528 ι
3391 1477 3592 1530 Τοῦτον
3630 1478 3705 1531 οῖ-

2126 1562 2296 1634 δαμεν
2342 1563 2504 1617 πόθεν
2543 1565 2711 1629 ἐστὶν,
2738 1585 2756 1618 ι
2805 1566 3185 1638 ἀναφερόντων
3233 1567 3328 1620 ἐπὶ
3358 1567 3420 1618 τὸ
3464 1567 3522 1619 ἐν
3568 1565 3705 1638 Βηθ-

451 1669 507 1736 et
557 1659 744 1715 Simon
791 1656 955 1712 ludas
1003 1654 1094 1720 ³⁸;
1142 1669 1304 1724 quam
1352 1654 1422 1708 ob
1468 1667 1685 1707 causam
1737 1649 2024 1705 assenlitur

2136 1657 2435 1728 λεὲμαὺτδν
2461 1659 2787 1729 γεγενῆσθαι
2820 1661 2912 1713 καὶ
2945 1661 3325 1732 ἐπισταμένων
3355 1657 3423 1732 ἦν
3445 1661 3706 1730 (97¹),δτι

453 1752 620 1806 etiam
671 1749 758 1803 his
808 1749 897 1817 qui
958 1747 1232 1808 dixerant,
1296 1763 1312 1796 ι
1370 1744 1586 1798 Scimus
1646 1742 1786 1797 unde
1836 1740 1948 1803 sit,
2002 1757 2020 1792 ι

2136 1739 2282 1810 όῦτος
2308 1744 2376 1818 ἦν
2405 1743 2465 1803 οὗ
2562 1750 2743 1822 μήτηρ
2775 1751 2989 1820 ἐλέγετο
3021 1753 3230 1824 Μαρία,
3273 1754 3368 1807 καὶ
3401 1755 3449 1806 οἱ
3490 1753 3706 1823 ἀδελφοὶ

455 1859 554 1914 per
605 1841 718 1896 haec
773 1840 958 1902 verba,
989 1857 1007 1890 ι
1053 1847 1108 1893 et
1161 1851 1248 1892 me
1279 1838 1428 1890 scitis
1475 1835 1616 1889 unde
1664 1834 1785 1889 sim.
1823 1830 2024 1901 »283

2136 1838 2293 1891 αὐτοῦ
2333 1839 2612 1904 Ἰάκωϐος,
2654 1841 2750 1893 καὶ
2789 1841 3074 1912 Ἰωάννης,
3107 1843 3203 1895 καὶ
3237 1843 3421 1914 Σίμων
3459 1842 3662 1904 Ἰούδας
3685 1858 3700 1872 °

454 1901 523 1990 λι
584 1933 871 1988 Pharisaeis
933 1930 998 1983 de
1055 1929 1304 1984 diviniori
1356 1936 1546 1980 natura
1601 1923 1897 1988 disserens,
1938 1931 2020 1982 et.

2136 1928 2318 2000 διόπερ
2373 1930 2466 1983 καὶ
2530 1901 2798 2003 μαρτυρεῖ
2857 1935 2970 1995 τοῖς
3001 1901 3348 2003 Πείρηκόσιν,
3410 1951 3426 1984 ι
3472 1901 3707 2004 Οἴδαμεν

454 2039 512 2082 ιιι
556 2026 753 2095 aliquis
807 2024 1036 2085 diceret,
1089 2022 1141 2075 in
1189 2028 1448 2089 quantum
1501 2025 1583 2071 est
1634 2013 2024 2085 primogenitus

2136 2020 2288 2073 πόθεν
2325 2022 2460 2084 ἐστὶ,
2486 2041 2504 2074 ι
2545 2021 2632 2074 διὰ
2663 2022 2755 2075 τοῦ
2777 2039 2789 2052 ·
2830 2041 2848 2073 ι
2880 2024 3037 2094 Κάμὲ
3069 2024 3247 2077 οἴδατε
3282 2023 3448 2077 πόθεν
3497 2023 3614 2094 είμί
3635 2041 3649 2055 ·
3678 2045 3697 2076 ι

453 2118 630 2173 οιιιιιῑε
654 2126 939 2177 creatum,
967 2113 1081 2166 haec
1121 2111 1256 2166 dixit
1291 2129 1304 2164 :
1344 2126 1362 2160 ι
1384 2107 1608 2164 Etiamsi
1642 2120 1742 2176 ego
1766 2105 2024 2160 testificor

2136 2114 2234 2175 τοῖς
2284 2111 2340 2164 δὲ
2388 2114 2700 2184 Φαρισαίοις
2747 2114 2842 2179 τδ,
2889 2133 2908 2167 ι
2958 2117 3065 2169 Kal.
3114 2115 3224 2184 ἐγὼ
3267 2118 3532 2189 μαρτυρῶ
3579 2117 3709 2189 περὶ

454 2211 520 2266 de
553 2223 642 2266 me
695 2210 832 2278 ipso,
889 2204 1261 2261 testimonium
1294 2215 1474 2255 meum
1523 2212 1713 2253 verum
1748 2207 1860 2259 est,
1896 2195 2021 2264 quia

2136 2204 2380 2274 ἐμαυτοῦ,
2407 2205 2612 2277 ἀληθής
2645 2208 2790 2261 ἐστιν
2819 2211 2850 2279 ή
2879 2210 3151 2281 μαρτυρία
3179 2227 3280 2280 μου
3304 2227 3316 2240 ·
3349 2211 3432 2263 δτι
3461 2205 3578 2263 οἶδα
3610 2210 3707 2264 πό-

455 2303 569 2358 scio
606 2299 748 2354 unde
778 2299 901 2354 veni
929 2305 983 2352 et
1005 2311 1111 2367 quo
1144 2295 1283 2348 vado
1304 2293 1370 2346 ³ο.
1398 2311 1416 2344 ι
1454 2289 1818 2358 Quamobrem
1854 2289 2024 2343 inter-

2136 2294 2216 2348 θεν
2243 2291 2426 2367 ἦλθον,
2459 2297 2554 2350 καὶ
2584 2297 2684 2350 ποῦ
2715 2299 2930 2368 ὑπάγω,
2963 2320 2981 2354 ι
3019 2303 3086 2372 τῇ
3116 2301 3367 2374 θειοτέρα
3403 2305 3563 2371 φύσει
3588 2303 3701 2356 διαι

455 2393 768 2462 rogantibus
825 2404 951 2445 eum
985 2396 1170 2442 contra
1209 2386 1345 2448 haec,
1392 2391 1447 2437 et
1500 2379 1826 2444 dicentibus,
1866 2397 1884 2430 ι
1922 2379 2023 2434 Ubi

2136 2386 2412 2457 λεγόμενος
2445 2387 2648 2457 ἔφασκε
2679 2389 2869 2453 ταῦτα,
2893 2391 3008 2457 καὶ,
3042 2392 3118 2456 ὡς
3158 2393 3224 2446 ἂν
3258 2393 3406 2446 εἴποι
3446 2411 3551 2456 τις,
3586 2392 3711 2447 καο’

453 2494 538 2538 est
581 2482 741 2537 Pater
786 2489 910 2535 tuus
939 2479 1019 2533 ὀἳ
1053 2497 1072 2530 ι
1113 2475 1425 2547 respondet,
1457 2481 1516 2526 ut
1565 2470 1764 2541 aliquis
1793 2470 2021 2536 diceret,

2136 2477 2151 2530 i
2187 2478 2528 2549 πρωτότοκος
2567 2483 2746 2554 πάσης
2782 2483 3008 2547 κτίσεως
3039 2480 3128 2555 ἦν.
3175 2485 3378 2557 Διόπερ
3416 2489 3528 2549 τοῖς
3573 2487 3710 2558 πρὸς

456 2576 593 2630 alius
626 2574 892 2628 exSistens
921 2571 988 2626 ab
1030 2584 1095 2624 eo
1141 2569 1234 2638 qui
1269 2566 1436 2631 dicit,
1470 2582 1489 2616 ι
1515 2565 1580 2618 Ει
1611 2577 1696 2619 me
1721 2561 1877 2618 scitis
1899 2561 1966 2626 “,
1997 2577 2016 2611 ι

2136 2567 2292 2621 ταῦτα
2315 2569 2638 2640 πυθομένοις
2668 2572 2830 2626 αὑτοῦ
2864 2575 2956 2627 καὶ
2985 2577 3267 2646 είρηκόσι,
3303 2595 3322 2628 ι
3364 2576 3476 2630 Ποῦ
3507 2577 3654 2630 ἔστιν
3681 2579 3711 2629 6

457 2680 509 2722 et
548 2667 723 2737 inquit
753 2685 766 2720 :
804 2684 822 2718 ι
856 2663 1042 2734 Neque
1062 2676 1146 2717 me
1175 2661 1351 2724 scitis,
1389 2673 1561 2728 neque
1587 2657 1805 2712 Patrem
1843 2669 2019 2710 meum

2136 2657 2313 2729 Πατήρ
2344 2675 2437 2711 σου
2464 2677 2478 2725 ;
2517 2679 2536 2712 ι
2565 2662 2937 2733 ἀποκρίνεται,
2965 2664 3041 2726 ὡς
3089 2665 3155 2718 ἂν
3191 2667 3336 2719 εῐποι
3383 2684 3488 2730 τις,
3516 2668 3710 2740 ,ἔτερος

456 2760 525 2812 ⁸².
549 2779 567 2812 ι
595 2758 862 2813 Cmterutn
892 2756 1141 2810 ruditatis
1182 2752 1587 2810 Pharisaeorum
1619 2757 1758 2814 erat,
1802 2746 1885 2802 vel
1914 2760 2021 2800 non

2136 2747 2198 2800 Iw
2225 2749 2318 2802 τοῦ
2350 2749 2631 2818 λέγοντος,
2668 2770 2685 2802 ι
2715 2753 2875 2824 Κάμὲ
2907 2755 3107 2819 οίδατε,
3145 2775 3164 2808 ι
3206 2758 3301 2811 καί
3335 2775 3501 2830 φησι·
3536 2778 3556 2808 ι
3599 2757 3713 2811 Kal.

455 2850 756 2920 intelligere
799 2845 982 2902 Jesum
1017 2846 1082 2900 de
1115 2844 1225 2898 Deo
1275 2843 1654 2898 universorum
1690 2838 1858 2908 loqui,
1893 2836 2020 2891 dum

2136 2837 2244 2890 ιῠτε
2283 2839 2383 2909 ἐμὲ
2407 2840 2604 2905 οίδατε,
2629 2841 2750 2894 οὔτε
2777 2842 2866 2895 τὸν
2897 2844 3112 2915 Πατέρα
3145 2863 3266 2915 μου.
3306 2863 3326 2898 ι
3364 2845 3523 2900 Κατὰ
3553 2845 3613 2898 δὲ
3645 2844 3712 2897 τὸ

456 2941 685 3006 diceret,
747 2959 766 2992 ι
795 2938 1144 2993 Testilicatur
1174 2937 1240 2988 de
1268 2949 1373 2999 tite,
1404 2933 1498 3003 qui
1532 2932 1680 2986 misit
1719 2947 1823 2991 me,
1860 2928 2022 2983 Pater

2136 2929 2376 2981 ταπεινὸν
2405 2929 2514 2981 τῶν
2541 2931 2847 3001 Φαρισαίων
2874 2929 2960 3004 ἦν,
2994 2936 3110 3005 ἤτοι
3146 2937 3220 3007 μὴ
3253 2939 3397 2990 νοεῖν
3416 2977 3430 3001 ,
3469 2939 3550 2991 ὅτι
3581 2939 3714 3009 περὶ

453 3033 530 3101 ⁴³;
559 3053 578 3086 ι
611 3035 694 3087 vel
719 3035 764 3086 si
789 3031 1165 3084 intellexerant
1189 3029 1253 3082 de
1282 3025 1389 3079 Deo
1419 3031 1532 3078 hzec
1555 3024 1681 3085 dici,
1707 3021 2024 3075 existimare

2136 3020 2216 3073 τοῦ
2243 3021 2378 3074 Θεοῦ
2410 3023 2517 3075 τῶν
2544 3023 2679 3076 ὅλων
2711 3023 2860 3093 ἔλεγε
2885 3026 2944 3078 τό
2964 3069 2976 3086 .
3007 3047 3023 3077 ι
3052 3029 3338 3101 Μαρτυρεῖ
3365 3030 3494 3101 περὶ
3519 3029 3658 3100 ἐμοῦ
3680 3032 3710 3083 6

2124 3113 2346 3184 πέμψας
2363 3131 2430 3185 με
2453 3116 2662 3186 Πατὴρ,
2677 3135 2694 3166 ι
2717 3116 2771 3187 ἤ,
2791 3119 2838 3170 εί
2855 3117 3154 3190 ἐξεδέχοντο
3180 3123 3306 3192 περὶ
3327 3121 3439 3194 (98)
3460 3123 3552 3177 τοῦ
3572 3122 3716 3176 Θεοῦ

2123 3204 2294 3260 ταῦτα
2320 3206 2603 3274 λέγεσθαι,
2638 3208 2873 3278 νομίζειν
2896 3252 2910 3277 ,
2941 3212 3020 3264 ὅτι
3054 3213 3112 3264 έν
3139 3213 3287 3282 τόπῳ
3311 3214 3459 3267 ἐστὶν
3493 3219 3521 3268 6
3553 3215 3711 3279 Θεὸς,

2126 3297 2219 3350 καὶ
2267 3297 2354 3351 διὰ
2404 3299 2561 3351 τοῦτο
2605 3299 3027 3370 ἀποκρίνεσθαι·
3064 3323 3081 3354 ι
3115 3305 3224 3358 Ποῦ
3267 3306 3416 3360 ἔστιν
3452 3310 3480 3360 6
3514 3308 3713 3380 Πατήρ

2127 3406 2255 3456 σου;
2293 3409 2313 3442 ›
2344 3391 2464 3463 Χρὴ
2493 3391 2673 3461 μέντοι
2717 3408 2779 3459 γε
2807 3394 3022 3458 εἰδέναι,
3057 3395 3138 3449 ὅτι
3184 3397 3234 3449 οἱ
3264 3396 3562 3470 ἑτερόδοξοι
3594 3400 3710 3470 (99)

2125 3479 2402 3548 νομίζουσι
2467 3480 2654 3550 σαφῶς
2688 3482 2936 3536 ἐντεῦθεν
2981 3485 3348 3556 παρίστασθαι
3387 3488 3448 3542 τδ
3494 3491 3572 3559 μὴ
3614 3490 3716 3544 τὸν

2125 3569 2256 3624 Θεὸν
2341 3570 2626 3629 ὲλάτοευον
2658 3573 2898 3626 Ἰουδαῖοι
2923 3575 3141 3646 Πατέρα
3161 3572 3298 3630 εἶναι
3323 3580 3416 3632 τοῦ
3446 3581 3710 3650 Χριστοῦ.

2124 3663 2190 3716 Εἰ
2230 3662 2336 3734 γὰρ
2361 3667 2473 3727 τοῖς
2519 3663 2829 3734 Φαρισαίοις
2873 3665 3191 3735 λατρεύουσι
3235 3669 3313 3740 τῷ
3358 3671 3711 3743 Δημιουργῷ,

2127 3755 2311 3821 φασιν,
2337 3754 2519 3822 έλεγεν
2543 3756 2572 3807 ό
2597 3754 2787 3826 Σωτὴρ
2807 3795 2821 3819 ,
2861 3773 2879 3806 ι
2916 3754 3053 3809 υῦτε
3082 3758 3181 3829 ἐμὲ
3213 3760 3390 3813 οἴδατε
3409 3802 3424 3826 ,
3455 3761 3580 3816 οὔτε
3615 3765 3710 3819 τὸν

2127 3843 2346 3914 Πατέρα
2382 3861 2503 3914 μου,
2532 3863 2550 3894 ι
2587 3845 2774 3913 σαφὲς,
2811 3846 2891 3899 ὅτι
2916 3847 3100 3918 ἕτερον
3148 3849 3274 3903 ὅντα
3307 3851 3402 3904 τοῦ
3440 3855 3713 3925 Δημιουρ-

2115 3935 2224 4003 ·γοῦ
2263 3936 2353 3988 τὸν
2384 3935 2600 4007 Πατέρα
2633 3937 2827 4008 Ἰησοῦ,
2857 3939 3134 4010 Φαρισαῖοι
3173 3941 3274 3995 οὒκ
3315 3943 3535 4013 ᾔδεσαν.
3567 3945 3713 3998 Ἀλλ’

2125 4029 2247 4082 οὐδὲ
2293 4029 2748 4101 Ἱεροσολυμῖται,
2792 4025 2871 4092 οἷς
2920 4031 3274 4102 προειρήκει,
3315 4051 3334 4084 ι
3361 4035 3498 4088 Ἀλλ’
3561 4036 3714 4090 ἐστιν

2126 4119 2375 4190 ἀληθινὸς
2403 4123 2432 4174 6
2465 4120 2686 4190 πέμψας
2720 4138 2808 4190 με,
2835 4120 2895 4173 ὃν
2920 4123 3076 4192 ὑμεῖς
3104 4124 3203 4177 οὐκ
3235 4125 3437 4191 οἴδατε,
3481 4147 3499 4178 ι
3532 4128 3710 4182 ταῦτα

2127 4211 2395 4279 λέγουσιν,
2413 4210 2509 4264 ὅντε
2527 4211 2601 4283 μὴ
2622 4211 2988 4278 ἀνεγνωκότες
3010 4212 3107 4276 τὰς
3131 4213 3280 4278 Θείας
3304 4215 3549 4286 Γραφάςν
3569 4221 3707 4290 μηδὲ

2127 4303 2226 4374 τὴν
2275 4301 2559 4373 συνήθειαν
2599 4301 2700 4371 τῆς
2746 4303 2804 4354 ὲν
2849 4303 3038 4366 αὑταῖς
3082 4303 3282 4370 λέξεως
3317 4311 3704 4379 τετηρηκότες.

462 4420 492 4458 a
531 4399 774 4471 patribus
817 4398 1040 4452 edoctus
1092 4395 1218 4451 huic
1257 4394 1356 4450 soli
1403 4391 1751 4448 serviendum
1800 4405 1940 4454 esse,
1980 4389 2024 4444 si

2136 4393 2250 4448 Κᾶν
2271 4391 2380 4464 γὰρ
2404 4392 2715 4459 διεξοδεύειν
2738 4411 2822 4456 τις
2841 4393 3060 4465 δύνηται
3082 4396 3150 4448 τὰ
3174 4398 3299 4467 περὶ
3329 4399 3484 4462 Θεοῦ,
3515 4401 3577 4452 ὲκ
3603 4419 3714 4454 πα-

461 4495 607 4548 vivat
639 4493 685 4546 is
719 4507 822 4545 non
848 4490 1005 4554 bene,
1043 4487 1186 4541 hunc
1232 4485 1421 4541 dicunt
1455 4499 1559 4538 non
1599 4482 1798 4538 habere
1832 4481 2024 4553 cogni-

2136 4485 2299 4557 τέρων
2331 4484 2684 4556 μεμαθηκὼς,
2711 4487 2792 4539 ὅτι
2816 4487 2991 4557 τούτῳ
3017 4487 3301 4560 λατρεύειν
3326 4492 3473 4561 μόνῳ
3503 4493 3599 4553 δεῖ,
3629 4494 3711 4563 μὴ

462 4586 665 4640 tionem
703 4582 819 4637 Dei.
854 4579 909 4635 Si
952 4579 1236 4650 quisquam
1274 4579 1437 4648 igitur
1463 4577 1601 4654 alius
1629 4578 1778 4631 novit
1803 4590 1926 4644 quae
1957 4573 2023 4628 ad

2136 4575 2234 4645 βιοῖ
2263 4575 2319 4627 δὲ
2351 4573 2561 4639 καλῶς,
2597 4574 2780 4628 τοῦτόν
2814 4593 2976 4645 φασιν
3005 4578 3104 4630 οὐκ
3143 4576 3287 4648 ἔχειν
3320 4579 3521 4647 γνῶσιν
3549 4581 3712 4634 Θεοῦ.

456 3131 622 3184 Deum
654 3126 857 3182 essein
905 3126 1047 3187 loco,
1093 3133 1148 3176 et
1195 3121 1399 3176 idcirco
1458 3118 1829 3188 respondere:
1870 3130 1886 3164 t
1921 3111 2019 3167 Ubi

453 3229 539 3275 est
584 3218 741 3273 Pater
781 3215 936 3271 tuus?
969 3232 987 3265 ι
1020 3212 1217 3267 Verum
1272 3210 1413 3264 scire
1456 3217 1673 3278 oportet
1719 3205 1860 3274 quod
1897 3204 2022 3259 hinc
2049 3236 2092 3294 ο

457 3309 744 3365 manifeste
771 3307 979 3362 ostendi
1013 3312 1205 3373 putent
1253 3300 1518 3362 haeretici,
1552 3299 1717 3352 Deum
1745 3337 1760 3362 ,
1788 3296 1873 3351 cui
1902 3310 2021 3351 ser-

455 3403 672 3458 viebaut
719 3399 910 3462 Judmi,
945 3413 1050 3452 non
1087 3411 1210 3451 esse
1251 3395 1467 3448 Patrem
1520 3388 1763 3444 Christi:
1792 3403 1917 3442 nam
1978 3386 2024 3442 si

458 3495 746 3549 Pharismis
788 3489 1153 3546 servientibus
1189 3486 1370 3540 mundi
1410 3481 1662 3537 Eli'ectori
1691 3523 1706 3544 ,
1743 3482 2019 3548 inquiunt,

457 3586 671 3641 dicebat
695 3585 972 3645 Servator,
1007 3596 1025 3631 ι
1062 3577 1245 3646 Neque
1271 3590 1354 3628 me
1379 3573 1550 3636 scitis,
1595 3585 1768 3640 neque
1809 3571 2022 3624 Patrem

458 3690 664 3740 meum,
701 3693 720 3726 ι
762 3670 1106 3727 manifestum
1135 3680 1220 3723 est
1249 3664 1554 3720 Pharisatos
1588 3679 1692 3718 non
1724 3676 1885 3716 nosse
1923 3660 2026 3715 Pa-

461 3777 600 3823 trem
630 3766 756 3822 Jesu
792 3765 1022 3819 alterum
1058 3761 1408 3816 exsistentem
1446 3771 1475 3809 a
1509 3755 1693 3810 mundi
1733 3753 2023 3809 Eli‘ectore.

459 3857 567 3915 Sed
621 3872 689 3911 ne
735 3853 1120 3923 lerosolymitae
1154 3841 1395 3920 quidem,
1450 3846 1723 3916 inquiunt,
1765 3859 1886 3898 eum
1923 3859 2024 3898 no-

457 3959 604 4016 rant,
634 3948 833 4019 quibus
879 3957 1040 4011 supra
1094 3942 1345 3996 dixerat:
1384 3957 1404 3991 ι
1436 3937 1542 3992 Sed
1569 3946 1653 3990 est
1699 3949 1882 4000 verax,
1931 3934 2024 4004 qui

461 4042 608 4097 misit
639 4055 744 4105 me,
796 4053 958 4106 quem
998 4050 1092 4089 vos
1128 4031 1393 4087 nescitis:
1429 4048 1448 4083 ι
1503 4043 1625 4099 qua:
1656 4027 1864 4094 dicunt,
1895 4027 2024 4095 quia

461 4149 566 4188 non
605 4132 852 4200 legerunt
881 4110 1196 4195 Scripturas
1225 4121 1459 4188 divinas,
1487 4134 1662 4188 neque
1693 4120 2024 4174 observave-

460 4233 588 4279 runt
641 4217 1085 4277 consueludinem
1121 4213 1413 4268 locutionis
1449 4213 1712 4281 ipsarum.
1759 4208 2026 4276 Quamvis

459 4314 607 4368 enim
635 4310 931 4378 intelligere
955 4307 1076 4375 quis
1103 4303 1272 4375 possit
1294 4318 1413 4372 qua:
1445 4304 1510 4355 ad
1536 4301 1701 4356 Deum
1728 4301 2022 4371 pertinent,

463 4676 649 4731 mundi
675 4672 996 4728 Effectorem
1029 4671 1324 4742 pertinent,
1353 4678 1408 4723 et
1436 4683 1556 4738 qua:
1597 4668 1664 4721 ad
1695 4665 1902 4721 cultum
1932 4679 2024 4718 sa—

463 4763 815 4828 cerdotalem,
842 4763 1190 4833 perspicuum
1225 4768 1375 4813 certe
1410 4768 1496 4814 est
1546 4760 1690 4813 inter
1719 4760 1819 4812 hos
1859 4757 2027 4810 fuisse

463 4856 604 4911 ﬁlios
627 4853 746 4909 lleli
777 4853 1099 4919 sacerdotis,
1131 4849 1222 4920 qui
1261 4849 1449 4904 nutriti
1480 4849 1633 4903 fuere
1657 4848 1708 4902 in
1733 4846 1826 4901 Dei
1857 4845 2026 4900 cultu.

464 4947 714 5000 Attamen
747 4959 812 4999 eo
837 4944 978 5014 quod
1009 4942 1374 5014 peccaverint,
1412 4940 1614 5008 scripta
1647 4947 1775 4993 sunt
1818 4936 1934 4991 haec
1963 4936 2030 4991 de

464 5037 571 5092 illis
616 5037 668 5091 in
703 5038 876 5107 primo
912 5037 1116 5108 Regum
1141 5033 1191 5067 “
1219 5051 1233 5088 :
1267 5051 1287 5085 ι
1313 5034 1378 5088 Ει
1427 5033 1522 5087 lilii
1565 5031 1702 5094 Heli,
1730 5030 1824 5084 lilii
1857 5030 2028 5099 pesti-

463 5130 661 5195 lentes,
689 5143 794 5185 non
833 5135 1200 5199 cognoverunt
1245 5127 1553 5182 Dominum.
1587 5141 1606 5174 ι
1644 5119 1756 5193 [(l)
1788 5120 2028 5174 interro-

462 5237 650 5294 gemus
675 5222 818 5275 enim
839 5237 931 5274 eos
954 5221 1043 5290 qui
1071 5221 1234 5274 etiam
1264 5225 1467 5273 sectam
1499 5222 1823 5282 sequuntur,
1841 5225 2021 5266 annon

532 5362 576 5394 ιτ
608 5362 733 5415 ibid.
764 5362 962 5428 isseq.

463 5431 510 5464 ⁸⁸
535 5433 666 5494 ibid,
708 5432 796 5487 18.
870 5427 1126 5500 “’IReg.
1165 5427 1353 5493 11,12.

533 5569 678 5642 (97")
706 5569 851 5638 Lege
900 5569 988 5642 hic
1015 5567 1416 5642 ἐπισταμένων
1465 5565 1570 5642 ὅτι,
1623 5571 1893 5642 θδῃιιιιειο
1932 5557 2023 5633 ἦν·

463 5631 704 5708 qninque
735 5631 915 5708 autem
942 5637 1140 5708 abhinc
1169 5631 1348 5701 lineis,
1377 5635 1590 5703 corrige
1612 5631 1714 5686 κᾶν
1745 5631 1873 5700 ἐγώ,
1909 5631 2030 5702 pro,

465 5706 558 5763 καὶ
591 5706 720 5777 ἐγώ.
757 5707 915 5760 Ενιιιτ.
947 5706 1189 5777 Parnm"
1238 5775 1286 5777 __
1430 5774 1440 5777 _
1543 5774 1572 5777 _
1607 5734 1615 5743 -

537 5769 657 5850 (98),
675 5779 753 5850 Ἢ
765 5774 1207 5850 εει-ἐξεδέχοντο.
1233 5775 1323 5829 Sic
1344 5774 1511 5830 codex
1542 5771 1899 5837 Bodleianus;
1925 5769 2032 5827 lte-

468 5845 608 5918 gius,
645 5847 768 5900 ἐπεὶ
790 5845 1114 5913 ἐξεδέχοντο.

1039 5361 1084 5391 ⁸⁸
1121 5359 1306 5412 Matth.
1346 5372 1465 5419 xm,
1493 5354 1582 5408 55.
1659 5353 1702 5384 ’9
1729 5351 2025 5420 Joan.vni,
2061 5354 2148 5407 M.

2127 4665 2198 4718 Εἴ
2220 4682 2305 4728 τις
2332 4664 2462 4733 γοῦν
2505 4665 2660 4728 ἄλλος
2689 4666 2805 4736 ᾔδει
2844 4667 2912 4719 τὰ.
2941 4667 3068 4737 περὶ
3107 4668 3202 4722 τοῦ
3231 4669 3574 4742 Δημιουργοῦ
3612 4674 3720 4726 καὶ

2128 4758 2228 4827 τῆς
2272 4756 2550 4828 ἱερατικῆς
2595 4757 2758 4810 αὐτοῦ
2803 4757 3131 4829 θεραπείας,
3181 4761 3344 4830 δῆλον
3370 4803 3383 4826 ,
3419 4763 3498 4816 δτι
3529 4763 3624 4816 καὶ
3656 4763 3716 4815 οι

2141 4843 2298 4901 Ἠλεὶ
2320 4847 2414 4901 τοῦ
2445 4847 2636 4919 ἱερέως
2665 4848 2769 4902 υίοὶ
2787 4889 2801 4914 ,
2839 4850 2986 4922 παρὰ
3015 4854 3080 4922 τῇ
3115 4851 3341 4923 λατρεία
3370 4853 3719 4927 ἀνατεθραμ-

2137 4939 2286 5010 μένοι
2308 4955 2324 4970 ’
2353 4939 2468 4993 ἀλλ’
2507 4940 2688 5010 ὅμως,
2720 4941 2843 4993 ἐπεὶ
2871 4942 3145 5014 ἥμαρτον,
3184 4945 3492 5015 γέγραπται
3535 4945 3720 4998 ταῦτα

2134 5029 2264 5100 περὶ
2295 5029 2473 5082 αὐτῶν
2499 5029 2556 5083 ὲν
2588 5032 2653 5100 τῇ
2692 5027 2801 5082 τῶν
2845 5029 3139 5084 Βασιλειῶν
3455 5051 3473 5084 ι
3509 5035 3615 5087 Καὶ
3654 5036 3720 5087 οξ

2133 5119 2238 5172 υίοὶ
2281 5118 2468 5185 Ἠλεὶ,
2514 5119 2619 5172 υἱοὶ
2642 5118 2817 5190 λοιμοὶ
2840 5159 2857 5186 ,
2888 5121 2987 5173 οὐκ
3023 5119 3266 5189 ἔγνωσαν
3312 5122 3403 5176 τὸν
3436 5122 3652 5194 Κύριον.
3688 5143 3714 5174 ι

2130 5211 2465 5283 Πευσῶμεθα
2487 5213 2595 5283 γὰρ
2626 5212 2732 5266 τῶν
2762 5211 3100 5281 ἑτεροδόξων,
3135 5215 3184 5267 εί
3223 5213 3299 5286 μὴ
3331 5216 3457 5286 περὶ
3478 5213 3571 5268 τοῦ
3595 5217 3722 5286 Δη-

2259 5353 2300 5384 ⁸⁰
2321 5354 2450 5408 ibid.
2486 5355 2570 5407 19.
2676 5353 2888 5408 "Joan.
2920 5369 3018 5422 vn,
3047 5353 3140 5410 28.
3217 5353 3262 5385 ⁸²
3283 5354 3439 5410 Joan.
3465 5371 3579 5422 vnn,
3613 5356 3724 5412 19.

2205 5563 2318 5634 (99)
2338 5564 2461 5633 Χρὴ
2488 5561 2777 5635 μέντοιγε
2791 5563 3030 5635 εἰδέναι,
3046 5563 3134 5618 ὅτι
3156 5566 3211 5617 οἱ
3228 5563 3578 5632 ἑτερόδοξοι.
3592 5568 3727 5635 etc.

2133 5632 2868 5705 Cerdnuiaui,Marcionita},
2905 5634 3297 5703 Valentiniani,
3336 5635 3534 5705 aliique
3559 5632 3730 5701 ejus-

2135 5704 2464 5776 ιιειιιζρμης
2495 5705 2759 5776 haeretici.
2787 5705 3029 5761 "UETIUS

2205 5774 2280 5846 (ι)
2315 5774 2440 5831 lliec
2467 5790 2497 5832 e
2521 5775 2794 5831 Perionio.
