3826 6514
141 437 220 490 529

1173 432 1529 490 Ct')‘.llMENT.
1564 431 1630 490 ΙΝ
1665 429 1858 484 JOAN.
1893 431 2136 487 TOM'US
2175 431 2316 486 XIX.

3258 436 3362 490 530

140 547 360 621 μιουργοῦ
388 548 716 620 γέγραπται
746 549 826 621 τό·
864 570 881 601 ι
911 551 1024 604 Οὐκ
1046 550 1287 620 ἔγνωσαν
1316 554 1407 606 τὸν
1425 551 1647 623 Κύριονο
1675 569 1692 599 ι

1803 550 1870 602 de
1907 551 2092 606 mundi
2147 550 2352 620 Opilice
2381 551 2484 606 hoc
2519 551 2777 622 scriptum
2806 552 2914 610 sit:
2955 573 2973 605 ι
3002 552 3116 609 Non
3167 569 3361 624 cogno-

140 642 211 695 ui.
245 641 695 712 ἀποκρινομένων
726 681 740 706 ,
780 642 862 696 ὅτι
899 645 1026 713 περὶ
1063 642 1156 696 τοῦ
1193 642 1535 715 Δημιουργοῦ
1577 646 1693 696 ὲστι

137 731 296 794 ταῦτα,
309 732 626 802 ζητήσομεν
641 734 703 803 (f.
731 751 808 788 σω
814 734 899 805 μ-)
911 734 997 788 διὰ
1009 735 1060 788 τί
1073 735 1285 805 εἴρηται
1297 751 1366 787 πε
1374 735 1427 806 ρὶ
1439 735 1546 787 τῶν
1563 733 1694 787 υἱῶν

146 824 304 884 tum
331 826 444 880 Οὐκ
476 826 740 895 ἔγνωσαν
767 829 857 883 τὸν
880 829 1103 900 Κύριον⁸
1142 849 1160 881 ι
1193 831 1418 903 πότερον
1450 830 1538 884 διὰ
1567 832 1693 893 τοὺς

135 918 238 989 περὶ
253 915 376 970 Θεοῦ
396 917 492 972 τοῦ
515 919 874 992 Δημιουργοῦ
903 920 1113 989 λόγους,
1138 921 1172 993 ἢ
1201 921 1290 976 διὰ
1310 921 1410 993 τὴν
1433 922 1693 994 πονηρίαν

133 1011 297 1066 αὐτῶν.
330 1011 510 1082 Σαφὲς
549 1013 634 1077 δὲ,
673 1013 757 1067 ὅτι
793 1012 882 1067 διὰ
916 1013 1015 1084 τὴν
1046 1013 1308 1086 πονηρίαν
1336 1014 1583 1084 λέγονται
1617 1014 1692 1086 μὴ

133 1103 394 1174 ἐγνωκέναι
435 1104 536 1159 τὸν
575 1105 815 1184 Κύριον·
852 1107 945 1161 καὶ
984 1105 1044 1162 οὐ
1088 1107 1217 1178 περὶ
1243 1108 1352 1163 τῶν
1379 1109 1510 1164 υίῶν
1546 1107 1698 1164 Ἠλεὶ

133 1197 264 1267 μόνον
285 1197 394 1250 ἐστι
429 1197 600 1251 τοῦτο
629 1199 834 1271 εὑρεῖν,
865 1199 1002 1254 ἀλλὰ
1026 1200 1121 1254 καὶ
1151 1200 1279 1271 περὶ
1318 1199 1492 1254 ἄλλων
1535 1199 1691 1271 βασι-

131 1289 396 1342 λευσάντων
430 1290 492 1342 ὲν
534 1290 764 1360 Ἰσραὴλ
805 1291 900 1344 καὶ
943 1291 1112 1346 Ἰούδα
1154 1291 1516 1364 ἁμαρτωλῶν.
1537 1291 1692 1346 Οὕτω

128 1379 277 1432 τοίνυν
298 1381 389 1434 καὶ
408 1382 458 1434 οἰ
483 1382 783 1452 Φαρισαῖοι
813 1383 904 1436 τὸν
936 1383 1158 1455 Πατέρα
1184 1383 1284 1436 οὐκ
1312 1384 1508 1455 ᾔδεσαν
1527 1400 1541 1414 ·
1572 1383 1691 1437 οὐδὲ

128 1474 216 1543 γὰρ
243 1473 410 1526 ὲὸίουν
443 1474 596 1526 κατά
631 1474 696 1526 τὸ
720 1473 813 1528 τοῦ
859 1473 1202 1546 Δημιουργοῦ
1238 1474 1501 1546 βούλημα.
1535 1475 1691 1529 Ἔστι

128 1563 172 1616 δὲ
204 1564 285 1618 καὶ
326 1563 454 1618 ἄλλο
500 1565 914 1637 σημαινόμενον
942 1566 1035 1620 τοῦ
1078 1565 1364 1635 γινώσκειν
1411 1567 1502 1622 τὸν
1534 1567 1688 1633 Θεὸν,

128 1655 285 1727 ἑτέρου
327 1657 482 1722 όντος
523 1657 630 1711 τοῦ
673 1658 964 1727 γινώσκειν
1004 1660 1094 1714 τὸν
1129 1661 1261 1714 Θεὸν
1315 1661 1463 1732 παρὰ
1501 1661 1560 1714 τὸ
1600 1679 1690 1715 πι-

129 1745 308 1798 στεύειν
335 1746 512 1817 ψιλῶς
547 1750 636 1812 είς
660 1749 756 1803 τὸν
783 1750 937 1814 Θεὸν,
972 1751 1048 1815 ώς
1072 1751 1232 1822 δῆλον
1266 1754 1328 1805 ὲκ
1356 1752 1450 1806 τοῦ
1474 1769 1489 1784 ο
1520 1753 1690 1806 ι”Οσα

125 1838 306 1906 ὀνόμος
319 1838 490 1904 λαλεῖ,
516 1843 643 1905 τοῖς
669 1842 731 1893 ὲν
753 1841 830 1912 τῷ
857 1843 1005 1915 νόμῳ
1030 1843 1179 1897 λαλεῖ
1198 1846 1330 1899 αὑτό
1348 1845 1413 1917 [Ῑ.
1431 1845 1615 1917 cura].
1641 1865 1659 1897 ι
1673 1850 1689 1867 ¹

131 1926 186 1981 Ἦ
205 1929 467 2000 δῆλον,ὂτι
499 1932 752 1997 καὶτοὺς
782 1937 1085 2006 προφήτας,
1116 1930 1190 1990 ὧν
1209 1941 1222 1959 ¹
1241 1936 1311 1990 τὰ
1342 1939 1582 2009 ῥήματα,
1610 1939 1686 2002 ὡς

124 2020 170 2072 ὲν
195 2020 358 2084 ἄλλοις
393 2022 776 2094 ἀπεδείξαμεν
798 2064 812 2088 ,
858 2024 1022 2096 νόμος
1050 2027 1300 2095 λέγεται·
1337 2027 1550 2100 εἴρηται
1573 2029 1684 2082 τοί-

125 2128 198 2162 νυν
223 2114 274 2164 ὲν
300 2113 588 2183 ιἰταλμοῖς·
637 2133 656 2164 ι
699 2114 1028 2184 Σχολάσατε,
1066 2117 1159 2171 καὶ⁴
1211 2117 1416 2186 γνῶτε,
1454 2120 1536 2172 ὅτι
1577 2118 1688 2188 ἐγώ

125 2203 265 2272 aliud
289 2203 450 2267 Θεός.
497 2223 518 2254 ι
555 2205 661 2268 Τίς
697 2205 745 2258 δ’
788 2207 888 2260 οὐκ
930 2207 996 2260 ἂν
1039 2208 1369 2280 ὁμολογήσαι
1401 2210 1686 2264 πιστεῦσαι

123 2292 391 2363 γεγράφθαι
411 2293 596 2347 ταῦτα
627 2293 746 2364 λαῷ
773 2294 1075 2350 πιστεύοντι
1105 2297 1184 2359 είς
1215 2295 1306 2349 τὸν
1327 2298 1684 2369 Δημιουργὸν,

121 2385 271 2439 ὅντινα
292 2384 495 2453 γνῶναι
523 2386 634 2438 οὐκ
665 2385 786 2438 ἔστι
827 2386 901 2458 μὴ
929 2386 1265 2456 σχολάσαντα
1283 2428 1297 2449 ,
1332 2389 1425 2442 καὶ
1449 2389 1687 2443 ἐκκαθά-

125 2493 265 2545 ραντα
322 2477 412 2529 τὸν
477 2475 647 2540 νοῦν,
720 2475 831 2530 τῶν
898 2477 1159 2532 νοούντων
1222 2479 1317 2534 καὶ
1398 2479 1689 2551 Θειοτέροις

119 2567 380 2638 ὀφθαλμοῖς
417 2567 746 2637 βλεπόντων
775 2569 865 2624 τὸν
902 2569 1034 2623 Θεὸν
1064 2609 1078 2632 ,
1112 2570 1200 2625 διὰ
1231 2572 1292 2624 τὸ
1317 2571 1565 2644 καθαρὰν
1590 2573 1687 2644 τὴν

123 2661 314 2731 καρδίαν
335 2661 735 2733 πεποιηκέναι,
755 2661 854 2731 τῆς
873 2661 1089 2733 χάριτος
1105 2646 1307 2735 ταύτης
1333 2663 1684 2736 ἀξιουμένων,

123 2752 181 2818 ὡς
206 2754 231 2806 ό
250 2755 436 2827 Σωτὴρ
467 2756 758 2826 μαρτυρεῖ
784 2753 957 2822 λέγων
981 2771 994 2786 ο
1030 2774 1048 2805 ι
1079 2756 1357 2828 Μακάριοι
1382 2759 1431 2810 oi
1458 2757 1689 2829 καθαροὶ

123 2847 174 2915 τῇ
201 2846 405 2918 καρδία,
433 2848 522 2901 ὅτι.
547 2845 715 2899 αὐτοὶ
739 2844 832 2897 τὸν
857 2844 990 2898 Θεὸν
1015 2844 1256 2914 ὄψονται;
1291 2867 1310 2900 ι
1339 2848 1491 2917 ’Ἅμα
1515 2847 1570 2900 δὲ
1594 2849 1688 2902 καὶ

123 2937 235 3008 πρὸς
261 2938 344 3001 τὸ,
377 2957 396 2989 ι
435 2937 642 3000 Οὐδεὶς
671 2935 817 3004 ἔγνω
859 2935 950 2989 τὸν
979 2935 1196 3006 Πατέρα
1230 2939 1278 2990 εί
1309 2937 1384 3008 μὴ
1413 2939 1442 2991 ὁ
1469 2938 1617 3001 Υἱὸς,
1665 2957 1683 2989 ι

121 3032 356 3102 φήσομεν,
371 3032 458 3084 ὅτι
478 3030 544 3085 ού
562 3028 770 3084 ταυτόν
798 3029 914 3082 ἐστι
942 3028 1004 3082 τὸ
1028 3028 1316 3097 γινώσκειν
1339 3029 1428 3083 τὸν
1448 3030 1686 3102 Πατέρα,

119 3123 194 3177 καὶ
221 3123 496 3179 πιστεύειν
547 3122 730 3194 αὐτῷ.
773 3121 849 3175 Ού
905 3122 1134 3193 μάχεται
1173 3118 1267 3176 οὖν
1315 3122 1399 3184 τὸ,
1446 3143 1463 3176 ι
1501 3113 1690 3187 Οὐδεὶς

119 3217 236 3283 ἔγνω
259 3218 346 3271 τὸν
378 3216 620 3288 Πατέρα
680 3216 732 3269 εί
769 3215 844 3287 μὴ
874 3217 902 3268 ό
942 3215 1102 3282 Υἱὸς,
1151 3235 1172 3269 ι
1205 3213 1334 3286 τῷί
1372 3216 1688 3270 Ἐπίστευσε
1717 3243 1761 3302 C

117 3306 162 3360 δὲ
191 3307 429 3379 ’Δὸραὰμ
451 3307 536 3378 τῷ
561 3305 714 3376 Θεῷ,
734 3306 828 3360 καὶ
851 3305 1101 3376 ἐλογίσθη
1134 3304 1283 3376 αὐτῷ
1305 3307 1387 3370 είς
1417 3307 1692 3360 δικαιοσύ-

118 3416 212 3468 νην.
249 3419 267 3452 ι
297 3402 360 3453 El
393 3400 454 3454 δέ
488 3416 584 3462 τις
637 3397 814 3450 οἴεται
838 3397 985 3466 ἡμᾶς
1024 3397 1308 3468 βιάζεσθαι
1339 3397 1593 3467 λέγοντας
1619 3397 1692 3470 μὴ

116 3490 281 3546 ταυτὸν
305 3487 449 3545 εἶναι
480 3491 548 3545 τὸ
580 3488 869 3543 πιστεύειν
895 3488 972 3560 τῷ
1001 3488 1320 3557 γινώσκειν,
1351 3491 1444 3543 καὶ
1480 3490 1691 3560 ἐνδέχε-

118 3584 217 3638 σθαι
246 3584 535 3638 πιστεύειν
571 3582 701 3654 μὲν,
718 3581 817 3634 οὐκ
841 3579 985 3650 ἔχειν
1013 3579 1070 3633 δὲ
1095 3579 1296 3648 γνῶσιν
1325 3579 1418 3635 τοῦ
1438 3598 1691 3635 πιστευο-

120 3675 256 3744 μένου
282 3678 371 3730 ὑπ’
412 3675 620 3740 αὐτοῦ,
651 3671 750 3726 τοῦ
779 3672 954 3742 Ἰησοῦ
975 3672 1259 3726 ἀκουσάτω
1288 3672 1536 3739 λέγοντος
1558 3675 1695 3746 πρὸς

115 3770 218 3833 τοὺς
239 3769 694 3830 πεπιστευκότας
719 3764 869 3836 αὐτῷ
911 3765 1200 3829 Ἰουδαίους
1218 3782 1232 3796 ·
1269 3783 1290 3817 ‹
1313 3765 1438 3820 Ἐὰν
1476 3766 1693 3838 μείνητε

116 3861 164 3914 ιν
187 3861 257 3933 τῷ
282 3861 428 3932 λόγῳ
458 3859 547 3931 τῷ
581 3857 740 3930 ἐμῷ,
767 3855 1038 3926 γνώσεσθε
1071 3857 1170 3928 τὴν
1208 3856 1466 3928 ἀλήθειαν
1489 3896 1506 3922 ,
1539 3857 1635 3910 καὶ
1661 3859 1694 3929 ἡ

115 3953 315 4024 ἀλήθεια
355 3949 739 4023 ἐλευθερώσει
797 3949 960 4020 ὑμᾶς.
1004 3967 1023 4000 ι
1075 3949 1390 4022 Παρατὴρει
1424 3949 1568 4022 γὰρ,
1613 3951 1695 4008 ὅτι

118 4042 206 4112 πρὸ
225 4043 338 4107 τοῦ,
367 4063 387 4095 ι
429 4044 568 4097 Ἐὰν
594 4040 822 4112 μείνητε
854 4042 912 4093 ὲν
937 4039 1014 4110 τῷ
1039 4039 1180 4111 λόγῳ
1207 4041 1286 4111 τῷ
1315 4041 1455 4113 ἐμῷ,
1487 4041 1694 4112 γνώσε-

117 4134 192 4187 σθε
219 4136 311 4206 τὴν
336 4134 642 4205 ἀλήθειαν,
675 4151 696 4183 ι
730 4130 1038 4200 γέγραπται
1059 4147 1073 4160 ·
1110 4131 1369 4200 «Ἔλεγεν
1395 4127 1487 4186 οὖν
1514 4134 1544 4187 ό
1587 4134 1695 4207 ἰη-

116 4225 221 4290 σοῦς
252 4228 388 4299 πρὸς
433 4228 574 4290 τοὺς
619 4223 978 4288 πιστεύοντας
1013 4223 1162 4295 αὐτῷ
1203 4224 1512 4290 Ἰουδαίους·
1551 4244 1570 4278 ι
1605 4229 1699 4281 καὶ

113 4319 141 4369 ἂ
169 4318 339 4386 ἔλεγεν
376 4315 488 4391 ἦν’
553 4335 576 4369 ι
614 4316 746 4370 Ἐὰν
794 4315 1014 4387 μείνητε
1045 4316 1102 4367 ὲν
1136 4313 1214 4385 τῷ
1255 4315 1399 4386 λόγῳ
1440 4315 1518 4387 τῷ
1557 4317 1696 4389 ἐμῷ,

118 4409 362 4474 γιώσεσθε
394 4411 503 4482 τὴν
544 4407 837 4480 ἀλήθειαν.
872 4427 891 4461 ι
929 4407 1071 4462 Πολὺ
1108 4408 1166 4461 δὲ
1197 4407 1444 4481 διαφέρει
1470 4409 1533 4464 τὸ
1562 4411 1700 4483 πρὸς

114 4501 178 4570 τῷ
198 4504 472 4558 πιστεύειν
501 4501 853 4571 ἐγνωκέναι,
893 4500 987 4556 τοῦ
1034 4501 1311 4557 πιστεύειν
1348 4504 1538 4574 μόνον*
1575 4499 1699 4577 ιιᾯ

1795 651 1991 698 verunt
2020 640 2468 715 Domilltlm;l]el
2508 643 2960 712 respondentibus
3001 645 3109 698 illis
3151 645 3267 699 hac
3296 643 3361 698 ad

1796 733 1979 787 mundi
2015 731 2331 788 Eﬂectorem
2359 733 2651 801 pertinere,
2673 747 2979 802 quaeremus
3013 733 3362 801 quamobrem

1795 826 1861 880 de
1915 825 2039 881 liliis
2069 827 2181 883 lleli
2208 828 2412 882 dictum
2438 828 2510 883 sit
2539 847 2552 883 :
2588 847 2606 880 ι
2638 825 2754 883 Νοιι
2779 835 3154 897 cognoverunt
3182 823 3365 899 Domi-

1796 935 1964 986 num;
2002 939 2020 974 ι
2061 929 2238 976 utrum
2275 931 2494 991 propter
2533 921 2774 977 rationes
2826 919 2893 976 de
2923 919 3031 974 Deo
3065 916 3248 972 mundi
3279 914 3363 969 fa-

1794 1014 2089 1078 bricatore,
2113 1029 2182 1069 an
2212 1024 2430 1086 promer
2465 1014 2729 1071 malitiam
2760 1013 3020 1084 ipsorum.
3058 1011 3165 1067 Sed
3197 1009 3365 1079 liquet

1793 1115 2015 1176 propter
2031 1105 2315 1167 malitiam,
2343 1121 2438 1161 eos
2463 1105 2568 1162 dici
2597 1121 2702 1162 non
2732 1106 3018 1177 agnovisse
3038 1102 3320 1158 Dominum
3347 1118 3360 1154 :

1792 1210 1951 1263 quam
1984 1209 2097 1249 rem
2143 1211 2246 1249 non
2301 1196 2474 1250 solum
2511 1197 2564 1251 in
2600 1197 2727 1251 ﬁliis
2767 1195 2882 1249 llcli
2933 1193 3180 1248 invenire
3215 1190 3364 1252 licet,

1793 1300 1980 1341 verum
2009 1287 2173 1340 etiam
2211 1285 2262 1341 in
2294 1285 2436 1349 aliis.
2468 1287 2712 1356 quicum
2745 1285 3021 1358 regnarint
3045 1284 3097 1337 in
3129 1281 3146 1335 l
3185 1279 3366 1334 raelct

1791 1375 1999 1440 Judaaa,
2045 1386 2358 1446 peccatores
2406 1377 2576 1432 fuere.
2632 1377 2738 1434 Isto
2790 1376 2954 1447 igitur
3002 1372 3160 1428 modo
3196 1371 3362 1426 etiam

1791 1466 2048 1522 Pharisaei
2083 1467 2297 1522 Patrem
2331 1481 2437 1522 non
2483 1477 2702 1529 norant,
2736 1482 2856 1521 cum
2888 1481 2992 1518 non
3025 1464 3366 1516 viverenth

1792 1559 2060 1616 sententia
2080 1559 2265 1615 mundi
2290 1558 2599 1616 Eﬂ‘ectoris.
2633 1557 2800 1630 284
2820 1559 2953 1613 Cum
2985 1565 3166 1611 autem
3189 1554 3367 1610 diver-

1792 1667 1866 1708 sae
1893 1652 2004 1709 sint
2030 1650 2461 1722 significationes
2513 1650 2840 1729 agnoscendi
2873 1648 3064 1713 Deum,
3087 1649 3362 1703 diversum

1791 1759 2007 1816 quoque
2059 1753 2144 1799 est
2191 1758 2493 1819 agnoscere
2543 1743 2709 1796 Deum
2763 1749 2819 1796 et
2861 1741 3089 1796 credere
3137 1739 3279 1793 nude
3311 1736 3362 1790 in

1798 1843 1990 1906 Deum,
2023 1851 2084 1896 ut
2122 1840 2293 1910 liquet
2335 1855 2405 1895 ex
2458 1854 2522 1895 eo
2547 1839 2594 1871 "
2625 1855 2640 1893 :
2679 1857 2698 1891 ι
2736 1837 2951 1893 Scimus
2990 1844 3172 1890 autem
3220 1831 3361 1902 quod

1791 1946 2125 2002 qnzecunque
2161 1932 2247 1987 lex
2279 1929 2537 2001 loquitur,
2575 1930 2660 1984 his
2691 1929 2805 1984 haec
2838 1927 3093 1998 loquatur
3116 1925 3209 1996 qui
3239 1927 3363 1977 sunt

1792 2028 1892 2082 sub
1927 2027 2094 2096 lege.»
2128 2028 2146 2047 ⁶
2174 2025 2256 2079 An
2295 2039 2398 2079 non
2445 2022 2784 2092 perspicuum
2823 2029 2906 2076 est
2933 2019 3098 2075 etiam
3131 2015 3364 2087 prophe-

1793 2129 1900 2182 tas,
1950 2121 2224 2188 quorum‘
2255 2117 2442 2179 verba,
2498 2114 2642 2168 utin
2687 2111 2808 2167 aliis
2856 2109 3221 2172 ostendimus,
3277 2105 3362 2161 lex

1793 2207 2066 2262 dicuntur.
2095 2207 2305 2261 Dictum
2338 2215 2422 2261 est
2453 2205 2616 2276 igitur
2646 2205 2698 2258 in
2725 2201 3014 2258 Psalmis“
3043 2219 3058 2254 :
3099 2216 3118 2251 ι
3139 2197 3361 2260 Vacate,

1795 2307 1851 2353 et
1883 2299 2186 2369 agnoscite,
2209 2297 2352 2368 quod
2381 2312 2481 2366 ego
2508 2311 2629 2351 sum
2665 2295 2824 2349 Dens.
2850 2310 2870 2346 ι
2893 2292 3024 2360 Quis
3048 2298 3228 2345 autem
3254 2304 3360 2345 non

1796 2393 2056 2446 fateretur
2088 2406 2150 2447 se
2175 2392 2402 2445 credere
2432 2391 2547 2445 haec
2572 2388 2778 2457 scripta
2810 2384 2980 2440 fuisse
3011 2381 3210 2453 populo
3244 2394 3364 2435 cre-

1792 2484 1941 2539 denti
1976 2483 2028 2538 in
2065 2483 2248 2538 mundi
2275 2482 2570 2551 Opitlcem;
2618 2493 2783 2550 quem
2810 2489 3104 2548 agnoscere
3135 2488 3240 2528 non
3272 2485 3366 2526 va-

1794 2575 1921 2640 leat,
1965 2573 2057 2644 qui
2092 2589 2200 2630 non
2232 2572 2460 2639 vacarit,
2512 2569 2923 2640 puriﬁcaritque
2959 2573 3229 2628 mentem;
3282 2561 3364 2617 di-

1793 2669 1916 2738 gnis
1963 2669 2068 2724 hoc
2102 2682 2330 2722 munere
2368 2665 2566 2719 habitis
2606 2662 2708 2723 his,
2739 2662 2829 2728 qui
2873 2659 3046 2716 oculis
3080 2655 3366 2712 diviniori-

1795 2761 1894 2816 bus
1922 2762 2088 2818 Deum
2123 2760 2494 2821 considerant,
2520 2757 2812 2825 videntque
2838 2752 2964 2823 quia
2981 2766 3079 2804 cor
3104 2753 3363 2804 mundum

1795 2854 2054 2916 fecerint,
2108 2850 2564 2922 quemadmodum
2617 2857 2847 2903 testatur
2876 2827 3138 2899 Dominus
3179 2841 3366 2896 dicens

1793 2948 1872 3002 δτι
1903 2965 1922 2998 ι
1952 2945 2102 3001 Beati
2132 2943 2334 2998 mundo
2357 2942 2682 3012 corde,qnia
2705 2941 2806 3011 ipsi
2841 2941 3009 2996 Deum
3030 2934 3359 2992 videbunt?»

1796 3037 1969 3093 Simul
2013 3037 2177 3091 etiam
2216 3037 2268 3090 in
2305 3049 2369 3090 eo
2421 3035 2568 3090 dicto
2585 3033 2653 3089 “.
2717 3051 2737 3084 ι
2792 3031 2962 3086 Nemo
2999 3027 3215 3100 agnovit
3263 3025 3367 3080 Pa-

1795 3134 1957 3193 trem,
1988 3128 2093 3183 nisi
2131 3125 2322 3192 Filius,
2345 3143 2362 3176 ι
2414 3123 2613 3178 dicturi
2673 3136 2881 3181 smnus.
2928 3135 3032 3176 non
3069 3120 3208 3176 idem
3243 3132 3365 3173 esse

1795 3231 2093 3290 agnoscere
2131 3215 2352 3272 Patrem
2403 3225 2459 3268 et
2520 3212 2596 3266 illi
2639 3211 2885 3266 credere.
2924 3208 3072 3265 Unde
3115 3207 3246 3261 illud
3282 3205 3367 3262 di-

1793 3320 1944 3367 ctum
1976 3349 1992 3375 ,
2027 3327 2046 3362 ι
2077 3307 2246 3363 Nemo
2299 3305 2518 3377 agnovit
2563 3302 2798 3364 Patrem,
2835 3300 2937 3356 nisi
2978 3299 3167 3363 Filius,
3200 3316 3218 3349 ι
3257 3311 3363 3352 non

1792 3411 1997 3475 pugnat
2032 3415 2156 3457 cum
2183 3401 2325 3456 hoc:
2364 3415 2383 3449 ι
2414 3395 2658 3454 Credidit
2693 3405 2871 3449 autem
2918 3391 3196 3448 Abraham
3230 3391 3362 3456 Deo,

1793 3501 1848 3548 et
1877 3492 2203 3562 imputatum
2228 3499 2314 3544 est
2339 3487 2412 3543 illi
2447 3488 2515 3543 ad
2537 3485 2805 3556 justitiam
2829 3483 2898 3541 δ’.
2930 3502 2948 3535 ι
2983 3482 3138 3551 Quod
3172 3482 3216 3538 si
3245 3481 3369 3552 quis

1793 3584 2069 3640 existimet
2101 3598 2201 3639 nos
2233 3583 2342 3638 vim
2385 3580 2585 3648 facere,
2621 3581 2713 3649 qui
2771 3581 3020 3634 dicamus
3071 3591 3178 3630 non
3223 3573 3364 3630 idem

1793 3692 1916 3735 esse
1964 3679 2190 3734 credere
2225 3678 2369 3748 quod
2415 3691 2734 3745 agnoscere,
2789 3675 3218 3742 contingereque
3269 3667 3370 3722 ali—

1795 3773 2014 3842 quando
2043 3780 2100 3826 ut
2131 3771 2330 3841 aliquis
2363 3772 2549 3825 credat
2600 3770 2692 3840 qui
2733 3784 2838 3823 non
2872 3767 3071 3822 habeat
3099 3764 3367 3835 cognitio-

1794 3878 1920 3920 nem
1951 3863 2031 3919 rei
2059 3863 2127 3920 ab
2159 3863 2278 3933 ipso
2303 3863 2548 3926 creditae,
2585 3861 2774 3919 Iesum
2800 3860 2983 3915 audiat
3003 3859 3274 3914 dicentem
3299 3853 3366 3909 ad

1795 3968 1890 4012 eos
1938 3956 2030 4026 qui
2084 3955 2137 4009 in
2202 3955 2378 4024 ipsum
2434 3954 2798 4020 crediderant,
2849 3953 3190 4024 Iudaeos“:
3231 3968 3251 4003 ι
3307 3949 3367 4006 Si

1798 4048 2110 4104 manseritis
2139 4048 2195 4102 in
2232 4061 2486 4103 sermone
2524 4062 2669 4112 meo,
2718 4046 3029 4116 agnoscetis
3059 4043 3364 4106 veritatem,

1797 4143 1852 4192 et
1873 4134 2080 4191 veritas
2108 4134 2366 4190 liberabit
2401 4147 2520 4190 vos.
2547 4155 2566 4188 ι
2596 4134 2839 4191 Observa
2873 4134 3019 4190 enim
3065 4132 3207 4204 quod
3244 4141 3370 4186 ante

1799 4241 1861 4282 ea
1916 4229 2103 4294 verba,
2151 4246 2172 4280 ι
2206 4225 2263 4282 Si
2291 4227 2606 4283 manseritis
2634 4228 2687 4282 in
2723 4240 2978 4282 sermone
3009 4240 3153 4294 meo,
3197 4239 3370 4294 agno-

1799 4320 1964 4377 scetis
2009 4320 2358 4386 veritatem,»
2405 4319 2667 4389 scriptum
2725 4318 2840 4374 sit:
2880 4337 2898 4369 ι
2930 4316 3157 4373 Dicebat
3210 4314 3372 4387 igitur

1797 4408 1954 4466 Jesus
1976 4409 2042 4463 ad
2073 4423 2166 4465 eos
2193 4409 2286 4480 qui
2317 4409 2668 4465 crediderant
2695 4407 2797 4474 illi,
2819 4406 3068 4474 Iudaeos;
3094 4425 3113 4460 ι
3148 4415 3202 4462 et
3224 4405 3368 4477 quod

1800 4516 1919 4570 qua:
1951 4501 2301 4565 dixerit,ha:c
2329 4509 2526 4556 erant:
2568 4519 2586 4552 ι
2622 4498 2679 4556 Si
2701 4499 3015 4555 manseritis
3045 4499 3099 4555 in
3123 4511 3372 4554 sermone

118 4592 198 4660 μὲν
230 4595 334 4668 γὰρ
378 4596 477 4650 διὰ
515 4593 622 4648 τοῦ
673 4592 991 4664 Πνεύματος
1038 4594 1237 4648 δίδοται
1280 4595 1435 4664 λόγος
1483 4596 1692 4666 σοφίας,

1803 4605 1944 4654 meo,
1974 4590 2280 4661 agnoscetis
2319 4589 2625 4646 veritatem.
2655 4608 2675 4642 ι
2710 4589 2874 4645 Multa
2911 4598 3089 4644 autem
3114 4595 3199 4644 est
3223 4584 3374 4642 diﬂ‘e-

111 4682 234 4754 ἆλλῳ
254 4685 309 4739 δὲ
332 4684 501 4755 λόγος
528 4683 798 4755 γνώσεως
824 4682 965 4735 κατὰ
991 4682 1053 4736 τὸ
1088 4683 1221 4737 αὐτὸ
1251 4683 1496 4757 Πνεῦμα,
1525 4687 1698 4759 ἑτέρῳ

116 4775 272 4840 πίστις
304 4779 363 4832 ὲν
393 4776 478 4849 τῷ
505 4773 670 4846 αὐτῷ
697 4772 996 4844 Πνεύματι.
1028 4793 1048 4826 ι
1086 4776 1196 4828 Καὶ
1219 4775 1390 4830 ταῦτα
1429 4777 1529 4848 μὲν
1560 4779 1700 4851 ὑπὲρ

112 4866 189 4920 τοῦ
212 4871 575 4941 παραστῆσαι
607 4868 798 4936 ἕτερον
828 4863 965 4920 εἷναι
990 4865 1050 4919 τὸ
1074 4865 1436 4935 γινώσκεσθαι
1454 4869 1544 4923 τὸν
1565 4870 1697 4925 Θεὸν

114 4961 191 5011 τοῦ
232 4960 626 5018 πιστεύεσθαι.
680 4959 770 5022 Ὠς
807 4958 866 5012 δὲ
903 4959 1041 5029 πρὸς
1070 4958 1132 5012 τὸ
1161 4959 1383 5029 ἀκριδὲς
1417 4961 1513 5018 καὶ
1543 4960 1704 5020 τοῦτο

113 5055 205 5117 τοῖς
221 5054 548 5126 εἰρημένοις
576 5048 1100 5122 προσαποδώσομεν,
1117 5050 1200 5105 ὅτι
1228 5052 1365 5122 πρὸς
1389 5051 1482 5116 οὓς
1514 5070 1699 5126 φησιν,

121 5141 282 5197 «occa
324 5145 432 5215 ἐμὲ
479 5143 677 5197 οἴδατε
703 5181 718 5205 ,
761 5139 886 5194 οὔτε
927 5140 1018 5194 τὸν
1058 5140 1282 5213 Πατέρα
1316 5159 1452 5211 μου,
1484 5161 1502 5194 ι
1539 5145 1705 5218 Φαρι-

114 5231 293 5297 σαίους,
328 5233 594 5300 εὐλόγως
639 5229 710 5283 ἂν
747 5224 870 5281 εἶπέ
912 5244 1028 5292 τις·
1070 5228 1208 5282 Ἀλλ’
1255 5230 1376 5284 οὐδὲ
1418 5233 1705 5288 πιστεύετε

114 5325 178 5385 είς
217 5325 303 5377 τὸν
353 5323 602 5396 Πατέρα
651 5335 784 5392 μου⁶
826 5318 906 5391 τῷ
938 5321 1046 5392 γὰρ
1074 5320 1430 5376 ἀποσταλέντι
1459 5323 1568 5379 ἀπὸ
1610 5326 1705 5387 τοῦ

117 5412 303 5486 Πατρὸς
359 5417 469 5470 οὐκ
514 5413 891 5467 ἐπίστευσαν·
949 5432 966 5464 ι
1019 5411 1075 5465 '0
1127 5411 1184 5466 δὲ
1221 5413 1552 5486 ἀρνούμενος
1614 5417 1711 5471 τὸν

117 5502 241 5571 Υίὸν,
277 5526 294 5558 ι
329 5505 608 5577 οὐδαμῶς
643 5521 663 5555 t
705 5502 798 5556 τὸν
839 5501 1057 5572 Πατέρα
1099 5501 1251 5572 ἔχει’
1291 5523 1308 5557 ι
1342 5505 1436 5559 καὶ
1459 5505 1708 5576 οὐδαμῶς

116 5616 267 5672 φημι,
300 5600 385 5656 ὅτι
437 5597 582 5653 οὔτε
614 5595 761 5649 κατὰ
795 5593 1130 5664 πίστιν,οῠτε
1152 5595 1291 5650 κατὰ
1319 5597 1539 5667 γνῶσιν.
1567 5599 1708 5670 Ὅρα

116 5690 161 5744 δὲ
189 5695 232 5746 εἰ
262 5695 336 5765 μὴ
367 5694 473 5748 καὶ
508 5689 703 5753 ἄλλως
744 5695 780 5766 ὴ
817 5686 1008 5758 Γραφὴ
1063 5689 1190 5752 τοὺς
1235 5689 1708 5770 ἀνακεκραμένους

171 5809 211 5844 ⁸⁸
241 5809 399 5868 Rom.
445 5825 540 5877 ιιι,
577 5807 668 5862 19.
748 5806 796 5837 ⁶⁶
820 5805 963 5877 Psal.
1001 5822 1119 5873 ml,
1149 5808 1234 5862 10.
1310 5809 1352 5841 ⁸⁷
1385 5809 1572 5863 Matth.
1597 5827 1647 5872 ν,
1677 5813 1732 5867 8.

1804 4683 1976 4740 rentia
2005 4684 2148 4738 inter
2179 4697 2509 4754 cognoscere
2541 4681 2872 4751 coniunctim
2907 4696 3029 4737 cum
3063 4679 3289 4735 credere
3319 4686 3375 4731 et

1803 4777 1946 4832 inter
1981 4775 2205 4833 credere
2242 4775 2416 4831 solum
2445 4793 2459 4831 :
2492 4794 2511 4828 ι
2550 4775 2654 4830 Alii
2685 4774 2828 4830 enim
2860 4787 2956 4843 per
2983 4769 3244 4838 Spiritum
3279 4765 3375 4820 da-

1785 4878 1894 4941 -.tur
1924 4883 2103 4926 sermo
2157 4869 2460 4940 sapientiae,
2494 4869 2584 4922 alii
2611 4875 2792 4924 autem
2837 4877 3020 4920 sermo
3045 4858 3375 4930 cognitionis

1803 4957 2099 5017 secundum
2153 4960 2401 5015 eumdem
2451 4957 2739 5028 Spiritum,
2769 4953 2858 5009 alii
2910 4952 3043 5007 fides
3088 4951 3141 5004 in
3181 4947 3373 5004 eodem

1802 5053 2010 5124 Spiritu
2037 5053 2105 5106 ".
2128 5072 2146 5105 ι
2173 5052 2242 5106 Ει
2279 5051 2393 5107 haec
2419 5049 2662 5121 quidem,
2693 5057 2752 5101 ut
2781 5043 3200 5101 ostenderemus
3225 5040 3375 5096 aliud

1799 5153 1924 5195 esse
1958 5151 2255 5210 agnoscere
2301 5137 2466 5191 Deum
2487 5173 2503 5200 ,
2536 5134 2604 5187 ab
2658 5145 2724 5186 eo
2757 5131 2903 5200 quod
2942 5138 3028 5183 est
3065 5124 3291 5199 credere
3319 5124 3375 5180 in

1805 5232 1994 5286 Deum.
2027 5227 2142 5286 [loc
2169 5242 2298 5284 vero
2324 5227 2467 5297 quod
2501 5226 2567 5279 ad
2617 5229 2930 5278 accuratam
2973 5217 3377 5289 interpretatio-

1806 5337 1930 5377 nem
1954 5321 2170 5388 attinet,
2204 5319 2294 5375 his
2319 5331 2438 5388 qua:
2473 5315 2710 5371 diximus
2737 5312 3003 5369 addemus
3025 5353 3040 5378 ,
3074 5309 3273 5366 merito
3301 5310 3376 5374 ,ad

1804 5412 2131 5476 Pharisaeos,
2160 5411 2358 5479 quibus
2389 5407 2564 5479 inquit
2591 5405 2773 5473 Iesus,
2807 5424 2825 5458 ι
2861 5403 3048 5476 Neque
3085 5419 3169 5459 me
3199 5402 3374 5469 scitis,

1806 5521 1980 5576 neque
2006 5505 2220 5560 Patrem
2249 5517 2426 5558 meum
2445 5500 2792 5569 “,raliquem
2815 5499 3089 5560 dicturum
3112 5515 3128 5552 :
3154 5495 3261 5552 Sed
3285 5510 3381 5549 ne-
3451 5535 3458 5542 .

1805 5614 1912 5668 que
1941 5597 1994 5652 in
2027 5595 2242 5652 Patrem
2273 5609 2449 5650 meum
2479 5593 2740 5658 creditis;
2769 5592 2894 5645 cum
2923 5591 2994 5657 ei,
3021 5589 3109 5659 qui
3142 5602 3172 5643 a
3215 5585 3380 5640 Patre

1807 5689 2004 5746 missus
2048 5686 2250 5746 fuerat.
2307 5698 2429 5740 non.
2466 5683 2836 5756 crediderint;
2881 5693 2937 5740 et
2971 5702 2986 5745 ;
3028 5701 3046 5734 ι
3076 5681 3177 5749 Qui
3219 5687 3380 5750 negat

1811 5812 1857 5845 ⁸⁸
1885 5811 2072 5866 Matth.
2107 5806 2291 5880 xu_.27.
2368 5805 2413 5839 δ’
2435 5805 2572 5880 Gen.
2609 5807 2779 5880 xv,6;
2817 5805 2975 5863 Rom.
3003 5821 3076 5874 tv,
3101 5804 3164 5870 ὃς
3203 5801 3376 5866 Galat.
3432 5801 3454 5835 ’-

117 5894 182 5944 ιιι,
209 5883 267 5949 6;
295 5881 418 5941 Jac.
463 5874 533 5949 tt,
570 5878 671 5933 ‘25.
749 5877 798 5909 ”
827 5874 980 5932 Joan.
1013 5892 1129 5945 vui,
1169 5879 1261 5948 5|,
1284 5880 1377 5937 '52.
1452 5881 1497 5914 ⁸⁸
1529 5881 1548 5935 l
1576 5881 1692 5938 Cor.

1796 5898 1830 5950 ι,
1869 5881 1922 5948 8,
1943 5880 1996 5937 9.
2073 5881 2115 5912 δ’
2141 5877 2297 5935 .loan.
2331 5892 2449 5949 vni,
2483 5876 2570 5936 l9.
