3806 6538
444 445 542 501 5'51

1894 448 2218 507 ORIGENIS

3603 451 3706 507 $32

449 557 671 623 Filium,
695 557 740 612 is
766 571 834 613 ne
857 555 1077 613 Patrem
1108 574 1126 609 ι
1155 558 1377 615 omnino
1410 578 1428 612 ι
1449 561 1668 632 quidem
1697 563 1859 620 habet
1881 566 1929 598 ⁵³
1957 584 2012 620 τι

2174 568 2225 621 vi
2255 567 2348 620 καὶ
2386 564 2684 629 ἑνωθέντας
2716 563 3018 634 ’γινώσκειν
3053 563 3228 617 ἐκεῖνό
3273 582 3439 633 φασιν
3459 606 3475 629 ,
3528 559 3577 628 ᾧ
3611 569 3706 620 άν-

445 650 800 719 omninoque,
828 649 1070 720 inquam.
1101 651 1228 721 quia
1274 666 1452 722 neque
1501 657 1798 710 secundum
1830 657 2012 723 ﬁdem,

448 756 626 813 neque
673 743 967 799 secundum
1013 745 1398 815 cognitionem.
1444 747 1580 803 Vide
1619 763 1748 804 vero
1791 765 1858 804 an
1911 767 2018 805 nou

450 835 558 890 alio
585 835 752 890 etiam
783 835 942 893 modo
969 835 1254 908 Scriptura
1304 837 1452 892 dicat
1500 853 1594 895 eos
1619 841 1712 910 qui
1745 841 1909 897 alicui
1942 843 2018 897 rei

449 930 724 985 commisti
779 929 1025 999 unitique
1082 930 1302 996 fuerint,
1356 931 1505 986 illam
1559 947 1878 1003 agnoscere,
1933 935 2020 990 cui

452 1021 724 1077 commisti
773 1022 975 1077 fuerint
1012 1023 1678 1094 communicaverintque;
1708 1034 1834 1081 ante
1863 1025 2023 1083 talem

450 1127 584 1167 vero
613 1113 893 1178 unionem,
926 1121 979 1168 et
1007 1114 1468 1180 communionem,
1515 1115 1732 1170 etiamsi
1781 1117 2023 1173 rationes

451 1204 632 1273 aliqua
663 1203 729 1259 de
759 1219 816 1258 re
844 1212 1226 1273 assequantur,
1246 1219 1351 1259 non
1378 1220 1674 1275 agnoscere
1696 1207 1866 1264 illam.
1888 1208 2027 1264 llinc

454 1293 618 1363 285
650 1293 820 1348 Adam
861 1309 984 1347 cunt
1025 1293 1229 1348 diceret
1271 1294 1338 1350 de
1381 1295 1512 1362 Eva,
1550 1315 1570 1348 «
1605 1298 1720 1354 Hoc
1766 1315 1911 1356 nunc
1963 1315 2028 1355 os

453 1397 520 1440 ex
548 1385 760 1440 ossibus
801 1384 955 1448 meis,
989 1394 1042 1439 et
1093 1399 1225 1440 caro
1271 1385 1338 1441 de
1378 1402 1546 1442 carne
1593 1404 1709 1444 mea
1737 1391 1805 1457 “,
1851 1411 1870 1444 ι
1921 1407 2027 1446 ιιοιι

455 1473 786 1546 agnoscebat
813 1475 1136 1546 conjugem;
1183 1490 1307 1530 cum
1346 1491 1475 1534 vero
1515 1477 1592 1533 illi
1630 1481 1878 1547 adhaesit,
1915 1492 2026 1536 tum

455 1567 658 1621 dictum
683 1575 765 1622 est
793 1566 920 1621 illud
948 1586 961 1621 :
1002 1584 1021 1618 «
1043 1567 1274 1637 Agnovit
1303 1578 1484 1624 autem
1515 1571 1688 1625 Adam
1712 1572 1875 1627 Evam
1899 1590 2032 1630 con-

452 1658 636 1729 jugem
659 1673 813 1712 suam
833 1657 904 1714 ⁸⁸.
934 1677 953 1710 ι
984 1656 1138 1723 Quod
1167 1657 1213 1712 si
1241 1658 1365 1728 quis
1396 1659 1639 1727 irrideat,
1664 1665 1808 1733 quod
1833 1664 1900 1720 de
1935 1665 2027 1721 Dei

458 1749 768 1820 cognitione
798 1759 1096 1806 tractantes
1118 1750 1493 1818 acceperimus
1538 1750 1670 1807 illud
1699 1757 2030 1826 exemplum,

465 1839 760 1910 «Cognovit
784 1851 962 1896 autem
988 1842 1155 1896 Adam
1184 1841 1347 1895 Evam
1373 1841 1661 1913 coniugem
1688 1859 1896 1912 suam,»
1918 1848 2030 1916 pri-

2119 657 2432 730 εκράθησαν
2457 657 2551 710 καὶ
2575 656 3036 727 κεκοινωνήκασι·
3083 655 3186 726 πρὸ
3225 655 3282 708 δὲ
3318 656 3417 726 τῆς
3446 655 3708 727 τοιαῦτης

2121 748 2367 812 ένώσεως
2392 747 2486 801 καὶ
2512 745 2812 810 κοινωνίας,
2840 745 2944 799 κᾶν
2969 746 3095 810 τοὺς
3125 745 3315 814 λόγους
3348 746 3710 816 καταλαμϐά-

2121 856 2252 893 νωσι
2298 839 2426 911 περί
2470 855 2650 903 τινος,
2696 839 2757 890 οὐ
2804 835 3163 906 γινώσκουσιν
3205 839 3402 892 έκεῖνο.
3467 837 3528 892 '0
3577 837 3709 906 γοῦν

2135 930 2307 1001 Ἀδὰμ
2338 930 2466 1002 περὶ
2496 929 2596 1001 τῆς
2622 927 2766 994 Εὔας
2787 928 2962 998 λέγων
2986 968 3000 993 ,
3039 947 3058 980 «
3086 926 3256 982 Τοῦτο
3286 926 3383 980 νῦν
3411 927 3612 982 ὀστοῦν
3648 929 3711 980 ἑκ

2121 1021 2230 1075 τῶν
2258 1020 2458 1075 ὀστέων
2489 1037 2610 1091 μου,
2645 1018 2741 1073 καὶ
2770 1017 2907 1091 σὰρξ
2938 1020 3004 1072 ἐκ
3031 1019 3130 1089 τῆς
3155 1018 3356 1090 σαρκός
3386 1035 3516 1089 μου,
3551 1036 3572 1070 ι
3610 1019 3710 1070 οὐκ

2087 1155 2091 1158 ν
2124 1113 2242 1184 ᾔδει
2272 1113 2372 1183 τὴν
2398 1115 2663 1181 γυναῖκα·
2699 1111 2789 1164 ὅτε
2822 1110 2932 1182 γὰρ
2974 1112 3112 1182 αὐτῇ
3145 1109 3412 1181 ἐκολλήθη
3433 1149 3450 1172 ,
3475 1109 3604 1162 τότε
3636 1110 3710 1161 εί-

2128 1218 2320 1274 ρηταν
2357 1202 2573 1270 «Ἔγνω
2598 1201 2656 1254 δὲ
2692 1201 2863 1271 Ἀδὰμ
2887 1199 3032 1254 Εὕαν
3060 1201 3160 1272 τὴν
3185 1203 3422 1269 γυναῖκα
3459 1199 3650 1254 αὑτοῦ.
3686 1219 3705 1250 ι

2128 1295 2237 1348 Καὶ
2266 1294 2321 1346 εἴ
2342 1293 2426 1358 τίς
2449 1309 2514 1362 γε
2544 1290 2878 1365 προσκόπτοι
2917 1293 3005 1346 διὰ
3032 1293 3092 1344 τὸ
3125 1291 3530 1363 παρειληφέναι
3567 1293 3712 1361 ἡμᾶς

2128 1385 2207 1447 είς
2225 1381 2324 1454 τὴν
2354 1384 2482 1454 περὶ
2505 1382 2640 1436 Θεοῦ
2673 1383 2875 1451 γνῶσιν
2905 1382 3253 1452 παράδειγμα
3279 1381 3342 1434 τὸ
3361 1421 3376 1444 ,
3408 1399 3430 1432 «
3445 1382 3638 1448 Ἔγνω
3659 1381 3713 1433 δὲ

2143 1474 2312 1546 Ἀδὰμ
2334 1475 2436 1546 τὴν
2475 1477 2707 1544 γυναῖκα
2754 1472 2920 1526 αὑτοῦ
2940 1513 2956 1538 ,
2999 1493 3018 1525 ι
3053 1472 3268 1544 πρῶτον
3295 1471 3396 1542 μὲν
3427 1471 3549 1541 τῷ,
3589 1489 3610 1523 «
3644 1471 3714 1523 Τὸ

2134 1566 2431 1636 μυστήριον
2457 1564 2614 1619 τοῦτο
2646 1564 2786 1635 μέγα
2812 1565 2960 1618 ἐστὶν
2992 1583 3010 1616 ι
3040 1565 3386 1635 ἐπιστησάτω
3407 1582 3424 1597 ο
3461 1563 3718 1636 δεύτερον

2130 1657 2186 1711 δὲ
2227 1657 2640 1728 ἀντιπαραθέτω
2677 1657 2739 1710 τὸ
2765 1657 2894 1728 περὶ
2921 1656 3147 1728 ἄρρενος
3181 1657 3276 1710 καὶ
3302 1655 3533 1728 θηλείας
3565 1657 3717 1724 λεγόο

2135 1765 2296 1820 μενον
2341 1748 2498 1820 παρὰ
2541 1748 2620 1819 τῷ
2667 1747 2970 1818 Ἀποστόλῳ
3000 1750 3089 1818 (τῇ
3145 1747 3278 1818 αὐτῇ
3323 1746 3474 1812 λέξει
3520 1747 3722 1819 χρῆται

2135 1840 2264 1910 περὶ
2287 1838 2572 1910 ἀνθρώπου
2607 1839 2702 1892 καὶ
2732 1839 2934 1909 Κυρίου
2960 1831 3040 1905 [2]
3067 1841 3111 1906 )”
3145 1856 3164 1890 ι
3202 1838 3261 1891 '0
3291 1836 3667 1907 κολλώμενος,
3701 1855 3718 1887 ι

465 1945 611 1985 ιιιιιιιι
643 1930 864 2001 quidem
906 1930 1033 1985 illud
1067 1931 1112 1985 is
1152 1938 1302 1986 notet
1331 1949 1344 1985 :
1380 1949 1400 1985 «
1431 1930 1542 1988 Hoc
1572 1937 1889 2004 mysterium
1917 1953 2031 1991 ma-

2170 1931 2268 2002 ίησὶ
2298 1930 2398 2001 (5),
2433 1950 2451 1982 ι
2487 1933 2553 2002 τῇ
2589 1931 2758 2002 πόρνῃ
2790 1929 2849 1982 ἓν
2873 1929 3033 2000 σῶμά
3059 1928 3175 1984 ἐστι
3198 1946 3213 1960 ⁸
3250 1929 3346 1983 καὶ
3372 1931 3402 1982 ὁ
3436 1929 3724 2000 κολλώμεσ

462 2037 628 2093 gnum
661 2031 744 2078 est
768 2022 848 2089 '°;
888 2041 907 2074 ι
941 2023 1140 2078 deinde
1178 2030 1359 2077 autem
1397 2033 1630 2093 apponat
1684 2034 1738 2081 et
1787 2027 2034 2084 cont'crat

466 2114 610 2185 quod
643 2115 846 2171 dicitur
879 2115 1020 2184 apud
1053 2113 1371 2184 Apostolum
1416 2117 1483 2170 de
1527 2131 1677 2173 mare
1725 2127 1780 2172 et
1829 2119 2029 2176 femina

463 2207 613 2278 (nam
638 2207 826 2262 eadem
861 2207 1098 2262 dictione
1127 2206 1297 2260 utitur
1327 2205 1392 2258 de
1429 2208 1646 2264 homine
1671 2219 1726 2266 et
1746 2211 1814 2266 de
1844 2213 2029 2268 Domi-

464 2302 604 2368 no),
659 2315 678 2350 «
719 2297 821 2364 Qui
882 2298 1160 2365 adhaeret,
1193 2317 1212 2352 ι
1272 2300 1608 2370 inquiens",
1670 2305 2029 2370 «meretrici,

465 2405 633 2445 unum
671 2401 754 2446 est
781 2405 1020 2462 corpus;
1048 2401 1101 2447 et
1128 2392 1218 2462 qui
1243 2393 1487 2448 adhaeret
1516 2393 1768 2462 Domino,
1789 2412 1928 2452 unus
1949 2407 2034 2453 est

463 2477 712 2545 spiritus.
737 2497 756 2531 ι
791 2477 979 2550 Itaque
1009 2483 1100 2550 qui
1151 2481 1392 2536 adhaeret
1447 2485 1741 2552 meretrici,
1779 2487 2033 2545 meretri«

466 2582 582 2622 cem
598 2580 888 2640 agnoscat;
914 2572 1005 2641 qui
1033 2574 1272 2630 adhaeret
1293 2575 1534 2647 conjugi,
1563 2577 1843 2649 coniugem
1869 2593 2034 2649 agno-

466 2669 605 2727 scat,
637 2662 766 2730 imo,
798 2665 982 2734 potius
1016 2681 1178 2736 quam
1212 2668 1339 2735 hoc,
1373 2669 1462 2739 qui
1499 2669 1738 2724 adhaeret
1781 2668 2032 2738 Domino,

465 2760 524 2806 et
555 2761 742 2808 sancte
795 2765 1055 2823 agnoscat
1082 2756 1390 2813 Dominum.
1424 2759 1578 2827 Quod
1630 2761 1674 2815 si
1717 2761 1832 2818 hac
1870 2762 1942 2817 ita
1974 2779 2033 2820 se

468 2845 690 2910 habent,
720 2846 975 2902 Pharisaei
1015 2863 1120 2903 non
1155 2859 1351 2906 norant
1381 2865 1559 2921 neque
1609 2851 1823 2908 Patrem
1861 2870 2037 2924 neque

466 2933 664 2990 Filium
685 2977 701 3005 ,
741 2952 1007 3008 verusque
1035 2950 1117 2996 est
1145 2954 1324 2997 sermo
1363 2941 1549 2998 dicens
1575 2940 1657 2997 ⁸⁸ε
1691 2962 1710 2995 ι
1733 2943 1918 3014 Neque
1951 2961 2038 3002 me

466 3028 642 3095 scitis,
679 3045 852 3101 neque
883 3033 1097 3089 Patrem
1139 3049 1338 3090 meum.
1381 3054 1402 3089 ι
1448 3036 1506 3091 Si
1533 3050 1662 3090 vero
1724 3037 1830 3092 isto
1877 3038 2038 3093 modo

469 3136 576 3176 non
610 3135 966 3192 exponamus,
991 3123 1114 3180 dico
1139 3133 1318 3180 autem
1347 3127 1647 3181 secundum
1677 3126 1925 3181 ultimam
1957 3125 2041 3180 iu-

471 3212 848 3284 tclligentiam,
892 3217 1119 3271 verbum
1167 3234 1483 3289 agnoscere;
1530 3232 1628 3288 pro
1663 3232 1728 3272 eo
1760 3217 1906 3288 quod
1953 3227 2041 3274 est

468 3306 813 3361 commisceri
846 3315 900 3362 et
926 3308 1091 3376 uniri,
1128 3319 1365 3379 exponat
1393 3311 1590 3380 aliquis
1617 3309 1744 3364 illud
1779 3327 1793 3364 :
1833 3326 1855 3361 «
1887 3308 2041 3366 Nunc

472 3405 650 3450 autem
686 3403 1045 3467 agnoscentes
1100 3399 1290 3467 Deum,
1332 3401 1503 3471 magis
1555 3409 1738 3456 autem
1792 3401 1961 3470 agniti
2011 3417 2042 3456 a

471 3484 585 3539 Deo
608 3486 686 3548 ";
723 3503 744 3538 ι
784 3495 840 3540 et
871 3486 1003 3542 illud
1032 3505 1047 3542 :
1097 3504 1118 3540 «
1138 3489 1370 3557 Agnovit
1401 3487 1663 3543 Dominus
1686 3502 1782 3543 eos
1806 3487 1894 3558 qui
1918 3496 2043 3542 sunt

474 3565 683 3649 ejus'“.
708 3598 728 3633 ι
767 3578 978 3636 Judicio
1016 3581 1160 3636 enim
1206 3594 1349 3644 meo,
1383 3581 1605 3653 agnovit
1648 3580 1908 3636 Dominus
1949 3593 2042 3635 eos

475 3668 569 3738 qui
595 3677 723 3726 sunt
753 3668 891 3740 eju‘s,
928 3675 1244 3729 commistus
1269 3674 1396 3740 illis,
1433 3683 1486 3729 et
1516 3688 1670 3730 suam
1705 3673 1876 3744 ipsius
1902 3672 2043 3728 divi.

476 3763 707 3820 nitatem
761 3764 869 3820 illis
917 3767 1288 3838 participans,
1329 3781 1720 3838 assumensque
1769 3766 1938 3835 ipsos,
1986 3772 2044 3819 ut

476 3855 979 3926 evangelicalectio
1006 3857 1192 3925 habet,
1217 3859 1268 3914 in
1285 3874 1382 3916 sua
1410 3859 1582 3930 ipsius
1605 3873 1766 3913 manu
1797 3875 1812 3914 :
1843 3859 2046 3928 quippe

476 3961 600 4002 cum
627 3948 680 4003 in
717 3948 968 4006 manibus
994 3950 1107 4005 sint
1128 3949 1433 4022 Patris,qui
1453 3949 1802 4006 crediderunt
1829 3949 1883 4002 in
1912 3947 2043 4003 Ser-

471 4044 718 4093 vatorem
749 4055 762 4092 :
813 4039 1168 4109 quamobrem
1199 4040 1367 4094 etiam
1405 4055 1512 4095 non
1547 4039 1849 4108 rapientur,
1877 4037 1935 4090 ni
1976 4036 2044 4092 ab

476 4126 595 4195 ipsa
622 4127 821 4182 cadant
851 4128 1169 4198 clongantes
1193 4143 1252 4186 se
1273 4144 1306 4184 τι
1333 4145 1494 4184 manu
1541 4130 1668 4196 Dei;
1697 4128 1877 4183 nullus
1897 4128 2045 4182 enim

475 4231 572 4272 cas
604 4217 745 4286 rapit
781 4220 848 4274 de
877 4234 1042 4274 manu
1072 4219 1252 4274 Patris
1275 4220 1342 4277 “.
1379 4221 1508 4277 Post
1549 4221 1664 4276 hac
1717 4219 1958 4289 iuquires
1991 4219 2044 4273 in

477 4307 612 4364 illud
664 4310 906 4376 dictum,
960 4311 1183 4382 «Neque
1237 4328 1324 4369 me
1366 4313 1562 4378 nostis,
1597 4326 1771 4382 neque
1825 4311 2046 4367 Patrem

476 4413 663 4454 meum
688 4400 752 4464 ⁸⁸,
785 4419 804 4452 ι
844 4416 973 4456 num
1016 4403 1088 4458 sit
1127 4403 1322 4474 aliquis
1347 4404 1439 4474 qui
1485 4410 1747 4472 agnoscat
1790 4401 1959 4457 Deum
1991 4411 2048 4458 et

481 4487 700 4544 Patrem
729 4506 836 4546 non
871 4504 1182 4563 cognoscat.
1215 4493 1352 4548 Nam
1375 4493 1421 4549 si
1459 4492 1562 4548 alia
1588 4491 1734 4547 illius
1763 4490 1912 4546 notio
1941 4502 2044 4555 est,

2135 2040 2227 2087 νος
2275 2022 2354 2094 τῷ
2392 2023 2583 2093 Κυρίῳ
2623 2021 2679 2075 ἒν
2715 2021 2932 2092 πνεῦμά
2978 2025 3142 2075 ἐστιν.
3183 2040 3202 2073 ι
3253 2021 3585 2091 Ἐγνωκέτω
3630 2021 3727 2091 μὲν

2133 2111 2227 2170 οὖν
2246 2117 2274 2169 ό
2297 2115 2633 2187 κολλώμενος
2664 2117 2732 2187 τῇ
2761 2115 2935 2186 πόρνῃ
2962 2113 3060 2185 τὴν
3088 2115 3316 2186 πόρνην,
3345 2115 3444 2168 καὶ
3469 2117 3500 2168 ὸ
3530 2113 3730 2168 κολλώ-

2137 2225 2298 2279 μενος
2328 2211 2393 2280 τῇ
2420 2207 2639 2277 γυναικὶ
2669 2206 2768 2278 τὴν
2794 2209 3046 2275 γυναῖκα,
3078 2205 3274 2277 μᾶλλον
3307 2206 3364 2259 δὲ
3393 2205 3602 2259 τούτου
3634 2207 3727 2258 καὶ

2135 2303 2305 2371 ἁγίως
2333 2300 2618 2370 ὲγνωκέτω
2639 2301 2668 2353 ό
2690 2297 3025 2369 κολλώμενος
3047 2297 3122 2367 τῷ
3153 2296 3342 2368 Κυρίῳ
3371 2297 3470 2349 τὸν
3493 2296 3727 2366 Κύριον.

2135 2393 2197 2447 El
2239 2392 2296 2446 δὲ
2342 2391 2485 2446 τοῦθ’
2517 2391 2687 2454 οὕτως
2719 2389 2864 2460 ἔχει,
2908 2391 3187 2460 Φαρισαῖοι
3230 2388 3320 2441 τὸν
3362 2388 3600 2459 Πατέρα
3633 2387 3731 2440 οὐκ

2134 2485 2350 2557 ᾔδεσαν,
2373 2483 2492 2537 οὐδὲ
2518 2483 2609 2537 τὸν
2639 2481 2786 2546 Υίὸν,
2805 2482 2900 2535 καὶ
2917 2480 3120 2552 ἀληθὴς
3141 2475 3211 2553 ἦν
3232 2481 3261 2532 ὁ
3305 2479 3490 2546 λέγων
3514 2495 3529 2508 ο
3559 2475 3729 2531 «οὔτε

2137 2578 2236 2648 ἐμὲ
2267 2577 2443 2630 οἴδατε
2463 2614 2477 2639 ,
2509 2573 2630 2628 οὔτε
2657 2574 2749 2628 τὸν
2780 2572 2998 2643 Πατέρα
3027 2589 3149 2643 μου.
3193 2590 3212 2624 ι
3243 2572 3306 2625 El
3344 2571 3402 2623 δὲ
3438 2572 3520 2641 μὴ
3553 2569 3732 2633 οὕτως

2137 2669 2593 2740 ὲκλαμϐἀνοιμεν,
2611 2667 2752 2734 λέγω
2770 2665 2825 2718 δὲ
2851 2664 2992 2718 κατὰ
3011 2663 3108 2735 τὴν
3131 2662 3450 2716 τελευταίαν
3469 2662 3732 2732 ἐκδοχὴν,

2135 2761 2198 2814 τὸ
2220 2759 2557 2831 γινώσκειν,
2599 2757 2719 2811 ἀντὶ
2748 2755 2864 2821 τοῦ,
2898 2754 3303 2827 ἀνακεκρᾶσθαι
3328 2754 3424 2806 καὶ
3459 2753 3733 2824 ἡνῶσθαι,

2137 2852 2428 2924 διηγείσθω
2457 2868 2542 2914 τις
2578 2849 2639 2902 τὸ
2661 2887 2676 2912 ,
2706 2867 2724 2900 ι
2763 2847 2874 2901 Νῦν
2898 2847 2956 2901 δὲ
2987 2846 3207 2916 γνόντες
3236 2846 3402 2910 Θεὸν,
3443 2845 3660 2915 μᾶλλον
3680 2844 3735 2898 δι

2137 2943 2468 3013 γνωσθέντες
2495 2940 2599 2994 ὑπὸ
2625 2939 2716 2993 τοῦ
2742 2938 2908 3004 Θεοῦ,
2944 2957 2964 2990 ι
2999 2938 3095 2991 καὶ
3127 2937 3188 2990 τό
3205 2953 3219 2968 ο
3253 2955 3274 2988 ι
3299 2934 3499 3005 Ἔγνω
3527 2935 3735 3006 Κύριος

2137 3037 2265 3099 τοὺς
2311 3035 2469 3098 ὄντας
2518 3031 2684 3087 αὐτοῦ
2709 3048 2722 3062 ·
2766 3050 2785 3082 ι
2818 3029 2962 3084 κατὰ
3005 3028 3113 3100 γὰρ
3152 3029 3300 3100 ἡμᾶς
3333 3026 3486 3096 ἔγνω
3528 3027 3739 3097 Κύριος

2109 3130 2264 3192 ’τοὺς
2287 3127 2447 3190 ὄντας
2481 3124 2643 3178 αὐτοῦ
2671 3122 3000 3194 ἁνακραθεὶς
3039 3123 3250 3186 αὐτοῖς,
3285 3121 3380 3175 καὶ
3427 3121 3739 3191 μεταδεδω-

2067 3267 2114 3331 C

2141 3220 2251 3285 κὼς
2277 3221 2459 3283 αὐτοῖς
2485 3218 2586 3288 τῆς
2621 3215 2810 3271 ἑαυτοῦ
2841 3215 3134 3286 θειότητος,
3169 3215 3263 3268 καὶ
3295 3213 3620 3284 ἀνειληφὼς
3645 3214 3739 3267 αὖ·

2141 3315 2288 3375 τοὺς,
2312 3312 2388 3374 ὼς
2412 3313 2446 3380 ἡ
2479 3308 2574 3364 τοῦ
2603 3307 2934 3377 Εὐαγγελίου
2967 3306 3112 3371 λέξις
3140 3308 3321 3378 φησὶν,
3355 3308 3440 3368 εις
3471 3306 3583 3375 τὴν
3617 3308 3737 3358 ἐαυ-

2142 3401 2236 3456 τοῦ
2262 3404 2440 3472 χεῖρα,
2470 3401 2528 3452 ὲν
2556 3401 2622 3470 τῇ
2655 3398 2797 3470 χειρὶ
2821 3397 2915 3451 τοῦ
2940 3396 3150 3468 Πατρὸς
3183 3395 3351 3449 όντων
3379 3395 3498 3448 τῶν
3533 3396 3620 3458 είς
3651 3395 3740 3445 τὸν

2143 3493 2369 3564 Σωτῆρα
2413 3491 2888 3544 πεπιστευκότωνο
2928 3487 3009 3541 διὸ
3053 3487 3149 3541 καὶ
3188 3488 3237 3540 εί
3273 3485 3348 3557 μὴ
3378 3486 3616 3539 πέσοιεν
3647 3487 3740 3537 ἀπ’

2142 3583 2334 3654 αὐτῆς,
2359 3582 2586 3645 ἑαυτοὺς
2609 3579 2972 3652 μακρύνοντες
2997 3578 3107 3631 ἀπὸ
3127 3578 3226 3650 τῆς
3247 3577 3426 3649 χειρὸς
3451 3576 3554 3630 τοῦ
3579 3576 3740 3640 Θεοῦ,

2141 3674 2240 3744 οὐχ
2263 3673 2672 3746 ἁρπαγήσονται
2693 3689 2706 3702 ο
2741 3671 2914 3734 οὐδεὶς
2939 3669 3050 3741 γὰρ
3069 3667 3301 3740 ἁρπάζει
3322 3671 3386 3722 ὲκ
3411 3669 3523 3738 τῆς
3554 3667 3742 3737 χειρὸς

2141 3765 2235 3820 τοῦ
2264 3764 2494 3834 Πατρός.
2518 3762 2674 3819 Μετὰ
2695 3761 2867 3816 ταῦτα
2880 3759 3134 3833 ζητήσεις
3149 3763 3228 3824 εἰς
3241 3761 3301 3813 τὸ
3316 3759 3476 3822 αὐτὸ,
3496 3759 3741 3828 λέγωδὲ,

2149 3855 2313 3910 «Οὔτε
2331 3857 2356 3908 έ
2364 3855 2430 3926 μὲ
2443 3854 2639 3918 οἴδατε,
2653 3853 2771 3906 οὐδὲ
2786 3854 2849 3924 (f.
2865 3850 3011 3922 οὔτε)
3029 3851 3118 3904 τὸν
3132 3851 3347 3921 Πατέρα
3371 3866 3505 3920 μου,
3521 3869 3539 3899 ι
3555 3851 3610 3902 ει
3627 3848 3744 3902 ἐστι

2145 3946 2481 4018 γινώσκοντά
2507 3963 2630 4000 τινα
2655 3945 2747 4000 τὸν
2772 3945 2906 3998 Θεὸν
2940 3944 3013 4015 μὴ
3044 3941 3334 4011 γινώσκειν
3356 3941 3452 3993 τὸν
3473 3942 3712 4011 Πατέρα
3727 3955 3742 3969 ο

2146 4041 2197 4094 εί
2227 4039 2336 4110 γὰρ
2367 4039 2531 4110 ἑτέρα
2563 4036 2726 4092 αὐτοῦ
2754 4036 2966 4090 ἐπίνοιά
2989 4038 3129 4100 ἐστι,
3159 4035 3280 4088 καθ’
3311 4033 3340 4086 ὃ
3367 4035 3491 4086 ἐστι
3519 4033 3744 4102 Πατὴρ,

2106 4173 2109 4175 ,
2147 4125 2240 4179 καὶ
2280 4124 2441 4196 ἑτέρα
2484 4125 2605 4177 καθ’
2633 4125 2662 4178 ὃ
2693 4126 2838 4177 ἐστιν
2865 4126 2893 4178 ὁ
2921 4123 3076 4187 Θεὸς,
3101 4123 3240 4193 τάχα
3268 4120 3384 4174 ἐστι
3409 4121 3540 4174 τινὰ
3569 4120 3745 4189 γινώ-

2150 4234 2302 4272 σκειν
2345 4217 2445 4288 μὲν
2491 4218 2581 4272 τὸν
2620 4217 2787 4283 Θεὸν,
2839 4216 2915 4287 μὴ
2957 4214 3246 4285 γινώσκειν
3275 4214 3331 4269 δὲ
3359 4214 3456 4268 τὸν
3484 4215 3744 4285 Πατέρα,

2149 4310 2300 4383 παρὰ
2335 4309 2396 4364 τὸ
2422 4305 2562 4363 εἷναι
2587 4310 2749 4364 αὐτὸν
2785 4311 2947 4375 Θεὸν,
2981 4309 3056 4381 μὴ
3085 4306 3373 4376 γινώσκειν
3402 4305 3463 4358 δὲ
3491 4306 3593 4359 τὸν
3631 4307 3747 4360 Πα-

2148 4403 2302 4475 τέρα.
2345 4403 2515 4474 Φησὶν
2553 4396 2646 4457 οὖν
2694 4404 2723 4456 ό
2771 4401 2962 4473 Σωτὴρ
3011 4400 3147 4472 μετὰ
3191 4398 3288 4469 τὴν
3318 4396 3632 4450 ἀνάστασιν
3679 4399 3747 4466 τῇ

2149 4493 2369 4566 Μαρίᾳ·
2405 4509 2424 4544 ι
2458 4493 2697 4565 Πορεύου
2740 4492 2796 4546 δὲ
2831 4492 2966 4564 πρὸς
2995 4492 3122 4554 τοὺς
3158 4487 3415 4558 ἀδελφούς
3449 4505 3558 4559 μου
3587 4529 3606 4554 ,
3652 4490 3751 4541 καὶ

480 4580 540 4637 in
571 4591 831 4651 quantum
861 4583 1043 4652 Pater,
1077 4586 1180 4640 alia
1215 4587 1267 4642 in
1297 4595 1560 4656 quantum
1594 4586 1768 4652 Deus,
1797 4584 2038 4640 fortassis

2170 4585 2272 4640 εἰπὲ
2308 4584 2523 4648 αὐτοῖς’
2561 4583 2874 4655 Πορεύομαι
2921 4583 3058 4655 πρὸς
3085 4581 3176 4636 τὸν
3214 4579 3436 4650 Πατέρα
3471 4596 3622 4650 μου,
3654 4582 3751 4632 καὶ

483 4672 686 4744 aliquis
727 4686 1022 4746 cognoscat
1041 4677 1451 4747 Deum,'nullam
1478 4677 1656 4732 Patris
1681 4676 2038 4748 cognitionem

2170 4677 2378 4748 Πατέρα
2401 4674 2576 4749 ὑμῶν,
2602 4677 2697 4731 καὶ
2734 4676 2865 4730 Θεόν
2894 4693 3030 4748 μου,
3060 4675 3153 4728 καὶ
3190 4673 3324 4727 θεὸν
3356 4671 3534 4742 ὑμῶν.
3578 4690 3601 4723 ι
3634 4671 3751 4726 Καὶ

481 4761 716 4831 labens,
741 4765 844 4821 nisi
870 4765 1008 4836 quia.
1027 4769 1101 4822 sit
1123 4766 1237 4836 ipse
1267 4766 1435 4821 Deus.
1457 4764 1636 4836 lnquit
1665 4765 1829 4837 igitur
1848 4764 2051 4821 Serva-

483 4865 598 4923 tor,
626 4867 754 4928 post
779 4857 1268 4922 resurrectionem,
1295 4856 1480 4913 Maria:
1505 4875 1521 4912 :
1559 4875 1580 4910 «
1611 4856 1756 4914 Vade
1775 4867 1958 4912 autem
1981 4856 2051 4912 ad

484 4945 684 5005 fratres
709 4962 882 5018 meos,
917 4959 973 5007 et
1019 4949 1110 5006 dic
1141 4948 1289 5005 illis:
1316 4948 1470 5006 Vado
1497 4949 1564 5005 ad
1593 4949 1812 5006 Patrem
1843 4964 2046 5016 meum,

591 5087 640 5122 ⁸³
661 5087 681 5142 ι
703 5087 858 5145 Joan.
890 5105 951 5156 tt,
977 5087 1070 5146 23.
1163 5089 1212 5122 “
1245 5088 1380 5145 Gen.
1413 5104 1473 5156 tt,
1493 5087 1584 5142 23.

1692 5089 1738 5121 "
1767 5087 1904 5145 Gen.
1945 5105 2021 5157 tv,
2051 5089 2104 5144 ι,

2157 4770 2274 4824 ἔστι
2305 4787 2369 4838 γε
2395 4771 2508 4833 τοῖς
2549 4767 2876 4840 έτεροδόξοις
2905 4766 2980 4839 (4)
3013 4766 3190 4837 λέγειν
3221 4762 3610 4836 χαριζομένων
3654 4763 3755 4816 αὺ-

2154 4865 2268 4927 τοῖς
2291 4901 2306 4929 ,
2338 4864 2420 4918 ὅτι
2454 4862 2556 4916 οὐκ
2588 4861 2832 4931 ἔγνωσαν
2862 4861 2955 4914 τὸν
3000 4859 3221 4931 Πατέρα
3257 4856 3500 4927 Μωῦσῆς
3542 4854 3656 4908 καὶ
3696 4855 3750 4906 οἱ

2155 4956 2454 5030 προφῆται·
2479 4956 2618 5026 ὅπερ
2647 4955 2787 5025 τάχα
2818 4954 2921 5008 οὐκ
2947 4951 3093 5006 ἐστιν
3127 4949 3322 5020 ἀληθὲς
3346 4947 3446 5019 (5),
3479 4947 3569 5000 ὅτι
3606 4945 3756 5000 πάν-

2204 5092 2252 5160 ‘f
2288 5089 2487 5160 Ephes.
2510 5087 2694 5160 ηδε.
2799 5087 2846 5120 ⁸⁷
2887 5054 3062 5160 lgor.
3091 5101 3168 5152 vr,
3202 5082 3404 5150 16,17.
3499 5078 3547 5112 ³⁸
3574 5075 3747 5136 Joan.

481 5170 599 5226 ut,
624 5158 710 5214 l9.
783 5155 1032 5216 l"'(ialat.
1067 5173 1141 5227 tv,
1178 5159 1230 5217 9.
1305 5158 1352 5191 ⁸⁸
1371 5158 1415 5214 ιι
1442 5157 1580 5215 Titu.
1605 5173 1662 5225 ιι,
1709 5158 1792 5216 l9.
1868 5159 1911 5192 “
1943 5155 2038 5216 Joa

2170 5201 2187 5230 ,
2218 5159 2311 5227 28,
2334 5155 2427 5216 99.
2501 5159 2546 5192 "
2575 5156 2731 5213 Joau.
2764 5173 2877 5221 vnt,
2905 5155 2992 5210 19.

558 5304 636 5379 (ἓ)
677 5303 1006 5379 Ἀνθρώπου
1034 5303 1134 5379 καί
1160 5305 1402 5374 Κυρίου.
1425 5302 1502 5360 Ita
1522 5302 1690 5362 codex
1721 5303 2062 5362 Bodleianus.

485 5374 547 5430 In
548 5374 582 5448 έ
587 5374 758 5448 [legio
785 5379 934 5448 deest
963 5375 1079 5448 ml.

587 5445 643 5515 3)
669 5445 846 5515 Φησι,
877 5443 1347 5515 Deest;in_codice
1385 5444 1578 5515 Regio.

582 5512 637 5584 4)
665 5515 774 5570 Kal
805 5514 938 5569 ἐστι
970 5529 1037 5583 τε
1055 5512 1596 5584 ίτοῖςνὲτεροδόξοις.
1625 5513 1976 5579 Cerdoniani,
2005 5520 2061 5584 et

489 5582 860 5659 Marcionita,
882 5582 1019 5659 quos
1058 5584 1163 5659 hic_
1194 5582 1430 5653 lacessit,
1482 5582 2064 5659 Δημιουργόν-(ιοειιί-

491 5666 632 5722 tum,
659 5655 861 5711 Christi
893 5653 1110 5708 Patrem
1135 5653 1392 5725 ignotum
1413 5653 1802 5725 cpinabauiur.
1827 5653 2056 5722 Epipha~

492 5728 620 5782 nius
651 5726 788 5781 hasr.
820 5740 933 5788 xu,
964 5736 1086 5792 cap.
1107 5723 1180 5793 Vl.
1210 5732 1266 5776 et
1293 5739 1426 5791 χιιι,
1454 5723 1580 5793 ὀιψ.
1611 5723 1666 5779 2.
1695 5724 1812 5780 Mox
1847 5737 1946 5793 pro
1967 5736 2066 5792 χα-

495 5791 1045 5868 ριζομένωνκαῠτοζς,
1099 5792 1391 5868 legendum
1445 5791 1660 5868 videtur
1717 5791 2064 5867 χαριζόμενοι

494 5861 699 5935 αὐτοῖς,
734 5866 820 5926 vel
850 5861 1221 5938 χαριζομένων
1254 5861 1410 5934 ἡμῶν
1443 5863 1640 5928 αὐτοῖς.

2239 5301 2316 5373 (5)
2352 5300 2529 5368 Ὅπερ
2573 5295 2868 5373 τάχα-οὑκ
2892 5293 3065 5373 ἐστιν
3085 5292 3331 5373 ἀβηᾷές,
3368 5289 3619 5373 etc._Sic
3653 5292 3755 5373 ματ

2169 5361 2516 5427 ιιοῖιιόιιιιιεὲ
2545 5361 2683 5422 ms."
2707 5364 2950 5434 Negandi
3003 5361 3322 5432 particulam
3375 5361 3750 5434 pratertnisit

2166 5439 2476 5503 Ferrarius,
2503 5447 2559 5492 et
2593 5450 2714 5506 quae
2763 5428 3345 5506 proxitne‘sequuutur
3393 5429 3554 5482 aliter
3586 5428 3749 5500 legit.

2164 5500 2673 5566 Periouius'aute'm
2719 5500 2958 5574 priorem
2987 5501 3136 5574 illam
3185 5500 3466 5574 pericopes
3523 5509 3751 5574 partem

2165 5579 2423 5648 neglexit.
2455 5579 2529 5631 Τὸ
2555 5581 2667 5632 οὐκ
2697 5568 3041 5636 retinuimus,
3061 5572 3130 5648 ita
3154 5568 3369 5648 volente
3385 5583 3581 5648 sensu.
3603 5568 3752 5648 μυί

2164 5639 2346 5704 autem
2395 5650 2565 5703 totius
2611 5648 2724 5700 haec
2756 5652 2838 5698 est
2889 5641 3164 5696 sententia
3214 5639 3340 5694 :Ac
3385 5639 3753 5693 heterodoxis

2172 5721 2404 5789 quidem
2425 5717 2795 5789 gratificantes
2833 5710 3136 5766 concedere
3177 5723 3464 5789 possumus
3487 5706 3753 5789 ⁸Ιέοδιςκειι

2173 5777 2228 5843 ἑι
2259 5777 2549 5858 prophetas
2586 5785 2797 5839 Patrem
2840 5797 2947 5836 non
2983 5779 3303 5858 cognovisse
3336 5777 3500 5847 (quod
3550 5787 3751 5832 tamen

2175 5849 2406 5915 loriass'c
2428 5870 2616 5914 verum
2653 5868 2761 5910 non
2786 5862 2905 5915 est;
2941 5865 3064 5906 nam
3109 5850 3154 5906 si
3181 5849 3399 5905 Patrem
3433 5862 3540 5903 non
3566 5861 3755 5922 agno-
