3806 6532
161 427 256 484 853

1196 425 1552 484 COMMENT.
1586 426 1654 482 ΙΝ
1687 424 1877 482 ιοΑΝ.
1908 423 2147 482 TOMUS
2185 424 2330 480 XIX.

3281 430 3386 487 5ῦῶ

159 565 254 611 τως
277 549 306 601 6
336 546 408 619 μὴ
439 547 691 616 ἐγνωκὼς
723 547 813 602 τὸν
840 547 1059 620 Πατέρα
1100 547 1200 602 οὒκ
1242 548 1382 618 ἔγνω
1413 549 1502 603 τὸν
1551 549 1710 602 Υίόνε

1824 559 1880 603 et
1926 548 2136 605 Patrem
2181 555 2441 613 vestrum,
2472 554 2527 601 et
2568 546 2736 601 Deum
2770 560 2979 611 meum,
3007 554 3067 602 et
3093 547 3261 603 Deum
3294 564 3390 606 ve-

154 641 181 693 6
209 639 301 710 μὲν
329 639 437 710 γάρ
469 639 595 703 Υίὸς
629 640 768 709 ἔγνω
793 639 887 693 τὸν
926 639 1166 711 Πατέρα,
1191 642 1221 694 6
1257 641 1313 694 δὲ
1346 640 1598 711 θεράπων
1625 639 1717 693 τὸν

155 729 342 801 Κύριον
365 749 379 762 ·
408 731 506 785 καὶ⁵
530 730 716 802 ὥσπερ
735 731 834 784 οὐκ
859 731 925 784 ἂν
955 731 1326 805 άσεὸήσαιμεν
1344 733 1614 803 λέγοντες,
1632 734 1714 787 ὅτι

152 824 180 877 6
201 823 317 885 Υίὸς
344 822 446 876 ούκ
478 823 618 891 ἔγνω
645 823 737 878 τὸν
761 823 965 894 Κύριον
985 841 1000 855 ο
1031 825 1161 890 Υἱὸς
1201 826 1309 898 γὰρ
1330 825 1406 879 ὢν
1427 828 1488 880 οὐ
1521 825 1704 880 πεπεί·

155 929 300 983 ραται
322 912 418 966 τοῦ
450 913 663 984 Πατρὸς
682 913 940 968 δεσπότου
960 932 976 948 ·
1009 915 1152 969 οῦτω
1185 915 1477 988 τηροῦντες
1508 917 1596 970 τὸν
1618 916 1716 969 αύ-

149 1004 233 1056 τὸν
251 1003 402 1068 Θεὸν,
449 1004 600 1057 οῦδὲν
644 1005 844 1058 ἄτοπον
892 1005 1305 1078 παραδεξόμεθα
1337 1007 1412 1078 (6)
1446 1007 1714 1080 λέγοντες,

148 1096 224 1149 ὅτι
257 1094 332 1166 τῷ
364 1096 465 1166 μὲν
495 1096 608 1167 Υίῷ
655 1096 859 1167 ἔπρεπε
889 1097 1176 1166 γινώσκειν
1226 1100 1317 1153 τὸν
1351 1100 1567 1171 Πατέρα
1591 1139 1606 1164 ,
1639 1099 1717 1170 τῷ

148 1185 200 1240 δὲ
224 1185 509 1256 θεράποντι
533 1187 624 1239 τὸν
668 1185 891 1254 Κύριον,
927 1189 1022 1242 καὶ
1047 1188 1170 1242 οὕτε
1197 1191 1226 1242 6
1274 1190 1526 1262 Θεράπων
1576 1190 1718 1260 έγνω

151 1280 231 1330 τὸν
270 1278 527 1349 Πατέρα,
556 1277 678 1331 οὔτε
711 1278 740 1331 6
781 1279 908 1343 Υἱὸς
939 1279 1029 1333 τὸν
1062 1279 1282 1352 Κύριον.
1325 1281 1549 1354 Μυρίων
1585 1281 1716 1351 γοῦν

147 1371 308 1424 οὐσῶν
333 1372 511 1442 εὐχῶν
540 1371 1041 1444 ἀναγεγραμμένων
1070 1375 1128 1426 ὲν
1169 1376 1284 1437 τοῖς
1317 1373 1590 1444 Ψαλμοῖς,
1623 1375 1717 1428 καὶ

147 1471 248 1527 τοῖς
271 1466 598 1536 προφήταις,
633 1467 766 1520 ἀλλά
795 1468 888 1521 καὶ
913 1467 991 1538 τῷ
1011 1466 1180 1536 νόμῳ,
1215 1467 1277 1520 ού
1315 1466 1455 1519 πάνυ
1483 1484 1537 1519 τι
1561 1466 1716 1538 εὖρο-

153 1574 241 1628 μεν
261 1556 555 1628 εὐξάμενόν
580 1559 659 1630 (7)
680 1577 823 1627 τινα,
847 1562 941 1614 καὶ
963 1560 1189 1628 λέγοντα
1208 1559 1299 1612 τὸν
1321 1559 1453 1613 Θεὸν
1470 1558 1711 1632 Πατέρα·

150 1649 360 1722 καὶγὰρ
405 1651 688 1722 εὐχόμενοι
724 1651 804 1723 τῷ
832 1652 952 1721 Θεῷ
991 1654 1052 1707 ού
1088 1653 1302 1722 λέγουσι
1323 1693 1338 1719 ,
1380 1651 1571 1721 Πάτερ
1596 1653 1671 1724 (8)
1696 1670 1711 1683 ·

148 1743 274 1812 τάχα
303 1743 426 1797 ἐπεὶ
463 1743 562 1796 ούκ
583 1743 827 1812 ἔγνωσαν
856 1744 948 1797 τὸν
971 1743 1220 1814 Πατέρα·
1253 1743 1502 1815 εὔχονται
1527 1743 1586 1796 δὲ
1618 1743 1716 1796 αύ-

147 1835 216 1904 τῷ
236 1834 307 1896 ὡς
328 1834 454 1905 Θεῷ
478 1836 570 1889 καὶ
598 1836 811 1907 Κυρίῳ,
847 1836 1240 1907 περιμένοντες
1274 1836 1364 1889 τὸν
1393 1837 1453 1888 τὸ
1497 1835 1714 1904 πνεῦμα

1819 650 1992 695 slrum
2022 642 2088 695 ⁸³.
2113 659 2133 694 ι
2165 641 2242 695 Ac
2268 639 2516 709 profecto
2537 639 3031 710 gratilicando-illis
3063 642 3152 710 qui
3184 645 3252 698 ab
3285 644 3390 699 Ec-

1819 735 1996 790 clesiae
2027 734 2260 788 decretis
2291 733 2576 794 dissident,
2631 733 2814 788 dicere
2847 747 3134 802 possumus
3169 733 3390 804 Moysen

1817 834 1865 880 et
1913 823 2204 894 praphetas
2253 823 2462 878 Patrem
2517 839 2624 879 non
2679 824 3014 894 agnovisse:
3049 824 3216 896 286
3247 826 3390 895 quod

1817 915 2050 970 fortasse
2074 929 2263 970 verum
2295 929 2404 969 non
2437 925 2544 979 est,
2564 925 2845 985 propterea
2879 917 3022 986 quod
3045 920 3270 972 omnino
3298 918 3391 987 qui

1816 1005 2033 1061 Patrem
2067 1022 2171 1062 non
2207 1009 2379 1072 novit,
2402 1023 2573 1078 neque
2607 1007 2803 1062 Filium
2830 1006 3014 1074 novit;
3042 1007 3210 1063 Filius
3239 1009 3391 1063 enim

1820 1099 1968 1154 novit
1993 1098 2231 1165 Patrem,
2260 1114 2450 1154 servus
2481 1110 2659 1154 autem
2694 1100 2978 1154 Dominum
3000 1117 3016 1156 :
3041 1110 3095 1156 et
3117 1103 3387 1170 quemad-

1779 1213 1784 1218 ι
1818 1195 2034 1249 modum
2067 1196 2230 1265 impie
2271 1210 2374 1250 non
2417 1197 2725 1251 diceremus
2744 1196 2940 1251 Filium
2969 1213 3073 1253 non
3102 1198 3391 1270 agnovisse

1819 1285 2126 1353 Dominum,
2166 1288 2291 1356 quia
2327 1286 2498 1342 Filius
2547 1303 2668 1342 cum
2706 1288 2800 1354 sit,
2837 1304 2945 1344 non
2978 1291 3260 1358 experitur
3287 1289 3389 1344 Pa-

1819 1382 1952 1428 trem
1982 1375 2297 1441 dominum;
2337 1377 2409 1430 ita
2437 1385 2720 1431 servantes
2744 1380 2995 1432 eumdem
3031 1381 3220 1444 Deum,
3252 1380 3389 1435 nihil

1817 1465 2036 1520 absurdi
2068 1465 2418 1522 admittemns
2446 1468 2692 1525 dicentes
2724 1471 2917 1525 decere
2938 1482 2994 1524 ut
3024 1470 3192 1525 Filius
3223 1487 3391 1542 agno-

1815 1566 1932 1612 scat
1973 1557 2211 1624 Patrem,
2243 1573 2432 1614 servus
2494 1561 2783 1614 Dominum
2820 1579 2832 1614 :
2873 1572 2928 1615 et
2985 1576 3158 1632 neque
3195 1576 3389 1618 servus

1815 1660 2070 1717 agnoscat
2111 1651 2350 1716 Patrem,
2391 1667 2566 1721 neque
2594 1651 2762 1707 Filius
2791 1653 3099 1710 Dominum.
3132 1654 3264 1709 Cum
3304 1656 3388 1709 in-

1816 1755 2060 1796 numeras
2101 1741 2264 1810 igitur
2288 1743 2636 1811 precationes
2669 1744 2722 1798 in
2752 1743 2982 1798 Psalmis
3009 1744 3118 1798 sint
3147 1745 3386 1814 scriptae,

1814 1843 1869 1888 et
1903 1833 2197 1904 prophetis,
2241 1844 2407 1903 atque
2461 1837 2622 1889 etiam
2660 1835 2796 1906 lege,
2836 1851 2942 1892 non
2985 1836 3272 1890 admodum
3305 1837 3390 1891 in-

146 1924 236 1994 τῆς
261 1925 534 1990 υἱοθεσίας
577 1926 837 1997 ἐκχέοντα
869 1927 969 1981 οὐκ
999 1926 1219 1981 ἔλαττον
1267 1927 1354 1980 ἐπ’
1396 1927 1636 1990 ἐκείνους
1677 1925 1710 1997 ἢ

1819 1925 2068 1980 venimus
2090 1923 2324 1995 aliquem
2355 1925 2447 1994 qni
2474 1925 2640 1981 Deum
2659 1927 2892 1996 appellet
2919 1925 3135 1981 Patrem
3161 1942 3177 1993 ;
3209 1927 3386 1998 siqui-

146 2019 228 2070 ἐπὶ
253 2020 377 2082 τοὺς
404 2021 546 2090 μετά
580 2021 680 2092 τὴν
708 2021 1011 2093 παρουσίαν
1044 2021 1124 2083 είς
1154 2019 1286 2074 Θεὸν
1325 2020 1392 2074 δι’
1428 2018 1592 2074 αὐτοῦ
1619 2037 1711 2072 πι-

145 2108 420 2174 στεύοντας
448 2111 523 2181 (9)
550 2128 564 2142 ·
598 2113 648 2165 εί
699 2112 772 2184 μὴ
805 2112 913 2184 ἄρα
943 2114 976 2184 ή
1005 2111 1170 2183 νοητὴ
1213 2111 1398 2175 αὐτοῖς
1420 2112 1711 2183 γεγένηται

147 2203 392 2273 ἐπιδημία
440 2205 708 2275 Χριστοῦ,
735 2207 828 2260 καὶ
872 2205 1030 2276 ἔσχον
1065 2207 1195 2259 ποτὲ
1235 2204 1608 2268 τελειωθέντες
1651 2205 1713 2258 τὸ

144 2293 230 2363 τῆς
253 2294 528 2360 υἱοθεσίας
556 2295 770 2368 πνεῦμα
795 2315 809 2330 °
835 2299 894 2352 ὲν
919 2298 1216 2370 ἀπορρήτῳ
1248 2298 1304 2351 δὲ
1348 2298 1444 2352 καὶ
1476 2299 1536 2351 ού
1567 2315 1709 2368 γνω-

147 2384 271 2448 στῶς
297 2389 466 2440 πᾶσιν
505 2388 690 2457 έλεγον
723 2391 755 2461 ἢ
785 2390 1023 2464 ἔγραφον
1046 2391 1138 2444 τὸν
1166 2391 1299 2445 Θεὸν
1332 2391 1555 2463 Πατέρα
1574 2432 1590 2456 ,
1625 2391 1712 2446 ῖνα

149 2477 212 2546 μὴ
250 2479 708 2547 προκαταλάδωσι
748 2482 848 2554 τήν
899 2482 986 2538 διά
1027 2483 1123 2536 τοῦ
1169 2481 1344 2554 Ἰησοῦ
1389 2482 1713 2554 ἐκκενουμέ-

142 2583 230 2637 νην
255 2568 362 2635 (10)
395 2572 562 2624 παντὶ
598 2571 678 2643 τῷ
717 2573 907 2645 κόσμῳ
950 2575 1139 2646 χάριν,
1177 2575 1384 2637 πάντας
1419 2573 1712 2637 καλοῦντος

145 2657 223 2709 ἐπὶ
250 2658 344 2730 τήν
374 2660 671 2728 υἱοθεσίαν,
702 2663 789 2717 ἵνα
817 2663 1144 2736 διηγήσηται
1173 2664 1234 2717 τὸ
1265 2664 1434 2734 ὄνομα
1457 2662 1551 2718 τοῦ
1575 2663 1708 2717 Θεοῦ

141 2751 241 2810 τοῖς
265 2749 517 2820 ἀδελφοῖς
537 2753 726 2818 αὐτοῦ,
754 2756 848 2810 καὶ
868 2757 926 2808 ὲν
962 2757 1114 2826 μέσῳ
1144 2756 1465 2827 Ἐκκλησίας
1494 2757 1710 2828 ὑμνήσῃ

143 2837 222 2890 τὸν
250 2840 470 2912 Πατέρα
501 2843 643 2897 κατά
667 2844 729 2896 τὸ
761 2846 1144 2917 γεγραμμένον
1163 2862 1176 2876 ·
1219 2862 1239 2897 ι
1279 2847 1621 2917 Διηγήσομαι
1648 2846 1710 2899 τὸ

143 2929 296 3001 ὸνομά
337 2949 435 2986 σου
480 2938 592 2999 τοῖς
638 2935 887 3006 ἀδελφοῖς
931 2953 1053 3008 μου,
1105 2938 1163 2993 ὲν
1199 2936 1350 3009 μέσῳ
1389 2937 1709 3009 Ἐκκλησίας

144 3022 352 3095 ὑμνήσω
382 3044 466 3080 σε.
505 3046 525 3080 ο
566 3027 684 3082 Ὅτι
717 3028 899 3100 μέντοι
939 3046 1003 3098 γε
1037 3031 1067 3084 6
1109 3031 1268 3095 αὑτός
1303 3033 1417 3084 ὲστι
1447 3030 1580 3093 Θεὸς
1601 3029 1710 3082 τῶν

144 3121 428 3188 προφητῶν
447 3158 462 3182 ,
494 3121 594 3174 καὶ
627 3120 724 3175 τοῦ
756 3122 960 3193 κόσμου
984 3123 1316 3194 δημιουργὸς
1340 3163 1354 3188 ,
1385 3121 1709 3193 πολλαχόθεν

1814 2018 1935 2072 dem
1976 2017 2317 2088 precationes
2342 2017 2450 2071 Deo
2477 2015 2766 2074 fundentes
2794 2033 2899 2072 non
2932 2015 3144 2084 dicunt,
3180 2017 3387 2073 Pater:

1813 2107 2084 2174 fortassis,
2133 2109 2388 2178 quoniam
2438 2124 2543 2163 non
2577 2118 2918 2178 agnoverunt
2961 2108 3218 2164 Patrem:
3257 2109 3385 2165 fun-

1813 2202 1948 2257 dunt
1975 2211 2154 2257 autem
2186 2201 2259 2255 illi
2292 2216 2481 2271 preces
2519 2201 2687 2256 veluti
2738 2201 2874 2268 Deo,
2917 2211 2974 2257 et
3005 2202 3258 2266 Domino,
3283 2215 3384 2257 ex-

1812 2303 2118 2366 spectantes
2144 2308 2290 2359 eum,
2321 2293 2410 2363 qui
2459 2292 2648 2349 ell’ndit
2683 2292 2938 2361 spiritum
2965 2293 3273 2364 adoptionis
3314 2298 3382 2352 ll-

1813 2387 2009 2442 liorum
2040 2385 2112 2451 “,
2142 2399 2248 2440 non
2285 2385 2462 2439 minus
2501 2399 2668 2448 super
2723 2383 2844 2439 illos
2877 2397 3040 2455 quam
3073 2400 3236 2456 super
3259 2401 3385 2444 cre-

1812 2479 2005 2534 dentes
2040 2490 2136 2548 per
2173 2492 2296 2531 eum
2352 2476 2406 2530 in
2444 2475 2638 2540 Deum,
2671 2483 2793 2545 post
2838 2476 3009 2546 ipsius
3047 2476 3382 2532 adventum:

1811 2567 1916 2622 nisi
1948 2566 2090 2623 forte
2137 2566 2528 2637 intelligibilem
2557 2569 2848 2622 adventum
2892 2566 3095 2624 Christi
3133 2567 3232 2639 ipsi
3283 2569 3386 2624 ha-

1811 2659 2064 2723 buerunt,
2095 2658 2333 2728 factique
2357 2658 2580 2728 perfecti
2609 2658 2917 2714 habuerunt
2939 2659 3234 2730 aliquando
3255 2661 3388 2716 ado-

1812 2750 2008 2818 ptionis
2056 2750 2304 2819 spiritum
2340 2768 2352 2803 :
2389 2750 2527 2804 clam
2573 2761 2780 2816 autem,
2830 2761 2886 2806 et
2937 2767 3042 2805 non
3098 2755 3386 2810 manifesto

1811 2840 2066 2896 omnibus
2095 2840 2347 2895 dicebant
2377 2840 2462 2896 vel
2490 2839 2804 2894 scribebant
2849 2838 3042 2906 Deum,
3065 2850 3120 2897 et
3143 2842 3382 2910 Patrem,

1809 2949 1880 2990 ne
1929 2943 2374 3005 prmoccupareut
2421 2934 2652 3006 gratiam
2691 2937 2786 2990 toti
2844 2935 3044 2991 mundo
3070 2951 3167 3007 per
3195 2935 3384 2993 Iesum

1809 3027 2056 3093 ellusam,
2086 3027 2181 3098 qui
2218 3041 2411 3084 omnes
2443 3027 2678 3082 vocabat
2736 3026 2802 3082 ad
2857 3026 3092 3082 ﬁliorum
3132 3027 3385 3100 adoptio-

1811 3135 1954 3187 nem,
1992 3130 2048 3176 ut
2078 3129 2366 3176 enarraret
2415 3121 2508 3177 Dei
2550 3136 2751 3177 nomen
2786 3119 3048 3175 fratribus
3089 3124 3232 3186 suis,
3277 3120 3386 3176 Pa-

147 3206 234 3273 μὲν
256 3206 368 3262 ἐστι
397 3209 678 3283 θεωρῆσαι
699 3228 714 3244 ’
749 3212 912 3285 ἀρκεῖ
934 3213 991 3266 δὲ
1026 3213 1122 3266 ἐπὶ
1161 3211 1254 3267 τοῦ
1290 3213 1554 3284 παρόντος
1578 3212 1710 3266 θεω-

1819 3221 2058 3281 lremque
2079 3211 2131 3266 in
2157 3211 2416 3267 Ecclesiae
2444 3213 2621 3268 medio
2640 3213 2906 3274 laudaret,
2924 3213 3220 3267 secundum
3244 3212 3388 3282 quod

145 3299 288 3367 ρῆσαι
316 3303 418 3374 τήν
453 3320 512 3356 τε
551 3304 822 3374 Στεφάνου
860 3307 969 3362 ἀπὸ
1005 3307 1113 3361 τῶν
1148 3306 1408 3378 Πράξεων
1442 3307 1579 3379 πρὸς
1617 3307 1710 3361 τὸν

146 3389 256 3445 λαὸν
292 3394 660 3467 δημηγορίαν,
690 3397 834 3450 οῦτω
870 3398 1148 3468 λέγοντοςο
1185 3417 1205 3450 ‹
1231 3398 1455 3471 Ἀνδρες
1493 3397 1712 3467 ἀδελφοὶ

145 3481 226 3534 καὶ
272 3485 544 3556 πατέρες,
594 3487 892 3542 ἀκούσατε·
951 3490 1011 3543 '0
1063 3490 1193 3554 Θεὸς
1218 3491 1317 3561 τῆς
1357 3488 1514 3560 δόξης
1554 3488 1712 3559 ὤφθη

145 3573 215 3643 τῷ
271 3579 442 3649 πατρὶ
503 3579 659 3651 ήμῶν
719 3580 969 3653 Ἀϐραὰμ
1029 3581 1142 3636 ὄντι
1204 3583 1262 3636 ὲν
1328 3585 1395 3654 τῇ
1464 3584 1714 3636 Μεσοπο-

145 3667 316 3740 ταμίᾳ,
386 3671 522 3742 πρὶν
575 3673 610 3742 ἢ
671 3672 891 3743 οἰκῆσαι
951 3673 1114 3728 αὑτὸν
1178 3676 1236 3728 έν
1292 3674 1516 3745 Χαρράν
1541 3690 1559 3704 ·
1617 3675 1713 3727 καὶ

148 3752 253 3811 εἷπε
289 3761 431 3832 πρὸς
492 3763 684 3817 αὐτόν·
724 3764 944 3832 Ἔξελθε
1011 3766 1076 3818 ὲκ
1141 3765 1243 3835 τῆς
1301 3766 1404 3835 γῆς
1453 3781 1568 3828 σου,
1617 3765 1713 3818 καὶ

147 3846 204 3900 δι
255 3851 353 3920 τῆς
407 3854 730 3921 συγγενείας
765 3871 860 3908 σου
887 3893 901 3918 ,
941 3873 959 3906 ι
1003 3854 1098 3908 καὶ
1143 3854 1212 3908 τά
1260 3853 1422 3924 έξῆςο
1477 3854 1544 3907 δι’
1587 3853 1710 3907 ὅλου

146 3943 244 4013 γὰρ
287 3944 382 3997 τοῦ
424 3945 584 4014 λόγου
619 3949 1027 4022 ἀναντιρῤήτως
1060 3947 1174 4000 ἔστι
1233 3947 1444 4018 μαθεῖν,
1477 3946 1569 3999 τὸν
1603 3945 1712 4000 τῶν

150 4035 430 4107 προφητῶν
473 4037 628 4103 Θεὸν,
663 4040 884 4110 Πατέρα
916 4035 1056 4093 εἶναι
1090 4037 1326 4110 Χριστοῦ
1374 4036 1580 4108 Ἰησοῦ,
1620 4037 1714 4090 καὶ

149 4125 207 4178 ὲκ
238 4127 334 4197 τῆς
369 4127 510 4200 πρὸς
551 4130 851 4202 Ῥωμαίους
907 4129 1228 4200 Ἐπιστολῆς
1258 4127 1351 4182 τοῦ
1393 4127 1712 4183 ’Δποστόλου

148 4230 200 4281 ιν
219 4232 456 4297 τούτοις·
492 4233 752 4301 ιΠαῦλος,
785 4234 969 4299 δοῦλος
1000 4233 1234 4308 Χριστοῦ
1274 4234 1478 4305 Ἰησοῦ,
1520 4233 1716 4306 κλητὸς

148 4336 452 4406 ἀπόστολος,
481 4340 863 4412 ἀφωρισμένος
882 4341 961 4405 είς
990 4339 1320 4410 Εὑαγγέλιον
1346 4339 1503 4404 Θεοῦ,
1523 4340 1552 4394 ὸ
1577 4357 1713 4411 προ-

150 4445 504 4515 επηγγείλατο
533 4445 638 4500 θιὼ
650 4445 759 4500 τῶν
801 4444 1094 4518 προφητῶν
1135 4445 1300 4500 αὐτοῦ
1360 4447 1418 4499 ἐν
1473 4445 1716 4517 Γραφαῖς

150 4543 335 4613 ἁγίαις,
377 4547 510 4620 περὶ
553 4546 647 4601 τοῦ
671 4546 804 4602 Υίοῦ
847 4545 1010 4603 αὐτοῦ
1043 4545 1137 4602 τοῦ
1162 4546 1450 4617 γενομένου
1473 4546 1536 4598 ὲκ
1557 4546 1716 4616 σπέρ-
1746 4587 1792 4647 D

148 4663 304 4714 ματος
331 4651 498 4705 Δαόὶδ
530 4651 673 4706 κατά
701 4652 898 4724 σάρκα,
927 4651 1022 4708 τοῦ
1063 4648 1367 4724 ὁρισθέντος
1408 4649 1538 4704 Υίοῦ
1572 4647 1708 4702 Θεοῦ

148 4749 201 4802 δν
225 4753 470 4824 δυνάμει,
503 4753 645 4808 κατά
667 4755 890 4825 Πνεῦμα
916 4754 1241 4824 ἁγιωσύνης,
1273 4751 1334 4818 ἐξ
1369 4751 1714 4816 ἀναστάσεως

151 4858 342 4927 νεκρῶν
380 4858 558 4930 Ἰησοῦ
592 4858 826 4931 Χριστοῦ
868 4857 963 4914 τοῦ
985 4859 1188 4931 Κυρίου
1209 4857 1385 4929 ἡμῶν,
1412 4856 1480 4910 δι’
1507 4851 1569 4911 οῦ
1592 4855 1716 4910 ἑλά-

1812 3303 2072 3374 scriptmn
2096 3310 2211 3358 est:
2235 3321 2252 3356 ι
2273 3301 2518 3358 Narrabo
2545 3317 2744 3358 nomen
2769 3313 2915 3356 tuum
2941 3302 3200 3359 fratribus
3226 3302 3384 3368 meis,

1813 3395 1866 3450 in
1899 3397 2074 3450 medio
2099 3393 2352 3450 Ecclesiae
2376 3395 2609 3450 laudabo
2640 3405 2690 3450 te
2713 3395 2778 3450 ⁸⁵.
2803 3413 2821 3448 ι
2847 3395 3000 3464 Quod
3025 3397 3137 3465 ipse
3167 3394 3386 3464 quidem

1811 3491 1884 3544 sit
1914 3489 2056 3544 Deus
2094 3488 2505 3558 praphetarum,
2544 3487 2839 3556 mundique
2864 3496 3205 3556 procreator,
3248 3485 3387 3541 mul-

1814 3581 1883 3636 tis
1943 3595 2009 3634 ex
2067 3579 2200 3634 locis
2257 3579 2444 3634 videre
2497 3592 2814 3649 possumus;
2849 3579 2958 3649 sed
3003 3579 3057 3633 in
3092 3577 3383 3647 praesentia

1812 3673 2042 3732 suﬂieiat
2091 3674 2276 3729 videre
2331 3674 2650 3730 concionem
2705 3671 2967 3744 Stephani
3021 3689 3090 3728 ex
3140 3673 3292 3728 Actis
3317 3673 3388 3727 ad

1813 3767 2064 3838 populum
2091 3765 2236 3820 hunc
2273 3763 2324 3818 in
2354 3764 2570 3818 modum
2618 3763 2850 3818 dicentis
2869 3764 2956 3818 “z
2990 3781 3008 3814 ι
3049 3762 3157 3818 Viri
3193 3763 3388 3818 fratres

1811 3869 1867 3913 et
1891 3867 2099 3928 patres,
2121 3855 2304 3910 audite
2331 3870 2345 3906 :
2377 3851 2519 3909 Deus
2542 3853 2728 3924 gloria:
2756 3856 3006 3923 apparuit
3031 3854 3172 3922 patri
3197 3862 3390 3910 nostro

1813 3949 2066 4013 Abralue,
2095 3961 2216 4000 cum
2245 3955 2391 4001 esset
2419 3946 2472 3999 in
2498 3944 2910 4012 Mesopotamia,
2946 3953 3239 4012 antequam
3283 3944 3386 3998 ba-

1813 4041 2012 4097 bitaret
2032 4039 2084 4094 in
2107 4039 2317 4102 Chara;
2343 4036 2592 4105 dixitque
2608 4034 2675 4089 ad
2696 4050 2818 4090 eum
2849 4054 2862 4088 :
2883 4035 3156 4106 Egredere
3184 4049 3215 4090 e
3241 4042 3389 4090 terra

1816 4141 1930 4196 tua,
1955 4141 2008 4186 et
2035 4143 2066 4185 ο
2103 4127 2427 4198 cognatione
2471 4134 2584 4193 tua,
2613 4143 2632 4177 ι
2677 4133 2733 4180 et
2767 4139 2888 4196 quae
2927 4133 3262 4194 sequuntur;
3289 4136 3390 4194 per

1814 4231 1979 4278 totam
2001 4221 2148 4275 enim
2167 4219 2471 4275 orationem
2503 4217 2641 4272 citra
2661 4216 3144 4272 contradictionem
3161 4227 3390 4269 cernere

1815 4315 1941 4370 licet
1974 4311 2360 4384 prophetarum
2391 4310 2558 4364 Deum
2603 4305 2817 4362 Patrem
2847 4321 2970 4362 esse
3004 4306 3207 4362 Christi
3235 4303 3386 4359 Jesu.

1815 4406 1960 4461 Idem
1975 4416 2203 4458 cernere
2227 4399 2391 4454 etiam
2414 4397 2538 4454 licet
2557 4411 2625 4453 ex
2654 4396 2896 4468 Apostoli
2922 4394 3160 4466 Epistola
3182 4395 3251 4449 ad
3276 4393 3390 4450 Ro-

1818 4495 2084 4561 manos,in
2108 4495 2192 4550 his
2207 4492 2250 4524 ⁸⁷
2271 4511 2287 4548 ι
2310 4509 2329 4544 ι
2353 4490 2554 4546 Paulus
2566 4503 2760 4545 servus
2781 4487 2909 4546 Jesu
2929 4487 3389 4555 Christi,vocatus

2041 4584 2340 4656 apostolus,
2381 4592 2704 4654 segregatus
2754 4583 2808 4636 in
2857 4579 3211 4647 Evangelium
3267 4576 3388 4644 Dei,

1815 4678 1959 4749 quod
2005 4685 2132 4732 ante
2168 4676 2498 4746 promiserat
2529 4690 2629 4744 per
2659 4673 2953 4744 prophetas
2986 4685 3114 4727 suos
3149 4669 3205 4724 in
3237 4665 3388 4722 Scri-

1819 4769 1996 4841 pturis
2027 4769 2235 4824 sanctis
2263 4767 2331 4824 de
2355 4765 2496 4824 Filio
2530 4779 2629 4822 suo
2663 4766 2845 4835 genito
2872 4778 2940 4818 ex
2966 4763 3172 4818 semine
3215 4757 3388 4813 David

1821 4862 2120 4920 secundum
2163 4875 2408 4927 carnem,
2441 4859 2718 4915 declarato
2765 4856 2905 4913 Filio
2950 4855 3041 4909 Dei
3084 4853 3138 4907 in
3185 4851 3389 4906 virtute

151 4961 305 5034 σομεν
333 4966 495 5037 χάριν
537 4967 632 5020 καὶ
661 4964 986 5037 ἀποστολὴν,
1018 4966 1100 5030 είς
1131 4961 1374 5034 ὑπακοήν
1403 4963 1638 5026 πίστεως
1661 4962 1710 5015 ὲν

1826 4957 2119 5014 secundum
2176 4953 2442 5023 Spiritum
2501 4947 2968 5010 sanctiﬁcationis,
3021 4960 3087 4998 ex
3139 4957 3206 4999 eo
3246 4942 3393 5013 quod

210 5053 433 5111 “10am
468 5071 560 5120 xx,
586 5056 674 5110 l7.
752 5056 798 5088 “
824 5055 978 5111 Rom.
1008 5071 1117 5120 vut,
1154 5056 1244 5112 25.
1321 5055 1366 5088 ⁸⁸
1394 5054 1536 5110 Psal.
1567 5069 1680 5118 ut,
1717 5051 1808 5109 23.
1889 5050 1934 5081 ⁸⁸
1966 5049 2087 5102 Act.
2125 5063 2216 5111 vn,
2241 5045 2277 5099 2
2306 5060 2425 5115 seq.

154 5149 282 5202 visse
301 5151 576 5214 daremus,
605 5150 836 5204 dandum
863 5161 1008 5206 esset
1036 5153 1221 5220 utique
1248 5166 1347 5206 nec
1375 5150 1571 5205 Filium
1605 5165 1696 5204 co-

154 5223 415 5290 gnovisse,
447 5235 571 5274 cum
601 5221 879 5290 cognitum
915 5223 982 5274 ab
1014 5221 1150 5289 ipsis
1181 5221 1399 5285 Filium,
1426 5227 1482 5273 et
1510 5220 1699 5290 vatici-

156 5287 252 5343 niis
277 5289 614 5361 celebratum
646 5287 812 5361 fuisse
847 5287 1108 5360 constet),
1144 5291 1314 5361 Filius
1351 5291 1552 5361 quippe
1594 5289 1702 5361 Pa-

159 5366 279 5412 trem
336 5359 641 5428 cognoscit,
694 5360 928 5415 famulus
976 5359 1184 5414 herum.
1235 5359 1701 5427 Quemadmodum

152 5437 318 5482 autem
351 5430 536 5484 dicere
576 5428 702 5500 liget
747 5429 942 5500 Filium
972 5446 1081 5483 non
1115 5444 1446 5500 cognoscere
1478 5429 1702 5494 herum;

157 5509 268 5568 nam
299 5507 568 5566 quatenus
597 5498 764 5553 Filius
792 5509 894 5561 est,
931 5499 1110 5553 Patris
1135 5498 1405 5568 quatenus
1428 5499 1592 5553 herus
1619 5509 1704 5552 est

156 5565 429 5638 imperium
452 5584 562 5623 non
602 5570 884 5638 experitur
918 5586 933 5622 :
969 5571 1043 5623 ita
1079 5565 1260 5624 dicere
1289 5584 1576 5638 possumus
1607 5582 1707 5638 nec

163 5635 374 5692 famulos
401 5635 734 5707 cognoscere
766 5636 980 5709 Patrem
1008 5655 1024 5704 ;
1056 5654 1176 5693 nam
1201 5635 1470 5709 quatenus
1521 5637 1704 5692 famuli

158 5717 289 5828 aunt,
317 5709 508 5762 herum
542 5715 813 5778 quatenus
859 5707 1024 5764 Pater
1054 5719 1159 5774 est,
1204 5707 1311 5763 non
1345 5719 1705 5778 cognoscunt.

201 5791 405 5828 εετιυε.

201 5791 405 5831 υετιυε.

2501 5044 2544 5075 ⁸⁷
2582 5043 2739 5097 Rom.
2776 5055 2817 5105 ι,
2848 5037 2900 5104 l,
2935 5035 2972 5089 2
3007 5049 3124 5104 seq.

1807 5146 2038 5215 Regius,
2071 5140 2514 5215 παραδεξάμεθα,
2552 5139 2711 5215 male.

1875 5203 1952 5352 £7)
1984 5203 2368 5282 έὺξάᾄιενοὶοξ
2413 5203 2507 5266 Sic
2555 5210 2724 5264 codex
2757 5204 3122 5274 Bodleianus;
3162 5203 3398 5275 Regius,

1904 5288 2122 5352 όμενον,
2153 5283 2314 5336 male.
2397 5351 2403 5352 γ
2654 5345 2680 5352 _
2729 5349 2748 5352 Α
2802 5344 2828 5352 _
2908 5346 2922 5352 _
2986 5344 3035 5352 __
3286 5342 3367 5352 __

1808 5288 1868 5341 εὖ
1876 5283 2122 5349 ξόμενον,
2153 5283 2314 5336 male.

1881 5304 2122 5358 ;op.svov,
2153 5304 2314 5336 mare.
2653 5345 2680 5357 Α.
2802 5344 2828 5356 _
2908 5346 2922 5364 .

1881 5356 2100 5428 (8)1“?
2121 5353 2229 5424 τηειρ
2258 5351 2573 5428 εὐκόμειῖω
2591 5364 2688 5428 ,ξφ
2709 5349 2836 5428 ρεφ
2861 5363 2932 5428 9v
2965 5344 3236 5428 λέγουσιν
3279 5342 3393 5398 Πάν

1811 5417 2056 5494 τεῤ.’8ἰε
2093 5417 2234 5478 hunc
2271 5417 2473 5494 locum,
2501 5422 2554 5494 i_n
2590 5418 2759 5494 [legio
2778 5417 2976 5494 codice
3001 5417 3270 5494 luxatum,
3304 5429 3395 5470 sa-

1815 5486 1968 5552 ni'tati
1995 5497 2287 5549 restituunt
2315 5489 2474 5543 codd.
2507 5486 2835 5542 Bodleianus
2857 5497 2913 5540 et
2939 5486 3294 5539 Barherinus.

1880 5565 1957 5637 (9)
1979 5565 2058 5618 Δι’
2079 5560 2266 5637 αὐτοῦ
2292 5560 2709 5637 πιστεύονταςΤ
2729 5557 2820 5612 Sic
2850 5559 3016 5637 codex
3045 5555 3389 5619 Bodleianus,

1810 5627 2010 5706 optimo
2028 5653 2054 5706 ;7
2085 5633 2303 5700 Regius,
2332 5631 2492 5706 mele,
2516 5629 2605 5706 διά
2631 5634 2756 5696 τοὺς
2793 5627 3162 5706 πιστεύοντας.

1887 5705 1997 5776 (l0)
2031 5691 2535 5772 "Exisroi’pérnr.
2564 5691 2797 5760 Omnino
2827 5699 3108 5770 legendum
3131 5691 3393 5767 ἐκχεομέ-

1801 5793 1935 5847 .νην.

219 5846 293 5917 (6)
351 5846 824 5919 Παραδεξόμεθα.
852 5849 926 5904 lla
953 5847 1117 5905 habet
1141 5848 1308 5906 codex
1343 5846 1666 5905 Bodleianus
1691 5862 1709 5913 ε
1808 5901 1822 5916 ,
