3806 6538
431 410 538 472 535

1877 406 2197 464 ORIGENIS

3563 411 3660 470 536

388 581 392 586 .
431 530 726 592 resurrexit
765 545 795 584 a
829 529 1059 585 mortuis
1101 529 1257 585 Iesus
1306 531 1556 588 Christus
1603 531 1862 588 Dominus
1902 546 1997 585 no-

2116 533 2235 585 πᾶσι
2266 533 2376 595 τοῖς
2415 531 2643 601 ἔθνεσιν,
2680 534 2820 606 ὑπὲρ
2853 535 2945 590 τοῦ
2973 535 3234 608 ὀνόματος
3276 532 3463 598 αὑτοῦ,
3493 535 3550 588 έν
3588 531 3662 600 οἷς

433 636 571 692 ster,
604 639 702 694 per
724 637 884 693 quem
914 623 1230 691 accepimus
1255 624 1487 693 gratiam
1524 633 1578 677 et
1613 623 1998 692 apostolalum,

435 729 495 774 ut
529 718 816 773 obediatur
841 715 962 772 tidei
993 716 1046 770 in
1073 715 1326 772 omnibus
1349 715 1620 786 gentibus,
1659 730 1757 784 pro
1785 714 2004 770 nomine

437 811 573 879 ejus,
603 812 655 866 in
680 809 876 881 quibus
903 809 1037 863 estis
1063 818 1118 862 et
1145 823 1244 862 vos
1267 809 1441 862 vocati
1471 806 1598 862 Jesu
1623 806 1822 862 Christi
1849 826 1863 863 :
1887 822 2005 862 om-

438 905 598 958 nibus
627 903 720 973 qui
753 911 881 957 sunt
918 901 1122 963 Romae,
1160 898 1370 954 dilectis
1392 900 1506 967 Dei,
1537 900 1744 954 vocatis
1771 900 2002 965 sanctis,

437 996 611 1067 gratia
649 994 830 1060 vobis,
862 1002 912 1049 et
949 1009 1050 1062 pax
1087 1009 1115 1046 a
1150 993 1258 1048 Deo
1290 991 1451 1047 Patre
1481 1003 1671 1048 nostro
1697 1004 1752 1047 et
1777 993 2007 1047 Domino

437 1085 566 1144 Jesu
600 1086 839 1141 Christo.
873 1105 890 1137 ι
917 1084 992 1138 Ex
1023 1084 1106 1139 his
1130 1085 1273 1139 enim
1301 1083 1476 1153 palam
1503 1083 1795 1139 didicimus
1821 1083 2005 1138 mundi

440 1187 886 1249 procreatorem,
950 1177 1117 1232 Deum
1176 1177 1606 1247 prophetarum,
1670 1186 1726 1232 et
1791 1175 2006 1231 Patrem

441 1269 670 1332 Christi,
703 1267 867 1322 Deum
909 1276 965 1322 et
1006 1265 1218 1322 Patrem
1273 1275 1516 1320 nostrum
1560 1265 2005 1322 esse-Pharisaei

441 1360 608 1430 igitur
640 1374 746 1413 non
779 1357 951 1414 solum
979 1357 1338 1426 cognitionem
1374 1372 1478 1410 non
1514 1356 1788 1410 habebant
1830 1357 2009 1412 Patris

441 1449 668 1517 Christi,
703 1451 795 1519 qui
828 1449 1002 1519 legem
1042 1448 1210 1510 dedit,
1255 1458 1524 1518 quatenus
1561 1447 1726 1504 Pater
1759 1459 1863 1515 est,
1912 1464 2008 1504 seu

439 1551 709 1611 quatenus
739 1541 915 1607 Deus;
951 1540 1045 1594 sed
1074 1554 1140 1594 ne
1163 1543 1302 1594 citra
1329 1541 1762 1594 controversiam
1790 1541 2007 1610 quidem

441 1633 542 1701 ipsi
577 1632 889 1693 credebant,
929 1639 1198 1699 quatenus
1237 1629 1398 1686 Pater
1443 1640 1564 1686 erat
1605 1627 1758 1696 Jesu,
1787 1641 1843 1686 et
1870 1631 2012 1688 Deus

441 1723 636 1792 ipsius,
679 1731 844 1791 atque
895 1721 1059 1776 etiam
1107 1721 1337 1777 fortasse
1384 1732 1656 1792 quatenus
1710 1724 1852 1781 Deus
1894 1734 2012 1779 erat

445 1814 536 1884 qui
574 1815 760 1869 omnia
791 1820 1092 1868 creaverat.
1128 1813 1232 1868 Sed
1267 1831 1332 1870 nc
1358 1816 1890 1884 Cliristum'quidein
1921 1831 2013 1868 no-

445 1913 570 1959 rant
611 1921 627 1973 ;
680 1913 734 1960 et
787 1905 925 1959 bene
959 1903 1219 1960 Servator
1243 1919 1338 1960 eos
1372 1906 1671 1975 redarguit,
1711 1905 1899 1960 dicens
1927 1903 2006 1960 ‘°:

451 2013 472 2048 ι
501 1995 686 2067 Neque
718 2011 804 2052 me
827 1997 1003 2064 scitis,
1037 2011 1212 2067 neque
1233 1995 1446 2052 Patrem
1475 2012 1650 2052 meum
1680 1997 1852 2052 scitis.
1877 2016 1898 2050 1
1928 1996 2016 2052 ln-

446 2104 608 2160 super
640 2089 755 2144 haec
783 2104 967 2160 quaero
993 2107 1006 2144 :
1033 2099 1209 2144 utrum
1247 2093 1354 2146 hoc
1381 2089 1743 2160 proloquium,
1781 2108 1800 2140 ι
1823 2090 1878 2146 Si
1908 2090 2012 2146 Pa-

449 2191 584 2236 trem
633 2195 810 2238 meum
856 2183 1090 2246 sciretis,
1119 2192 1174 2237 et
1219 2197 1305 2237 me
1336 2183 1572 2248 sciretis,
1608 2200 1627 2232 ›
1671 2182 1810 2236 idem
1837 2183 2016 2237 valeat

449 2290 572 2330 cum
630 2275 744 2340 illo,
786 2293 804 2328 ι
849 2275 905 2330 Si
947 2289 1034 2331 me
1067 2274 1309 2339 sciretis.
1345 2281 1400 2327 et
1432 2273 1648 2329 Patrem
1692 2288 1870 2328 meum
1908 2274 2016 2328 sci-

447 2366 605 2430 retis,
641 2384 660 2419 ι
698 2381 928 2421 an-non.
959 2363 1025 2419 Et
1050 2365 1286 2420 arbitror
1317 2364 1431 2420 haec
1464 2364 1606 2419 inter
1639 2379 1700 2420 se
1723 2380 1829 2418 non
1849 2366 2016 2434 aequi-

447 2459 680 2529 pollere,
705 2473 770 2514 eo
801 2459 943 2528 quod
1001 2457 1091 2527 qui
1127 2456 1341 2512 Patrem
1381 2457 1650 2527 agnoscit,
1696 2459 1952 2512 ascendat
1984 2473 2016 2512 a

449 2550 759 2620 cognitione
809 2549 928 2604 Filii
979 2550 1046 2603 ad
1090 2547 1456 2617 cognitionem
1507 2546 1704 2610 Patris,
1753 2560 1856 2600 nec
1911 2547 2018 2600 alio

450 2643 610 2697 modo
657 2641 906 2695 videatur
952 2639 1113 2695 Pater
1163 2653 1324 2708 quam
1373 2639 1580 2692 visione
1631 2637 1798 2702 Filii;
1847 2655 1867 2689 ι
1915 2637 2016 2704 Qui

449 2734 594 2788 enim
640 2732 776 2787 vidit
825 2747 948 2798 me,
1002 2732 1197 2801 inquit,
1247 2729 1380 2784 vidit
1411 2739 1466 2784 et
1513 2728 1729 2784 Patrem
1760 2729 1826 2795 “,
1857 2728 2017 2798 Lqui

451 2825 600 2880 misit
639 2839 724 2880 me
754 2842 768 2889 ;
798 2838 898 2878 nec
934 2832 1112 2878 tamen
1153 2822 1384 2876 dixisset
1416 2838 1430 2875 :
1467 2820 1572 2889 Qui
1613 2821 1751 2876 vidit
1778 2820 2016 2889 Patrem,

451 2914 586 2969 vidit
617 2927 722 2976 me,
758 2913 1016 2982 quoniam
1049 2911 1140 2979 qui
1171 2909 1491 2973 Sermonem
1523 2910 1612 2966 Dei
1658 2911 1831 2979 videt,
1873 2912 2022 2967 videt

450 3005 642 3070 Deum,
698 3007 1001 3060 ascendens
1039 3018 1070 3058 a
1106 3002 1244 3060 Filio
1281 3004 1348 3058 ad
1383 3003 1598 3057 Patrem
1641 3019 1660 3068 ;
1714 3003 1831 3059 ﬁeri
1873 3007 2018 3060 enim

2046 1868 2086 1921 Β

2103 622 2224 674 ὲστε
2253 623 2344 675 καὶ
2373 624 2531 694 ὑμεῖς
2565 625 2752 696 κλητοὶ
2784 625 2955 698 Ἰησοῦ
2984 625 3241 698 Χριστοῦ·
3277 627 3410 678 πᾶσι
3437 626 3546 689 τοῖς
3573 623 3662 678 οὗ·

2105 731 2188 767 σιν
2217 717 2275 768 ὲν
2313 711 2496 789 Ῥώμῃ
2532 717 2835 789 ἀγαπητοῖς
2850 717 3006 783 Θεοῦ,
3041 719 3264 790 κλητοῖς
3287 719 3484 786 ἁγίοις,
3513 718 3665 789 χάρις

2105 807 2230 876 ὑμῖν
2252 806 2344 861 καὶ
2371 809 2558 880 εἰρήνη
2587 809 2696 863 ἀπὸ
2719 809 2856 863 Θεοῦ
2883 811 3095 882 Πατρὸς
3120 809 3296 881 ἡμῶν.
3326 810 3424 863 καὶ
3468 809 3664 880 Κυρίου

2117 898 2288 969 Ἰησοῦ
2316 899 2572 970 Χριστοῦ.
2622 920 2641 951 ι
2692 902 2884 970 Σαφῶς
2913 902 3022 972 γὰρ
3057 901 3163 954 ἀπὸ
3189 900 3393 954 τούτων
3423 899 3666 970 μεμαθή-
3757 895 3761 956 ἲ

2105 1008 2298 1061 καμεν,
2339 992 2422 1043 ὅτι
2455 991 2484 1043 6
2510 993 2868 1064 Δημιουργὸς,
2902 994 2997 1046 καὶ
3029 992 3159 1056 Θεὸς
3207 991 3314 1046 τῶν
3357 989 3665 1062 προφητῶν,

2106 1082 2200 1136 καὶ
2233 1082 2420 1154 Πατὴρ
2463 1082 2556 1136 τοῦ
2587 1084 2842 1156 Χριστοῦ,
2885 1084 3017 1147 Θεός
3061 1101 3121 1136 τε
3154 1084 3247 1138 καὶ
3289 1084 3478 1154 Πατὴρ
3522 1081 3668 1153 ἡμῶν

2107 1175 2243 1230 ἐστι.
2297 1176 2577 1246 Φαρισαῖοι
2622 1177 2798 1229 τοίνυν
2829 1176 2890 1229 οὐ
2936 1175 3094 1246 μόνον
3135 1175 3335 1243 γνῶσιν
3377 1175 3481 1227 οὐκ
3514 1169 3668 1244 εῐχον,

2107 1265 2230 1320 οὔτε
2261 1268 2382 1322 καθ’
2408 1269 2437 1322 ὃ
2470 1269 2680 1341 Πατὴρ,
2718 1267 2842 1322 οὔτε
2869 1268 2990 1323 καθ’
3019 1270 3049 1322 6
3079 1267 3230 1332 Θεὸς,
3261 1266 3352 1320 τοῦ
3389 1267 3673 1329 δεδωκότος

2107 1358 2199 1412 τὸν
2226 1358 2388 1428 νόμον
2420 1359 2631 1430 Πατρὸς
2669 1358 2764 1412 τοῦ
2816 1358 3071 1429 Χριστοῦ·
3107 1358 3221 1412 ἀλλ’
3259 1357 3367 1410 οὐδ’
3403 1356 3675 1409 ἐπίστευον

2110 1448 2260 1520 αὑτῷ
2290 1449 2736 1520 ὁμολογουμένως
2791 1451 2888 1520 μὲν
2940 1449 3063 1503 καθ’
3106 1448 3136 1502 6
3177 1448 3367 1520 Πατὴρ
3397 1444 3467 1518 ῆν
3511 1447 3676 1518 Ἰησοῦ

2110 1542 2203 1603 καὶ
2235 1541 2368 1605 Θεὸς
2416 1542 2602 1604 αὐτοῦ,
2636 1541 2776 1612 τάχα
2809 1541 3012 1595 δὲκαθ’
3045 1541 3073 1594 6
3111 1543 3140 1594 6
3168 1541 3298 1602 Θεὸς
3324 1542 3352 1592 6
3374 1539 3572 1602 κτίσας
3616 1537 3679 1593 τά

2113 1633 2288 1686 πάντα
2317 1628 2405 1704 ἦν·
2444 1633 2556 1686 ἀλλ’
2579 1633 2702 1686 οὐδὲ
2740 1633 2830 1685 τὸν
2854 1633 3085 1702 Χριστὸν
3115 1631 3356 1702 ᾔδεισαν·
3384 1632 3478 1684 καὶ
3508 1629 3678 1694 καλῶς

2113 1725 2321 1795 ἐλέγχει
2365 1725 2561 1788 αὐτοὺς
2586 1725 2614 1777 6
2658 1723 2848 1796 Σωτὴρ
2894 1724 3084 1792 λέγων·
3132 1741 3150 1774 ι
3192 1721 3328 1777 Οὔτε
3362 1723 3463 1792 ἐμὲ
3488 1722 3679 1781 omne,

2114 1815 2236 1870 οὔτε
2264 1817 2356 1870 τὸν
2381 1816 2598 1888 Πατέρα
2622 1833 2722 1887 μου
2755 1816 2950 1870 οἴδατε.
2992 1835 3010 1868 ι
3049 1813 3234 1870 Ταῦτα
3258 1813 3427 1884 ζητῶ,
3463 1813 3684 1886 πότερον

2117 1908 2228 1961 ἴσον
2254 1906 2474 1961 δύναται
2497 1906 2594 1978 τῷ,
2628 1927 2646 1959 ι
2672 1909 2734 1960 Ei
2763 1907 2861 1978 ἐμὲ
2892 1907 3087 1978 ᾔδειτε,
3108 1906 3311 1960 καὶτὸν
3333 1903 3558 1974 Πατέρα
3592 1921 3685 1974 μου
3769 1908 3771 1910 ’

2117 1998 2183 2052 ἂν
2202 1997 2397 2068 ᾔδειτε,
2435 2016 2453 2048 ι
2487 1997 2567 2060 τὸ,
2602 2017 2621 2051 ι
2656 1999 2718 2050 Ei
2750 1997 2840 2050 τὸν
2874 1998 3091 2068 Πατέρα
3121 2013 3221 2067 μου
3243 1995 3442 2065 ⁴ᾔδειτε,
3475 1993 3574 2046 καὶ
3596 1991 3687 2061 ἐμὲ

2115 2090 2181 2144 ἂν
2203 2091 2401 2162 ᾔδειτε,
2445 2109 2464 2144 ι
2498 2089 2629 2161 ἢοῦ.
2666 2091 2777 2143 Καὶ
2801 2089 3043 2161 ἠγοῦμαι
3077 2089 3150 2160 μὴ
3187 2089 3300 2141 ἴσον
3325 2086 3499 2140 ταῦτα
3543 2084 3692 2137 δύνα-

2117 2182 2239 2235 σθαι
2285 2182 2552 2253 ἀλλήλοις,
2583 2181 2661 2252 τῷ
2687 2180 2994 2236 ἀναϐαίνειν
3023 2180 3130 2233 ἀπὸ
3176 2179 3275 2249 τῆς
3304 2176 3564 2247 γνώσεως
3603 2174 3692 2228 τοῦ

2117 2274 2248 2328 Υἱοῦ
2281 2275 2375 2329 ἐπὶ
2407 2276 2504 2348 τὴν
2537 2274 2736 2344 γνῶσιν
2767 2273 3097 2344 τοῦ-Πατρὸς
3125 2272 3216 2326 τὸν
3238 2269 3585 2339 γινώσκοντα
3609 2264 3692 2317 τὸν

2118 2367 2357 2437 Πατέρα,
2391 2367 2486 2421 καὶ
2537 2367 2612 2436 μὴ
2656 2365 2833 2428 άλλως
2879 2365 3108 2435 ὁρᾶσθαι
3150 2362 3240 2416 τὸν
3288 2359 3508 2429 Πατέρα
3545 2356 3580 2425 ἢ
3621 2353 3694 2423 τῷ

2116 2459 2344 2534 ὁρᾶσθαι
2377 2459 2466 2513 τὸν
2513 2459 2658 2512 Υίόν·
2703 2458 2802 2511 «Ὀ
2844 2457 2952 2529 γάρ
3009 2453 3302 2527 ἑωρακὼς,
3339 2451 3527 2522 φησὶν,
3581 2446 3693 2516 ἐμὲ,

2118 2553 2328 2625 ἑώρακε
2354 2552 2444 2605 τὸν
2477 2550 2695 2622 Πατέρα
2740 2569 2759 2601 ι
2797 2549 2889 2603 τὸν
2922 2545 3210 2618 πέμψαντά
3260 2559 3349 2614 με·
3394 2542 3495 2594 οὐκ
3533 2539 3603 2593 ἂν
3644 2536 3695 2590 δὲ

2117 2646 2326 2716 εἰρήκει
2347 2643 2426 2698 τό·
2446 2643 2502 2696 '0
2523 2640 2781 2714 ἑωρακὼς
2810 2639 2902 2694 τὸν
2924 2638 3164 2708 Πατέρα,
3181 2632 3392 2706 ἑώρακέ
3423 2647 3510 2702 με·
3553 2628 3696 2682 ἐπεὶ-

2119 2752 2225 2806 περ
2257 2737 2284 2789 6
2323 2733 2414 2788 τὸν
2451 2733 2620 2802 Λόγον
2657 2730 3013 2802 τεθεωρηκὼς
3053 2727 3149 2780 τοῦ
3181 2723 3337 2788 Θεοῦ,
3373 2722 3578 2794 θεωρεῖ
3615 2719 3700 2774 τὸν

2119 2828 2274 2893 Θεὸν,
2306 2825 2613 2880 ἀναϐαίνων
2637 2824 2746 2878 ἀπὸ
2771 2822 2866 2876 τοῦ
2892 2821 3068 2889 Λόγου
3099 2818 3234 2890 πρὸς
3257 2817 3349 2870 τὸν
3375 2814 3532 2868 Θεό-ι·
3564 2811 3701 2881 ἀμή-

2121 2937 2280 2990 χανον
2304 2919 2360 2972 δέ
2376 2920 2492 2972 ἐστι
2525 2916 2598 2988 μὴ
2633 2915 2740 2970 ἀπὸ
2767 2913 2860 2968 τοῦ
2889 2913 3062 2981 Λόγου
3098 2908 3373 2980 θεωρῆσαι
3408 2905 3500 2959 τὸν
3551 2903 3696 2956 Θεὸν·

2121 3014 2215 3066 καὶ
2241 3013 2270 3066 6
2299 3009 2516 3082 θεωρῶν
2546 3009 2644 3079 τὴν
2676 3007 2864 3075 σοφίαν
2897 3007 2963 3075 ἢν
3001 3004 3210 3058 ἔκτισεν
3235 3002 3264 3054 6
3290 2999 3424 3061 Θεὸς
3455 2997 3572 3062 πρὸ
3601 2995 3702 3049 τῶν

451 3095 642 3164 nequit
695 3105 754 3148 ιιι
802 3097 981 3150 videat
1023 3095 1146 3164 quis
1195 3093 1359 3150 Deum
1410 3110 1515 3148 non
1570 3093 1781 3150 habens
1829 3095 2017 3152 ducem

2124 3104 2332 3160 αἰώνων
2358 3106 2436 3167 είς
2453 3103 2589 3175 ἔργα
2621 3101 2810 3165 αὐτοῦ,
2828 3098 3108 3154 ἀναϐαίνει
3140 3095 3248 3149 ἀπὸ
3277 3091 3372 3146 τοῦ
3399 3088 3702 3159 ἐγνωκέναι

453 3183 650 3255 Λόγοι,
683 3185 817 3259 {seu
881 3184 1220 3254 Sermonem,
1277 3195 1333 3240 et
1379 3186 1575 3240 Filium
1621 3188 1716 3242 Dei
1749 3186 1807 3260 ε]
1844 3198 1899 3244 et
1931 3191 2017 3260 qui

2125 3195 2223 3267 τὴν
2251 3195 2442 3264 σοφίαν
2467 3194 2560 3246 ἐπὶ
2586 3193 2675 3246 τὸν
2694 3191 2910 3260 Πατέρα
2943 3187 3133 3258 αὐτῆς·
3167 3184 3426 3240 ἀδύνατον
3451 3180 3508 3234 δὲ
3538 3178 3705 3250 χωρὶς

457 3281 711 3350 cognovit
738 3280 1094 3351 Sapientiam,
1143 3295 1305 3350 quam
1347 3281 1553 3335 creavit
1592 3281 1733 3337 Deus
1773 3293 1900 3339 ante
1925 3299 2026 3339 sae-

451 3372 574 3427 cula
605 3375 672 3426 ad
701 3389 868 3444 opera
895 3390 991 3429 sua
1015 3373 1085 3437 ”,
1119 3391 1147 3428 a
1179 3374 1489 3444 cognitione
1518 3375 1818 3446 Sapientiae
1844 3391 2028 3430 ascen-

456 3466 537 3520 dit
563 3467 629 3522 ad
661 3466 828 3536 ipsius
860 3466 1151 3533 Sapientiae
1176 3465 1392 3523 Patrem
1423 3487 1437 3525 :
1467 3469 1585 3522 ﬁeri
1618 3469 1781 3522 etiam
1820 3469 2024 3538 nequit,

458 3565 519 3614 ut
543 3557 662 3614 sine
691 3557 852 3626 hujus
880 3558 1170 3626 Sapientiae
1206 3560 1369 3613 ductu
1411 3560 1750 3630 intelligatur
1801 3557 2030 3628 Sapien-

460 3649 550 3704 tia:
581 3649 743 3703 Deus.
775 3647 926 3715 Quod
958 3647 1098 3703 idem
1131 3648 1199 3704 de
1231 3649 1462 3706 veritate
1501 3650 1649 3704 dices
1686 3669 1701 3705 :
1745 3665 1850 3706 non
1884 3652 2026 3708 enim

410 3777 412 3779 -
459 3741 710 3810 intelligit
743 3741 940 3808 aliquis
975 3740 1165 3805 Deum,
1211 3739 1298 3797 vel
1336 3740 1484 3797 videt
1527 3741 1726 3812 ipsum,
1752 3753 1808 3797 et
1837 3754 2028 3813 postea

457 3832 785 3896 veritatem;
821 3831 912 3886 sed
949 3842 1104 3884 antea
1138 3831 1452 3896 veritatem,
1487 3839 1546 3885 ut
1591 3832 1693 3888 isto
1746 3834 1904 3887 modo
1940 3848 2032 3887 ve-

455 3923 572 3978 niat
603 3923 672 3978 ad
698 3921 1168 3991 contemplandam
1193 3923 1513 3989 essentiam,
1547 3922 1630 3976 vel
1669 3922 1905 3979 essentia
1936 3938 2029 3977 su-

454 4015 726 4086 periorem
762 4015 1062 4084 potentiam
1113 4025 1169 4069 et
1215 4024 1466 4069 naturam
1517 4015 1634 4068 Dei.
1673 4015 1763 4081 Ac,
1785 4014 2030 4082 profecto

454 4105 709 4170 fortasse,
742 4104 1195 4175 quemadmodum
1245 4107 1446 4174 gradus
1489 4105 1709 4175 quidam
1761 4114 1921 4160 erant
1978 4107 2029 4158 in

458 4196 656 4264 templo
697 4211 795 4266 per
839 4211 976 4266 quos
1015 4195 1422 4265 ingrediebatur
1470 4197 1668 4266 aliquis
1720 4199 1772 4251 in
1826 4197 2028 4252 Sancta

457 4293 796 4352 sanctorum,
832 4287 907 4340 ita
943 4300 1132 4342 omnes
1158 4288 1358 4356 gradus
1385 4290 1558 4342 nostri
1594 4290 1906 4360 unigenitus
1944 4297 2031 4344 est

458 4375 629 4432 Filius
674 4376 768 4431 Dei
807 4392 824 4442 ;
864 4384 921 4432 et
967 4379 1109 4434 sicut
1151 4380 1358 4448 primus
1407 4380 1674 4450 graduum
1711 4379 2030 4450 Uuigenitus

459 4477 545 4524 est
577 4468 631 4524 in
673 4470 835 4525 rebus
862 4469 1070 4537 inferis,
1097 4472 1266 4542 288
1291 4473 1525 4544 itemque
1546 4473 1816 4529 secundus
1853 4472 2030 4543 pritno

2127 3290 2225 3360 τῆς
2243 3287 2432 3356 σοφίας
2466 3283 2828 3358 προσαγωγῆς
2862 3281 2972 3350 (il)
3003 3277 3260 3349 νοηθῆναι
3280 3274 3371 3327 τὸν
3399 3273 3500 3342 τῆς
3516 3269 3706 3338 σοφίας

2127 3379 2279 3434 Θεόν.
2309 3378 2382 3431 Τὸ
2411 3378 2455 3430 δ’
2484 3377 2614 3432 αὐτὸ
2639 3377 2784 3445 ἐρεῖς
2804 3374 2897 3427 καὶ
2924 3371 3052 3442 περὶ
3079 3369 3177 3440 τῆς
3201 3365 3478 3437 ἀληθείας·
3506 3363 3573 3415 οὐ
3605 3361 3706 3430 γὰρ

2130 3471 2241 3525 νοεῖ
2261 3487 2342 3532 τις
2368 3468 2459 3521 τὸν
2491 3466 2644 3531 Θεὸν,
2677 3465 2710 3536 ἢ
2758 3464 2952 3535 θεωρεῖ
2992 3459 3175 3524 αὐτὸν,
3219 3456 3313 3510 καὶ
3361 3453 3506 3525 μετά
3537 3451 3708 3504 ταῦτα

2128 3563 2226 3634 τὴν
2260 3561 2533 3632 ἀλήθειαν·
2561 3557 2695 3612 ἀλλά
2718 3555 2979 3628 πρότερον
3004 3553 3106 3626 τὴν
3130 3548 3406 3620 ἀλήθειαν,
3431 3546 3504 3599 ἶν’
3539 3544 3705 3605 nimo;

2131 3653 2260 3726 ἔλθῃ
2289 3652 2381 3704 ὲπὶ
2399 3651 2460 3703 τὸ
2484 3650 2674 3704 ἐνιδεῖν
2691 3650 2753 3718 τῇ
2781 3646 2960 3717 οὐσία,
2985 3645 3018 3716 ἢ
3040 3645 3106 3712 τῇ
3128 3639 3459 3712 ὑπερέκεινα
3492 3634 3594 3704 τῆς
3619 3635 3708 3686 οὐ-

2132 3748 2252 3810 σίας
2279 3745 2525 3816 δυνάμει,
2551 3744 2643 3797 καὶ
2661 3741 2819 3810 φύσει
2838 3739 2931 3794 τοῦ
2956 3736 3111 3792 Θεοῦ.
3143 3736 3252 3790 Καὶ
3282 3732 3423 3802 τάχα
3441 3748 3509 3800 γε
3525 3730 3711 3799 ὥσπερ

2131 3839 2271 3893 κατά
2288 3837 2379 3891 τὸν
2404 3835 2530 3890 ναὸν
2555 3832 2859 3903 ἀναϐαθμοί
2890 3847 3033 3894 τινες
3045 3825 3206 3900 ἦσαν,
3222 3827 3288 3880 δι’
3313 3817 3389 3878 ὧν
3422 3823 3606 3893 εἰσῄει
3633 3836 3712 3881 τις

2131 3934 2210 3997 είς
2237 3931 2303 3986 τὰ
2328 3931 2492 3998 ’Ἅγια
2523 3927 2632 3981 τῶν
2662 3925 2852 3995 ἁγίων,
2885 3922 3058 3986 οὕτως
3083 3924 3132 3974 οἱ
3161 3920 3360 3981 πάντες
3383 3916 3548 3986 ἡμῶν
3580 3915 3712 3967 ava-

2133 4024 2233 4079 ϐαθ
2243 4024 2331 4095 μοὶ
2351 4023 2380 4074 6
2395 4021 2704 4090 Μονογενής
2729 4020 2844 4072 ὲστι
2875 4016 2968 4070 τοῦ
2984 4013 3119 4068 Θεοῦ
3139 4011 3269 4086 (1Ξ)·
3285 4010 3382 4064 καὶ
3395 4008 3596 4077 ὥσπερ
3609 4005 3714 4058 τῶν

2131 4114 2462 4186 ἀναϐαθμῶν
2501 4116 2529 4167 6
2556 4111 2866 4180 Μονογενής
2888 4110 3004 4161 ὲστι
3037 4105 3252 4177 πρῶτος
3295 4102 3390 4154 ἐπὶ
3426 4101 3503 4155 τά
3541 4099 3713 4161 κάτω,

2131 4209 2161 4261 ὁ
2187 4208 2244 4260 δὲ
2293 4205 2482 4259 τούτου
2523 4203 2800 4274 ἀνωτέρω,
2847 4200 2941 4253 καὶ
2979 4197 3152 4260 οὕτως
3179 4194 3377 4264 ἑφεξῆς
3417 4193 3588 4265 μέχρι
3620 4188 3712 4242 τοῦ

2132 4298 2412 4352 ἀνωτάτω·
2456 4294 2628 4357 οὕτως
2678 4294 2727 4346 οἱ
2780 4291 2879 4363 μὲν
2925 4290 3126 4352 πάντες
3165 4287 3299 4341 εἰσὶν
3349 4282 3661 4352 ἀναϐαθμοὶ
3689 4282 3716 4333 6

2133 4389 2340 4458 Σωτήρ·
2375 4386 2404 4437 6
2431 4385 2486 4438 δὲ
2517 4380 2628 4438 οἷον
2673 4382 2889 4455 πρῶτος
2936 4379 3228 4451 κατωτέρω
3272 4377 3332 4428 τὸ
3373 4373 3716 4444 ἀνθρώπινον

2134 4479 2322 4542 αὑτοῦ,
2363 4471 2408 4546 ᾧ
2446 4475 2814 4539 ἐπιϐαίνοντες
2853 4471 3128 4542 ὁδεύομεν,
3159 4467 3252 4522 καὶ
3286 4465 3356 4519 τὰ
3384 4464 3518 4534 ἑξῆς
3549 4459 3711 4517 αὐτοῦ

460 4559 732 4630 superior,
767 4569 824 4616 et
849 4560 930 4616 sic
957 4531 1410 4636 deintgps'usque
1437 4531 1515 4620 .ad
1545 4531 1869 4636 supremum‘
1900 4583 1915 4632 ;
1949 4565 2017 4620 sic

2133 4571 2282 4634 ὄντα,
2317 4570 2416 4640 τὴν
2441 4570 2621 4622 πᾶσαν
2644 4569 2701 4619 ὲν
2727 4568 2841 4628 τοῖς
2873 4560 3206 4631 ἀναϐαθμοῖς
3237 4557 3378 4621 ὁδὸν,
3401 4555 3544 4608 ὥστε
3579 4554 3714 4606 ἀνα-

457 4670 649 4712 omnes
670 4658 870 4728 gradus
891 4670 1022 4715 sunt
1047 4659 1340 4722 Servator:
1365 4667 1521 4738 cujus
1560 4667 1875 4723 humanitas
1907 4681 2032 4736 gra-

2129 4664 2290 4735 ϐῆναι
2332 4662 2400 4714 δι’
2432 4658 2594 4714 αὐτοῦ
2627 4659 2781 4721 ὄντος
2825 4658 2916 4710 καὶ
2948 4654 3203 4724 ἀγγέλου,
3245 4652 3338 4706 καῖ
3369 4648 3480 4702 τῶν
3512 4644 3716 4700 λοιπῶν

460 4750 564 4806 dus
589 4750 820 4808 inferior
845 4754 1014 4810 veluti
1038 4756 1248 4827 primus
1264 4766 1349 4814 est
1372 4776 1388 4818 ι
1413 4773 1511 4830 per
1535 4775 1696 4830 quam
1721 4760 2017 4830 gradiente:

2129 4753 2427 4824 δυνάμεων.
2491 4752 2598 4804 Καὶ
2649 4748 2790 4803 κατὰ
2827 4746 2926 4810 τὰς
2958 4743 3198 4807 ἐπινοίας
3236 4744 3294 4796 δὲ
3335 4741 3502 4794 αὺτοῦ
3535 4741 3716 4809 (εἴπερ

457 4843 750 4899 emetimur
797 4860 1014 4902 omnem
1048 4847 1318 4918 graduum
1351 4851 1518 4916 viain,
1566 4861 1624 4906 ct
1671 4852 1927 4921 deinceps
1968 4867 2017 4906 οε

2130 4845 2314 4917 ἕτερόν
2365 4846 2512 4896 ἐστιν
2565 4843 2681 4906 ὁδὸς
2721 4840 2816 4894 καὶ
2858 4839 3042 4911 θύρα),
3087 4835 3506 4910 προαπαντῆσαι
3541 4834 3626 4886 δεῖ
3654 4833 3715 4899 τῇ

458 4949 579 5001 ηοω
629 4936 744 5006 ipse
782 4946 906 5003 est;
935 4937 1005 4992 ita
1046 4946 1106 4994 ut
1146 4942 1505 4997 ascendamns
1545 4955 1642 5009 per
1689 4943 1889 5011 ipsum,
1940 4957 2010 5012 qu

2138 4936 2262 5007 ὁδῷ,
2289 4936 2375 4991 ἵνα
2406 4935 2542 5006 μετὰ
2565 4933 2736 4987 ταῦτα
2753 4932 2925 4993 οὕτως
2955 4929 3138 5002 φθάσῃ
3167 4944 3249 4990 τις
3280 4927 3372 4978 ἐπὶ
3394 4926 3492 4995 τὴν
3522 4923 3715 4994 θύραν,

457 5021 698 5092 Angelus
726 5036 809 5081 est
831 5037 885 5082 et
910 5039 1122 5085 caetera:
1152 5031 1428 5100 potentiae.
1457 5031 1600 5098 Quin
1623 5033 1788 5087 etiam
1816 5043 2017 5104 proptet

2142 5025 2234 5077 καὶ
2277 5024 2494 5096 ἄρχοντι
2537 5019 2842 5093 χρήσασθαι
2884 5017 3034 5086 αὑτῷ
3072 5017 3190 5070 καθ’
3231 5016 3259 5068 6
3303 5016 3508 5084 ποιμήν
3547 5015 3716 5074 ἐστιν,

463 5113 931 5174 considerationes
979 5120 1047 5174 de
1096 5120 1213 5189 ipso
1244 5120 1708 5191 (quandoquidem
1756 5122 1901 5178 aliud
1951 5140 2010 5180 es

2141 5118 2229 5171 ἵνα
2264 5133 2346 5178 τις
2373 5113 2574 5186 δυνηθῇ
2609 5113 2773 5168 αὐτοῦ
2811 5110 3115 5166 ἀπολαῦσαι
3149 5110 3241 5162 καὶ
3275 5107 3560 5178 βασιλέως,
3589 5106 3717 5159 6v:-

462 5207 548 5263 via
596 5217 653 5262 et
691 5209 832 5265 aliud
873 5210 1119 5282 ostium),
1151 5211 1384 5281 primum
1420 5227 1710 5283 pergamus
1759 5229 1855 5284 per
1889 5216 2017 5270 viarr

2142 5209 2264 5263 σθαί
2283 5225 2342 5262 τε
2369 5206 2531 5260 αὐτοῦ
2548 5205 2763 5277 πρῶτον
2783 5205 2857 5268 ὡς
2879 5201 3075 5274 ἀμνοῦ,
3102 5202 3190 5255 ἵνα
3206 5199 3420 5272 πρῶτον
3437 5200 3547 5269 ἄρῃ
3561 5195 3722 5268 ἡμῶν

463 5313 686 5354 necesse
732 5308 836 5367 est,
877 5309 940 5354 ut
983 5313 1170 5372 postea
1205 5305 1310 5360 isto
1348 5306 1506 5359 modo
1542 5305 1922 5374 perveniamus
1960 5308 2017 5362 ad

2137 5305 2236 5377 τὴν
2280 5303 2572 5376 ἁμαρτίαν,
2615 5302 2710 5354 καὶ
2754 5299 2891 5372 μετά
2911 5296 3086 5351 ταῦτα
3113 5291 3575 5365 κεκαθαρισμένοι
3607 5289 3722 5360 (i3)

461 5389 714 5456 ostium;
761 5401 816 5447 et
859 5393 925 5446 ad
970 5396 1224 5453 utendum
1271 5412 1357 5462 eo,
1388 5398 1658 5468 praecipue
1687 5397 1738 5452 in
1765 5408 2017 5467 quantum

2135 5402 2396 5473 φάγωμεν
2439 5393 2604 5450 αὐτοῦ
2654 5393 2753 5465 τῆς
2790 5389 3011 5462 σαρκὸς,
3042 5388 3144 5458 τῆς
3185 5385 3446 5458 ἀληθινῆς
3487 5380 3717 5456 τροφῆς·

535 5553 757 5613 “Joan.
777 5569 896 5617 vni,
923 5555 1013 5610 l9.
1090 5557 1135 5589 ⁶⁹
1164 5555 1322 5613 Joan.
1349 5573 1466 5625 ur,
1494 5557 1548 5613 9.
1621 5559 1668 5590 ⁷⁸
1688 5557 1847 5614 Prov.
1894 5573 2016 5626 vm,
2041 5559 2131 5612 τε.

535 5701 651 5784 (ω
673 5699 1101 5784 ’ἔροεαγωτῆςο
1130 5699 1495 5784 ﬁculensi":
1528 5701 1881 5784 προαγωγῇς-

547 5771 657 5844 (12)
698 5773 752 5825 '0
780 5771 1280 5844 ligor-orerrigeo'n
1301 5772 1415 5844 τοῦ
1454 5771 1620 5837 Θεοῦ,
1645 5783 1755 5844 ctc.
1785 5773 1872 5825 Sic
1896 5772 2038 5844 hunc

2146 5697 2317 5762 code}
2345 5693 2691 5762 Bodleianus.

2359 5744 2529 5817 Codd.
2562 5761 2759 5828 Regius
2795 5765 2850 5810 et
2895 5755 3252 5828 Barhcritius,
3305 5744 3711 5821 κεκαθαρισμέ-

2275 5784 2306 5818 ι)

547 5767 657 5844 (l2)
698 5767 752 5825 '0
780 5767 1280 5841 Μυκοπέενήςιὲστι
1310 5772 1415 5825 τοῦ
1454 5767 1620 5837 Θεοῦ,
1645 5767 1750 5826 ctc.
1772 5767 1872 5825 Sic
1896 5772 2017 5826 hum

471 5843 674 5914 locum,
709 5844 759 5900 in
801 5842 969 5914 Regio
1003 5843 1190 5899 codice
1218 5843 1490 5907 vitiatum,
1537 5842 1760 5897 sanitati
1801 5842 2012 5898 restitui

2219 5767 2529 5889 (Ιὸὲεοιιιι.
2562 5767 2759 5828 Regius
2795 5767 2850 5810 et
2897 5767 3087 5810 Barbct

2144 5855 2224 5896 νοι
2251 5854 2262 5867 ⁸
2351 5833 2650 5899 odietanus,
2675 5827 3087 5900 κεκαθαρμένοι.

3751 1281 3767 1648 ll
