3806 6526
66 419 154 478 53‘:
1101 414 1460 473 COMMENT.
1497 413 1564 469 ΙΝ
1599 411 1794 469 JOAN.
1834 411 2076 470 TOMUS
2101 414 2246 470 XIX.

64 540 142 594 καὶ
177 535 594 609 ἑπιμελέστερόν
635 553 694 591 τε
735 536 805 590 τὰ
847 505 1228 608 παρακείμενα
1279 535 1488 599 τούτοις
1536 552 1622 598 τις

1734 544 1810 588 est
1853 543 2066 604 pastor,
2093 545 2151 591 ut
2185 535 2310 605 quis
2345 531 2511 587 etiam
2557 544 2624 586 eo
2664 538 2724 585 ut
2756 529 2906 600 Rege
2951 528 3060 585 frui
3105 530 3296 600 possit,

62 630 293 695 ίᾷτάσας
326 629 425 682 καὶ
461 628 816 700 παραλαϐὼν,
851 627 1146 682 ἀκούσεται
1188 626 1322 699 (η),
1363 646 1380 678 ι
1424 628 1488 680 Ei.
1517 627 1618 697 ἐμὲ

1734 624 2006 692 iuvarique
2038 623 2106 678 ab
2140 625 2282 694 ipso,
2337 623 2513 692 primo
2546 618 2744 689 gradu,
2797 633 2895 674 ceu
2939 632 3100 688 agno,
3141 628 3200 672 ut
3242 619 3294 671 in

63 724 228 784 οἴδατε,
251 721 352 774 καὶ
379 723 472 774 τὸν
506 721 728 791 Πατέρα
757 738 858 792 μου
885 719 1087 783 οἴδατε,
1137 738 1155 771 ι
1188 719 1302 783 καὶ,
1340 719 1491 772 Ἐπεὶ
1517 717 1618 789 ἐμὲ

63 816 228 876 οἴδατε,
251 812 354 864 καὶ
384 812 476 864 τὸν
506 809 723 881 Πατέρα
760 827 861 881 μου
887 809 1085 862 οἷδατε.

1723 713 1913 783 primis
1946 714 2100 770 tollat
2129 724 2408 784 peccatum
2441 723 2688 768 nostrum
2715 711 2758 744 “
2792 726 2807 776 ;
2833 724 2898 765 ac
2929 719 3122 779 postea
3149 708 3298 778 puri-

1720 804 1870 861 ﬁcati
1903 808 2252 863 comedamus
2285 808 2456 878 ipsius
2493 821 2740 870 carnem,
2769 817 2964 870 nempe
2997 817 3183 856 verum
3215 800 3298 855 ci--

65 908 164 960 bum
189 925 203 962 :
229 921 468 975 cumque
507 905 631 975 quis
671 903 984 972 diligentius
1025 909 1395 971 perscrutatus
1437 898 1602 955 fuerit
1664 899 1751 956 his
1800 904 2047 970 proxima
2093 903 2527 972 perceperitque,
2591 899 2722 954 illud
2758 897 2992 951 audiet:
3026 912 3047 946 ι
3109 892 3168 948 Si
3210 904 3300 949 me

64 999 268 1062 sciretis,
319 1008 379 1053 et
417 998 632 1052 Patrem
681 1013 857 1052 meum
895 997 1108 1051 sciretis
1151 997 1197 1028 ⁷³
1231 1013 1244 1059 ς
1273 1015 1292 1048 ι
1329 1005 1411 1050 et:
1450 993 1716 1060 Quoniam
1745 1010 1838 1050 me
1868 997 2040 1062 scitis,
2067 1005 2121 1051 et
2155 995 2369 1050 Patrem
2406 1010 2582 1050 meum
2609 993 2788 1048 scitis.

116 1091 161 1143 9..
195 1107 214 1140 ι
247 1089 443 1143 Ταῦτα
471 1089 539 1142 τὰ
579 1090 800 1159 ῥήματα
837 1086 1096 1158 ἐλάλησεν
1123 1088 1178 1140 ὲν
1207 1085 1283 1156 τῷ
1315 1083 1622 1153 γαζοφυλα-

63 1183 163 1254 κίῳ,
188 1182 458 1236 διδάσκων
481 1184 538 1234 ὲν
568 1181 646 1252 τῷ
675 1178 826 1252 ἱερῷ,
854 1179 947 1232 καὶ
980 1178 1154 1242 οὐδεὶς
1187 1178 1410 1232 ἐπίασεν
1435 1176 1616 1241 αὑτὸν,

62 1276 127 1328 ὅτι
155 1272 299 1326 οὔπω
339 1272 587 1344 ἐληλύθει
631 1273 665 1344 ή
709 1269 830 1342 ὥρα
865 1269 1056 1324 αὐτοῦ·
1094 1288 1113 1322 ι
1141 1270 1204 1322 Ei
1243 1269 1316 1340 μή
1349 1287 1401 1321 τι
1429 1270 1620 1340 χρήσι-

64 1384 143 1436 μον
169 1361 230 1437 ἦν
263 1363 464 1434 μαθεῖν
511 1367 576 1417 ὲκ
620 1363 714 1418 τοῦ
757 1363 827 1416 τὰ
861 1362 1232 1434 προειρημένα
1277 1360 1619 1432 άπηγγέλθαι

62 1459 147 1510 ὑπὸ
172 1457 259 1510 τοῦ
296 1451 554 1529 Σωτῆρος
583 1457 678 1510 καὶ
705 1454 1032 1525 λελαλῆσθαι
1055 1453 1166 1526 (15)
1196 1457 1254 1507 ὲν
1283 1453 1359 1524 τῷ
1386 1451 1621 1523 γαζοφυ-

60 1549 222 1619 λακίῳ,
252 1549 362 1601 οὐκ
392 1548 458 1601 ἂν
484 1548 822 1619 προσέθηκεν
861 1548 892 1599 ὁ
932 1546 1334 1618 Εύαγγελιστὴς
1359 1540 1441 1610 οἷς
1469 1542 1620 1599 εἴπεν

62 1640 336 1711 οἰησοῦς,
367 1642 450 1694 τό·
492 1659 513 1694 ί
552 1640 736 1693 Ταῦτα
776 1639 846 1695 τὰ
890 1641 1108 1711 ῥήματα
1157 1637 1414 1710 ἐλάλησεν
1455 1639 1513 1692 ὲν
1542 1637 1620 1708 τῷ

63 1731 426 1802 γαζοφυλακίῳ
470 1732 737 1784 διδάσκων
763 1732 822 1784 ὲν
851 1731 932 1802 τῷ
962 1729 1110 1802 ἱερῷ·
1163 1748 1182 1782 ι
1224 1731 1319 1783 καὶ⁵
1349 1728 1620 1800 πανταχοῦ

1795 1085 1850 1140 2.
1886 1103 1906 1138 ι
1943 1085 2065 1141 Haec
2101 1088 2262 1141 verba
2296 1085 2512 1139 locutus
2573 1093 2657 1138 est
2691 1083 2742 1136 in
2784 1081 3175 1153 gazOphylacio
3202 1079 3303 1136 da-

1723 1191 1856 1231 cens
1885 1176 1938 1230 in
1973 1177 2173 1246 templo
2213 1194 2228 1232 :
2274 1186 2328 1231 et
2367 1177 2546 1230 nullus
2591 1192 2716 1231 eum
2745 1173 3124 1244 apprehendit,
3155 1173 3298 1242 quod

1726 1268 1967 1324 nondum
2025 1277 2253 1324 venerat
2289 1267 2422 1322 hora
2453 1265 2568 1334 ejus
2609 1266 2676 1318 ⁷³.
2728 1284 2747 1318 ι
2797 1262 2907 1317 Nisi
2943 1263 3124 1332 aliqua
3155 1269 3301 1316 esset

1724 1358 1957 1424 utilitas,
1994 1374 2060 1414 eo
2093 1359 2235 1428 quod
2267 1359 2522 1428 pranlicta
2560 1355 2806 1410 nuntiata
2848 1353 3004 1408 fuere
3047 1367 3113 1407 ac
3153 1352 3298 1406 dicto

1723 1466 1754 1504 a
1782 1450 2077 1506 Servatore
2107 1451 2163 1505 in
2190 1447 2604 1520 gazophylacio,
2631 1444 3052 1518 haudquaquam
3078 1443 3299 1497 additu-

1723 1558 1820 1596 rus
1837 1541 2011 1598 fuerat
2032 1542 2365 1612 evangelista
2392 1541 2477 1595 his
2502 1554 2624 1608 quae
2653 1539 2863 1592 dixerat
2887 1534 3048 1590 Jesus
3073 1553 3088 1589 :
3124 1547 3142 1580 ι
3172 1531 3301 1588 Haec

1725 1636 1892 1690 verba
1932 1635 2142 1690 locutus
2175 1643 2259 1690 est
2290 1634 2344 1687 in
2404 1629 2789 1702 gazophylacio
2833 1629 3033 1682 docens
3072 1626 3127 1680 in
3161 1635 3300 1679 tem-

1727 1728 1858 1797 plo;
1891 1747 1908 1780 ι
1944 1737 1999 1782 et
2038 1727 2355 1796 frequenter
2379 1725 2472 1779 ubi
2503 1722 2721 1777 additur
2748 1739 2762 1776 :
2793 1720 2919 1775 Haec
2948 1717 3112 1773 verba
3142 1717 3298 1771 locu-

62 1841 114 1892 γε
134 1826 253 1878 ὅπου
273 1825 622 1897 πρόσκειται·
655 1822 840 1877 Ταῦτα
870 1823 944 1878 τὰ
969 1823 1187 1894 ῥήματα
1212 1822 1247 1876 ἃ
1279 1819 1540 1892 ἐλάλησεν
1565 1821 1622 1874 ὲν

1734 1832 1814 1876 lus
1841 1831 1924 1876 est
1959 1821 2011 1874 in
2049 1819 2138 1873 tali
2175 1819 2316 1881 loco,
2353 1819 2398 1873 si
2443 1814 2789 1885 indagaveris
2819 1811 3111 1874 rationem,
3143 1809 3301 1863 inve-

64 1910 146 1984 ιξῶέ
162 1934 256 1970 τινι
279 1917 462 1988 τόπῳ,
489 1915 787 1986 ἐπιστήσας
810 1915 1065 1986 εὑρήσεις
1090 1913 1150 1967 τδ
1172 1913 1272 1982 τῆς
1306 1909 1622 1984 προσθήκης

65 2008 269 2078 εὔλογον.
315 2009 415 2063 Ἶν’
469 2004 562 2062 οὖν
610 2006 774 2077 νοηθῇ
815 2006 868 2058 τί
913 2005 976 2058 τὸ
1018 2005 1077 2058 ὲν
1121 2004 1200 2075 τῷ
1244 2002 1624 2074 γαζοφυλακίῳ

65 2100 207 2153 ταῦτα
236 2099 307 2153 τὰ
339 2101 561 2171 ῥήματα
582 2097 649 2151 τὰ
677 2097 783 2152 ὑπὸ
810 2096 905 2149 τοῦ
953 2095 1126 2165 Ἰησοῦ
1151 2093 1422 2165 εἰρῆσθαι,
1448 2110 1627 2164 παρα-

67 2192 318 2263 θησόμεθα
360 2191 504 2262 ἅπερ
548 2190 656 2244 ἀπὸ
689 2191 877 2242 Λουκᾶ
904 2189 999 2242 καὶ
1038 2187 1268 2258 Μάρκου
1304 2185 1626 2257 μεμαθήκα-

71 2299 169 2353 μεν,
213 2283 602 2352 ὀνομασάντων
647 2281 708 2334 τὸ
749 2279 1170 2349 γαζοφυλάκιον·
1221 2276 1330 2330 ἀπὸ
1378 2276 1476 2346 μὲν
1530 2273 1624 2327 τοῦ

65 2376 222 2428 Amata.
269 2373 472 2428 ταῦτα·
509 2393 527 2425 ι
574 2372 913 2442 Ἀναϐλέψας
961 2371 1018 2425 δὲ
1069 2372 1147 2433 είς
1179 2370 1306 2431 τοὺς
1339 2367 1628 2438 βάλλοντας

67 2466 130 2528 εἰς
156 2465 211 2518 τδ
239 2464 648 2534 γαζοφυλάκιον
672 2464 742 2518 τά
772 2464 920 2537 δῶρα
969 2462 1149 2517 αὐτῶν
1172 2460 1480 2523 πλουσίους,
1521 2453 1626 2511 εἶδέ

65 2573 164 2609 τινα
190 2558 369 2629 χήραν
395 2556 656 2627 πενιχρὰν
691 2554 989 2625 βάλλουσαν
1004 2552 1176 2608 λεπτὰ
1201 2551 1315 2615 δύο,
1346 2550 1438 2604 καὶ
1452 2543 1622 2602 εἶπεν·

76 2649 286 2720 Ἀληθῶς
315 2649 630 2720 λέγωύμῖν,
661 2650 745 2702 ὅτι
778 2650 812 2719 ἡ
839 2649 983 2720 χήρα
1016 2647 1050 2717 ὴ
1079 2645 1268 2715 πτωχὴ
1289 2641 1430 2712 αὕτη
1447 2640 1629 2694 πλεῖον

68 2742 256 2795 πάντων
284 2740 471 2794 ἔϐαλε·
495 2741 689 2803 πάντες
722 2740 832 2811 γὰρ
847 2733 993 2792 οὗτοι
1011 2739 1075 2790 ὲκ
1105 2735 1199 2789 τοῦ
1218 2732 1629 2806 περισσεύοντος

68 2834 224 2895 αὐτοῖς
243 2831 442 2886 ἔϐαλον
470 2834 549 2895 είς
582 2832 651 2885 τὰ
681 2831 830 2903 δῶρα
865 2831 961 2884 τοῦ
991 2827 1146 2882 Θεοῦ·
1183 2826 1323 2896 αὕτη
1358 2825 1414 2878 δὲ
1445 2827 1509 2876 ὲκ
1536 2822 1628 2877 τοῦ

68 2923 418 2995 ὑστερήματος
437 2923 603 2993 αὐτῆς
616 2923 793 2976 πάντα
803 2923 895 2975 τὸν
910 2921 1024 2992 βίον
1037 2919 1255 2988 ἑαυτῆς,
1267 2917 1326 2968 ὃν
1337 2911 1481 2985 εἶχεν
1495 2914 1626 2982 (16),

71 3016 253 3069 ἑδαλεν.
310 3035 333 3069 ι
368 3017 504 3072 Ἀπὸ
534 3015 591 3068 δὲ
623 3015 718 3068 τοῦ
754 3014 896 3068 κατὰ
923 3012 1167 3083 Μάρκον·
1206 3029 1225 3062 ι
1269 3009 1380 3062 Καὶ
1409 3006 1576 3070 ἑστὼς
1601 3007 1630 3058 ὁ

69 3108 253 3179 Ἰησοῦς
271 3108 563 3162 κατέναντι
580 3106 674 3160 τοῦ
703 3105 1104 3174 γαζοφυλακίου
1129 3100 1372 3173 ἐθεώρει,
1397 3100 1491 3152 καὶ
1522 3100 1630 3161 πᾶς

1728 1915 1848 1969 nies
1874 1912 2019 1982 quod
2052 1911 2123 1965 sit
2154 1910 2228 1965 illi
2263 1910 2632 1964 additamenta
2662 1912 3059 1960 consentanea.
3091 1899 3160 1955 Ut
3200 1899 3302 1967 igi-

1726 2014 1817 2062 tur
1845 2004 2186 2073 intelligatur
2218 2000 2448 2070 aliquid,
2483 2013 2652 2068 quare
2701 2012 2730 2050 a
2761 1995 2886 2050 Jesu
2926 1992 3070 2047 dicta
3102 1989 3302 2043 fuerint

1725 2095 1843 2150 haec
1873 2094 2040 2148 verba
2081 2093 2136 2146 in
2171 2089 2581 2162 gazophylacio,
2625 2097 2962 2155 apponemus
3004 2095 3069 2136 ea
3116 2093 3236 2148 quae
3270 2091 3304 2132 ιι

1725 2186 1870 2241 Luca
1896 2195 1952 2240 et
1987 2184 2171 2238 Marco
2203 2182 2518 2244 didicimus,
2557 2179 2649 2248 qui
2680 2177 3007 2231 mentionem
3037 2171 3308 2243 gazophy-

1728 2278 1851 2334 lacii
1887 2277 2150 2332 fecerunt.
2182 2275 2248 2330 Et
2277 2276 2391 2329 haec
2421 2273 2637 2342 quidem
2666 2267 2826 2323 Lucae
2852 2275 2977 2321 sunt
3011 2263 3178 2318 verba
3205 2261 3299 2317 τις

1734 2386 1754 2420 ι
1788 2367 2108 2436 Respiciens
2140 2378 2318 2420 autem
2357 2364 2409 2418 in
2437 2363 2637 2416 divites
2676 2373 2902 2413 munera
2933 2371 3029 2411 sua
3062 2355 3114 2408 in
3148 2367 3304 2424 gazo-

1728 2459 2040 2529 phylacium
2077 2457 2380 2521 mittentes,
2425 2454 2558 2508 vidit
2595 2449 2978 2522 pauperculam
3009 2445 3302 2516 quamdam

1729 2553 1947 2606 viduam
1977 2551 2282 2606 mittentem
2314 2549 2519 2602 minuta
2561 2548 2687 2609 duo,
2718 2553 2774 2600 et
2809 2543 2947 2600 dixit
2975 2560 2988 2596 :
3023 2540 3160 2596 Vere
3184 2540 3306 2596 dico

1729 2642 1887 2696 vobis
1919 2641 2058 2696 hanc
2083 2655 2376 2709 pauperem
2402 2639 2619 2692 viduam
2652 2637 2774 2705 plus
2799 2649 2964 2706 quam
2995 2646 3185 2688 omnes
3211 2631 3310 2685 mi-

1728 2733 1868 2788 sisse
1894 2750 1906 2786 :
1935 2748 2060 2786 nam
2093 2746 2288 2786 omnes
2321 2730 2373 2784 hi
2401 2745 2468 2784 ex
2491 2744 2556 2785 eo
2583 2728 2726 2798 quod
2755 2727 2857 2782 sibi
2891 2724 3181 2785 redundat,
3205 2722 3308 2776 mi-

1729 2834 1918 2880 serunt
1960 2825 2014 2878 in
2051 2825 2190 2878 dona
2257 2822 2395 2886 Dei;
2443 2821 2559 2875 haec
2611 2828 2791 2873 autem
2833 2831 2898 2871 ex
2939 2815 3162 2885 penuria
3207 2828 3306 2867 sua

1731 2917 2044 2972 universam
2087 2914 2452 2970 substantiam
2495 2926 2674 2972 suam,
2722 2922 2884 2978 quin
2915 2904 3171 2966 habebat,
3208 2900 3308 2954 mi-

1731 3011 1820 3064 sit.
1865 3028 1884 3063 ι
1925 3007 2091 3062 Marci
2125 3023 2254 3062 vero
2282 3006 2446 3060 verba
2478 3003 2558 3059 sic
2589 3017 2647 3056 se
2679 3001 2881 3055 habent
2915 2999 2961 3029 ⁷⁸
2990 3016 3003 3052 :
3044 3015 3061 3046 ι
3091 2995 3306 3049 Etcum

1733 3100 1949 3154 sederet
1997 3096 2157 3152 Jesus
2209 3112 2277 3151 ex
2327 3096 2558 3150 adverso
2589 3088 2990 3162 gazophylacii,
3023 3083 3310 3154 spectabat

69 3177 230 3254 ἔβαλλε
254 3202 367 3272 (17)
402 3200 604 3272 χαλκὸς
652 3198 714 3270 [ί.
747 3195 969 3269 χαλκὸν]
1012 3198 1091 3259 εἰς
1125 3195 1185 3248 τὸ
1213 3191 1628 3262 γαζοφυλάκιον,

1736 3191 2011 3260 quomodo
2039 3187 2326 3243 multitudo
2357 3187 2602 3240 mitteret
2626 3198 2700 3238 aes
2725 3183 2777 3236 in
2817 3177 3262 3250 gazophylacium
3290 3191 3306 3229 :

73 3292 148 3346 zz".
172 3292 349 3346 πολλοὶ
382 3291 630 3345 πλούσιοι
670 3289 893 3342 ἐὸαλλον
938 3287 1126 3340 πολλά·
1168 3283 1394 3338 ἐλθοῦσα
1433 3282 1490 3335 δὲ
1534 3281 1632 3351 μία

72 3387 191 3455 χήρα
225 3383 415 3454 πτωχὴ
443 3381 602 3435 ἔϐαλε
631 3380 802 3434 λεπτὰ
823 3380 936 3443 δύο,
963 3380 992 3432 ὃ
1025 3380 1140 3431 ἐστι
1171 3375 1484 3446 κοδράντης·
1539 3371 1632 3425 καὶ

75 3475 562 3545 προσκαλεσάμενος
594 3474 720 3537 τοὺς
755 3471 1001 3543 μαθητὰς
1029 3467 1196 3522 αὐτοῦ
1239 3463 1391 3520 εἶπεν
1425 3466 1628 3528 αὐτοῖς·

73 3565 218 3638 Ἀμὴν
245 3566 395 3633 λέγω
429 3565 578 3637 ὑμῖν,
610 3565 692 3618 ὅτι
734 3563 932 3634 ήχήρα
971 3563 1006 3631 ή
1047 3558 1236 3630 πτωχὴ
1277 3556 1416 3628 αὕτη
1451 3555 1632 3609 πλεῖον

76 3659 262 3712 πάντων
294 3658 459 3711 ἔϐαλε
486 3655 596 3710 τῶν
644 3653 944 3727 βαλλόντων
986 3655 1066 3716 εἰς
1110 3651 1172 3704 τὸ
1211 3647 1628 3718 γαζοφυλάκιον·

77 3751 248 3813 πάντες
265 3750 378 3821 γάρ
400 3751 468 3802 ἐκ
497 3747 592 3800 τοῦ
626 3745 1040 3820 περισσεύοντος
1078 3743 1265 3806 αὐτοῖς
1293 3741 1504 3794 ἔϐαλον·
1533 3738 1633 3792 αὖ-

75 3859 127 3912 τη
166 3843 217 3896 δὲ
251 3845 316 3895 ὲκ
357 3843 460 3912 τῆς
507 3840 851 3910 ὑστερήσεως
893 3836 1065 3906 αὐτῆς
1117 3835 1297 3887 πάντα
1341 3834 1441 3885 ὅσα
1491 3827 1634 3900 εἶχεν

76 3935 259 4000 ἔϐαλεν,
310 3934 436 3987 ὅλον
471 3932 564 3984 τὸν
615 3929 729 4000 βίον
760 3929 950 3998 αὐτῆς.
990 3946 1009 3980 ι
1051 3925 1117 3980 Τί
1158 3925 1214 3978 δέ
1253 3943 1344 3996 μοι
1389 3923 1634 3995 βούλεται

74 4029 101 4096 ἡ
125 4028 222 4079 τῶν
249 4027 432 4099 ῥητῶν
463 4023 765 4097 παράθεσις
789 4023 1111 4092 τηρήσαντι,
1137 4018 1298 4072 ὅτιτὸ
1331 4014 1638 4085 γαζοφυλά-

77 4137 171 4172 κιον
193 4121 246 4172 ὲν
284 4119 364 4189 τῷ
393 4116 526 4189 ἱερῷ
548 4112 636 4187 ἧν,
665 4115 806 4185 ὑπὲρ
824 4112 917 4166 τοῦ
935 4113 1122 4180 νοῆσαι
1143 4109 1240 4182 τὴν
1271 4108 1637 4181 προκειμένην

77 4204 153 4265 τοῦ
188 4207 433 4260 Ἰωάννου
467 4203 632 4268 λέξιν,
683 4203 783 4275 ἤδη
824 4201 1073 4272 λέξομεν.
1118 4201 1182 4254 El
1231 4199 1292 4252 τὸ
1341 4199 1482 4271 ἱερὸν
1525 4196 1635 4269 (18)

1733 3290 1789 3336 et
1815 3280 1968 3334 multi
1999 3279 2200 3334 divites
2229 3277 2513 3330 mittebant
2549 3272 2712 3327 multa
2739 3288 2754 3337 ;
2783 3284 2905 3324 cum
2937 3267 3178 3322 venisset
3211 3279 3302 3318 au-

1735 3383 1841 3428 tem
1872 3372 2120 3443 quaedam
2148 3369 2309 3424 vidua
2341 3381 2568 3438 pauper,
2596 3361 2746 3420 misit
2778 3362 2982 3415 minuta
3011 3359 3141 3423 duo,
3165 3353 3309 3426 quod

1734 3475 1820 3521 est
1869 3463 2149 3534 quadrans
2195 3476 2212 3529 ;
2259 3461 2576 3529 vocatisque
2614 3457 2682 3512 ad
2729 3468 2788 3510 se
2827 3452 2995 3524 289
3034 3447 3314 3520 discipulis

1735 3560 1871 3625 suis,
1901 3557 2035 3611 dicit
2068 3555 2180 3611 illis
2209 3573 2223 3611 :
2259 3555 2429 3610 Amen
2461 3553 2582 3607 dico
2609 3549 2788 3615 vobis,
2829 3548 2958 3618 quia
2995 3544 3160 3599 vidua
3195 3541 3314 3596 haec

1736 3667 1940 3721 panper
1969 3651 2089 3721 plus
2117 3647 2264 3704 misit
2293 3660 2458 3714 quam
2492 3657 2685 3697 onmes
2711 3638 2805 3710 qui
2833 3639 3101 3692 miserunt
3129 3635 3182 3688 in
3215 3647 3313 3702 ga-

1735 3743 2117 3813 zophylacium
2151 3761 2164 3796 :
2193 3754 2318 3794 nam
2370 3750 2565 3792 omnes
2599 3748 2666 3787 ex
2708 3747 2774 3788 eo
2802 3730 2947 3801 quod
2979 3728 3087 3783 illis
3117 3738 3312 3793 super-

1737 3846 1878 3898 erat,
1911 3836 2215 3898 miserunt;
2242 3841 2300 3884 at
2350 3831 2472 3884 haec
2504 3843 2533 3882 e
2567 3824 2790 3896 penuria
2821 3837 2918 3877 sua
2951 3820 3132 3876 omnia
3168 3833 3316 3888 quaa-

1739 3944 1953 3998 cunque
1990 3925 2253 3990 habebat,
2282 3921 2454 3985 misit,
2490 3928 2655 3974 totam
2685 3913 3050 3972 substantiam
3077 3925 3254 3965 suam.
3294 3927 3313 3960 ι

1738 4022 1877 4089 Quid
1917 4029 2100 4074 autem
2141 4032 2242 4088 ego
2278 4013 2438 4070 velim
2478 4011 2777 4066 observans
2828 4004 3160 4061 additionem
3195 4015 3322 4053 ver-

1739 4112 1956 4177 borum,
1986 4125 2184 4180 nempe
2215 4108 2359 4179 quod
2390 4099 2837 4177 gazophylacium
2869 4105 2989 4150 erat
3017 4095 3068 4147 in
3099 4090 3319 4160 templo,

1737 4218 1840 4274 pro
1870 4200 2228 4270 intelligentia
2267 4190 2851 4255 contextnsJoannis,
2879 4201 2988 4257 quo
3016 4187 3083 4240 de
3111 4185 3318 4253 agitur,

78 4299 323 4369 ἀνάγομεν
376 4296 473 4351 τοῦ
525 4294 684 4359 Θεοῦ,
729 4295 821 4348 καὶ
876 4293 1018 4348 κατὰ
1063 4293 1154 4346 τὸν
1192 4292 1339 4355 ναὸν,
1393 4290 1504 4344 εἴτε
1547 4289 1629 4343 τὸν

1735 4273 1848 4365 iam
1879 4293 2145 4348 dicemus.
2177 4291 2306 4346 Sive
2347 4284 2605 4356 templum
2644 4281 2762 4348 Dei,
2793 4290 2849 4337 et
2877 4293 2999 4348 qua:
3037 4277 3089 4330 in
3120 4273 3323 4343 templo

79 4363 422 4460 πνευματικὸν
468 4389 648 4456 λόγον,
683 4385 861 4457 τούτῳ
894 4384 1202 4448 ἀκολούθως
1245 4383 1340 4437 καὶ
1389 4382 1450 4435 τὸ
1477 4383 1534 4434 ὲν
1561 4381 1629 4453 τῷ

1737 4363 1890 4450 sunt,
1915 4397 2078 4438 sensu
2111 4379 2410 4450 anagogico
2437 4372 2782 4444 exponimus,
2815 4371 2932 4425 sive
2975 4363 3321 4436 spiritualem

80 4480 188 4552 ἱερῷ
225 4481 630 4551 γαζοφυλάκιον
674 4479 1120 4551 κατανοήσωμεν,
1149 4477 1287 4546 ὅπερ
1327 4474 1444 4528 ἐστὶ
1478 4474 1629 4538 τόπος

1744 4488 2076 4539 sermonem,
2092 4471 2218 4525 huic
2239 4474 2644 4537 consequenter
2662 4459 3108 4534 gazophylacium
3133 4455 3324 4522 etiam,

1878 4567 1889 4576 .
1929 4566 1941 4576 .
2170 4562 2183 4576 Ι
2370 4569 2382 4576 .
2480 4557 2758 4576 ιοιξμ,μ.,-
2812 4551 3278 4576 -----2.Ι,ι....Ι-ιζ.υιη..
3306 4568 3322 4576 -

78 4575 405 4642 νομισμάτων
440 4574 521 4635 εἰς
553 4571 719 4641 τιμὴν
750 4567 886 4623 Θεοῦ
927 4568 1018 4622 καὶ
1050 4567 1360 4638 οἰκονομίαν
1392 4564 1629 4620 ἀναπαύ-

1745 4567 1892 4637 quod
1929 4566 1983 4619 in
2021 4562 2220 4630 templo
2269 4569 2412 4625 erat,
2465 4557 2759 4628 diligenter
2807 4551 3323 4608 considerabimus:

82 4638 196 4728 σεως
213 4638 465 4735 πενήτων
496 4638 975 4735 προσφερομένων.
1006 4659 1089 4714 Τὰ
1103 4660 1161 4713 δὲ
1187 4659 1499 4729 νομίσματα
1519 4655 1629 4708 τίνα

1745 4657 1890 4726 quod
1921 4656 2140 4724 quidem
2189 4649 2636 4721 gazophylacium
2667 4648 2818 4700 locus
2849 4659 2971 4698 cum
2999 4642 3071 4694 sit
3113 4638 3326 4694 numis-

81 4755 132 4807 ἂν
157 4759 235 4827 εἴη
265 4757 300 4827 ἢ
329 4728 381 4808 οἱ
401 4728 728 4823 Osiosldyor.‘
744 4728 842 4824 τὴν
879 4752 1061 4806 εἰκόνα
1082 4750 1176 4804 τοῦ
1221 4728 1454 4820 μεγάλου
1490 4746 1629 4817 βασι-

1747 4758 1981 4812 matum,
2015 4761 2135 4816 quae
2176 4743 2481 4800 oll‘ernntnr
2515 4743 2580 4795 ad
2614 4744 2875 4796 honorem
2906 4736 2999 4789 Dei
3034 4742 3087 4787 et
3121 4731 3188 4784 ad
3217 4728 3330 4782 dis-

82 4846 194 4912 λὲως
217 4823 666 4919 ἐντετυπωμένην
705 4823 937 4916 ἔχοντες,
979 4844 1083 4897 ὑπὸ
1121 4842 1358 4912 δοκίμων
1383 4837 1629 4910 τραπεζι-

1746 4839 2127 4915 pensationem
2160 4836 2366 4904 requiei
2395 4848 2720 4904 pauperum,
2751 4829 2880 4899 quid
2909 4823 3052 4879 aliud
3075 4830 3201 4874 sunt
3227 4833 3330 4872 nu-

84 4910 186 4992 :tirt
220 4910 766 5012 θεωρούμενοι,’τῶν
809 4937 1061 5008 χωρίζειν
1103 4910 1486 5002 ἐπισταμένων
1533 4931 1629 4984 άπί

1746 4910 2006 4990 inismata
2033 4945 2194 4999 quam
2209 4927 2379 4981 divini
2403 4939 2683 4981 sermones
2705 4920 2993 4988 imaginem
3018 4914 3197 4978 magni
3222 4910 3327 4962 ltu-

83 5030 172 5084 τῶν
197 5011 432 5102 δοκίμων
463 5030 534 5085 τά
558 5030 813 5101 ἀδόκιμα,
847 5025 1290 5100 προσποιούμενα
1315 5024 1372 5077 δὲ
1389 5019 1524 5076 εἶναι
1562 5022 1629 5075 δά

1751 5021 1839 5092 gis
1870 5022 2192 5091 impressam
2221 5019 2506 5081 habentes,
2540 5014 2629 5082 qui
2663 5011 3084 5066 considerantur
3111 5018 3142 5056 a
3171 5014 3330 5054 mcu-

144 5219 363 5276 "Joan.
398 5237 441 5294 t,
476 5222 564 5276 29.
643 5221 688 5252 "
711 5217 870 5274 Joan.
898 5216 1133 5281 viti,19.
1210 5215 1255 5247 ⁷³
1281 5213 1410 5268 ibid.
1441 5211 1532 5266 εο.
1606 5212 1626 5244 ⁷

1734 5223 1810 5264 te.
1841 5222 1961 5273 ut,
1987 5207 2042 5272 1,
2077 5206 2112 5260 2
2157 5218 2275 5272 seq.
2349 5203 2397 5235 "
2437 5201 2603 5256 Marc.
2645 5211 2744 5261 xu,
2771 5193 2832 5250 ﬂ
2864 5208 2979 5264 seq.

1757 5371 1931 5424 πᾶσιν
1987 5364 2198 5420 ἔϐαλλε.
2242 5363 2466 5434 Vulgata
2515 5358 2681 5414 Marci
2739 5353 3072 5425 exemplaria
3119 5350 3336 5414 Graeca,

1751 5439 1870 5502 πῶς
1909 5442 1938 5493 ὁ
1961 5439 2117 5510 ὄχλος
2138 5435 2342 5510 βάλλει.

1791 5486 2338 5582 (iii)'r§i"£3_‘zébdr_,
2371 5512 2477 5582 etc.
2499 5498 2710 5582 .Codezt
2760 5492 3243 5582 Bodleianus,‘ef§e
3276 5486 3344 5582 τὸ

1751 5559 2397 5650 is‘pvduietclﬂeiirarj'us
2422 5573 2642 5650 videtur
2683 5569 2878 5650 legisse
2928 5565 3039 5650 εἴτε
3084 5563 3151 5650 ei:
3195 5559 3339 5644 ἱερξν

1752 5629 2027 5720 ἀνΐάγδμεν
2068 5644 2350 5720 {toﬁ-9505,
2384 5643 2477 5720 καὶ
2506 5641 2574 5694 τὰ
2597 5629 2762 5720 ’κατᾷ
2792 5638 2881 5690 τὸν
2914 5636 3061 5720 ναὸν,
3100 5633 3208 5720 εἴτε
3247 5629 3342 5720 τξν

1753 5699 2348 5792 πνευματικὸναλόγονέ
2394 5699 2701 5792 Lugendum
2736 5711 2968 5792 fortasse
2997 5706 3048 5792 εξ
3085 5699 3341 5792 τδεὶερξν

1753 5769 2176 5864 (τοῦ-
2208 5769 2342 5864 εὖεοῦ
2391 5769 2583 5839 καῖτά
2633 5782 2778 5835 κατά
2820 5778 2907 5832 τὸν
2963 5775 3088 5831 ναὸν
3123 5773 3208 5834 ,εἰς
3249 5769 3340 5823 τὸν

1753 5857 2130 5932 πνευματικὸν
2163 5857 2339 5922 λόγον.

150 5381 253 5452 (11)
284 5381 466 5436 Codex
498 5380 852 5454 Bodleianns,
881 5377 1208 5433 ἀκούσεται·
1245 5376 1471 5448 Regius,
1494 5373 1651 5430 ἁκού-

94 5468 160 5504 cet
186 5470 263 5517 τε,

151 5523 250 5590 (15)
313 5521 427 5577 Καὶ
479 5518 876 5586 λελαλῆσθαι.
930 5519 988 5573 In
1041 5518 1226 5574 codice
1276 5517 1447 5590 Regio
1495 5517 1648 5571 decst

97 5592 190 5657 καί,
213 5597 304 5646 sed
339 5593 534 5661 legitur
570 5593 622 5645 in
654 5591 965 5643 Bodleiano.
1123 5637 1127 5640 .

153 5655 255 5730 (l6)
297 5655 420 5714 Ὀιῗ
435 5658 617 5730 εἶχεν.
647 5662 748 5713 "Ov
787 5661 994 5714 excidit
1030 5673 1061 5714 e
1108 5658 1295 5713 codice
1328 5657 1522 5724 Regio,
1553 5655 1648 5711 sed

97 5743 252 5784 exstat
287 5733 344 5785 in
379 5730 692 5785 Bodleiano.

149 5801 254 5869 (17)
275 5801 392 5857 Καὶ
419 5801 532 5869 πᾶς
559 5802 798 5858 ἔϐαλλε.
830 5799 921 5854 Sic
943 5799 1141 5853 habent
1164 5797 1379 5851 codices
1403 5795 1649 5869 Bodleia-

104 5865 186 5927 ηυξ
208 5881 262 5928 et
295 5865 646 5932 Barberinus.
683 5874 773 5927 ubi
811 5870 1014 5932 Regius
1048 5881 1331 5934 perperam
1364 5869 1528 5923 habet
1555 5865 1647 5920 καὶ
