3806 6540
476 393 583 452 Β·ίῦ

1887 392 2211 451 ORIGENIS
3603 397 3692 451 5H
3780 392 3781 440 Ξ

474 514 797 578 hant,arena
815 518 932 566 erat
959 525 1128 580 pauca
1156 509 1558 579 comparatione
1575 513 1860 570 verborum
1893 513 2042 568 Jesu.

2166 515 2310 580 ιείοις
2335 514 2666 586 λαλουμένης
2693 514 2884 585 σοφίας
2931 516 2990 568 ἐν
3031 513 3314 585 μυστηρίῳ
3363 512 3697 586 ἀποκεκρυμ-

478 602 762 672 Sapientia
815 602 1087 672 siquidem
1117 613 1234 658 erat
1259 605 1438 673 quiiris
1463 605 1581 672 ejus
1614 619 1816 669 sermo,
1848 606 1914 660 de
1937 621 2042 675 qua

478 695 676 750 dicitur
712 696 806 750 li':
862 714 881 754 ι
936 693 1110 751 Omne
1165 711 1358 749 aurum
1411 688 1594 751 coram
1649 698 1912 767 sapientia
1963 707 2048 754 est

479 798 650 855 pauca
681 800 876 851 arena;
930 795 986 840 et
1015 801 1113 841 ceu
1144 801 1360 840 ctenum
1389 787 1731 857 reputabitur
1759 801 2046 858 argentum

479 891 662 936 coram
693 891 754 931 ea
785 893 799 930 :
840 896 860 929 ι
893 887 948 936 et
980 878 1093 933 haec
1121 889 1270 934 certe
1299 880 1746 946 considerabant,
1787 892 2047 952 quotquot

479 968 654 1024 edocti
685 977 812 1028 sunt
841 968 1029 1024 audire
1066 969 1391 1039 sapientiam
1425 971 1573 1026 illam
1608 988 1728 1042 qua:
1757 975 2050 1030 annuntia-

474 1069 563 1114 tur
589 1059 730 1112 inter
769 1059 1062 1128 perfectos,
1098 1061 1151 1115 in
1182 1063 1443 1132 mysterio
1473 1063 2046 1135 absconditam,quam

482 1150 835 1220 praedestinat
869 1153 1010 1210 Deus
1042 1162 1171 1208 ante
1201 1153 1396 1209 saecula
1429 1156 1496 1208 ad
1519 1155 1793 1225 justorum
1827 1172 2047 1214 suorum

481 1243 708 1312 gloriam
745 1245 810 1298 ⁸³.
841 1245 1275 1301 Considerabunt
1309 1248 1424 1301 haec
1454 1249 1615 1302 etiam
1645 1249 1734 1318 qui
1781 1251 2050 1320 dispicere

481 1336 663 1388 valent
711 1336 1038 1405 sapientiam
1093 1337 1188 1392 Dei
1241 1339 1402 1412 longe
1451 1342 1894 1399 excellentiorem
1951 1360 2042 1398 sa-

480 1424 682 1494 pientia
718 1427 876 1496 hujus
903 1429 1107 1494 saeculi,
1133 1431 1216 1486 vel
1246 1431 1548 1503 principum
1591 1434 1776 1489 saeculi
1804 1433 1963 1500 hujus
1978 1435 2048 1502 3‘,

478 1521 574 1590 qui
607 1522 981 1589 destruuntur,
1015 1540 1114 1580 ceu
1146 1526 1241 1595 qui
1286 1534 1510 1582 utantur
1541 1528 1776 1598 propriis
1817 1529 2051 1600 prophe-

479 1612 574 1679 tis,
605 1622 659 1668 et
690 1623 949 1670 tueantur
975 1617 1382 1688 qualescunque
1411 1633 1712 1687 sermones,
1745 1621 1879 1676 alios
1911 1636 2052 1692 prae—

478 1712 565 1758 ter
601 1705 887 1761 veritatem
922 1727 937 1763 :
971 1725 1096 1763 nam
1127 1720 1337 1765 caetera;
1369 1711 1654 1782 sapientiae
1681 1752 1697 1776 ,
1731 1728 1853 1784 qua:
1883 1713 2048 1768 veluti

479 1810 674 1851 aurum
699 1808 1036 1868 reputantnr,
1061 1817 1224 1856 arena
1255 1813 1380 1858 sunt
1407 1817 1573 1874 parva
1611 1797 1800 1866 coram
1838 1804 2050 1875 sapien-

480 1888 578 1955 tia,
604 1903 766 1959 quam
801 1894 1014 1949 creavit
1053 1895 1193 1951 Dens
1227 1896 1557 1965 principium
1585 1896 1798 1950 viarum
1829 1911 2048 1952 suarum

479 1981 550 2033 ad
598 1996 762 2052 opera
803 1997 901 2038 sua
951 1986 1029 2053 ⁸⁵;
1071 1995 1469 2057 argentumque
1513 1986 1794 2056 splendida
1829 1997 1889 2042 et
1934 1987 2050 2044 elo-

475 2087 654 2141 quens
682 2076 972 2131 multorum
998 2080 1176 2132 oratio
1199 2094 1298 2133 ceu
1334 2093 1550 2134 caenum
1595 2081 1933 2149 reputabitur
1961 2095 2053 2137 co-

481 2179 599 2218 ram
639 2167 808 2221 castis
847 2169 1187 2223 sermonibus
1221 2169 1456 2236 Domini,
1491 2169 1581 2237 qui
1617 2170 1770 2240 igniti
1799 2181 1946 2236 sunt,
1997 2181 2053 2228 et

477 2254 718 2324 purgati,
769 2265 828 2310 et
876 2256 1088 2327 probati
1137 2259 1442 2328 septuplom
1486 2261 1554 2327 ⁸⁵,
1594 2262 1721 2331 quia
1770 2276 2054 2330 processe-

483 2355 610 2398 runt
655 2347 724 2401 ab
759 2346 852 2402 illo
900 2347 1164 2404 Sermone
1198 2351 1289 2418 qui
1333 2360 1456 2406 erat
1486 2353 1540 2407 in
1592 2353 1862 2424 principio
1915 2353 2055 2422 pud

484 2435 651 2490 Deum
685 2438 754 2492 ".
806 2439 1075 2494 Caeterum
1109 2443 1418 2498 testimonia
1447 2459 1516 2498 ex
1565 2445 1706 2500 libro
1731 2449 1823 2515 qui
1862 2445 2059 2502 inscri-

483 2529 632 2582 bitur
652 2529 951 2600 Sapientia,
979 2533 1115 2589 alias
1142 2535 1514 2603 opposuimus,
1543 2546 1601 2590 ut
1625 2537 1933 2593 videremus
1948 2539 2056 2594 vim

476 2619 612 2675 dicti
649 2621 835 2678 illius:
873 2641 893 2675 ι
935 2625 1056 2680 Haec
1077 2627 1238 2681 verba
1269 2641 1390 2696 qua:
1429 2628 1640 2684 locutus
1664 2637 1746 2684 est
1769 2629 1931 2700 292
1968 2628 2059 2686 Je-

477 2725 576 2766 sus
607 2713 658 2766 in
695 2715 1081 2786 gazophylacio
1112 2718 1312 2773 docens
1345 2719 1397 2772 in
1453 2719 1653 2788 templo
1674 2720 1720 2752 ⁸⁸
1751 2737 1769 2776 :
1809 2739 1829 2774 ι
1863 2723 2058 2776 obser-

484 2813 643 2856 vetur
683 2805 826 2858 enim
859 2807 1129 2876 expositio
1175 2809 1242 2864 de
1291 2810 1642 2879 pauperibus,
1689 2811 1866 2880 deque
1898 2812 2056 2866 vidua

485 2897 846 2966 paupercula,
867 2908 921 2952 ut
964 2899 1234 2968 explicata
1264 2911 1375 2965 est,
1409 2911 1464 2955 et
1487 2902 1530 2956 si
1564 2902 1686 2971 quis
1714 2903 1953 2957 imitator
1975 2912 2061 2957 est

479 2986 709 3056 Christi,
742 2989 928 3042 veniat
957 2990 1024 3042 ad
1051 2991 1306 3059 templum
1350 2993 1467 3056 Dei,
1495 2993 1635 3060 quod
1666 3003 1846 3048 mente
1873 2993 2056 3050 cerni-

482 3086 592 3144 tur,
627 3087 682 3132 et
720 3094 824 3132 non
859 3089 940 3134 est
979 3080 1032 3134 in
1065 3081 1205 3147 loco,
1249 3093 1430 3136 mente
1467 3082 1571 3136 iter
1595 3081 1822 3148 faciens,
1857 3093 1912 3138 et
1970 3097 2058 3141 se-

481 3185 656 3239 quens
694 3171 972 3241 spiritum,
1001 3187 1032 3226 a
1063 3187 1172 3242 quo
1207 3189 1367 3227 manu
1399 3174 1520 3228 duci
1553 3174 1669 3244 ipse
1694 3175 1762 3229 ad
1796 3173 2053 3245 templum
2085 3204 2128 3262 C

485 3262 663 3332 ipsum
700 3273 880 3333 potest
906 3281 920 3330 ;
953 3263 1252 3334 aﬂ‘eratque
1278 3267 1502 3335 probata
1533 3266 1885 3332 numismata,
1910 3281 2061 3322 nem-

483 3370 553 3426 pe
584 3359 746 3412 verba
782 3359 906 3412 vitae
935 3366 1161 3412 azlerna:
1188 3357 1255 3412 ad
1298 3358 1766 3429 gazophylacium,
1809 3367 1864 3414 et
1892 3373 2059 3429 Opera

487 3449 864 3518 hujuscemodi
895 3451 1078 3505 verbis
1104 3465 1362 3506 consona.
1401 3443 1577 3521 Atque
1616 3453 1821 3506 utinam
1865 3452 2062 3524 aliquis

457 3548 738 3595 nostrum
771 3556 877 3594 non
927 3542 1000 3596 sit
1033 3541 1120 3596 illa
1153 3557 1360 3612 pauper
1391 3559 1569 3614 neque
1600 3543 1689 3599 illa
1723 3545 1908 3610 vidua,
1942 3561 2062 3614 quae

487 3633 635 3687 terre
679 3631 797 3701 plus
835 3624 922 3687 nil"
961 3633 1104 3688 valet
1151 3635 1363 3690 duobus
1403 3635 1648 3702 minutis,
1685 3650 1860 3705 neque
1912 3636 2062 3692 dives

487 3723 721 3779 aﬂ’erens
748 3739 812 3778 ex
839 3738 904 3778 eo
932 3723 1049 3779 solo
1077 3724 1222 3793 quod
1264 3725 1552 3790 redundat,
1585 3726 1680 3781 sed
1709 3741 1899 3782 omnes
1924 3727 2062 3782 divi-

487 3817 591 3869 tias
631 3816 739 3870 Dco
761 3817 993 3871 dedicet.
1019 3815 1288 3871 Caeterum
1323 3832 1430 3872 non
1464 3818 1648 3872 omnia
1675 3833 1800 3888 quae
1828 3819 2063 3874 habebat

485 3909 656 3962 verba
705 3907 919 3963 locutus
963 3917 1050 3982 est
1091 3906 1249 3964 Jesus
1292 3908 1343 3963 in
1376 3909 1767 3979 gazopltylacie
1815 3909 2057 3974 docens,

484 4001 582 4057 sed
611 4009 691 4056 tot
719 4011 851 4070 quot
875 4001 1120 4071 capiebat
1145 3999 1586 4070 gazophylacium
1614 4016 1629 4068 ;
1660 4015 1786 4055 nam
1822 4015 1890 4056 ne
1907 4016 2062 4056 mun—

489 4098 615 4149 dtnn
652 4095 872 4163 quidem
910 4095 1085 4163 ipsum
1116 4103 1287 4148 totum
1319 4095 1560 4149 arbitror
1581 4107 1778 4163 capere
1812 4093 1908 4148 Dei
1939 4107 2063 4148 ver-

489 4189 620 4242 bum
640 4187 705 4242 ”.
739 4189 990 4241 Attamen
1017 4195 1099 4240 tot
1127 4187 1290 4240 verba
1325 4185 1783 4256 ingazOphylacio
1809 4185 2059 4255 loquens,

489 4288 544 4333 et
583 4279 956 4334 docenchsus
987 4280 1040 4333 in
1058 4279 1281 4346 templo,
1313 4279 1550 4332 nondum
1581 4279 1648 4333 ab
1676 4277 1785 4332 ullo
1817 4287 2060 4344 tenetur;

489 4372 656 4424 verba
685 4385 922 4439 namque
967 4371 1137 4438 ipsius
1187 4369 1414 4425 fortiora
1447 4380 1604 4424 erant
1652 4369 1829 4438 ipsum
1865 4383 2065 4437 appre-

494 4461 734 4516 hendere
777 4462 1087 4516 volentibus
1136 4479 1152 4519 :
1196 4471 1252 4516 et
1300 4472 1451 4516 certe
1495 4461 1736 4530 quandiu
1793 4460 2052 4530 loquitur,

2151 607 2350 678 μένης,
2395 607 2462 678 ἣν
2495 607 2795 682 προώρισεν
2824 609 2853 661 ό
2911 606 3044 668 Θεὸς
3099 606 3203 677 πρὸ
3236 604 3343 658 τῶν
3386 603 3592 659 αἰώνων
3629 607 3698 668 είς

2146 699 2245 770 τὴν
2276 699 2385 753 τῶν
2423 699 2646 754 δικαίων
2678 697 2843 753 αὐτοῦ
2881 698 3071 764 δόξαν,
3133 699 3227 751 καὶ
3272 695 3585 766 δυναμένας
3627 698 3702 749 ἐν·

2147 794 2277 864 ορᾷν
2312 793 2584 866 ὑπεροχὴν
2619 793 2811 862 σοφίας
2859 792 2994 846 Θεοῦ
3044 791 3193 863 παρά
3244 790 3342 860 τὴν
3401 789 3588 860 σοφίαν
3617 789 3701 843 τοῦ
3780 819 3781 866 λ

2148 883 2342 946 αἰῶνος
2373 883 2584 950 τούτου,
2620 883 2654 955 ἢ
2687 882 2792 937 τῶν
2815 884 3091 957 ἀρχόντων
3123 879 3217 934 τοῦ
3254 880 3450 944 αἰῶνος
3476 877 3658 932 τούτου
3687 921 3700 943 ,

2147 972 2254 1026 τῶν
2284 974 2739 1045 καταργουμένων
2770 974 2932 1028 οἱονεὶ
2959 975 3259 1046 προφήταις
3311 971 3461 1035 ἱδίοις
3499 971 3700 1042 χρωμέ-

2151 1081 2278 1128 νων,
2330 1065 2438 1119 τῶν
2485 1066 2882 1137 όποιωνδήποτε
2923 1065 3095 1133 λόγων
3148 1063 3349 1136 ἐτέρων
3409 1062 3563 1132 παρὰ
3615 1063 3702 1132 τὴν
3780 1067 3781 1138 λ

2149 1153 2403 1224 ἀλήθειαν
2432 1155 2860 1227 προϊσταμένωνο
2889 1154 3114 1225 ψάμμος
3141 1152 3249 1224 γὰρ
3276 1153 3433 1221 ὀλίγη
3455 1155 3509 1205 αξ
3533 1151 3706 1205 λοιπαὶ

2153 1246 2356 1314 σοφίαι,
2392 1246 2592 1318 χρυσὸς
2623 1241 2762 1299 εἶναι
2791 1245 3165 1317 νομιζόμεναι,
3191 1245 3248 1296 ἐν
3280 1243 3399 1312 ὕψει
3432 1242 3619 1311 σοφίας
3645 1241 3706 1312 ῆν

2149 1337 2362 1392 ἔκτισεν
2392 1339 2421 1390 ὁ
2442 1337 2574 1401 Θεὸς
2590 1338 2764 1410 ἀρχὴν
2786 1339 2901 1392 ὁδὸν
2936 1338 3055 1409 (sic)
3079 1335 3244 1391 αὐτοῦ
3267 1338 3346 1399 είς
3365 1334 3505 1405 ἔργα
3533 1334 3702 1386 αὑτοῦ·

2149 1427 2244 1482 καὶ
2289 1428 2527 1500 ἄργυρος
2579 1429 2608 1480 ό
2650 1427 2758 1480 τῶν
2793 1426 3002 1480 πολλῶν
3055 1424 3306 1496 λαμπρὸς
3358 1423 3457 1476 καὶ
3499 1421 3706 1483 πιθανὸς
3780 1461 3781 1464 η

2149 1518 2306 1588 λόγος
2331 1519 2406 1582 ὡς
2438 1519 2607 1590 πηλὸς
2630 1518 3028 1590 λογισθήσεται,
3057 1516 3166 1570 τῶν
3193 1516 3376 1586 ἁγνῶν
3394 1515 3592 1583 λογίων
3612 1515 3707 1585 ('50)

2150 1611 2360 1684 Κυρίου
2412 1611 2520 1665 τῶν
2576 1609 2990 1682 πεπυρωμένων
3062 1607 3157 1661 καὶ
3240 1603 3709 1676 κεκαθαρισμένων

2152 1701 2574 1766 ἐπταπλασίως,
2621 1701 2716 1754 καὶ
2772 1701 3040 1772 δοκίμων,
3101 1699 3197 1752 ἆτε
3244 1696 3709 1770 προσεληλυθότων

2151 1797 2262 1860 ἀπὸ
2289 1795 2384 1850 τοῦ
2417 1798 2475 1849 ἐν
2505 1795 2645 1866 ἀρχῇ
2686 1793 2824 1866 πρὸς
2869 1793 2960 1847 τὸν
3004 1793 3137 1846 Θεὸν
3182 1791 3379 1861 Λόγου.
3409 1790 3493 1843 Τὰ
3529 1789 3586 1841 δὲ
3618 1787 3714 1840 ὰπδ

2154 1889 2252 1959 τῆς
2289 1877 2776 1960 ἐπιγεγραμμένης
2810 1884 3009 1953 Σοφίας
3055 1883 3229 1948 ἄλλως
3267 1881 3623 1953 παρεθέμεθα
3648 1882 3714 1943 εἰς
3780 1941 3781 1946 η

2152 1977 2214 2031 τὸ
2245 1977 2476 2031 συνιδεῖν
2514 1976 2612 2047 τὴν
2641 1974 2868 2045 δύναμιν
2904 1973 3028 2027 τοῦ·
3078 1993 3096 2025 ι
3130 1973 3315 2027 Ταῦτα
3339 1973 3409 2026 τὰ
3449 1972 3666 2042 ῥήματα
3688 1969 3716 2021 ἃ
3780 2039 3781 2046 γ

2153 2069 2412 2138 ἐλάλησεν
2461 2069 2517 2120 ἐν
2576 2066 2654 2137 τῷ
2709 2063 3090 2138 γαζοφυλακίῳ
3141 2062 3408 2119 διδάσκων
3447 2063 3476 2113 ό
3525 2059 3716 2130 Ἰησοῦς

2156 2161 2267 2232 (51)
2303 2161 2361 2212 ἐν
2385 2158 2463 2231 τῷ
2497 2159 2646 2231 ἱερῷ·
2679 2177 2699 2210 ι
2737 2156 3008 2230 τηρείσθω
3048 2154 3155 2226 γὰρ
3181 2156 3216 2225 ἡ
3248 2153 3375 2224 περὶ
3407 2151 3518 2206 τῶν
3568 2151 3716 2203 πλου-

2158 2253 2288 2306 σίων
2322 2253 2414 2306 καὶ
2445 2253 2544 2324 τῆς
2590 2252 2852 2323 πενιχρᾶς
2891 2251 3065 2321 χήρας
3101 2248 3385 2318 διήγησις,
3429 2245 3506 2309 ὡς
3539 2243 3720 2296 ἀποδέ-

2154 2346 2323 2410 δοται,
2347 2345 2443 2398 καὶ
2464 2345 2517 2398 εί
2535 2343 2618 2408 τίς
2640 2360 2703 2412 γε
2723 2343 2833 2413 (52)
2856 2342 3099 2412 μιμητής
3125 2341 3238 2392 ἐστι
3261 2337 3521 2410 Χριστοῦ,
3555 2337 3719 2407 ἡκέτω

2156 2439 2250 2493 ἐπὶ
2279 2438 2340 2492 τὸ
2366 2437 2444 2509 μὴ
2464 2437 2521 2490 ἐν
2547 2437 2698 2508 τόπῳ
2725 2436 2912 2509 νοητὸν
2942 2435 3086 2507 ἱερὸν
3117 2432 3210 2487 τοῦ
3239 2431 3396 2497 Θεοῦ,
3430 2431 3635 2484 ὁδεύων
3656 2427 3720 2498 τῷ

2155 2528 2254 2600 νῷ,
2283 2529 2378 2582 καὶ
2399 2527 2706 2582 ἀκολουθῶν
2739 2526 2816 2598 τῷ
2840 2525 3108 2597 πνεύματι
3135 2521 3552 2597 χειραγωγῆσαι
3577 2520 3722 2574 αύτδν

2157 2622 2242 2674 ἐπ’
2273 2620 2406 2674 αὐτὸ
2445 2618 2752 2690 δυναμένῳ·
2791 2619 2885 2673 καὶ
2919 2617 3129 2690 φερέτω
3157 2617 3351 2686 δόκιμα
3375 2614 3687 2685 νομίσματα
3709 2651 3722 2672 ,

2159 2713 2378 2785 ῥήματα
2413 2712 2557 2784 ζωῆς
2595 2711 2839 2778 αἰωνίου,
2893 2711 2986 2764 ἐπὶ
3034 2709 3096 2763 τὸ
3144 2707 3547 2778 γαζοφυλάκιον
3571 2745 3587 2768 ,
3641 2705 3724 2758 καὶ

2158 2803 2294 2874 ἔργα
2345 2802 2614 2858 ἀκόλουθα
2664 2805 2777 2866 τοῖς
2820 2801 3082 2865 τοιούτοις
3134 2801 3391 2871 ῥήμασιν.
3441 2797 3588 2850 Ἀλλ’
3626 2794 3725 2848 εἴθε

2163 2897 2303 2967 μήτε
2350 2894 2584 2968 πενιχρά
2611 2912 2695 2958 τις
2727 2893 2906 2966 ἡμῶν,
2963 2894 3099 2964 μήτε
3127 2893 3271 2964 χήρα
3301 2889 3386 2960 εἴη
3413 2889 3608 2959 φέρειν
3637 2905 3728 2959 μη*

2157 2986 2246 3040 δὲν
2281 2987 2463 3040 πλεῖον
2505 2986 2779 3058 δυναμένη
2825 2985 2919 3040 δύο
2949 2984 3184 3046 λεπτῶν,
3221 2984 3357 3054 μήτε
3385 2980 3644 3044 πλούσιος
3676 2983 3728 3032 ἐκ

2159 3081 2326 3150 μόνου
2375 3079 2470 3134 τοῦ
2523 3079 2961 3152 περισσεύματος
3007 3077 3222 3149 φέρων,
3256 3075 3393 3128 ἀλλὰ
3428 3073 3615 3127 πάντα
3649 3072 3727 3124 τὸν

2161 3170 2387 3226 πλοῦτον
2425 3172 2706 3236 ἀνατεθεὶς
2753 3171 2832 3244 τῷ
2875 3169 3028 3242 Θεῷὶ
3075 3165 3284 3238 Ἰησοῦς
3322 3165 3418 3219 καὶ
3460 3165 3522 3218 ού
3564 3165 3729 3219 πάντα

2164 3261 2201 3315 ἃ
2237 3258 2351 3334 εἶχε
2399 3264 2622 3335 ῥήματα
2660 3263 2922 3335 ἐλάλησεν
2967 3265 3026 3316 ἐν
3062 3261 3141 3332 τῷ
3178 3257 3572 3330 γαζοφυλακίῳ
3601 3257 3733 3311 διδά-

2165 3370 2341 3418 σκων,
2378 3353 2515 3408 ἀλλὰ
2546 3354 2783 3410 τοσαῦτα
2811 3355 2912 3408 ὅσα
2953 3351 3150 3424 ἐχώρει
3197 3351 3259 3404 τὺ
3297 3349 3730 3418 γαζοφυλάκων·

2161 3447 2283 3504 οὐδὲ
2308 3449 2418 3520 γὰρ
2447 3448 2608 3502 αὐτόν
2637 3465 2700 3518 γε
2732 3443 2886 3518 οἶμαι
2910 3448 3108 3518 χωρεῖν
3131 3445 3222 3497 τὸν
3247 3443 3453 3513 κόσμον
3491 3442 3591 3496 τὸν
3627 3441 3731 3496 ὅλον

2161 3541 2256 3598 τοῦ
2307 3540 2443 3594 Θεοῦ
2492 3539 2669 3610 λόγον.
2705 3541 2894 3612 Ὅμως
2940 3539 2996 3592 δὲ
3037 3537 3270 3592 τοσαῦτα
3297 3539 3518 3608 ῥήματα
3561 3537 3622 3590 ἐν
3666 3535 3731 3604 τῷ

2163 3632 2548 3704 γαζοφυλακίῳ
2585 3632 2758 3687 λαλῶν
2799 3631 2893 3686 καὶ
2938 3630 3204 3685 διδάσκων
3243 3629 3272 3681 ὁ
3324 3627 3536 3699 Ἰησοῦς
3581 3629 3637 3680 ἐν
3666 3626 3732 3695 τῷ

2166 3724 2330 3797 ἱερῷ,
2369 3725 2460 3779 ὑπ’
2496 3724 2708 3788 οὐδενὸς
2732 3721 3015 3795 ἐκρατείτό
3052 3735 3170 3776 πω⁶
3221 3719 3318 3774 καὶ
3354 3720 3522 3772 αὑτοῦ
3564 3719 3668 3790 γὰρ
3690 3719 3732 3770 οἱ

2162 3814 2308 3883 λόγοι
2337 3815 2672 3886 ἰσχυρότεροι
2697 3813 2990 3885 ἐτύγχανον
3009 3812 3118 3866 τῶν
3144 3811 3337 3865 πιάσαι
3365 3810 3531 3866 αὑτὸν
3565 3810 3731 3864 θελόν-

2163 3924 2268 3962 των
2293 3923 2307 3939 ·
2333 3908 2428 3962 καὶ
2478 3907 2601 3962 ὅσον
2637 3923 2702 3975 γε
2742 3905 2912 3974 λέγει,
2949 3901 3200 3957 τοσοῦτον
3227 3903 3334 3974 ('53)
3367 3902 3546 3966 οὐδεὶς
3585 3902 3733 3956 αὑτὸν

2164 3995 2359 4049 πιάσαι
2385 3995 2491 4048 τῶν
2514 3993 2970 4048 ἐπιϐουλευόντων
3011 3992 3161 4064 αύτῷ
3199 3991 3421 4055 δύναται
3453 3991 3566 4062 (54)
3587 4009 3602 4022 ο

2164 4086 2258 4140 ἐὰν
2286 4087 2569 4158 σιωπήσῃ,
2615 4087 2736 4140 τότε
2790 4088 3091 4158 κρατεῖται·
3136 4085 3286 4150 ὅθεν,
3327 4084 3453 4136 ἐπεὶ
3497 4083 3735 4137 ἐϐούλετο

2165 4181 2304 4252 ὑπὲρ
2337 4179 2431 4233 τοῦ
2457 4180 2664 4250 κόσμου
2694 4179 2909 4242 παθεῖν,
2942 4177 3328 4246 ἐξεταζόμενος
3370 4177 3482 4230 ὑπὸ
3515 4176 3611 4232 τοῦ
3650 4178 3735 4229 Πι-

2163 4269 2356 4334 λάτου,
2408 4269 2502 4322 καὶ
2537 4267 2966 4339 μαστιγούμενος
2998 4269 3203 4338 σιωπᾷ·
3247 4267 3296 4318 εἰ
3343 4266 3453 4338 γὰρ
3495 4266 3736 4334 ἐλελαλὴ-

2163 4377 2272 4427 κει,
2304 4361 2404 4414 ούκ
2435 4360 2515 4413 ἐτι
2550 4360 2759 4431 ἐγίνετο
2783 4358 2932 4430 αύτῴ
2967 4359 3027 4411 τὸ
3069 4357 3452 4428 ἐσταυρῶσθαι
3499 4358 3560 4425 ἐξ
3588 4358 3738 4411 ἀσθε-

2165 4455 2330 4518 νείας·
2365 4454 2596 4526 ἐπείπερ
2630 4453 2731 4508 οὐκ
2762 4441 2908 4506 ἐστὶν
2947 4450 3200 4505 ἀσθένεια
3244 4453 3301 4505 ἐν
3350 4449 3432 4516 οἷς
3494 4456 3524 4507 ό
3579 4456 3737 4520 Λόγος

495 4551 684 4607 tandiu
715 4566 870 4606 nemo
902 4552 977 4606 illi
1007 4552 1233 4608 insidias
1277 4553 1608 4608 struentium
1648 4551 2056 4622 apprehendere

2166 4547 2343 4600 λαλεῖο
2391 4546 2505 4601 om
2548 4547 2606 4600 δὲ
2645 4545 2796 4617 αύτῷ
2828 4549 2886 4600 ἐν
2917 4545 2995 4617 τῷ
3025 4545 3406 4617 γαζοφυλακίῳ
3455 4547 3671 4600 οὐδέπω
3708 4547 3737 4614 ὴ

491 4662 618 4703 eum
667 4645 1008 4711 valent;sed
1038 4645 1084 4700 si
1137 4647 1411 4710 tacuerit,
1458 4655 1590 4702 tunc
1640 4655 1884 4712 tenetur;
1918 4646 2062 4701 unde

498 4738 873 4808 interrogatus
903 4751 932 4790 a
963 4735 1134 4790 Pilato
1164 4745 1218 4791 et
1251 4735 1575 4806 ﬂagellatus,
1610 4737 1753 4806 quod
1782 4736 1945 4792 vellet
1966 4751 2064 4805 pro

493 4830 694 4886 mundo
724 4830 875 4902 pati,
933 4838 1077 4884 Iacet
1101 4829 1188 4894 ⁹⁶;
1226 4829 1466 4898 alioquin
1498 4831 1545 4884 si
1606 4829 1817 4884 locutus
1853 4828 2062 4895 fuisset,

494 4939 601 4978 non
629 4923 1027 4994 crucifigendus
1064 4937 1131 4977 ex
1181 4923 1518 4987 inﬁrmitate,
1561 4922 1818 4991 quoniam
1847 4937 1952 4975 non
1979 4929 2065 4975 est

494 5013 784 5069 inﬁrmitas
817 5016 868 5068 in
916 5014 1004 5068 bis
1035 5027 1155 5084 quae
1186 5014 1379 5068 Sermo
1417 5013 1588 5067 Filius
1622 5013 1719 5068 Dei
1766 5012 2009 5082 loquitur
2043 5027 2057 5066 :

494 5119 728 5174 cumque
753 5107 1048 5162 exsisteret
1077 5105 1130 5160 in
1182 5103 1594 5176 gazophylacio,
1629 5103 1862 5158 nondum
1891 5102 2061 5156 insta-

566 5220 612 5289 ‘A’
645 5219 770 5289 Sap.
823 5237 916 5287 νη,
969 5221 1023 5276 9.

1116 5222 1163 5254 ⁸³
1192 5220 1362 5277 lCor.
1398 5237 1457 5286 lt,
1492 5219 1546 5281 6,
1579 5221 1633 5274 7.
1724 5219 1770 5252 ”
1817 5219 1951 5274 ibid.
2003 5218 2071 5271 6.‘

2167 4639 2285 4708 ὥρα
2311 4639 2612 4710 ἐνειστήκει
2647 4637 2741 4690 τοῦ
2771 4637 3068 4708 πιασθῆναι
3105 4636 3268 4691 αὑτὸν
3287 4676 3302 4700 ,
3329 4637 3444 4690 ἀλλ’
3471 4639 3596 4691 οὐδὲ
3634 4639 3737 4690 δντι

2169 4731 2227 4783 ἐν
2251 4728 2329 4800 τῷ
2358 4728 2488 4801 ἱερῷ
2513 4729 2654 4801 (55)*
2678 4729 3012 4801 χειμάρρουν
3037 4730 3095 4783 δέ
3119 4747 3239 4784 τινα
3274 4729 3444 4800 ἐχρῆν
3489 4727 3634 4784 εἶναι
3658 4731 3738 4782 τὸν

2171 4822 2355 4885 τόπον,
2387 4819 2514 4874 ἐνθα
2547 4819 2796 4873 ἐϐούλετο
2819 4820 3112 4891 πιασθῆναι
3148 4824 3178 4876 ό
3213 4821 3450 4894 Ἰησοῦς,
3497 4823 3594 4874 καὶ
3634 4819 3741 4872 ἐδύ-

2171 4930 2318 4966 νατο.
2356 4910 2518 4964 Ἀλλὰ
2556 4912 2653 4965 καὶ
2698 4910 2887 4983 καιρὸν
2937 4912 3032 4966 τοῦ
3078 4912 3396 4985 κρατεῖσθαι
3436 4913 3605 4966 αὑτὸν
3651 4913 3740 4965 οὐκ

2171 5004 2276 5058 ἔδει
2317 5004 2576 5076 ἡμερινόν
2597 5021 2610 5035 ·
2644 5022 2663 5055 t
2705 5004 2764 5056 '0
2785 5004 2892 5074 γὰρ
2935 5004 3136 5068 Ἰούδας
3162 5004 3341 5058 λαϐὼν
3369 5005 3472 5078 τὴν
3498 5007 3738 5076 σπεῖραν,

2170 5096 2266 5151 καὶ
2318 5098 2384 5150 ἐκ
2423 5095 2530 5150 τῶν
2577 5095 2875 5166 ἀρχιερέων
2924 5096 3018 5148 καὶ
3057 5095 3364 5168 Φαρισαίων
3418 5095 3738 5170 ὑπηρέτας,

2176 5216 2225 5252 ⁸⁸
2250 5215 2408 5271 Prov.
2462 5228 2582 5278 \‘Ill,
2626 5212 2716 5267 92.
2811 5213 2858 5246 ⁸⁸
2887 5211 3030 5268 Psal.
3076 5229 3153 5280 XI,
3207 5212 3260 5266 7.
3335 5211 3380 5244 ⁸⁷
3419 5211 3584 5268 Joan.
3626 5227 3664 5275 ι,
3690 5209 3738 5263 9..

493 5287 871 5357 ⁸⁸1ωιιιζνιιι,
899 5292 989 5346 ει).
1087 5291 1134 5324 ⁸⁹
1158 5290 1313 5346 Joan.
1347 5307 1459 5358 ut,
1489 5291 1580 5346 25.
1670 5291 1718 5324 "
1743 5290 1900 5345 Joan.
1929 5291 2101 5354 xu,l,
2127 5288 2214 5344 ll.

571 5404 683 5474 (50)
718 5403 839 5478 Τῶν
866 5404 1332 5478 ἁτνιῖννίελογίων.
1376 5407 1597 5478 Snpple,
1629 5408 1686 5460 ἐν
1726 5407 1871 5477 ὄψει,
1926 5404 2068 5478 quod

500 5476 791 5600 Bracedit;
821 5477 872 5529 id
900 5477 1032 5528 vidit
1066 5476 1372 5532 Ferrarius.
1405 5476 1813 5547 Ad’tnarginein
1864 5477 2070 5531 codicis

545 5545 781 5600 arberini
807 5560 873 5600 ex
903 5545 1216 5600 coniectura
1247 5548 1458 5600 lenitur.
1499 5549 1591 5600 ἐπὶ
1618 5549 1728 5600 τῶν
1755 5547 1934 5600 ἁγνῶν
1982 5546 2070 5600 λοο

545 5545 781 5618 arberini
807 5560 873 5600 ex
903 5545 1216 5613 conjectura
1247 5548 1458 5618 legitur,
1499 5549 1591 5602 ἐπὶ
1618 5545 1728 5602 τῶν
1755 5547 1934 5615 ἁγνῶν
1982 5546 2072 5601 λοο

498 5616 654 5684 γίων.

542 5685 686 5764 ,(51)
725 5684 796 5764 '0__
817 5683 1067 5764 Ἰησοῦς.
1101 5684 1261 5742 Deest
1295 5687 1348 5741 in
1391 5687 1582 5744 codice
1616 5687 1809 5759 Regio,
1843 5686 1936 5743 sed
1988 5687 2070 5742 le-

501 5756 649 5824 gitur
667 5757 726 5824 iin
763 5756 1072 5812 Bodleiano.

575 5823 686 5896 (52)
719 5826 902 5884 Codex
955 5824 1297 5896 Bodleianus,
1333 5827 1425 5882 και
1458 5827 1512 5881 εἴ
1548 5830 1632 5896 τίς
1689 5844 1784 5898 γε*
1847 5827 2065 5899 Regius,

2175 5404 2297 5458 ἐπεί
2327 5402 2412 5466 τίς
2439 5419 2523 5466 γε.

2247 5419 2712 5544 fésj‘irggbam.
2742 5470 2901 5526 Deest
2928 5468 2982 5523 in
3005 5467 3191 5524 codice
3220 5466 3410 5539 Regio,
3432 5467 3531 5523 sed
3583 5468 3742 5520 habe-

2177 5555 2266 5599 tttr
2299 5545 2352 5598 in
2385 5544 2698 5597 Bodleiano.

2254 5613 2365 5686 (54)
2393 5611 3050 5686 Λύκαταιζ-[κείόει-ειυτ
3090 5609 3144 5664 iu
3171 5609 3360 5666 codice
3407 5607 3602 5681 Regio,
3653 5604 3741 5662 sed

2179 5683 2462 5756 legiturin
2498 5683 2858 5756 Bodleiano._
2980 5749 2994 5756 _
3105 5750 3139 5756 _
3201 5749 3234 5756 __
3277 5749 3289 5756 _
3461 5749 3475 5756 _
3533 5749 3547 5756 _
3609 5739 3706 5756 An

2249 5739 2362 5825 (55)
2397 5754 2524 5810 Post
2548 5754 2606 5806 ἐν
2626 5752 2701 5825 τῷ
2738 5748 2868 5823 ἱερῷ
2898 5749 3066 5807 codex
3103 5749 3433 5808 Bodleianus
3461 5749 3627 5804 habet
3653 5739 3753 5794 ἔδει

2124 5847 2141 5861 ο
2177 5824 2490 5896 πιασοῆναι.
