3806 6536
497 381 595 439 667

1898 379 2223 440 ORIGENIS

3621 385 3708 442 558

499 515 605 554 non
635 495 881 555 valentes
927 507 1107 554 autem
1155 513 1222 556 eo
1250 499 1397 570 quod
1428 499 1672 570 nollent;
1721 516 1846 557 nam
1881 503 1927 558 si
1973 519 2056 558 vo-

2168 503 2355 559 λεσθαι
2373 521 2387 536 ο
2425 504 2474 557 εί
2499 503 2611 576 γὰρ
2643 502 2958 576 βουλόμενοι
2985 501 3084 558 οὑκ
3119 501 3390 569 ἐδύναντο,
3414 501 3512 555 οὑκ
3539 500 3603 555 ἂν
3632 505 3707 556 ιύο

495 590 667 644 lentes
697 602 806 646 non
841 600 1114 661 poterant,
1139 593 1563 663 haudquaquam
1611 592 1718 650 illis
1767 594 2064 650 rationabi-

494 687 617 741 liter
647 685 926 742 diceretur
957 705 974 744 :
1019 706 1039 741 ι
1088 688 1144 744 ln
1179 696 1404 758 peccato
1435 696 1619 746 vestro
1669 691 1998 746 moriemini.
2039 707 2060 744 ι

493 781 566 832 At
593 792 724 834 vero
762 779 964 850 aliquis
1009 790 1198 834 contra
1230 779 1334 836 hoc
1386 779 1632 838 dicturus
1674 789 1806 836 est:
1839 780 1898 836 Si
1949 779 2064 838 hac

495 869 712 925 dicebat
750 885 856 926 non
885 871 1328 942 permanentibus
1356 872 1409 928 in
1445 873 1572 940 ﬁde,
1619 874 1896 944 quomodo
1943 872 2066 927 tali-

493 959 603 1015 bus
633 960 768 1016 dicit
801 979 816 1014 :
845 980 864 1014 ι
901 962 1167 1030 Quaeretis
1201 965 1332 1021 me?
1377 981 1398 1016 ι
1439 963 1573 1019 Nam
1603 979 1851 1032 quarere
1878 963 2065 1020 Jesum

493 1068 866 1123 sapcnumero
915 1064 1000 1110 est
1027 1055 1248 1123 bonum,
1279 1057 1424 1128 quod
1457 1057 1600 1113 idem
1634 1057 1751 1114 fere
1783 1058 1877 1122 sit,
1920 1057 2063 1128 quod

493 1158 739 1212 quaerere
787 1145 1109 1202 Sermonem
1134 1187 1150 1212 ,
1183 1157 1238 1204 et
1266 1149 1578 1215 veritatem,
1613 1158 1669 1204 et
1716 1149 2062 1218 sapientiam.

497 1239 605 1295 Sed
655 1241 1010 1311 respondebis
1061 1245 1163 1299 hoc
1207 1243 1456 1309 verbum,
1506 1242 1912 1315 quaerere.dici
1965 1241 2067 1296 ali-

496 1332 716 1401 quando
745 1332 811 1388 de
842 1334 926 1388 his
951 1325 1046 1403 qui
1075 1334 1302 1389 insidias
1323 1344 1572 1400 struunt,
1607 1333 2063 1404 quemadmodum

497 1425 551 1477 in
583 1423 676 1478 illo
700 1424 888 1481 dicto:
923 1443 942 1477 ι
979 1424 1308 1492 Quaerebam
1335 1441 1458 1481 eum
1492 1426 1856 1496 prehendere,
1886 1433 1941 1480 et
1968 1439 2066 1480 ne-

499 1530 588 1569 mo
623 1514 677 1569 in
709 1530 833 1570 eum
874 1516 1060 1586 injecit
1105 1534 1297 1573 manus
1323 1557 1340 1588 ,
1375 1519 1518 1588 quod
1549 1518 1787 1572 nomium
1828 1517 2066 1572 venisset

503 1604 636 1659 bora
668 1604 786 1674 ejus
816 1606 872 1674 ις
915 1626 934 1661 ι
975 1617 1030 1663 et
1067 1609 1118 1663 in
1153 1610 1252 1665 hoc
1284 1627 1298 1664 :
1328 1629 1346 1662 ι
1385 1610 1519 1664 Novi
1547 1624 1645 1664 vos
1675 1609 1950 1678 Abraham
1978 1621 2066 1662 se-

490 1706 619 1751 men
655 1711 794 1766 esse,
829 1701 924 1756 sed
958 1701 1205 1769 quaeritis
1243 1717 1326 1756 me
1350 1701 1676 1766 interﬁcere,
1709 1699 2064 1771 quod'sermo

497 1801 648 1843 meus
694 1805 802 1845 non
853 1792 1000 1862 capit
1051 1792 1104 1846 in
1163 1793 1405 1859 vobis“;
1458 1811 1476 1845 ι
1515 1800 1570 1846 et
1623 1793 1676 1846 in
1721 1793 1868 1846 hoc:
1899 1789 2064 1863 294

501 1895 519 1928 ι
556 1877 707 1932 Nunc
738 1888 919 1934 autem
953 1881 1199 1951 quaeritis
1253 1897 1339 1936 me
1387 1879 1716 1947 interﬁcere,
1763 1882 2056 1946 hominem,

496 1967 587 2034 qui
632 1967 845 2024 locutus
890 1985 1012 2025 sum
1061 1974 1352 2028 veritatem
1398 1971 1570 2038 vobis,
1609 1987 1772 2042 quam
1806 1973 1992 2028 audivi
2029 1988 2060 2027 a

496 2054 656 2112 Patre
687 2059 730 2113 ⁸.
783 2078 803 2113 ι
840 2060 1013 2127 Quam
1053 2063 1218 2116 etiam
1274 2063 1343 2116 ob
1397 2077 1621 2118 causam
1677 2063 1878 2118 dicitur
1928 2063 2061 2120 illud

493 2163 617 2202 eum
657 2165 764 2207 non
797 2153 935 2209 bene
967 2153 1359 2222 quaerentibus,
1430 2172 1450 2206 ι
1489 2155 1553 2210 Ει
1592 2157 1846 2225 quaeretis
1878 2171 1989 2221 me,
2035 2175 2056 2210 ι

369 2250 380 2268 ⁸
494 2251 638 2320 quod
668 2248 1006 2306 contrarium
1059 2263 1166 2302 non
1196 2257 1281 2302 est
1329 2248 1378 2304 ei
1410 2247 1600 2304 dicto:
1650 2267 1668 2300 ι
1715 2249 1911 2305 Omnis
1964 2249 2059 2320 qui

494 2345 709 2411 quaerit,
758 2340 969 2396 invenit
1007 2341 1051 2394 ⁷.
1110 2359 1131 2393 ›
1162 2341 1242 2396 Ac
1292 2349 1439 2396 certe
1478 2340 1800 2398 dill'erentia:
1847 2357 2062 2414 semper

495 2444 623 2490 sunt
651 2432 1011 2504 quterentium
1054 2431 1237 2488 Jesum
1265 2475 1280 2500 ,
1315 2449 1436 2489 cum
1475 2449 1667 2490 omnes
1693 2449 1798 2490 non
1827 2435 2058 2504 sincere,

494 2534 550 2580 et
579 2540 678 2594 pro
707 2539 804 2580 sua
849 2524 1086 2593 ipsorum
1142 2522 1338 2589 salute,
1388 2531 1443 2579 et
1471 2534 1530 2578 ut
1576 2523 1646 2578 ab
1688 2536 1754 2578 eo
1781 2523 2061 2593 juventur,

493 2624 740 2686 quaerant
772 2628 919 2672 eum.
953 2614 1094 2670 Sunt
1148 2615 1294 2669 enim
1344 2614 1508 2683 aliqui
1557 2616 1860 2671 innumeris
1902 2633 2061 2688 argu-

495 2706 716 2772 mentis,
773 2719 893 2773 qua:
944 2705 1014 2760 ab
1062 2706 1291 2760 honesto
1345 2705 1702 2773 deﬂexerunt,
1761 2717 2061 2776 quarentes

490 2791 675 2848 Jesum
708 2809 724 2846 :
755 2796 1112 2862 quamobrem
1159 2793 1259 2848 soli
1301 2803 1446 2849 recte
1477 2805 1788 2864 quaerentes
1815 2811 1937 2852 eum
1966 2813 2061 2868 pa.

491 2897 606 2938 cem
652 2883 1016 2950 invenerunt;
1049 2885 1141 2953 qui
1173 2885 1336 2942 etiam
1363 2887 1582 2957 proprie
1612 2888 1864 2945 dicentur
1885 2891 2057 2961 ipsum

489 2988 735 3046 quaerere
761 2976 813 3030 in
839 2977 1108 3045 principio
1151 2976 1507 3032 exsistentem
1553 2976 1899 3046 Sermonem,
1931 2981 2061 3037 Ser-

492 3081 705 3122 monem
751 3069 893 3137 apud
927 3068 1116 3132 Deum,
1160 3075 1220 3121 ut
1255 3068 1398 3135 ipsos
1427 3068 1664 3126 adducat
1704 3072 1772 3126 ad
1817 3070 2055 3128 Patrem.

491 3159 765 3214 Assistens
811 3168 990 3214 autem
1019 3158 1108 3213 ille
1156 3158 1348 3226 Λόγος,
1380 3157 1457 3228 [id
1486 3168 1594 3227 est,
1627 3160 1764 3216 ratio
1793 3171 1848 3218 et
1890 3163 2061 3220 Filius
2086 3181 2128 3241 ο

495 3248 640 3321 Dei,]
695 3257 749 3304 et
782 3249 1036 3304 notiones
1079 3264 1396 3318 suggerens,
1445 3249 1545 3304 nisi
1577 3251 1844 3308 admissus
1873 3252 2059 3324 fuerit,

491 3341 732 3394 minatur
785 3355 844 3395 se
882 3339 1202 3404 abiturum,
1254 3349 1310 3393 et
1359 3340 1535 3400 dicit:
1571 3360 1591 3393 ι
1628 3341 1743 3412 Ego
1794 3345 1974 3412 vado;
2034 3365 2056 3400 ι

490 3445 614 3484 eum
651 3429 808 3485 nobis
849 3438 1059 3499 postea,
1092 3430 1138 3484 si
1184 3432 1478 3485 abeuntem
1518 3431 1916 3502 quasierimus,
1953 3451 2061 3494 non

493 3521 814 3586 inventuris,
850 3521 945 3576 sed
974 3521 1028 3576 in
1077 3531 1306 3592 peccato
1360 3531 1547 3579 nostro
1576 3526 1876 3582 morituris.
1902 3527 2062 3585 Novit

491 3620 670 3664 antem
701 3623 731 3662 a
760 3623 867 3678 quo
901 3609 1152 3678 discedit,
1205 3621 1260 3666 et
1289 3613 1431 3681 apud
1481 3628 1642 3683 quem
1673 3625 1877 3685 manet,
1925 3633 2058 3674 non-

491 3698 615 3752 dum
647 3697 923 3764 inventus,
954 3710 1014 3754 ut
1041 3699 1096 3754 in
1136 3710 1381 3770 tempore
1411 3703 1674 3771 quaesitus
1703 3705 2016 3763 inveniatur
2039 3727 2058 3764 :

489 3791 684 3860 quibus
701 3790 943 3861 profecto
959 3792 1062 3849 isto
1080 3794 1240 3850 modo
1257 3793 1582 3852 habentibus
1601 3812 1748 3870 eum,
1767 3814 1866 3855 nec
1881 3802 2058 3859 adhuc

489 3883 640 3938 illum
687 3883 992 3940 videntibus
1044 3887 1242 3941 dicitur
1291 3886 1472 3942 illud:
1529 3907 1549 3942 ι
1610 3887 1690 3945 Ne
1738 3890 1944 3948 dixeris
1999 3894 2054 3950 in

486 3978 650 4031 corde
681 3987 772 4030 tuo
805 3994 820 4032 :
860 3975 996 4044 Quis
1021 3979 1284 4034 ascendet
1308 3980 1362 4035 in
1392 3981 1630 4037 caelum?
1660 3982 1766 4039 hoc
1791 3994 1876 4040 est
1900 3984 2057 4041 Chri-

486 4078 629 4122 stum
667 4070 934 4124 deducere
963 4085 980 4134 ;
1010 4069 1132 4124 vel:
1170 4069 1302 4136 Quis
1335 4071 1628 4128 descendet
1671 4074 1726 4128 in
1757 4075 2057 4146 abyssum?

487 4159 592 4212 hoc
638 4169 725 4214 est
774 4161 1054 4216 Christum
1099 4175 1163 4214 ex
1197 4163 1426 4217 mortuis
1456 4165 1741 4222 reducere.
1792 4165 1898 4221 Sed
1926 4168 2056 4237 quid

486 4250 622 4303 dicit
647 4249 930 4318 Scriptura
959 4251 983 4304 ‘l
1024 4250 1330 4305 Admodum
1355 4267 1520 4322 prope
1546 4262 1597 4309 le
1633 4265 1718 4310 est
1744 4256 1968 4311 verbum
1999 4258 2053 4313 in

486 4354 582 4393 ore
618 4349 733 4404 tuo,
766 4349 823 4394 et
859 4341 912 4394 in
952 4342 1114 4396 corde
1153 4351 1245 4397 tuo
1272 4341 1312 4395 ⁸.
1350 4360 1370 4394 ι
1397 4341 1632 4400 Proinde
1662 4344 1748 4400 his
1785 4345 2056 4404 etiambe-

491 4428 654 4498 nigne
683 4427 943 4483 Servator
969 4431 1207 4486 ostendit
1232 4446 1354 4502 quae
1386 4431 1452 4487 ad
1494 4446 1719 4502 regnum
1753 4435 1846 4491 Dei
1888 4437 2055 4506 perti-

2165 597 2339 666 λόγως
2391 598 2574 661 αὑτοῖς
2619 597 2834 666 ἐλέγετο
2863 596 2958 650 τό·
2999 614 3020 649 ι
3067 597 3154 650 Ἐν
3187 598 3254 668 τῇ
3287 593 3530 666 ἁμαρτίᾳ
3578 594 3710 665 ὑμῶν

2165 689 2546 746 ἀποθανεῖσθε.
2580 709 2600 744 ι
2647 691 2794 762 Ἐρεῖ
2824 689 2882 743 δέ
2912 707 2996 755 τις
3024 690 3161 760 πρὸς
3189 688 3367 743 τοῦτο·
3395 687 3569 758 Είπερ
3612 689 3709 750 τοῖς

2165 783 2462 856 ἐμμένουσι
2496 783 2575 855 τῷ
2607 783 2681 855 μὴ
2712 782 2991 838 πιστεύειν
3027 781 3198 836 ταῦτα
3229 781 3381 848 ἔλεγε
3401 819 3416 844 ,
3449 779 3568 842 πιῖις
3616 780 3711 841 τοῖς

2163 871 2427 936 τοιούτοις
2462 871 2597 942 φησὶ
2635 871 2724 925 τό·
2761 890 2780 925 t
2812 871 3087 943 Ζητήσετέ
3119 886 3220 942 με;
3249 889 3269 922 ι
3303 861 3576 938 Πολλαχοῦ
3618 868 3712 938 γὰρ

2164 962 2369 1033 ἀγαθὸν
2400 962 2462 1017 τὸ
2491 963 2676 1034 ζητεῖν
2705 963 2797 1017 τὸν
2843 961 3075 1034 Ἰησοῦν,
3109 961 3305 1016 ταυτόν
3330 977 3448 1024 πως
3469 959 3713 1030 τυγχάνον

2163 1055 2244 1127 τῷ
2269 1054 2453 1128 ζητεῖν
2497 1057 2689 1125 Λόγον,
2731 1056 2826 1110 καὶ
2866 1054 3126 1126 ἀλήθειαν
3147 1096 3163 1121 ,
3207 1053 3300 1108 καὶ
3341 1053 3553 1122 σοφίαν.
3593 1051 3712 1104 ‘AD.’

2166 1149 2332 1220 ἐρεῖς,
2365 1148 2450 1201 ὅτι
2482 1147 2732 1218 καὶπερὶ
2759 1146 3213 1200 ἐπιϐουλευόντων
3243 1144 3373 1198 ποτὲ
3411 1144 3619 1212 λέγεται
3663 1143 3713 1196 τὺ

2160 1237 2352 1310 ζητεῖν
2370 1279 2385 1304 ,
2407 1238 2596 1310 ῶσπερ
2621 1240 2677 1292 tv
2708 1237 2785 1309 τῷ
2797 1254 2818 1285 .·
2855 1256 2874 1289 ι
2895 1281 2898 1284 .
2918 1236 3176 1308 Ἐζήτουν
3201 1236 3361 1290 αὑτὸν
3397 1236 3606 1299 πιάσαι,
3635 1237 3712 1287 καὶ

2163 1329 2338 1392 οὐδεὶς
2370 1328 2666 1382 ἐπέϐαλλεν
2697 1326 2786 1381 ἐπ’
2813 1327 2974 1381 αὑτὸν
3000 1327 3098 1399 τὴν
3128 1330 3304 1398 χεῖρα,
3329 1327 3413 1380 ὅτι
3443 1319 3590 1380 οὔπω
3611 1323 3712 1393 ἐλη-

2164 1422 2312 1476 λύθει
2339 1422 2372 1494 ἡ
2400 1421 2518 1494 ὥρα
2549 1420 2712 1476 αὑτοῦ
2733 1437 2749 1452 ·
2776 1439 2800 1474 ι
2837 1421 2930 1473 xal.
2961 1422 3018 1474 tv
3041 1419 3140 1490 τῷ·
3175 1437 3196 1470 ι
3219 1414 3370 1482 Οἶδα,
3405 1419 3490 1472 ὅτι
3517 1416 3713 1487 σπέρμα

2177 1511 2428 1584 Ἀϐραάμ
2479 1513 2624 1576 ὲστε,
2686 1509 2822 1564 ἀλλὰ
2860 1509 3071 1582 ζητεῖτέ
3102 1526 3169 1580 με
3201 1510 3549 1570 ἀποκτεῖναι,
3581 1508 3655 1560 ὃτι
3691 1507 3713 1557 ό

2163 1600 2320 1670 λόγος
2348 1602 2376 1654 ό
2403 1600 2533 1672 ὲμὺς
2574 1601 2634 1653 οὑ
2663 1602 2830 1672 χωρεῖ
2855 1601 2912 1653 tv
2945 1600 3072 1670 ὑμῖν
3094 1615 3106 1628 '
3133 1617 3152 1651 ι
3190 1598 3284 1652 καὶ
3327 1599 3386 1652 tv
3421 1597 3500 1668 τῷ
3519 1615 3532 1628 ο
3570 1617 3588 1648 ι
3619 1596 3712 1650 Νῦν

2163 1691 2452 1765 δὲεζητεῖτέ
2484 1710 2553 1764 με
2572 1693 2907 1758 ἀποκτεῖναι,
2939 1691 3242 1762 ἄνθρωπον,
3272 1690 3333 1754 δς
3353 1690 3456 1762 τὴν
3484 1688 3715 1761 ἀλήθειαν

2165 1785 2294 1854 ὑμῖν
2325 1783 2629 1856 λελάληκα,
2677 1784 2744 1854 ἢν
2784 1784 2991 1854 ηκουσα
3022 1782 3172 1854 παρά
3212 1782 3306 1836 τοῦ
3335 1782 3570 1853 Πατρός.
3594 1801 3612 1832 ι
3641 1781 3715 1833 Διὸ

2165 1877 2258 1930 καὶ
2295 1875 2512 1945 λέγεται
2537 1877 2649 1940 τοῖς
2679 1876 2752 1948 μὴ
2792 1875 2971 1940 καλῶς
3007 1874 3229 1947 ζητοῦσι
3256 1873 3317 1926 τὸ
3335 1913 3350 1938 ,
3382 1891 3402 1925 ι
3432 1875 3546 1927 Καὶ
3575 1871 3715 1942 ζητή-

2164 1969 2286 2022 σετέ
2344 1985 2412 2040 με
2435 2008 2450 2035 ,
2488 1988 2508 2023 ι
2559 1969 2659 2022 οὑκ
2703 1966 2942 2022 ἐναντίον
2980 1966 3085 2038 τῷ·
3141 1985 3160 2018 ι
3194 1967 3308 2030 Πᾶς
3344 1968 3373 2019 ό
3426 1964 3604 2036 ζητῶν
3643 1965 3716 2017 e3-

2165 2061 2366 2132 ρίσκει.
2401 2079 2421 2111 ι
2460 2059 2570 2114 Καὶ
2603 2061 2690 2113 ἀεὶ
2728 2059 2783 2112 δὲ
2823 2058 3076 2132 διαφοραί
3127 2059 3232 2111 είσι
3288 2058 3399 2112 τῶν
3437 2057 3716 2128 ζητούντων

2162 2151 2253 2204 τὸν
2299 2150 2529 2222 Ἰησοῦν,
2562 2150 2623 2202 οὑ
2653 2149 2868 2202 πάντων
2899 2149 3159 2219 γνησίως,
3183 2149 3276 2202 καὶ
3302 2147 3447 2218 ὑπὲρ
3476 2147 3576 2217 τῆς
3605 2147 3713 2200 ἑαυ-

2161 2242 2270 2297 τῶν
2293 2240 2690 2314 σωτηρίας,κα“ι
2710 2240 2802 2294 τοῦ
2829 2239 3172 2310 ὠφεληθῆναι
3205 2240 3298 2292 ἀπ’
3319 2237 3488 2293 αὑτοῦ
3515 2237 3713 2309 ζητούν-

2159 2351 2269 2388 των
2327 2333 2509 2388 αὑτόν.
2561 2333 2684 2386 Εἰσὶ
2711 2332 2818 2403 γὰρ
2847 2332 2941 2386 καὶ
2991 2330 3133 2385 κατά
3171 2331 3366 2401 μυρίας
3408 2330 3715 2383 ἀποπεπτω-

2163 2425 2324 2488 κυίας
2363 2425 2456 2478 τοῦ
2494 2424 2658 2479 καλοῦ
2695 2423 2980 2495 προθέσεις
3013 2422 3302 2494 ζητοῦντες
3350 2423 3448 2475 τὸν
3491 2421 3712 2492 Ἰησοῦν·

2160 2517 2351 2588 διόπερ
2383 2516 2534 2586 μόνοι
2569 2517 2618 2569 oi
2653 2513 2828 2586 ὀρθῶς
2868 2513 3155 2585 ζητοῦντες
3189 2513 3349 2568 αὑτὸν
3387 2515 3609 2585 εἰρήνην
3642 2506 3714 2564 εὑο

2163 2625 2277 2682 ρον·
2293 2608 2342 2660 οἳ
2360 2608 2454 2661 καὶ
2473 2606 2678 2677 κυρίως
2705 2607 2929 2675 λέγοιντ’
2947 2607 3013 2660 ἂν
3031 2605 3192 2660 αὑτὸν
3210 2605 3390 2676 ζητεῖν
3411 2606 3505 2658 τὸν
3519 2607 3575 2658 tv
3592 2607 3714 2676 ἀρχῇ

2159 2701 2351 2768 Λόγον,
2383 2698 2518 2770 πρὸς
2545 2699 2635 2752 τὸν
2662 2697 2794 2774 Θεὸν
2841 2697 3033 2766 Λόγον,
3068 2698 3162 2750 καὶ
3208 2697 3293 2751 ἵνα
3326 2697 3530 2759 αὑτοὺς
3569 2713 3714 2767 προς-

2163 2791 2285 2862 άγοι
2323 2790 2402 2862 τῷ
2433 2791 2625 2862 Πατρί.
2672 2791 2870 2863 Παρὼν
2923 2791 3003 2855 δὲ,
3051 2791 3144 2844 καὶ
3185 2788 3660 2860 ἐμφανταζόμενος
3693 2790 3714 2838 ό

2161 2885 2352 2953 Λόγος,
2388 2883 2526 2938 ὲπάν
2564 2882 2638 2955 μὴ
2671 2881 3007 2954 παραδεχθῇ,
3035 2881 3253 2935 ἀπειλεῖ
3277 2879 3338 2933 τὸ
3361 2879 3615 2948 ὑπάγειν,
3639 2880 3716 2932 καὶ

2160 2975 2338 3044 λέγει·
2379 2994 2398 3027 ι
2437 2974 2578 3044 Ἐγὼ
2609 2975 2826 3043 ὑπάγω·
2852 2992 2871 3027 ι
2908 2975 3004 3030 καὶ
3033 2973 3127 3027 ἐὰν
3154 3014 3168 3039 ,
3201 2973 3531 3037 ἀπελθόντος
3555 2991 3615 3042 γε
3638 2972 3716 3026 αὑ·

2160 3063 2274 3130 τοῦ,
2306 3065 2556 3136 ζητῶμεν
2585 3065 2746 3119 αὑτὸν
2765 3103 2780 3128 ,
2812 3065 2910 3135 οὑχ
2953 3065 3260 3136 εὑρήσομεν
3302 3064 3489 3130 αὑτὸν,
3533 3063 3640 3118 ἀλλ’
3669 3062 3714 3114 tv

2161 3159 2227 3228 τῇ
2251 3156 2496 3229 ἁμαρτίᾳ
2532 3157 2687 3228 ἡμῶν
2735 3155 3172 3228 ἀποθανούμεθα.
3205 3151 3326 3208 Οἵδε
3356 3155 3417 3208 δὲ
3459 3155 3570 3210 ἀπὸ
3594 3155 3713 3216 τίνος

2161 3249 2382 3320 ὑπάγει,
2410 3250 2502 3303 καὶ
2533 3250 2641 3304 τίνι
2675 3249 3003 3320 παραμένει,
3041 3248 3268 3321 μηδέπω
3303 3249 3680 3319 εὑρισκόμενος
3700 3289 3712 3308 .

2160 3341 2226 3396 ἵν’
2251 3343 2308 3395 tv
2342 3341 2518 3414 καιρῷ
2551 3341 2746 3414 εὑρεθῇ
2788 3341 2899 3412 (40)
2929 3339 3204 3412 ζητηθείς·
3231 3341 3326 3394 καὶ
3363 3343 3483 3404 τοῖς
3535 3357 3598 3410 γε
3642 3338 3714 3391 οὓς

2158 3449 2266 3497 τως
2297 3433 2508 3504 ἔχουσιν
2539 3433 2700 3488 αὑτὸν
2723 3474 2738 3500 ,
2780 3434 2875 3486 καὶ
2912 3431 2986 3504 μὴ
3017 3431 3418 3503 τεθεωρηκόσιν
3449 3431 3607 3486 αὑτὸν
3645 3430 3712 3481 λέ-

2158 3540 2334 3593 γεται·
2366 3544 2385 3576 ι
2425 3523 2517 3596 Μὴ
2546 3523 2708 3597 εἴπῃς
2753 3525 2810 3577 tv
2848 3525 2914 3594 τῇ
2948 3523 3145 3595 καρδίᾳ
3185 3539 3306 3575 σου·
3339 3522 3438 3586 Τίς
3471 3520 3712 3590 ἀναϐήσε-

2156 3633 2249 3669 ται
2283 3617 2363 3678 είς
2387 3615 2478 3668 τὸν
2507 3615 2768 3686 οὑρανόν;
2806 3614 3050 3669 τουτέστι
3089 3613 3323 3686 Χριστὸν
3360 3615 3713 3681 καταγαγεῖν·

2158 3706 2216 3778 ἢ,
2247 3706 2342 3771 Τίς
2374 3705 2744 3778 καταϐήσεται
2778 3705 2858 3768 είς
2887 3704 2984 3776 τὴν
3015 3703 3249 3760 ἄϐυσσον
3277 3719 3292 3769 ;
3320 3703 3570 3756 τουτέστι
3597 3703 3712 3772 Χρι-

2158 3796 2283 3851 στὸν
2321 3797 2385 3849 ὲκ
2413 3795 2624 3868 νεκρῶν
2651 3797 2979 3865 ἀναγαγεῖν·
3015 3793 3151 3847 ἀλλά
3184 3793 3236 3846 τί
3265 3793 3415 3860 λέγει
3439 3794 3475 3863 ἡ
3510 3791 3710 3863 Γραφής

2169 3885 2366 3955 Ἐγγύς
2403 3902 2498 3940 σου
2523 3885 2586 3938 τὺ
2612 3886 2763 3957 ῥῆμα
2798 3884 3002 3955 σφόδρα
3035 3885 3094 3938 tv
3120 3883 3199 3954 τῷ
3233 3882 3466 3953 στόματί
3494 3899 3609 3943 σου,
3635 3882 3712 3932 καὶ

2156 3977 2215 4031 tv
2246 3979 2313 4048 τῇ
2343 3976 2542 4048 καρδίᾳ
2575 3993 2691 4029 σου.
2733 3993 2752 4028 ι
2783 3977 3005 4039 Τούτοις
3042 3974 3102 4028 δὲ
3131 3973 3533 4046 φιλανθρώπως
3561 3977 3588 4027 ό
3617 3973 3712 4024 Σω-

2155 4067 2256 4140 τὴρ
2288 4068 2629 4123 ὑποδείκνυσι
2662 4067 2756 4121 καὶ
2783 4067 2851 4122 τὰ
2873 4067 3000 4137 περὶ
3024 4068 3124 4139 τῆς
3155 4065 3250 4119 τοῦ
3279 4064 3414 4118 Θεοῦ
3436 4063 3711 4135 βασιλείας,

2155 4161 2244 4218 ῑνα
2283 4163 2359 4234 μὴ
2409 4161 2646 4233 ζητῶσιν
2679 4160 2846 4234 αὑτὴν
2879 4160 2984 4226 ἔξω
3017 4159 3257 4224 ἑαυτῶν,
3297 4159 3434 4230 μηδὲ
3465 4158 3708 4226 λέγωσιν·

2159 4274 2179 4308 ι
2221 4255 2350 4310 ’1δοὺ
2375 4247 2499 4320 ὧδε,
2521 4253 2554 4324 ἢ
2577 4254 2684 4308 ίδοὺ
2711 4255 2845 4307 ἐκεῖ·
2867 4271 2885 4305 ι
2926 4253 3060 4323 φησὶ
3087 4252 3196 4324 γὰρ
3221 4251 3434 4315 αὑτοῖς·
3477 4271 3495 4303 ι
3537 4251 3597 4303 Ἦ
3629 4248 3710 4318 βα-

2156 4345 2332 4401 σιλεία
2361 4345 2454 4400 τοῦ
2493 4344 2630 4399 Θεοῦ
2663 4345 2816 4408 ἐντὸς
2841 4345 2994 4416 ὑμῶν
3023 4346 3140 4398 ἐστι
3159 4361 3171 4374 ·
3200 4362 3220 4396 ι
3251 4344 3346 4397 καὶ
3377 4343 3506 4396 ὅσον
3532 4359 3593 4410 γε
3625 4338 3713 4392 σώ-

2155 4435 2320 4508 ζομεν
2357 4435 2426 4490 τά
2481 4435 2820 4508 ὲνσπαρέντα
2853 4435 3012 4507 ἡμῶν
3061 4437 3127 4506 τῇ
3159 4433 3303 4504 ψυχῇ
3337 4432 3440 4502 τῆς
3473 4430 3710 4502 ἀληθείας

487 4528 636 4584 nent,
655 4533 723 4572 ne
756 4520 1000 4588 q’nazrant
1023 4522 1151 4576 illud
1182 4533 1336 4578 extra
1366 4524 1596 4595 seipsos,
1622 4540 1798 4596 neque
1827 4527 2044 4585 dicant:

2159 4528 2462 4602 σπέρματα,
2491 4527 2585 4580 καὶ
2615 4527 2715 4591 τὰς
2739 4526 2913 4598 ἀρχὰς
2940 4526 3129 4597 αὑτῆς,
3155 4525 3367 4578 οὑδέπω
3392 4522 3711 4594 ἀπελήλυθεν

491 4627 510 4660 ι
563 4610 702 4665 Ecce
749 4613 856 4679 hic,
905 4613 990 4668 vel
1035 4629 1164 4671 ecce
1212 4615 1410 4682 illic’;
1459 4637 1478 4670 ι
1516 4619 1692 4689 inquit
1724 4619 1869 4674 enim
1917 4621 2044 4680 eis:

490 4721 509 4755 ‹
549 4701 792 4773 Regnum
825 4703 920 4758 Dei
955 4706 1096 4760 intra
1121 4719 1219 4762 vos
1245 4716 1329 4762 est
1359 4724 1374 4764 :
1401 4727 1420 4762 ι
1454 4720 1511 4764 et
1543 4711 1784 4779 quandiu
1823 4711 2046 4780 quidem

483 4808 763 4849 servamus
787 4793 984 4850 anima:
1018 4804 1219 4852 nostras
1248 4797 1501 4868 .ingenita
1535 4800 1778 4856 veritatis
1807 4802 2043 4866 semina,

481 4886 708 4954 ejusque
763 4886 1063 4957 principia,
1101 4902 1375 4957 nunquam
1408 4905 1439 4944 a
1490 4890 1647 4946 nobis
1693 4892 1926 4947 discedit
1958 4892 2047 4948 ille

480 4975 671 5043 Λόγος,
707 4976 787 5048 [id
819 4986 924 5043 est,
971 4977 1108 5031 ratio
1135 4987 1188 5032 et
1214 4977 1384 5033 Filius
1427 4977 1574 5050 θεῖ]
1623 4979 1774 5047 Quod
1807 4979 1852 5036 si
1893 4981 2048 5035 mali-

483 5065 570 5120 tia;
615 5067 970 5124 dissolutione
996 5071 1238 5140 corrupti
1288 5071 1576 5137 fuerimus,
1635 5081 1762 5127 tunc
1792 5071 1946 5127 nobis
1971 5073 2047 5129 di-

481 5165 672 5210 cturus
700 5166 828 5216 est:
860 5177 878 5210 ι
911 5157 1097 5228 Vado;
1139 5179 1158 5214 ι
1199 5177 1304 5217 non
1337 5163 1638 5218 inventuris
1666 5163 1836 5229 illum,
1857 5165 2046 5220 etiam-

477 5245 527 5301 si
558 5261 862 5316 quaramus
890 5253 1146 5322 maxime,
1180 5255 1274 5310 sed
1318 5255 1371 5310 in
1401 5263 1625 5326 peccato
1665 5264 1855 5312 nostro
1881 5255 2044 5313 mori-

479 5336 642 5402 tur-is,
690 5337 1042 5409 deprehensis
1077 5344 1130 5400 in
1181 5361 1270 5413 eo,
1301 5357 1355 5402 ct
1387 5347 1684 5418 assumptis
1733 5349 1800 5402 ab
1833 5349 1918 5404 his
1947 5349 2038 5420 qui

477 5429 712 5483 ordinati
763 5439 889 5485 sunt
937 5442 996 5487 ut
1049 5448 1294 5508 repetant
1348 5441 1606 5508 animam,
1656 5439 1808 5509 juxta
1855 5441 2041 5497 dicen-

479 5530 585 5574 tem
619 5518 664 5552 ²⁶
699 5535 718 5574 :
755 5539 776 5574 ι
808 5521 1090 5594 lnsipie‘ns,
1117 5540 1276 5585 nocte
1301 5531 1402 5586 hac
1424 5530 1661 5586 animam
1693 5531 1790 5586 abs
1813 5539 1864 5585 te
1887 5539 2033 5587 tuam

579 5631 603 5664 ⁸
634 5630 791 5704 toan.
831 5651 926 5704 vn,
975 5639 1061 5693 50.

1159 5643 1180 5672 ⁸
1213 5641 1371 5700 Joan.
1410 5660 1526 5712 vm,
1573 5644 1662 5698 57.

471 5700 562 5755 2|.
639 5702 682 5736 "
713 5703 844 5761 Luc.
883 5700 978 5774 ιίι,
1008 5709 1096 5764 20.

2153 4625 2244 4695 ἀφ’
2271 4623 2427 4694 ἡμῶν
2455 4625 2484 4677 ό
2515 4622 2715 4690 Δόγος·
2769 4621 2865 4674 ἐὰν
2901 4620 2958 4674 δὲ
3003 4619 3110 4674 ἀπὸ
3141 4618 3242 4688 τῆς
3288 4619 3434 4672 κατά
3482 4617 3579 4687 τὴν
3626 4631 3710 4666 κα-

2151 4718 2276 4772 κίαν
2301 4715 2508 4788 χύσεως
2527 4712 2934 4786 διαφθαρῶμεν,
2969 4712 3090 4765 τότε
3137 4713 3268 4781 ἡμῖν
3315 4712 3434 4782 ὲρεῖ
3453 4748 3470 4774 ,
3519 4728 3537 4761 ι
3559 4708 3708 4760 Ὑπά-

2151 4823 2233 4877 γω
2259 4846 2275 4870 ,
2315 4823 2334 4858 ι
2378 4806 2494 4870 ἵνα,
2551 4801 2654 4856 κᾶν
2688 4801 2940 4873 ζητῶμεν
2993 4799 3180 4864 αὑτὸν,
3221 4799 3322 4870 οὑχ
3363 4799 3706 4870 εὑρησωμεν,

2151 4899 2266 4953 ἀλλ’
2309 4900 2366 4951 tv
2411 4899 2477 4967 τῇ
2525 4894 2769 4966 ἁμαρτίᾳ
2829 4891 2991 4966 ἡμῶν
3040 4890 3460 4962 ἀποθανούμεθα
3483 4929 3499 4954 ,
3555 4904 3705 4942 κατα-

2151 4988 2549 5061 λαμϐανόμενοι
2603 4988 2662 5040 έν
2705 4984 2842 5056 αὑτῇ
2863 5025 2879 5049 ,
2915 4984 3010 5037 καὶ
3041 4981 3596 5055 παραλαμϐανόμενοι
3619 4977 3708 5032 ὑπὸ

2149 5079 2352 5151 ταύτης
2399 5076 2504 5130 ὑπὸ
2546 5075 2656 5129 τῶν
2696 5073 3044 5146 τεταγμένων
3076 5075 3169 5127 ἐπὶ
3205 5072 3284 5143 τῷ
3338 5072 3591 5126 ἀπαιτεῖν
3623 5068 3707 5138 τὴν

2148 5170 2360 5242 ψυχὴν,
2429 5163 2570 5222 κατὰ
2617 5167 2708 5220 τὸν
2765 5166 3022 5220 εἰπόντα·
3077 5185 3096 5217 ι
3130 5167 3338 5236 ’Λφρον
3364 5202 3380 5226 ,
3435 5162 3606 5234 ταύτῃ
3650 5163 3704 5229 τῇ

2150 5263 2305 5316 νυκτὶ
2339 5258 2630 5314 ἀπαιτοῦσι
2656 5257 2754 5331 τὴν
2785 5256 2962 5331 ψυχήν
2994 5274 3086 5310 σου
3133 5255 3242 5310 ἀπὸ
3273 5255 3392 5309 σοῦ.
3433 5273 3451 5306 ι
3486 5253 3564 5310 Οὑ
3612 5251 3703 5323 χρὴ

2147 5351 2204 5405 δὲ
2262 5347 2551 5422 παρελθεῖν
2600 5346 2954 5414 ἀνεξέταστον
2985 5345 3106 5400 οὑδὲ
3160 5344 3255 5399 καὶ
3302 5343 3364 5397 τό
3386 5360 3400 5374 ·
3449 5361 3471 5395 ι
3519 5341 3604 5396 Ἦν
3646 5340 3703 5406 τῇ

2149 5443 2394 5516 ἁμαρτίᾳ
2449 5441 2602 5514 ὑμῶν
2649 5438 3042 5496 ἀποθανεῖσθε·
3081 5458 3101 5493 ι
3159 5439 3208 5492 εί
3263 5436 3363 5509 μὲν
3418 5435 3705 5504 κοινότερον

2148 5536 2504 5608 λαμὸάνεται,
2536 5533 2694 5605 δῆλον
2712 5571 2729 5599 ,
2759 5533 2842 5588 ὅτι
2866 5535 2914 5586 oi
2942 5530 3254 5604 ἁμαρτωλοὶ
3285 5529 3344 5584 tv
3377 5531 3444 5600 τῇ
3477 5522 3705 5600 ἁμαρτίᾳ

1756 5645 1778 5674 ⁸
1800 5642 1954 5699 Joan.
1985 5663 2054 5704 vn

2159 5649 2205 5704 ί).
2281 5651 2300 5681 ’
2335 5648 2526 5706 Matth.
2561 5662 2660 5716 vn,
2688 5647 2742 5704 8.
2821 5647 2844 5678 ⁸
2875 5645 3032 5704 Rom.
3064 5664 3120 5717 ι,
3157 5645 3210 5714 6,
3235 5644 3290 5702 8.
3371 5646 3394 5676 '
3417 5641 3547 5697 Luc.
3580 5650 3700 5700 xm,

547 5797 656 5870 (ιο)
687 5799 936 5869 Εὐρεθῇ.
971 5803 1127 5860 Deest
1157 5803 1207 5858 in
1251 5805 1438 5863 codice
1462 5806 1648 5878 Regio,
1683 5818 1740 5864 at
1765 5805 1961 5880 legitur
1989 5807 2042 5863 in

2159 5804 2376 5864 dlciano.
