3806 6534
91 413 187 470 549
1115 403 1472 464 COMMENT.
1509 403 1576 458 IN
1608 401 1802 460 JOAN.
1838 389 2078 457 TOMUS
2103 397 2244 454 XIX.
3201 401 3323 462 .550

87 527 254 586 αὐτῶν
277 522 699 591 ἀποθανοῦνται,
736 526 787 579 οί
818 525 874 579 δὲ
903 523 1099 580 δίκαιοι
1129 527 1188 580 ὲν
1219 525 1533 596 δικαιοσύνῃ
1558 541 1572 555 ·
1603 526 1652 578 εί

1758 527 2030 591 repetunt.
2059 537 2081 572 ι
2109 519 2215 575 Sed
2244 531 2313 574 ne
2347 517 2452 574 hoc
2482 515 2703 589 quidem
2760 517 3010 587 dictum,
3034 537 3054 573 ι
3086 517 3146 578 In
3198 538 3322 595 pec.

87 622 137 676 ἢ
164 621 222 673 τὸ
258 638 278 672 ι
299 617 662 675 ἀποθανεῖσθε
693 636 712 670 ›
755 618 899 672 κατά
935 617 1027 670 τὸν
1063 617 1256 688 ἐχθρὸν
1288 617 1384 670 τοῦ
1417 615 1650 687 Χριστοῦ

1755 621 1879 668 cato
1915 619 2099 667 vestro
2135 609 2466 677 moriemini,
2510 628 2530 662 ι
2560 609 2768 680 absque
2809 611 3064 682 indagine
3096 623 3324 686 prater.

91 712 306 767 θάνατον
333 711 693 782 λαμϐάνεται,
709 710 785 775 ὡς
809 709 904 764 τοῦ
928 709 1067 782 πρὸς
1085 708 1314 763 θάνατον
1331 708 1651 780 ἡμαρτηκό-

1755 704 1996 761 eundum
2061 710 2209 768 est;
2267 715 2396 757 nam
2455 701 2504 756 si
2566 701 2926 758 communiter
2979 703 3324 774 accipiatur,

87 821 166 868 τος
190 802 646 875 ἀποθνήσκοντος,
678 802 858 872 δῆλον,
881 802 964 855 ὅτι
991 798 1074 866 οἷς
1093 800 1266 856 ταῦτα
1296 801 1536 870 ἐλέγετο,
1557 803 1652 856 οὑ-

1755 795 2107 867 perspicuum
2158 799 2244 847 est
2297 799 2613 863 peccatores
2677 792 2730 846 in
2782 799 3008 860 peccato
3056 806 3159 847 suo
3208 807 3327 848 mo-

88 895 218 948 um
236 893 724 966 ἀποτεθνήκεισαν.
739 895 848 948 Καὶ
869 894 1122 967 ζητήσεις
1145 894 1262 959 πῶς
1281 895 1328 948 εί
1348 895 1422 966 μὴ
1435 892 1653 949 πιστεύ-

1755 885 1998 948 rituros;
2051 882 2230 953 iustos
2281 897 2410 939 vero
2462 882 2518 938 in
2571 897 2669 938 sua
2718 882 2928 954 iustitia
2977 898 2994 936 :
3047 882 3132 937 sin
3166 896 3322 948 vero,

90 1003 284 1051 σαντες,
325 987 410 1040 ὅτι
459 986 596 1052 ἔζων
631 986 913 1058 μέλλοντές
941 1005 1072 1041 ποτε
1101 986 1488 1044 ἀποθανεῖσθαι
1515 985 1647 1056 (41)·

1758 996 1778 1031 ι
1838 975 2149 1034 moriemini
2182 1015 2201 1041 ,
2263 991 2284 1026 ι
2333 973 2643 1044 accipiatur
2689 972 2758 1028 de
2803 982 3018 1037 morte,
3073 986 3196 1043 qua:
3240 982 3324 1028 est

87 1078 440 1146 ἀπαντήσεται
472 1077 530 1131 δέ
561 1095 644 1142 τις
675 1079 768 1132 καὶ
820 1078 956 1150 πρὸς
988 1078 1146 1132 τοῦτο
1188 1079 1383 1147 λέγων,
1409 1079 1492 1132 ὅτι
1529 1078 1651 1132 κατ’

87 1168 245 1222 ἐκεῖνο
272 1168 470 1240 καιροῦ
501 1168 565 1222 τὺ
601 1169 825 1240 μηδέπω
857 1169 1132 1224 πιστεύειν
1162 1170 1284 1224 οὑδὲ
1317 1170 1454 1245 πρὸς
1489 1169 1652 1224 θάνα-

85 1279 163 1315 τον
187 1261 492 1333 ἁμάρτημα
517 1257 606 1332 ἦν,
637 1262 732 1315 καὶ
763 1261 899 1333 πρὸς
929 1260 1024 1325 οὒς
1063 1263 1092 1315 6
1123 1262 1316 1330 Λόγος,
1346 1261 1556 1316 οὐδέπω
1583 1261 1652 1317 τὰ

86 1353 209 1425 πρὸς
239 1353 471 1406 θάνατον
497 1353 932 1424 ὴμαρτὴκεισαν,
957 1352 1072 1406 ἀλλ’
1103 1353 1239 1418 ἔζων
1272 1355 1369 1426 μὲν
1397 1355 1454 1408 ὲν
1485 1354 1649 1408 ἀσθε-

87 1446 189 1517 νείᾳ
207 1446 306 1516 τῆς
325 1446 506 1517 ψυχῆς
539 1447 723 1509 αὐτοῖς
742 1446 853 1518 (42)
870 1464 883 1477 ·
904 1446 1006 1518 ἠδὲ
1024 1445 1276 1504 ἀσθένεια
1303 1449 1485 1520 ἐκείνη
1513 1450 1650 1520 πρὸς

87 1536 294 1590 θάνατον
307 1531 398 1607 ἦν·
418 1535 509 1589 διὰ
522 1537 679 1590 τοῦτο
691 1536 782 1590 καὶ
797 1539 825 1590 ὁ
844 1536 1157 1610 ίατρδςμῦ),
1171 1537 1383 1605 βλέπων
1395 1539 1650 1612 ὀλεθρίως

89 1628 264 1690 αὑτοὺς
313 1627 679 1692 ἀσθενοῦντας
701 1669 716 1692 ,
767 1629 950 1698 ἔλεγεν
1007 1631 1279 1700 ἀπογνοὺς
1329 1631 1508 1688 αὑτῶν
1549 1633 1648 1704 τὴν

89 1719 387 1787 θεραπείαν·
429 1737 449 1770 ι
486 1717 626 1786 Ἐγὼ
657 1719 872 1788 ὑπάγω,
920 1720 1017 1773 καὶ
1051 1719 1314 1792 ζητήσετέ
1348 1739 1414 1793 με
1435 1761 1449 1786 ,
1470 1722 1564 1776 καὶ
1590 1725 1653 1776 ὲν

88 1812 141 1877 τῇ
170 1809 416 1880 ἁμαρτίᾳ
446 1808 598 1878 ὑμῶν
631 1808 1008 1863 ἀποθανεῖσθε.
1037 1827 1055 1860 ι
1085 1809 1325 1880 Εἴπομεν
1346 1809 1457 1880 (44)
1481 1809 1544 1881 δὴ
1564 1809 1646 1863 τό·

339 1871 600 1954 ἀσθένεια
648 1899 830 1970 ἐκείνη
877 1895 944 1972 ἦν
980 1901 1166 1964 αὑτοῖς
1213 1871 1361 1971 πρὸς,
1398 1871 1644 1966 θάνατον,
1678 1871 1721 1926 Β

90 1993 168 2044 ἥτε
211 1989 477 2061 μαθόντες
519 1992 626 2044 ἀπὸ
669 1991 762 2044 τοῦ
821 1991 994 2062 Ἰησοῦ
1039 1993 1303 2064 διαφορὰν
1343 1992 1646 2056 ἀσθενείας,

89 2081 282 2148 ἠσθένει
328 2083 388 2135 δὲ
436 2083 531 2137 καὶ
560 2084 589 2135 6
617 2082 883 2154 Λάζαρος,
914 2083 1027 2138 ἀλλ’
1055 2083 1170 2154 ᾔδει
1197 2085 1226 2137 6
1253 2085 1456 2155 ἰατρὸς,
1502 2086 1582 2138 ὅτι
1613 2086 1646 2156 ἡ

91 2174 316 2228 ἀσθένεια
351 2175 523 2228 αὑτοῦ
552 2175 611 2228 οὑ
646 2177 783 2247 πρὸς
823 2175 1051 2229 θάνατον
1096 2172 1186 2248 ἦν·
1228 2177 1417 2250 διόπερ
1449 2180 1643 2249 φησίν·

95 2265 264 2335 «Δῦτη
310 2268 345 2338 η
403 2266 658 2320 ἀσθένεια
707 2268 806 2321 οὑκ
849 2267 966 2320 ἐστι
1021 2269 1158 2340 πρὸς
1203 2269 1449 2324 θάνατον·
1482 2289 1500 2322 ι
1549 2269 1649 2324 Διά

93 2355 244 2421 τοῦτο,
278 2357 385 2412 κᾶν
417 2357 944 2430 ἀντιλαμϐανὼμεθα
976 2361 1088 2414 τῶν
1113 2360 1408 2415 ἀσθενειῶν
1443 2363 1649 2417 ἑαυτῶν

93 2446 463 2513 ἀσθενούντων,
482 2449 836 2520 προσέχωμεν
860 2452 1068 2522 μήποτε
1087 2451 1224 2523 πρὸς
1242 2452 1470 2506 θάνατον
1488 2452 1649 2506 ἀσθε-

93 2540 340 2610 νήσωμεν,
377 2541 788 2613 μεταϐαλούσης
809 2543 909 2612 τῆς
931 2543 1086 2598 νόσου
1119 2544 1228 2598 ἀπὸ
1251 2544 1344 2597 τοῦ
1370 2543 1449 2597 ἔτι
1479 2543 1649 2616 αὑτὴν

94 2626 208 2683 εἶναι
226 2631 489 2684 δύνασθαι
526 2631 639 2703 (45)
682 2633 774 2686 ἐπὶ
804 2633 866 2685 τὸ
890 2633 1126 2687 ἀνίατον.
1148 2635 1296 2704 ’Ἀμα
1315 2633 1369 2687 δὲ
1391 2635 1651 2702 σαφέστε-

95 2724 171 2795 ρόν
192 2736 307 2788 τως
334 2723 494 2777 ἔσται
533 2724 629 2779 καὶ
656 2725 745 2792 :6,
786 2743 804 2777 ι
829 2727 1002 2779 Ὅπου
1029 2725 1139 2794 ἐγὼ
1170 2727 1383 2795 ὑπάγω,
1412 2728 1565 2796 ὑμεῖς
1585 2726 1648 2779 οὑ

96 2817 296 2869 δύνασθε
348 2816 548 2882 ἐλθεῖν,
579 2836 599 2868 ι
654 2818 1046 2890 ἐπιφερόμενον
1094 2817 1204 2889 τῷ·
1267 2837 1286 2869 ι
1315 2820 1425 2870 Καὶ
1478 2820 1536 2871 ὲν
1581 2820 1648 2888 τῇ

96 2909 312 2980 ἁμαρτίᾳ
352 2909 514 2980 ὑμῶν
549 2909 900 2962 ἀποθανεῖσθε
921 2927 969 2959 ·›
997 2909 1124 2963 ὅταν
1153 2909 1263 2980 γὰρ
1293 2909 1538 2980 ἀποθάνῃ
1567 2926 1651 2972 τις

95 3000 142 3051 ὲν
167 3001 227 3070 τῇ
257 2999 454 3053 ἑαυτοῦ
499 3001 775 3072 ἁμαρτίᾳ,
826 3001 958 3053 ὅπου
1002 3000 1199 3067 ὑπάγει
1241 3002 1271 3053 6
1328 2998 1553 3071 Ἰησοῦς,
1589 3000 1649 3052 οὐ

96 3090 290 3146 δύναται
323 3092 614 3146 ἀπελθεῖν·
652 3092 826 3156 οὐδεὶς
870 3092 980 3163 γὰρ
1006 3092 1198 3163 νεκρὸς
1225 3090 1535 3146 ἀκολουθεῖν
1558 3089 1650 3145 δός

99 3198 229 3234 ναται
257 3181 336 3252 τῷ
395 3181 596 3252 Ἰησοῦ·
637 3197 654 3231 ι
720 3184 857 3240 Οὺδὲ
909 3183 1024 3253 γάρ
1051 3183 1101 3234 οί
1144 3179 1326 3251 νεκροὶ⁵
1377 3179 1648 3234 αἰνέσουσί

99 3288 165 3339 σε,
193 3273 380 3346 Κύριε,
429 3275 553 3328 οὐδὲ
597 3273 797 3337 πάντες
836 3276 884 3327 οί
929 3272 1349 3336 καταϐαίνοντες
1376 3273 1455 3336 είς
1486 3271 1643 3343 ᾅδου·

100 3365 193 3418 ἀλλ’
222 3367 378 3437 ἡμεῖς
403 3367 458 3420 oi
489 3366 690 3431 ζῶντες
722 3366 1086 3436 εὑλογήσομεν
1122 3365 1214 3418 τὸν
1243 3362 1498 3435 Κύριον.»
1532 3364 1650 3416 Ἔτι

100 3455 214 3526 πρὶς
234 3457 326 3521 τὸ,
365 3476 386 3510 ι
427 3457 518 3510 Ἐν
541 3460 608 3528 τῇ
641 3457 885 3528 ἁμαρτίᾳ
909 3456 1064 3527 ὑμῶν
1083 3454 1462 3518 ἀποθανεῖσθε,
1492 3473 1511 3506 ι
1544 3471 1652 3508 πα-

104 3548 287 3621 ραθήσῃ
318 3548 384 3601 τὸ
412 3548 481 3601 ἐκ
523 3547 619 3601 τοῦ
675 3546 935 3618 Ἰεζεκιὴλ
976 3545 1148 3610 οὕτως
1191 3545 1339 3615 ἔχον·
1383 3563 1402 3596 ι
1425 3544 1585 3616 Ψυχὴ
1618 3545 1652 3616 ἡ

101 3641 501 3711 ἁμαρτάνουσα,
556 3638 696 3710 αὕτη
751 3638 1136 3693 ἀποθανεῖται·
1165 3657 1182 3689 i
1264 3637 1490 3701 θάνατος
1545 3635 1654 3708 γὰρ

102 3734 250 3803 39,111;
295 3733 582 3805 ἁμαρτία·
637 3728 792 3804 οἶμαι
841 3733 918 3796 δὲ,
965 3732 1048 3786 ὅτι
1097 3733 1158 3786 οὑ
1202 3732 1372 3795 πᾶσα,
1427 3729 1541 3783 ἀλλ’
1586 3730 1654 3800 ἦν

103 3843 240 3895 φησιν
275 3828 536 3897 Ἰωάννης
557 3825 692 3898 πρὸς
717 3825 944 3880 θάνατον
965 3843 979 3856 ·
1004 3823 1119 3896 ἅμα
1145 3825 1202 3877 δὲ
1218 3823 1312 3877 καὶ
1333 3822 1653 3885 διαστέλλει,

102 3919 166 3970 Ξτι
189 3938 264 3983 τις
297 3919 548 3992 ἁμαρτία
576 3918 803 3982 θάνατός
827 3919 942 3970 ἐστι
962 3916 1163 3988 ψυχῆς,
1187 3916 1280 3970 καί
1301 3932 1386 3978 τις
1413 3913 1656 3985 ἁμαρτία

103 4010 324 4064 ἀσθένεια
355 4010 563 4080 αὐτῆς·
594 4009 734 4079 τάχα
761 4009 818 4062 δὲ
845 4009 940 4062 καὶ
962 4008 1144 4079 τρίτον
1173 4023 1257 4070 τις
1300 4004 1540 4076 ἁμαρτία
1562 4002 1658 4076 ζη-

105 4100 185 4170 μία
221 4102 402 4173 ψυχῆς
429 4103 597 4166 ἐστιν,
623 4101 867 4172 ἁμαρτία
889 4099 1000 4171 (46)
1029 4098 1268 4170 δηλονότι
1304 4100 1370 4151 ὲκ
1409 4097 1532 4150 τοῦ·
1562 4096 1658 4148 «Ti

104 4195 493 4267 ὠφεληθήσεται
521 4194 618 4250 ἄνθ
627 4211 828 4266 ρωπος,
852 4193 948 4247 ὲάν
970 4191 1089 4247 ὅλον
1113 4192 1204 4245 τὸν
1231 4191 1433 4261 κόσμον
1462 4189 1659 4260 κερδή-

104 4303 178 4362 σῃ,
205 4289 294 4359 τὴν
326 4290 384 4343 δὲ
416 4286 596 4358 ψυχὴν
628 4284 794 4339 αὑτοῦ
832 4284 1094 4356 ἀπολέσῃ,
1124 4283 1158 4354 ἢ
1189 4281 1475 4354 ζημιωθῇς
1504 4301 1522 4332 i
1567 4281 1661 4334 καὶ

105 4379 156 4433 ὲκ
179 4380 262 4433 τοῦ
281 4399 294 4412 ·
336 4400 354 4432 ι
373 4381 448 4434 El!
473 4396 619 4442 τινος
644 4378 704 4432 τὸ
733 4377 893 4450 ἔργον
921 4375 1348 4445 κατακαήσεται,
1382 4372 1662 4444 ζημιωθή-

108 4487 253 4526 σεται.
279 4490 296 4524 ι
333 4473 464 4533 Τοῖς
499 4470 598 4541 μὲν
633 4464 725 4523 οὖν
753 4469 810 4522 ὲν
838 4470 903 4538 τῇ
934 4463 1176 4538 ἁμαρτίᾳ
1203 4462 1663 4534 ἀποθανουμένοις

1673 3226 1721 3289 ο

1753 1066 1973 1123 inimica
2039 1062 2289 1129 Christi,
2362 1071 2424 1118 u'.
2492 1063 2539 1118 is
2602 1071 2792 1132 pereat
2861 1061 2957 1131 qui
3029 1063 3096 1116 ad
3171 1077 3324 1117 mor-

1753 1169 1860 1222 tem
1921 1158 2220 1231 peccavit,
2273 1155 2622 1228 perspicuum
2679 1165 2764 1210 est
2813 1155 3050 1211 nondum
3119 1155 3320 1226 periis-

1750 1269 1812 1310 se
1877 1267 1972 1309 eos
2033 1251 2232 1322 quibus
2292 1251 2406 1306 haec
2472 1248 2813 1306 dicebantur.
2869 1247 3095 1314 Quaeres
3155 1247 3322 1302 etiam

1751 1358 1986 1416 quonam
2052 1351 2212 1413 pacto
2287 1341 2380 1410 qui
2461 1356 2568 1394 nun
2644 1339 2986 1394 crediderant
3044 1353 3104 1393 se
3175 1339 3324 1394 vive-

1751 1451 1813 1491 re
1882 1435 1939 1490 in
2003 1433 2370 1497 inﬁrmitate,
2439 1429 2690 1485 morituri
2770 1429 2880 1484 sint
2960 1428 3317 1498 aliquando;

1750 1526 1912 1598 295
1944 1525 2239 1596 praesertim
2277 1539 2397 1580 cum
2433 1522 2630 1590 aliquis
2672 1521 2724 1574 in
2774 1521 2964 1574 borum
3000 1519 3320 1575 defensione

1750 1621 1822 1676 sit
1847 1632 2206 1689 responsurus
2240 1614 2671 1670 incredulitatem
2699 1611 2751 1666 iu
2785 1611 2876 1665 illo
2908 1620 3153 1680 tempore
3182 1625 3324 1664 non-

1750 1711 1888 1768 dum‘
1908 1708 2077 1763 fuisse
2121 1715 2407 1777 peccatum
2442 1705 2509 1758 ad
2555 1713 2828 1767 mortem;
2857 1709 2910 1756 et
2949 1701 3153 1756 idcirco
3200 1699 3322 1754 illos

1751 1812 1916 1868 penes
1962 1811 2100 1867 quos
2131 1793 2452 1864 loquebatur
2488 1792 2784 1856 Servator,
2819 1790 2886 1842 ad
2938 1798 3166 1843 mortem
3211 1803 3321 1843 non

1751 1902 2038 1962 peccasse:
2068 1887 2323 1942 vivebant
2348 1885 2426 1938 illi
2464 1893 2642 1938 tamen
2684 1882 2739 1936 in
2778 1880 3090 1935 inﬁrmitate
3127 1880 3322 1935 anima

1741 1999 1898 2051 suae,
1928 1993 2152 2051 eratque
2182 1978 2471 2035 inﬁrmitas
2515 1976 2604 2030 illa
2631 1976 2704 2029 ad
2729 1983 2989 2030 mortem:
3032 1980 3316 2043 propterea

1743 2076 1914 2132 etiam
1946 2074 2186 2130 medicus
2227 2071 2417 2126 videns
2449 2068 2570 2124 illos
2616 2068 2816 2122 misere
2846 2073 3207 2134 aegrotantes,
3236 2074 3318 2117 at-

1749 2182 1857 2238 que
1905 2168 1972 2221 de
2019 2165 2234 2219 illorum
2266 2161 2441 2217 salute
2501 2160 2819 2227 desperans,
2853 2155 3104 2211 dicebat:
3147 2173 3167 2206 ι
3207 2153 3318 2224 Ego

1735 2256 1907 2320 .vado,
1936 2263 1992 2310 et
2025 2251 2282 2322 quaeretis
2315 2263 2433 2315 me,
2467 2255 2518 2303 et
2566 2247 2618 2302 in
2649 2253 2876 2314 peccato
2904 2253 3086 2298 vestro
3115 2241 3319 2296 morie-

1751 2347 1906 2406 mini.
1947 2365 1967 2400 ι
1999 2346 2252 2402 Dicamus
2283 2341 2444 2412 igitur
2471 2339 2612 2409 quod
2642 2335 2935 2392 inﬁrmitas
2963 2334 3052 2389 illa
3088 2333 3196 2387 illis
3246 2331 3317 2388 ad

1749 2449 1977 2495 mortem
2008 2417 2156 2501 erat,
2192 2443 2448 2501 tanquam
2475 2445 2506 2483 a
2550 2428 2679 2484 Jesu
2728 2427 2906 2482 edocti
2957 2423 3316 2480 diﬂerentiam

1751 2529 2086 2589 inﬁrmitatis
2124 2544 2137 2579 :
2177 2523 2557 2581 iuﬁrmabatur
2605 2533 2839 2588 namque
2891 2516 3172 2581 Lazarus,
3225 2514 3319 2569 sed

1750 2632 1979 2679 noverat
2027 2618 2270 2674 medicus
2318 2613 2688 2671 inﬁrmitatem
2736 2608 2895 2678 hujus
2938 2623 3046 2663 non
3085 2621 3208 2662 esse
3253 2606 3322 2660 ad

1749 2724 2016 2779 mortem;
2044 2710 2396 2782 quamobrem
2415 2703 2646 2774 inquit“
2673 2720 2689 2758 :
2712 2719 2731 2754 ι
2759 2701 3051 2757 luilrmitas
3082 2700 3196 2754 haec
3211 2714 3319 2752 nou

1735 2813 1832 2861 est
1879 2803 1946 2859 ad
2007 2810 2260 2857 mortem.
2303 2817 2334 2852 ν
2368 2797 2519 2853 lianc
2560 2795 2631 2851 ob
2687 2807 2912 2849 causam
2961 2792 3008 2846 si
3055 2790 3319 2858 suscipia-

1751 2910 1872 2951 mus
1898 2893 2246 2950 inﬁrmitates
2272 2891 2513 2960 ipsorum
2547 2883 2946 2956 segrotantium,
2971 2881 3322 2936 adhibeamus

1752 2987 1992 3040 animum
2023 2998 2091 3038 ne
2117 2983 2336 3051 quando
2361 2977 2428 3033 ad
2463 2986 2697 3034 mortem
2747 2983 3103 3044 aegrotamus,
3131 2972 3322 3026 morbo

1737 3075 1898 3132 .facto
1936 3069 2354 3135 immedicabili,
2393 3082 2517 3125 cum
2563 3065 2740 3120 adhuc
2782 3076 2908 3132 spes
2954 3075 3076 3117 esse
3115 3068 3321 3131 posset.

1755 3165 1970 3222 Pariter
2001 3163 2166 3217 etiam
2211 3160 2454 3230 apertius
2494 3157 2726 3226 quodam
2759 3153 2924 3214 modo.
2953 3152 3060 3208 erit
3099 3150 3201 3206 hoc
3239 3151 3324 3204 di-

1753 3267 1924 3320 ctum,
1962 3273 1981 3307 ι
2020 3253 2136 3320 Quo
2177 3266 2278 3321 ego
2303 3249 2477 3315 vado,
2518 3261 2620 3302 vos
2649 3260 2754 3302 non
2782 3243 3006 3314 potestis
3037 3242 3324 3305 venirem.

1752 3351 1898 3421 quod
1931 3347 2271 3416 subiungitur
2302 3343 2408 3400 illis
2434 3341 2646 3397 verbis:
2679 3356 2699 3391 ι
2730 3338 2796 3394 Et
2820 3339 2873 3408 in
2898 3346 3120 3408 peccato
3142 3345 3324 3391 vestro

1757 3439 2104 3506 moriemini;
2154 3457 2174 3491 ι
2235 3436 2453 3507 quando
2496 3432 2641 3488 enim
2685 3431 2917 3488 moritur
2963 3428 3086 3499 quis
3133 3427 3187 3482 in
3223 3438 3324 3482 suc.

1756 3535 1924 3606 ipsius
1947 3541 2201 3604 peccato,
2237 3544 2346 3600 quo
2371 3528 2518 3583 vadit
2568 3525 2728 3581 Jesus
2778 3539 2888 3578 non
2925 3529 3104 3592 potest
3131 3519 3285 3574 abire
3310 3561 3324 3574 .

1757 3627 1934 3684 nullus
1963 3625 2106 3681 enim
2138 3632 2381 3678 mortuus
2424 3619 2576 3688 sequi
2611 3625 2793 3687 potest
2831 3613 3048 3678 Iesum,
3079 3610 3324 3682 quando-

1755 3721 1990 3790 quidem,
2024 3736 2043 3770 ι
2075 3716 2192 3772 Non
2225 3715 2423 3769 mortui
2453 3710 2748 3765 laudabunt
2774 3715 2848 3772 te,
2877 3705 3126 3768 Domine,
3153 3713 3326 3771 neque

1755 3825 1945 3866 omnes
1979 3807 2070 3877 qui
2099 3804 2433 3862 descendunt
2463 3801 2517 3856 iu
2549 3799 2854 3860 infernum;
2886 3794 2979 3849 sed
3010 3807 3106 3847 nos
3139 3791 3328 3845 viven-

1759 3915 1839 3960 tes
1864 3899 2202 3957 laudabimus
2235 3895 2520 3950 Dominum
2552 3891 2614 3944 ¹³.
2653 3907 2673 3941 ι
2707 3887 2789 3942 Ad
2812 3885 2950 3939 'bzec
2989 3883 3116 3937 huic
3144 3881 3326 3944 dicto,

1763 4015 1782 4048 ι
1813 3993 1869 4050 lu
1897 4000 2119 4064 peccato
2165 3997 2348 4046 vestro
2387 3979 2729 4044 moriemini,
2769 3996 2789 4030 ι
2847 3975 2976 4031 illud
3017 3971 3322 4028 Ezechielis

1758 4088 2016 4170 adiunges
2036 4084 2180 4139 hunc
2215 4081 2270 4135 in
2303 4077 2522 4134 modum
2553 4089 2613 4129 se
2633 4073 2880 4129 habens:
2929 4087 2949 4121 ι
2979 4067 3178 4170 anima
3203 4077 3333 4134 pec-

1760 4160 2081 4247 cans,'ipsa
2116 4173 2345 4229 moritur
2368 4170 2446 4222 ’δι
2487 4187 2508 4221 ι
2539 4182 2685 4223 mors
2723 4165 2869 4220 enim
2907 4160 3103 4216 anima:
3133 4170 3330 4228 pecca-

1764 4283 1911 4336 tum;
1939 4284 2046 4323 nou
2079 4279 2240 4324 omne
2287 4273 2489 4327 tamen,
2520 4257 2884 4328 meoiudicio,
2917 4255 3011 4309 sed
3033 4252 3162 4306 illud
3187 4249 3332 4319 quod

1761 4364 1892 4420 dicit
1915 4361 2150 4418 Joannes
2175 4358 2241 4413 ad
2274 4362 2504 4412 mortem
2533 4354 2577 4385 ⁸⁸
2615 4368 2629 4405 :
2672 4350 2764 4420 qui
2798 4347 3002 4419 pariter
3043 4343 3207 4398 etiam
3250 4340 3335 4396 di-

1765 4455 1991 4525 stinguit
2017 4462 2296 4524 peccatum
2343 4445 2560 4516 aliquod
2599 4451 2827 4498 mortem
2861 4453 2983 4494 esse
3014 4437 3209 4490 animm
3231 4471 3250 4500 ,
3277 4440 3335 4487 et

108 4522 288 4631 φησιν·⁷
314 4522 619 4630 ιῖλῖπάγω,
647 4522 744 4614 καὶ
768 4522 1030 4632 ζητίίσετέ
1057 4522 1270 4629 με,.καὶ
1308 4557 1367 4611 ὲν
1390 4559 1456 4627 τῇ
1483 4522 1653 4626 ἀμαρἐ

1765 4522 1908 4603 idem
1956 4522 2171 4614 aliquod
2231 4538 2600 4596 inﬁrmitatem
2651 4545 2772 4588 esse
2841 4529 2958 4597 eius
3001 4522 3335 4582 E'iortassis

210 4655 358 4725 ὑμῶν
410 4619 794 4709 ἀποθανεῖσθεί
989 4619 1102 4720 ἐγω
1137 4619 1356 4719 ὑπάγω,
1399 4619 1558 4718 ὑμεῖς
1601 4619 1653 4699 οὒ

1765 4640 1928 4696 etiam
1977 4635 2140 4692 tertio
2188 4631 2350 4688 modo
2400 4634 2680 4699 peccatum
2723 4621 2940 4693 aliquod
2966 4619 3220 4674 damnum
3248 4623 3336 4669 est

109 4745 306 4801 δύνασθε
340 4747 517 4801 ἐλθεῖν
534 4762 548 4776 ·
575 4765 594 4796 ι
627 4743 704 4814 τῷ
729 4743 786 4796 δὲ
808 4743 1032 4814 Πέτρῳ·
1065 4761 1084 4792 ι
1111 4743 1286 4794 Ὅπου
1312 4739 1424 4809 ἐγὼ
1451 4736 1666 4806 ὑπάγω,

1766 4735 1994 4796 animae,
2024 4728 2167 4800 quod
2195 4724 2406 4782 scilicet
2444 4737 2507 4778 ex
2544 4736 2610 4776 eo
2647 4719 2818 4790 liquet
2855 4731 2872 4771 :
2909 4732 2929 4768 ι
2964 4715 3100 4781 Quid
3132 4711 3335 4764 utilita-

110 4840 157 4890 οὑ
184 4840 402 4894 δύνασαί
455 4855 546 4908 μοι
597 4803 692 4889 νῦν
740 4803 1103 4905 άκολοῦθῆσαι
1121 4851 1134 4864 ι
1177 4803 1586 4900 ἀκολουθήσεις-
1613 4827 1653 4880 6i

1771 4826 1842 4882 tis
1870 4823 2091 4880 habebit
2120 4822 2314 4884 homo,
2343 4815 2388 4872 si
2419 4815 2736 4869 universum
2775 4807 3034 4863 mundum
3070 4803 3335 4863 lucretur,

113 4928 336 5002 ὕπερον·
365 4950 386 4984 ι
430 4895 734 4998 ἔξεστιγάρ
758 4895 1194 4998 μαθητευόμενον
1219 4923 1300 4993 τῷ
1331 4895 1537 4993 Ἰησοῦ,
1579 4917 1653 4971 νῦ·

1773 4917 1968 4971 anima:
1993 4927 2123 4968 vero
2151 4925 2263 4966 suae
2299 4908 2684 4964 detrimentum
2739 4901 2974 4970 patiatur
2999 4895 3081 4947 i‘?
3118 4912 3137 4945 ι
3176 4902 3232 4945 et
3268 4905 3335 4944 ex

116 5020 195 5092 ph
325 4983 774 5096 παρεσκευάσθαι
792 4983 904 5089 (Hi
947 4983 1082 5088 πρός
1111 5016 1174 5069 τὸ
1195 4983 1505 5068 ἀκολουθεῖν
1530 5010 1653 5079 αὐτῷ

1775 5023 1872 5063 eo:
1919 5025 1938 5056 ι
1971 5005 2026 5061 Si
2058 5002 2214 5071 cuius
2241 5014 2379 5072 opus
2404 5005 2653 5053 exustum
2685 4991 2868 5056 fuerit,
2892 4988 3142 5042 damnum
3168 4983 3337 5038 babe-

171 5156 208 5189 ⁸¹
232 5155 386 5212 Joan.
421 5173 500 5222 Il,
534 5155 591 5210 4.
693 5156 738 5187 ¹¹
770 5154 926 5212 Joan.
958 5169 1075 5222 vui,
1101 5151 1194 5207 21.

117 5226 343 5283 "Matth.
367 5244 483 5292 ινι,
512 5227 606 5282 26.

173 5370 275 5440 (Η)
305 5369 594 5427 Ferrarius
623 5367 836 5440 videtur
857 5365 1054 5440 legisse
1077 5362 1194 5440 πῷς
1236 5361 1285 5440 οί
1341 5359 1415 5432 μὴ
1448 5356 1670 5440 πιστεὺ-

118 5427 304 5506 σαντες,
326 5443 414 5495 ὅτι
453 5442 591 5508 ἔζων
621 5440 680 5494 ὲν
710 5427 984 5509 ἀσθενεία,
1023 5432 1276 5508 μέλλουσί
1304 5427 1432 5484 ποτε
1461 5427 1667 5484 ἀποθα-

117 5511 539 5720 νεῖῗὶῗλύτοῖς.
572 5577 881 5648 Legendum
911 5575 1130 5630 videtur
1153 5569 1387 5628 αὑτῶν.’

173 5653 256 5715 (43
302 5653 424 5720 Καὶ
442 5655 474 5705 ὁ
509 5649 728 5720 ιατροζς.
752 5647 915 5720 Deest
941 5645 996 5720 in
1024 5639 1387 5720 codice_Bodl«

302 5653 424 5730 ιξαζ
442 5655 474 5705 ὁ
492 5639 728 5730 Ἶατρξς.
752 5647 915 5729 Deest
941 5645 996 5730 in
1024 5639 1559 5730 codice'Bodleiano.

177 5712 925 5792 (41⁷)·Είᾶομεκξξέηονίμε
951 5715 1161 5792 legebat
1184 5712 1454 5792 εἴπωμεν.

179 5778 278 5863 (45)
306 5778 704 5863 ’.ἀπὸτοῦ-ἐτι
723 5785 926 5863 αὑτὴν
947 5778 1099 5863 eli-at
1126 5778 1437 5863 (ξάνασραι.
1467 5778 1673 5863 Legem-

1304 5148 1517 5220 ",‘Psal.
1562 5162 1718 5212 cxru,
1749 5146 1836 5212 i7,
1868 5143 1955 5200 18.

2033 5143 2078 5175 ³⁸
2107 5137 2301 5197 Ezech.
2335 5150 2489 5200 mn,
2527 5130 2616 5186 20.
2732 5128 2776 5160 "
2801 5126 2822 5182 Ι
2848 5123 3006 5181 Joau.
3038 5138 3092 5187 ν.
3127 5121 3219 5190 16,
3249 5120 3336 5178 Π.

1773 5353 1868 5407 τοῦ
1903 5350 2173 5422 ἔτιαὺτὴν
2220 5343 2376 5416 ίατὴν
2419 5340 2558 5399 εἶναι
2609 5339 2903 5408 δύνασθαι,
2959 5334 3043 5392 rei
3092 5333 3222 5407 quid
3261 5334 3341 5392 Bi-

1775 5425 1958 5563 ωιέῗθ)
1995 5489 2264 5562 Ἆμαρτία
2289 5483 2588 5555 δηλονότι.
2603 5479 2874 5553 ’Λμαρτία
2901 5477 3114 5534 videtur
3137 5473 3344 5548 παρείλ-

1774 5582 1961 5704 κςῖῒῚ)
1991 5631 2119 5688 Νῦν
2152 5629 2268 5700 μὲν
2287 5627 2374 5698 μὴ
2409 5621 2916 5695 παρεσκευάσθαι.
2952 5616 3333 5696 Negandipar-

1781 5705 1940 5741 Iinnln
1973 5703 2025 5741 in
2059 5700 2309 5741 Fari-uri"
2369 5711 2472 5741 non
2523 5702 2834 5741 cumnarel:
2862 5704 3023 5741 (Illam
3059 5700 3347 5741 aenutnam

3128 5703 3287 5741 11111113

1781 5700 1951 5760 ιίοιιιιι
1973 5703 2026 5756 in
2059 5700 2309 5756 Ferrario
2358 5711 2472 5770 non
2523 5702 2834 5770 comparet_;
2862 5704 3023 5770 quam
3059 5701 3278 5770 genuina

3110 5770 3350 5814 θτιοιιιυσ

1783 5787 1965 5829 tamen
1990 5771 2128 5828 ratio
2168 5779 2224 5828 et
2273 5767 2490 5826 codices
2547 5761 2905 5833 manuscri'pti
2953 5769 3009 5814 et

125 5845 227 5917 dum
255 5845 486 5921 iouiasSe
517 5859 628 5917 ἀπὸ
657 5857 752 5913 τοῦ
781 5845 1110 5926 ἐτίίαθῆναι
1148 5851 1426 5920 δύνασθαι,
1448 5849 1528 5906 vel
1546 5845 1653 5903 61:3

1782 5845 2037 5900 clamant.
