3826 6532
504 391 605 447 551

1916 381 2242 442 ORIGENIS

3651 383 3751 441 δερ

503 507 582 562 bit
608 503 677 561 ίτ.
712 523 732 558 ι
773 505 954 575 Atque
1003 495 1061 559 in
1100 509 1323 573 peccato
1351 501 1571 573 quidem
1605 501 1968 558 morientibus
1997 504 2066 557 in-

2183 499 2396 553 ἀπιόντι
2422 498 2557 569 πρὸς
2591 497 2682 550 τὸν
2710 495 2950 568 Πατέρα,
2985 494 3210 567 ὕστερον
3241 495 3298 549 δὲ
3345 495 3403 562 ἐξ
3446 495 3752 568 ἐπιμελείας

500 600 619 670 quit
637 597 723 654 1'z
753 617 773 650 ι
806 591 978 662 Vada,
1004 605 1059 652 et
1082 597 1336 667 quaeretis
1355 610 1461 663 me,
1487 605 1544 651 et
1568 597 1621 650 in
1649 603 1876 665 peccato
1891 604 2078 650 vestro

503 690 810 746 moriemini
843 706 856 742 :
893 704 1002 760 quo
1045 703 1144 758 ego
1200 689 1339 743 vado
1388 703 1496 743 non
1529 689 1756 757 potestis
1795 685 2017 752 venire;
2052 706 2071 740 ι

503 784 572 838 ad
601 781 818 839 Petrum
860 798 1023 837 vero:
1061 799 1080 833 ι
1108 782 1224 849 Quo
1271 797 1372 851 ego
1413 781 1548 835 vado
1573 821 1588 847 ,
1624 795 1728 834 non
1779 789 1938 849 potes
1990 791 2077 833 me

481 876 663 930 modo
689 876 866 944 sequi,
898 875 1144 944 sequeris
1171 883 1352 928 autem
1382 883 1568 942 postea
1598 871 1680 936 ης
1718 887 1738 924 ι
1771 871 1888 926 ﬁeri
1927 869 2073 924 enim

501 976 684 1036 potest
718 976 778 1020 ut
822 965 1124 1035 discipulus
1150 965 1277 1020 Jesu
1326 979 1430 1020 non
1465 964 1534 1019 sit
1565 977 1708 1019 nunc
1733 963 1952 1032 quidem
1982 976 2074 1030 pa-

501 1067 653 1112 ratus
677 1059 742 1112 ad
765 1059 1093 1127 sequendum
1116 1056 1392 1111 Christum
1417 1057 1704 1110 abeuntem
1727 1055 1794 1109 ad
1821 1053 2070 1118 Patrem;

499 1157 686 1217 postea
717 1161 850 1201 vero
874 1147 1159 1214 diligenter
1187 1146 1434 1214 vestigiis
1461 1145 1676 1198 insistat
1699 1143 2071 1213 praeceptoris,

501 1249 562 1294 et
611 1248 872 1307 sequatur
916 1239 1232 1292 Sermonem
1285 1235 1402 1291 Dei.
1457 1235 1623 1308 296
1675 1234 1944 1290 Credibile
1989 1242 2074 1288 est

499 1339 716 1393 autem,
748 1340 970 1397 propter
999 1343 1060 1382 ea
1105 1343 1226 1397 quae
1273 1341 1302 1380 a
1337 1329 1493 1382 nobis
1529 1329 1596 1380 de
1650 1326 1757 1380 ﬁne
1797 1325 2070 1380 intellecta

495 1426 660 1482 sunt,
710 1417 949 1487 aliquem
1010 1419 1250 1471 animum
1279 1417 1346 1470 ad
1378 1417 1434 1470 id
1463 1417 1814 1472 adversorum
1841 1455 1856 1479 ,
1899 1433 1919 1467 ι
1955 1413 2072 1480 Quo

494 1523 596 1579 ego
623 1510 763 1564 vado
785 1550 800 1572 ,
843 1524 938 1563 vos
972 1523 1079 1563 non
1109 1508 1337 1578 potestis
1368 1509 1552 1564 venire
1572 1552 1586 1575 ,
1627 1526 1646 1560 ι
1681 1507 1748 1562 ad
1794 1507 1957 1576 idque
1988 1505 2072 1558 di-

494 1609 749 1662 cturum,
798 1600 912 1655 ﬁeri
961 1600 1178 1669 quidem
1230 1615 1396 1668 posse
1430 1609 1490 1654 ut
1514 1615 1657 1654 nunc
1709 1615 1814 1654 non
1839 1599 2068 1668 possint,

495 1690 852 1760 imposterum
895 1699 1077 1744 autem
1106 1691 1350 1760 possint;
1403 1699 1458 1744 et
1495 1691 1541 1744 si
1591 1690 1809 1760 quidem
1851 1688 2068 1756 aliquod

495 1788 581 1834 est
603 1780 859 1835 saeculum
887 1795 1146 1850 praesens,
1180 1780 1323 1834 aliud
1353 1795 1483 1836 vero
1512 1782 1752 1834 futurum
1776 1819 1793 1846 ,
1823 1795 1919 1834 eos
1949 1779 2070 1849 qui-

2181 591 2304 644 κατ’
2350 588 2470 659 ἴχνη
2521 588 2770 658 βαίνοντα
2822 586 3131 641 ἀκολουθεῖν
3173 587 3254 658 τῷ
3299 586 3624 658 διδασκάλῳ,
3663 593 3749 644 καὶ

2181 681 2409 734 ἔπεσθαι
2458 680 2536 750 τῷ
2581 680 2741 749 Λόγῳ
2777 679 2872 732 τοῦ
2918 679 3074 732 Θεοῦ.
3115 679 3275 743 Εἰκὸς
3326 679 3405 743 δὲ,
3448 681 3529 732 δτι
3560 681 3652 733 διὰ
3690 683 3750 734 τὰ

2181 774 2309 844 περὶ
2359 772 2544 833 τέλους
2595 772 2728 842 ἡμῖν
2779 769 3149 840 ὑπονοούμενα
3204 771 3487 841 ἐπιστήσει
3522 789 3605 834 τις
3646 772 3746 842 τῷ·

2187 884 2207 918 ι
2239 867 2411 919 Ὅπου
2444 864 2556 932 ἐγὼ
2593 863 2814 932 ὑπάγω,
2845 863 3003 932 ὑμεῖς
3027 863 3088 915 ού
3127 860 3354 914 δύνασθε
3385 861 3557 916 ἐλθεῖν
3576 881 3625 915 Ἶ
3664 865 3750 917 καὶ

2180 956 2317 1028 πρὸς
2347 955 2505 1009 τοῦτο
2542 956 2678 1026 ὲρεῖ,
2716 955 2798 1008 ὅτι
2845 953 3023 1020 ἔξεστι
3061 952 3156 1006 νῦν
3210 953 3307 1023 μὲν
3356 954 3433 1026 μὴ
3474 953 3748 1017 δύνασθαι,

2182 1046 2406 1119 ὕστερον
2442 1046 2499 1099 δὲ
2531 1045 2857 1117 δυνήσεσθαι
2910 1044 3044 1116 (48)’
3104 1045 3198 1098 καὶ
3228 1045 3388 1117 εἴπερ
3421 1044 3536 1096 ὲστί
3563 1062 3651 1108 τις
3682 1047 3753 1096 ὲν-

2179 1137 2426 1210 εστηκὼς
2458 1138 2612 1203 αίὼν,
2649 1140 2743 1192 καὶ
2765 1137 2924 1201 ἄλλος
2961 1136 3190 1207 μέλλων,
3219 1129 3365 1190 οὗτοι
3388 1137 3522 1208 πρὸς
3545 1135 3639 1200 οὓς
3666 1136 3748 1188 λέο

2177 1230 2396 1297 λεκται,
2435 1250 2452 1280 ι
2479 1231 2554 1283 Ού
2581 1228 2807 1283 δύνασθε
2847 1228 3041 1292 ἐλθεῖν,
3065 1248 3083 1279 ι
3126 1227 3267 1282 κατά
3297 1229 3388 1280 τὸν
3425 1228 3745 1298 ἐνεστηκότα

2177 1324 2350 1377 αἰῶνα
2399 1323 2586 1393 (πολὺς
2613 1323 2670 1376 δὲ
2702 1325 2729 1376 ὁ
2767 1322 2966 1375 λείπων
2997 1315 3091 1386 εἰς’
3115 1322 3212 1393 τὴν
3247 1321 3554 1374 συντέλειαν
3583 1321 3741 1373 αὑτοῦ

2177 1419 2290 1470 ἐστι
2313 1415 2525 1487 χρόνος)
2562 1415 2622 1468 οὐ
2663 1414 2915 1468 δύνανται
2947 1416 3122 1468 ὲλθεῖν
3157 1416 3292 1468 ὅπου
3334 1413 3559 1483 Ἰησοῦς,
3588 1430 3742 1465 τουτρ

2178 1507 2346 1571 ἐστιν,
2389 1509 2523 1560 ὅπου
2555 1508 2588 1577 ἡ
2647 1505 2892 1576 ἀλήθεια,
2923 1506 3016 1560 καὶ
3045 1508 3078 1576 ή
3130 1504 3310 1574 σοφία,
3344 1504 3439 1556 καὶ
3475 1504 3504 1555 ὁ
3543 1502 3742 1570 Λόγος

2173 1597 2334 1650 τοῦτο
2378 1595 2488 1667 γάρ
2531 1597 2698 1659 ἐστιν,
2735 1594 2887 1648 ὅπου
2935 1593 3196 1661 Ἰησοῦςο
3249 1588 3366 1645 οἶδα
3393 1592 3452 1644 δέ
3489 1609 3663 1654 τινας,
3694 1591 3749 1644 ού

2178 1689 2337 1759 μόνον
2371 1690 2426 1740 ἐν
2458 1687 2536 1757 τῷ
2569 1686 2724 1741 αἰῶνι
2759 1686 2952 1756 τούτῳ,
2986 1683 3123 1739 ἀλλὰ
3153 1683 3247 1736 καὶ
3284 1685 3342 1735 ἐν
3390 1683 3470 1753 τῷ
3510 1681 3748 1754 μέλλοντι

2175 1778 2576 1852 κρατουμένους
2610 1777 2715 1831 ὑπὸ
2758 1778 2859 1846 τῆς
2900 1776 3032 1840 ιδίας
3081 1774 3394 1846 ἁμαρτίας,
3426 1774 3500 1837 ὡς
3529 1771 3749 1836 τούτους

494 1869 598 1926 bus
619 1871 818 1924 dicitur
838 1909 854 1935 ,
885 1890 904 1923 ι
924 1870 1040 1926 Non
1066 1871 1291 1940 potestis
1317 1873 1522 1939 venire,
1549 1891 1568 1924 ι
1591 1873 1694 1926 hoc
1717 1871 1914 1927 ste-:qu
1935 1885 2066 1940 prte-

2175 1866 2303 1936 περὶ
2349 1859 2424 1918 ὧν
2467 1880 2630 1935 φησιν
2654 1865 2682 1916 ὁ
2707 1863 2908 1932 Λόγος·
2951 1882 2971 1916 ι
3006 1864 3132 1917 Ἐὰν
3160 1863 3528 1935 βλασφημήσῃ
3566 1865 3651 1926 είς
3693 1863 3750 1915 τὸ

493 1958 632 2012 senti
660 1959 910 2027 (multum
940 1967 1118 2014 autem
1149 1959 1214 2012 ad
1242 1957 1360 2027 ejus
1381 1961 1900 2015 consummationem
1927 1971 2068 2015 tem-

493 2052 646 2120 poris
675 2053 944 2122 superest)
978 2053 1166 2109 venire
1200 2067 1306 2108 non
1334 2064 1492 2121 posse
1518 2053 1608 2108 ubi
1639 2063 1722 2108 est
1752 2052 1934 2118 Iesus,
1963 2055 2068 2112 hoc

492 2153 574 2198 ειιι
595 2184 610 2210 ,
638 2144 729 2198 ubi
773 2152 858 2198 est
902 2143 1136 2207 veritas,
1167 2152 1220 2198 et
1266 2143 1533 2213 sapientia
1557 2182 1574 2210 ,
1615 2153 1671 2199 et
1701 2143 1927 2212 Sermo;
1962 2146 2068 2202 hoc

490 2234 636 2288 enim
671 2234 970 2302 signiﬁcat,
1013 2234 1104 2286 ubi
1145 2244 1224 2288 eu
1269 2234 1429 2288 Iesus
1470 2249 1489 2289 :
1531 2244 1587 2290 at
1637 2237 1898 2305 quosdam
1941 2238 2067 2293 novi

492 2323 584 2394 qui
619 2338 722 2377 non
753 2323 923 2377 solum
952 2324 1004 2377 in
1052 2325 1155 2379 hoc
1183 2325 1412 2392 saeculo,
1457 2339 1645 2380 verum
1683 2327 1852 2382 etiam
1887 2327 1942 2382 in
1975 2328 2064 2382 fu-

495 2421 619 2468 turo
651 2427 679 2465 a
732 2414 950 2482 proprio
992 2425 1213 2485 peccato
1259 2416 1646 2483 detineantur,
1677 2418 1846 2473 veluti
1909 2419 2062 2488 istos,

491 2505 562 2558 de
589 2504 784 2572 quibus
815 2503 985 2560 Filius
1022 2507 1113 2560 Dei
1143 2506 1406 2576 inquit":
1431 2525 1450 2557 ι
1475 2508 1576 2574 Qui
1611 2509 2066 2580 blasphemaverit

492 2595 547 2651 in
579 2596 840 2664 Spiritum
881 2608 1164 2664 sanctum,
1229 2615 1336 2654 non
1391 2601 1618 2656 habebit
1663 2601 2060 2668 remissionem,

492 2702 672 2757 neque
730 2689 783 2742 in
836 2693 1087 2760 praesenti
1158 2693 1386 2759 saeculo,
1440 2708 1620 2763 neque
1666 2694 1720 2748 in
1781 2693 1999 2760 futuro;
2037 2714 2056 2750 ι

491 2794 594 2836 nec
618 2789 797 2836 tamen
827 2783 1112 2852 sequitur,
1141 2785 1186 2839 si
1226 2799 1332 2839 non
1377 2781 1541 2839 habet
1584 2783 1959 2839 remissionem
2007 2786 2061 2840 in

489 2867 674 2924 futuro
702 2871 934 2936 smnio,
971 2887 1079 2927 non
1111 2873 1312 2928 habere
1356 2873 1409 2927 in
1453 2871 1864 2940 superventuris
1892 2886 2064 2926 saecu-

489 2956 578 3011 lis.
613 2957 760 3014 Sane
797 2959 1094 3016 Heracleon
1133 2975 1412 3031 exponens
1455 2961 1749 3016 dictionem
1789 2961 2064 3033 gazophy-

489 3049 612 3122 lacii
639 3093 654 3119 ,
699 3053 835 3108 nihil
883 3054 1020 3109 dixit
1069 3056 1122 3110 in
1166 3071 1306 3110 eam.
1349 3054 1406 3110 ln
1468 3055 1571 3110 hoc
1607 3065 1789 3110 autem
1829 3055 2058 3120 dictum,

493 3160 516 3197 ι
543 3143 661 3211 Quo
686 3161 785 3214 ego
809 3147 950 3200 vado
968 3189 984 3213 ,
1012 3162 1109 3201 vos
1148 3163 1254 3202 non
1281 3149 1504 3217 potestis
1534 3148 1722 3202 venire
1740 3185 1758 3212 ,
1794 3166 1814 3200 ι
1851 3148 2057 3218 inquit:

2174 1955 2394 2027 Πνεῦμα
2421 1955 2529 2027 (49)
2557 1955 2618 2008 τὸ
2648 1955 2821 2023 ἀγιον,
2840 1956 2942 2008 οὑκ
2971 1955 3084 2026 ἔχει
3117 1955 3310 2024 ἄφεσιν
3329 1954 3454 2008 οὔτε
3483 1956 3540 2007 ὲν
3569 1954 3743 2025 τούτῳ

2171 2045 2250 2117 τῷ
2292 2045 2472 2107 αἰῶνι,
2508 2043 2630 2098 οὔτε
2659 2046 2716 2096 ὲν
2744 2043 2822 2114 τῷ
2860 2043 3121 2114 μέλλοντι·
3148 2061 3167 2094 ι»
3201 2043 3263 2095 οὐ
3294 2043 3479 2113 μέντοι
3506 2058 3567 2109 γε
3599 2043 3649 2093 εἰ
3679 2041 3750 2111 μὴ

2172 2140 2228 2192 ὲν
2256 2136 2333 2208 τῷ
2378 2135 2622 2207 μέλλοντι
2648 2134 2760 2207 (50)
2809 2133 2985 2199 αίῶνι,
3035 2133 3136 2205 ήδη
3178 2134 3303 2186 οὑδὲ
3341 2133 3400 2186 ὲν
3439 2135 3550 2195 τοῖς
3591 2132 3749 2185 αἱῶσι

2170 2233 2280 2294 τοῖς
2310 2229 2713 2300 ἐπερχομένοις.
2753 2228 2811 2280 '0
2841 2227 3022 2298 μέντοι
3046 2244 3109 2296 γε
3148 2225 3486 2297 Ἡρακλέων,
3519 2224 3748 2295 ὲκθέμε·

2169 2342 2259 2388 νος
2296 2324 2398 2396 τὴν
2442 2322 2568 2395 περὶ
2620 2321 2714 2376 τοῦ
2761 2318 3160 2390 γαζοφυλακίου
3203 2317 3372 2384 λέξιν,
3409 2317 3555 2371 οὐδὲν
3598 2311 3748 2368 εἶπεν

2171 2419 2250 2480 είς
2279 2417 2464 2488 αὑτήν.
2503 2417 2599 2479 Εἰς
2625 2415 2683 2468 δὲ
2707 2414 2789 2478 τὸ,
2823 2433 2841 2465 ι
2879 2415 3052 2466 Ὅπου
3083 2410 3193 2480 ἐγὼ
3231 2411 3452 2479 ύπάγω,
3487 2409 3648 2478 ὑμεῖς
3680 2409 3739 2461 οὐ

2168 2507 2396 2561 δύνασθε
2436 2507 2671 2572 exeam.
2710 2504 2870 2578 φησί·
2912 2523 2930 2556 ι
2980 2503 3106 2568 Πῶς
3130 2502 3241 2574 (51)
3288 2505 3347 2555 ὲν
3395 2501 3607 2571 ἀγνοίᾳ,
3658 2499 3750 2552 καὶ

2169 2600 2416 2670 ἀπιστίᾳ,
2444 2599 2545 2652 καῖ’
2559 2599 2951 2670 ἁμαρτήμασιν
2977 2597 3151 2659 ὄντες,
3176 2597 3234 2648 ὲν
3259 2592 3537 2665 ἀφθαρσίᾳ
3557 2590 3752 2644 δύναν-

2167 2709 2258 2745 ται
2287 2691 2612 2760 γενέσθαιςι
2651 2690 2786 2761 μηδὲ
2830 2692 2887 2742 ὲν
2931 2687 3107 2758 τούτῳ
3153 2684 3472 2740 κατακούων
3517 2681 3743 2736 ἑαυτοῦ·

2169 2785 2218 2837 εί
2243 2783 2352 2855 γὰρ
2394 2784 2445 2836 oi
2483 2783 2540 2835 έν
2574 2783 2786 2853 ἀγνοίᾳ,
2831 2782 2925 2835 καὶ
2951 2778 3202 2849 ἀπιστίᾳ,
3237 2777 3334 2830 καλ⁸
3357 2775 3752 2847 ἁμαρτήμασιν

2168 2875 2340 2940 ὄντες,
2373 2877 2432 2929 ὲν
2477 2873 2758 2946 ἀφθαρσίᾳ
2794 2874 2854 2926 ού
2899 2871 3155 2926 δύνανται
3202 2869 3488 2939 γενέσθαι,
3534 2866 3657 2929 πῶς
3703 2866 3749 2916 οἱ

2169 2965 2478 3029 ἀπόστολοι,
2511 2967 2569 3019 ὲν
2598 2963 2790 3034 ἀγνοίᾳ
2815 2962 2926 3035 (52)
2954 2962 3104 3027 ποτὲ,
3147 2961 3243 3014 καὶ
3269 2961 3328 3012 ἐν
3366 2958 3619 3028 ἀπιστίᾳ,
3661 2954 3751 3008 καὶ

2168 3058 2226 3110 ιν
2268 3058 2630 3128 ἁμαρτήμασι
2678 3056 2981 3125 γενόμενοι,
3029 3056 3088 3106 ὲν
3135 3051 3418 3124 ἀφθαρσίᾳ
3458 3049 3747 3118 γεγόνασι;

2171 3147 2432 3203 Δύνανται
2464 3142 2556 3199 οὖν
2598 3145 2648 3198 οι
2683 3147 2739 3197 ὲν
2783 3144 2998 3215 ἀγνοίᾳ,
3032 3144 3127 3196 καὶ⁵
3163 3145 3222 3195 ὲν
3269 3141 3517 3212 ἀπιστίᾳ,
3549 3139 3653 3192 κει)⁵
3695 3139 3750 3191 ἐν

391 5707 394 5710 γ
477 5633 565 5688 Itic
594 5633 798 5713 sentina
854 5633 1169 5713 Qrige'niani'
1223 5633 1467 5713 errori-3,.
1501 5645 1596 5713 qui
1655 5633 2041 5700 damnatorum

493 3253 514 3287 ι
550 3233 831 3301 Quomodo
861 3238 951 3308 qui
983 3237 1036 3290 in
1064 3237 1365 3307 ignorantia
1397 3248 1453 3292 et
1485 3239 1538 3292 in
1572 3239 1892 3294 inﬁdelitate
1914 3249 2062 3304 sunt,

2174 3241 2529 3312 ἁμαρτήμασι
2581 3237 2863 3308 γενόμενοι
2924 3235 3178 3304 γενέσθαι
3231 3236 3289 3286 ὲν
3342 3231 3661 3302 ἀφθαρσίᾳ,
3703 3229 3750 3281 εί

486 3334 542 3380 ει
575 3326 628 3380 in
667 3328 938 3397 peccatis,
977 3329 1420 3397 incorruptibiles
1457 3328 1573 3382 ﬁeri
1599 3331 1868 3398 possunt?
1902 3349 1921 3383 ι
1967 3344 2064 3386 ne-

2175 3330 2565 3402 μεταὸάλλοιεν
2587 3345 2600 3359 ·
2634 3328 2858 3384 δυνατὸν
2889 3329 2946 3382 δὲ
2983 3327 3181 3390 αὐτοὺς
3205 3325 3318 3397 (55)
3373 3321 3748 3396 μεταϐάλλειν.

486 3430 591 3484 que
618 3417 720 3473 hac
771 3419 822 3472 in
872 3433 932 3474 rc
964 3419 1066 3474 sibi
1118 3420 1466 3475 consentiens
1512 3437 1528 3476 :
1564 3437 1687 3476 nam
1716 3424 1762 3477 si
1798 3423 1852 3477 in
1905 3423 2210 3492 ignorantia
2235 3464 2252 3490 ,
2277 3432 2333 3480 et
2372 3423 2425 3476 in
2475 3419 2888 3486 incredulitate,
2938 3430 2992 3474 et
3024 3420 3077 3473 in
3119 3420 3361 3488 peccatis
3399 3418 3750 3477 exsistentes,

493 3508 615 3563 ﬁeri
643 3523 748 3562 non
780 3519 1008 3578 possunt
1038 3509 1502 3580 incorruptibiles,
1550 3513 1821 3581 quomodo
1866 3514 2122 3582 apostoli,
2154 3514 2243 3583 qui
2289 3510 2578 3582 aliquando
2620 3511 2776 3566 fuere
2823 3509 2877 3564 in
2911 3509 3236 3578 ignorantia,
3273 3518 3332 3562 et
3373 3509 3429 3561 in
3462 3505 3754 3560 increduli-

490 3607 639 3665 tate,
691 3610 747 3654 et
785 3601 836 3655 in
887 3603 1126 3669 peccatis
1152 3641 1168 3667 ,
1220 3600 1348 3655 facti
1397 3611 1528 3658 sunt
1582 3604 2061 3675 incorruptibiles?
2093 3604 2329 3661 Proinde
2376 3613 2604 3675 possunt
2644 3605 2734 3672 qui
2782 3604 2835 3656 in
2876 3603 3279 3668 incredulitate,
3317 3601 3454 3656 etin
3491 3600 3755 3669 ignoran-

488 3692 586 3757 tia,
609 3702 665 3747 et
698 3693 752 3746 in
783 3695 1022 3762 peccatis
1065 3704 1212 3762 sunt,
1243 3695 1359 3749 ﬁeri
1391 3697 1850 3765 incorruptibiles,
1886 3699 1932 3754 si
1974 3702 2366 3765 immolentur;
2405 3699 2672 3766 facileque
2701 3697 2865 3750 etiam
2907 3694 3051 3750 factu
3083 3706 3168 3750 est
3197 3710 3292 3748 eos
3321 3696 3540 3748 mutari.

556 3784 612 3838 4.
659 3802 679 3836 ι
715 3784 976 3841 Dicebant
1007 3801 1140 3857 ergo
1176 3785 1385 3841 Judaei:
1428 3787 1677 3856 Nunquid
1716 3791 1950 3859 seipsum
1982 3793 2063 3847 in-

2240 3793 2294 3847 4.
2317 3812 2335 3844 ι
2359 3792 2583 3860 Ἔλεγον
2599 3787 2690 3844 οὖν
2705 3792 2754 3842 οί
2785 3788 3206 3859 ΊουδαῖοιΊΜήτι
3225 3789 3514 3841 ἀποκτενεῖ
3532 3789 3748 3854 ἑαυτὸν,

486 3875 816 3930 terfecturus
836 3885 938 3942 est,
970 3878 1112 3946 quod
1148 3876 1285 3931 dicit
1327 3893 1343 3931 :
1376 3875 1497 3943 Quo
1519 3890 1618 3946 ego
1645 3879 1802 3946 vado,
1833 3895 1932 3936 vos
1954 3897 2061 3937 non

2174 3883 2250 3936 ὅτι
2310 3882 2491 3950 λέγει·
2558 3883 2730 3934 Ὅπου
2775 3877 2888 3948 ἐγὼ
2931 3878 3148 3946 ὑπάγω,
3193 3880 3352 3949 ὑμεῖς
3402 3879 3463 3932 ού
3514 3879 3750 3935 δύνασθε

484 3967 712 4039 potestis
743 3969 930 4023 venire
953 3969 1046 4023 ἰτ
1081 3988 1101 4022 ›
1139 3969 1369 4040 Dignum
1395 3974 1629 4040 quaesito
1666 3981 1752 4027 est
1784 3975 2053 4028 undenatn

2174 3974 2367 4039 ὲλθεῖνς
2399 3992 2418 4025 ι
2456 3971 2639 4037 ΙἌξιον
2682 3969 2916 4043 ζητῆσαι
2951 3970 3114 4023 πόθεν
3163 3969 3476 4042 κινηθέντες
3513 3972 3560 4023 οἱ
3609 3973 3750 4025 Ἰου-

485 4061 614 4113 moti
645 4057 814 4114 Judaei
856 4061 923 4114 ad
979 4062 1114 4116 illud
1157 4063 1393 4128 dictum,
1428 4081 1448 4116 ι
1478 4063 1598 4130 Quo
1624 4079 1726 4135 ego
1752 4065 1926 4132 vado,
1961 4081 2056 4122 vos

2174 4067 2298 4120 Βαῖοι
2324 4066 2460 4138 πρὸς
2494 4065 2579 4132 τὸ,
2609 4083 2628 4117 ι
2655 4065 2828 4118 Ὅπου
2855 4061 2967 4132 ἐγὼ
2992 4063 3208 4132 ὑπάγω,
3233 4063 3393 4134 ὑμεῖς
3423 4063 3482 4116 ού
3511 4063 3752 4118 δύνασθε

487 4167 590 4204 non
623 4152 850 4219 potestis
875 4153 1067 4208 venire
1086 4193 1101 4217 ,
1128 4172 1146 4205 ι
1176 4155 1392 4210 dicant:
1427 4173 1446 4207 ι
1476 4154 1726 4226 Nunquid
1747 4156 2060 4212 interfectu-

2174 4159 2334 4212 ἐλθεῖν
2387 4158 2520 4229 (54),
2571 4177 2590 4209 ι
2629 4157 2763 4227 φασὶ
2811 4156 2900 4210 τόδ
2938 4175 2956 4207 ι
3000 4158 3146 4226 Μήτι
3188 4157 3482 4209 ἀποκτενεῖ
3523 4157 3747 4218 ἑαυτὸν,

484 4242 580 4296 rus
609 4252 694 4296 est
719 4244 988 4311 seipsum,
1043 4244 1184 4312 quod
1235 4247 1403 4301 dicit:
1462 4247 1580 4313 Quo
1617 4263 1717 4318 ego
1745 4250 1883 4302 vado
1905 4290 1922 4315 ,
1963 4265 2055 4305 vos

2174 4253 2236 4304 'm.
2291 4249 2472 4318 λέγει·
2527 4251 2700 4303 Ὅπου
2747 4247 2860 4317 ἐγὼ
2910 4248 3127 4316 ὑπάγω,
3187 4249 3347 4318 ὑμεῖς
3394 4248 3456 4301 οὐ
3508 4247 3747 4302 δύνασθε

486 4351 592 4389 non
624 4337 851 4405 potestis
885 4337 1113 4391 venire?
1143 4359 1161 4390 ι
1203 4337 1273 4394 Ut
1307 4354 1435 4394 vero
1457 4342 1619 4395 etiam
1649 4344 1808 4397 detur
1844 4342 2051 4414 simpli-

2174 4341 2329 4394 ιλθεῖν
2353 4356 2367 4404 ;
2391 4360 2410 4391 ι
2450 4341 2569 4394 Ἵνα
2598 4340 2655 4393 δὲ
2688 4341 2782 4394 καὶ
2807 4340 2934 4411 δοθῇ
2965 4339 3333 4410 ἁπλούστερον
3367 4341 3562 4402 αύτούς
3584 4341 3750 4412 είρη-

485 4427 602 4481 cius
635 4441 727 4481 eos
776 4427 1008 4494 dixisse,
1041 4447 1062 4480 ι
1103 4428 1356 4498 Nunquid
1401 4431 1786 4489 interfecturus
1835 4444 1918 4489 est
1965 4450 2051 4489 se-

2174 4432 2306 4486 ιέναι
2334 4432 2426 4485 τό·
2467 4451 2486 4483 ι
2509 4433 2654 4502 Μήτι
2691 4433 2982 4486 ἀποκτενεῖ
3021 4432 3246 4496 ὲαυτόν;
3274 4451 3292 4482 ι
3337 4431 3457 4496 πῶς
3488 4434 3534 4485 oi
3579 4431 3748 4486 δυνά-

486 4517 702 4585 ipsum?
738 4537 756 4570 ι
787 4521 1059 4588 quomodo
1086 4522 1177 4590 qui
1202 4531 1452 4591 poterant
1481 4521 1689 4590 seipsos
1719 4524 2050 4591 interﬁcere,

2174 4541 2306 4577 ιενοι
2350 4524 2668 4578 ἀποκτεῖναι
2719 4525 2965 4588 ἑαυτοὺς,
3000 4523 3102 4577 κᾶν
3159 4523 3234 4594 μὴ
3279 4525 3580 4594 ἀναιρῶσιν
3615 4525 3749 4578 ἑαυ-

483 4610 825 4665 etiamsinon
872 4613 1203 4668 interﬁciant
1249 4616 1488 4683 seipsos,
1528 4629 1702 4684 neque
1736 4615 1930 4671 vadant
1985 4631 2051 4672 eo

2174 4617 2302 4678 τοὺς,
2337 4616 2470 4686 μηδὲ
2492 4617 2751 4685 γίνωνται
2775 4616 2908 4670 ὅπου
2940 4617 2970 4668 ὁ
3004 4615 3244 4686 ἀναιρῶν
3273 4616 3467 4668 ἑαυτὸν
3503 4617 3743 4684 γίνεται,

479 4715 587 4772 quo
611 4703 761 4756 vadit
789 4704 879 4773 qui
908 4705 1144 4775 seipsum
1177 4705 1464 4775 interﬁcit,
1497 4724 1561 4762 eo
1592 4709 1744 4762 abire
1783 4724 1889 4762 non
1923 4724 2050 4778 pos-

2174 4706 2216 4758 ιύ
2262 4705 2512 4760 δύνανται
2554 4707 2668 4778 (55)
2721 4707 2940 4760 ἀπιέναι
2988 4708 3122 4760 ὅπου
3174 4708 3205 4759 ὁ
3253 4708 3493 4778 ἀναιρῶν
3540 4708 3746 4762 ἑαυτὸν

481 4805 606 4848 sunt
628 4809 736 4866 quo
767 4797 968 4850 recedit
1010 4797 1101 4868 qui
1135 4798 1370 4867 seipsnm
1417 4799 1672 4853 interﬁcit
1697 4799 1720 4854 i
1747 4799 1933 4868 Itaque
1965 4813 2050 4852 re-

2174 4797 2485 4870 ιπέρχεταις
2521 4799 2754 4853 Λεκτέον
2781 4795 2873 4853 οὖν
2915 4799 3052 4871 πρὸς
3103 4798 3172 4852 τὰ
3219 4797 3528 4869 ζητούμενα
3558 4798 3745 4852 ταῦτα

480 4887 780 4951 spondeam
808 4895 1023 4954 oportet
1051 4889 1118 4942 ad
1165 4888 1280 4944 haec
1311 4887 1567 4958 quaesita,
1602 4891 1694 4960 qui
1738 4889 2048 4958 diligentius

2174 4893 2266 4953 ςοῖς
2295 4889 2712 4961 ἐπιμελέστερον
2753 4891 2846 4944 κα)⁵
2881 4889 3174 4961 βαθύτερον
3216 4889 3476 4943 ἀκούουσι
3509 4889 3622 4943 τῶν
3651 4892 3745 4944 λει

477 4983 531 5025 ει
563 4975 881 5043 profundius
912 4978 1219 5048 intelligunt
1251 4995 1371 5048 qua:
1413 4994 1442 5032 a
1475 4977 1678 5034 Iudaeis
1707 4979 1960 5034 dicuntur
1994 4978 2045 5032 in

2174 4978 2398 5050 Γομένων
2432 4980 2539 5034 ὑπὸ
2578 4980 2848 5036 Ἰουδαίων
2882 4983 2941 5034 ὲν
2981 4982 3095 5043 τοῖς
3144 4980 3518 5049 Εὑαγγελίοις,
3559 4982 3745 5051 σαφές

454 5139 456 5141 ’
549 5135 592 5167 "
623 5135 641 5190 ι
668 5137 797 5196 Cor.
833 5153 917 5206 ιιι,
949 5106 1038 5194 15..
1117 5139 1161 5174 ⁸⁸
1189 5139 1349 5197 Joan.
1385 5155 1503 5208 vm,
1548 5142 1642 5197 2i.
1713 5141 1756 5175 ¹⁹
1784 5140 1942 5198 Joan.
1974 5158 2092 5208 snt,
2123 5139 2213 5198 36.
2288 5139 2336 5173 ’°
2370 5138 2675 5204 Matthan,
2700 5140 2790 5195 '52.
2869 5142 2912 5172 "
2935 5139 3220 5206 Joan.vnt,
3243 5139 3335 5193 22.

761 5305 781 5370 ε
808 5295 1162 5375 τεειεῇιιιψει.
1176 5295 1363 5375 (ξοάΘὶ
1381 5295 1724 5375 Βρςιιείηληυε,
1753 5311 2038 5367 perperam

2220 5297 2334 5375 (ξὲ)
2375 5298 2478 5375 ’_Er
2489 5298 2720 5375 ἀγνοίᾳἶ
2736 5297 2992 5375 ln_cod_ice
3005 5296 3185 5375 _Re_gio
3204 5296 3350 5375 male
3362 5295 3640 5375 omittitur
3653 5301 3741 5375 εν.

475 5359 844 5434 τέιςολβεείιιε
865 5371 918 5434 et
947 5360 1294 5434 Barberinus,
1319 5363 1376 5416 δὲ
1413 5359 1719 5434 δύνησθαιζ
1755 5359 1770 5367 ’
1855 5359 1870 5366 ’

2220 5359 2332 5430 (55)
2367 5359 2635 5422 dumi-dv-
2659 5359 2727 5421 δὲ
2741 5368 2980 5434 αὐτούς.
3004 5367 3061 5421 In
3085 5359 3254 5434 Regio
3275 5366 3462 5420 codice
3484 5369 3635 5421 deest
3653 5369 3739 5423 δέ.

549 5425 659 5507 (i9)
679 5425 1000 5506 ~Legendum
1028 5432 1244 5488 videtur
1277 5434 1374 5488 ἐὰν
1427 5425 1798 5507 βλασφημήσῃ
1829 5452 1912 5500 τις
1963 5435 2045 5501 είς

2219 5425 2331 5506 (54)
2364 5438 2576 5502 ’Ἄξιον
2595 5437 2844 5505 ζητῆσαι
2883 5425 3071 5494 πόθεν
3099 5425 3449 5507 achaei-rec
3477 5439 3529 5490 cl
3555 5505 3568 5507 _
3585 5438 3738 5492 Ἰου-

475 5493 807 5583 τδιιχεξιοῖν
838 5507 944 5583 su:-
1122 5571 1134 5583 .
1209 5570 1286 5583 ..
1398 5493 1440 5583 -'
1512 5493 1660 5583 "
1710 5493 1721 5507 '
1893 5493 1909 5500 '
1999 5493 2041 5583 .'
2147 5493 3742 5583 διῆοξξτριξέττέ,οέοέτο,υ,έγὼίὺπιξγιιέρθμεῖςβρδικ-ατ

547 5567 659 5634 (50)
683 5568 764 5619 οὐ
781 5565 986 5635 μέντοι
1005 5585 1068 5636 γε
1087 5571 1137 5622 εί
1151 5570 1237 5640 μὴ
1261 5573 1332 5626 ἐν
1352 5571 1432 5637 τῷ
1449 5573 1756 5644 μέλλοντι.
1784 5573 2042 5643 Agnoscis

547 5650 565 5687 ε
594 5638 798 5688 semina
854 5637 1159 5699 Origeniani
1224 5645 1449 5699 erroris.
1501 5645 1596 5699 aui
1655 5646 2041 5699 damnatorum

2174 5579 2258 5628 r03
2276 5565 2495 5632 ἐλᾶεῑὶθ.
2532 5578 2655 5632 Haec.
2683 5565 3061 5631 desiderantur
3091 5565 3142 5632 ἱίι
3171 5565 3346 5647 Regio
3374 5565 3558 5633 éodice
3589 5616 3608 5648 ς
3632 5581 3739 5633 sed

2174 5649 2523 5699 reStitttuntur
2549 5665 2580 5699 e
2612 5647 2923 5699 Bodleiano.

2160 5649 2523 5700 reStitnuntur
2549 5665 2580 5701 e
2612 5649 2923 5701 Bodleiano.

2230 5715 2344 5786 (55)
2375 5717 2552 5772 Codex
2582 5718 2800 5787 Regius,
2832 5731 3140 5790 perperam,
3163 5715 3415 5775 δύναται.

548 5287 781 5367 (ιελδίε
808 5293 1360 5367 recte‘liabetcodes
1381 5294 1724 5367 Bodleianus,
1753 5311 2038 5367 perperam

474 5704 653 5773 pmttis
687 5707 848 5773 linem
879 5705 1206 5773 imponebat.
1232 5709 1494 5766 Hunnus.

548 5771 660 5836 (51)
687 5771 863 5829 Codex
892 5771 1110 5842 Regius,
1146 5780 1279 5844 φησὶ
1301 5780 1428 5847 γάρ’
1460 5782 1604 5846 Πῶς,
1633 5791 1740 5835 etc.
