3806 6540
466 410 570 461 555

1941 390 2263 444 ORIGEMS
3604 383 3690 434 556

469 523 833 594 repetentibus
865 520 1188 591 quibusdam
1222 532 1316 572 eas
1351 517 1416 570 ad
1445 515 1610 586 298
1645 513 1746 594 hoc
1777 511 2039 567 ordinatis

2168 526 2258 562 και·
2291 507 2456 571 εἰκὸς,
2485 506 2566 559 ὅτι
2594 502 2872 576 κρείττους
2897 502 3004 554 εἰσὶ
3030 500 3139 554 τῶν
3165 498 3353 570 ψυχῶν
3386 500 3477 551 ὲπι
3511 496 3693 567 ταύτης

468 592 848 681 assumantur,
896 613 974 668 uti
1023 610 1302 681 probabile
1336 624 1454 663 esse
1504 608 1627 662 huic
1678 592 1888 659 muneri
1939 604 2039 657 ob-

467 708 651 764 eundo
677 704 956 759 ordinatos
977 740 991 765 ,
1019 701 1109 770 qui
1149 699 1283 769 ipsis
1311 697 1598 752 animabus
1639 697 1748 751 siut
1776 703 2039 764 przestan-

2142 600 2238 670 τῆς
2263 597 2534 661 διακονίας
2584 592 2938 664 τεταγμένοι·
2969 590 3031 645 τὸ
3071 590 3181 661 γάρ
3200 607 3213 619 ·
3245 610 3264 641 ί
3293 590 3520 659 Ἀφρον,
3543 586 3694 656 ταύτῃ

2142 692 2208 759 τῇ
2241 688 2394 741 νυκτὶ
2417 686 2515 759 τὴν
2542 684 2719 755 ψυχήν
2750 699 2843 738 σου
2873 680 3196 736 ἀπαιτοῦσιν
3229 678 3339 733 ἀπὸ
3373 675 3489 739 σοῦ,
3510 694 3529 726 ι
3548 674 3696 729 τοιοῦ-
3784 704 3785 759 3

470 800 673 861 tiores;
710 793 836 847 illud
868 791 1012 847 enim
1039 767 1062 843 ἰ
1101 809 1119 842 ι
1153 767 1442 858 insipiens,
1472 787 1575 840 hac
1601 793 1757 841 nocte
1795 790 2046 852 repetunt

2168 783 2234 836 :év
2260 798 2318 835 τε
2346 779 2511 851 δηλοῖ.
2554 777 2679 831 Ἐὰν
2707 776 2766 829 δέ
2793 792 2876 839 τις
2908 773 3093 847 φάσκῃ
3138 770 3295 826 τοῦτο
3329 769 3429 840 μὲν
3463 767 3696 861 δύνασθαι

469 890 567 942 abs
593 896 645 941 te
674 885 913 939 animam
949 893 1093 935 tuam
1127 881 1199 943 ’³,
1232 898 1250 931 ι
1281 878 1385 933 tale
1416 878 1549 946 quid
1580 876 1844 931 declarat.
1888 873 2042 940 Quod

472 983 515 1035 si
548 980 674 1050 quis
712 978 856 1032 dicat
892 977 993 1030 hoc
1020 974 1236 1043 quidem
1266 973 1370 1026 dici
1401 986 1561 1041 posse
1601 971 1667 1023 de
1710 969 1904 1030 malis.
1938 983 2043 1022 non

474 1087 604 1127 vero
632 1074 698 1126 de
724 1070 855 1124 viris
883 1064 1351 1137 praestantioribus
1375 1104 1389 1129 ,
1419 1063 1598 1132 deque
1639 1063 1722 1116 his
1756 1063 1845 1131 qui
1882 1062 2046 1131 probe

475 1162 741 1226 vixerint,
795 1160 922 1215 illud
972 1167 1155 1220 notet,
1211 1170 1391 1210 annon
1460 1155 1721 1210 Dominus
1770 1154 2046 1223 singulare

476 1255 731 1324 quiddam
767 1268 878 1323 prae
910 1250 1166 1305 omnibus
1191 1289 1206 1312 ,
1235 1247 1327 1318 qui
1373 1248 1426 1301 in
1469 1260 1667 1317 corpus
1708 1246 2043 1308 advenerim,

476 1347 543 1399 de
572 1344 748 1413 seipso
774 1343 1092 1397 renuntians
1120 1341 1294 1396 dicat:
1333 1359 1350 1391 ι
1389 1338 1557 1392 Nemo
1593 1336 1731 1390 tollit
1761 1352 1788 1389 a
1820 1351 1904 1391 me
1931 1336 2049 1389 ani-

474 1449 619 1488 mam
652 1447 829 1488 meam
856 1449 870 1499 ;
903 1432 996 1487 sed
1025 1445 1124 1502 ego
1156 1445 1294 1501 pono
1324 1443 1442 1484 eam
1473 1443 1501 1481 a
1535 1428 1758 1498 meipso.
1786 1438 1843 1482 et
1876 1427 2048 1482 habeo

472 1533 802 1595 potestatem
832 1521 1061 1591 ponendi
1090 1535 1232 1585 eam,
1268 1528 1322 1571 ct
1368 1519 1563 1572 iterum
1600 1518 1775 1571 habeo
1808 1525 2048 1586 potesta-

477 1628 587 1670 tem
611 1614 857 1669 sumendi
892 1628 1008 1668 eam
1035 1614 1104 1664 "'.
1143 1632 1161 1663 ι
1201 1611 1620 1666 Consideremns
1648 1608 1791 1662 enim
1815 1610 2047 1678 aliquem

476 1710 570 1777 qui
608 1722 727 1760 cum
761 1704 1013 1768 voluerit,
1051 1704 1322 1773 relinquat
1350 1717 1567 1770 corpus,
1623 1710 1677 1755 et
1725 1711 1885 1757 exeat
1931 1701 2050 1756 sine

467 1803 566 1854 ’τίει
614 1799 826 1854 ferente
866 1797 933 1851 ad
990 1807 1256 1851 mortem:
1306 1794 1513 1848 scilicet
1558 1794 1747 1847 exiens
1790 1794 1910 1848 sine
1950 1793 2051 1847 viis

2145 874 2238 927 ἐπὶ
2289 848 2407 925 τῶν*
2441 870 2701 942 χειρόνων
2754 866 3031 936 λέγεσθαι,
3069 865 3132 917 οὐ
3188 863 3294 935 μὴν
3341 862 3436 915 καὶ
3481 860 3575 912 ἐπὶ
3611 860 3699 911 τῶν

2147 963 2488 1036 κρειττόνων,
2526 961 2619 1013 καὶ
2656 958 2835 1022 καλῶς
2889 954 3250 1028 βεϐιωκότων,
3293 952 3636 1024 ἐπιστησάτω
3662 953 3701 1003 εἰ

2151 1056 2224 1126 μὴ
2258 1051 2535 1125 ἐξαίρετόν
2563 1067 2616 1104 τι
2646 1048 2798 1120 παρά
2832 1048 3040 1110 πάντας
3070 1047 3197 1108 τοὺς
3231 1048 3288 1099 ἐν
3326 1044 3540 1113 σώματι
3568 1058 3702 1110 favo--
3784 1058 3785 1126 ξ

2151 1147 2342 1218 μένους
2390 1143 2517 1216 περὶ
2565 1138 2759 1195 ἐαυτοῦ
2809 1136 3169 1207 ἀπαγγέλλων
3203 1136 3233 1189 ό
3268 1133 3474 1206 Κύριός
3529 1147 3700 1202 φησιν·

2154 1260 2172 1291 ι
2205 1239 2392 1301 Οὐδεὶς
2441 1237 2585 1307 αἴρει
2618 1234 2719 1304 τὴν
2750 1232 2929 1302 ψυχήν
2966 1249 3068 1302 μου
3111 1230 3206 1283 ἀπ’
3251 1226 3417 1298 ἐμοῦ·
3465 1224 3584 1279 ἀλλ’
3614 1222 3705 1292 ἐγὼ

2148 1332 2338 1402 τίθημι
2370 1327 2539 1399 αὐτὴν
2571 1326 2663 1380 ἀπ’
2703 1322 2969 1396 ἐμαυτοῦ·
3008 1320 3255 1386 ἐξουσίαν
3294 1319 3401 1390 ἔχω
3437 1318 3708 1370 θεῖναιαύ·

2150 1422 2265 1493 τὴν,
2298 1420 2390 1474 καὶ
2418 1418 2580 1472 πάλιν
2610 1415 2858 1480 ἐξουσίαν
2893 1413 3001 1484 ἔχω
3028 1411 3211 1465 λαϐεῖν
3240 1412 3428 1481 αὑτήν.
3455 1429 3475 1460 ι
3508 1409 3712 1479 Νοήσω-

2155 1533 2252 1586 μεν
2294 1511 2401 1584 γὰρ
2432 1510 2553 1564 τίνα
2584 1526 2644 1561 τε
2678 1506 2926 1578 βούλεται
2956 1504 3067 1574 (65)
3098 1502 3494 1556 καταλείποντα
3528 1499 3587 1552 τὺ
3620 1499 3712 1550 σῶ-

2155 1625 2251 1679 μα,
2288 1589 2382 1659 καὶ
2425 1602 2634 1668 ἐξιόντα
2673 1597 2839 1671 χωρὶς
2881 1595 3002 1650 ὀδοῦ
3045 1595 3147 1665 τῆς
3187 1592 3482 1665 φερούσης
3513 1593 3607 1645 ἐπὶ
3638 1590 3711 1642 τὴν

2153 1701 2399 1763 θάνατον,
2422 1698 2538 1769 ἦτοι
2565 1694 2654 1749 διὰ
2683 1692 2871 1765 βιαίων
2896 1690 3031 1745 ὁδῶν
3056 1689 3090 1760 ἢ
3116 1688 3204 1742 διὰ
3231 1688 3422 1751 νόσων,
3449 1686 3549 1739 xui.
3572 1685 3714 1739 πάλιν

2155 1794 2291 1847 ἐπὰν
2344 1792 2473 1863 θέλῃ
2525 1789 2847 1851 ἐπανιόντα,
2893 1788 2987 1841 καὶ
3040 1783 3318 1858 χρώμενον
3374 1782 3595 1855 ὀργάνῳ
3652 1780 3717 1850 τῷ

479 1890 751 1953 violentis,
773 1887 857 1942 vel
888 1888 1005 1942 sine
1035 1885 1259 1949 morbis,
1293 1900 1608 1953 rursusque,
1641 1899 1761 1938 cum
1799 1884 2046 1948 voluerit,

2168 1883 2365 1955 πώματι
2409 1883 2437 1935 ὃ
2477 1880 2864 1936 καταλέλοιπε·
2920 1879 3011 1932 τὸν
3053 1878 3163 1950 γὰρ
3213 1874 3453 1929 τοιοῦτον
3499 1873 3720 1945 ἐροῦμεν
3784 1884 3785 1947 ξ

482 1979 700 2032 rediens
745 1985 1008 2045 utensque
1051 1975 1411 2028 instrumento
1440 1989 1701 2044 corpore,
1730 1974 1875 2043 quod
1926 1973 2051 2027 reli-

480 2077 711 2139 querat:
752 2070 819 2122 ab
844 2068 949 2123 hoc
979 2067 1122 2121 cnim
1157 2065 1250 2119 tali
1287 2066 1521 2119 animam
1573 2081 1677 2120 non
1708 2066 1876 2134 repeti
1909 2067 2053 2120 dice-

482 2177 622 2218 mus.
675 2162 753 2217 Ac
792 2160 992 2217 decens
1035 2160 1277 2230 profecto
1327 2170 1409 2214 est
1442 2161 1508 2213 de
1551 2159 1677 2214 Jesu
1715 2160 1893 2212 anima
1951 2160 2054 2213 isto

484 2254 645 2308 modo
675 2253 859 2308 dicere
885 2260 1116 2306 mortem
1174 2251 1376 2315 fuisse;
1439 2251 1723 2319 ipsumque
1767 2249 2055 2303 ostendere

464 2342 755 2396 volentem
785 2339 1065 2409 discipulis
1100 2338 1436 2392 nobilitatem
1479 2338 1751 2392 discessus
1791 2336 1916 2391 hinc
1947 2338 2057 2406 sui,

477 2433 728 2487 dixisse:
788 2450 808 2483 ‹
847 2430 1012 2485 Nemo
1043 2426 1180 2483 tollit
1213 2444 1243 2480 a
1289 2442 1373 2480 me
1422 2428 1659 2481 animam
1694 2442 1910 2493 meam,
1961 2428 2054 2482 sed

482 2540 583 2594 ego
606 2539 746 2593 pono
771 2537 889 2578 eam
917 2539 945 2575 a
969 2537 1053 2577 me
1076 2525 1194 2591 ipso
1221 2537 1234 2585 ;
1275 2538 1292 2569 ι
1326 2518 1428 2573 hoc
1459 2520 1601 2573 enim
1628 2534 1801 2588 neque
1824 2519 2053 2589 Moyses,

487 2630 661 2683 neque
690 2613 1123 2683 patriarcharum
1167 2612 1394 2681 aliquis.
1430 2624 1603 2678 neque
1647 2611 2055 2680 prophetarum,

484 2722 552 2761 ac
586 2723 651 2761 ne
689 2704 1057 2772 apostolorum
1091 2705 1306 2775 quidem
1345 2702 1542 2772 aliquis
1572 2702 1707 2757 dixit
1743 2712 1938 2772 praeter
1962 2703 2056 2760 Je-

484 2814 628 2863 snm,
664 2796 798 2870 [(65)
844 2798 1041 2868 quippe
1086 2812 1208 2849 ctum
1245 2794 1485 2849 omnium
1530 2795 1811 2849 hominum
1864 2795 2061 2850 anima:

482 2892 558 2944 ab
600 2892 679 2944 eis
711 2888 1080 2960 auferantur.]
1110 2886 1345 2941 Proinde
1368 2927 1382 2951 ,
1418 2887 1518 2940 hoc
1545 2889 1912 2954 considerato,
1947 2903 2055 2941 ma-

484 2980 745 3036 nifestum
776 2994 899 3035 esse
929 2979 1059 3033 illud
1086 2989 1264 3049 petest
1289 2981 1431 3050 quod
1479 2980 1532 3034 in
1572 2980 1803 3050 septimo
1830 2989 1881 3033 et
1909 2986 2063 3033 octo-

486 3071 695 3139 gesimo
726 3068 933 3139 psalmo
972 3068 1170 3123 dictum
1219 3080 1303 3123 cst
1336 3071 1439 3125 hoc
1475 3070 1631 3124 modo
1654 3110 1667 3132 ,
1719 3086 1787 3124 ex
1833 3084 2060 3139 persona

488 3158 800 3214 Servatoris
848 3173 862 3209 :
923 3174 942 3209 ι
984 3156 1040 3211 ln
1093 3158 1321 3213 mortuis
1356 3158 1511 3213 liber.
1556 3178 1574 3210 ι
1626 3159 1829 3215 Notans
1880 3170 2059 3214 autem

487 3247 906 3318 Evangeliorum
940 3248 1139 3317 scripta
1176 3249 1240 3300 de
1268 3248 1509 3303 discessu
1554 3249 1687 3304 hinc
1723 3264 1855 3313 suo,
1908 3252 2060 3306 iuve-

488 3344 606 3398 uies
636 3343 686 3396 in
722 3342 827 3396 illis
853 3357 957 3397 non
983 3342 1356 3397 dissonantem
1390 3342 1799 3412 intelligentiam
1833 3346 2061 3415 scripto-

489 3450 611 3489 rum
644 3436 708 3489 de
751 3437 896 3490 exitu
932 3450 1063 3490 suo:
1101 3449 1224 3488 nam
1254 3437 1296 3491 si
1327 3444 1570 3490 mortuus
1616 3433 1808 3491 fuisset
1840 3437 2063 3506 perinde

489 3538 557 3577 ac
585 3524 657 3577 illi
692 3524 930 3579 latrones
959 3525 1051 3595 qui
1080 3540 1199 3579 cum
1229 3540 1294 3580 eo
1328 3527 1575 3581 cruciﬁxi
1612 3526 1761 3583 fuere
1781 3531 1844 3595 ’°,
1865 3541 2063 3597 etquo-

492 3630 612 3669 rum
669 3614 863 3669 milites
901 3614 1178 3683 fregerunt
1230 3617 1609 3672 dztumatorum
1654 3634 1816 3673 crura
1842 3659 1858 3684 ,
1888 3621 2061 3676 haud-

483 3720 759 3775 quaquam
788 3707 967 3761 dicere
996 3723 1280 3776 possemus
1310 3709 1543 3763 auimam
1586 3726 1615 3764 a
1656 3713 1945 3781 semetipso
1975 3711 2067 3766 ,1ο-

488 3812 612 3852 sum
647 3800 889 3868 posuisse
917 3841 930 3863 ,
961 3800 1055 3854 sed
1087 3800 1265 3869 aliqua
1313 3802 1395 3854 via
1431 3804 1799 3858 morientium.
1828 3807 1897 3858 At
1921 3822 2066 3860 nunc

485 3889 649 3948 Jesns
688 3908 708 3939 σ
745 3907 873 3947 voce
931 3894 1104 3949 valida
1155 3909 1275 3947 cum
1330 3895 1646 3956 clamasset.
1698 3896 1881 3951 emisit
1915 3897 2068 3967 spiri-

496 3993 604 4036 tum
631 3983 708 4044 ”;
753 4001 769 4035 ι
797 3998 1027 4053 cumque
1055 3986 1241 4050 etiam,
1270 3986 1426 4056 quasi
1459 4002 1577 4052 rex,
1605 3986 1917 4057 reliquisset
1945 4004 2067 4042 cor-

490 4089 627 4140 pus.
667 4084 721 4128 et
763 4089 885 4129 cum
944 4076 1141 4131 virtute
1195 4086 1248 4129 et
1283 4082 1523 4147 potentia
1571 4089 1831 4150 operatus
1874 4079 2067 4135 fuisset

486 4180 612 4233 qua:
657 4164 935 4233 judicabat
983 4176 1405 4222 consentaneum
1453 4183 1576 4224 esse
1626 4170 1842 4233 facere,
1883 4172 2063 4225 statim

496 4272 522 4305 c
559 4254 734 4308 velum
780 4255 962 4324 templi
1010 4256 1239 4309 scissum
1280 4266 1363 4311 est
1408 4273 1436 4310 a
1479 4273 1694 4313 sursum
1751 4275 1919 4328 usque
1977 4260 2068 4314 tle-

492 4358 713 4407 orsum,
741 4352 796 4398 et
824 4354 966 4398 terra
999 4354 1144 4399 mota
1175 4355 1261 4401 est
1284 4388 1300 4411 ,
1332 4356 1385 4400 et
1411 4357 1576 4414 petra:
1608 4350 1795 4405 scissa:
1826 4361 1977 4414 sunt,
2008 4360 2069 4406 et

495 4443 846 4487 monumenta
866 4444 1047 4504 aperta
1067 4443 1213 4498 sunt,
1227 4445 1281 4490 et
1296 4437 1462 4491 multa
1483 4454 1712 4509 corpora
1727 4449 2058 4508 sanctorum,

2157 1976 2229 2047 μὴ
2262 1973 2609 2029 ἀπαιτεῖσθαι
2653 1974 2749 2044 τὴν
2780 1971 2979 2043 ψυχήν.
3012 1971 3121 2024 Καὶ
3168 1968 3376 2041 πρέπον
3407 1984 3469 2036 γε
3515 1966 3609 2019 ἐπὶ
3638 1965 3722 2033 τῆς

2165 2068 2339 2139 Ἰησοῦ
2386 2065 2564 2138 ψυχῆς
2607 2065 2748 2118 οῦτω
2791 2064 2972 2133 λέγειν
3020 2063 3113 2115 τὸν
3157 2061 3386 2115 θάνατον
3428 2057 3721 2127 γεγονέναι,

2154 2159 2248 2211 καὶ
2274 2158 2435 2210 αὐτὸν
2470 2155 2820 2228 παραστῆσαι
2853 2153 3175 2224 βουλόμενον
3215 2155 3326 2214 τοῖς
3363 2149 3637 2221 μαθηταῖς
3675 2146 3725 2200 :t

2157 2249 2429 2320 ἐξαίρετον
2464 2249 2563 2319 τῆς
2595 2246 2840 2299 ἐντεῦθεν
2876 2245 3041 2300 αὑτοῦ
3073 2242 3414 2312 ἀπαλλαγῆς,
3453 2241 3727 2311 εἰρηκέναι
3784 2250 3785 2309 ξ

2155 2344 2244 2396 τό·
2284 2341 2515 2404 «Οὐδεὶς
2558 2341 2701 2410 αἴρει
2751 2338 2849 2409 τὴν
2898 2339 3074 2409 ψυχήν
3130 2354 3231 2407 μου
3278 2336 3372 2389 ἀπ’
3414 2334 3575 2404 ἐμοῦ,
3626 2331 3727 2386 ἀλλ’
3784 2331 3785 2401 l

2158 2432 2267 2502 ἐγὼ
2298 2432 2486 2504 τίθημι
2523 2431 2692 2503 αὐτὴν
2725 2430 2818 2485 ἀπ’
2851 2427 3119 2501 ἐμαυτοῦ·
3145 2447 3164 2480 ι
3202 2426 3357 2480 τοῦτο
3384 2424 3495 2497 γὰρ
3536 2424 3652 2476 οὔτ’
3675 2424 3730 2476 ἂν

2157 2524 2416 2594 Μωῦσῆς,
2444 2525 2505 2577 οὐ
2538 2524 2645 2578 τῶν
2679 2520 3031 2594 πατριαρχῶν
3068 2537 3173 2583 τις,
3209 2520 3242 2590 ἢ
3279 2515 3595 2589 προφητῶν,
3631 2512 3729 2567 οὔτ’

2160 2616 2226 2670 ἂν
2255 2615 2361 2668 τῶν
2394 2615 2704 2669 ἀποστόλων
2734 2630 2817 2677 τις
2854 2609 2974 2666 εἶπε
3002 2611 3079 2682 τῷ
3124 2609 3319 2681 Ἰησοῦ,
3364 2610 3487 2662 ἐπεὶ
3523 2608 3735 2659 πάντων

2159 2709 2216 2761 αι
2247 2706 2416 2778 ψυχαὶ
2462 2706 2762 2778 ἀνθρώπων
2795 2704 3040 2774 αἴρονται
3085 2704 3180 2756 ἀπ’
3215 2701 3410 2755 αὐτῶν.
3447 2700 3657 2755 Τούτου
3686 2700 3735 2751 δὲ

2159 2798 2462 2869 νοηθέντος,
2513 2797 2735 2851 δύναται
2778 2797 2945 2864 σαφὲς
2998 2791 3138 2848 εἶναι
3193 2795 3252 2847 τὸ
3291 2795 3348 2846 ἐν
3402 2792 3489 2856 πζ⁹
3542 2791 3737 2862 ψαλμῷ

2160 2887 2346 2941 τοῦτον
2378 2888 2664 2959 εἰρημένον
2713 2887 2805 2940 τὸν
2835 2888 3037 2958 τρόπον
3075 2886 3139 2938 ἐκ
3180 2884 3471 2956 προσώπου
3503 2883 3599 2937 τοῦ
3634 2885 3737 2936 Σω-

2160 2980 2358 3053 τῆρος·
2414 3000 2432 3031 ι
2471 2982 2557 3034 Ἑν
2610 2983 2820 3052 νεκροῖς
2866 2980 3170 3054 ἐλεύθερος.
3202 2999 3220 3031 ι
3296 2980 3635 3048 Ἔπιστὴσας
3684 2980 3741 3029 ἐκ

2161 3071 2269 3124 τῶν
2303 3071 2648 3140 Εὑαγγελίων
2678 3074 2789 3135 τοῖς
2819 3071 3223 3142 γεγραμμένοις
3258 3069 3386 3140 περὶ
3427 3069 3527 3141 τῆς
3558 3069 3739 3123 ἐντεῦ·
3784 3060 3785 3097 ‘

2088 3211 2129 3265 Ε
2163 3160 2254 3214 θεν
2287 3160 2451 3213 αὑτοῦ
2486 3152 2828 3231 ἀπαλλαγῆς,
2875 3161 3127 3232 εὑρήσεις
3177 3160 3251 3232 μὴ
3284 3158 3603 3231 ἀπᾴδουσαν
3637 3159 3740 3230 (ὃὸ)

2161 3254 2259 3324 τὴν
2300 3255 2427 3324 περὶ
2468 3254 2569 3323 τῆς
2602 3253 2780 3320 ἐξόδου
2812 3252 2974 3307 αὑτοῦ
3009 3253 3233 3323 ἐκδοχὴν
3256 3252 3364 3305 τῶν
3391 3255 3743 3323 ἀναγεγραμ-

2167 3345 2374 3414 μένων·
2426 3346 2473 3397 εί
2529 3346 2625 3416 μὲν
2668 3345 2776 3418 γὰρ
2826 3345 2901 3408 ὼς
2957 3347 3005 3398 οί
3060 3345 3539 3416 συσταυρωθέντες
3595 3342 3785 3413 αὐτῷ

2163 3437 2378 3510 λῃσταὶ,
2421 3437 2530 3491 τῶν
2565 3437 2908 3507 στρατιωτῶν
2938 3437 3315 3504 κατεαξάντων
3339 3437 3409 3490 τά
3441 3436 3612 3506 σκέλη
3642 3436 3746 3489 τῶν
3784 3450 3785 3511 ]

2164 3527 2530 3593 πεπονθότων,
2562 3528 2862 3600 ἐτεθνήκει,
2901 3529 3001 3582 οὐκ
3042 3528 3108 3582 ἂν
3153 3529 3432 3599 ἐλέγομεν,
3462 3530 3549 3581 ὅτι
3583 3528 3747 3598 ἔθηκε
3784 3522 3785 3577 ἐ

2163 3618 2261 3689 τὴν
2302 3619 2477 3690 ψυχὴν
2524 3617 2689 3671 αὐτοῦ
2743 3620 2837 3688 ἀφ’
2884 3619 3098 3684 ἐαυτοῦ,
3149 3620 3285 3674 ἀλλά
3332 3638 3434 3673 τινι
3486 3619 3596 3690 ὁδῷ
3643 3621 3748 3672 τῶν

2165 3709 2647 3780 ἀποθνησκόντων·
2685 3714 2801 3765 νυνὶ
2845 3711 2901 3765 δὲ
2945 3715 2975 3766 ὁ
3026 3711 3251 3783 Ἰησοῦς,
3303 3731 3320 3762 ί
3346 3711 3556 3783 κράξας
3594 3716 3748 3781 φωνῇ

2171 3796 2379 3870 μεγάλῃ
2406 3838 2420 3862 ,
2470 3798 2645 3869 ἀφῆκε
2678 3800 2738 3851 τὸ
2782 3799 3027 3870 πνεῦμα·
3057 3819 3074 3851 ι
3111 3800 3207 3854 καὶ
3234 3802 3311 3864 ὡς
3354 3801 3623 3870 βασιλέως
3654 3821 3749 3855 κα-

2165 3887 2481 3951 ταλιπόντος
2521 3889 2583 3942 τὸ
2630 3889 2808 3960 σῶμα,
2853 3892 2947 3944 καὶ
2985 3892 3377 3964 ἐνεργήσαντος
3410 3892 3551 3963 μετὰ
3590 3894 3750 3949 δυνά·

2170 3996 2349 4049 μεως,
2403 3981 2495 4033 καὶ¹
2552 3980 2832 4045 ἐξουσίας,
2878 3982 3020 4052 ἅπερ
3077 3984 3291 4055 ἔκρινεν
3343 3982 3569 4053 εὔλογον
3610 3984 3785 4039 εἶναιι

2168 4076 2361 4134 ποιεῖν,
2392 4072 2592 4137 εὐθέως
2635 4093 2653 4123 ι
2682 4074 2742 4127 τὸ
2776 4076 3176 4147 καταπέτασμα
3221 4076 3315 4130 τοῦ
3355 4056 3487 4131 ναοῦ
3525 4079 3752 4149 ἐσχίιθη

2166 4163 2369 4217 ἀνωθεν
2398 4164 2499 4227 ἓως
2536 4163 2706 4229 κάτω,
2742 4167 2834 4219 καὶ
2861 4168 2894 4235 ἡ
2928 4166 3000 4237 γῆ
3043 4166 3284 4239 ἐσείσθη,
3325 4170 3419 4222 καὶ
3461 4173 3521 4224 at
3554 4172 3755 4243 πέτραι

2168 4253 2517 4326 ἐσχίσθησαν,
2550 4256 2643 4308 καὶ
2674 4256 2742 4309 τὰ
2770 4260 3008 4328 μνημεῖα
3031 4258 3414 4331 ἀνεῴχθησαν·
3447 4262 3546 4315 καὶ
3578 4263 3754 4315 πολλὰ

2170 4345 2399 4416 σώματα
2448 4346 2557 4399 τῶν
2601 4348 3016 4419 κεκοιμημένων
3067 4350 3238 4419 ἁγίων
3278 4351 3615 4423 ἠγέρθησαν,
3657 4356 3759 4406 καὶ

2169 4435 2473 4502 ἐξελθόντες
2519 4438 2625 4491 ἀπὸ
2670 4439 2776 4491 τῶν
2843 4441 3122 4511 μνημείων
3176 4442 3315 4513 μετά
3363 4442 3462 4515 τὴν
3529 4444 3758 4514 ἔγερσιν

492 4526 589 4593 qui
610 4525 963 4589 dormierunt,
985 4540 1359 4596 surrexerunt,
1386 4542 1440 4584 et
1460 4533 1665 4601 egressi
1690 4546 1720 4586 e
1746 4547 2058 4587 monumen-

2170 4526 2355 4588 αὐτοῦ,
2392 4528 2637 4599 είσῆλθον
2667 4529 2775 4601 (67)
2823 4532 2903 4595 εἰς
2952 4531 3049 4603 τὴν
3086 4532 3247 4600 ἀγίαν
3290 4533 3462 4597 πόλιν,
3499 4536 3593 4589 καὶ
3639 4537 3759 4589 ἐνε-

498 4619 569 4672 tis
589 4625 705 4686 post
730 4621 1179 4675 resurrectionem
1201 4623 1336 4692 ejus,
1362 4623 1589 4693 ingressi
1609 4625 1801 4678 suntin
1818 4634 2062 4679 sanctam

476 4709 795 4773 civitatem,
811 4721 860 4765 et
876 4715 1465 4779 apparueruntmultis:
1493 4735 1511 4767 ι
1533 4716 1606 4770 ita
1625 4724 1682 4770 ut
1703 4717 1997 4781 «centurio,
2012 4724 2065 4772 et

497 4801 588 4869 qui
614 4816 736 4856 cum
767 4801 855 4855 illo
873 4813 1048 4867 erant,
1067 4815 1343 4860 servantes
1366 4805 1567 4872 .lesum,
1595 4808 1708 4861 viso
1727 4814 1883 4861 terrae
1919 4815 2066 4860 motu

496 4895 666 4965 299
709 4904 762 4948 et
785 4910 906 4964 quae
956 4895 1177 4956 ﬁebant,
1216 4897 1371 4950 valde
1415 4897 1711 4960 timuerint,
1773 4897 2013 4952 dicentes
2049 4916 2063 4954 :

500 4978 640 5039 Vere
686 4984 858 5040 Filius
902 4986 992 5041 Dei
1047 4998 1163 5041 erat
1202 4986 1380 5041 hic”.
1420 5005 1438 5037 ι
1480 4986 1751 5041 Fortassis
1798 4987 1958 5056 igitur
2012 4996 2071 5042 ut

498 5074 559 5128 in
595 5077 977 5134 traditionibus
1001 5080 1066 5133 de
1087 5077 1304 5134 Christo
1332 5088 1449 5132 erat
1471 5094 1592 5131 eum
1645 5078 1978 5133 nasciturum
2009 5081 2060 5133 in

567 5192 614 5224 “
643 5190 779 5247 Luc.
815 5210 913 5262 xu,
948 5197 1040 5249 ‘20.
1116 5196 1161 5227 ’⁷
1189 5195 1343 5250 Joan.
1378 5210 1432 5257 ι,
1468 5193 1555 5251 18.
1632 5194 1677 5226 ³⁸
1711 5192 1864 5250 Joan.
1894 5210 2010 5260 nx,
2040 5195 2129 5250 '52.

502 5283 717 5355 tutique
736 5284 925 5353 iudicii
958 5288 1190 5344 formula
1220 5290 1286 5341 ad
1329 5286 1532 5342 inferos
1591 5288 1885 5355 proﬁcisci,
1941 5304 2064 5343 cum

501 5355 638 5409 duce
671 5353 758 5408 il'lo
780 5358 867 5409 cui
895 5360 1202 5412 mandatum
1247 5369 1329 5412 est
1349 5374 1442 5412 eos
1473 5353 1618 5411 illinc
1650 5358 1825 5413 isthuc
1876 5359 2063 5412 tradu-

494 5437 646 5478 cere.
686 5441 704 5474 ι
737 5424 878 5479 Idem
920 5424 1080 5481 habet
1120 5427 1363 5482 Plotinus
1396 5427 1537 5481 Enn.
1577 5443 1652 5492 ul,
1682 5427 1775 5481 lib.
1806 5442 1880 5481 tv.
1936 5428 2067 5482 Ani-

498 5501 935 5563 marumoautem
966 5495 1047 5550 vel
1081 5508 1133 5551 et
1182 5500 1262 5561 είς
1308 5497 1453 5560 ἀϊδος
1486 5496 1562 5549 δῶ
1611 5497 2066 5563 deducendarum,

503 5562 585 5615 vel
614 5563 738 5618 inde
768 5566 1162 5619 evocandarum
1202 5583 1396 5622 tuunus
1424 5578 1480 5622 et
1500 5566 1730 5621 ollicium
1761 5568 1956 5621 vetusti
1986 5562 2067 5619 fa;

504 5632 775 5688 bulatores
798 5635 1142 5707 assignarunt
1169 5635 1459 5699 Mercurio,
1490 5637 1580 5705 qui
1618 5636 1739 5690 inde
1769 5640 2064 5707 πομπαῖος,

504 5705 879 5775 νεκροπομπός
923 5715 976 5775 et
1022 5704 1349 5774 ψυχαγωγός
1387 5704 1689 5775 appellatus
1735 5704 1855 5762 est.
1892 5706 2065 5763 llum.

576 5772 689 5841 (64)
735 5772 855 5829 Haec
881 5788 910 5829 e
937 5772 1191 5831 Periottio
1224 5772 1608 5846 suppleri—mus.

2171 4619 2507 4691 φανίσθησαν
2528 4622 2757 4685 πολλοῖς·
2783 4642 2803 4674 ι
2826 4623 2900 4687 ὼς
2928 4643 2945 4674 ι
2966 4625 3056 4679 τὸν
3076 4626 3495 4699 ἑκατόνταρχον,
3512 4629 3607 4681 καὶ
3624 4632 3761 4692 τοὺς

2176 4716 2290 4785 μετ’
2311 4714 2474 4768 αὑτοῦ
2490 4716 2786 4789 τηροῦντας
2804 4717 2894 4771 τὸν
2923 4719 3147 4788 Ἰησοῦν,
3170 4720 3376 4783 ἰδόντας
3396 4721 3487 4773 τὸν
3505 4723 3759 4793 σεισμὸν,

2171 4807 2265 4859 καὶ
2290 4804 2358 4858 τὰ
2384 4808 2669 4877 γενόμενα,
2689 4808 2986 4880 φοϐηθῆναι
3012 4810 3237 4881 σφόδρα,
3255 4810 3515 4880 λέγοντας
3531 4830 3545 4842 ·
3587 4812 3724 4883 Ἀλη
3741 4845 3759 4853 ο
3784 4842 3785 4847 η

2174 4898 2283 4960 θῶς
2312 4898 2447 4952 Θεοῦ
2490 4899 2616 4963 Υἱὸς
2653 4898 2721 4973 ἦν
2756 4894 2928 4965 οὗτος.
2979 4921 2997 4953 ι
3038 4902 3193 4974 Τάχα
3239 4900 3332 4958 οῦν
3364 4906 3424 4957 ἐν
3455 4907 3575 4969 ταῖς
3621 4906 3765 4977 περὶ

2174 4987 2408 5058 Χριστοῦ
2434 4989 2793 5059 παραδόσεσιν
2815 4987 2904 5062 ἦν,
2924 4990 3111 5065 ὥσπερ
3139 4994 3201 5047 τὸ
3230 4994 3557 5065 γεγενῆσθαι
3584 4995 3767 5049 αὑτὸν

2170 5081 2229 5133 ἐν
2265 5078 2530 5150 Βηθλεὲμ,
2575 5084 2671 5135 καὶ
2696 5083 2757 5135 τὸ
2796 5086 2859 5136 ἐκ
2898 5084 3068 5155 φυλῆς
3126 5086 3297 5139 Ἰούδα
3341 5088 3769 5158 ἀναστήσασθαι

2205 5196 2247 5227 ¹⁹
2280 5196 2468 5251 Matth.
2496 5213 2665 5263 xxvu,
2693 5198 2780 5253 50.
2856 5200 2901 5231 ³ο
2932 5200 3123 5256 Matth.
3155 5218 3324 5266 xxvii,
3353 5203 3417 5258 51
3454 5218 3569 5274 seq.

2247 5288 2358 5360 (65)
2390 5289 2570 5365 ροόετ
2602 5288 2947 5365 Bodleianus,
2965 5292 3087 5365 Δγὸιρ
3107 5293 3226 5365 τίνα
3251 5311 3310 5365 τε
3332 5293 3601 5365 βούλεται.
3646 5294 3773 5349 Re-

2173 5360 2296 5483 gius
2324 5370 2374 5413 et
2406 5360 2752 5426 Barberiuus,
2783 5362 2891 5432 γάρ
2924 5360 3075 5427 τίνας
3108 5380 3167 5417 τε
3202 5360 3469 5434 βούλεται.
3517 5365 3785 5434 [δυκυιιζίιη

2216 5429 2454 5483 erionius
2484 5430 2594 5483 γάρ
2612 5448 2757 5483 τινα.
2780 5433 2870 5483 ὅτε
2896 5431 3166 5483 Βούλεται.
3217 5439 3360 5483 ouod
3411 5437 3540 5483 mihi
3599 5438 3771 5483 nime

2178 5432 2454 5550 Periton‘ius
2484 5432 2594 5500 γάρ
2612 5448 2757 5497 τινα,
2780 5433 2870 5485 ὅτε
2896 5432 3167 5502 βούλεται,
3204 5432 3360 5503 quod
3411 5437 3540 5489 mihi
3595 5432 3771 5491 same

2178 5515 2276 5567 pro
2296 5515 2344 5551 )a
2378 5515 2462 5553 ur.

2174 5568 2359 5691 mgf?)
2410 5569 2581 5624 Codd.
2634 5570 2839 5639 Regius
2894 5583 2948 5628 et
3008 5572 3376 5636 Barberiuus,
3424 5571 3773 5637 ἀποδοῦσαν,

2247 5707 2551 5778 (67)lidem
2618 5711 2774 5766 codd.
2839 5711 3039 5782 Regius
3077 5721 3131 5767 et
3164 5711 3528 5782 Barlierinns,
3585 5716 3750 5770 εἰσελ

2176 5777 2377 5840 θόντες,
2416 5783 2573 5833 male.
