3806 6526
107 431 196 487 557

1144 431 1502 489 COMMENT.
1546 430 1610 485 IN
1648 429 1839 488 JOAN.
1882 430 2122 488 TOMUS
2154 432 2299 488 XIX.

3238 446 3343 499 553

103 551 228 605 κατὰ.
252 548 344 613 τὰς
370 549 543 617 ὑγιεῖς
564 548 788 621 ἐκδοχάς
809 549 914 603 τῶν
942 554 1293 623 προφητικῶν
1309 552 1502 622 λόγων,
1522 553 1635 607 οὑτι

1770 546 2108 611 Bcthlehem,
2149 549 2597 618 proditurumque
2620 564 2684 603 ex
2723 550 2862 603 trilm
2888 548 3044 615 .luda,
3072 551 3219 623 juxta
3252 573 3339 614 sa-

103 644 181 696 καὶ
195 642 311 713 περὶ
322 641 416 695 τοῦ
434 641 664 696 θανάτου
685 641 870 706 αὑτοῦ,
889 643 963 706 ὡς
978 643 1169 698 ἑαυτὸν
1182 637 1226 713 ᾧ
1243 646 1363 699 είπο
1368 664 1465 715 μεν
1477 648 1632 717 τρόπι

1768 654 1863 694 nas
1900 640 2288 711 intelligentias
2326 640 2763 711 propheticorum
2799 657 3112 699 sermonum
3148 647 3226 715 ⁸¹;
3261 653 3344 705 sic

100 728 483 794 ἀπαλλάξαντος
525 729 618 784 τοῦ
651 730 799 801 βίου.
853 735 963 788 Καὶ
993 734 1159 799 εἰκὸς,
1196 737 1276 790 ὅτι
1326 736 1546 809 ᾔδεισαν
1572 738 1661 792 τὸν

97 820 251 883 οὕτως
291 821 703 893 ὲξελευσόμενον
754 824 1146 881 ἀπελεύσεσθαι
1190 831 1270 893 είς
1303 829 1485 901 χώραν
1532 830 1660 884 ἔνθα

95 914 184 964 οὑκ
207 912 464 980 ἠδύναντο
510 915 762 984 γενέσθαι
791 918 901 972 οὐδ’
929 920 976 972 οί
1006 919 1177 974 ταῦτα
1212 923 1476 987 νοοῦντες·
1517 924 1658 978 ὥστε

97 1003 163 1071 μὴ
187 1003 319 1056 κατά
347 1004 408 1058 τὸ
436 994 799 1080 ἀῖτλούστερον
834 1009 996 1064 αὑτοῦ
1037 1011 1149 1082 (68)
1194 1015 1493 1086 εἰρηκέναι,
1523 1014 1658 1069 ἀλλά

94 1095 225 1149 κειτά
266 1113 389 1151 τινα
446 1098 575 1172 περὶ
639 1101 874 1173 Χριστοῦ
939 1102 1236 1175 παράδοσιν
1283 1108 1372 1161 τό·
1430 1128 1447 1159 ι
1512 1110 1654 1182 Μήτι

91 1190 364 1242 ἀποκτενεῖ
416 1190 632 1256 ἑαυτὸν,
691 1193 772 1246 ὅτι
824 1193 968 1263 λέγει
994 1212 1007 1225 ·
1052 1197 1226 1250 Ὅπου
1271 1199 1381 1267 ἐγὼ
1429 1201 1651 1269 ὑπάγω,

91 1282 310 1351 ὑμεῖςοὺ
335 1282 564 1339 δύνασθε
594 1284 766 1338 ἐλθεῖν
794 1303 808 1351 ;
855 1306 871 1338 ι
908 1288 1019 1341 Καὶ
1059 1292 1107 1343 εί
1142 1290 1359 1360 λέγουσι
1389 1293 1445 1346 δὲ
1481 1295 1653 1349 ταῦτα

85 1374 133 1425 οἱ
171 1374 423 1439 Ἰουδαῖοι,
455 1376 814 1443 διστακτικῶς
844 1381 981 1434 αὑτά
1012 1399 1175 1450 φασι·
1204 1385 1264 1437 τὸ
1298 1385 1433 1457 γάρ·
1464 1408 1480 1439 ι
1506 1389 1651 1459 Μήτι

86 1465 356 1516 ἀποκτενεί
381 1464 604 1532 έαυτόνς
641 1485 659 1518 ι
692 1468 931 1522 τοιοῦτόν
954 1473 1089 1523 ἐστι.
1119 1473 1223 1525 Καὶ
1255 1474 1312 1527 οὑ
1337 1474 1652 1546 θαυμαστὸν

86 1555 426 1624 ἁμφιὸἀλλειν
458 1557 655 1621 αὑτοὺς
686 1560 816 1630 περὶ
849 1561 1106 1633 Χριστοῦ,
1128 1564 1213 1617 ὅτε
1237 1582 1299 1634 γε
1331 1568 1423 1619 καλ⁹
1460 1570 1517 1621 έν
1540 1571 1652 1632 τοῖς

85 1648 323 1720 ἀνωτέρω
348 1650 399 1703 oi
426 1652 491 1704 ὲκ
527 1652 620 1705 τοῦ
646 1652 803 1722 δχλου
837 1654 1169 1721 ἀκούσαντες
1207 1658 1317 1712 τῶν
1351 1659 1525 1729 λόγων
1552 1662 1645 1715 τοῦ

96 1738 256 1808 Ἰησοῦ
310 1740 522 1809 ἔλεγον·
567 1761 585 1794 ι
639 1740 809 1808 Οὗτός
842 1749 987 1801 ἐστιν
1022 1747 1236 1819 ἀληθῶς
1268 1750 1297 1801 6
1327 1754 1645 1823 προφήτης·

84 1830 218 1884 ἄλλοι
248 1832 305 1885 δὲ
344 1833 561 1904 ελεγον·
606 1829 773 1900 Οὗτός
814 1838 960 1893 ἐστιν
996 1840 1023 1891 6
1070 1841 1334 1912 Χριστός·
1371 1845 1420 1897 oi
1453 1845 1509 1898 δὲ
1536 1844 1648 1898 ἔλε-

1763 729 1829 783 de
1857 738 2033 784 morte
2059 729 2229 799 ipsius
2262 730 2427 785 etiam
2457 742 2597 795 eral,
2637 733 2780 801 quod
2825 732 3073 789 Christus
3101 738 3341 805 seipsum

1734 820 1792 875 ἐ
1823 823 1931 876 vita
1990 821 2322 878 liberaturus
2366 832 2511 878 esset
2557 839 2623 878 eo
2660 825 2818 879 modo
2849 840 2956 895 quo
2981 826 3256 895 diximus;
3286 842 3344 885 et

1761 922 1908 967 certe
1935 914 2215 983 probabile
2239 924 2321 968 est
2350 929 2445 969 eos
2472 915 2803 971 intellexisse
2829 930 2977 982 eum,
3003 919 3093 986 qui
3137 920 3220 975 sic
3244 935 3343 974 ex-

1762 1005 1943 1059 iturus
1971 1016 2136 1072 esset,
2186 1008 2458 1061 abiturum
2492 1009 2544 1063 in
2571 1007 2745 1063 locmn
2787 1026 2893 1079 quo
2928 1026 2995 1082 ne
3029 1012 3082 1066 bi
3120 1015 3340 1083 quidem

1762 1100 1876 1152 haec
1906 1098 2275 1169 intelligentes
2319 1099 2593 1169 proficisci
2641 1113 2866 1171 possent
2899 1120 2912 1156 :
2947 1104 3084 1159 adeo
3122 1114 3179 1159 ut
3231 1122 3336 1160 nou
3367 1104 3371 1109 ’

1758 1189 2105 1260 simpliciter,
2139 1193 2233 1246 sed
2267 1192 2422 1262 juxta
2455 1194 2748 1263 quamdam
2792 1196 2858 1250 de
2893 1194 3115 1250 Christo
3168 1198 3341 1252 tradi-

1760 1285 1961 1341 tionem
1991 1285 2227 1340 dixerint
2259 1308 2269 1340 :
2315 1304 2335 1337 ‹
2370 1286 2622 1357 Nunquid
2658 1287 3044 1344 interfecturus
3072 1300 3156 1345 est
3182 1292 3338 1361 seip-

1756 1391 1898 1440 sum,
1931 1377 2056 1447 quia
2106 1376 2241 1432 dicit
2276 1396 2288 1432 :
2336 1375 2455 1443 Quo
2478 1392 2579 1447 ego
2628 1380 2802 1440 vado.
2835 1395 2927 1433 vos
2970 1396 3075 1435 non
3110 1383 3337 1451 potestis

1755 1467 1940 1525 venire
1968 1468 2053 1522 "1'
2081 1487 2099 1521 ι
2142 1467 2292 1535 Quod
2338 1469 2382 1524 si
2426 1468 2591 1523 etiam
2633 1469 2750 1525 haec
2799 1470 3096 1540 loquuntur
3136 1472 3332 1536 Judaei,

1755 1560 2003 1631 ambigue
2034 1561 2150 1615 hmc
2195 1561 2523 1629 loquuntur;
2573 1575 2701 1616 nam
2755 1562 2981 1618 dicere:
3022 1582 3039 1616 ι
3074 1564 3334 1635 Nunquid

1754 1652 2146 1708 interfecturus
2171 1662 2255 1706 est
2279 1654 2552 1721 seipsum?
2587 1672 2605 1703 ι
2640 1654 2744 1707 tale
2775 1655 3028 1724 quiddam
3070 1669 3175 1714 est.
3217 1656 3331 1714 Nec

1754 1759 1886 1797 sane
1910 1744 2104 1796 mirum
2157 1754 2236 1796 est
2276 1759 2371 1798 eos
2403 1746 2467 1798 de
2514 1743 2730 1799 Christo
2764 1745 3062 1817 ambigere,
3112 1752 3332 1819 quando

1753 1837 1920 1890 etiam
1950 1837 2001 1889 in
2030 1837 2423 1904 superioribus,
2453 1850 2574 1889 cum
2606 1836 2776 1891 turbae
2806 1838 3085 1893 audissent
3120 1857 3332 1898 sermo-

84 1941 202 1990 γονι
229 1926 319 1998 Μὴ
351 1927 462 1999 γὰρ
493 1929 558 1981 ὲκ
592 1929 688 1999 τῆς
722 1930 1009 1995 Γαλιλαίας
1047 1934 1075 1986 6
1104 1935 1338 2004 Χριστὸς
1390 1936 1635 2007 ἔρχεται;

1753 1942 1848 1983 nes
1882 1925 2030 1993 Jesu,
2089 1928 2376 1982 dicereut:
2417 1947 2436 1979 σ
2474 1927 2571 1982 llic
2614 1939 2696 1983 est
2744 1932 3160 2000 vere-propheta
3190 1934 3326 2001 ille;

82 2015 183 2085 Οὐχ
209 2016 233 2085 l;
256 2017 447 2089 Γραφὴ
473 2013 643 2082 εἶπεν,
665 2020 744 2073 ὅτι
773 2022 835 2074 ἐκ
866 2024 1185 2096 σπέρματος
1208 2026 1388 2095 Δαυῖδ,
1424 2030 1515 2083 καὶ
1540 2029 1648 2083 ἀπὸ

84 2105 317 2178 Βηθλεὲμ
356 2109 458 2179 τῆς
511 2109 704 2182 κώμης
756 2113 889 2168 ὅπου
946 2110 1014 2187 ἦν
1080 2117 1277 2181 Δαυῒδ,
1328 2120 1357 2173 6
1410 2121 1647 2192 Χριστὸς

81 2197 315 2268 {meum
366 2219 384 2252 ι
411 2201 500 2254 ὅτε
533 2204 626 2256 καὶ
659 2222 677 2254 ί
713 2206 917 2276 σχίσμα
952 2209 1243 2280 γεγένηται
1284 2211 1342 2265 ἐν
1385 2212 1463 2283 τῷ
1503 2212 1644 2285 ὄχλῳ

77 2287 138 2341 δι’
158 2291 333 2344 αὐτόν.
373 2311 393 2344 ο
437 2294 594 2348 Ἀλλά
627 2297 720 2350 καὶ
750 2300 868 2378 μετ’
892 2299 1046 2369 ὀλίγα
1078 2293 1302 2357 ἐκείνων
1317 2304 1643 2378 γέγραπται,

76 2379 147 2432 ὅτι
172 2381 544 2455 ἀπεκρίθησαν
584 2387 634 2439 oi
672 2375 975 2461 ὑπηρέται·
1015 2412 1032 2443 ι
1073 2394 1342 2449 Οὐδέποτε
1381 2375 1641 2468 ἐλάλησεν

75 2470 232 2536 οὑτως
256 2473 564 2545 ἄνθρωπος·
607 2497 625 2529 ι
652 2478 728 2543 ὡς
752 2481 847 2534 καὶ
877 2484 1003 2548 τοὺς
1017 2485 1343 2556 Φαρισαίους
1364 2488 1643 2560 εἰρηκέναι

72 2566 175 2628 τοῖς
195 2565 535 2637 θαυμάζουσι
554 2568 646 2622 τόν
672 2569 829 2640 λόγον
855 2574 1019 2628 αὑτοῦ
1036 2593 1047 2607 ·
1074 2594 1092 2627 ι
1122 2576 1212 2648 Μὴ
1233 2577 1328 2631 καὶ
1354 2578 1511 2650 ὑμεῖς
1543 2598 1642 2634 πε-

73 2652 350 2725 πλάνησθες
372 2657 543 2728 μήτις
564 2660 628 2711 ἐκ
647 2659 753 2712 τῶν
764 2662 1039 2733 ἀρχόντων
1063 2665 1378 2722 ἐπίστευσεν
1390 2670 1469 2732 είς
1481 2670 1641 2724 αὑτὸν

72 2740 174 2809 ῆέκ
188 2744 292 2794 τῶν
309 2744 638 2814 Φαρισαίων;
661 2748 775 2801 ἀλλ’
791 2750 824 2821 ἦ
849 2752 877 2802 6
894 2748 1321 2824 ὅχλυς(69)οῦτος
1340 2759 1368 2810 ό
1387 2757 1460 2829 μὴ
1480 2759 1641 2827 γινὼ-

74 2834 303 2889 σκωντόν
328 2838 490 2908 νόμον
517 2841 779 2912 ἐπάρατοί
800 2844 967 2910 είσιν;
988 2863 1007 2898 ι
1022 2847 1108 2899 ὅτε
1125 2849 1218 2901 καὶ
1238 2849 1545 2922 Νικοδήμου
1565 2855 1642 2906 εί-

74 2927 301 2997 ρηχότος·
325 2947 342 2979 ι
362 2929 454 3002 Μὴ
470 2933 498 2985 ό
521 2932 701 3004 Νόμος
718 2936 750 3005 ἡ
760 2934 875 3006 μῶν
901 2937 1072 3009 κρίνει
1100 2939 1195 3002 τόν
1221 2941 1523 3013 ἄνθρωπον,
1546 2944 1641 2998 ἐὰν

76 3020 140 3089 μὴ
170 3020 376 3092 ἀκούσῃ
424 3024 641 3095 πρῶτον
687 3030 816 3099 παρ’
850 3029 1037 3096 αὑτοῦ,
1073 3031 1169 3084 καὶ
1209 3032 1321 3105 γνῷ
1366 3034 1419 3087 τί
1463 3039 1635 3101 ποιεῖς

67 3110 458 3185 ἀπεκρίθησαν·
484 3116 574 3189 Μὴ
608 3118 703 3171 καὶ
734 3121 797 3173 σὺ
826 3124 889 3174 ἐκ
912 3121 1011 3191 τῆς
1039 3123 1329 3189 Γαλιλαίας
1363 3122 1449 3192 si;
1481 3127 1637 3198 ἐρεύ-

1750 2018 1841 2073 alii
1889 2032 2018 2072 vero
2057 2018 2311 2072 dicel-ant
2345 2035 2357 2071 :
2391 2017 2489 2073 llic
2534 2028 2618 2074 est
2656 2020 2747 2074 ille
2770 2020 3064 2087 Christus;
3100 2025 3327 2095 quidam

1750 2118 1926 2165 autem
1958 2110 2211 2166 dicebant
2241 2128 2254 2162 :
2296 2109 2563 2163 Numnam
2586 2126 2654 2164 ex
2686 2108 2905 2167 Galilaza
2942 2115 3196 2172 Christus
3228 2132 3327 2173 ve-

1752 2201 1863 2255 nit?
1890 2200 2079 2257 Nonne
2112 2202 2393 2271 Scriptura
2430 2202 2582 2266 dicit,
2619 2206 2852 2272 quodex
2886 2207 3096 2261 semine
3132 2211 3323 2275 David,

1749 2304 1803 2350 et
1842 2297 1909 2351 de
1947 2295 2261 2350 Bethlehcm
2294 2294 2519 2350 castello
2564 2296 2652 2350 ubi
2694 2307 2812 2350 erat
2860 2297 3047 2363 David,
3075 2301 3324 2359 Christus

1749 2384 1966 2440 veniet?
1995 2405 2014 2437 ι
2051 2387 2268 2455 quando
2291 2386 2456 2439 etiam
2493 2404 2512 2437 ‹
2548 2385 2818 2442 dissensio
2844 2397 2963 2443 orta
2996 2400 3079 2445 est
3121 2392 3174 2445 in
3208 2399 3328 2447 tur-

1750 2478 1816 2531 ba
1853 2487 2073 2548 propter
2108 2492 2230 2531 eum
2266 2476 2334 2531 ³³.
2373 2495 2392 2529 ο
2430 2476 2537 2532 Sed
2569 2478 2733 2546 paulo
2790 2489 2912 2547 post
2943 2481 3027 2534 illa
3058 2485 3322 2553 scriptum

1747 2579 1831 2622 est
1859 2567 2207 2637 respondisse
2242 2567 2522 2621 ministros
2557 2584 2575 2619 τ
2620 2587 2639 2618 ‹
2678 2567 2962 2642 Nunquam
3001 2574 3104 2628 isto
3163 2577 3323 2629 modo

1749 2660 1959 2716 locutus
1984 2669 2067 2715 est
2091 2660 2253 2713 homo
2278 2659 2321 2690 “
2355 2678 2367 2711 :
2404 2678 2422 2711 ι
2457 2661 2590 2713 adeo
2623 2668 2681 2713 ut
2715 2660 2972 2719 Pharisaai
2996 2666 3320 2722 admiranti-

1747 2755 1848 2810 bus
1883 2766 2190 2809 sermonem
2218 2754 2335 2823 ejus
2364 2755 2599 2810 dixerint
2634 2773 2649 2810 :
2687 2776 2706 2808 ο
2738 2757 2875 2811 Num
2914 2773 3007 2812 vos
3033 2759 3195 2813 etiam
3223 2762 3323 2814 deo

1745 2848 1886 2917 cepti
1910 2846 2079 2901 estis?
2116 2861 2241 2900 num
2273 2846 2472 2916 aliquis
2493 2862 2558 2901 ex
2590 2847 2950 2918 principibus,
2977 2852 3059 2903 vel
3089 2866 3153 2903 ex
3178 2850 3323 2905 Plin-

1748 2938 1920 2994 risteis
1954 2938 2006 2991 in
2032 2952 2154 2991 eum
2189 2936 2460 2991 credidit?
2486 2937 2680 2993 Annon
2708 2937 2864 2992 turba
2892 2939 3028 3002 hzer,
3057 2954 3177 3008 quae
3207 2955 3313 2995 non

1746 3029 1993 3100 agnoscit
2037 3028 2237 3100 legem,
2303 3028 2667 3085 exsecrabiles
2725 3038 2852 3084 sunt
2894 3030 2980 3083 ³⁵2
3026 3052 3044 3083 ι
3097 3034 3317 3100 quando

1743 3123 1907 3177 etiam
1935 3137 2053 3177 cum
2092 3121 2317 3176 dixisset
2354 3117 2678 3176 Nicodemus
2714 3138 2726 3173 :
2768 3140 2785 3172 ι
2822 3121 2955 3176 Num
2997 3125 3080 3178 lex
3132 3135 3314 3181 nostra

67 3217 229 3268 νῆσον,
266 3207 362 3259 καὶ
396 3206 491 3272 ῖδε,
533 3208 614 3262 ὅτι
644 3211 707 3262 ἐκ
739 3211 834 3279 τῆς
866 3212 1154 3278 Γαλιλαίας
1203 3218 1485 3288 προφήτης
1535 3219 1635 3273 οὐκ

1741 3210 1947 3283 iudicat
1994 3214 2288 3275 hominem,
2343 3212 2442 3267 nisi
2497 3213 2648 3282 prius
2706 3214 2939 3268 audierit
2981 3218 3050 3269 ab
3082 3218 3219 3285 ipso,
3261 3230 3319 3271 et

68 3291 350 3366 ἐξέρχεται,
376 3299 496 3352 οὑδὲ
524 3301 815 3372 ἐγείρεται.
859 3322 876 3354 ι
913 3304 1037 3369 Πῶς
1064 3305 1120 3357 δὲ
1150 3305 1402 3363 ἐδύναντο
1434 3310 1635 3363 ἁπλού-

70 3401 239 3458 στερον
263 3392 404 3442 νοεῖν
433 3391 594 3444 αὑτὸν
631 3394 825 3447 ἑαυτὸν
866 3396 1186 3467 ἀναιρήσειν
1214 3399 1263 3451 oi
1304 3400 1636 3466 ἀκούσαντες

67 3478 215 3532 αὑτοῦ
238 3479 521 3550 λέγοντος·
556 3503 573 3535 ι
622 3486 762 3554 Ἐγώ
792 3488 910 3557 εἰμι
946 3487 1007 3540 τό
1041 3488 1157 3556 φῶς
1189 3489 1282 3543 τοῦ
1314 3491 1522 3563 κόσμου
1548 3510 1559 3522 ·
1605 3495 1632 3546 6

67 3570 355 3625 ἀκολουθῶν
385 3592 476 3645 μοι
511 3576 571 3628 οὑ
610 3577 683 3647 μὴ
712 3580 1060 3652 περιπατήσῃ
1082 3581 1139 3633 ἐν
1163 3584 1228 3652 τῇ
1267 3583 1475 3653 σκοτία,
1517 3582 1632 3637 ἀλλ’

66 3662 159 3725 ἕξει
182 3664 243 3718 τό
272 3666 390 3734 φῶς
416 3668 516 3738 τῆς
557 3668 736 3739 ζωῆς;
775 3689 794 3722 ι
830 3671 974 3742 Πρὸς
1001 3672 1060 3726 ὃν
1092 3673 1141 3725 οί
1163 3674 1447 3745 Φαρισαῖοι
1480 3677 1631 3747 είρή-

68 3772 224 3821 asty,
248 3758 331 3811 ὅτι
365 3781 380 3810 ι
420 3760 491 3813 Σὺ
524 3762 649 3832 περὶ
672 3762 897 3816 σεαυτοῦ
929 3767 1253 3834 μαρτυρεῖς·
1289 3768 1320 3837 ὴ
1352 3768 1627 3839 μαρτυρία

70 3860 144 3897 σου
170 3849 267 3901 οὐκ
288 3848 436 3901 ἔστιν
466 3850 700 3921 ἀληθής·
730 3846 812 3915 οἷς
854 3854 1186 3925 ἀπεκρίνατο
1218 3857 1246 3907 6
1303 3854 1509 3927 Ἰησοῦς
1538 3856 1629 3909 λέ-

65 3953 185 4002 γων·
218 3940 336 3993 Κᾶν
366 3939 476 4011 ἐγὼ
502 3943 761 4015 μαρτυρῶ
789 3945 920 4014 περὶ
971 3944 1233 4014 ἐμαυτοῦ,
1277 3948 1310 4016 ὴ
1352 3946 1628 4018 μαρτυρία

68 4046 154 4096 μου
189 4031 395 4102 ἀληθής
445 4035 609 4096 ἐστιν,
661 4034 743 4087 ὅτι
791 4031 906 4089 οἶδα
949 4034 1110 4088 πόθεν
1142 4032 1325 4107 ἦλθον,
1377 4039 1470 4092 καὶ
1526 4039 1627 4093 ποῦ

68 4122 254 4191 ὑπάγω.
305 4124 495 4195 Ὑμεῖς
556 4126 695 4181 κατά
747 4127 847 4199 τὴν
902 4128 1080 4201 σάρκα
1139 4129 1375 4201 κρίνετε,
1427 4131 1537 4200 ἐγὼ
1566 4134 1624 4186 οὑ

66 4214 210 4284 κρίνω
239 4216 457 4270 οὑδένα·
496 4219 589 4271 καὶ
619 4217 713 4272 ἐὰν
738 4219 909 4291 κρίνω
934 4220 989 4273 δὲ
1017 4219 1146 4289 ἐγὼ,
1177 4223 1210 4291 ἡ
1246 4222 1425 4293 κρίσις
1450 4225 1482 4294 ἡ
1517 4226 1624 4296 ἐμὴ

67 4305 246 4376 ἀληθής
276 4310 447 4371 ἐστιν,
481 4309 563 4362 ὄντι
600 4309 759 4379 μόνος
800 4310 900 4363 οὑκ
937 4311 1074 4381 εἰμὶ,
1122 4311 1236 4364 ἀλλ’
1281 4313 1412 4380 ἐγὼ,
1462 4314 1554 4368 καὶ
1596 4317 1624 4367 6

68 4398 261 4467 πέμψας
294 4418 364 4471 με
394 4402 607 4473 Πατήρ.
644 4404 751 4456 Καὶ
773 4404 833 4456 ἐν
863 4403 943 4475 τῷ
974 4404 1144 4475 Νόμῳ
1173 4404 1230 4457 δὲ
1262 4404 1340 4475 τῷ
1373 4406 1623 4479 ὑμετέρῳ

66 4492 382 4561 γέγραπται,
427 4494 507 4546 ὅτι
547 4493 640 4546 δύο
683 4492 987 4565 ἀνθρώπων
1025 4497 1058 4565 ή
1097 4495 1371 4566 μαρτυρία
1418 4496 1622 4569 ἀληθής

1743 3304 2058 3375 cognoverit
2086 3305 2215 3372 quid
2248 3302 2450 3356 faciat?
2496 3302 2897 3371 responderunt
2933 3321 2946 3357 ε
2977 3304 3113 3359 Num
3146 3316 3199 3361 et
3254 3316 3309 3361 tu

1739 3400 1995 3457 Galilzeus
2019 3400 2113 3455 es?
2139 3399 2416 3464 Scrutare,
2448 3408 2503 3456 et
2530 3399 2650 3454 vide
2674 3399 2816 3468 quod
2870 3413 2895 3448 a
2938 3397 3158 3451 Galilaea
3188 3413 3311 3467 pro-

1738 3494 1900 3563 pheta
1933 3508 2038 3547 non
2065 3492 2340 3563 egreditur
2365 3505 2541 3561 neque
2568 3491 2739 3559 surgit
2760 3490 2825 3543 ⁸⁸.
2860 3509 2876 3540 ι
2907 3491 3013 3543 Sed
3040 3491 3310 3559 quomodo

1737 3584 2037 3654 simplicius
2065 3592 2318 3655 poterant
2352 3582 2658 3652 intelligere
2698 3582 2935 3636 futurum
2984 3591 3040 3634 ut
3070 3582 3306 3650 seipsum

1737 3677 2093 3740 interﬁceret,
2132 3675 2417 3730 audientes
2458 3688 2580 3729 eum
2616 3673 2885 3727 dicentem
2924 3690 2936 3725 :
2973 3692 2990 3722 ι
3032 3672 3143 3739 Ego
3191 3687 3307 3726 sum

1734 3763 1828 3822 lux
1857 3765 2039 3822 mundi
2074 3786 2087 3822 :
2122 3767 2211 3835 qui
2249 3766 2499 3835 sequitur
2527 3781 2634 3833 me,
2675 3779 3017 3834 nequaquam
3057 3762 3307 3817 ambula-

1731 3862 1873 3916 verit
1902 3863 1953 3913 in
1986 3859 2245 3923 tenebris,
2282 3857 2379 3914 scd
2411 3856 2629 3912 habebit
2673 3856 2852 3909 lumen
2900 3857 3023 3909 vitae
3057 3853 3138 3908 ³⁷2
3175 3872 3195 3907 ι
3225 3854 3308 3909 Ad

1731 3963 1892 4019 quem
1931 3948 2190 4003 Pharisrei
2233 3950 2524 4004 dixerunt:
2560 3964 2578 3997 ι
2614 3944 2691 3997 Tu
2738 3946 2805 3999 de
2844 3946 3015 4014 teipse
3046 3944 3309 3999 testifica-

1730 4042 1836 4106 ris;
1891 4041 2257 4095 testiutonium
2289 4050 2434 4094 tuum
2486 4054 2592 4092 non
2640 4046 2720 4090 est
2751 4051 2960 4091 verum.
3006 4033 3308 4102 Respondit

1730 4131 1912 4194 Jesus.
1941 4140 1994 4184 et
2029 4131 2167 4185 dixit
2196 4130 2276 4183 eis
2307 4144 2321 4181 :
2362 4128 2585 4183 Etiamsi
2626 4142 2727 4196 ego
2769 4127 3136 4181 testimonium
3183 4138 3307 4192 per-

1730 4221 1890 4274 bibeo
1917 4220 1983 4273 dc
2033 4220 2266 4287 meipso,
2297 4231 2485 4272 verum
2532 4228 2615 4270 est
2678 4216 3045 4271 testimonium
3099 4228 3300 4276 meum,

1730 4313 1854 4380 quia
1891 4312 2005 4366 scio
2041 4311 2184 4364 unde
2217 4309 2397 4373 venio,
2435 4320 2488 4362 et
2514 4324 2622 4376 quo
2653 4310 2807 4361 vado.
2866 4306 2975 4363 Vos
3005 4307 3306 4361 secundum

1728 4418 1950 4457 carnem
1973 4401 2255 4471 judicatis,
2285 4416 2387 4471 ego
2425 4416 2529 4454 non
2555 4402 2739 4469 judico
2772 4414 3100 4469 quemquam
3128 4416 3142 4451 :
3171 4413 3301 4468 por-

1730 4510 1790 4548 ro
1815 4494 1976 4549 etiam
2006 4495 2049 4547 si
2070 4494 2305 4563 judicem
2341 4506 2462 4561 ego,
2485 4490 2751 4558 judicium
2781 4505 2958 4544 meum
2991 4506 3177 4545 verum
3199 4497 3303 4553 est,

66 4584 213 4637 ἐστιν·
241 4586 352 4655 ἐγώ
378 4588 493 4656 εἰμι
514 4590 543 4639 ό
571 4587 863 4657 μαρτυρῶν
897 4587 1025 4657 περὶ
1064 4587 1325 4657 ἐμαυτοῦ,
1356 4590 1448 4642 καί
1483 4607 1623 4661 μαρ-

1741 4586 1853 4655 quia
1882 4585 2028 4639 solus
2060 4599 2163 4637 non
2194 4599 2343 4647 sum;
2399 4583 2493 4637 sed
2520 4597 2640 4650 ego,
2674 4590 2731 4636 et
2756 4583 2847 4651 qui
2899 4582 3044 4636 misit
3085 4596 3171 4635 me
3199 4580 3303 4634 Pa-

67 4680 192 4745 τυρεῖ
224 4679 352 4748 πρ).
371 4676 505 4748 ἐμοῦ
531 4679 560 4731 ό
591 4678 813 4749 πέμψας
839 4695 905 4749 με
930 4679 958 4731 ὁ
981 4679 1188 4751 Πατήρ.
1230 4698 1248 4730 ι
1282 4679 1347 4732 Τί
1370 4680 1426 4732 δὲ
1466 4681 1620 4734 πιθαο

67 4768 135 4818 νόν
164 4769 294 4840 πρὸς
337 4770 399 4823 τό
435 4771 749 4824 ἀποκτενεῖν
797 4773 989 4826 ἑαυτὸν
1038 4772 1175 4843 μετά
1216 4774 1340 4837 τοὺς
1385 4774 1618 4844 μεγαλο-

68 4857 333 4930 ςνέστερον
378 4860 703 4930 εἰρημένους
748 4861 937 4914 τοῦτον
995 4862 1086 4913 τὸν
1132 4861 1331 4933 τρόπον
1390 4862 1613 4932 λόγους·

72 4946 233 5001 ιθῦτε
283 4951 385 5021 ἐμὲ
432 4951 629 5015 οἴδατε,
678 4950 802 5004 οὑτε
844 4950 935 5005 τὸν
981 4952 1201 5024 Πατέρα
1255 4970 1393 5024 μου·
1435 4955 1482 5006 εί
1517 4954 1617 5025 ἐμὲ

68 5035 231 5104 ᾔδειτε,
266 5042 363 5094 καὶ
386 5040 477 5095 τὸν
511 5041 733 5114 Πατέρα
758 5059 858 5112 μου
888 5041 953 5095 ἂν
988 5042 1202 5112 ᾔδειτε;
1240 5061 1258 5095 ι
1300 5041 1461 5105 Εἰκὸς
1484 5042 1614 5113 γὰρ,

65 5128 126 5179 ὃτι
150 5132 351 5196 τούτοις
381 5130 584 5202 ὁμοίως
615 5131 918 5203 ἐξεδέχοντο
957 5134 1051 5186 καί¹
1082 5134 1143 5186 τό
1164 5151 1176 5163 ·
1221 5153 1237 5185 ι
1297 5133 1439 5202 Ἐγὼ
1473 5135 1616 5187 ὑπά-

64 5236 145 5284 γω,
169 5225 255 5276 καὶ
286 5224 555 5294 ζητήσετέ
583 5241 671 5293 με,
697 5224 793 5276 καὶ
819 5226 878 5276 ἐν
909 5226 975 5295 τῇ
1014 5225 1259 5295 ἁμαρτία
1293 5224 1451 5294 ὑμῶν
1478 5226 1615 5278 ἀπο·-

66 5312 311 5369 θινεῖσθε·
368 5317 504 5371 ὅπου
545 5316 653 5385 ἐγὼ
707 5316 921 5385 ὑπάγω,
957 5317 1112 5386 ὑμεῖς
1150 5317 1211 5369 ού
1248 5316 1475 5370 δύνασθε
1527 5317 1615 5370 ὲλ-

67 5402 176 5456 ῦεῖν·
216 5427 234 5457 ι
265 5408 405 5479 πρός
424 5408 484 5460 ὃν
510 5407 605 5460 καὶ
633 5408 995 5478 ἀπεκρίναντο
1021 5409 1070 5461 οἱ
1112 5408 1379 5461 Ἰουδαῖοι·
1415 5429 1432 5460 ι
1468 5410 1613 5480 Μήτι

68 5494 326 5549 ἀποκτενεῖ
369 5495 582 5559 ἑαυτὸν,
629 5496 711 5548 ὅτι
773 5495 952 5564 λέγει·
1014 5496 1183 5548 Ὅπου
1240 5495 1350 5563 ἐγὼ
1394 5495 1610 5563 ὑπάγω,

70 5581 191 5650 ὑμεῖς
218 5589 278 5641 οὑ
310 5588 541 5642 δύνασθε
571 5588 783 5653 ἐλθεῖν;
826 5607 844 5638 ι
888 5589 1036 5642 Πάνυ
1071 5588 1127 5641 δέ
1163 5590 1255 5641 καὶ
1290 5588 1615 5658 ἐμφαίνεται

120 5699 155 5728 ³¹
187 5700 345 5755 Hich.
380 5715 437 5761 v,
463 5700 530 5764 Ως
564 5699 751 5754 Matth.
779 5717 840 5762 ll,
868 5700 936 5763 6;
975 5700 1129 5756 Juan.
1167 5717 1263 5763 vu,
1294 5700 1382 5754 62.
1461 5699 1503 5731 ³²
1529 5699 1689 5753 Joan.
1739 5714 1816 5756 tu.
1841 5696 1931 5749 2‘2.
1986 5695 2223 5767 7”Joan.
2264 5711 2360 5758 vn,
2393 5696 2463 5749 40
2486 5712 2602 5767 seq.

71 5766 219 5823 ιῖ-ιε.
312 5771 358 5801 ³·
384 5771 519 5825 ibid.
552 5770 751 5836 51,52.
827 5771 1317 5841 "Joan.vm,12.
1394 5772 1439 5803 ³ο
1470 5769 1601 5825 ibid.

1744 5769 1824 5820 18.

126 5881 225 5952 (68)
253 5882 473 5941 Αὐτοῦ.
503 5881 892 5958 ιθεοαὺτούς.

1731 4687 1832 4732 ter.
1880 4677 2019 4743 Quin
2059 4686 2115 4730 et
2167 4676 2219 4729 in
2279 4674 2400 4745 lege
2443 4673 2606 4744 300
2639 4684 2817 4729 vestra
2875 4676 3136 4742 scriptum
3196 4681 3298 4733 est,

1728 4770 1870 4841 quod
1916 4772 2144 4823 duorum
2198 4769 2476 4822 hominum
2516 4768 2893 4822 testimonium
2928 4781 3113 4819 verum
3166 4772 3299 4816 est:

1728 4876 1826 4930 ego
1862 4876 1980 4915 sum
2030 4861 2077 4914 is
2137 4860 2228 4928 qui
2281 4860 2655 4913 testimonium
2714 4858 2832 4910 fero
2864 4858 2930 4909 de
2983 4853 3210 4921 meipso,
3245 4865 3302 4906 et

1728 4954 2095 5009 testimonium
2119 4952 2223 5007 fert
2256 4953 2451 5020 deme,
2478 4953 2569 5021 qui
2600 4950 2749 5006 misit
2772 4961 2857 5003 me
2877 4946 3111 5000 Pater”.
3146 4962 3166 4994 ι
3190 4944 3304 4998 Cur

1727 5061 1857 5100 vero
1885 5044 2177 5100 verisimile
2226 5054 2365 5110 erat,
2413 5043 2556 5115 quod
2605 5041 2840 5108 seipsum
2908 5036 3300 5091 interfecturus

1726 5149 1872 5194 esset
1920 5148 2037 5207 post
2087 5147 2164 5193 tot
2197 5138 2361 5193 verba
2418 5144 2525 5190 tam
2558 5131 2844 5204 magnifice
2893 5146 2921 5183 a
2968 5144 3027 5184 se
3072 5130 3217 5185 hunc
3242 5129 3300 5185 in

1728 5226 1947 5282 modum
1998 5225 2143 5280 dicta
2174 5242 2187 5278 :
2216 5242 2240 5283 ,ι
2272 5223 2456 5292 Neque
2499 5236 2585 5276 me
2624 5220 2796 5284 scitis,
2848 5232 3028 5288 neque
3079 5218 3297 5274 Patrem

1727 5334 1904 5372 meum
1927 5336 1943 5385 ;
1969 5317 2014 5372 si
2049 5331 2132 5371 me
2169 5316 2404 5377 sciretis,
2439 5314 2604 5368 etiam
2639 5311 2854 5366 Patrem
2906 5326 3088 5365 meum
3129 5311 3302 5365 scire-

1726 5413 1793 5465 tis
1820 5410 1897 5463 ”?
1933 5427 1951 5460 ι
1989 5405 2257 5463 Credibile
2285 5406 2429 5459 enim
2454 5413 2538 5456 est
2567 5417 2684 5469 eos,
2729 5401 2951 5471 perinde
2988 5409 3155 5469 atque
3185 5400 3300 5451 base

1723 5503 1910 5566 verba,
1943 5499 2276 5554 intellexisse
2305 5496 2434 5549 illud
2468 5512 2479 5546 :
2522 5516 2539 5547 ‹
2575 5494 2691 5565 Ego
2740 5495 2897 5553 vado.
2933 5502 2988 5548 et
3039 5492 3299 5561 quaeretis

1724 5601 1834 5650 me,
1863 5595 1917 5640 et
1958 5586 2010 5638 in
2044 5595 2267 5653 peccato
2294 5592 2473 5639 vestro
2499 5582 2840 5649 moriemini;
2876 5596 2984 5651 quo
3009 5594 3107 5649 ego
3138 5579 3298 5648 vado,

2678 5695 2725 5728 “
2757 5695 2886 5748 ibid.
2920 5692 3010 5747 46.
3087 5693 3133 5725 ⁸⁸
3166 5691 3296 5744 ibid.

1903 5769 1945 5797 ’9
1977 5766 2128 5819 Joau.
2163 5780 2280 5827 rm,
2315 5766 2397 5819 l9.

1811 5879 1920 5951 (69)
1952 5878 2239 5934 Ferrarius
2274 5880 2484 5936 videtur
2507 5881 2699 5951 legisse
2727 5880 2841 5934 ἀλλ’
2870 5880 2902 5949 ἢ
2939 5880 3039 5949 οὑχ
3059 5880 3089 5933 ό
3118 5840 3292 5948 όχλος.
