3826 6534
486 420 591 476 539

484 560 548 595 eu
587 556 681 595 vos
725 553 828 592 non
864 538 1089 607 potestis
1133 537 1318 591 venire
1346 536 1392 569 “
1433 553 1446 591 :
1486 555 1504 588 ι
1545 535 1697 609 [(70)
1741 535 1831 590 cui
1883 534 2049 589 etiam

484 632 654 691 Iudzei
705 630 1102 701 responderunt
1142 644 1157 681 :
1214 644 1234 680 ι
1274 627 1533 697 Nunquid
1577 627 1869 682 interliciet
1913 626 2060 696 seip-

488 740 630 791 sum,
689 722 817 792 quia
861 720 1033 776 dicit:
1066 719 1186 786 Quo
1208 734 1308 791 ego
1352 721 1512 784 vado,
1558 733 1654 773 vos
1684 734 1792 772 non
1830 718 2059 786 potestis

495 814 718 870 venire?
747 810 799 884 ι]
837 810 1003 867 Valde
1024 810 1187 866 etiam
1209 810 1512 865 ostenditur
1536 817 1774 879 potestas
1800 808 1918 878 ejus
1946 816 2056 862 tum

489 907 545 962 in
579 919 645 960 eo
669 904 813 972 quod
851 903 1017 958 libera
1044 909 1312 971 potestate
1336 911 1391 955 et
1415 900 1697 955 voluntate
1720 899 1835 969 ipse
1860 898 2056 952 moria-

489 1008 578 1051 tur
605 996 794 1051 relieto
827 1007 1085 1061 corpore;
1121 1000 1233 1046 tum
1259 991 1423 1047 etiam
1452 992 1504 1045 in
1537 993 1640 1045 hoc
1673 991 1860 1044 dicto:
1890 1008 1908 1040 ι
1940 989 2052 1060 Ego

486 1089 653 1152 vado;
704 1095 812 1141 set
866 1082 1136 1147 fortassis,
1195 1082 1325 1151 quia
1384 1081 1569 1137 dixit:
1603 1100 1622 1132 ι
1677 1080 1788 1151 Ego
1840 1081 1999 1147 vado,
2032 1099 2051 1132 ι

488 1179 853 1249 subjungitur,
898 1193 918 1227 ι
969 1183 1026 1229 ει
1057 1174 1315 1242 (ιυαιτυιίε
1370 1189 1475 1227 me.
1512 1190 1530 1222 ι
1568 1169 1878 1226 Verisimile
1912 1171 2055 1224 enim

486 1282 573 1329 est
611 1287 704 1327 eos
748 1271 841 1339 qui
874 1267 949 1322 illi
978 1268 1052 1319 ita
1079 1279 1110 1319 e
1150 1266 1257 1317 vita
1306 1264 1563 1332 migranti
1604 1264 1850 1328 aderunt,
1880 1262 2056 1331 ipsum

489 1363 848 1435 quasituros:
880 1358 1081 1413 idcirco
1135 1364 1314 1409 autem
1360 1355 1504 1424 quod
1562 1355 1618 1408 in
1669 1355 1905 1423 peccatis
1944 1353 2058 1408 suis

490 1453 819 1517 moriantur,
858 1462 1034 1519 neque
1088 1455 1206 1516 post
1239 1445 1325 1499 illa
1379 1444 1558 1498 omnia
1604 1445 1810 1515 pudore
1843 1444 1913 1497 ita
1940 1442 2055 1499 suf-

489 1544 806 1606 fundantur,
866 1550 926 1595 ut
981 1553 1087 1593 non
1140 1537 1455 1592 dubitanter
1520 1537 1586 1591 de
1638 1538 1754 1606 ipso
1809 1535 1991 1591 dicant
2040 1556 2052 1590 :

494 1655 517 1691 ε
541 1634 787 1703 Nunquid
817 1630 1196 1687 interfecturus
1215 1629 1450 1697 seipsum
1470 1629 1591 1684 est?
1620 1647 1639 1680 ι
1666 1643 1774 1699 quo
1818 1630 1934 1696 ipse
1958 1644 2053 1683 Vn-

490 1726 588 1789 dit,
610 1740 703 1780 eos
722 1724 873 1779 abire
897 1739 1002 1778 non
1034 1736 1208 1791 posse.
1230 1720 1499 1775 Existimo
1520 1720 1688 1776 etiam
1724 1719 1866 1789 quod
1904 1720 2058 1774 mali-

492 1818 651 1887 gnius
693 1816 1035 1870 nominantes
1077 1813 1208 1869 illud
1246 1814 1387 1884 quod
1426 1822 1547 1867 erat
1585 1812 1636 1866 in
1666 1810 1958 1865 traditione
1990 1814 2057 1865 de

492 1918 669 1965 morte
690 1907 915 1973 Christi,
937 1907 1027 1975 qui
1047 1908 1111 1961 ad
1139 1923 1232 1961 eos
1260 1914 1505 1970 venerat,
1539 1915 1592 1958 et
1617 1918 1721 1957 non
1753 1902 2054 1974 glorifican-

495 2012 576 2057 tes
604 2014 727 2055 eum
758 2015 789 2054 e
827 1999 935 2053 vita
977 1999 1082 2052 isto
1117 1999 1276 2053 modo
1319 1996 1711 2057 discedentem,
1745 1994 1997 2049 dixerunt
2037 2011 2051 2047 :

496 2108 520 2144 ι
554 2090 802 2161 Nunquid
856 2089 1091 2159 seipsum
1149 2087 1536 2143 interfecturus
1586 2086 1704 2141 est?
1766 2102 1785 2137 ι
1833 2083 2057 2139 Licehat

492 2185 637 2241 enim
671 2183 919 2253 ambigue
941 2183 1144 2249 dicere,
1173 2183 1265 2236 sed
1316 2195 1438 2235 cum
1479 2192 1751 2234 consensu
1784 2176 1901 2245 ejus
1945 2176 2059 2243 gloo

494 2276 613 2339 ria,
640 2289 759 2344 qua:
778 2283 896 2328 erat
921 2287 1087 2343 penes
1136 2283 1364 2326 mortem
1391 2268 1529 2336 ejus,
1562 2279 1618 2323 et
1651 2268 1804 2337 quasi
1831 2268 1972 2322 hunc
2003 2267 2056 2321 in

494 2367 711 2424 modum
738 2366 919 2421 dicere
952 2383 965 2418 :
1005 2363 1256 2433 Nunquid
1300 2363 1484 2417 anima
1519 2361 1657 2431 ejus,
1698 2359 1917 2429 quando
1942 2358 2058 2429 ipse

495 2459 752 2525 voluerit,
776 2456 943 2513 exibit
970 2453 1229 2510 derelicto
1274 2467 1523 2523 corpore,
1557 2460 1610 2506 et
1640 2452 1780 2505 hanc
1825 2450 1895 2504 ob
1925 2463 2056 2502 rau-

493 2565 612 2607 sam
647 2549 862 2619 inquit:
893 2565 914 2600 ι
952 2547 1069 2614 Quo
1104 2561 1205 2617 ego
1235 2545 1398 2609 vado,
1439 2559 1503 2599 eo
1540 2557 1636 2597 vos
1679 2556 1785 2596 non
1836 2541 2057 2609 potestis

494 2643 718 2699 venire?
747 2659 767 2694 ο
798 2639 972 2695 Simul
997 2639 1181 2703 etiam,
1239 2637 1365 2706 quia
1401 2633 1757 2689 disseruimus
1785 2632 2057 2701 quomodo

491 2751 525 2791 e
554 2735 660 2789 vita
689 2731 1023 2794 discesserit,
1051 2728 1364 2784 observabis
1390 2725 1520 2779 illud
1557 2741 1571 2776 :
1611 2742 1630 2775 ι
1664 2723 1731 2778 Ει
1751 2723 2056 2778 ascendens

491 2825 651 2881 Iesus
678 2822 1092 2894 Jerosolymain,
1127 2818 1418 2887 assumpsit
1454 2816 1736 2871 duodecim
1787 2830 2052 2881 seorsum,

495 2926 549 2973 et
580 2918 633 2972 in
665 2915 750 2970 via
776 2915 912 2969 dixit
940 2913 1045 2967 illis
1069 2931 1080 2965 :
1112 2910 1248 2966 Ecce
1268 2909 1612 2963 ascendimus
1634 2905 2053 2977 Jerosolymam,

499 3017 555 3064 et
583 3007 752 3062 Filius
785 3004 1019 3061 hominis
1051 3004 1292 3057 tradetur
1319 2998 1657 3069 principibus
1685 2999 2054 3066 sacerdotum,

491 3108 549 3155 et
571 3098 800 3161 scribis,
834 3104 889 3151 et
915 3093 1351 3149 condenmabunt
1383 3106 1507 3146 eum
1551 3091 1733 3155 morti,
1768 3099 1825 3144 et
1869 3090 2053 3146 trade-

490 3196 582 3243 tur
616 3185 869 3257 gentibus
897 3180 1296 3250 conspuendus,
1344 3186 1399 3234 et
1439 3177 1814 3248 ﬂagellandus,
1849 3188 1905 3234 et
1929 3194 2056 3234 cru-

498 3277 818 3347 citlgendus,
850 3284 907 3328 et
936 3271 1094 3326 tertia
1124 3270 1212 3325 die
1242 3279 1486 3339 resurget
1508 3270 1575 3324 ⁸⁸.
1614 3287 1633 3321 ι
1670 3269 1827 3336 Quod
1859 3270 1903 3324 si
1931 3271 2054 3340 quis

498 3367 823 3436 respondeat
847 3363 976 3419 illud
1007 3380 1019 3414 :
1056 3381 1075 3413 ι
1108 3362 1191 3417 Ab
1218 3376 1283 3416 co
1306 3371 1546 3431 tempore
1578 3367 1743 3433 coepit
1768 3365 2054 3417 ostendere

490 3454 768 3522 discipulis
813 3453 947 3516 suis,
985 3454 1129 3520 quod
1174 3459 1453 3518 Oporteret
1494 3464 1617 3505 eum
1656 3448 2050 3520 Jerosolyinam

492 3545 787 3619 proficisci,
823 3554 878 3601 et
909 3544 1076 3599 multa
1106 3543 1214 3613 pati
1241 3558 1269 3595 a
1299 3543 1635 3613 principibus
1686 3542 2049 3607 sacerdotum,

491 3648 549 3694 et
574 3636 883 3701 Pliarisaais,
908 3644 963 3690 et
1008 3634 1221 3697 scribis,
1272 3642 1327 3686 et
1359 3633 1589 3687 interfici
1617 3632 1694 3698 “;
1731 3651 1751 3684 ι
1777 3641 1830 3687 et
1869 3633 1996 3686 illud
2035 3648 2046 3681 :

496 3747 517 3780 ι
557 3728 815 3782 Futurum
844 3735 927 3781 est
958 3734 1016 3779 ut
1037 3723 1205 3777 Filius
1242 3723 1481 3778 hominis
1513 3722 1671 3794 301
1710 3723 1955 3777 tradatur
1996 3726 2049 3776 in

489 3835 679 3877 manus
706 3820 1005 3883 hominum,
1029 3829 1085 3873 et
1112 3817 1363 3872 occident
1386 3831 1534 3880 eum,
1577 3827 1632 3873 et
1658 3816 1816 3871 tertia
1848 3817 1932 3871 die
1967 3829 2052 3870 re-

488 3922 672 3982 surget
701 3912 766 3977 “,
816 3930 834 3965 ι
880 3910 1028 3967 dices
1061 3910 1204 3980 quod
1243 3907 1633 3964 interfecerunt
1677 3923 1801 3963 eum
1846 3921 2042 3964 omnes

488 4006 768 4061 dicentes:
808 4022 826 4053 ι
866 4001 1156 4071 Crucifige,
1187 4000 1443 4071 crucifige
1466 4013 1591 4056 cum
1621 4000 1691 4064 “,
1733 4019 1753 4054 ι
1796 4010 1850 4056 et
1877 4001 1932 4057 hi
1954 4004 2050 4073 qui

487 4097 568 4149 rei
600 4095 817 4150 fuerunt
846 4094 1035 4147 mortis
1060 4092 1246 4157 ipsius,
1276 4091 1490 4145 etiamsi
1516 4105 1908 4161 praeoccupans
1941 4093 2049 4147 mi-

489 4186 610 4241 lites
632 4186 907 4239 venientes
944 4192 1000 4236 ut
1031 4182 1346 4252 frangerent
1382 4197 1546 4237 crura
1594 4181 1729 4251 ejus,
1780 4196 1903 4237 cum
1938 4183 2050 4239 cla-

488 4284 687 4330 masset
719 4288 851 4328 voce
883 4272 1080 4339 Valida,
1129 4273 1489 4342 exspiraverit
1512 4273 1578 4325 ".
1612 4271 1748 4328 Hinc
1792 4274 1959 4328 etiam
1988 4275 2050 4328 il-

490 4366 579 4420 lud
601 4363 888 4434 adiunges:
910 4381 928 4414 ι
948 4363 1137 4417 Omnis
1155 4351 1447 4416 inveniens
1463 4376 1547 4417 me
1575 4363 1788 4418 occidet
1807 4377 1893 4417 me
1911 4364 1993 4430 “;
2023 4385 2043 4416 ι

487 4465 543 4511 et
589 4455 715 4509 illud
749 4472 764 4510 :
799 4473 819 4507 ι
848 4452 1038 4509 Omnis
1066 4453 1158 4523 qui
1205 4452 1537 4508 interfecerit
1591 4453 1745 4521 Cain,
1797 4455 2048 4525 septuplo

486 4547 847 4602 vindicabitur
873 4545 952 4609 ‘7;
990 4562 1011 4596 ι
1043 4544 1312 4613 quomodo
1346 4544 1490 4598 enim
1536 4546 1716 4599 omnis
1765 4543 2048 4602 inveniens

485 4638 643 4704 Cain,
670 4638 884 4694 occidet
912 4652 1060 4701 eum,
1092 4637 1137 4689 si
1163 4649 1303 4690 unus
1328 4634 1711 4705 anticipaverit
1736 4635 2045 4691 interficere

485 4728 649 4786 eum?
695 4727 790 4782 Vel
841 4727 1110 4797 quomodo
1159 4724 1338 4780 omnis
1365 4725 1455 4793 qui
1508 4722 1847 4779 interfecerit
1891 4723 2048 4789 Cain,

482 4820 785 4892 septuplum
834 4818 1107 4889 punietur,
1157 4832 1279 4870 cum
1329 4815 1480 4869 multi
1528 4829 1634 4869 non
1668 4816 2049 4871 interfecerint

480 4913 641 4967 eum?
663 4925 788 4967 nam
812 4910 976 4966 veluti
1006 4908 1072 4963 de
1098 4907 1440 4962 multitudine
1459 4906 1600 4959 dicta
1618 4914 1698 4961 est
1726 4920 1826 4960 vox
1855 4908 2043 4960 omnis.

480 5004 751 5058 Fortassis
779 5005 945 5057 etiam
979 5001 1268 5056 humanius
1303 4997 1820 5052 cum'intellexisset
1855 4996 2048 5051 Petrus

479 5105 600 5161 quae
631 5093 776 5148 dicta
808 5103 935 5147 sunt
983 5106 1013 5143 a
1070 5088 1385 5154 Servatore,
1435 5090 1657 5157 inquit:
1703 5104 1722 5137 ι
1770 5086 2045 5155 Propitius

550 5209 595 5240 ⁸⁸
624 5209 756 5264 ibid.
782 5210 875 5270 21,
908 5210 997 5263 22.
1093 5210 1135 5242 ⁸¹
1166 5209 1354 5263 Matth.
1387 5224 1475 5272 xx,
1507 5209 1571 5274 17
1598 5222 1713 5277 seq.
1807 5209 1853 5238 "
1884 5206 2050 5261 Matth

477 5279 524 5311 ⁸³
549 5278 707 5335 Joan.
738 5295 848 5341 xix,
882 5280 971 5342 52,
1000 5280 1089 5334 53.
1164 5279 1209 5310 “
1236 5279 1369 5334 Gen.
1408 5294 1481 5343 iv,
1513 5278 1594 5332 M.
1672 5278 1715 5311 "
1745 5277 1874 5332 ibid.
1910 5278 1991 5332 15.

587 5372 676 5442 70)
698 5371 824 5427 Hac
849 5372 1210 5442 supplevimus
1233 5388 1264 5428 e
1301 5371 1579 5442 Periognio.

586 5439 676 5507 71)
714 5443 816 5496 Ἐν
834 5439 1129 5507 τῷῗῡεεει
1161 5443 1214 5495 in
1244 5443 1428 5496 codice
1453 5439 1641 5507 Regio.

562 5510 676 5582 (72)
708 5510 840 5578 Πῶς
857 5511 966 5582 τὸῖ
986 5512 1133 5582 ,βίον
1163 5510 1512 5582 ἐξελήλυθε.
1531 5510 1771 5582 Altatom.
1813 5527 1962 5582 xxxii
1994 5511 2050 5566 in

491 5578 676 5651 Jour»,
709 5597 857 5651 num.
890 5579 978 5643 15,
1010 5580 1118 5650 πρὸ
1142 5579 1235 5634 τοῦ
1272 5582 1457 5634 τοῦτον
1494 5578 1730 5646 ἐξελθεῖν
1776 5581 1866 5634 τὸν
1916 5581 2049 5651 βίον,

489 5647 966 5722 ἦν’έντῷ-κόλπῳ
1006 5647 1100 5702 τοῦ
1135 5650 1396 5722 Ἀϐραάμ.
1439 5653 1505 5722 Et
1560 5656 1612 5704 in
1652 5651 1852 5722 .eudetn
1908 5647 2052 5722 torno

489 5718 655 5790 paulo
692 5718 1149 5790 inferiusinum.
1176 5718 1281 5790 16;,
1328 5718 1393 5772 ὀὐ
1434 5719 1540 5789 γάρ
1597 5720 1753 5790 μόνον
1812 5721 1952 5774 κατὰ
1991 5721 2052 5772 τὸ

491 5784 852 5860 ἀπλούστερον
877 5787 1184 5860 agasone».
1206 5784 1370 5860 οἰκον.

559 5856 671 5932 (73)
690 5856 871 5916 Codex
903 5856 1251 5925 Bedleianus,
1268 5858 1361 5912 καὶ
1382 5856 1834 5927 παραδοθήσεται,
1865 5856 1919 5911 in
1942 5856 2051 5913 Bc-

1968 413 2295 472 ORIGENIS

3631 422 3732 477 560

2080 536 2184 605 Λή
2217 533 2431 599 ἐξουσία
2454 533 2619 588 αὑτοῦ
2650 538 2706 588 ὲν
2728 533 2806 605 τῷ
2838 535 2950 605 (71)
2994 536 3362 605 αὐτεξουσίως
3404 538 3567 593 αὐτὸν
3601 543 3730 593 ἀπο-

2159 626 2431 698 θνήσκειν,
2459 627 2827 681 καταλιπόντα
2855 626 2917 680 τὸ
2947 626 3126 700 σῶμα,
3156 630 3252 684 καὶ
3287 632 3345 685 έν
3376 630 3483 703 τῷο
3519 649 3538 682 ι
3592 632 3727 701 Ἐγὼ

2159 718 2378 787 ὑπάγωο
2416 738 2434 770 ι
2467 720 2560 773 καὶ
2575 720 2713 789 τάχα
2733 718 2822 772 διά
2843 720 2936 772 τὸο
2978 739 2996 773 ι
3041 722 3183 790 Ἐγὼ
3218 723 3434 792 ὑπάγω,
3475 744 3494 776 ι
3524 723 3585 778 τὸ
3612 727 3726 779 ἐπι-

2158 812 2454 882 φερόμενον
2495 812 2703 880 γίνεται
2731 813 2824 866 τό’
2868 832 2888 865 ‹
2935 813 3047 866 Καὶ
3075 811 3336 886 ζητήσετέ
3384 833 3473 887 με.
3516 836 3535 868 ι
3575 818 3727 881 Εἰκὸς

2157 900 2266 971 γὰρ
2293 902 2383 955 καὶ
2406 902 2532 964 τοὺς
2555 904 2966 975 παρατυχόντας
2995 903 3167 969 οὕτως
3202 905 3350 976 αὐτῷ
3387 907 3724 962 ἀπαλλασσο-

2162 994 2309 1064 μένῳ
2335 992 2426 1048 τοῦ
2452 993 2568 1063 βίου
2609 993 2789 1066 ζητεῖν
2824 997 2986 1051 αὐτόν
3004 1014 3017 1027 ·
3049 996 3138 1051 διὰ
3163 997 3220 1050 δὲ
3247 997 3309 1052 τὸ
3330 1000 3389 1051 ὲν
3411 1002 3533 1064 ταῖς
3556 1001 3726 1071 ἀμαρ-

2157 1085 2299 1149 τίαις
2326 1085 2506 1137 αὐτῶν
2544 1085 2908 1157 ἀποθνήσκειν
2934 1087 3149 1153 αὐτοὺς,
3193 1089 3326 1160 μηδὲ
3374 1090 3513 1160 μετά
3561 1087 3724 1145 ταῦτα

2158 1176 2333 1229 πάντα
2369 1175 2785 1247 δυσωπηθέντας
2807 1176 2945 1249 πρὸς
2965 1177 3026 1231 τό
3052 1177 3125 1249 μὴ
3153 1178 3517 1242 διστακτικῶς
3556 1183 3721 1234 εἰπεῖν

2159 1266 2286 1336 περὶ
2346 1265 2542 1319 αὐτοῦ’
2602 1285 2620 1317 ι
2674 1267 2819 1338 Μήτι
2885 1269 3175 1322 ἀποκτενεῖ
3232 1270 3455 1335 έαυτόν;
3518 1290 3536 1321 ι
3596 1272 3720 1324 ὅπου

2156 1357 2361 1421 ἄπεισι,
2397 1358 2469 1430 μὴ
2499 1358 2758 1413 δύνασθαι
2805 1360 3002 1424 αὐτοὺς
3025 1360 3303 1414 ἀπελθεῖν.
3353 1358 3522 1433 Οἶμαι
3553 1362 3596 1415 δ’
3623 1364 3718 1428 ὅτι,

2158 1450 2251 1503 καὶ
2280 1449 2710 1522 κακοηθέστερον
2756 1451 3113 1522 ὀνομάζοντες
3152 1453 3214 1506 τὸ
3246 1455 3387 1509 κατά
3413 1456 3512 1525 τὴν
3553 1457 3720 1527 παρά-

2156 1544 2301 1597 δοσιν
2329 1544 2456 1615 περὶ
2483 1543 2577 1596 τοῦ
2603 1543 2832 1597 θανάτου
2873 1543 2969 1596 τοῦ
3003 1545 3238 1615 Χριστοῦ
3269 1546 3349 1608 είς
3378 1546 3574 1609 αὐτοὺς
3600 1546 3719 1617 ἐλη-

2157 1633 2397 1699 λυθότος,
2447 1634 2541 1688 καὶ
2578 1633 2652 1705 μὴ
2696 1633 3009 1702 δοξάζοντες
3049 1633 3141 1687 τόν
3178 1635 3350 1699 οὕτως
3392 1637 3718 1690 ἀπαλλαττό·

2160 1741 2320 1795 μενον
2350 1724 2442 1777 τοῦ
2482 1723 2617 1793 βίου,
2649 1724 2901 1796 εἰρήκασι
2932 1724 2992 1777 τό
3012 1742 3025 1755 ’
3057 1744 3075 1777 ι
3106 1727 3250 1798 Μήτι
3273 1726 3566 1781 ἀποκτενεῖ
3599 1729 3717 1782 ἑαυο

2156 1815 2282 1879 τόν;
2324 1833 2342 1866 ι
2390 1815 2544 1885 Ἐνῆν
2574 1816 2682 1886 γάρ
2709 1814 3069 1879 διστακτικῶς
3111 1816 3211 1887 μὲν
3248 1818 3444 1879 εἰπεῖν,
3478 1821 3592 1888 μετ’
3623 1821 3717 1890 ἐμ-

2157 1907 2373 1976 φάσεως
2409 1906 2465 1960 δὲ
2506 1906 2605 1977 τῆς
2647 1908 2799 1977 παρά
2832 1906 2912 1979 τῷ
2958 1907 3173 1980 θανάτῳ
3212 1908 3369 1981 δόξης
3412 1910 3597 1974 αὐτοῦ,
3631 1912 3718 1963 καὶ

2156 1999 2318 2051 οἰονεὶ
2344 1996 2516 2061 οὕτως
2544 2000 2715 2051 εἰπεῖν
2738 2017 2750 2028 ·
2790 1999 2921 2070 μήτι
2959 1999 2993 2069 ή
3021 1997 3166 2069 ψυχὴ
3211 1998 3400 2064 αὑτοῦ,
3442 2000 3531 2052 ὅτε
3566 2001 3718 2064 αὐτὸς

2159 2087 2424 2157 βούλεται,
2460 2087 2795 2154 ἐξελεύσεται
2825 2088 3277 2158 καταλειφθέντος
3316 2090 3412 2143 τοῦ
3457 2091 3716 2162 σώματος,

2087 1879 2129 1934 Β

2157 2176 2250 2228 καὶ
2279 2176 2367 2229 διὰ
2404 2175 2559 2229 τοῦτὸ
2586 2193 2717 2247 φησι
2749 2178 2840 2230 τόο
2888 2197 2907 2229 ι
2945 2179 3116 2231 Ὅπου
3160 2177 3270 2247 ἐγὼ
3313 2181 3533 2248 ὑπάγω,
3571 2183 3720 2252 ὑμεῖς

2156 2266 2218 2319 ού
2245 2265 2474 2320 δύνασθε
2501 2266 2707 2333 έλθεῖν;
2752 2257 2958 2339 ι”Ᾱμα
2978 2267 3033 2322 δὲ
3061 2269 3155 2322 καὶ
3195 2277 3608 2343 παρατηρήσεις
3639 2272 3719 2324 διὰ

2154 2356 2224 2410 τά
2258 2357 2522 2428 εἰρημένα
2561 2360 2690 2429 ἡμῖν
2734 2358 2862 2427 περὶ
2906 2358 3033 2419 τοῦ,
3083 2359 3201 2423 πῶς
3243 2359 3337 2412 τὸν
3382 2360 3498 2430 βίον
3542 2360 3717 2432 ἐξελή-

2157 2446 2285 2499 λυθε
2320 2447 2454 2517 (72),
2492 2447 2587 2500 τό*
2627 2466 2645 2498 ι
2693 2449 2803 2501 Καὶ
2840 2448 3144 2504 ἀναϐαίνων
3185 2451 3265 2512 εἰς
3315 2449 3659 2520 Ἱεροσόλυμα
3692 2454 3718 2504 6

2169 2535 2373 2607 Ἰησοῦς
2392 2536 2661 2607 ⁴τιεαριελαῦε
2690 2537 2815 2601 τοὺς
2847 2536 3049 2591 δώδεκα
3084 2539 3201 2592 κατ’
3247 2538 3403 2602 ἰδίαν,
3453 2541 3546 2593 καὶ
3575 2543 3629 2591 ἐν
3653 2544 3712 2609 τῇ

2155 2628 2257 2699 ὀδῷ
2276 2624 2425 2682 εἶπεν
2455 2630 2656 2692 αὐτοῖς·
2692 2629 2820 2682 Ἰδοὺ
2852 2629 3206 2699 ἀναϐαίνομεν
3235 2631 3316 2693 εἰς
3357 2630 3715 2701 Ἱεροσόλυμα,

2158 2720 2252 2774 καὶ
2275 2721 2304 2771 6
2333 2719 2460 2781 Υἱός
2484 2718 2576 2772 τοῦ
2610 2718 2894 2791 ἀνθρώπου
2924 2706 3361 2792 παραδοθήσεται
3391 2724 3503 2785 τοῖς
3541 2723 3718 2792 ἀρχιε-

2159 2809 2330 2881 ρεῦσι,
2376 2811 2470 2863 καὶ
2502 2809 2908 2881 γραμματεῦσι,
2957 2810 3050 2862 καὶ
3091 2810 3515 2883 κατακρινοῦσιν
3563 2812 3717 2864 αὐτὸν

2158 2903 2388 2973 θανάτῳ,
2423 2903 2517 2956 καὶ⁸
2554 2901 2983 2973 παραδοθήσεται
3013 2903 3121 2973 (75)
3163 2907 3275 2968 τοῖς
3320 2903 3525 2957 ἔθνεσιν
3561 2905 3637 2968 εἰς
3664 2905 3718 2957 τὸ

2159 2994 2443 3065 ἐμπαῖξαι,
2488 2993 2579 3047 καὶ
2612 2992 2974 3064 μαστιγῶσαι,
3025 2994 3119 3047 καὶ
3168 2994 3503 3063 σταυρῶσαι,
3535 2996 3628 3047 καὶ
3655 2997 3713 3065 τῇ

2157 3082 2312 3153 τρίτῃ
2362 3082 2544 3153 ἡμέρα
2591 3079 2965 3152 ἐγερθήσεται.
3016 3099 3033 3131 ι
3099 3080 3223 3134 Ἐάν
3272 3082 3330 3134 δέ
3374 3099 3458 3144 τις
3493 3082 3715 3135 ἀνθυπο-

2159 3173 2395 3245 φέρῃτό·
2432 3191 2451 3223 ι
2498 3171 2629 3225 Ἀπὸ
2654 3172 2771 3225 τότε
2792 3169 2991 3243 ήρξατο
3022 3170 3288 3224 δεικνύειν
3315 3174 3428 3235 τοῖς
3458 3173 3715 3243 μαθηταῖς

2161 3264 2376 3325 ἑαυτοῦ,
2401 3265 2482 3316 ὅτι
2518 3263 2599 3315 δεῖ
2632 3262 2790 3317 αὑτὸν
2821 3264 2900 3327 είς
2948 3263 3296 3334 Ἰεροσόλυμα
3332 3264 3593 3327 ἀνελθεῖν,
3633 3264 3715 3316 καί
3756 3280 3759 3285 ‘

2161 3356 2329 3410 πολλά
2357 3356 2546 3409 παθεῖν
2585 3353 2693 3408 ἀπὸ
2729 3354 2836 3407 τῶν
2880 3355 3199 3427 ἀρχιερέων,
3252 3357 3347 3410 καὶ
3392 3357 3709 3428 Φαρισαίων,

2159 3449 2253 3502 καὶ
2297 3445 2690 3518 γραμματέων,
2764 3446 2859 3499 καὶ
2915 3447 3347 3517 ἀποκτανθῆναν
3415 3468 3433 3497 ι
3481 3449 3573 3502 καὶ
3627 3449 3712 3501 τὸυ

2164 3560 2183 3592 ι
2223 3538 2422 3596 Μέλλει
2468 3540 2497 3591 6
2542 3537 2669 3601 Υἱὸς
2718 3536 2811 3590 τοῦ
2872 3536 3161 3608 ἀνθρώπου
3215 3538 3599 3609 παραδίδοσθαι
3642 3541 3715 3601 εἰς

2159 3633 2345 3703 χεῖρας
2386 3627 2708 3699 ἀνθρώπων,
2742 3630 2837 3682 καὶ⁸
2869 3628 3258 3685 ἀποκτενοῦσιν
3303 3630 3485 3695 αὑτὸν,
3535 3633 3626 3684 καὶ
3650 3633 3709 3700 τῇ

2156 3722 2314 3795 τρίτῃ
2355 3721 2540 3793 ἡμέρᾳ
2587 3718 2964 3791 ἐγερθήσεται,
3001 3738 3018 3769 ι
3056 3721 3221 3789 ὲρεῖς,
3273 3722 3355 3773 ὃτι
3400 3722 3712 3774 ἀπέκτειναν

2158 3813 2319 3868 αὐτὸν
2353 3814 2405 3867 οἱ
2438 3812 2685 3881 λέγοντες
2708 3813 2937 3874 πάντες⁸
2983 3828 3003 3862 t
3043 3811 3305 3883 Σταύρου,
3354 3813 3583 3885 σταύρου
3623 3815 3713 3867 αὐτ

2156 3904 2267 3969 τὸν,
2304 3923 2322 3957 ι
2356 3904 2449 3957 καὶ
2474 3905 2521 3956 οἰ
2544 3903 2822 3973 γενόμενοι
2856 3901 3031 3973 ἔνοχοι
3058 3902 3151 3955 τοῦ
3188 3903 3418 3956 θανάτου
3446 3904 3638 3957 αὑτοῦ·
3667 3906 3710 3956 εἰ
3764 3906 3767 3973 ί

2158 3997 2272 4059 καὶ,
2314 3994 2598 4067 προλαϐὼν
2633 3994 2759 4057 τοὺς
2802 3993 3135 4064 στρατιώτας
3175 3996 3498 4066 ἐρχομένους
3529 3997 3621 4048 ἐπὶ
3657 3996 3712 4048 τὸ

2157 4087 2355 4158 πλῆξαι
2392 4087 2460 4140 τὰ
2490 4086 2653 4155 σκέλη
2680 4085 2868 4148 αὑτοῦ,
2918 4085 3124 4155 κράξας
3152 4086 3261 4155 (ῃ)
3296 4090 3443 4157 φωνῇ
3487 4088 3709 4159 μεγάλῃ,

2156 4180 2463 4246 ἐξέπνευσε.
2496 4177 2838 4250 Παραθήσεις
2859 4177 2915 4230 δὲ
2944 4179 3022 4239 εἰς
3046 4177 3203 4231 τοῦτο
3238 4179 3300 4231 τό
3320 4196 3331 4207 ·
3370 4198 3387 4229 ι
3430 4180 3540 4242 Πᾶς
3568 4183 3595 4232 ὁ
3626 4181 3711 4231 5-3-

2157 4268 2359 4341 ρίσκων
2390 4285 2456 4339 με
2497 4269 2785 4323 ἀποκτενεῖ
2832 4284 2920 4337 με,
2966 4286 2985 4318 ι
3026 4268 3118 4321 καὶ
3159 4269 3236 4320 τό·
3283 4288 3301 4319 ι
3348 4270 3457 4334 Πᾶς
3509 4273 3536 4323 6
3580 4272 3708 4323 ἀποά

2083 3231 2127 3289 ϐ

3748 4086 3761 4414 /

3734 4414 3753 4832 1

3684 4832 3710 4865 ν

3679 4832 3742 5108 :J

3676 5108 3733 5406 η

3692 5406 3726 5551 ί

3572 5551 3679 5583 “'“i

3575 5551 3722 6481 λγ

2156 4362 2369 4425 κτείνας
2406 4361 2543 4414 Κάῖν
2589 4361 2726 4414 ὲπτά
2772 4359 3128 4430 ὲκδικούμενα
3162 4361 3481 4431 παραλύσει.
3534 4382 3554 4414 ι
3595 4363 3709 4425 Πῶς

2153 4451 2262 4523 γὰρ
2291 4452 2398 4513 πᾶς
2420 4453 2448 4504 6
2478 4450 2743 4521 εὑρίσκων
2776 4450 2865 4503 τὸν
2899 4452 3035 4503 Κάῖν
3068 4452 3357 4505 ἀποκτενεῖ
3390 4453 3567 4515 αὑτὸν,
3600 4455 3708 4515 ἐνὸς

2154 4542 2570 4605 ἀποκτείναντος
2608 4542 2673 4595 ἂν
2718 4542 2883 4596 αὑτὸν
2918 4541 3013 4594 τοῦ
3062 4542 3482 4614 προειληφότος;
3528 4546 3563 4616 ἢ
3601 4547 3708 4609 πῶς

2155 4636 2262 4697 πᾶς
2283 4634 2394 4705 (75)
2413 4636 2443 4686 6
2462 4633 2788 4696 ἀποκτείνας
2814 4633 2952 4686 Κάῖν
2977 4633 3114 4688 ὲπτά
3166 4634 3517 4704 ἑκδικούμενα
3548 4655 3710 4707 παρα-

2154 4724 2323 4787 λύσει,
2354 4724 2453 4776 οὐκ
2482 4723 2547 4776 ἂν
2569 4721 2777 4776 πολλῶν
2808 4722 3245 4776 ἀποκτεινάντων
3279 4724 3469 4789 αὺτὸνς
3496 4725 3572 4788 ὠς
3603 4726 3705 4795 γὰρ

2156 4814 2283 4887 περὶ
2326 4813 2561 4883 πλήθους
2594 4811 2804 4884 εἴρηται
2834 4811 2923 4865 τό·
2965 4811 3102 4878 πᾶς.
3141 4813 3294 4883 Τάχα
3340 4813 3398 4867 δὲ
3427 4815 3517 4867 καὶ
3557 4815 3587 4865 6
3620 4816 3710 4885 μὲν

2153 4908 2377 4977 Πέτρος,
2418 4904 2904 4978 ἀνθρωπικώτερον
2941 4903 3184 4958 ἐκλαϐὼν
3218 4905 3288 4959 τά
3320 4907 3577 4978 εἰρημένα
3614 4905 3723 4959 ὑπό-

2153 4999 2247 5053 τοῦ
2277 4984 2547 5069 Σωτῆρος,
2607 4998 2799 5070 φησίν·
2852 5016 2871 5048 ι
2922 4996 3107 5060 Ἵλεώς
3151 5013 3257 5062 σοι,
3303 5000 3493 5071 Κύριε,
3541 5000 3604 5052 οὐ
3641 4999 3693 5069 μί

2155 5088 2307 5142 ἔσται
2349 5106 2429 5143 σοι
2459 5089 2647 5142 τοῦτο’
2686 5109 2704 5140 ›
2747 5091 2776 5143 6
2812 5086 2868 5143 δὲ
2911 5088 3100 5159 Σωτὴρ
3132 5088 3403 5159 ἐπιτιμῶν
3444 5089 3611 5160 αύτῷ,
3642 5089 3711 5153 ὡς

2430 5208 2478 5240 ⁸³
2515 5208 2702 5265 Matth.
2736 5227 2869 5279 xvu,
2902 5212 2989 5277 2f,
3018 5213 3109 5268 22.
3205 5211 3252 5244 δ’
3285 5211 3413 5266 Luc.
3448 5224 3613 5271 xxiu,
3639 5206 3672 5260 2

2083 4577 2127 4634 Ι)

2059 5246 2072 5259 .
2107 5223 2217 5274 xwt,
2247 5210 2340 5266 21.

2165 5376 2255 5443 gio
2287 5374 2443 5429 deest
2466 5375 2579 5427 καί.

2226 5444 2348 5515 ⁸(74)
2376 5445 2508 5515 (Sed.
2539 5442 2839 5515 Bodleian._.
2867 5443 2959 5497 ἐπὶ
2988 5443 3048 5498 τὺ
3079 5444 3279 5515 πλῆξαι
3316 5447 3384 5500 τά
3419 5444 3583 5515 σκέλη
3608 5444 3685 5515 ,αὖ

2155 5513 2291 5586 τοῦ,
2326 5513 2562 5585 κράξας,
2607 5525 2714 5570 etc.
2769 5513 2998 5585 Regius,
3060 5513 3356 5586 ἐπιπλῆξαι
3403 5514 3471 5568 τά
3519 5513 3679 5583 σκέλη

2153 5584 2546 5725 “ﬁgimus
2576 5652 2969 5725 Bodleianusﬁl
3002 5655 3118 5719 πῶς
3144 5657 3271 5720 πᾶς,
3293 5655 3507 5725 Regius,
3530 5652 3564 5725 ἢ
3586 5652 3635 5703 ἐς

2154 5723 2285 5785 πᾶς.
2311 5722 2477 5796 Panic
2508 5724 2704 5796 postin
2739 5722 2906 5794 Regio
2940 5722 3225 5795 perperam
3276 5722 3468 5796 legitur

2159 5808 2296 5861 μενα
2328 5807 2427 5863 pro
2451 5791 2827 5863 ὲκδικούμενα.
