3826 6520
159 423 247 477 561

1205 394 1564 477 COMMENT.
1606 419 1672 476 IN
1711 417 1907 476 JOAN.
1946 418 2182 476 TOMUS
2220 419 2362 476 XIX.

3281 423 3395 481 εστ

160 540 410 613 μὴκαλῶς
441 539 756 612 ὲξειληφότι
783 539 846 595 τὸ
876 539 1183 613 εἰρημένον,
1212 540 1375 610 φησίν
1395 558 1407 570 ·
1450 560 1469 594 ι
1499 541 1701 610 Ὕπαγε

1820 546 1936 593 esto
1967 539 2085 601 tibi,
2120 538 2366 605 Domine,
2403 537 2504 591 hoc
2557 551 2665 591 non
2718 538 2821 592 erit
2887 536 2983 593 tibi
3005 539 3082 605 M';
3125 557 3144 590 ι
3180 547 3236 593 a-t
3266 554 3394 595 vero

155 635 313 686 ὀπίσω
357 650 477 703 μου,
513 634 762 698 Σατανᾶ,
795 632 1088 687 σκάνδαλον
1130 649 1231 704 μου
1270 628 1341 698 εἷ,
1372 633 1454 687 ὅτι
1498 635 1558 688 οὐ
1596 651 1701 705 φρο

1823 631 2079 685 Servator
2112 631 2399 699 increpans
2421 643 2575 705 eum,
2604 629 2762 697 quasi
2794 644 2901 683 non
2929 630 3063 685 bene
3107 630 3390 685 intellexe-

152 728 249 787 νεῖς
282 723 346 778 τά
374 723 467 777 τοῦ
518 723 683 789 Θεοῦ,
716 724 855 779 ἀλλὰ
894 723 963 778 τὰ
992 722 1099 777 τῶν
1128 722 1448 796 ἀνθρώπων.
1492 744 1509 776 ι
1561 724 1720 778 Ἀλλά

156 819 241 870 καὶ
259 817 401 887 παρὰ
419 815 500 888 τῷ
520 816 724 888 Παύλῳ
753 816 1066 888 λεγόμενοψ
1095 836 1114 868 ι
1157 815 1380 871 Ἑαυτὸν
1407 817 1719 888 παρέδωκεν

152 910 278 979 ὑπὲρ
316 906 470 979 ἡμῶν
519 906 715 961 θυσίαν
761 907 841 979 τῷ
891 907 1028 978 Θεῷ,
1078 927 1096 959 ι
1143 909 1244 977 ὅρα
1278 908 1326 961 εί
1363 909 1436 980 μὴ
1479 908 1719 962 τοιοῦτόν

150 1003 299 1053 ἐστιν.
324 998 510 1062 Οὕτως
538 998 674 1068 γοῦν
697 999 878 1070 μόνως
907 998 1109 1071 δυνήσῃ
1139 998 1310 1052 σῶσαι
1334 1000 1496 1054 αὐτὸν
1528 1003 1609 1063 είς
1626 999 1718 1054 τὸν

147 1089 300 1143 αἰῶνα
332 1089 594 1161 ἀρχιερέα
619 1089 764 1142 κατά
804 1088 900 1159 τὴν
930 1087 1084 1154 τάξιν
1120 1086 1472 1159 Μελχισεδὲκ,
1504 1088 1596 1142 καὶ
1626 1088 1717 1142 τὸν

161 1182 335 1252 ’Δμνὺν
385 1180 477 1233 τοῦ
529 1180 669 1234 Θεοῦ
716 1180 813 1233 τὸν
864 1181 1085 1251 αἴροντα
1143 1179 1241 1249 τὴν
1295 1179 1569 1250 ἁμαρτίαν
1619 1177 1715 1233 τοῦ

146 1272 354 1340 κόσμου,
398 1271 850 1343 προσφερόμενον
901 1270 1090 1323 θυσίαν
1133 1269 1210 1341 τῷ
1258 1270 1410 1342 Θεῷ,
1459 1271 1558 1340 οὐχ
1609 1269 1715 1323 ὑπὸ

148 1359 362 1423 ἀσεϐῶν,
406 1360 523 1413 ἀλλ’
569 1361 679 1413 ὑπὸ
721 1360 1025 1431 ἀρχιερέων
1087 1359 1325 1414 εὐσεϐῶν
1365 1360 1496 1432 (76).
1531 1359 1715 1414 Ταῦτα

150 1450 237 1518 μὲν
256 1446 345 1504 οὖν
371 1452 554 1520 ἡμεῖς,
584 1450 731 1504 κατὰ
754 1450 983 1520 δύναμιν
1012 1450 1391 1520 βασανίζοντες
1420 1452 1480 1504 τὸ
1519 1451 1711 1524 βούλη-

149 1560 213 1612 μα
248 1541 352 1595 τῶν
391 1542 666 1611 λεγόντων
690 1543 754 1595 τό
777 1559 791 1574 ο
836 1562 854 1594 ι
891 1544 1036 1613 Μήτι
1067 1545 1356 1596 ἀποκτενεῖ
1385 1543 1497 1609 (77)
1528 1543 1710 1609 αὑτὸν,

144 1636 214 1687 δτι
233 1634 375 1702 λέγει
398 1651 411 1665 ·
450 1636 633 1687 Ὅπου
664 1633 779 1703 ἐγὼ
817 1636 1030 1703 ὑπάγω,
1072 1636 1231 1705 ὑμεῖς
1268 1634 1328 1687 οὐ
1364 1635 1591 1688 δύνασθε
1628 1634 1714 1686 ἐλ-

146 1724 263 1789 θεῖν,
299 1744 318 1774 ι
355 1726 493 1794 μετά
524 1725 589 1777 τὸ
614 1725 912 1794 ἀκηκοέναι
941 1726 1270 1795 τηλικούτων
1307 1725 1416 1777 τῶν
1456 1742 1715 1796 προειρη-

149 1817 304 1885 μένων
333 1816 435 1869 ὑπὸ
454 1815 553 1869 τοῦ
585 1816 765 1887 Ἰησοῦ
793 1816 985 1885 λόγων,
1022 1816 1416 1887 ὲκδεδώκαμεν.
1451 1817 1612 1880 Εἰκὸς
1649 1816 1710 1871 δέ

1819 723 1892 777 rit
1924 726 2068 793 quod
2105 724 2308 777 dictum
2336 721 2537 788 fuerat,
2573 721 2790 790 inquit:
2822 739 2842 774 ι
2885 718 3036 777 Vade
3083 731 3231 777 retro
3284 739 3391 788 me,

1819 816 2048 879 Salaria,
2078 811 2396 869 scandalum
2423 811 2555 865 mihi
2582 826 2661 876 es,
2688 812 2945 879 quoniam
2973 827 3078 867 non
3108 813 3254 882 sapis
3273 830 3392 881 quae

1817 907 1912 961 Dei
1942 912 2090 971 sunt,
2138 903 2231 957 sed
2263 916 2386 971 qua:
2432 910 2558 955 sunt
2611 900 2889 955 hominum
2922 901 2989 956 ".
3026 919 3046 952 ι
3075 901 3207 957 Vide
3263 918 3392 957 vero

1817 1011 1992 1052 annon
2025 995 2188 1047 etiam
2210 993 2356 1063 quod
2388 992 2529 1060 apud
2554 990 2785 1045 Paulum
2816 991 3018 1047 dicitur
3043 992 3091 1025 "
3120 1009 3136 1048 :
3172 1010 3192 1045 ι
3234 993 3387 1062 Seip-

1817 1103 1934 1141 snm
1965 1085 2188 1140 tradidit
2219 1096 2316 1151 pro
2350 1082 2504 1137 nobis
2534 1081 2767 1135 hostiam
2799 1081 2929 1149 Deo,
2968 1101 2987 1135 ι
3021 1082 3092 1138 sit
3122 1082 3247 1138 tale.
3295 1084 3389 1138 Sic

1817 1177 1983 1248 igitur
2011 1175 2182 1229 solum
2209 1186 2434 1228 servare
2478 1172 2685 1242 poteris
2730 1187 2999 1227 summum
3045 1177 3386 1229 sacerdotem

1816 1268 1871 1322 in
1904 1265 2160 1321 saeculum
2197 1265 2495 1321 secundum
2524 1263 2772 1318 ordinem
2807 1263 3202 1320 Melchisedech
3230 1267 3300 1329 ",
3333 1275 3388 1320 et

1814 1359 2027 1428 Agnum
2057 1357 2151 1411 Dei
2182 1356 2460 1412 tollentem
2489 1363 2775 1423 peccatum
2807 1354 2991 1410 mundi
3026 1356 3092 1419 ",
3144 1355 3382 1411 oblatum

1818 1449 2046 1504 hostiam
2077 1448 2211 1512 Deo,
2241 1463 2347 1502 non
2379 1447 2446 1501 ab
2483 1444 2685 1515 impiis,
2710 1447 2803 1501 sed
2839 1461 2867 1500 a
2887 1446 2990 1517 piis
3015 1447 3380 1516 pontiﬁcibus.

1815 1540 1940 1595 llaec
1972 1541 2190 1610 quidem
2223 1554 2323 1594 nos
2356 1537 2679 1592 tradidimus
2721 1552 2818 1605 pro
2846 1538 3054 1593 viribus
3097 1537 3376 1607 exploran-

1816 1642 1895 1687 tes
1921 1632 2252 1707 propositum
2287 1631 2582 1686 dicentium
2613 1645 2627 1682 :
2665 1647 2684 1680 ι
2714 1627 2967 1696 Nunquid
2996 1628 3381 1683 interfecturus

1812 1730 1898 1776 est
1930 1721 2186 1789 seipsum,
2225 1718 2349 1788 quia
2388 1718 2521 1772 dicit
2553 1732 2567 1769 :
2599 1716 2716 1782 Quo
2740 1731 2841 1787 ego
2865 1718 3024 1781 vado,
3050 1733 3114 1772 eo
3142 1733 3240 1772 vos
3272 1734 3378 1772 non

1812 1814 2044 1882 potestis
2105 1813 2293 1866 venire
2327 1809 2416 1863 ”:
2455 1827 2475 1861 ι
2505 1819 2790 1879 postquam
2850 1808 3188 1864 audivissent.
3246 1811 3380 1866 tales

141 1923 275 1969 τινας
317 1909 768 1979 προσκόπτοντας
824 1909 899 1972 ὡς
958 1908 1286 1979 βεϐιασμένῃ
1332 1911 1396 1979 τῇ
1443 1909 1701 1980 ἑρμηνείᾳ

1814 1912 2101 1970 tantosque
2153 1915 2438 1957 sermones
2465 1914 2602 1970 quos
2652 1900 2903 1969 superius
2941 1901 3153 1955 dixerat
3200 1899 3376 1961 Jesns.

140 1997 325 2051 οίεσθαι
362 1999 741 2071 ἁπλούστερον
800 2000 994 2063 αὐτοὺς
1036 1999 1315 2070 είρηκέναι
1355 2000 1445 2052 τό⁸
1494 2018 1511 2050 ι
1563 2000 1709 2070 Μήτι

141 2090 405 2142 ἀποκτενεῖ
427 2090 646 2153 ἑαυτὸν,
687 2112 704 2142 ι
731 2091 810 2154 ὡς
834 2090 925 2144 τοῦ
955 2091 1052 2160 μὲν
1087 2089 1260 2161 Ἰησοῦ
1287 2091 1707 2155 ἀποκτενοῦντος

141 2179 329 2244 ἑαυτὸν,
356 2180 447 2234 καὶ
478 2182 747 2251 ἐσομένου
773 2183 831 2233 ἐν
862 2181 1013 2253 χώρᾳ
1032 2179 1139 2238 τῶν
1179 2182 1404 2244 ἑαυτοὺς
1443 2181 1705 2253 διαχειρι-

143 2272 387 2340 σαμένων,
445 2273 545 2324 καὶ
582 2272 1069 2344 κολασθησομένων
1130 2272 1223 2325 ἐπὶ
1265 2272 1456 2343 τούτῳ,
1506 2271 1615 2324 τῶν
1651 2271 1706 2325 δὲ

152 2363 394 2416 Ἰουδαίων
429 2365 589 2435 παρὰ
636 2365 755 2434 (78)
798 2364 955 2416 τοῦτο
997 2362 1058 2416 οὐ
1100 2363 1412 2434 δυναμένων
1462 2365 1578 2417 ἐκεῖ
1616 2380 1707 2431 γε-

139 2454 319 2517 νέσθαι,
343 2456 495 2528 παρά
515 2457 579 2509 τὸ
612 2455 689 2527 μὴ
715 2455 794 2526 τῷ
818 2454 961 2526 αὐτῷ
994 2454 1211 2525 ἐνόχους
1236 2455 1430 2519 αὐτοὺς
1462 2454 1705 2522 γίνεσθαι

139 2547 249 2617 περὶ
283 2548 490 2601 ἑαυτῶν
525 2549 909 2619 ἁμαρτήματι.
957 2547 1115 2599 Ἀλλά
1160 2548 1256 2601 καὶ
1290 2548 1442 2600 αὐτοὶ
1485 2549 1707 2619 ἐπιστη-

139 2639 362 2691 σάτωσαν
395 2640 445 2691 εί
486 2637 749 2692 δύνανται
789 2638 838 2689 οἱ
884 2637 1122 2691 Ἰουδαῖοι
1161 2638 1578 2708 ὑπονενοτ,κέναι
1614 2638 1704 2691 τὸν

147 2727 328 2796 Ἰησοῦν
367 2728 552 2782 ταῦτα
588 2727 877 2798 είρηκὲναι
910 2728 1097 2781 ἑαυτὸν
1142 2728 1586 2792 καταδικάζοντα,
1628 2727 1703 2792 ὡς

135 2819 552 2890 ἀπελευσόμενον
600 2821 685 2883 είς
726 2821 891 2873 τόπον
932 2821 1223 2883 κολάσεως,
1275 2819 1402 2873 ἔνθα
1445 2820 1545 2872 οὐκ
1583 2818 1702 2871 ἐδύ-

133 2924 272 2959 ναντο
310 2908 595 2977 γενέσθαι,
635 2910 761 2962 δσον
814 2909 905 2961 ἐπὶ
948 2911 1012 2979 τῇ
1065 2907 1257 2977 ὲκδοχῇ
1310 2905 1502 2976 ταύτῃ,
1545 2905 1703 2958 οἱονεὶ

138 3002 421 3068 κρείττονος
469 3000 592 3072 (79)
657 3000 825 3054 αὐτοῦ
845 3017 858 3030 ο
909 3000 940 3071 ἢ
980 3000 1267 3054 ἀκόλουθον
1310 2999 1461 3052 ἔσται
1502 2996 1698 3065 λέγειν,

130 3090 219 3153 ὅτι,
241 3090 389 3164 εἴπερ
414 3092 581 3146 τοῦτο
602 3092 746 3146 νοῶν
789 3091 1019 3161 ἔφασκεν
1051 3095 1079 3146 ὁ
1118 3091 1344 3162 Ἰησοῦς,
1380 3091 1474 3145 καὶ
1514 3088 1699 3159 βουλό-

135 3197 272 3247 μενος
288 3184 483 3236 ἑαυτὸν
513 3185 867 3246 ἀποκτεῖναι,
898 3186 1141 3254 κρεῖττον
1171 3180 1383 3251 ἐνόμιζε
1410 3180 1471 3233 τὸ
1508 3179 1696 3233 ἑαυτὸν

130 3274 343 3345 ἀναιρεῖν
361 3274 459 3327 τοῦ
495 3275 575 3345 μὴ
598 3272 766 3327 τοῦτο
802 3277 992 3327 ποιεῖν.
1021 3274 1129 3331 Καὶ
1151 3276 1180 3326 ὁ
1218 3272 1531 3343 Ἡρακλέων
1571 3271 1698 3342 μέν-

128 3382 255 3433 τοιγε
279 3366 351 3429 ὡς
374 3365 764 3436 ἁπλούστερον
780 3365 899 3436 είρη
908 3365 1065 3435 μένου
1085 3363 1179 3417 τοῦ
1195 3381 1208 3393 ·
1244 3383 1261 3414 ι
1292 3365 1433 3433 Μήτι
1463 3365 1695 3416 ἀποκτε-

130 3462 199 3509 νεῖ
226 3459 432 3521 ἑαυτὸν,
473 3478 491 3509 ι
535 3458 735 3527 φησιν,
770 3457 852 3509 ὃτι
893 3457 1143 3529 πονηρῶς
1181 3456 1604 3525 διαλογιζόμενοι
1647 3457 1727 3508 οίί

138 3550 351 3603 Ἰουδαῖοι
383 3550 571 3603 ταῦτα
617 3546 827 3616 ἔλεγον,
874 3548 964 3601 καὶ
1013 3547 1260 3619 μείζονας
1301 3547 1525 3608 ἑαυτοὺς
1565 3545 1698 3599 ἀπο-

129 3643 416 3713 φαινόμενοι
460 3642 561 3696 τοῦ
607 3640 883 3711 Σωτῆρος,
940 3642 1035 3693 καὶ
1084 3636 1572 3709 ὑπολαμϐάνοντες,
1615 3638 1697 3690 ὅτι

128 3731 260 3784 αὐτοὶ
292 3733 385 3802 μὲν
418 3730 826 3784 ἀπελεύσονται
854 3728 987 3799 πρὸς
1007 3729 1099 3783 τὸν
1130 3728 1260 3781 Θεὸν
1288 3729 1368 3791 είς
1393 3727 1697 3781 ἀνάπαυσιν

127 3822 315 3876 αἰώνιον
334 3842 347 3855 ·
374 3826 403 3878 ὀ
429 3824 491 3877 δὲ
515 3822 720 3894 Σοηὴρ
740 3823 821 3885 εἰς
850 3821 1053 3892 φθορὰν
1088 3821 1180 3874 καὶ
1209 3821 1290 3882 είς
1323 3818 1549 3872 θάνατον
1578 3820 1698 3872 ἑαυ-

128 3915 203 3967 τὸν
237 3916 749 3988 διαχειρισάμενος,
801 3914 931 3965 ὅπου
982 3912 1204 3974 ἑαυτοὺς
1245 3911 1343 3962 οὐκ
1395 3909 1695 3977 ἐλογίζοντο

124 4007 355 4060 ἀπελθεῖν
374 4025 387 4038 ⁸
422 4008 521 4060 καὶ
564 4005 766 4065 αὑταῖς
794 4001 968 4066 λέξεσί
999 4018 1180 4071 φησιν,
1204 4002 1285 4054 ὅτι
1314 4000 1481 4071 ᾤοντο
1516 4000 1693 4066 λέγειν

124 4095 199 4148 τὸν
223 4098 441 4168 Σωτῆρα
477 4100 530 4149 οἱ
583 4094 846 4150 Ἰουδαῖοι.
877 4094 957 4146 ὅτι
998 4092 1139 4160 Ἐγὼ
1166 4092 1400 4162 ἐμαυτὸν
1439 4091 1692 4163 διαχειρι-

127 4188 335 4258 σάμενος
364 4190 449 4252 εἰς
490 4184 712 4257 φθορὰν
747 4183 925 4254 μέλλω
970 4183 1313 4255 πορεύεσθαι,
1353 4184 1487 4235 ὅπου
1539 4184 1693 4253 ὑμεῖς

124 4278 173 4329 οὐ
202 4278 419 4334 δύνασθε
453 4278 664 4333 ἐλθεῖν.
706 4276 823 4329 Οὐκ
846 4271 958 4329 οἶδα
989 4275 1044 4328 δὲ
1078 4274 1195 4338 πῶς
1233 4273 1374 4328 κατά
1404 4273 1493 4326 τὸν
1517 4273 1695 4326 εἰπόν-

122 4384 207 4420 τα·
235 4389 254 4421 ι
297 4369 436 4439 Ἐγώ
467 4372 596 4440 εἰμι
625 4368 689 4420 τὸ
722 4365 841 4436 φῶς
867 4366 960 4419 τοῦ
985 4366 1214 4435 κόσμου’
1258 4385 1276 4414 ³
1314 4365 1407 4418 καὶ
1443 4364 1511 4416 τὰ
1542 4362 1691 4434 ἐξῆῧ

122 4453 175 4527 ἦν
208 4460 408 4529 λέγειν,
459 4462 549 4515 ὅτι
626 4457 771 4526 Ἐγὼ
821 4458 1049 4527 ἐμαυτὸν
1097 4457 1564 4528 διαχειρισάμενος
1614 4457 1693 4518 εἰς

123 4551 302 4623 φθορὰν
333 4555 519 4624 μέλλω
562 4548 917 4621 πορεύεσθαι.
966 4549 1089 4601 Ἐὰν
1129 4548 1185 4601 δέ
1212 4565 1295 4611 τις
1329 4547 1460 4620 λέγῃ
1498 4547 1570 4617 μὴ
1602 4547 1692 4600 τὸν
1726 4583 1766 4637 D

121 4641 323 4715 Σωτῆρα
346 4645 531 4700 ταῦτα
563 4641 873 4714 εἰρηκέναι,
901 4641 1026 4704 τοὺς
1050 4639 1107 4692 δὲ
1132 4639 1413 4701 Ἰουὲαίους
1434 4638 1564 4692 αὐτὸ
1580 4638 1686 4706 (80)

123 4733 549 4808 ὑπονενοηκέναι,
586 4734 751 4803 δῆλον
795 4733 877 4785 ὅτι
919 4734 1035 4801 ἐρεῖ
1080 4732 1205 4795 τοὺς
1263 4731 1548 4791 Ἰουδαίους
1593 4745 1691 4781 πε-

122 4829 428 4896 φρονηκέναι
484 4827 628 4897 περὶ
664 4824 853 4889 αὑτοῦ,
902 4825 985 4876 ὅτι
1018 4822 1327 4894 φθείρονται
1373 4822 1422 4873 οἱ
1466 4819 1689 4883 ἑαυτοὺς

120 4913 608 4990 διαχειρισάμενοι,
691 4916 786 4970 καὶ
840 4914 993 4968 οὐδὲν
1047 4911 1210 4986 ἦττον
1278 4912 1448 4966 ἐποίει
1495 4911 1685 4976 ταῦτα,

121 5011 364 5064 πιστεύων
391 5008 811 5080 φθαρήσεσθαι,
847 5008 941 5061 καὶ
962 5004 1423 5077 κολασθήσεσθαι·
1458 5004 1593 5073 ὅπερ
1621 4998 1689 5072 ἦν

120 5099 239 5153 κατὰ
260 5103 437 5157 πάντα
466 5101 593 5173 1,8!)
627 5099 852 5169 ἠλίθιον.

1811 1995 2080 2051 Credibile
2131 2004 2310 2049 autem
2356 2002 2441 2048 est
2492 1993 2757 2061 quosdam
2795 1992 3026 2050 oll‘ensos
3072 1996 3172 2050 hac
3211 1997 3380 2050 inter-

1811 2086 2137 2156 pretatione,
2175 2095 2429 2152 tanquam
2468 2095 2680 2151 coacta,
2712 2085 3027 2140 existimare
3054 2102 3148 2141 eos
3173 2088 3380 2157 simpli-

1810 2181 1926 2235 cius
1960 2180 2193 2233 dixisse:
2224 2195 2243 2229 ι
2274 2177 2519 2247 Nunquid
2546 2178 2933 2234 interfecturus
2955 2188 3038 2234 est
3059 2181 3317 2249 seipsum,
3350 2201 3368 2233 ι

1808 2272 2034 2339 perinde
2067 2273 2216 2338 quasi
2243 2268 2402 2324 Jesns
2426 2269 2813 2325 interfecturus
2850 2282 2995 2326 esset
3022 2271 3282 2339 seipsum,
3322 2282 3377 2325 et

1810 2362 2023 2414 futurus
2046 2362 2098 2413 in
2135 2360 2253 2414 loco
2279 2374 2465 2413 eorum
2495 2359 2585 2427 qui
2617 2358 2720 2413 sibi
2772 2360 2903 2427 ipsis
2932 2375 3125 2415 manus
3172 2360 3374 2414 intule-

1808 2454 1937 2516 rint,
1968 2461 2025 2507 et
2052 2456 2122 2506 ob
2148 2452 2254 2505 hoc
2274 2461 2401 2505 sunt
2443 2450 2726 2521 puniendi,
2756 2448 2957 2506 Judmis
3004 2465 3111 2505 non
3147 2449 3375 2503 valenti-

1806 2545 1908 2598 bus
1938 2544 2007 2598 ob
2052 2545 2153 2598 hoc
2196 2544 2286 2597 illo
2327 2543 2429 2608 ire,
2479 2553 2766 2613 propterea
2816 2544 2960 2613 quod
3013 2542 3232 2597 obnoxii
3265 2556 3371 2597 non

1806 2646 1987 2690 essent
2018 2636 2091 2688 illi
2140 2643 2361 2705 peccato
2418 2635 2485 2689 de
2532 2636 2746 2704 seipsis.
2791 2639 2857 2689 At
2905 2649 3039 2690 vero
3079 2635 3133 2691 hi
3183 2643 3372 2691 notent

1805 2737 1935 2776 num
1962 2724 2172 2792 possint
2200 2721 2368 2778 Judaei
2402 2723 2749 2794 subcogitare
2780 2724 2965 2780 Iesum
3003 2726 3119 2779 inec
3163 2725 3371 2780 dixisse

1804 2817 2254 2870 condemnantem
2283 2815 2540 2884 seipsum,
2568 2818 2729 2872 veluti
2766 2816 3135 2885 profecturum
3186 2815 3252 2869 ad
3288 2814 3368 2869 lo-

1803 2922 1923 2962 cum
1981 2908 2249 2976 supplicii,
2306 2923 2413 2977 quo
2462 2926 2567 2966 non
2624 2917 2872 2978 poterant
2926 2907 3000 2962 illi
3052 2906 3363 2975 proﬁcisci,

1802 3006 2060 3065 quantum
2104 2998 2298 3052 attinet
2331 3000 2396 3052 ad
2425 2998 2567 3054 hanc
2600 2998 3034 3069 intelligentiam,
3086 2997 3242 3066 quasi
3276 2996 3368 3052 εἰρ-

1800 3099 1863 3141 su
1918 3087 2172 3142 meliores
2225 3103 2290 3143 ae
2342 3091 2748 3157 prmstantiores
2797 3096 3018 3144 essent:
3053 3088 3136 3142 vel
3174 3101 3387 3143 ροηδε-ς

1801 3190 1972 3246 quens
2000 3178 2105 3233 erit
2131 3179 2332 3240 dicere.
2383 3178 2588 3244 Jesum,
2635 3180 2681 3235 si
2711 3180 3032 3249 loquebatur
3072 3180 3173 3234 hoc
3213 3178 3363 3248 cogi-

1800 3278 1938 3336 tans,
1992 3278 2045 3321 et
2078 3271 2266 3324 volens
2312 3270 2473 3340 303
2527 3272 2765 3341 seipsum
2796 3272 3124 3337 interﬁcere,
3173 3272 3365 3328 melius

1798 3370 1989 3430 putare
2021 3362 2257 3429 seipsum
2288 3363 2594 3417 interﬁcere
2627 3377 2790 3432 quam
2821 3377 2925 3416 non
2954 3376 3014 3417 se
3034 3363 3361 3419 interﬁcere.

1801 3450 2099 3506 lleracleon
2127 3467 2281 3515 sane,
2330 3453 2555 3520 perinde
2597 3454 2753 3523 quasi
2802 3453 2906 3508 hoc
2950 3452 3152 3508 dictum
3204 3452 3367 3509 fuerit

1794 3543 2098 3611 simplicius
2129 3561 2141 3597 :
2174 3564 2191 3595 ι
2233 3542 2488 3613 Nunquid
2523 3545 2913 3600 interfecturus
2942 3555 3026 3601 est
3050 3546 3311 3616 seipsum,
3339 3563 3360 3598 ο

1798 3634 1972 3703 inquit
2002 3635 2144 3704 quod
2178 3638 2406 3705 maligne
2462 3635 2761 3706 cogitantes
2800 3633 2972 3689 Judtei
3025 3637 3138 3691 haec
3169 3637 3363 3705 loque-

1796 3733 2005 3788 rentur,
2065 3725 2272 3794 seipsos
2321 3726 2482 3779 etiam
2531 3725 2875 3780 ostendentes
2909 3727 3026 3795 ipso
3076 3725 3365 3782 Servatore

1796 3815 2048 3885 majores,
2074 3825 2129 3868 et
2163 3815 2539 3870 existimantes
2570 3830 2629 3872 se
2658 3816 2877 3886 quidem
2913 3815 3251 3885 profecturos
3294 3815 3363 3870 ad

1797 3908 1962 3962 Deum
1993 3909 2045 3961 in
2068 3908 2309 3977 requiem
2343 3909 2765 3977 sempiternam;
2807 3908 3150 3962 Servatorem
3180 3914 3360 3961 autem

1794 4000 1860 4054 ad
1895 3999 2318 4067 corruptionem,
2352 4006 2406 4053 et
2437 3999 2500 4051 ad
2532 4006 2786 4061 mortem,
2839 3998 2887 4050 vi
2913 3996 3017 4051 sibi
3054 3996 3152 4065 ipsi
3184 3994 3357 4062 illata,

1793 4106 1900 4161 quo
1958 4092 2166 4156 seipsos
2244 4104 2349 4143 non
2408 4090 2790 4143 existimabant
2850 4074 3254 4158 profecturos:
3303 4096 3361 4142 et

1796 4182 1987 4237 iisdem
2016 4181 2199 4235 verbis
2222 4179 2399 4249 inquit
2426 4179 2642 4236 Judaaos
2668 4180 2985 4235 existimare
3013 4179 3358 4234 Servatorem

1788 4273 2014 4327 dicere:
2046 4271 2178 4340 Ego,
2219 4271 2350 4326 mihi
2395 4270 2496 4339 ipsi
2540 4271 2590 4325 vi
2638 4271 2809 4333 illata,
2848 4271 2913 4325 ad
2956 4270 3357 4339 corruptionem

1797 4364 2138 4432 profecturus
2168 4376 2310 4424 sum,
2339 4375 2446 4430 quo
2473 4376 2572 4416 vos
2598 4377 2703 4416 non
2731 4363 2956 4431 potesds
2999 4362 3202 4416 venire.
3251 4361 3359 4416 Sed

1796 4456 1936 4509 haud
1971 4454 2086 4509 scio
2114 4469 2350 4523 quonam
2379 4462 2558 4522 pacto,
2583 4468 2709 4508 eum
2731 4453 2958 4507 dixisset
2984 4451 3173 4508 Iesus:
3204 4472 3221 4503 ι
3247 4452 3360 4522 Ego

1795 4561 1913 4599 sum
1959 4547 2045 4598 lux
2091 4544 2272 4597 mundi
2316 4544 2380 4607 “,
2445 4562 2464 4596 ι
2529 4555 2584 4599 et
2636 4559 2757 4613 quae
2807 4553 3127 4612 sequuntur,
3192 4542 3362 4611 possit

1795 4637 2016 4693 dicere:
2048 4637 2182 4707 Ego,
2219 4636 2348 4690 mihi
2389 4636 2489 4704 ipsi
2514 4635 2564 4690 vi
2590 4634 2757 4702 illata,
2791 4634 3131 4704 profecturus
3158 4647 3273 4686 sum
3291 4633 3357 4685 ad

1789 4726 2206 4794 corruptionem.
2252 4724 2349 4779 Sin
2385 4740 2516 4780 vero
2558 4725 2705 4779 dicat
2744 4725 2959 4793 aliquis,
3014 4723 3354 4777 Servatorem

1788 4818 1891 4872 hoc
1924 4833 2027 4870 non
2063 4818 2286 4883 dixisse,
2331 4818 2425 4872 sed
2470 4817 2570 4872 hoc
2599 4814 2808 4870 Judatos
2846 4814 3236 4881 subcogitasse,
3269 4811 3354 4864 di-

1785 4917 1874 4962 cet
1914 4908 2120 4962 scilicet
2162 4906 2375 4962 .ludazos
2422 4908 2686 4978 cogitasse
2722 4906 2790 4960 de
2835 4919 2900 4959 eo
2932 4903 3073 4972 quod
3112 4916 3357 4956 corrum-

1795 5009 1996 5068 puntur
2025 4999 2117 5068 qui
2155 4998 2256 5052 sibi
2303 4999 2432 5066 ipsis
2474 5007 2701 5053 mortem
2751 4993 3120 5055 consciscunt;
3164 5001 3220 5046 et
3270 4991 3357 5045 ni-

1796 5091 2087 5147 hilominus
2141 5090 2327 5146 Jesum
2370 5091 2486 5145 haec
2512 5089 2806 5150 facturum,
2849 5084 3061 5140 etiamsi
3113 5085 3354 5141 futurum

117 5196 339 5248 crederet
369 5206 430 5249 ut
456 5201 917 5260 corrumperetur
956 5199 1009 5245 et
1036 5190 1348 5260 puniretur;
1400 5188 1450 5242 id
1476 5188 1616 5255 quod
1644 5196 1760 5240 erat
1793 5184 1965 5237 modis
1986 5184 2237 5237 omnibus
2260 5180 2488 5236 fatuum.

174 5305 215 5338 δ’
260 5305 451 5358 Matth.
497 5318 621 5366 xu,
664 5301 758 5357 22.
834 5300 879 5332 ⁸⁸
923 5300 1055 5354 ibid.
1106 5299 1198 5354 25.
1274 5298 1320 5330 ⁸ο
1355 5297 1550 5366 Ephes.
1590 5311 1641 5363 v,
1669 5295 1701 5349 ‘2

1804 5295 1839 5327 "
1888 5292 2029 5347 Psal.
2071 5307 2184 5358 (ιιι,
2217 5291 2273 5345 4.
2346 5290 2391 5322 ⁸³
2419 5288 2574 5344 Joan.
2612 5301 2651 5351 ι,
2691 5283 2782 5341 29.
2856 5284 3079 5343 l".loan.
3114 5303 3233 5356 vui,
3259 5288 3353 5346 28.

113 5370 152 5402 "
174 5373 291 5428 ibid.
311 5374 404 5429 12.

146 5486 502 5584 twn-Codex;
536 5480 888 5584 Bmlleiaﬁurns,
931 5479 1229 5551 ἀρχιερέων
1263 5475 1522 5540 εὐσεϐῶν,
1581 5474 1684 5530 Re-

117 5549 235 5622 gius,
257 5549 591 5627 ’ἀρχιερέως
614 5549 878 5612 εὐσεϐῶς.
1097 5549 1103 5550 ί
1576 5614 1587 5626 .

117 5690 131 5692 _
175 5625 278 5692 ('17)
309 5628 500 5678 Codex
537 5620 872 5677 Bodleianus
893 5659 910 5686 ,
936 5618 1084 5689 Μήτι
1114 5617 1427 5681 ἀποκτενεῖ,
1456 5614 1682 5684 Regius,

114 5690 562 5766 MﬁﬁnaxtevsiL
631 5760 663 5766 __
706 5758 720 5766 _
1043 5756 1054 5766 _
1118 5755 1152 5766 αὶ
1231 5756 1242 5766 ν
1434 5734 1439 5741 .

174 5754 277 5833 (ἷκ)
301 5764 493 5819 Codex
527 5758 881 5833 Bodleianus,
913 5756 1082 5828 παρά,
1118 5755 1335 5833 Regius,
1368 5754 1518 5833 περί.

175 5823 279 5903 (79)
302 5834 700 5903 Κρείττονος.
749 5827 838 5882 Sic
878 5823 1008 5881 mss.
1039 5836 1089 5880 et
1130 5827 1241 5896 ipse
1269 5823 1571 5888 Ferrarius,
1600 5824 1686 5892 qui

1789 5475 1974 5541 vertit,
2009 5492 2028 5525 ι
2066 5473 2217 5542 quasi
2244 5471 2400 5526 Jesus
2422 5468 2632 5542 melior.
2665 5482 2729 5522 ac
2761 5468 3108 5542 praestantior
3135 5477 3303 5542 esset,
3328 5488 3351 5525 ι

1792 5544 1884 5598 sed
1941 5538 2118 5598 tamen
2173 5542 2455 5612 legendum
2507 5538 2718 5593 videtur
2772 5538 3119 5611 κρείττονες,
3169 5548 3226 5594 et
3276 5540 3353 5596 ita

1790 5614 1975 5752 18%))
2000 5680 2181 5752 Codex
2204 5677 2546 5752 Bodleianus,
2581 5677 2749 5752 aiade
2784 5677 3221 5752 Regius,_adzqu

1864 5746 1977 5818 (Si)
2007 5750 2165 5804 Κατὰ
2194 5746 2406 5818 πάντα.
2442 5748 2600 5818 Deest
2632 5749 2682 5801 in
2716 5746 2887 5818 Regio
2913 5748 3118 5818 codice,
3159 5746 3254 5804 Sed
3277 5746 3352 5803 le-

1796 5816 1941 5893 gitur
1961 5816 2021 5877 in
2059 5822 2333 5875 Codicibus
2357 5816 2646 5873 Bodleiano
2676 5829 2729 5872 et
2754 5816 3069 5871 Barherino.
