3806 6540
440 395 545 454 565

1926 395 2085 451 ORIG
2094 393 2249 449 Ele

3588 388 3682 442 561

513 520 563 574 5.
598 539 614 569 ι
648 520 713 573 Ει
742 518 956 574 dicebat
987 518 1091 574 illis
1124 539 1135 572 :
1169 518 1276 574 Vos
1304 534 1370 575 ex
1399 518 1627 573 infernis
1668 519 1817 581 estis,
1853 533 1952 588 ego
1986 535 2016 572 e

2191 511 2244 565 5.
2278 530 2295 561 ι
2325 511 2434 566 Καὶ
2447 511 2630 580 ἔλεγεν
2660 510 2842 573 αὐτοῖς
2860 526 2873 539 ·
2922 510 3113 582 Ὑμεῖς
3141 511 3207 563 ὲκ
3233 508 3342 561 τῶν
3378 506 3523 560 κάτω
3547 508 3681 571 ἐστὶ,

440 611 691 681 supernis
713 626 869 677 sum;
894 624 990 665 vos
1014 626 1082 665 ex
1107 610 1210 666 hoc
1232 609 1435 665 mundo
1460 610 1610 673 estis,
1634 624 1733 678 ego
1759 624 1868 661 non
1897 623 2017 662 sum

439 720 505 758 ex
554 702 658 759 hoc
699 701 905 757 mundo
947 700 1016 760 ³⁸.
1068 720 1089 754 ι
1122 699 1183 756 In
1220 700 1588 770 superioribus
1634 700 1797 754 etiam
1835 699 2014 754 dixit:

447 811 466 843 ι
504 790 604 859 Qui
637 799 721 844 est
754 791 822 844 de
857 798 1017 850 terra.
1060 790 1126 844 de
1157 800 1299 841 terra
1327 798 1430 848 est.
1462 797 1519 841 et
1547 787 1615 840 de
1651 799 1794 840 terra
1842 787 2012 856 loqui-

445 894 563 950 tur;
605 887 697 953 qui
725 899 756 936 e
805 883 944 937 cmlo
976 882 1142 947 venit,
1178 896 1341 951 supra
1371 894 1560 934 omnes
1617 888 1732 946 est;
1790 889 1842 933 et
1872 879 2014 949 quod

444 978 581 1032 vidit
607 989 661 1033 et
686 977 897 1033 audivit
949 977 1053 1031 hoc
1087 987 1318 1032 testatur
1353 977 1418 1029 ⁸⁸.
1464 994 1481 1028 ι
1524 974 1581 1030 Si
1625 974 1787 1045 igitur
1821 973 1909 1042 qui
1950 975 2017 1026 de

448 1081 592 1125 terra
614 1079 716 1133 est,
762 1070 829 1124 de
860 1078 1003 1124 terra
1059 1068 1332 1138 loquitur;
1380 1079 1433 1122 ct
1476 1068 1567 1138 qui
1600 1081 1631 1121 e
1679 1066 1819 1121 caelo
1848 1065 2015 1127 venit,

447 1162 590 1231 quod
617 1161 754 1216 vidit
787 1173 841 1216 et
869 1160 1093 1223 audivit,
1129 1163 1229 1215 ltoc
1285 1169 1537 1224 testatur,
1595 1174 1806 1228 qumres
1837 1166 2016 1210 utrum

448 1254 589 1308 idem
624 1254 694 1308 sit
721 1268 841 1308 esse
868 1269 898 1308 e
935 1263 1077 1308 terra
1102 1264 1156 1307 et
1187 1268 1307 1307 esse
1336 1266 1402 1307 ex
1437 1251 1685 1317 infernis,
1744 1265 1811 1303 an
1842 1250 2023 1304 diver-

446 1355 589 1395 sum.
629 1340 800 1395 Simul
836 1351 1017 1396 autem
1053 1341 1370 1397 observabis
1403 1341 1545 1409 quod
1579 1340 1686 1396 illic
1724 1356 1829 1394 non
1863 1341 2016 1394 dixe-

446 1433 520 1488 rit
556 1450 570 1486 :
596 1432 698 1499 Qui
727 1441 864 1489 este
894 1433 1055 1498 caelo,
1086 1449 1117 1489 e
1146 1435 1286 1489 coelo
1310 1445 1417 1499 est,
1444 1442 1498 1488 et
1518 1446 1551 1488 e
1577 1432 1716 1488 οωιο
1742 1433 2017 1503 loquitur;

446 1539 572 1578 nam
601 1521 851 1580 fortassis
880 1525 1142 1582 Servator
1176 1543 1283 1582 non
1324 1537 1442 1583 erat
1464 1542 1495 1581 e
1529 1527 1670 1582 caelo
1699 1544 1711 1579 :
1763 1542 1870 1581 non
1904 1538 2024 1579 erat

445 1615 749 1683 praesertim
812 1617 864 1670 in
932 1626 1192 1686 quantum
1252 1628 1334 1673 est
1394 1619 1785 1689 primogenitus
1844 1621 2022 1675 omnis

448 1716 717 1763 creatura:
748 1710 815 1761 ".
850 1709 1001 1776 Quod
1032 1711 1175 1763 enim
1206 1710 1400 1767 attinet
1433 1711 1499 1764 ad
1553 1726 1765 1775 vocem,
1818 1729 1843 1764 ε
1871 1714 2020 1775 rwlo,

449 1797 723 1852 secundus
750 1796 909 1853 homo
948 1806 1087 1854 este
1126 1799 1288 1864 caelo,
1325 1800 1781 1867 quemadmodum
1825 1801 2023 1857 alicubi

452 1885 655 1941 Paulus
687 1887 818 1942 dicit
857 1905 922 1942 :-t
973 1888 1189 1945 Primus
1239 1890 1401 1944 homo
1444 1896 1477 1945 e
1527 1898 1695 1956 terra,
1732 1900 2022 1947 terrenus:

450 1977 724 2034 secundus
757 1981 923 2036 homo
950 1995 982 2037 e
1011 1980 1149 2036 caelo
1170 1981 1237 2038 ⁸⁸.
1263 2001 1282 2032 ι
1304 1984 1482 2050 Atque
1510 1983 1672 2037 etiam
1702 1984 1803 2039 hoc
1832 1983 1884 2038 in
1908 1983 2027 2041 loco

452 2068 669 2126 notabis
699 2081 878 2127 utrum
908 2074 1119 2128 tandem
1162 2072 1303 2128 idem
1352 2073 1493 2127 dicat
1526 2074 1752 2129 diceudo
1794 2089 1807 2126 ε
1851 2094 1870 2125 ι
1925 2074 2028 2130 Vos

451 2180 517 2220 ex
556 2166 783 2221 infernis
806 2166 961 2233 catis,
1000 2185 1018 2219 ι
1050 2175 1106 2222 et
1138 2182 1152 2221 :
1185 2183 1203 2217 ι
1236 2165 1342 2220 Vos
1375 2181 1439 2220 ex
1467 2167 1569 2221 hoc
1596 2168 1795 2223 mundo
1820 2168 1974 2233 estis,
2003 2186 2021 2219 ι

441 2244 523 2309 ειη
550 2257 821 2313 diversum
851 2257 921 2311 sit
942 2271 1062 2312 esse
1087 2271 1118 2310 e
1156 2267 1297 2311 terra
1331 2259 1398 2311 ab
1432 2274 1497 2311 eo
1524 2261 1665 2327 quod
1696 2268 1779 2313 est
1810 2272 1929 2314 esse
1959 2275 2024 2314 ex

454 2350 566 2404 ltoc
592 2352 810 2406 mundo.
853 2350 1118 2405 Similiter
1165 2352 1327 2405 etiam
1357 2351 1408 2404 in
1453 2351 1537 2404 his
1569 2352 1747 2407 verbis
1776 2366 1988 2421 quaeres
2011 2339 2041 2405 ε’

460 2457 481 2491 ι
512 2439 623 2510 Ego
650 2455 681 2495 e
715 2441 964 2510 superuis
993 2456 1133 2505 sum,
1161 2460 1180 2491 ι
1214 2450 1267 2495 et
1293 2460 1304 2494 :
1344 2458 1362 2491 ι
1401 2441 1510 2510 Ego
1538 2457 1639 2495 non
1674 2457 1792 2496 sum
1823 2458 1888 2497 ex
1927 2442 2029 2496 hoc

458 2533 679 2587 mundo.
712 2533 967 2602 mignum
991 2542 1075 2587 est
1094 2533 1237 2586 enim
1263 2543 1321 2587 ut
1344 2534 1698 2603 inspiciamus
1722 2534 1847 2602 qttid
1870 2536 1939 2589 sit
1961 2549 2028 2589 ex

456 2625 705 2693 supernis
726 2639 869 2691 esse,
888 2632 943 2678 et
964 2624 1091 2693 quid
1113 2625 1183 2679 sit
1206 2642 1310 2679 non
1334 2640 1456 2681 esse
1480 2641 1546 2680 ex
1572 2626 1672 2681 hoc
1692 2628 1911 2682 mundo.
1938 2625 2029 2681 Vi-

456 2716 524 2771 de
558 2716 722 2786 igitur
755 2732 937 2772 annon
966 2718 1058 2786 qui
1102 2720 1399 2787 assumpsit
1424 2728 1603 2772 ortum
1646 2733 1677 2772 a
1716 2720 1942 2774 materia
1975 2729 2029 2776 et

458 2809 800 2877 corporibus,
831 2822 899 2864 eo
920 2811 1063 2878 quod
1088 2810 1313 2865 meliora
1349 2810 1653 2879 reliquerit,
1682 2811 1808 2866 site
1844 2820 1989 2866 terra
2015 2831 2028 2866 :

455 2900 617 2971 303
645 2902 734 2971 qui
768 2911 1037 2972 quatenus
1076 2912 1160 2958 est
1208 2918 1238 2955 e
1276 2913 1444 2970 terra,
1480 2903 1548 2958 de
1587 2913 1732 2958 terra
1772 2902 2029 2971 loquitur,

455 2992 621 3046 altius
664 2992 868 3062 aliquid
910 2994 1104 3048 intueri
1153 2993 1234 3046 vel
1271 2994 1454 3048 dicere
1504 3009 1609 3051 non
1656 2994 1883 3057 valens;
1940 2996 2031 3065 qui

455 3084 599 3139 idem
645 3086 809 3139 etiam
839 3101 908 3139 ex
962 3085 1191 3140 infernis
1240 3096 1321 3141 est
1364 3104 1379 3139 :
1428 3100 1555 3140 nam
1582 3085 1690 3140 alia
1724 3094 1810 3140 est
1855 3086 2035 3142 consi-

2115 602 2224 670 ὲγὼ
2256 604 2321 655 ὲκ
2357 603 2464 655 τῶν
2499 603 2612 657 ἄνω
2650 602 2763 673 εἰμί
2789 618 2802 631 ο
2851 601 3008 672 ὑμεῖς
3032 603 3097 655 ἐκ
3124 600 3219 654 τοῦ
3257 600 3464 670 κόσμου
3500 597 3684 652 τούτου

2115 695 2258 758 ἐστὲ,
2285 694 2395 764 ἐγὼ
2418 695 2518 749 οὐκ
2544 696 2660 766 εἰμὶ
2708 696 2773 747 ὲκ
2818 693 2912 748 τοῦ
2950 693 3158 763 κόσμου
3201 691 3415 747 τούτου.
3448 710 3472 744 ›
3505 691 3615 745 Καὶ
3636 693 3686 744 ὲν

2113 791 2228 851 τοῖς
2260 788 2516 859 ἀνωτέρω
2545 787 2695 853 ἔλεγε
2730 787 2820 840 τόο
2855 807 2873 838 ι
2920 788 2977 841 '0
3016 786 3091 842 ὢν
3127 789 3192 840 ὲκ
3221 787 3321 858 τῆς
3349 785 3475 856 γῆς,
3499 787 3568 839 ἐκ
3596 785 3687 855 τῆς

2117 883 2219 951 γῆς
2245 884 2381 948 ὲστι,
2413 880 2508 934 καὶ
2537 881 2601 932 ὲκ
2630 879 2730 950 τῆς
2752 881 2856 951 γῆς
2881 881 3034 934 λαλεῖ
3051 897 3065 910 θ
3094 882 3122 933 6
3146 882 3209 933 ὲκ
3232 866 3328 932 τοῦ
3349 876 3579 949 οὐρανοῦ
3604 878 3687 948 ἐρα

2118 973 2346 1043 χόμενος
2391 972 2574 1026 ὲπάνω
2611 971 2827 1025 πάντων
2866 971 3045 1024 ἐστίν·
3097 971 3191 1025 καὶ
3236 970 3266 1022 6
3313 968 3549 1041 ἑώρακε,
3602 968 3689 1021 καὶ

2119 1069 2339 1138 ἢκουσε,
2370 1066 2526 1120 τοῦτο
2561 1070 2847 1139 μαρτυρεῖ.
2888 1087 2907 1118 ι
2950 1068 3014 1120 Εἰ
3063 1068 3241 1121 τοίνυν
3280 1069 3310 1121 6
3337 1069 3405 1119 ὲκ
3448 1066 3549 1135 τῆς
3596 1066 3690 1132 γῆς

2120 1160 2185 1212 ὲκ
2212 1159 2310 1230 τῆς
2331 1159 2436 1228 γῆς
2465 1158 2634 1221 λαλεῖ,
2659 1159 2753 1213 καὶ
2782 1161 2811 1213 6
2842 1161 2907 1212 ὲκ
2938 1158 3034 1212 τοῦ
3060 1158 3292 1229 οὐρανοῦ
3324 1158 3640 1228 ἐρχόμενος,
3664 1155 3692 1209 6

2122 1250 2333 1322 ἑώρακε
2388 1250 2482 1304 καὶ
2517 1251 2737 1322 ἤκουσε,
2773 1251 2932 1304 τοῦτο
2966 1253 3252 1321 μαρτυρεῖ,
3303 1248 3564 1319 ζητήσεις
3595 1248 3694 1301 τοί-
3778 1262 3779 1281 ‘

2122 1360 2216 1394 νυν
2252 1342 2478 1414 πότερόν
2516 1359 2644 1395 ποτε
2677 1342 2874 1395 ταυτόν
2894 1344 3008 1395 ἐστι
3033 1343 3094 1395 τὸ
3119 1343 3184 1396 ὲκ
3203 1343 3304 1413 τῆς
3325 1342 3433 1412 γῆς
3463 1337 3604 1395 εἶναι
3626 1343 3694 1411 τῷ

2123 1435 2186 1487 ἐκ
2223 1434 2328 1488 τῶν
2357 1434 2505 1487 κάτω
2528 1429 2686 1499 εἶναι,
2710 1434 2742 1505 ἢ
2763 1433 2967 1504 ἕτερον.
2998 1434 3147 1504 Ἅμα
3169 1433 3227 1486 δὲ
3271 1436 3693 1504 παρατηρήσεις.

2122 1525 2202 1579 ὅτι
2241 1526 2401 1579 κάκεῖ
2436 1526 2535 1578 οὐκ
2568 1520 2719 1578 εἶπεν
2740 1542 2752 1554 ·
2803 1525 2861 1578 '0
2891 1524 2967 1577 ὢν
3001 1526 3067 1578 ἐκ
3101 1525 3194 1578 τοῦ
3233 1524 3467 1595 οὐρανοῦ
3508 1527 3575 1578 ὲκ
3610 1524 3695 1577 τοῦ

2122 1616 2349 1686 οὐρανοῦ
2383 1618 2519 1680 ἐστι,
2548 1617 2641 1669 καὶ
2661 1616 2724 1669 ὲκ
2755 1619 2847 1673 τοῦ
2885 1616 3123 1685 οὐρανοῦ
3149 1616 3329 1671 λαλεῖ·
3370 1616 3513 1686 τάχα
3542 1615 3648 1687 γὰρ
3673 1618 3699 1668 6

2125 1709 2313 1779 Σωτὴρ
2336 1709 2436 1761 οὐκ
2466 1711 2527 1760 ὲκ
2556 1707 2648 1760 τοῦ
2675 1707 2903 1779 οὐρανοῦ
2938 1704 3027 1779 ἦν,
3057 1709 3290 1779 μάλιστα
3325 1709 3465 1762 καθὸ
3489 1708 3700 1780 Πρωτό-

2125 1816 2281 1863 τοκος
2314 1800 2491 1871 πάσης
2521 1799 2749 1862 κτίσεως
2774 1795 2859 1870 ἦν.
2895 1800 2969 1853 T6
2999 1800 3143 1871 γάρ·
3174 1801 3244 1853 ἐκ
3276 1801 3383 1853 τοῦ
3422 1800 3699 1869 οὐρανοῦ,

2126 1896 2155 1948 6
2181 1894 2425 1966 δεύτερος
2449 1892 2733 1965 ἄνθρωπος
2754 1889 2820 1963 ἦν
2851 1892 2909 1957 ἐξ
2928 1890 3157 1963 οὐρανοῦ
3183 1910 3195 1922 ·
3221 1893 3297 1956 ὡς
3322 1894 3420 1947 καὶ
3439 1895 3469 1946 6
3497 1891 3703 1958 Παῦλός

2127 2004 2228 2039 που
2260 1985 2422 2055 φησίν
2448 2002 2459 2015 ·
2500 2004 2518 2037 ι
2568 1985 2625 2038 '0
2658 1985 2873 2057 πρῶτος
2911 1985 3195 2056 ἄνθρωπος
3235 1987 3299 2038 ὲκ
3324 1986 3454 2056 γῆς,
3492 1985 3704 2055 χοῖκός’

2127 2078 2155 2130 6
2191 2048 2440 2148 δεότερος
2487 2048 2772 2148 ἄνθρωπος
2802 2048 2863 2141 ἐξ
2890 2048 3142 2147 οὐρανοῦ.
3178 2048 3202 2126 ί»
3238 2048 3349 2129 Καῖ
3657 2048 3707 2127 δὲ
3780 2048 3781 2131 i

2128 2170 2440 2239 ἐπιστήσεις
2464 2168 2688 2239 πότερόν
2714 2184 2842 2221 ποτε
2866 2168 3032 2221 ταυτὸ
3054 2168 3201 2237 λέγει
3229 2170 3285 2221 ὲν
3319 2167 3399 2238 τῷ
3416 2185 3431 2197 ·
3464 2187 3484 2220 (
3527 2169 3710 2239 Ὑμεῖς
3780 2150 3781 2209 i

2128 2260 2191 2312 ὲκ
2221 2258 2328 2311 τῶν
2362 2258 2513 2312 κάτω
2555 2260 2700 2323 ἐστὲ,
2750 2281 2768 2312 ι
2808 2259 2924 2323 καὶ,
2963 2277 2982 2310 ι
3046 2260 3236 2329 Ὑμεῖς
3276 2261 3340 2313 ἐκ
3378 2260 3581 2312 τούτου
3622 2259 3707 2311 τοῦ

2129 2350 2335 2419 κόσμου
2384 2350 2529 2413 ἐστὲ,
2575 2371 2593 2402 ι
2628 2350 2660 2421 ἢ
2693 2350 2880 2422 ἕτερόν
2917 2353 3034 2402 ἐστι
3085 2350 3146 2403 τὸ
3187 2345 3325 2403 εἶναι
3357 2350 3426 2402 ὲκ
3467 2349 3574 2420 τῆς
3617 2349 3711 2417 γῆς

2129 2433 2280 2509 παρὰ
2309 2439 2370 2491 τὸ
2396 2435 2533 2494 εἶναι
2559 2442 2623 2494 ὲκ
2648 2440 2741 2494 τοῦ
2772 2442 2976 2512 κόσμου
3004 2442 3216 2496 τούτου.
3246 2442 3319 2495 Τὸ
3343 2442 3389 2495 δ’
3415 2443 3610 2512 ὅμοιον
3628 2440 3715 2511 ζη-

2129 2532 2317 2603 τήσεις
2346 2534 2440 2586 καὶ
2483 2536 2541 2588 ὲν
2564 2533 2674 2604 τῷ·
2708 2552 2726 2583 ι
2772 2533 2912 2602 Ἐγὼ
2937 2537 3001 2587 ἐκ
3051 2535 3161 2587 τῶν
3195 2536 3306 2590 ἀνω
3345 2535 3491 2604 εἰμὶ,
3528 2554 3546 2586 ι
3588 2534 3709 2587 καί·

2136 2644 2155 2675 ι
2211 2625 2351 2693 Ἐγὼ
2389 2626 2491 2680 οὐκ
2540 2626 2656 2695 εἰμὶ
2703 2628 2767 2679 ὲκ
2803 2626 2896 2679 τοῦ
2948 2627 3155 2697 κόσμου
3203 2625 3416 2679 τούτου.
3464 2646 3483 2678 ι
3539 2626 3714 2692 atng

2130 2716 2239 2787 γὰρ
2273 2717 2399 2770 ἰδεῖν
2432 2718 2483 2769 τί
2528 2718 2589 2771 τὸ
2633 2720 2699 2771 ὲκ
2747 2718 2854 2772 τῶν
2890 2720 3002 2773 ἄνω
3045 2715 3218 2783 εἶναι,
3264 2719 3360 2770 καὶ
3415 2718 3472 2770 τί
3527 2718 3592 2770 τὺ
3648 2717 3715 2787 μὴ

2132 2809 2197 2859 ὲκ
2236 2805 2331 2859 τοῦ
2381 2809 2587 2877 κόσμου
2638 2808 2828 2862 τούτου
2888 2804 3048 2862 εἶναι.
3102 2810 3243 2881 Ὅρα
3292 2809 3476 2861 τοίνυν
3536 2810 3589 2861 εἰ
3648 2810 3715 2878 μὴ

2131 2899 2160 2951 6
2186 2898 2285 2970 τὴν
2310 2899 2420 2953 ἀπὸ
2452 2898 2584 2971 ὓλης
2611 2899 2824 2969 γένεσιν
2856 2902 2952 2955 καὶ
2985 2902 3253 2973 σωμάτων
3284 2899 3625 2969 ἀνειληφικ,
3647 2898 3717 2969 τῷ

2134 2991 2583 3046 καταλελοιπέναι
2637 2994 2706 3048 τὰ
2766 2995 3073 3066 κρείττονα,
3116 2995 3181 3047 ὲκ
3225 2993 3327 3063 τῆς
3374 2994 3485 3063 γῆς
3540 2996 3714 3046 ἐστιν’

2133 3080 2280 3144 ὅστις
2309 3082 2432 3136 ὅσον
2463 3085 2609 3137 ἐστὶν
2634 3086 2699 3137 ὲκ
2732 3085 2829 3155 τῆς
2858 3085 2982 3155 γῆς,
3017 3085 3082 3138 ἐκ
3110 3084 3211 3154 τῆς
3241 3084 3345 3152 γῆς
3373 3082 3559 3144 λαλεῖ,
3593 3083 3720 3152 ὑψη-

457 3176 667 3232 deratio
709 3190 829 3233 esse
873 3191 944 3231 ex
991 3176 1256 3244 infernis,
1301 3178 1406 3232 alia
1438 3191 1560 3233 esse
1612 3191 1643 3231 e
1689 3188 1880 3233 terra:
1928 3194 2029 3234 vox

2134 3170 2354 3243 λότερόν
2382 3191 2433 3227 τι
2468 3176 2542 3247 μὴ
2569 3176 2863 3247 δυνάμενος
2887 3176 3123 3247 βλέπειν,
3160 3176 3192 3247 ἣ
3222 3176 3423 3245 λέγειν.
3466 3177 3529 3230 '0
3560 3176 3609 3229 δ’
3633 3177 3720 3229 αὐ-

457 3262 602 3318 enlm
637 3264 843 3334 inferne
864 3306 881 3331 ,
929 3266 1310 3321 consideratur
1342 3266 1393 3319 in
1424 3268 1661 3336 quodam
1690 3267 1860 3323 veluti
1892 3267 2030 3333 loco,

458 3352 648 3410 itidem
676 3357 729 3411 in
765 3357 1129 3428 dogmatibus,
1171 3367 1226 3412 et
1271 3359 1326 3412 in
1360 3359 1609 3415 discursu
1645 3361 1845 3415 mentis
1874 3379 1887 3415 :
1915 3376 2033 3415 omo

458 3444 653 3512 nisque
711 3445 956 3514 profecto
1014 3447 1215 3501 talibus
1277 3446 1623 3517 dogmatibus
1678 3459 1734 3504 et
1783 3450 2031 3506 discursu

459 3535 661 3590 mentis
684 3545 844 3591 utens
865 3551 990 3605 qua:
1016 3546 1143 3592 sunt
1171 3554 1237 3593 ex
1293 3538 1543 3605 infernis,
1570 3556 1640 3596 ex
1674 3539 1904 3597 infernis
1929 3551 2032 3598 est.

459 3627 638 3698 Atque
669 3632 834 3683 etiam
881 3629 968 3684 hic
1004 3631 1238 3685 mundus
1264 3631 1519 3698 visibilis,
1553 3633 1859 3687 tuaterialis
1881 3634 2032 3688 exsi-

461 3729 636 3788 stens,
667 3729 889 3791 propter
947 3736 1042 3775 eos
1090 3723 1181 3788 qui
1219 3723 1485 3777 materiali
1520 3724 1627 3777 vita
1674 3734 1861 3795 egent,
1913 3725 2034 3780 loca

459 3813 684 3883 quidem
716 3814 879 3870 liabet
914 3815 1129 3870 diversa
1157 3833 1170 3880 ;
1218 3831 1339 3886 qua!
1372 3830 1504 3871 sane
1534 3817 1717 3871 omnia
1750 3832 2034 3888 compara-

461 3906 609 3961 tione
665 3920 846 3961 rerum
902 3907 1372 3973 imniatcrialium,
1431 3920 1488 3963 et
1539 3908 1918 3974 invisibilium,
1981 3919 2037 3963 et

460 4012 690 4067 corpore
718 4000 1046 4064 carentium,
1101 3999 1310 4055 inferna
1338 4008 1488 4064 sunt,
1530 4016 1638 4055 non
1672 4008 1883 4054 tantum
1918 4000 2037 4054 loco

460 4098 720 4155 quantum
780 4091 1189 4161 comparatione
1238 4094 1305 4146 ad
1349 4108 1437 4146 res
1492 4093 1812 4148 invisibiles.
1856 4093 2039 4161 Quan-

460 4187 576 4235 tum
610 4191 788 4236 autem
823 4184 875 4235 in
912 4184 1015 4238 hoc
1047 4184 1247 4237 mundo
1278 4184 1395 4238 Iuca
1426 4185 1607 4240 mundi
1641 4186 1783 4240 inter
1811 4201 1870 4241 se
1890 4200 2037 4241 com-

462 4273 703 4342 paranda
744 4283 893 4339 sunt,
931 4275 1178 4343 quaedam
1214 4274 1417 4329 fuerint
1447 4276 1559 4331 loca
1610 4276 1859 4345 inferne,
1888 4294 2038 4348 qua:-

464 4363 591 4418 dam
621 4378 858 4433 superne
890 4384 901 4420 :
935 4376 1093 4421 terrae
1138 4367 1283 4422 enim
1319 4368 1564 4436 proxima
1618 4368 1830 4425 inferne
1889 4378 2035 4435 sunt,

463 4454 709 4511 caelestia
742 4472 871 4512 vero
905 4473 1160 4529 superne,
1207 4459 1343 4514 adeo
1372 4468 1429 4513 ut
1460 4460 1561 4516 hac
1606 4462 1817 4517 ratione
1847 4462 1938 4531 qui
1965 4476 2033 4517 ex

2135 3262 2225 3325 τὸς
2258 3264 2352 3317 καὶ
2388 3267 2451 3319 ἐκ
2483 3267 2590 3320 τῶν
2624 3268 2773 3322 κάτω
2805 3267 2971 3323 ἐστίν.
3013 3268 3179 3339 ’Δλλη
3232 3268 3487 3338 μέντοιγε
3545 3270 3582 3338 ἡ
3608 3266 3720 3320 ὲπί-

2136 3371 2254 3410 νοια
2289 3358 2320 3428 ἡ
2349 3359 2411 3410 ὲκ
2435 3358 2545 3414 τῶν
2579 3360 2748 3425 κάτω,
2777 3363 2869 3415 καὶ
2892 3361 2994 3430 τῆς
3026 3362 3164 3431 γῆς’
3200 3360 3358 3415 κάτω
3386 3361 3501 3434 γὰρ
3538 3361 3723 3433 ὥσπερ

2135 3453 2285 3524 τόπῳ
2318 3455 2423 3507 τινὶ
2453 3457 2674 3521 νοεῖται,
2704 3453 2875 3518 οὕτως
2923 3454 3017 3507 καὶ
3043 3453 3296 3525 δόγμασι,
3347 3454 3444 3507 καὶ
3477 3454 3719 3525 διανοίᾳ·

2137 3544 2231 3598 καὶ
2262 3547 2369 3609 πᾶς
2401 3562 2465 3614 γε
2495 3548 2525 3599 6
2554 3544 2790 3609 τοιοῦτος
2816 3544 2926 3616 (82)
2955 3546 3186 3615 δόγμασι
3217 3546 3309 3599 καὶ
3337 3544 3558 3616 διανοίᾳ
3588 3545 3724 3617 χρώ-

2139 3655 2318 3709 μενος,
2349 3637 2508 3691 ἅτινά
2535 3639 2680 3690 ἐστιν
2705 3639 2769 3690 ὲκ
2797 3636 2904 3692 τῶν
2932 3637 3103 3703 κάτω,
3132 3640 3196 3691 ὲκ
3224 3638 3331 3691 τῶν
3364 3639 3527 3693 κάτω
3558 3636 3720 3693 ἐστίν.

2150 3729 2308 3782 Ἀλλά
2346 3730 2440 3782 καὶ
2478 3730 2508 3781 6
2541 3728 2885 3799 δεικνύμενος
2915 3729 3136 3800 κόσμος,
3185 3730 3364 3794 ὑλικδς
3404 3732 3722 3803 γενόμενος,

2137 3820 2228 3873 διὰ
2258 3821 2389 3884 τοὺς
2432 3819 2721 3889 δεηθέντας
2778 3821 2878 3891 τῆς
2910 3821 3020 3892 {83)
3069 3822 3253 3875 ὲνύλου
3306 3822 3478 3893 ζωῆς,
3530 3823 3725 3885 stimo;

2141 3914 2239 3984 μὲν
2266 3913 2377 3983 ἔχει
2425 3913 2734 3984 διαφόρους,
2789 3914 2984 3977 οἵτινες
3024 3914 3088 3985 δὴ
3117 3915 3318 3979 πάντες
3350 3916 3431 3980 ὡς
3463 3918 3573 3987 μὲν
3598 3915 3726 3989 πρὸς

2136 4005 2206 4058 τά
2235 4006 2392 4068 ἀῦλα,
2424 4006 2519 4059 καὶ
2568 4006 2637 4058 τὰ
2665 4005 2890 4076 ἀόρατα,
2927 4006 3021 4059 καὶ
3064 4006 3135 4060 τὰ
3163 4007 3432 4078 ἀσώματα
3463 4008 3621 4062 κάτω
3653 4012 3726 4061 εἰ·

2139 4098 2244 4162 σὶν,
2272 4097 2333 4150 o6
2362 4097 2518 4149 τόσον
2556 4096 2634 4167 τῷ
2665 4097 2834 4167 τόπῳ,
2864 4099 2985 4163 ὅσον
3010 4099 3077 4168 τῇ
3111 4099 3248 4168 πρὸς
3275 4100 3342 4154 τά
3366 4099 3587 4171 ἀόρατα
3612 4117 3730 4168 συγ.

2147 4190 2321 4263 κρίσει
2345 4207 2357 4221 ·
2409 4191 2533 4243 ὅσον
2570 4189 2627 4242 δὲ
2668 4189 2778 4261 (84)
2820 4190 2910 4243 ἐπὶ
2946 4188 3025 4258 τῷ
3064 4189 3253 4260 κόσμῳ
3287 4189 3482 4251 τόποις
3520 4190 3728 4257 κόσμου

2147 4280 2624 4341 συνεξετάζεσθαι.
2681 4277 2791 4334 εἷεν
2843 4282 2906 4335 ἄν
2944 4297 3090 4343 τινες
3127 4280 3278 4333 τόποι
3316 4282 3365 4331 οἱ
3403 4281 3601 4340 κάτω,
3644 4278 3733 4331 xx:

2138 4372 2287 4428 ἄλλοι
2320 4371 2462 4425 ἄνω·
2513 4370 2584 4424 τὰ
2635 4370 2733 4440 μὲν
2787 4369 2895 4440 γὰρ
2923 4372 3178 4442 περίγεια
3222 4372 3371 4425 κάτω
3402 4372 3551 4436 ἐστὶ,
3582 4372 3651 4425 τὰ
3677 4371 3729 4422 δὲ

2145 4466 2369 4536 οὐράνια
2402 4464 2542 4518 ἄνω·
2579 4463 2655 4527 ὡς
2694 4465 2835 4517 κατά
2867 4464 3023 4517 τοῦτο
3050 4464 3141 4518 τὸν
3193 4464 3290 4535 μὲν
3340 4467 3403 4517 ὲκ
3433 4465 3547 4518 τῶν
3584 4467 3730 4518 κάτω

464 4544 693 4600 infernis
723 4547 818 4611 sit,
850 4548 898 4603 is
919 4550 1083 4604 etiam
1127 4550 1352 4605 omnino
1377 4550 1448 4605 sit
1479 4566 1544 4606 ex
1572 4554 1675 4607 hoc
1705 4552 1936 4617 mundo;
1983 4562 2029 4606 at

2145 4555 2361 4616 πάντως
2386 4548 2521 4605 εἶναι
2556 4553 2621 4604 ἐκ
2670 4550 2764 4604 τοῦ
2814 4552 3018 4623 κόσμου
3052 4551 3241 4606 τούτου
3264 4570 3277 4582 ·
3334 4553 3426 4605 τὸν
3458 4554 3520 4607 δὲ
3547 4556 3615 4613 ἐκ
3642 4553 3730 4606 τοῦ

465 4652 595 4694 vero
625 4640 715 4708 qui
743 4655 811 4695 ex
843 4642 946 4695 hoc
982 4641 1180 4697 mundo
1213 4642 1308 4707 sit,
1342 4657 1450 4697 non
1499 4644 1722 4700 omnino
1753 4645 1824 4700 sit
1851 4659 1914 4700 ex
1953 4644 2036 4698 in-

464 4730 654 4788 fernis.
708 4733 843 4787 Vide
896 4733 1043 4787 enim
1096 4748 1163 4787 an
1205 4735 1489 4804 municeps
1527 4750 1820 4804 corporum
1857 4736 2038 4804 aliquo

464 4837 624 4897 pacto
653 4828 724 4882 sit
749 4842 815 4883 ex
848 4829 953 4883 ltoc
986 4828 1211 4892 mundo,
1244 4845 1349 4884 non
1398 4839 1579 4883 tamen
1604 4845 1671 4885 ex
1708 4828 1939 4884 infernis
1964 4830 2038 4883 lo-

465 4918 656 4972 caliter
687 4934 701 4983 ;
737 4926 1112 4973 verumtamen
1149 4918 1262 4988 ipse
1317 4920 1484 4972 etiam
1529 4934 1595 4974 ex
1647 4921 1879 4975 infernis
1928 4928 2036 4984 est,

465 5012 872 5081 comparatione
929 5024 1108 5065 rerum
1172 5025 1296 5080 quas
1350 5021 1532 5066 mente
1587 5012 1968 5081 percipiuntur
2015 5032 2028 5067 :

464 5102 663 5156 etenim
716 5104 894 5156 omnis
942 5103 1219 5167 municeps
1268 5117 1456 5158 eorum
1512 5117 1633 5171 qua:
1677 5103 1931 5157 videntur
1962 5105 2033 5167 δ’,

466 5210 699 5267 qumque
733 5207 1137 5262 pertransettnt,
1173 5206 1229 5252 et
1272 5211 1393 5267 quae
1423 5206 1551 5251 sunt
1590 5195 1933 5266 temporalia,
1966 5212 2035 5250 ex

467 5286 695 5343 infernis
744 5300 846 5353 est,
880 5293 1090 5347 etiamsi
1121 5292 1540 5363 comparatione
1573 5290 1817 5346 locorum
1870 5291 1940 5344 sit
1968 5306 2033 5344 ex

467 5380 716 5448 supernis
753 5397 766 5433 :
802 5382 1034 5453 licetque
1084 5384 1327 5455 profecto
1363 5384 1668 5453 cuicunque
1708 5382 1799 5451 qui
1832 5397 1899 5437 ex
1950 5384 2032 5438 in-

468 5469 654 5539 fernis,
705 5483 762 5527 et
804 5488 871 5527 ex
912 5475 1015 5531 hoc
1054 5477 1274 5541 mundo,
1302 5485 1357 5530 et
1380 5490 1411 5530 e
1442 5487 1584 5531 terra
1620 5473 1807 5540 fuerit,
1841 5475 2034 5529 immu-

538 5611 583 5643 ⁸⁸
606 5609 765 5667 Joan.
790 5625 909 5678 vut,
942 5610 1029 5667 25.
1109 5613 1154 5644 ⁸⁸
1181 5612 1336 5670 Joan.
1365 5631 1447 5681 ιιι,
1474 5617 1562 5680 51,
1593 5618 1682 5671 52.
1760 5616 1801 5648 ⁵⁷
1829 5616 2046 5671 Coloss.
2077 5630 2115 5678 ι,

543 5719 1233 5793 (82)_Codexl3arberinus
1269 5726 1321 5779 in
1358 5729 1599 5793 margine
1650 5728 1809 5783 liabet
1864 5727 2039 5780 τοιού-

470 5808 605 5853 τοις.
641 5790 825 5861 sicque
849 5792 1062 5861 videtur
1097 5791 1285 5861 legisse
1308 5790 1611 5850 Fcrrai-ius.

543 5860 652 5930 (85)
682 5860 861 5916 Codex
887 5860 1234 5929 Bodleiantns,
1267 5864 1382 5934 τῆς·
1414 5865 1634 5937 Regius,
1667 5866 1811 5932 τούς,
1842 5867 2000 5921 male.

2140 4647 2347 4715 κόσμου
2400 4643 2592 4696 τούτου
2647 4643 2721 4714 μὴ
2752 4643 2968 4706 πάντως
3006 4640 3147 4696 εἶναι
3191 4644 3286 4698 καὶ
3318 4645 3384 4697 ὲκ
3414 4644 3535 4701 τῶν
3561 4647 3728 4699 κάτω.

2152 4736 2211 4789 ὐ
2244 4734 2353 4806 γάρ
2387 4734 2611 4805 πολίτης
2656 4734 2762 4788 τῶν
2797 4734 3199 4806 σωμάτων,δρα
3227 4737 3277 4788 εἰ
3325 4735 3443 4789 ἔστι
3482 4737 3586 4807 μέν
3621 4753 3733 4799 πως

2142 4830 2206 4882 ὲκ
2240 4827 2333 4881 τοῦ
2380 4828 2584 4897 κόσμου
2620 4825 2834 4889 τούτου,
2884 4826 2943 4878 οὐ
2982 4824 3089 4895 μὴν
3122 4828 3188 4880 ὲκ
3218 4824 3325 4880 τῶν
3352 4824 3605 4887 τοπικῶς
3635 4825 3730 4878 κά-

2145 4936 2248 4973 τω’
2275 4918 2413 4989 πλὴν
2442 4918 2537 4972 καὶ
2569 4917 2751 4981 αὐτὸς,
2774 4918 2848 4981 ὡς
2884 4917 3020 4987 πρὸς
3054 4916 3341 4988 σύγκρισιν
3362 4916 3476 4969 τῶν
3500 4917 3731 4988 νοητῶν,

2142 5016 2205 5066 ὲκ
2238 5013 2344 5065 τῶν
2376 5011 2525 5064 κάτω
2548 5027 2560 5039 ·
2592 5011 2685 5063 καὶ
2715 5009 2824 5079 γὰρ
2871 5011 2979 5072 πᾶς
3011 5009 3176 5062 δ’τῶν
3204 5007 3557 5079 βλεπομένων
3585 5009 3740 5063 πολῖ-

2140 5120 2258 5174 της,
2296 5102 2389 5155 καὶ
2412 5100 2852 5172 παρερχομένων,
2882 5099 2975 5152 καὶ
3003 5099 3371 5170 προσκαίρων,
3404 5100 3473 5152 ἐκ
3502 5099 3617 5153 τῶν
3640 5099 3738 5153 κὰ-

2140 5214 2220 5250 τω
2249 5197 2384 5259 ἐστὶ,
2418 5194 2521 5248 κᾶν
2571 5197 2628 5246 ὲν
2678 5192 2985 5265 συγκρίσει¹
3012 5194 3192 5247 τόπων
3227 5195 3292 5245 ὲκ
3325 5192 3436 5245 τῶν
3470 5194 3738 5248 ἀνωτάτω

2140 5288 2406 5359 τυγχάνῃ.
2440 5287 2658 5353 Ἔξεστι
2689 5286 2937 5356 μέντοιγε
2966 5284 3057 5338 τὸν
3101 5286 3166 5337 ἐκ
3200 5284 3305 5337 τῶν
3339 5284 3516 5349 κάτω,
3545 5285 3645 5339 καὶ
3674 5287 3735 5337 ἐκ

2138 5377 2232 5431 τοῦ
2259 5378 2463 5447 κόσμου
2497 5376 2709 5439 τούτου,
2764 5376 2857 5429 καλ⁵
2890 5378 2953 5429 ὲκ
2985 5375 3084 5443 τῆς
3110 5375 3214 5445 γῆς
3255 5375 3607 5446 μεταϐαλεῖν,
3644 5376 3736 5427 καὶ

2145 5471 2397 5541 γενέσθαι
2420 5473 2482 5524 ἐκ
2504 5470 2610 5524 τῶν
2634 5471 2765 5534 ἄνω,
2804 5471 2895 5523 καὶ
2922 5468 3119 5540 μηκέτι
3147 5470 3213 5522 ὲκ
3244 5468 3339 5522 τοῦ
3374 5469 3584 5539 κόσμου

2145 5613 2229 5667 l5.
2308 5613 2354 5645 ”
2385 5614 2402 5667 1
2432 5612 2560 5668 Cor.
2600 5628 2687 5675 xv.
2711 5612 2801 5665 47.
2878 5611 2923 5642 δ’
2952 5609 2989 5663 ll
3014 5610 3139 5665 Cor.
3175 5626 3250 5673 tv,
3284 5608 3373 5663 18.

2222 5724 2337 5792 (8i)
2372 5727 2552 5779 Ὅσον
2576 5723 2663 5783 δέ.
2693 5733 2799 5777 etc.
2832 5721 3140 5792 Legendunt
3177 5721 3391 5792 videtur
3415 5717 3621 5792 ὄσονδὲ
3653 5717 3737 5792 δεῖ

2147 5783 2238 5847 ἐπι
2271 5783 2347 5862 τῷ
2381 5795 2568 5864 κόσμῳ
2598 5793 2794 5855 τόπους
2841 5783 3044 5864 κόσμου
3105 5788 3575 5864 ωνεξετάζεσθαι,
3625 5783 3735 5864 eisv

2149 5865 2211 5919 ἄν
2245 5857 2606 5930 τινες,ριὲ.’1η
2629 5866 2812 5918 codice
2846 5857 3138 5919 Bodleiano
3162 5872 3287 5916 ante
3310 5857 3419 5913 εἷεν
3436 5860 3638 5930 legitur
3664 5859 3733 5913 ei.
