3826 6534
182 411 275 468 5Ε5

1252 421 1612 479 COMMENT.
1655 423 1721 479 ΙΝ
1758 422 1949 479 JOAN.
1985 422 2222 481 TOMUS
2262 427 2401 485 XIX.

3319 436 3424 493 566

174 546 276 595 του,
319 528 413 583 καὶ
460 529 631 587 ἄλλον
689 534 756 587 ἐκ
792 536 890 605 μὲν
923 535 1014 590 τοῦ
1049 537 1255 610 κόσμου
1292 542 1505 607 τούτου,
1556 544 1619 596 ὲκ
1661 560 1727 595 τοπ

1863 544 1962 596 tari
2003 552 2056 598 et
2086 544 2201 598 tieri
2246 559 2276 599 e
2309 544 2577 614 superuis,
2609 560 2708 601 nec
2737 546 2966 615 amplius
2991 563 3057 603 ex
3087 549 3187 606 hoc
3222 540 3424 608 mundo

174 618 379 689 ούρανοῦ
409 619 489 673 δέ.
523 622 675 693 Φησὶ
710 624 841 692 γοῦν
874 629 982 690 τοῖς
1015 628 1283 699 μαθηταῖς
1309 632 1337 682 6
1380 632 1570 703 Σωτήρ
1602 630 1712 700 (85)
1733 648 1747 661 ·

177 730 196 765 ι
213 713 297 766 Ἐκ
319 711 414 764 τοῦ
438 714 663 785 κόσμου
698 713 818 789 ἦτε,
853 719 1007 787 κάγὼ
1035 719 1362 792 ἐξελεξάμην
1389 724 1531 793 ὑμᾶς
1563 726 1626 777 ὲκ
1657 723 1749 777 τοῦ

172 802 376 889 κόσμου,
412 805 511 857 καὶ
543 806 742 861 οὐκέτι
775 810 898 863 ἐστὲ
920 813 983 864 ὲκ
1016 810 1108 865 τοῦ
1139 813 1373 885 κόσμου·
1401 834 1419 865 ι
1454 814 1611 888 εἴπερ
1643 816 1750 889 γὰρ

171 888 311 962 ἦλθεν
355 893 383 944 6
415 893 625 967 Σωτὴρ
676 898 931 969 ζητῆσαι,
988 902 1082 953 κα)⁵
1128 903 1299 956 σῶσαι
1346 903 1406 956 τὸ
1451 888 1747 971 ἀπολωλὸς,

172 978 283 1053 ἦλθε
312 984 438 1046 τοὺς
483 984 652 1040 κάτω
701 991 795 1044 καὶ
828 991 1391 1064 πολιτογραφηθέντας
1423 998 1480 1049 ἐν
1507 998 1619 1061 τοῖς
1654 999 1750 1052 κά-

171 1091 235 1125 τω
260 1076 601 1147 μεταστῆσαι
652 1081 748 1134 ἐπὶ
793 1083 861 1137 τὰ
890 1085 1022 1138 ἄνω.
1080 1086 1191 1139 Καὶ
1231 1088 1338 1158 γὰρ
1367 1089 1445 1151 εἰς
1470 1088 1539 1143 τά
1573 1090 1749 1142 κατὼ-

170 1179 282 1233 τερα
314 1165 455 1236 μέρη
485 1169 594 1239 τῆς
629 1170 741 1242 γῆς
762 1174 791 1225 6
821 1176 1064 1240 κατασὰς
1094 1178 1255 1241 αὐτός
1283 1180 1398 1232 ἐστι
1426 1180 1513 1234 διὰ
1537 1184 1661 1245 τοὺς
1689 1184 1747 1237 ἐν

170 1258 262 1318 τοῖς
307 1258 620 1315 κατωτάτω
670 1264 771 1335 τῆς
802 1266 941 1335 γῆς·
997 1267 1131 1322 ἀλλὰ
1162 1271 1255 1323 καὶ
1289 1272 1454 1344 ἀνέϐη
1490 1273 1746 1344 ὑπεράνω

173 1346 361 1403 πάντων
384 1350 497 1405 τῶν
529 1354 598 1405 ού
608 1355 811 1426 ρανῶν,
838 1358 1095 1414 ὁδοποιῶν
1122 1363 1232 1425 τοῖς
1256 1361 1621 1434 βουλομένοις,
1654 1366 1745 1418 καὶ

169 1440 376 1509 γνησίως
424 1443 585 1514 αύτῷ
647 1448 1127 1521 μαθητευομένοις,
1171 1454 1269 1525 τὴν
1316 1456 1584 1528 φέρουσαν
1629 1459 1743 1514 ὁδὸν

169 1530 246 1581 ἐπὶ
264 1530 325 1584 τὰ
353 1532 624 1604 ὑπεράνω
656 1540 875 1593 πάντων
905 1543 1012 1596 τῶν
1048 1544 1313 1616 οὐρανῶν,
1346 1549 1624 1603 τουτέστιν
1652 1552 1743 1605 ἐπὶ

170 1621 225 1713 τά
253 1621 348 1687 ἔξω
399 1627 711 1696 σωμάτων.
769 1632 833 1685 Ei
860 1632 919 1708 δὲ
952 1636 1046 1687 καὶ
1074 1637 1259 1702 ποθεῖς
1297 1639 1486 1709 μαθεῖν
1510 1642 1618 1695 ἀπὸ
1644 1643 1743 1713 τῆς

173 1712 366 1783 Γραφῆς
395 1716 479 1780 τίς
508 1719 672 1773 ἐστιν
698 1723 729 1774 6
762 1724 827 1775 ὲκ
856 1724 963 1778 τῶν
995 1728 1164 1791 κάτω,
1214 1730 1309 1783 καὶ
1337 1732 1420 1795 τίς
1448 1734 1594 1786 ἐστιν
1622 1736 1649 1787 6
1680 1712 1742 1788 ἐκ

168 1805 254 1857 τῶν
280 1808 406 1871 ἄνω,
459 1811 681 1865 ἄκουε·
725 1815 877 1869 Ἐπεὶ
925 1818 1056 1873 ὅπου
1103 1823 1130 1873 6
1164 1820 1434 1893 θησαυρὸς
1485 1825 1737 1890 ἑκάστου,

168 1896 262 1989 ἐκεῖ
283 1899 370 1952 καὶ
392 1901 429 1971 ἡ
461 1904 677 1973 καρδία
711 1907 862 1960 ἐστίν
887 1925 898 1938 ·
931 1910 1025 1964 ἐάν
1052 1928 1134 1975 τις
1181 1912 1485 1989 θησαυρίζῃ
1518 1919 1611 1971 ἐπὶ
1639 1918 1739 1988 τῆς

167 1986 269 2056 γῆς,
310 1989 367 2054 ἐξ
414 1993 593 2046 αὑτοῦ
650 1996 746 2050 τοῦ
788 1997 1134 2072 θησαυρίζειν
1161 2003 1254 2055 ἐπὶ
1277 2004 1376 2075 τῆς
1538 2009 1601 2059 ὲκ
1630 1986 1737 2064 τῶν

167 2079 290 2132 κάτω
314 2081 530 2150 γίνεται
552 2102 568 2115 ·
608 2085 708 2139 ἐὰν
742 2087 799 2141 δέ
823 2106 906 2152 τις
928 2090 1229 2167 θησαυρίζῃ
1258 2096 1313 2146 ἐν
1339 2098 1448 2160 τοῖς
1469 2098 1527 2149 ού
1538 2103 1734 2168 ρανοῖς,
1760 2148 1773 2156 ,

166 2173 389 2236 γεννᾶται
421 2174 666 2239 ἄνωθεν,
729 2182 824 2234 καὶ
869 2182 1235 2254 ἀναλαμϐάνει
1268 2188 1364 2259 τὴν
1414 2190 1595 2244 εἰκόνα
1642 2192 1735 2246 τοῦ

165 2260 462 2334 ἐπουρανίου
484 2285 498 2297 ο
565 2269 712 2324 ἀλλὰ
750 2272 843 2325 καὶ
892 2274 1050 2340 ἄλλος
1101 2274 1324 2331 διελθὼν
1371 2281 1578 2346 πάντας
1611 2285 1736 2349 τοὺς

164 2351 396 2447 οὐρανοὺς
443 2359 504 2410 ὲν
533 2360 683 2413 τέλει
721 2364 1031 2434 εὑρίσκεται
1085 2371 1506 2443 μακαριωτάτῳ.
1548 2374 1647 2447 Εῖη
1687 2375 1733 2429 δ’

163 2441 214 2493 ἂν
242 2447 326 2498 καὶ
370 2448 449 2501 τά
500 2453 773 2524 ἐκατέρου
804 2454 958 2526 ἔργα,
986 2455 1074 2511 οἶα
1118 2458 1268 2515 εἶπον
1298 2462 1408 2534 (86)
1431 2441 1735 2520 ’Ἳῶστεέἱέ

164 2537 261 2587 πεῖν
302 2537 369 2590 ἂν
402 2540 475 2593 τὰ
529 2542 675 2613 ἔργα
707 2545 806 2616 τῆς
835 2547 1035 2619 σαρκὸς
1060 2554 1235 2605 ποιεῖν
1263 2554 1353 2606 τὸν
1396 2556 1460 2608 ἐκ
1492 2557 1600 2611 τῶν
1636 2558 1733 2612 κά-

158 2639 238 2688 τω,
264 2626 352 2684 τὸν
383 2630 445 2683 δὲ
494 2635 720 2704 καρπὸν
750 2637 844 2690 τοῦ
889 2639 1196 2711 πνεύματος
1241 2645 1329 2698 τὸν
1358 2648 1422 2700 ἐκ
1445 2649 1553 2703 τῶν
1597 2652 1728 2711 ἄνω,

162 2714 235 2810 κέ
261 2719 422 2772 πάλιν
454 2721 557 2792 τὴν
592 2726 735 2793 πρὸς
784 2726 874 2782 τὸν
923 2730 1123 2801 κόσμον
1152 2734 1335 2789 τοῦτον
1377 2739 1596 2810 ἀγάπην
1640 2744 1730 2796 τὸν

161 2804 249 2906 (εἳ)
275 2810 336 2862 ἐκ
364 2810 460 2906 τοῦ
495 2814 713 2886 κόσμου
741 2819 927 2874 τούτου
946 2838 961 2851 ⁸
995 2825 1137 2887 ἐπεὶ,
1171 2827 1307 2880 κατὰ
1330 2804 1435 2882 τὸν
1455 2804 1726 2906 Ἰωάννην,

157 2893 321 2965 ὁὲχων
368 2899 481 2975 τὴν,
524 2904 761 2976 ἀγάπην
804 2909 896 2962 τοῦ
927 2909 1084 2974 Θεοῦ,
1117 2915 1321 2979 ἐκεῖνος
1351 2920 1451 2972 ούκ
1483 2921 1627 2976 ἔστιν
1664 2926 1727 2979 ἐκ

157 2986 232 3038 τοῦ
256 2989 462 3061 κόσμου
496 2994 696 3048 τούτου
718 3014 731 3026 ·
763 2998 820 3063 ὃς
851 3000 907 3052 δὲ
932 3003 1030 3055 οὐκ
1058 3003 1246 3075 ἀγαπᾷ
1271 3007 1361 3060 τὸν
1394 3011 1612 3081 κόσμον,
1638 3015 1727 3067 ού-

156 3076 212 3173 Ge
223 3080 284 3173 τά
303 3084 363 3136 ἐν
388 3085 608 3157 κόσμῳ,
642 3088 781 3144 ἀλλὰ
802 3090 972 3161 λέγων
993 3113 1006 3126 ·
1045 3114 1064 3147 ι
1087 3099 1238 3170 Ἐμοὶ
1265 3103 1338 3173 μὴ
1360 3076 1568 3169 γένοιτο
1594 3125 1727 3160 καυ-

1853 651 1975 690 esse
2005 653 2019 691 :
2053 636 2142 690 alii
2175 637 2336 691 etiam
2364 637 2508 702 licet,
2532 652 2599 692 ex
2636 639 2736 692 hoc
2753 639 2951 693 saeculo
2980 656 3102 694 cum
3127 643 3219 707 sit,
3249 643 3363 698 ﬁeri
3395 661 3428 700 e

1853 726 2013 791 cmlo,
2049 727 2269 782 dicente
2296 727 2577 795 discipulis
2608 727 2898 783 Servatore
2921 730 2966 762 ⁸ο
2995 748 3008 784 :
3049 747 3067 780 ι
3103 728 3179 783 Ex
3227 734 3426 787 mundo

1851 817 2042 882 eratis,
2073 826 2128 869 et
2176 830 2278 886 ego
2313 831 2408 871 vos
2434 830 2466 871 e
2508 816 2710 871 mundo
2742 816 2904 886 elegi,
2939 820 3037 873 nec
3068 818 3305 886 amplius
3354 835 3425 874 ex

1852 908 2055 964 mundo
2079 907 2212 962 estis
2240 920 2256 960 :
2294 926 2312 958 ι
2348 906 2781 977 quandoquidem
2810 906 2955 961 enim
2985 909 3135 963 venit
3161 907 3424 964 Servatur

1849 1014 2096 1069 quzerere
2142 1009 2198 1054 et
2245 1014 2472 1055 servare
2522 997 2665 1068 quod
2718 999 2953 1066 perierat
3000 998 3068 1065 σί,
3124 1000 3275 1054 venit
3329 1016 3423 1056 eos

1853 1092 2219 1145 translaturus
2243 1092 2307 1145 ad
2334 1105 2587 1161 superna,
2617 1090 2708 1159 qui
2736 1089 2947 1145 inferne
2974 1103 3151 1157 erant,
3177 1100 3233 1147 et
3259 1094 3423 1148 ascri-

1848 1185 1925 1254 pti
1964 1184 2111 1239 cives
2161 1186 2307 1238 inter
2331 1200 2424 1239 eos
2469 1185 2562 1254 qui
2610 1184 2824 1238 inferne
2854 1195 3031 1240 erant.
3060 1186 3272 1242 Etenim
3307 1188 3425 1256 ipse

1847 1285 1947 1339 est,
1997 1276 2088 1345 qui
2132 1277 2411 1331 descendit
2466 1277 2517 1329 in
2577 1274 2865 1330 inferiores
2919 1287 3103 1345 partes
3157 1288 3317 1333 terra:
3344 1279 3411 1343 ",

1848 1375 2068 1433 propter
2115 1380 2210 1420 eos
2258 1368 2347 1434 qui
2396 1378 2555 1421 erant
2604 1366 2657 1421 in
2709 1366 2911 1423 intimis
2956 1371 3203 1438 partibus
3237 1382 3417 1425 terrm.

1848 1455 1987 1521 Quin
2016 1458 2178 1512 etiam
2221 1461 2468 1514 ascendit
2511 1476 2674 1530 super
2706 1477 2896 1516 omnes
2950 1463 3115 1516 cattus
3169 1464 3232 1526 ",
3275 1464 3418 1517 viain

1847 1562 2160 1616 praeparans
2209 1552 2538 1618 volentibus,
2587 1565 2750 1624 atque
2800 1556 2961 1608 etiam
3000 1556 3082 1609 his
3128 1555 3217 1624 qui
3250 1556 3419 1625 ipsius

1845 1638 2093 1707 discipuli
2125 1640 2335 1695 sincere
2368 1641 2591 1707 fuerint,
2626 1646 2688 1697 ad
2718 1660 2779 1699 ea
2812 1660 2932 1712 quae
2952 1655 3079 1699 sunt
3106 1660 3269 1714 supra
3301 1661 3419 1699 om-

1845 1743 1941 1782 nes
1990 1729 2177 1794 malos,
2214 1733 2315 1785 hoe
2348 1741 2428 1785 est
2459 1734 2524 1786 ad
2580 1750 2642 1789 ea
2675 1751 2794 1803 qua!
2820 1746 2944 1790 sunt
2973 1747 3128 1790 cXIra
3159 1752 3413 1806 corpora.

1844 1818 1998 1884 Quod
2032 1820 2076 1874 si
2105 1821 2260 1889 cupis
2289 1837 2318 1874 a
2347 1822 2634 1892 Scriptura
2670 1825 2879 1881 discere
2905 1826 3028 1895 quis
3052 1829 3124 1882 sit
3147 1844 3211 1882 ex
3243 1829 3417 1883 infer-

1843 1913 1950 1977 nis,
2012 1912 2249 1981 itemque
2280 1915 2404 1982 quis
2431 1918 2501 1970 sit
2552 1931 2582 1971 e
2628 1918 2905 1987 supernis,
2941 1920 3067 1974 audi
3104 1938 3117 1972 :
3148 1920 3415 1987 Quoniam

1842 2003 1929 2058 ubi
1983 2004 2148 2058 fuerit
2201 2005 2633 2078 uniuscujusque
2686 2010 2996 2076 thesaurus,
3048 2012 3158 2068 illic
3206 2012 3314 2070 erit
3355 2023 3412 2069 et

1840 2110 1936 2149 cor
1966 2095 2042 2160 65;
2095 2098 2139 2151 si
2171 2100 2293 2168 quis
2323 2102 2607 2154 thesauros
2639 2101 3007 2157 recondiderit
3040 2104 3090 2157 in
3126 2113 3296 2172 terra,
3344 2120 3413 2161 ex

1842 2188 1957 2254 ipso
2008 2190 2150 2256 quod
2207 2191 2458 2245 recondit
2488 2191 2774 2247 thesauros
2805 2194 2856 2245 in
2890 2204 3058 2259 terra,
3086 2210 3150 2251 ex
3186 2196 3414 2252 infernis

1835 2277 2105 2342 efﬁcitur;
2141 2281 2224 2334 sin
2256 2295 2385 2335 vero
2415 2283 2704 2335 thesauros
2753 2285 3122 2340 recondiderit
3157 2287 3209 2341 in
3236 2287 3414 2351 cmlis,

1837 2369 2082 2423 nascitur
2123 2385 2153 2423 e
2187 2371 2440 2439 supernis
2470 2411 2486 2435 ,
2519 2380 2573 2425 et
2616 2372 2841 2425 assumit
2884 2372 3184 2444 imaginem
3219 2389 3413 2447 super—

1835 2461 2078 2516 cmlestis
2102 2462 2147 2493 “
2179 2480 2191 2516 :
2230 2474 2395 2531 atque
2427 2464 2589 2517 etiam
2640 2464 2780 2518 alius
2808 2464 2971 2536 305.
3002 2482 3125 2522 cum
3156 2480 3401 2538 pcnetra-

1836 2551 1909 2605 rit
1948 2567 2137 2607 omnes
2183 2554 2351 2608 cmlos
2381 2554 2450 2621 “,
2479 2556 2530 2608 in
2560 2556 2666 2609 line
2711 2556 3020 2612 invenietur
3071 2560 3411 2618 beatissimo.

1834 2641 1954 2695 Sint
1983 2653 2162 2697 autem
2199 2645 2481 2713 utriusque
2509 2661 2701 2716 opera,
2728 2649 2910 2717 qualia
2934 2652 3045 2706 dixi
3080 2669 3096 2707 :
3133 2654 3201 2708 ita
3239 2667 3298 2709 ut
3329 2657 3415 2712 di-

1832 2748 2023 2787 camus
2046 2750 2207 2804 opera
2249 2736 2433 2790 carnis
2463 2736 2644 2790 facere
2673 2754 2796 2792 cum
2827 2742 2916 2809 qui
2942 2759 3006 2797 ex
3037 2744 3266 2800 infernis
3288 2757 3406 2813 est;

1833 2824 2065 2878 fructum
2098 2840 2226 2878 vero
2246 2826 2473 2895 spiritus
2490 2827 2671 2882 facere
2698 2843 2819 2883 eum
2841 2834 2931 2900 qui
2962 2845 3091 2890 este
3117 2841 3408 2906 supernis;

1830 2925 1995 2983 atque
2033 2931 2226 2969 rursus
2282 2931 2528 2972 antorem
2576 2933 2703 2987 erga
2740 2919 2885 2977 hunc
2936 2927 3192 2980 inunduin
3226 2927 3408 2982 facere

1827 3005 2101 3060 hominem
2156 3023 2222 3062 ex
2265 3010 2370 3063 hoc
2422 3011 2624 3065 mundo
2673 3016 3027 3070 exsistentem
3058 3034 3073 3074 :
3107 3019 3404 3086 quoniam,

1826 3102 2120 3153 secundum
2153 3099 2439 3164 Joannem,
2489 3104 2581 3172 qui
2630 3108 2796 3163 habet
2839 3123 3080 3164 amorem
3123 3109 3260 3175 Dei,
3314 3110 3407 3167 illo

155 3168 364 3282 ξᾶσθαιζ
381 3175 447 3282 εἱ
465 3174 578 3281 μὴγ
591 3178 653 3229 ἐν
678 3178 757 3249 τῷ
782 3181 999 3253 σταυρῷ
1025 3185 1119 3238 τοῦ
1150 3168 1380 3259 Κυρίου
1401 3210 1500 3262 μου
1549 3195 1720 3267 Ἰησοῦ

1833 3206 1933 3245 non
1961 3202 2043 3246 est
2072 3207 2140 3246 ex
2174 3193 2277 3248 hoc
2306 3195 2537 3263 mundo;
2573 3199 2666 3266 qui
2699 3209 2879 3255 autem
2903 3216 3006 3255 non
3040 3201 3217 3272 diligit
3248 3219 3405 3257 iuun-

158 3255 389 3328 Χριστοῦ,
418 3262 488 3317 δι’
516 3258 581 3318 οὗ
611 3267 740 3336 ἐμοὶ
776 3269 978 3338 κόσμος
1024 3255 1383 3348 ἐσταύρωται,
1401 3255 1568 3351 -κάγὼ
1610 3255 1720 3340 ⁵κό-

155 3360 275 3418 σμῳ,
297 3369 313 3402 ι
344 3354 443 3407 καὶ
474 3356 679 3428 χωρῶν
707 3358 767 3411 τὸ
796 3359 1014 3434 ἀγαπᾷν
1039 3365 1245 3438 Κύριον
1276 3370 1365 3424 τὸν
1396 3371 1527 3427 Θεὸν
1556 3377 1719 3431 αὐτοῦ

226 3441 345 3513 δλης
389 3446 494 3517 τῆς
521 3449 760 3519 καρδίας
807 3455 991 3520 αὐτοῦ,
1038 3459 1135 3512 καὶ
1164 3459 1224 3525 ἐξ
1268 3463 1396 3535 ὅλης
1418 3467 1515 3537 τῆς
1543 3469 1720 3541 ψυχῆς

155 3530 314 3597 αὐτοῦ,
346 3539 442 3590 καὶ
476 3538 540 3604 ἐξ
586 3540 722 3612 ὅλης
749 3542 850 3614 τῆς
894 3545 1129 3613 διανοίας
1165 3530 1361 3618 αὐτοῦ,
1397 3530 1481 3626 τῷ.
1502 3530 1576 3630 psi)

155 3624 316 3683 ϐεσθαι
348 3633 447 3704 τὴν
484 3637 751 3708 τοιαύτην
796 3641 1014 3715 ἀγάπην
1046 3646 1149 3698 ὑπὸ
1188 3649 1286 3720 τῆς
1336 3651 1472 3722 πρὸς
1502 3654 1591 3708 τὸν
1625 3659 1715 3711 κό-

154 3730 269 3815 σμον
308 3725 553 3797 ἀγάπης,
594 3729 690 3782 καὶ
718 3730 783 3784 τὰ
816 3732 927 3803 (88)
957 3736 1014 3788 ὲν
1061 3736 1139 3808 τῷ
1169 3738 1356 3811 κόσμῳ
1380 3757 1392 3770 ·
1440 3743 1719 3815 ἀμήχανον

155 3808 244 3909 γὰρ
269 3818 640 3889 συνυπάρχειν
692 3822 790 3893 τὴν
820 3826 956 3895 πρὸς
997 3827 1088 3880 τὸν
1140 3808 1341 3900 κόσμον
1653 3842 1717 3909 τῇ

310 3905 397 3961 τὸν
447 3908 590 4001 (θεὸν
623 3913 845 3987 ἀγάπῃ*
900 3918 976 3980 ὡς
1023 3921 1301 3991 ἀμήχανον
1357 3902 1717 4001 συνυπάρχειν

156 3990 374 4089 βήλοις
403 3999 522 4089 φῶς
548 4002 651 4054 καὶ
680 4005 888 4069 σκότος,
924 4008 955 4078 ἢ
988 4009 1220 4079 Χριστὸν
1263 4013 1355 4066 καὶ
1385 4014 1475 4068 τὸν
1501 3990 1716 4089 Βελίαρ,

154 4082 281 4151 ῆτὸν
302 4091 425 4143 ναὸν
472 4088 622 4146 εἶναι
652 4096 749 4148 τοῦ
795 4097 929 4151 Θεοῦ
962 4100 1101 4170 μετὰ
1137 4105 1230 4156 τοῦ
1264 4106 1391 4160 ναοῦ
1431 4111 1719 4181 τυγχάνον-

152 4187 229 4272 Vr;
256 4174 356 4250 (89)
388 4182 653 4238 εἰδώλων.
706 4187 794 4251 Ὡς
826 4188 1088 4262 διαφορᾶς
1131 4194 1377 4265 μέντοιγε
1408 4174 1575 4272 οὔσης
1613 4203 1719 4257 τῶν

156 4264 282 4321 κάτω
303 4273 434 4343 πρὸς
456 4275 694 4347 ἄλληλα,
729 4277 941 4347 λέγεται
963 4264 1334 4354 ὑπερθετικῶς
1355 4290 1415 4343 τό
1435 4308 1448 4322 ·
1489 4314 1506 4344 ι
1530 4264 1719 4348 .1305»)-

153 4356 205 4407 τό
232 4376 290 4427 με
317 4363 373 4415 ἐν
412 4364 612 4437 λάκκῳ
660 4371 960 4442 κατωτάτῳ
982 4391 995 4404 ·
1030 4393 1048 4426 ι
1088 4376 1181 4429 καὶ
1212 4378 1272 4431 τό
1298 4396 1310 4408 ·
1353 4400 1369 4432 ι
1392 4381 1486 4445 Εἰς
1518 4385 1585 4438 τὰ
1617 4405 1716 4440 κα-

154 4446 338 4506 τώτατα
364 4455 466 4525 τῆς
510 4458 623 4528 γῆς
658 4461 689 4512 6
733 4462 998 4528 καταϐάς,
1033 4458 1188 4529 οὗτός
1220 4469 1367 4522 ἐστιν
1406 4472 1499 4526 καὶ
1521 4475 1549 4525 6
1579 4477 1710 4531 ἀνα-

1825 3286 1977 3349 dum,
2013 3300 2112 3340 nec
2142 3301 2207 3340 ea
2245 3287 2462 3355 quidem
2491 3303 2610 3357 qua)
2654 3293 2705 3345 in
2742 3294 2943 3348 mundo
2967 3307 3095 3349 sunt
3127 3295 3302 3366 diligit
3330 3296 3399 3361 θ’,

1824 3376 1919 3429 sed
1946 3375 2116 3431 dicit:
2160 3393 2177 3426 ε
2218 3376 2345 3429 Mihi
2375 3377 2519 3432 absit
2552 3378 2795 3448 gloriari,
2830 3383 2931 3440 nisi
2979 3385 3031 3437 in
3084 3400 3245 3441 cruce
3298 3386 3403 3442 00'—

1824 3466 1953 3519 mini
2015 3465 2119 3521 mei
2168 3464 2296 3521 Jesu
2346 3464 2571 3532 Christi,
2620 3483 2716 3538 per
2768 3487 2928 3539 quem
2974 3472 3105 3528 mihi
3165 3474 3400 3528 mundus

1824 3559 2125 3612 cruciﬁxus
2149 3568 2255 3621 est,
2294 3567 2349 3612 et
2383 3571 2483 3625 ego
2524 3562 2728 3615 mundo
2760 3561 2828 3624 ⁸⁸,
2868 3582 2887 3614 ι
2924 3573 2979 3617 et
3002 3563 3147 3632 capit
3175 3563 3401 3632 diligere

1828 3653 2112 3706 Dominum
2143 3655 2308 3707 Deum
2334 3668 2491 3708 suum
2523 3667 2588 3707 ex
2622 3662 2734 3707 toto
2758 3656 2922 3709 corde
2947 3670 3066 3719 suo,
3108 3666 3161 3711 et
3188 3671 3253 3710 ex
3290 3665 3397 3709 tota

1824 3743 2005 3795 anima
2039 3758 2157 3809 sua,
2202 3751 2256 3798 et
2290 3759 2358 3796 cx
2407 3753 2519 3798 tota
2554 3754 2731 3798 mente
2778 3760 2873 3799 sua
2908 3747 2975 3812 θ’,
3007 3762 3072 3801 eo
3103 3747 3242 3816 quod
3290 3763 3400 3803 non

1823 3843 2105 3902 prematur
2145 3834 2268 3889 talis
2301 3849 2458 3889 amor
2506 3835 2574 3889 ab
2605 3850 2792 3890 amore
2846 3838 3051 3903 mundi,
3105 3846 3159 3891 et
3208 3852 3398 3893 eorum

1824 3937 1945 3991 qua:
1987 3925 2203 3978 suntin
2255 3925 2478 3978 mundo.
2534 3923 2677 3979 Fieri
2726 3926 2870 3979 enim
2918 3922 3191 3996 nequit’ut
3235 3926 3401 3981 simul

1821 4015 2050 4068 exsistat
2081 4031 2236 4069 amor
2264 4032 2391 4084 erga
2414 4017 2672 4071 mundum
2703 4031 2823 4071 cum
2848 4033 3033 4072 amore
3055 4033 3182 4088 erga
3202 4018 3395 4082 Deum,

1821 4107 2275 4175 quemadmodum
2313 4111 2431 4166 ﬁeri
2480 4110 2772 4179 nequit‘ut
2812 4110 2971 4166 simul
3006 4113 3273 4166 exsistant
3306 4111 3398 4164 lux

1821 4208 1875 4252 et
1909 4200 2164 4261 tenebrae,
2194 4200 2447 4259 Christus
2472 4211 2524 4255 et
2554 4200 2735 4255 Beliar
2761 4217 2775 4259 :
2803 4203 2930 4259 item
2964 4204 3078 4258 ﬁeri
3120 4202 3311 4275 nequit
3341 4210 3397 4257 ut

1816 4288 1965 4344 idem
2011 4294 2269 4360 templum
2299 4295 2370 4350 sit
2402 4294 2658 4364 templum
2693 4295 2814 4362 Dei,
2847 4307 2903 4348 et
2935 4296 3190 4366 templum
3217 4298 3392 4351 idolon

1823 4397 1941 4435 rum
1980 4383 2042 4439 ⁷⁰.
2081 4383 2199 4439 Jam
2225 4387 2379 4454 quasi
2410 4387 2667 4444 diﬂcrant
2689 4391 2831 4444 inter
2847 4403 2905 4442 se
2940 4387 3055 4443 loca
3083 4403 3203 4458 quae
3231 4388 3398 4444 infer—

1822 4487 1890 4526 ne
1922 4483 2096 4538 sunt,
2136 4476 2462 4545 superlative
2496 4481 2693 4536 dicitur
2725 4498 2741 4537 :
2778 4499 2797 4532 ι
2856 4478 3163 4535 Posuerunt
3212 4495 3299 4535 me
3342 4481 3395 4534 in

154 4536 255 4602 δάς.
286 4561 305 4594 ι
358 4548 564 4620 Διόπερ
594 4548 833 4604 ἐνώπιον
862 4554 954 4607 τοῦ
982 4556 1217 4628 Χριστοῦ
1271 4578 1289 4611 ι
1320 4565 1715 4633 προπεσοῦνται

1833 4564 1941 4619 lacu
1973 4536 2160 4620 inuam
2187 4536 2254 4632 τί,
2315 4587 2334 4619 ›
2368 4579 2422 4624 ct
2456 4571 2628 4627 illud:
2661 4592 2679 4624 ι
2733 4572 2837 4638 Qui
2867 4571 3145 4626 descendit
3174 4571 3241 4625 ad
3274 4572 3397 4624 inti-

158 4630 239 4699 μὲν
265 4637 452 4703 πάντες
485 4642 537 4693 οἱ
569 4644 994 4710 καταϐαίνοντες
1017 4666 1034 4699 ι
1079 4650 1159 4711 εὶς
1198 4650 1264 4704 τὰ
1303 4630 1584 4728 κατώτερα
1621 4660 1713 4728 μέ-

155 4736 212 4791 ρη
236 4724 323 4796 τῆς
348 4729 474 4799 γῆς,
511 4733 600 4795 εις
637 4731 807 4802 ᾇδου’
859 4736 978 4788 ἐπεὶ
1006 4737 1204 4807 ἀληθὲς
1233 4741 1328 4793 τό·
1383 4764 1399 4792 .
1426 4724 1539 4798 οὐδὲ
1566 4724 1712 4801 ἔστιν

158 4813 204 4863 ὲν
223 4817 286 4887 τῷ
311 4819 526 4894 θανάτῳ
561 4825 593 4876 6
632 4826 988 4894 μνημονεύων
1023 4847 1113 4882 σου
1142 4844 1157 4859 °
1204 4833 1260 4883 ἐν
1308 4834 1364 4886 δὲ
1393 4835 1469 4906 τῷ
1499 4837 1600 4909 ᾅδῃ
1630 4840 1711 4903 τίς

155 4902 573 4984 ἐξομολογήσεταί
624 4931 741 4978 σοι;
769 4935 789 4966 ι
860 4917 982 4971 Ἐὰν
1031 4919 1086 4972 δέ
1134 4938 1218 4984 τις
1265 4902 1612 4999 ἀνθυποφέρῇ
1648 4902 1708 4983 τό

155 4997 463 5057 καταϐαίνειν
512 5005 685 5058 αὐτὸν
712 5007 794 5068 εἰς
821 5006 886 5059 τὰ
918 5008 1199 5081 κατώτερα
1237 5013 1338 5083 τῆς
1364 5017 1487 5086 γῆς,
1518 5019 1709 5090 ἐπιτη-

156 5086 325 5157 ρήσεις,
361 5094 443 5148 ὅτι
496 5097 599 5149 ἐπὶ
638 5095 753 5150 τῶν
784 5100 1216 5155 καταϐαινόντων
1248 5107 1325 5168 εἰς
1362 5108 1466 5176 γῆν
1496 5086 1707 5181 εἴρηται

156 5176 223 5229 τό·
246 5189 693 5251 προπεσοῦνται
712 5206 725 5219 ⁸
759 5191 1167 5249 ὑποπιπτόντων
1204 5197 1312 5270 γὰρ
1344 5199 1426 5270 τῷ
1466 5203 1704 5275 Χριστῷ,

212 5342 252 5416 Ϊ
277 5344 429 5402 Joan.
468 5364 562 5408 xv.
597 5348 687 5403 i9.
794 5349 837 5381 ⁶¹
871 5351 1000 5406 Luc.
1028 5369 1142 5416 χιχ,
1178 5355 1263 5408 10.

157 5406 360 5495 εῃειις.
391 5432 464 5477 ιγ,
504 5406 598 5471 ιρι.
679 5418 745 5495 _"
784 5418 997 5495 l_.io_an.
1042 5406 1367 5495 11.76575”-

156 5474 190 5508 ’⁸
218 5480 345 5540 Psal.
381 5474 632 5553 manu,
678 5488 733 5541 7.
825 5491 869 5521 ἠ
890 5474 1099 5560 Ephes:
1130 5474 1202 5557 tv,
1228 5474 1397 5560 9:17).

207 5616 305 5706 gs5)
320 5620 389 5706 '10
696 5619 861 5675 Deest
894 5636 947 5676 In
977 5624 1166 5679 codice
1206 5626 1401 5697 Regio,
1433 5633 1526 5687 sed
1579 5634 1705 5706 legio

158 5694 225 5737 lnr
246 5690 295 5744 in
320 5687 647 5745 Bodleiano.

209 5757 420 5839 (dﬁlsic
474 5761 649 5839 habet
704 5760 873 5839 caeleri
905 5759 1248 5839 finitimarum.
1301 5769 1493 5839 melius
1537 5787 1700 5839 quam

154 5819 343 5894 Regius,
374 5830 427 5884 in
455 5846 567 5901 quo
610 5829 815 5898 legitur
856 5830 1085 5884 ἑκάστου
1121 5819 1256 5904 ἔργα
1274 5819 1557 5894 οἷονεῖπαξ

1821 4671 1938 4710 mas
1966 4668 2151 4725 partes
2183 4670 2366 4725 terrm,
2401 4661 2489 4717 hic
2539 4675 2623 4718 est
2652 4664 2815 4718 etiam
2845 4664 2935 4733 qui
2978 4662 3221 4718 ascendit
3250 4662 3336 4727 7’;
3368 4679 3388 4711 ι

1820 4748 2081 4817 quocirca
2115 4764 2301 4804 coram
2336 4752 2556 4809 Christo
2589 4774 2606 4806 ι
2644 4755 2926 4825 precidem
2955 4767 3140 4806 omnes
3170 4751 3395 4805 descen-

1819 4841 2007 4894 deutes
2034 4842 2080 4872 τ³
2116 4860 2135 4892 ι
2176 4843 2241 4895 ad
2291 4844 2578 4903 inferiores
2609 4858 2794 4918 partes
2849 4857 3006 4899 terra:
3033 4885 3047 4907 ,
3080 4858 3270 4913 nempe
3335 4843 3389 4895 in

1821 4930 2111 4999 infernum,
2160 4937 2419 5002 quoniam
2470 4953 2655 4991 verum
2688 4947 2771 4991 est
2816 4935 2944 4991 illud
2972 4953 2985 4990 ι
3017 4954 3036 4986 σ
3079 4933 3195 4989 Non
3223 4944 3306 4989 est
3334 4934 3387 4988 in

1820 5034 1992 5078 morte
2022 5027 2112 5094 qui
2149 5044 2356 5082 memor
2386 5032 2459 5083 sit
2508 5031 2621 5096 tui;
2674 5031 2728 5083 in
2782 5029 2993 5083 inferno
3038 5037 3218 5082 autem
3265 5029 3388 5096 quis

1816 5116 2173 5172 conﬁtebitur
2202 5122 2297 5174 tibi
2330 5120 2416 5174 7‘?
2454 5140 2471 5171 ι
2504 5121 2656 5187 Quod
2705 5122 2746 5175 si
2781 5130 2967 5174 contra
3012 5121 3134 5189 quis
3166 5120 3390 5189 obiiciat

1818 5207 1994 5275 ipsum
2038 5211 2204 5264 etiam
2245 5213 2575 5267 descendere
2606 5213 2673 5264 ad
2720 5210 3009 5266 inferiores
3046 5221 3231 5283 partes
3274 5222 3387 5267 ter-

1373 5358 1417 5390 “
1448 5359 1644 5437 Epires.
1682 5379 1755 5431 Iv,
1791 5365 1845 5421 9.
1924 5367 1969 5399 “
2015 5368 2145 5421 ihid.
2182 5370 2268 5424 i0.
2348 5370 2391 5401 “
2418 5369 2603 5423 Matth.
2632 5386 2705 5436 Vt,
2729 5370 2819 5424 21.
2896 5373 2940 5404 ⁶⁸
2971 5371 2986 5425 Ι
3012 5372 3139 5428 Cor.
3174 5390 3262 5437 xv,
3295 5376 3382 5430 49.

1453 5430 1497 5460 ⁸⁸
1538 5431 1714 5486 Galut.
1741 5430 1832 5499 Vt,
1878 5438 1964 5491 Μ.

1489 5500 1534 5531 ⁷³
1570 5501 1713 5557 l’sal.
1753 5520 1862 5569 xxu,
1900 5507 1989 5560 30.
2068 5508 2114 5538 ⁷¹⁸
2153 5508 2300 5563 Psal.
2332 5524 2406 5572 Vt,
2440 5500 2491 5562 6,

2058 5438 2102 5510 ἠέ
2136 5438 2324 5510 Matth.
2367 5455 2500 5502 un,
2542 5441 2629 5495 37.
2742 5443 2787 5472 ⁷⁰
2826 5441 2868 5497 ll
2908 5441 3037 5499 Cor.
3061 5460 3132 5510 γι,
3196 5444 3385 5501 14-15.

2022 5639 2198 5723 goilex
2222 5640 2563 5723 B'odleianus,
2600 5644 2708 5723 τόν·
2744 5645 2943 5723 [legitis
2962 5689 2977 5712 ,
3004 5651 3126 5723 τήν,
3151 5649 3308 5704 male.

1884 5709 1997 5779 (88)
2025 5710 2205 5764 Codex
2245 5710 2585 5777 Bodleianns,
2618 5715 2710 5767 καὶ
2737 5709 2865 5771 τῶν,

1866 5780 1994 5862 ’(89)
2021 5780 2201 5837 Codex
2239 5782 2583 5848 Bodleianns,
2614 5786 2990 5856 τυγχάνοντος
3028 5788 3225 5859 chius
3251 5806 3380 5857 τυγ-⁸

1816 5865 2017 5914 ’(ανειν.
