3806 6532
476 365 576 419 567

1952 374 2028 430 OF

2135 372 2274 430 ENIS
3592 376 3675 434 5η

470 498 566 545 ne.
618 484 936 541 observabis
965 485 1169 543 dictum
1219 504 1340 546 esse
1381 492 1447 547 de
1480 490 1941 549 descendentibus
1985 496 2028 549 ir

2144 494 2239 547 καὶ
2263 494 2392 562 γόνυ
2424 492 2536 563 (90)
2568 494 2931 564 καμπτόντων
2965 494 3022 549 ὲν
3051 493 3128 565 τῷ
3146 494 3367 566 ὀνόματι
3407 491 3591 566 Ἰησοῦ,
3615 514 3680 553 τι.

472 595 680 637 terram
715 582 961 649 verbum,
986 584 1262 647 procidant
1294 601 1312 639 :
1338 600 1568 655 namque
1599 602 1664 641 ex
1709 587 1793 641 his
1826 587 1916 656 qui
1947 602 2042 641 co-

472 689 590 729 ram
637 673 862 731 Christo
890 676 1117 744 eadunt,
1168 678 1370 750 quique
1402 693 1541 749 genu
1593 678 1820 734 flectunt
1861 680 1913 733 in
1944 694 2042 735 no-

471 764 619 821 mine
644 761 795 832 Jesu,
832 766 1052 838 quidam
1086 778 1268 835 antea,
1300 770 1517 839 quidam
1574 780 1697 841 post
1740 786 1925 826 coram
1974 784 2042 826 eo

470 857 663 911 cadent
695 873 711 923 ;
749 867 804 911 et
844 858 1095 915 fortassis
1129 860 1221 929 qui
1276 870 1403 915 sunt
1441 876 1607 930 super
1641 870 1862 925 terram,
1914 872 2041 918 ante

466 947 689 1013 cadent,
712 957 766 1004 et
805 958 931 1004 ante
973 949 1109 1005 alios
1137 951 1537 1019 subjicientur:
1570 951 1834 1006 malorum
1889 967 2039 1007 nam-

466 1052 574 1108 que
602 1048 687 1094 est
721 1041 910 1096 ultimo
931 1042 1159 1110 subjici;
1183 1057 1345 1114 quam
1379 1044 1448 1096 ob
1472 1057 1689 1098 causam
1725 1060 1745 1094 ι
1769 1042 1990 1098 ultimus
2013 1062 2033 1096 ι

465 1134 631 1187 etiam
669 1150 688 1185 t
719 1132 973 1188 inimicus
999 1133 1305 1189 abolebitur
1332 1150 1477 1190 mors
1498 1136 1564 1189 ⁷⁸.
1613 1154 1631 1187 ι
1664 1134 1859 1191 Postea
1889 1150 2038 1205 qua:-

470 1238 563 1279 res
590 1240 717 1278 num
743 1225 1199 1294 quemadmodum
1230 1226 1472 1281 locorum
1498 1242 1620 1297 qua:
1648 1237 1773 1283 sunt
1803 1227 2036 1291 inferne,

470 1331 537 1371 eo
566 1316 708 1387 quod
760 1316 972 1371 dicatur
1019 1318 1147 1388 quid
1176 1317 1472 1383 infimum,
1528 1318 1604 1371 ita
1649 1318 1812 1371 etiam
1847 1331 2036 1370 eorum

465 1422 590 1478 qua:
619 1417 744 1463 sunt
792 1424 1027 1478 superne
1057 1450 1072 1475 ,
1124 1409 1191 1463 sit
1230 1408 1535 1464 differentia
1569 1426 1583 1464 :
1624 1409 1783 1478 idque
1811 1423 2039 1476 praeser-

469 1499 591 1563 tim,
627 1499 885 1568 quoniam
923 1499 1068 1569 regni
1109 1498 1370 1553 caelorum
1414 1498 1702 1553 haereditas
1738 1498 1894 1553 nobis
1942 1499 2039 1553 ob-

470 1592 646 1659 tingat
682 1606 696 1644 ;
732 1590 823 1661 qui
856 1591 977 1646 caeli
1011 1606 1200 1647 omnes
1227 1592 1549 1646 haereditate
1575 1591 1728 1646 nobis
1749 1589 2033 1659 obtinget]-

466 1690 551 1735 tes
580 1697 701 1736 cum
725 1684 837 1737 sint
860 1698 1113 1753 superne,
1154 1699 1257 1736 non
1294 1683 1574 1751 aequaliter
1596 1689 1776 1737 tamen
1808 1682 1950 1737 inter
1978 1696 2037 1737 se

468 1773 671 1829 habent
698 1774 827 1828 illud
852 1790 1101 1844 superne.
1126 1775 1267 1841 Quin
1315 1775 1483 1829 etiam
1519 1775 1562 1829 si
1588 1775 1784 1829 anima:
1816 1784 2036 1843 propter

464 1867 731 1922 malitiam
763 1877 818 1922 et
844 1883 1009 1935 prava
1032 1866 1193 1938 305
1216 1868 1488 1936 dogmata,
1514 1867 1905 1937 intelligibilcm
1938 1882 2033 1921 no-

467 1957 676 2012 taveris
706 1958 1054 2022 descensum,
1101 1968 1157 2014 et
1210 1958 1602 2033 intclligiliilem
1646 1957 1811 2027 ipsius
1846 1971 2036 2011 ascen-

464 2062 618 2113 sum,
670 2064 775 2103 non
829 2062 1052 2116 parvam
1110 2050 1354 2104 invenies
1406 2048 1764 2104 differentiam
1806 2066 1821 2100 :
1873 2047 2036 2102 latius

464 2138 611 2191 enim
646 2138 1023 2194 considerabis
1068 2138 1480 2211 intelligibiliter
1513 2140 1919 2195 descendentes.
1950 2141 2039 2194 Si-

464 2228 577 2282 mul
605 2230 768 2283 etiam
813 2231 935 2285 vide
967 2247 1031 2284 an
1076 2246 1178 2286 non
1228 2233 1511 2287 sacratiori
1546 2231 1703 2285 modo
1732 2242 1782 2286 et
1816 2246 1921 2286 non
1959 2232 2037 2287 lo-

465 2320 657 2375 caliter
684 2322 955 2392 intelligas
980 2324 1044 2376 de
1075 2324 1252 2377 anima
1282 2323 1410 2379 Jesu
1441 2324 1572 2378 illud
1606 2341 1621 2378 ι
1664 2344 1682 2376 ι
1713 2325 1811 2391 Qui
1841 2340 2034 2380 ascen-

465 2409 546 2463 dit
601 2424 766 2479 super
804 2427 994 2467 omnes
1036 2413 1201 2468 caelos
1256 2414 1301 2445 "°
1349 2433 1363 2467 :
1426 2433 1445 2467 ι
1509 2430 1632 2469 nam
1686 2414 2035 2485 intelligibilis

468 2514 747 2555 ascensus
787 2501 933 2557 illius
978 2506 1175 2559 animae
1228 2505 1365 2558 ultra
1420 2504 1581 2559 etiam
1633 2520 1824 2560 omnes
1868 2506 2035 2561 caelos

466 2593 747 2655 transiliit,
775 2591 1017 2662 jamque,
1052 2604 1109 2647 ut
1147 2597 1218 2648 ita
1248 2595 1453 2659 dicam,
1480 2599 1547 2649 ad
1583 2596 1754 2665 ipsum
1790 2597 2036 2664 pervenit

463 2682 654 2737 Deum.
684 2683 1061 2738 Verumtamen
1107 2695 1302 2754 praeter
1331 2686 1472 2740 hunc
1508 2687 1777 2742 visibilem
1807 2699 1862 2743 et
1910 2704 2034 2744 sen—

463 2774 677 2829 sibilem
725 2776 1003 2839 mundttm,
1047 2787 1383 2832 constantem
1433 2793 1463 2832 e
1498 2779 1638 2835 C(elo
1669 2790 1724 2835 et
1759 2789 1923 2845 terra,
1947 2781 2034 2835 vel

464 2882 495 2921 e
550 2865 707 2922 cmlis
741 2876 797 2921 et
843 2876 1007 2932 terra,
1044 2877 1127 2923 est
1153 2869 1322 2923 etiam
1380 2869 1524 2924 alius
1552 2871 1771 2940 quidam
1802 2872 2034 2927 mundus

461 2960 649 3028 inquo
702 2968 828 3014 sunt
852 2974 973 3029 quae
1009 2975 1115 3013 non
1180 2959 1427 3016 videntur
1457 2979 1469 3015 :
1506 2963 1692 3017 ethoc
1726 2972 1893 3017 totum
1950 2972 2034 3017 est

460 3050 693 3104 tnnndus
744 3050 1176 3119 inaspectabilis,
1245 3042 1478 3106 mundus
1509 3053 1602 3122 qui
1657 3069 1761 3107 non
1798 3053 2028 3118 videtur,

460 3141 699 3194 mundus
734 3141 1088 3214 intelligihilis
1127 3161 1139 3194 :
1175 3142 1337 3211 cujus
1372 3145 1578 3197 visione
1629 3153 1681 3199 et
1727 3144 2027 3215 pulchritu-

2144 585 2233 649 νὲς
2261 586 2359 656 μὲν
2402 584 2665 655 πρότερον
2696 583 2833 654 (91),
2866 583 3011 648 τινὲς
3056 584 3113 639 δὲ
3140 586 3361 656 ὓστερον
3389 588 3681 656 προσπεσοῦν-

2142 695 2230 731 ται
2265 676 2412 746 αὐτῷ
2438 693 2451 706 ·
2505 674 2601 729 καὶ
2647 674 2786 747 τάχα
2819 677 2867 729 oi
2896 678 2989 729 ἐπὶ
3034 676 3140 746 γῆς
3164 677 3566 747 προπεσοὺνται,
3605 681 3679 733 καὶ

2142 768 2249 840 πρὸ
2275 768 2476 840 ἑτέρων
2510 766 2978 838 ὑποταχθήσονται
3004 768 3113 839 (92)
3136 784 3150 798 ’
3206 768 3465 839 χειρόνων
3503 769 3600 840 γὰρ
3633 770 3681 822 τὸ

2142 859 2365 932 ὕστερον
2391 857 2808 922 ὑποτάσσεσθαι,
2823 858 2903 911 διδ
2935 859 3028 913 καὶ
3065 877 3085 909 ι
3122 858 3344 930 ἔσχατος
3368 860 3550 933 ἐχθρὸς
3570 878 3678 915 κατ-

2138 954 2386 1025 αργεῖται
2415 952 2443 1003 6
2468 949 2714 1014 θάνατος.
2746 970 2764 1002 ι
2804 950 2961 1004 Μετὰ
3010 950 3186 1005 ταῦτα
3216 949 3468 1023 ζητήσεις
3503 952 3566 1016 εί,
3590 951 3677 1004 ὤσ-

2141 1066 2247 1121 περ
2282 1048 2399 1101 ὲστὶ
2432 1046 2537 1100 τῶν
2580 1047 2729 1101 κάτω
2767 1046 3003 1118 διαφορὰ
3041 1047 3128 1101 διὰ
3156 1046 3216 1101 τὸ
3248 1047 3498 1117 λέγεσθαί
3528 1066 3575 1101 τι
3602 1067 3681 1102 κα-

2138 1142 2384 1204 τωτάτω,
2411 1138 2586 1203 οὑτως
2616 1140 2709 1194 καὶ
2739 1138 2848 1194 τῶν
2880 1140 2990 1194 ἅνω
3018 1139 3298 1213 διαφοραί·
3339 1139 3562 1211 μάλιστα
3582 1142 3681 1194 ἐπὶ

2139 1225 2471 1302 κληρονομία
2499 1227 2617 1280 ἐστὶ
2638 1226 2910 1298 βασιλείας
2927 1228 3037 1299 (95)
3062 1228 3326 1301 οὐρανῶν·
3348 1230 3557 1284 πάντων
3574 1231 3679 1302 κλη-

2141 1319 2556 1392 ρονομουμένων
2585 1320 2831 1393 οὐρανῶν
2876 1320 3044 1373 ὄντων
3075 1321 3207 1385 ἄνω,
3256 1320 3368 1374 ἀλλ’
3396 1322 3494 1393 οὐχ
3515 1324 3680 1392 ὁμοίως

2137 1414 2366 1486 ἐχόντων
2393 1413 2453 1466 τὸ
2485 1409 2619 1467 εἶναι
2652 1413 2784 1467 ἄνω,
2834 1412 2995 1465 Ἀλλὰ
3023 1412 3115 1465 καὶ
3146 1413 3238 1465 ἐπὶ
3267 1416 3367 1483 τῆς
3400 1412 3586 1483 νοητῆς
3609 1432 3680 1466 κσ-

2136 1505 2419 1566 ταὸάσεως
2437 1503 2548 1574 (94)
2568 1503 2667 1572 τῆς
2681 1503 2856 1574 ψυχῆς
2871 1503 2959 1556 διὰ
2969 1502 3064 1574 τὴν
3083 1505 3404 1567 κακίαν,καὶ
3426 1503 3494 1555 τὰ
3511 1504 3680 1573 nam-

2141 1596 2209 1668 ρὰ
2233 1596 2497 1666 δόγματα,
2529 1595 2622 1649 καὶ
2646 1594 2843 1666 νοητῆς
2865 1594 3177 1658 ἀναϐάσεως
3200 1594 3372 1664 αὐτῆς
3395 1595 3675 1664 ἐπιστήσας,

2137 1688 2235 1758 οὐχ
2280 1686 2466 1750 ἁπλῶς
2500 1686 2609 1757 (95)
2651 1687 2901 1758 εὑρήσεις
2945 1686 3239 1758 διαφοράν·
3286 1684 3555 1738 ὲπιπλεῖον
3592 1685 3679 1755 γὰρ

2138 1778 2341 1849 νοητῶς
2388 1777 2827 1832 καταϐαινουσῶν
2871 1778 3101 1848 νοήσεις.
3154 1778 3303 1846 ’Ἅμα
3337 1776 3396 1829 δὲ
3423 1777 3520 1847 ὅρα
3549 1776 3590 1828 εί
3618 1776 3678 1846 μῆ

2066 1845 2108 1900 Β
2140 1845 2562 1940 μυστικώτερον,
2616 1866 2709 1919 καὶ
2737 1867 2797 1919 οὐ
2838 1845 3096 1930 τοπικῶς,
3146 1845 3275 1939 περὶ
3318 1864 3422 1935 τῆς
3451 1845 3552 1935 (96)
3596 1845 3679 1935 Ἰηέ

2138 1959 2231 2013 σοῦ
2266 1959 2444 2030 ψυχῆς
2476 1959 2728 2021 ἁκούσεις
2759 1958 2847 2010 τό·
2902 1976 2922 2009 ι
2948 1957 3176 2021 Ἀναϐὰς
3209 1958 3467 2029 ὑπεράνω
3498 1957 3679 2010 πάντων

2135 2051 2243 2104 τῶν
2276 2049 2538 2122 οὐρανῶν·
2571 2070 2588 2100 ι
2646 2050 2677 2119 ἡ
2728 2047 2837 2119 γὰρ
2881 2047 3044 2118 νοητὴ
3078 2047 3339 2111 ἀνάϐασις
3374 2048 3577 2117 ἐκείνης
3599 2048 3678 2116 τῆς

2134 2143 2313 2215 ψυχῆς
2344 2144 2769 2216 ὑπερπεπήδηκε
2796 2143 2888 2196 καί
2914 2144 3121 2208 πάντας
3145 2144 3268 2208 τούς
3291 2144 3564 2214 οὐρανοὺς,
3585 2144 3676 2205 καὶ,

2135 2236 2208 2299 ὡς
2238 2236 2383 2288 ἔστιν
2422 2237 2617 2298 εἰπεῖν,
2666 2235 2765 2306 ἤδη
2823 2234 3024 2304 ἔφθασε
3073 2235 3206 2305 πρὸς
3234 2233 3399 2288 αὐτὸν
3436 2234 3522 2287 τὸν
3552 2233 3675 2286 Θεόν.

2138 2326 2284 2397 Πλήν
2334 2324 2449 2377 ἐστί
2478 2343 2561 2389 τις
2594 2326 2688 2379 καὶ
2715 2326 2899 2397 ἕτερος
2929 2324 3078 2396 παρὰ
3110 2324 3199 2377 τὸν
3238 2323 3578 2395 δεικνύμενον
3604 2322 3679 2377 καὶ

2136 2417 2391 2487 αἰσθητὸν
2425 2417 2627 2486 κόσμον
2658 2416 2749 2469 τὸν
2784 2416 3090 2470 συνεστῶτα
3121 2413 3180 2480 ἐξ
3204 2415 3435 2487 οὐρανοῦ
3462 2416 3549 2468 καὶ
3576 2414 3677 2483 γῆς,

2135 2509 2167 2579 ἢ
2191 2507 2432 2579 οὐρανῶν
2466 2509 2559 2561 καὶ
2591 2508 2713 2578 γῆς,
2762 2507 2984 2578 κόσμος,
3020 2508 3079 2560 ἐν
3105 2500 3148 2575 ᾧ
3174 2508 3290 2560 ἐστι
3314 2506 3386 2560 τὰ
3413 2506 3486 2578 μὴ
3514 2506 3677 2576 sum.

2139 2614 2293 2667 μενα,
2345 2599 2438 2651 καὶ
2491 2598 2609 2651 ὅλον
2641 2596 2798 2650 τοῦτο
2849 2598 3051 2667 κόσμος
3091 2597 3339 2669 ἀόρατος,
3398 2598 3591 2668 κόσμος
3628 2596 3676 2648 οὐ

2136 2689 2485 2761 βλεπόμενος,
2540 2690 2634 2743 καὶ
2682 2688 2868 2761 νοητὸς
2900 2689 3129 2760 κόσμος·
3163 2685 3223 2743 οὐ
3263 2693 3326 2761 τῇ
3361 2690 3480 2761 θέᾳ,
3505 2690 3590 2742 καὶ
3616 2688 3678 2757 τῷ

2135 2774 2319 2828 κάλλει
2349 2775 2624 2846 ὲνόψονται
2656 2778 2705 2829 οἱ
2745 2776 2973 2847 καθαροὶ
3004 2780 3070 2849 τῇ
3103 2778 3318 2850 καρδίᾳ,
3348 2795 3677 2850 προευτρεπι-

2136 2863 2353 2935 ζόμενοι
2386 2864 2473 2918 διὰ
2516 2865 2609 2919 τοῦ
2646 2867 2837 2937 ὲνορᾷν
2870 2865 3018 2937 αὑτῷ
3052 2868 3142 2921 ἐπὶ
3192 2868 3252 2921 τὸ
3282 2867 3575 2938 μετελθεῖν,
3618 2867 3677 2927 εἷς

2134 2961 2180 3014 τ’
2214 2960 2280 3014 ἂν
2313 2960 2406 3015 καὶ
2431 2960 2594 3014 αὐτὸν
2638 2960 2791 3031 ὀρᾷν,
2848 2959 2922 3024 ὡς
2953 2960 3183 3032 ὁρᾶσθαι
3218 2960 3461 3029 πέφυκεν
3499 2962 3527 3014 6
3549 2959 3674 3022 Θεὸς,

2132 3050 2223 3102 τὸν
2252 3051 2403 3106 Θεόν.
2444 3053 2707 3123 Ζητήσεις
2731 3049 2788 3103 δὲ
2830 3052 2877 3104 εί
2910 3050 3051 3104 κατά
3070 3067 3125 3103 τι
3153 3050 3263 3105 τῶν
3292 3050 3676 3121 σημαινομένων

2132 3142 2353 3197 δύναται
2384 3145 2411 3196 ὁ
2445 3143 2794 3215 Πρωτότοκος
2840 3141 3019 3214 πάσης
3046 3142 3272 3207 κτίσεως
3315 3140 3458 3196 εἶναι
3485 3143 3673 3212 κόσμος,
3755 3172 3757 3215 λ

459 3232 586 3287 dine
617 3231 866 3288 fruentur
900 3234 990 3305 qui
1023 3249 1158 3303 puro
1192 3244 1320 3288 sunt
1350 3236 1532 3300 corde,
1565 3250 1672 3305 quo
1697 3235 1853 3303 hujus
1874 3252 2028 3291 mun-

2136 3235 2229 3288 καὶ
2260 3234 2490 3306 μάλιστα
2537 3232 2656 3287 καθ’
2683 3234 2712 3287 ὃ
2742 3234 2902 3303 σοφία
2944 3232 3090 3287 ἐστὶν
3122 3235 3155 3305 ῆ
3190 3233 3586 3297 πολυποίκιλος·
3613 3232 3674 3303 τῷ

460 3328 511 3381 ui
547 3327 900 3399 iutelligibilis
936 3328 1141 3383 visione
1162 3339 1324 3382 antea
1357 3329 1493 3382 bene
1521 3329 1694 3397 parati
1721 3337 2024 3397 penetrant,

458 3419 543 3473 vel
586 3419 653 3471 ad
686 3420 863 3487 ipsum
895 3418 1065 3473 Deum
1095 3420 1417 3483 videndum,
1443 3428 1707 3490 quatenus
1738 3419 1905 3473 videri
1935 3435 2029 3474 na-

458 3519 576 3562 tura
618 3518 794 3579 potest
835 3510 997 3565 Deus.
1057 3509 1278 3579 insuper
1312 3512 1476 3565 etiam
1508 3526 1719 3580 queres
1779 3526 1846 3566 an
1877 3512 2026 3582 juxta

460 3600 695 3669 aliquam
728 3600 1179 3671 significationem
1230 3602 1400 3671 possit
1432 3600 1827 3674 Primogenitus
1853 3605 2029 3660 omnis

457 3699 725 3744 creaturae
756 3690 800 3722 "
828 3705 947 3746 esse
972 3693 1227 3756 mundus,
1261 3700 1324 3746 et
1353 3694 1652 3761 praesertim
1682 3692 1735 3747 in
1766 3680 2026 3762 quantum

455 3792 541 3836 est
587 3780 851 3850 sapientia
908 3781 1261 3839 multiformis
1313 3783 1360 3815 ⁷⁸
1394 3804 1404 3840 :
1441 3799 1508 3840 eo
1548 3784 1691 3840 enim
1729 3786 1872 3856 quod
1917 3785 2029 3840 sint

459 3875 511 3928 in
543 3875 809 3945 sapientia
840 3890 1032 3931 omnes
1083 3876 1160 3930 rei
1187 3874 1563 3946 cujuscunque
1608 3879 1850 3933 rationes
1870 3877 2025 3949 juxta

454 3982 590 4037 quas
626 3965 772 4022 facta
806 3977 936 4022 sunt
981 3968 1163 4023 omnia
1210 3984 1331 4038 qua:
1358 3968 1501 4024 facta
1529 3970 1679 4025 fuere
1706 3985 1737 4023 a
1777 3971 1910 4034 Deo,
1968 3978 2026 4024 ut

454 4060 633 4129 inquit
654 4059 922 4131 Propheta
950 4080 965 4115 :
994 4079 1012 4113 ι
1042 4062 1237 4119 Omnia
1269 4061 1322 4115 in
1372 4062 1637 4131 sapientia
1679 4060 1854 4118 fecisti
1890 4063 1957 4127 τ’,
1999 4080 2018 4114 ι

455 4153 507 4206 in
543 4154 658 4223 ipso
684 4155 848 4208 etiam
884 4155 1117 4210 mundus
1150 4153 1334 4221 fuerit,
1365 4163 1518 4210 tanto
1562 4154 1901 4224 picturatior,
1930 4169 2022 4207 or-

455 4245 631 4299 natior
680 4257 842 4315 atque
894 4247 1054 4300 etiam
1104 4246 1450 4317 praestantior
1504 4247 1703 4300 mundo
1752 4245 2021 4310 sensibili,

455 4344 659 4404 quanto
695 4336 835 4389 ratio
876 4335 1057 4389 mundi
1093 4337 1232 4391 nuda
1261 4336 1328 4391 ab
1354 4336 1502 4391 omni
1534 4336 1758 4390 materia
1800 4344 2023 4405 praestat

452 4425 558 4479 hoc
588 4425 788 4477 mundo
833 4424 1139 4489 materiato,
1178 4441 1283 4479 non
1312 4437 1537 4496 propter
1563 4425 1842 4479 materiam
1863 4466 1879 4488 ,
1927 4426 2021 4479 sed

451 4514 865 4583 participatione
902 4516 1044 4571 illius
1068 4518 1263 4587 Λόγου,
1300 4517 1379 4590 [id
1406 4527 1490 4573 est
1544 4517 1686 4573 illius
1727 4517 1846 4573 Filii
1902 4516 2020 4582 Dei,

2129 3326 2238 3398 γὰρ
2267 3323 2405 3380 εἶναι
2439 3326 2643 3390 πάντας
2692 3323 2998 3380 οὑτινοσοῦν
3043 3326 3167 3389 τοὶ-ς
3207 3325 3422 3394 λόγους,
3470 3323 3673 3388 καθόὑς

2129 3419 2417 3489 γεγένηται
2462 3419 2643 3473 πάντα
2682 3418 2752 3472 τὰ
2783 3417 2887 3471 ὑπὸ
2916 3414 3007 3470 τοῦ
3038 3415 3171 3470 Θεοῦ
3195 3419 3253 3470 ὲν
3280 3419 3447 3490 σοφίᾳ
3475 3433 3672 3487 πεποιη.

2132 3505 2288 3575 μένα,
2316 3504 2389 3568 ῶς
2413 3522 2575 3576 φησιν
2598 3505 2627 3556 6
2647 3506 2931 3576 προφήτης
2949 3521 2962 3535 ο
2998 3524 3017 3555 ι
3045 3505 3227 3559 Πάντα
3256 3507 3313 3559 ὲν
3335 3507 3497 3578 σοφίᾳ
3516 3507 3673 3575 Emit;-

2130 3613 2248 3659 σας,
2276 3616 2293 3649 ι
2352 3598 2407 3648 ὲν
2453 3595 2602 3667 αὑτῷ
2652 3596 2736 3668 εἴη
2770 3596 2836 3650 ἂν
2880 3596 2973 3648 καὶ
3000 3596 3160 3660 αὐτὸς
3206 3597 3430 3669 κόσμος,
3467 3597 3672 3667 τοσούτῳ

2129 3685 2510 3759 ποικιλώτερος
2563 3684 2655 3739 τοῦ
2713 3686 2969 3757 αἰσθητοῦ
3020 3687 3224 3758 κόσμου
3271 3690 3366 3742 καὶ⁵
3410 3689 3669 3760 διαφέρων,
3754 3748 3755 3757 γ

2126 3778 2235 3849 ὅσῳ
2264 3777 2508 3848 διαφέρει
2536 3778 2739 3848 γυμνὸς
2786 3778 2965 3850 πάσης
3010 3778 3141 3851 ὕλης
3183 3779 3277 3834 τοῦ
3318 3780 3441 3834 ὅλου
3472 3781 3573 3848 (97)
3597 3779 3671 3832 κό-
3754 3768 3755 3791 ἶ

2130 3886 2265 3940 σμου
2314 3869 2469 3938 λόγος
2516 3868 2609 3921 τοῦ
2660 3869 2845 3922 ἑνὺλου
2880 3870 3108 3941 κόσμου,
3134 3871 3233 3925 οὐκ
3273 3873 3385 3926 ἀπὸ
3416 3873 3512 3944 τῆς
3538 3871 3666 3942 ὑλης,

2125 3962 2237 4015 ἀλλ’
2256 3962 2362 4015 ἀπὸ
2390 3962 2488 4031 τῆς
2515 3962 2746 4032 μετοχῆς
2767 3961 2860 4015 τοῦ
2885 3963 3080 4031 Λόγου,
3107 3964 3201 4017 καὶ
3226 3965 3325 4035 τῆς
3344 3967 3554 4035 σοφίας,
3579 3963 3668 4016 τῶν

2125 4052 2468 4123 κοσμούντων
2498 4052 2599 4124 τὴν
2626 4052 2754 4122 ὑλην
2781 4055 3226 4125 κεκοσμημένων.
3255 4058 3365 4110 Καὶ
3397 4058 3497 4127 ὅρα
3524 4058 3568 4109 εί
3594 4055 3664 4108 δύο

2123 4159 2277 4196 ναται
2321 4144 2349 4195 6
2399 4142 2571 4209 λέγων
2592 4159 2605 4172 °
2646 4161 2663 4194 ι
2687 4142 2799 4197 Οὐκ
2848 4144 2963 4214 εἰμὶ
2994 4143 3105 4212 ἐγὼ
3136 4146 3201 4198 ὲκ
3224 4144 3317 4198 τοῦ
3342 4148 3543 4217 κόσμου
3564 4143 3664 4197 τοὺ-

2122 4253 2237 4300 του,
2265 4254 2285 4288 ι
2334 4237 2366 4306 ἡ
2407 4234 2550 4304 ψυχὴ
2581 4228 2717 4287 εἶναι
2763 4233 2857 4286 τοῦ
2901 4234 3074 4304 Ἰησοῦ
3119 4235 3573 4308 ὲμπολιτευομένη
3605 4235 3666 4304 τῷ
3752 4238 3753 4243 “

2121 4325 2226 4395 ὅλῳ
2254 4325 2442 4394 κόσμῳ
2471 4322 2683 4393 ἐκείνῳ.
2728 4323 2821 4378 καὶ
2852 4324 3029 4379 πάντα
3055 4326 3215 4378 αὐτὸν
3258 4327 3400 4396 ὲμπε
3412 4326 3664 4397 ριερχομέ-

2122 4433 2209 4485 νη,
2265 4416 2356 4468 καὶ
2398 4413 2811 4485 χειραγωγοῦσα
2836 4408 3099 4469 ὲπάὐτδν
3115 4417 3241 4479 τοὺς
3285 4416 3664 4488 μεμαθητευμέ-

2121 4522 2263 4569 νους,
2289 4505 2369 4556 ὅτι
2402 4503 2550 4555 οὐδὲν
2578 4500 2687 4572 (98)
2724 4500 2835 4571 ἔχει
2865 4504 3070 4566 ἐκεῖνος
3111 4505 3140 4556 6
3169 4505 3372 4574 κόσμος
3412 4507 3571 4569 κάτω,
3601 4503 3661 4566 ὡς

449 4604 544 4674 qui
599 4612 683 4659 est
725 4620 851 4659 vera
900 4606 1083 4678 ratio,]
1128 4616 1184 4661 et
1233 4589 1643 4678 participatione
1689 4608 1967 4677 sapientia:
2001 4646 2015 4671 ,

2135 4596 2239 4649 »ὐδὲ
2268 4596 2377 4666 (99)
2407 4589 2579 4657 οὗτος,
2613 4594 2688 4656 ὠς
2709 4594 2845 4664 πρὸς
2869 4595 2930 4647 τὸ
2952 4595 3174 4666 ἀκριϐὲς
3197 4594 3517 4663 ὲξετάζοντι,
3548 4599 3659 4651 ἄνω.

450 4711 571 4764 quae
631 4696 889 4751 mundum
944 4707 1000 4751 et
1070 4706 1445 4753 ornamentum
1496 4698 1730 4754 afferunt
1775 4698 2016 4751 materiae

448 4785 687 4840 omnium
718 4801 839 4857 qua:
872 4789 1072 4842 mundo
1107 4788 1358 4857 insignita
1389 4787 1610 4843 fuerint.
1635 4788 1712 4843 Ac
1742 4787 1863 4842 vide
1889 4801 2017 4841 num

2122 4691 2246 4754 Πῶς
2272 4692 2379 4761 γὰρ
2410 4687 2630 4741 δύναται
2660 4688 2803 4758 ἔχειν
2834 4705 2888 4741 τι
2931 4689 2960 4740 6
2986 4689 3185 4760 κόσμος
3212 4684 3365 4753 οὗτος
3405 4692 3532 4757 ἅνω,
3556 4683 3608 4741 οὗ
3632 4690 3658 4757 ἠ

2123 4782 2298 4845 κτίσις
2334 4779 2605 4850 καταϐολή
2647 4781 2794 4832 ἐστιν
2822 4779 2932 4849 (l);
2964 4781 3038 4833 Οὐ
3070 4781 3179 4852 γὰρ
3204 4781 3279 4844 ὠς
3313 4782 3498 4853 ἔτυχεν
3520 4781 3661 4834 ἀκουι

517 4925 562 4956 ’⁸
593 4922 761 4978 lCor.
793 4937 883 4985 xv,
914 4920 1004 4975 26.
1079 4921 1125 4953 "
1146 4919 1343 4989 Epltes.
1373 4936 1445 4983 tv,
1475 4920 1563 4975 i0.
1638 4922 1682 4955 ""
1708 4920 1917 4975 Coioss.
1944 4936 1981 4985 ι,
2020 4921 2028 4973 1

2172 4919 2220 4952 ⁷⁸
2245 4919 2441 4988 Epltes.
2476 4934 2558 4985 tu,
2587 4918 2673 4972 10.
2766 4918 2812 4950 ⁷⁸
2839 4916 2982 4972 Psal.
3024 4934 3139 4985 cm,
3172 4918 3266 4973 24.

518 5040 629 5110 (90)
660 5042 770 5096 Kal
808 5042 977 5110 γόνυ.
1003 5040 1058 5094 In
1097 5038 1267 5110 Regio
1296 5040 1484 5110 codice
1510 5039 1655 5110 deest
1684 5038 1800 5091 καί.

520 5040 609 5109 (90
660 5042 770 5096 Kal
808 5042 977 5111 γόνυ.
1003 5040 1058 5094 In
1097 5040 1267 5110 Regio
1296 5040 1484 5091 codice
1510 5040 1655 5091 deest
1684 5040 1800 5091 καί.

520 5040 632 5180 (91)
664 5113 843 5166 Codex
869 5111 1208 5175 Bodleianus,
1250 5109 1515 5181 πρότερον
1538 5124 1552 5138 ·
1614 5108 1831 5177 Regius,
1886 5106 2015 5177 πρό-

447 5196 611 5252 τεροι.

519 5246 629 5320 (92)
656 5248 833 5302 Codex
858 5248 1206 5312 Bodleianus,
1233 5246 1695 5319 ὑποταχθήσονται
1722 5264 1733 5276 ·
1791 5247 2008 5316 Regius,

447 5320 861 5373 ὑποτάσσονται.

519 5389 632 5459 (95)
659 5388 841 5459 Codex
870 5388 1213 5459 Bodleianus,
1243 5388 1360 5441 ἐστὶ
1420 5386 1728 5459 βασιλείας·
1788 5386 2014 5454 Regius,

445 5456 597 5529 ἐστὶν,
684 5456 946 5529 βασιλεία.

518 5524 840 5599 (a4)'Codd.
885 5526 1211 5599 Bodleianus
1256 5536 1313 5599 et
1364 5527 1716 5592 Barberinus,
1774 5524 2013 5580 καταϐά-

447 5596 584 5661 σεως
608 5596 622 5630 λ
659 5596 879 5665 Regius,
921 5596 1147 5666 βάσεως.
1278 5596 1285 5607 ’

516 5668 626 5737 (93)
656 5664 779 5736 Οὺρι
804 5664 1031 5733 ἁπλῶς,
1049 5676 1154 5721 etc.
1179 5666 1271 5724 Sic
1298 5667 1636 5723 babetcodex
1657 5665 2007 5737 Bodleianus,

444 5739 587 5804 quml
609 5735 718 5806 per
742 5735 1134 5807 grammaticas
1157 5738 1301 5804 leges
1329 5754 1432 5791 non
1461 5738 1607 5791 licet.
1656 5735 1712 5791 In
1746 5735 1917 5807 Begio
1951 5745 2007 5807 et

446 5804 1010 5877 li.tt'berin0'legilur,
1070 5806 1166 5877 οὑχ
1210 5806 1393 5870 ἁπλῶς
1448 5808 1696 5878 εὑρήσεις
1746 5804 2006 5876 διαφορὰν

2119 5037 2393 5090 ὲπιπλεῖον
2426 5035 2631 5107 νοητῶς
2682 5035 3123 5089 καταϐαινουσῶν
3186 5035 3416 5107 νοήσεις.
3465 5034 3660 5089 Iiuctius

2124 5122 2305 5161 vocem
2334 5107 2548 5176 νοήσεις
2573 5110 2908 5171 expungeltat
2929 5145 2944 5167 ,
2977 5108 3056 5157 vel
3091 5107 3160 5157 ita
3207 5117 3352 5158 certe
3404 5106 3657 5211 legendum

2124 5178 2369 5211 nnncnhnl
2422 5177 2520 5211 m’iv
2557 5173 2742 5211 ἀπλοτιρ
2792 5176 3043 5211 ειἍΛ-ιιηειιρ
3117 5175 3206 5211 νηὶ
3247 5173 3449 5211 δον-ΜΛΔ
3554 5175 3656 5211 Evr-

2122 5178 2393 5237 censebat,
2417 5173 2520 5245 οὐχ
2557 5173 2742 5236 ἁπλῶς
2791 5176 3062 5246 εὑρήσεις,
3117 5175 3213 5228 καὶ
3247 5173 3507 5247 διαφορὰν
3553 5175 3646 5227 ἐπι-

2120 5246 2300 5325 πλειζον
2329 5242 3001 5325 νοητῶς“καταβαινουσῶν
3027 5245 3317 5325 venuste.“
3394 5314 3406 5325 .
3637 5309 3646 5321 ι

2183 5315 2300 5396 (96)
2325 5312 2503 5369 Codex
2528 5315 2877 5379 Bodleianus,
2922 5314 3050 5384 περὶ
3079 5312 3179 5384 τῆς
3207 5330 3221 5343 ·
3279 5312 3496 5383 Regius,
3548 5312 3654 5380 περὶ

2117 5401 2301 5525 miti?)
2336 5452 2446 5525 Τοῦ
2477 5451 2733 5525 δλρυηιιι
2762 5452 2948 5525 codi09
2976 5450 3267 5525 Βοιὲἶθίδηρ
3296 5452 3450 5525 ⁸³9⁸δὲ
3471 5449 3600 5525 Μ’

2191 5520 2303 5595 (98)
2327 5524 2508 5578 Codex
2542 5522 2886 5590 Bodleianus,
2918 5522 2999 5576 ὅτι
3026 5521 3215 5575 οὐδέν’
3244 5521 3297 5577 in
3324 5520 3489 5592 Regio
3525 5522 3652 5575 deest

2117 5594 2296 5790 ῗτξὸθ)
2315 5663 2495 5719 Codex
2519 5661 2865 5727 Bodleianus,
2891 5660 2967 5724 ὡς
2992 5658 3113 5714 οὐδέ
3134 5675 3150 5692 ο
3178 5658 3233 5716 in
3269 5658 3436 5731 Regio
3458 5656 3645 5715 omitti-

2143 5750 2225 5790 ιη’.
2253 5750 2347 5790 ως.

2143 5750 2225 5796 ttr,
2253 5750 2347 5796 ως.

2182 5803 2257 5871 (1)
2289 5797 2368 5857 Οὗ
2408 5803 2440 5870 ἡ
2474 5803 2668 5865 κτίσις
2696 5799 2996 5865 καταϐολή
3035 5800 3220 5855 ἐστιν.
3266 5799 3321 5854 In
3365 5800 3463 5854 hac
3512 5809 3645 5856 voce,
3746 5842 3747 5849 η
