3826 6556
91 427 164 481 5‘39
1115 424 1472 482 COMMENT.
1512 422 1579 478 ΙΝ
1617 421 1807 480 JOAN.
1838 421 2078 479 TOMUS
2112 422 2252 480 XIX.

3206 415 3311 478 670

91 547 204 601 στέον
231 542 344 609 τοῦ,
397 562 416 597 ι
442 528 568 618 Πρὸ
616 545 918 618 καταϐολῆς
945 546 1180 617 κόσμου·
1212 565 1231 598 ι
1281 544 1535 617 ἐπίτηδες
1559 540 1646 596 διὰ

1756 544 1924 613 possit
1955 542 2137 596 anima
2162 554 2284 596 esse
2329 539 2455 596 Jesu
2486 555 2608 613 quae
2645 541 2774 598 dicit
2802 558 2817 596 :
2851 558 2872 596 ι
2918 543 3033 614 Ego
3062 556 3167 598 non
3191 558 3312 597 sum

89 636 295 707 τοιαύτην
332 635 418 706 (2)
447 636 701 691 ἐπίνοιαν
740 638 1065 697 στλασάντων
1106 638 1275 709 ὄνομα
1318 638 1429 690 τῶν
1472 637 1642 705 ἁγίων

90 727 146 788 τὺ,
173 725 271 791 τῆς
290 722 663 791 καταϐολῆς.
695 727 955 796 Καίτοιγε
1008 726 1263 781 ἐδύναντο
1307 726 1489 795 λέγειν
1535 726 1643 798 πρὸ

92 820 274 881 “iam;
297 817 543 888 κόσμου,
579 819 676 872 καὶ
718 817 793 890 μὴ
821 818 1127 890 χρήσασθαι
1170 818 1248 889 τῷ
1271 818 1374 889 τῆς
1404 821 1647 873 κατασο-

91 909 173 979 λῆς
210 909 459 980 ὀνόματι.
509 910 674 974 ὀλος
725 905 818 964 οὖν
848 910 877 962 6
904 909 1127 982 κόσμος,
1168 910 1262 964 καὶ
1292 908 1362 963 τά
1403 910 1463 963 ὲν
1493 910 1644 982 αύτῷ

92 1002 130 1054 ἐν
151 999 412 1071 καταϐολῇ
451 1001 610 1055 ἐστιν
632 1017 647 1032 σ
701 999 805 1065 ἔξω
835 1000 891 1053 δὲ
924 999 1229 1071 καταϐολῆς
1256 998 1463 1071 κόσμου
1508 1015 1645 1054 παν-

90 1093 153 1155 τὸς
171 1092 402 1161 γίνονται
449 1093 504 1146 oi
535 1091 633 1146 τοῦ
671 1092 846 1164 Ἰησοῦ
878 1093 1088 1165 γνήσιοι
1117 1090 1376 1164 μαθηταὶ,
1404 1089 1500 1155 οὒς
1525 1090 1643 1156 ἑξε-

92 1184 241 1251 λέξατο
280 1185 345 1237 ἐκ
397 1182 502 1236 τοῦ
529 1184 763 1255 κόσμου,
811 1183 899 1238 ἵνα
928 1183 1124 1256 μηκέτι
1162 1175 1295 1237 ὦσιν
1324 1184 1390 1237 ὲκ
1422 1182 1517 1236 τοῦ
1550 1182 1642 1236 κό-

93 1293 216 1346 σμου,
244 1276 499 1346 αἴροντες
522 1275 620 1331 τὸν
649 1275 878 1347 σταυρὸν
910 1276 1139 1341 ἑαυτῶν,
1170 1274 1264 1329 καὶ
1290 1274 1643 1329 ἀκολουθοῦν-

89 1383 155 1429 τες
175 1364 333 1436 αύτῷ.

1745 650 1810 689 ex
1841 635 1945 689 hoc
1974 635 2178 690 mundo
2204 633 2271 699 ⁸⁸,
2311 654 2331 687 ι
2358 640 2692 689 conversans
2737 634 2792 689 in
2827 634 2922 689 illo
2949 643 3064 690 toto
3090 633 3312 701 mundo,

1744 734 2072 795 omnemque
2114 736 2240 780 eum
2283 726 2643 796 perlustrans,
2678 741 2952 796 manuque
2996 726 3200 779 ducens
3245 723 3316 779 ad

1743 833 1867 874 eum
1893 833 1990 873 eos
2014 818 2107 889 qui
2155 816 2478 874 didicissent
2520 817 2652 872 nihil
2685 817 2896 873 inferne
2927 817 3128 873 habere
3155 832 3317 871 mun-

1746 913 1872 967 dum
1926 910 2075 966 illum
2125 909 2568 979 intelligibilem;
2626 909 3087 978 quemadmodum
3144 921 3322 977 neque

1742 1000 1867 1065 iste,
1900 1000 1944 1055 si
1980 1000 2104 1070 quis
2134 1008 2387 1055 accurate
2410 1000 2727 1069 perpendat,
2757 1000 3052 1069 quidquam
3085 1008 3324 1065 superne

1724 1092 1931 1157 ,habet.
1962 1094 2219 1164 Alioquin
2265 1093 2537 1164 quomodo
2569 1092 2804 1149 mundus
2834 1092 2940 1148 iste
2971 1092 3170 1148 habere
3217 1092 3323 1168 aii-

1745 1185 1874 1255 quid
1894 1200 2130 1254 superne
2177 1193 2394 1255 potest,
2440 1185 2597 1256 cujus
2647 1185 2892 1241 conditio
2924 1195 3008 1239 est
3041 1183 3274 1254 dejectio
3300 1182 3328 1238 τ

1744 1276 1931 1347 Neque
1964 1277 2109 1332 enim
2161 1279 2462 1334 oscitanter
2490 1277 2777 1347 legendum
2831 1285 2915 1331 est
2946 1275 3103 1340 illud,
3141 1292 3161 1327 ι
3196 1284 3328 1331 ante

1749 1370 2108 1440 dejectionem
2139 1372 2323 1428 mundi
2354 1372 2430 1439 δι,
2466 1390 2485 1423 ι
2537 1387 2660 1426 cum
2696 1371 2869 1425 sancti
2911 1369 3325 1428 convenienter,

90 1468 128 1512 et
169 1457 399 1512 studiose
452 1470 659 1513 nomen
691 1459 792 1515 hoc
817 1457 916 1529 τῆς
947 1456 1251 1528 καταϐολῆς
1290 1456 1431 1531 [hoc
1461 1466 1544 1514 est
1575 1459 1908 1534 dejectionis]
1949 1474 2171 1532 propter
2216 1464 2373 1517 talem
2406 1462 2815 1533 intelligentiam
2845 1461 3125 1517 finxerint.
3169 1459 3325 1514 Alio-

90 1555 189 1620 quin
211 1555 382 1608 dicere
407 1561 672 1622 poterant
702 1552 806 1623 πρὸ
836 1552 1068 1615 κτίσεως
1107 1550 1232 1623 [hoc
1268 1562 1355 1607 est
1388 1561 1510 1608 ante
1550 1554 1926 1627 conditionem]
1978 1556 2199 1622 tnundi,
2243 1571 2345 1612 nec
2377 1560 2454 1611 uti
2497 1556 2801 1627 dejectionis
2833 1554 3117 1611 vocabulo.
3149 1551 3324 1609 Totus

90 1649 239 1716 itaque
276 1645 532 1705 mundus.
568 1654 626 1699 et
649 1658 770 1714 qua:
800 1645 853 1698 in
895 1646 1008 1714 ipso
1043 1656 1192 1712 sunt,
1224 1647 1276 1702 in
1314 1646 1615 1717 dejectione
1655 1656 1821 1712 sunt;
1866 1658 1922 1702 at
1962 1662 2090 1703 vero
2143 1657 2296 1703 extra
2334 1649 2693 1718 dejectionem
2734 1648 2902 1702 totius
2942 1646 3125 1701 mundi
3161 1644 3327 1716 306

89 1742 318 1796 exsistunt
350 1741 605 1810 germani
637 1739 767 1797 Jesu
802 1740 1070 1810 discipuli,
1102 1757 1236 1811 quos
1269 1757 1300 1823 e
1326 1742 1526 1797 nmndo
1547 1742 1803 1813 elegerat,
1831 1750 2013 1799 utnon
2040 1743 2268 1816 amplius
2297 1753 2482 1799 essent
2505 1758 2536 1798 e
2569 1744 2791 1810 mundo,
2824 1742 3072 1797 tollentes
3105 1753 3325 1796 crucem

88 1848 230 1899 suam,
259 1843 313 1888 et
336 1844 637 1903 sequentes
670 1848 794 1888 eum
817 1834 883 1886 ⁸⁸.

138 1926 186 1981 6.
218 1942 238 1977 ι
258 1921 424 1979 Εἶπον
449 1920 549 1978 οὖν
574 1926 729 1996 ὑμῖν,
756 1925 837 1979 ὅτι
858 1924 1212 1979 ἀποθανεῖσθε
1238 1926 1296 1979 ὲν
1316 1927 1437 1991 ταῖς
1463 1927 1644 1998 ἀμαρ-

88 2018 200 2081 τίαις
227 2017 377 2087 ὑμῶν
400 2033 416 2047 ο
442 2016 574 2070 -έάν
620 2016 732 2088 γάρ
760 2017 835 2088 μὴ
880 2018 1226 2089 πιστεύσητε,
1257 2019 1336 2071 ὅτι
1372 2019 1481 2087 ἐγώ
1506 2021 1643 2090 είμι,

1821 1926 1872 1981 6.
1910 1945 1929 1979 ‹
1977 1927 2099 1982 Dixi
2130 1943 2261 1999 ergo
2302 1928 2457 1985 vobis
2487 1928 2630 1997 quod
2662 1925 2969 1982 moriemini
3003 1926 3055 1980 in
3088 1922 3325 1993 peccatis

1750 2019 1951 2072 vestris
1977 2036 1991 2084 ;
2029 2018 2131 2073 nisi
2178 2020 2323 2074 enim
2366 2019 2713 2074 credideritis
2742 2016 2883 2086 quod
2910 2031 3008 2087 ego
3034 2026 3176 2079 sum,
3203 2028 3323 2069 moo-

90 2107 409 2161 ἀποθανεῖσθε
477 2110 538 2161 ὲν
589 2111 714 2171 ταῖς
749 2109 1043 2179 ἁμαρτίαις
1072 2108 1243 2178 ὑμῶν.
1270 2127 1288 2160 ι
1323 2110 1459 2163 Πότε
1492 2107 1644 2163 εἶπεν

1756 2111 1968 2166 riemiui
2003 2111 2055 2165 in
2085 2111 2324 2178 peccatis
2355 2111 2554 2166 vestris
2583 2110 2649 2166 ⁸³.
2691 2129 2709 2161 ι
2743 2109 2971 2176 Quando
3012 2108 3149 2163 dixit
3174 2107 3319 2161 illis:

90 2200 241 2262 αὐτοῖς
263 2215 277 2228 ·
326 2198 763 2252 «Ἃποθανεῖσθε
822 2201 879 2252 ὲν
924 2202 1043 2263 ταῖς
1075 2200 1367 2270 ἁμαρτίαις
1418 2201 1591 2272 ὑμῶν,
1618 2222 1635 2255 ι

90 2290 115 2357 ἦ
141 2292 217 2343 ὅτε
245 2290 448 2359 ἔφασκε
468 2308 483 2321 ο
526 2309 546 2342 ι
572 2291 882 2361 Ζητήσεσθέ
905 2292 983 2360 (3)
1012 2309 1100 2362 με,
1124 2290 1218 2345 και⁹
1244 2293 1302 2345 ἐν
1322 2296 1441 2357 ταῖς
1464 2294 1644 2366 ἀμαρ-

92 2385 200 2446 τίαις
231 2384 381 2455 ὑμῶν
431 2383 799 2437 ἀποθανεῖσθε
825 2400 840 2450 ;
871 2403 889 2436 ι
937 2385 1001 2437 Τί
1045 2386 1102 2440 δὲ
1147 2386 1207 2440 τὸ
1250 2387 1418 2440 αἴτιον
1457 2386 1549 2440 τοῦ
1584 2389 1641 2440 ὲν

89 2478 183 2538 ταῖς
207 2474 506 2545 ἁμαρτίαις
536 2473 722 2531 αὐτῶν
749 2475 1114 2547 ἀποθνήσκειν
1142 2475 1481 2548 ἀνθρώπους,
1516 2476 1643 2550 ἦτδ

92 2567 150 2637 pi;
188 2566 479 2631 πιστεύειν,
534 2567 621 2620 ὅτι
660 2567 868 2634 Ἰησοῦς
918 2572 1064 2623 ἐστιν
1112 2572 1141 2622 6
1172 2571 1436 2641 Χριστός;
1482 2571 1643 2636 αὐτὸς

89 2658 175 2727 γάρ
218 2675 415 2729 φησιν’
477 2678 496 2709 ι
529 2658 662 2713 Ἐἀν
694 2657 770 2729 μὴ
822 2659 1163 2731 πιστεύσητε,
1221 2663 1302 2715 ὅτι
1351 2661 1462 2732 ὲγὼ
1506 2665 1640 2734 είμι,

90 2747 412 2803 ἀποθανεῖσθε
446 2749 511 2801 ὲν
546 2752 673 2812 ταῖς
708 2750 1003 2822 ἁμαρτίαις
1031 2751 1204 2822 ὑμῶν.
1229 2771 1248 2804 ι
1306 2753 1369 2806 Εί
1421 2752 1478 2806 δὲ
1506 2755 1534 2806 6
1568 2754 1642 2825 μὴ

92 2837 351 2902 πιστεύω),
382 2840 466 2892 ὅτι
510 2838 727 2907 Ἰησοῦς
773 2841 801 2892 6
828 2840 1060 2911 Χριστός
1094 2843 1260 2907 ἐστιν,
1296 2843 1642 2897 ἀποθανεῖται

88 2928 135 2979 ἐν
170 2931 281 2992 ταῖς
303 2930 614 3000 ἁμαρτίαις
661 2932 879 2995 ἑαυτοῦ,
911 2931 1086 3001 δῆλον,
1114 2933 1195 2986 ὅτι
1243 2934 1272 2985 6
1306 2934 1380 3006 μὴ
1408 2934 1645 3007 ἀποθνή-

90 3034 211 3072 σκων
238 3022 295 3073 ὲν
332 3022 457 3083 ταῖς
488 3021 789 3092 ἁμαρτίαις
820 3021 984 3075 αὑτοῦ
1036 3024 1364 3080 πεπίστευκε
1403 3024 1481 3096 τῷ
1507 3026 1643 3097 Χρι-

89 3110 209 3180 στῷ·
248 3116 275 3166 6
312 3112 367 3165 δὲ
397 3112 773 3183 ἀποθνήσκων
820 3116 877 3165 ἐν
924 3118 1045 3179 ταῖς
1098 3117 1391 3188 ἁμαρτίαις
1428 3118 1643 3185 ἑαυτοῦ,

89 3199 171 3254 κᾶν
200 3201 343 3275 λέγῃ
368 3202 658 3256 πιστεύειν
686 3202 765 3273 τῷ
796 3203 1035 3274 Χριστῷ,
1085 3204 1158 3269 ὼς
1203 3207 1340 3278 πρὸς
1369 3206 1428 3261 τὸ
1451 3206 1648 3278 ἀληθὲς

90 3293 137 3343 ού
165 3296 516 3349 πεπίστευκεν
551 3293 706 3365 αύτῷ
724 3312 737 3324 ο
767 3294 883 3347 ίὲάν
916 3294 1022 3368 γάρ
1052 3296 1126 3367 (4)
1152 3296 1377 3368 λέγηται
1430 3299 1529 3370 μὲν
1555 3300 1646 3353 πί-

90 3400 205 3451 στις,
235 3387 396 3458 χωρὶς
425 3386 485 3439 δὲ
519 3385 706 3458 ἔργων
733 3386 993 3459 τυγχάνῃ,
1028 3390 1196 3459 νεκρά
1219 3391 1368 3445 ἐστιν
1401 3393 1433 3461 ή
1466 3391 1648 3445 τοιαύ-

1756 2222 1775 2255 σ
1809 2203 2115 2258 Moriemini
2178 2204 2230 2258 in
2276 2204 2517 2273 peccatis
2549 2203 2766 2267 vestris,
2808 2220 2826 2252 ι
2859 2199 2961 2254 nisi
2996 2199 3213 2269 quando
3242 2197 3325 2251 di-

1750 2295 1854 2359 xit,
1885 2314 1904 2347 ι
1946 2294 2215 2361 ριιιιιιειὶε
2254 2309 2362 2358 me,
2391 2303 2446 2348 et
2470 2295 2521 2347 in
2556 2294 2793 2364 peccatis
2818 2292 3014 2347 vestris
3044 2289 3324 2361 moriemi-
3429 2346 3437 2361 ,

1751 2385 1803 2439 ni
1862 2384 1953 2438 I"ti
1994 2403 2013 2437 ι
2052 2384 2190 2450 Quid
2230 2398 2360 2439 vero
2404 2393 2489 2438 est
2544 2384 2597 2438 in
2629 2397 2792 2437 causa
2831 2391 2884 2434 ιιι
2920 2381 3169 2436 homines
3204 2393 3324 2432 mo-

1751 2479 1964 2532 riantur
1983 2478 2036 2532 in
2066 2477 2302 2547 peccatis
2325 2477 2459 2539 suis,
2483 2476 2586 2531 nisi
2618 2489 2722 2528 non
2752 2474 2974 2528 credere
2996 2470 3179 2527 Iesum
3203 2484 3324 2524 esse

1749 2569 2081 2625 Christum?
2138 2570 2257 2639 ipse
2304 2571 2452 2623 enim
2507 2569 2677 2637 inquit
2711 2585 2724 2620 :
2758 2585 2777 2618 ι
2822 2565 2933 2619 Nisi
2987 2563 3327 2619 credideritis

1750 2663 1894 2733 quod
1920 2678 2021 2731 ego
2049 2662 2161 2729 ipse
2195 2677 2338 2722 sum,
2370 2659 2672 2714 moriemini
2704 2658 2756 2713 in
2787 2657 3022 2737 peccatis
3046 2655 3262 2711 vestris.
3301 2672 3322 2706 ι

1751 2754 1905 2821 Quod
1933 2754 1980 2809 si
2006 2754 2129 2822 quis
2154 2769 2261 2806 non
2315 2753 2489 2806 credit
2520 2750 2703 2806 Jesnnt
2733 2765 2854 2804 esse
2887 2748 3185 2813 Christum,
3211 2761 3328 2800 mo-

1752 2849 1891 2901 ritur
1943 2846 1995 2899 in
2047 2845 2283 2913 peccatis
2328 2844 2474 2907 suis;
2531 2844 2733 2897 scilicet
2783 2841 2874 2910 qui
2928 2855 3033 2894 non
3095 2839 3327 2892 moritur

1751 2940 1807 2993 in
1855 2938 2091 3009 peccatis
2146 2937 2298 3001 suis,
2350 2936 2394 2990 is
2425 2934 2642 2990 Christo
2688 2934 2883 2989 credit.
2940 2932 3011 2985 At
3063 2946 3191 2984 vero
3231 2928 3326 2998 qui
3410 2930 3413 2931 ⁷

1753 3032 1982 3086 moritur
2013 3030 2067 3084 in
2102 3028 2341 3094 peccatis
2372 3028 2506 3089 suis,
2542 3024 2755 3080 etiamsi
2807 3025 2951 3079 dicat
2995 3039 3054 3077 se
3106 3020 3326 3076 Christo

1754 3122 1999 3185 credere,
2028 3128 2289 3189 quantum
2339 3118 2406 3173 ad
2437 3118 2720 3172 veritatem
2770 3116 2869 3185 ipsi
2905 3131 3011 3170 non
3055 3112 3327 3179 credidit;

1754 3228 1878 3267 nam
1923 3211 2141 3267 etiamsi
2192 3211 2405 3265 dicatur
2435 3208 2591 3273 fides,
2647 3208 2741 3263 sed
2782 3211 2855 3262 sit
2893 3208 3010 3261 sine
3042 3204 3325 3275 operibus,

1756 3303 2063 3370 huiusmodi
2098 3301 2233 3358 fides
2266 3310 2480 3356 mortua
2506 3310 2609 3366 est,
2648 3309 2706 3352 ut
2737 3299 2965 3369 legimus
3002 3298 3053 3351 in
3087 3295 3326 3362 Epistola

1755 3410 1875 3466 qua!
1919 3393 2108 3449 Jacobi
2146 3395 2364 3449 nomine
2408 3392 2795 3448 circumfertur
2844 3391 2911 3446 ⁸⁸.
2967 3389 3101 3455 Quis
3162 3389 3333 3459 igitur

89 3490 161 3546 τη,
196 3477 266 3541 ὡς
314 3480 370 3531 ὲν
400 3481 471 3550 τῇ
508 3477 793 3549 φερομένῃ
832 3477 1085 3534 Ἰακώϐου
1102 3481 1377 3554 Ἐπιστολῇ
1413 3483 1647 3552 ἀνέγνω-

1756 3498 1915 3558 putas
1943 3495 2029 3542 cst
2060 3487 2313 3548 credens.
2349 3486 2455 3541 nisi
2501 3486 2589 3540 ille
2615 3486 2707 3554 qui
2743 3498 2809 3539 eo
2856 3484 3101 3553 pervenit
3136 3491 3194 3536 ut
3220 3498 3330 3537 non

91 3587 191 3638 μεν.
222 3571 309 3635 Τίς
332 3567 429 3625 οὖν
463 3572 577 3642 ἄρα
612 3571 762 3625 ἐστὶν
791 3573 820 3623 6
855 3571 1124 3626 πιστεύων
1155 3573 1187 3644 ἢ
1220 3575 1249 3627 6
1277 3575 1559 3640 πεπονθὼς
1587 3578 1652 3630 ὲκ

90 3660 165 3712 τοῦ
194 3661 492 3716 διακεῖσθαι
537 3662 688 3715 κατά
727 3662 819 3715 τὸν
866 3662 1044 3732 λόγον,
1094 3665 1189 3717 καὶ
1239 3667 1654 3738 συμπεφυκέναι

89 3751 216 3822 αὐτῷ
256 3754 314 3807 τὸ
360 3755 436 3827 μὴ
489 3753 857 3825 ἐμπεσεῖσθαι
891 3754 977 3820 ἂν,
1023 3757 1145 3809 ὅσον
1194 3758 1292 3829 μὲν
1328 3761 1421 3813 ἐπὶ
1445 3759 1654 3827 τούτοις

88 3845 181 3906 τοῖς
226 3847 423 3916 ῥητοῖς,
480 3847 566 3908 εἰς
617 3845 687 3898 τὰ
744 3843 1011 3917 λεγόμενα
1055 3848 1190 3919 πρὸς
1239 3849 1467 3904 θάνατον
1514 3846 1655 3905 εἶναι

90 3933 434 4008 ἁμαρτήματα
464 3955 480 4002 ;
529 3939 659 3991 ὅσον
713 3937 770 3990 δὲ
821 3939 913 3991 ἐπὶ
939 3938 1053 4009 cip-
1096 3959 1114 3992 ι
1139 3941 1254 4005 Πᾶς
1284 3944 1312 3994 6
1361 3942 1652 4010 πιστεύων,

87 4024 155 4075 ὅτι
188 4026 383 4096 Ἰησοῦς
408 4028 701 4100 ὁΧριστός
731 4030 898 4093 ἐστιν,
930 4031 994 4082 ὲκ
1012 4030 1107 4083 τοῦ
1136 4031 1271 4085 Θεοῦ
1291 4034 1599 4104 γεγένηται,
1628 4052 1648 4086 ι

88 4114 171 4184 οὐχ
203 4117 505 4190 ἁμαρτάνει
560 4119 660 4174 καὶ
693 4118 832 4190 πρὸς
872 4120 902 4173 6
946 4138 998 4172 τι
1029 4121 1297 4191 δηποτοῦν
1346 4124 1456 4178 τῶν
1504 4123 1655 4196 παρά

84 4208 162 4261 τὸν
202 4213 353 4284 ὀρθδν
381 4214 697 4285 γινομένων
724 4213 917 4281 λόγον;
970 4216 1091 4267 Ἔτι
1121 4215 1174 4269 δὲ
1217 4217 1415 4287 μᾶλλον
1443 4220 1655 4289 νοήσεις

86 4303 129 4354 τί
154 4306 297 4359 ἐστιν
313 4324 327 4337 ⁸
364 4327 383 4358 ι
406 4307 542 4361 Ἐὰν
571 4324 592 4358 ι
625 4305 734 4378 γὰρ
763 4324 781 4357 ι
813 4307 887 4377 μὴ
909 4306 1254 4378 πιστεύσητε,
1276 4310 1358 4363 ὅτι
1382 4310 1492 4378 ἐγώ
1516 4313 1653 4381 είμι,

85 4396 419 4452 ἀποθανεῖσθε
469 4401 531 4452 ὲν
577 4401 703 4461 ταῖς
750 4398 1045 4470 ἁμαρτίαις
1093 4399 1266 4471 ὑμῶν,
1295 4422 1312 4453 ι
1368 4402 1405 4456 ἀ
1452 4404 1656 4457 ἐστινό

85 4487 415 4557 Πρωτότοκος
445 4492 639 4562 πάσης
685 4490 917 4555 κτίσεως
962 4492 1427 4565 ἀναλογιζόμενος.
1473 4489 1599 4548 Οἴον
1628 4498 1657 4548 6

84 4580 337 4636 πιστεύων
378 4583 433 4636 τί
474 4586 630 4636 ἐστιν
672 4584 707 4653 ή
758 4582 1091 4656 δικαιοσύνη,
1124 4587 1223 4639 οὐκ
1267 4586 1332 4639 ἂν
1359 4588 1652 4660 ἀδικήσαι·

85 4674 165 4725 καὶ
213 4675 307 4729 διὰ
336 4678 397 4730 τὸ
426 4676 839 4747 τεθεωρηκέναι
870 4678 990 4749 ἥτις
1020 4678 1165 4733 ἐστὶν
1213 4681 1246 4751 ἡ
1275 4681 1456 4750 σοφία,
1493 4698 1657 4735 πεπι-

84 4766 312 4831 στευκὼς
354 4770 436 4832 είς
485 4768 590 4838 τὴν
638 4766 850 4835 σοφίαν,
874 4769 974 4821 ούκ
1012 4769 1077 4823 ἀν
1114 4787 1166 4824 τι
1207 4772 1390 4843 μωρὸν
1418 4771 1586 4840 λέγοι,
1620 4771 1654 4843 ἢ

1754 3579 1937 3642 cadat,
1980 3586 2243 3647 quantum
2275 3577 2341 3631 ad
2375 3578 2490 3630 haec
2527 3580 2689 3629 verba
2720 3576 2979 3644 pertinet,
3024 3577 3076 3628 in
3106 3588 3168 3628 ea
3199 3588 3334 3642 pec-3

1755 3678 1876 3725 cata
1901 3684 2020 3737 quae
2049 3678 2173 3723 sunt
2220 3668 2289 3723 ad
2335 3678 2564 3722 mortem
2592 3669 2659 3733 “,
2693 3684 2758 3722 en
2802 3669 2946 3736 quod
2996 3665 3219 3721 affectus
3257 3666 3333 3720 sit

1755 3763 2053 3817 secundum
2104 3760 2367 3814 rationem
2402 3767 2458 3813 et
2496 3759 2763 3813 coaluerit
2814 3773 2939 3812 cum
2988 3757 3099 3811 ea?
3155 3773 3330 3825 quan-

1757 3864 1870 3907 tum
1902 3867 2032 3907 vero
2059 3850 2124 3905 ad
2168 3849 2258 3904 illa
2288 3849 2450 3903 verba
2485 3866 2499 3902 :
2539 3867 2558 3898 ι
2598 3846 2788 3902 Omnis
2817 3848 2910 3917 qui
2935 3849 3109 3903 credit
3131 3848 3319 3903 .lesnm

1754 3958 1876 3999 esse
1899 3943 2200 4005 Christum,
2239 3955 2305 3994 ex
2342 3937 2458 3994 Deo
2479 3947 2643 3993 natus
2674 3948 2757 3993 est
2791 3939 2859 4005 ⁸⁷,
2911 3956 2929 3989 ι
2965 3947 3025 3992 ιιι
3068 3954 3172 3992 non
3204 3952 3332 4008 pec-

1757 4044 1844 4090 cet
1889 4034 1942 4087 in
1987 4033 2095 4086 ullo
2124 4047 2312 4087 eorum
2351 4045 2471 4100 qua:
2521 4030 2655 4084 fiunt
2708 4038 2907 4098 praeter
2933 4041 3133 4083 rectam
3164 4029 3329 4082 ratio-

1757 4124 1908 4180 nem?
1937 4122 2165 4194 Insuper
2187 4123 2443 4177 memoria
2475 4132 2725 4191 repetens
2748 4137 2832 4185 ea,
2863 4137 2981 4191 quae
3011 4130 3094 4174 est
3129 4120 3331 4175 Primo-

1757 4217 1973 4286 genitus
1997 4215 2179 4270 omnis
2206 4224 2476 4269 creatura:
2521 4215 2588 4279 ⁸⁸,
2638 4215 3017 4269 considerabis
3045 4214 3174 4284 quid
3208 4214 3280 4269 sit
3310 4229 3326 4271 :

1764 4325 1782 4358 ι
1820 4307 1937 4363 Nisi
1988 4306 2332 4361 credideritis
2361 4305 2506 4376 quod
2559 4322 2662 4378 ego
2711 4322 2852 4370 sum,
2911 4307 3220 4362 moriemini
3275 4306 3328 4361 in

1758 4400 1998 4470 peccatis
2029 4400 2228 4454 vestris
2255 4400 2321 4453 ⁸⁸.
2371 4419 2390 4452 ι
2441 4398 2601 4455 Verbi
2639 4401 2835 4469 gratia,
2875 4400 2965 4469 qui
2993 4400 3161 4455 credit
3199 4399 3329 4468 quid

1758 4491 1828 4544 sit
1864 4490 2103 4560 justitia,
2130 4489 2389 4560 injuriam
2424 4505 2527 4545 non
2555 4489 2787 4553 inferet;
2817 4501 2873 4545 et
2915 4491 3003 4559 qui
3036 4492 3331 4546 crediderit

1759 4579 1811 4635 iu
1840 4580 2188 4650 sapientiam,
2221 4579 2365 4649 quod
2393 4581 2534 4634 satis
2582 4582 2859 4650 explorate
2905 4584 3212 4651 perceperit
3239 4598 3333 4637 co-

1758 4672 2110 4743 gnoveritque
2150 4685 2293 4737 eam,
2356 4673 2404 4727 is
2452 4687 2552 4729 nec
2595 4672 2802 4728 fatuum
2832 4674 3035 4744 aliquid
3083 4674 3334 4742 loquetur

1762 4779 1861 4819 nec
1900 4763 2082 4820 faciet.
2119 4764 2200 4821 Ad
2246 4765 2363 4820 haec
2410 4767 2501 4835 qui
2559 4766 2850 4821 crediderit
2893 4765 3082 4836 Λόγῳ,
3116 4764 3191 4838 [id
3248 4776 3333 4819 est

84 4858 295 4925 πράττοι
315 4875 330 4890 ο
369 4860 497 4912 ἐπεὶ
526 4860 555 4911 6
593 4859 889 4923 πιστεύσας
914 4859 989 4931 (5)
1033 4859 1111 4931 τῷ
1142 4862 1199 4915 ὲν
1229 4864 1370 4934 ἀρχῇ
1404 4864 1541 4936 πρὸς
1563 4862 1647 4917 τὸν

1759 4859 1951 4912 rationi
2006 4868 2063 4914 et
2108 4857 2245 4916 Filio
2282 4858 2414 4932 Dei]
2467 4860 2559 4929 qui
2607 4870 2726 4914 erat
2777 4860 2831 4914 in
2884 4860 3150 4928 principio
3187 4858 3332 4926 apud

80 4951 196 5005 Θεὸν
225 4952 411 5023 Λόγῳ,
436 4953 499 5006 ὲν
530 4951 613 5023 τῷ
646 4952 1101 5023 κατανενοηκέναι
1131 4954 1313 5021 αὐτὸν,
1345 4957 1494 5010 οὐδὲν
1528 4957 1652 5010 ἀλό-

1761 4951 1929 5006 Deum
1950 4952 1994 4983 ⁹⁰
2019 4968 2036 5018 ;
2063 4951 2187 5007 dum
2239 4951 2384 5007 illius
2413 4951 2720 5022 cognitione
2748 4949 2965 5016 fruitur,
2993 4949 3128 5004 nihil
3162 4966 3191 5004 a
3245 4965 3333 5004 ra-

142 5080 643 5157 ⁸³ξριιιι.)ζιιι,ξ3.Δ
664 5153 676 5157 Δ
704 5084 747 5117 ⁸⁸
782 5082 939 5157 .ipa_n.
974 5086 1238 5157 xvnﬂd;
1269 5087 1466 5156 Ephes.
1496 5106 1536 5154 t,
1556 5089 1622 5155 4;

1756 5101 1843 5145 :tr.
1874 5105 1912 5151 t,
1936 5086 2027 5142 20.
2092 5085 2139 5117 ⁸²
2164 5082 2542 5157 Joan._x_v,19
2567 5100 2580 5148 ;
2609 5080 3025 5157 Marc‘vnthﬂ.
3099 5079 3147 5112 ⁸⁸
3170 5077 3332 5157 Joan.‘

78 5166 175 5227 int,
200 5152 293 5207 24.
374 5150 579 5227 fibid.
615 5152 706 5209 21.
784 5153 830 5187 ⁸⁸
860 5154 976 5212 Jac.
1007 5171 1070 5225 ιι,
1095 5148 1186 5216 ΞΟ.
1226 5148 1491 5215 ἠἰἶοιιι.
1524 5148 1647 5227 νιίί

1792 5158 1873 5212 ⁸⁷1
1901 5148 2060 5215 Joan.
2086 5171 2140 5223 ν,
2180 5157 2232 5213 1.
2308 5155 2355 5186 ⁸⁸
2374 5148 2581 5211 Geloss.
2615 5163 2655 5218 I,
2687 5148 2783 5207 HJ
2848 5148 3063 5206 8".ioan.
3096 5166 3214 5220 vnt,
3237 5151 3332 5206 ει.

78 5220 117 5252 ’⁸
139 5221 291 5277 Joao.
321 5237 367 5289 ι,
395 5219 450 5275 2.

79 5362 367 5433 καταϐολή,
399 5355 768 5433 patrocinium
807 5357 1065 5433 quaesivit
1098 5357 1362 5433 Origenes
1408 5358 1651 5433 opinioni

79 5447 194 5495 suae,
226 5426 343 5500 ιιιιέ
368 5426 636 5500 mundum
685 5426 958 5500 conditum
1002 5426 1236 5494 fingebat
1274 5445 1339 5484 ex
1357 5426 1650 5500 _ment_ium

81 5497 417 5570 diversitate.
448 5512 573 5570 qua:
609 5497 720 5570 huc
753 5497 913 5567 dejici
936 5501 1147 5570 meritae
1185 5509 1333 5570 sunt.
1357 5497 1490 5552 Vide
1519 5498 1557 5554 l.
1590 5514 1649 5553 ιιι

78 5572 201 5639 Περὶ
237 5564 625 5639 ἀρχῶνξιζιῃ).
659 5564 719 5629 5,
746 5564 895 5639 nuip.
923 5564 975 5631 4,
994 5578 1062 5639 et
1097 5567 1418 5637 Origem'ana
1444 5580 1647 5635 nostra,

80 5636 158 5692 lib.
183 5658 243 5704 ιι,
271 5636 473 5710 quaest.
506 5636 599 5702 12,
630 5651 789 5692 ιιιιιιι.
826 5636 884 5701 2,
917 5638 1006 5693 ubi
1055 5639 1123 5691 de
1172 5636 1376 5696 mundo
1426 5639 1645 5694 disseri-

80 5724 202 5764 satis.
236 5712 511 5766 Hunnus.

136 5781 210 5851 (2)
251 5778 571 5851 Ἐπίςηᾷες
601 5777 705 5831 διὰ
727 5774 1174 5851 τῂν-τοιαύτην.
1224 5776 1317 5833 δῖα
1353 5789 1497 5851 recte
1553 5778 1648 5851 ha-

82 5848 152 5904 bet
180 5846 361 5908 codex
386 5847 737 5914 Bodleianus,
766 5847 818 5901 in
843 5846 1010 5915 Regio
1049 5858 1225 5904 autem
1259 5858 1312 5903 et
1352 5849 1642 5905 Uarbcrino

1758 5374 2042 5446 perperam
2073 5338 2580 5446 Ιρείιυγηὲπίτηδες
2612 5359 2866 5433 τοιαύτην
2897 5359 3145 5418 ἐπίνοιαν
3194 5361 3337 5416 πλα-

1760 5430 1967 5484 σάντων
1996 5430 2271 5503 ὁνομᾶτων
2297 5430 2488 5500 ἀγίωνζ
2820 5430 2830 5433 ⁷

1789 5501 1912 5583 ~(5)
1960 5502 2136 5558 Codex
2179 5502 2520 5566 Bodleianus,
2578 5498 2915 5573 ζητήσεσθεο
2978 5502 3202 5574 Regius,
3245 5499 3340 5575 ζη-

1934 5641 2112 5712 Codex
2137 5639 2481 5712 Bodleianus,
2504 5639 2600 5696 ὲάν
2625 5639 2734 5712 γάρ
2759 5658 2773 5672 ·
2812 5641 3033 5712 Regius,
3057 5643 3154 5698 ἐὰν
3180 5642 3260 5698 δέ.

1828 5705 1905 5782 (5)
1944 5711 2097 5764 Ἐπεὶ
2142 5714 2175 5765 d
2215 5711 2581 5782 πιστεύσας,
2630 5705 2739 5767 etc.
2782 5705 3071 5772 Ferrarius
3117 5715 3335 5771 videtur

1758 5779 1953 5851 legisse
1976 5782 2055 5834 ἔτι
2078 5782 2105 5833 6
2131 5779 2445 5847 πιστεύσας,
2477 5790 2588 5837 ctc.
