3806 6540
422 412 619 480 ,8⁸11

1967 396 2287 457 ORIGENIS

3660 387 3747 441 ΒΗ

519 531 668 584 tione
711 526 949 583 alienum
1005 527 1251 582 facturus
1306 535 1390 580 est
1428 541 1444 581 :
1481 525 1560 582 sic
1598 524 1689 594 qui
1735 522 1912 579 credit
1943 520 2075 590 quod

2193 533 2305 585 γως
2344 514 2603 585 ποιήσαι·
2643 512 2777 584 πρὸς
2821 509 3033 574 τούτοις
3076 510 3107 563 6
3153 505 3439 571 πιστεύων,
3474 507 3564 561 ὅτι
3604 506 3746 571 αὑτός

519 621 636 690 ipse
693 626 777 673 est
816 633 921 688 pax
969 626 1157 672 nostra
1202 617 1287 682 ",
1338 616 1754 685 haudquaquam
1808 611 2086 684 quidpiam

518 710 836 781 operabitur
869 709 1079 765 dissidii
1126 717 1222 763 aut
1261 707 1410 765 belli.
1443 708 1582 775 Quin
1626 707 1815 772 etiam,
1849 704 2090 776 quando-

517 802 736 871 quidem
791 799 1039 856 Christus
1092 808 1177 854 est
1237 815 1346 855 non
1404 800 1577 855 solum
1626 798 1721 854 Dei
1780 798 2086 867 sapientia,

517 902 704 946 verum
734 891 899 946 etiam
929 890 1024 945 Dei
1060 890 1322 961 potentia,
1357 889 1447 958 qui
1479 889 1657 945 credit
1702 887 1799 954 illi,
1830 888 1883 942 in
1918 901 2089 957 quan-

518 991 631 1037 tum
660 982 903 1052 potentia
933 982 1029 1037 Dei
1060 991 1167 1046 est,
1202 982 1622 1052 haudquaquam
1662 980 1768 1035 erit
1812 978 2087 1048 impotens

518 1074 585 1127 ad
613 1073 894 1142 praeclara.
937 1072 1171 1129 Proinde
1205 1072 1515 1129 necessario
1564 1087 1687 1127 eum
1733 1072 2087 1127 consideran-

521 1173 603 1216 tes
632 1162 948 1230 patientiam
976 1170 1030 1216 et
1054 1160 1458 1223 fortitudinem,
1491 1169 1713 1228 propter
1735 1158 1864 1213 illud
1905 1173 1920 1211 :
1964 1174 1984 1209 ι
2021 1156 2087 1210 Ει

513 1268 661 1309 nunc
690 1268 811 1324 quae
835 1262 921 1308 est
951 1255 1211 1324 patientia
1240 1253 1401 1308 mea?
1432 1251 1624 1306 Nonne
1657 1251 1977 1306 Dominus"
2004 1250 2028 1304 ‘I
2059 1268 2080 1302 ι

514 1352 613 1407 et,
650 1361 682 1394 1
740 1342 1020 1399 Fortitudo
1079 1357 1239 1409 mea;
1300 1360 1320 1395 ι
1369 1351 1468 1407 et,
1532 1360 1552 1392 ι
1599 1340 1917 1396 Substantia
1964 1354 2084 1394 mea

512 1433 774 1489 Dominus
817 1434 898 1499 ’³,
947 1452 967 1488 ι
1019 1435 1261 1489 dicemus
1312 1434 1460 1505 quod
1506 1434 1552 1488 si
1601 1432 1844 1488 cedimus
1894 1432 1960 1484 ad
2007 1430 2086 1484 la-

507 1525 711 1591 bores,
751 1540 857 1579 non
914 1526 1191 1580 credimus
1244 1526 1341 1591 illi,
1395 1525 1446 1580 in
1504 1534 1761 1594 quantum
1793 1532 1879 1579 est
1922 1523 2085 1593 307

509 1613 803 1684 patientia;
852 1623 907 1670 et
961 1615 1009 1670 si
1049 1615 1411 1682 inﬁrmamur,
1466 1631 1572 1670 non
1604 1616 1879 1671 credimus
1912 1615 1985 1679 ei,
2028 1614 2082 1668 in

512 1716 777 1773 quantum
837 1716 923 1761 est
966 1709 1155 1763 robur.
1221 1707 1373 1774 Quod
1414 1708 1462 1762 si
1515 1706 1806 1777 collegeris
1849 1717 2084 1762 caeteras

509 1792 709 1849 Christi
741 1796 1224 1861 considerationes,
1252 1812 1357 1852 non
1384 1795 1672 1851 dilliculter
1705 1797 1976 1863 invenies.
2014 1811 2081 1852 (ξι

514 1884 601 1941 bis
646 1901 765 1956 quae
816 1887 1072 1952 diximus,
1123 1902 1359 1958 quonam
1409 1897 1569 1960 pacto
1617 1889 1709 1959 qui
1753 1904 1859 1943 non
1911 1890 2085 1944 credit

512 1975 756 2046 Christo,
788 1979 1048 2034 moriatur
1074 1980 1129 2033 in
1173 1982 1415 2050 peccatis
1438 1981 1572 2036 suis.
1615 1981 1749 2035 Nam
1792 1981 1885 2050 qui
1925 1981 2086 2037 fuerit

509 2067 565 2122 in
612 2068 697 2123 his
751 2083 871 2138 quae
926 2070 1202 2126 contraria
1256 2081 1377 2125 sunt
1415 2071 1845 2129 considerationi
1893 2086 2081 2127 earum

507 2172 691 2213 rerum
715 2174 837 2229 quae
861 2170 945 2215 est
966 2161 1231 2227 Christus,
1262 2162 1314 2216 in
1347 2163 1460 2217 suis
1486 2164 1725 2232 peccatis
1758 2164 2008 2219 moritur.

583 2257 633 2307 7.
669 2266 690 2300 ι
715 2250 981 2306 Dicebant
1011 2268 1140 2323 ergo
1184 2253 1259 2307 illi
1296 2270 1309 2307 :
1342 2253 1420 2308 Tu
1461 2258 1583 2325 quis
1619 2254 1777 2310 es“?
1805 2274 1824 2307 ι
1876 2254 2082 2311 Conse-

504 2351 681 2407 quens
705 2350 827 2394 erat
872 2351 962 2408 ut,
1018 2344 1299 2398 audientes
1339 2360 1459 2415 qua:
1503 2362 1534 2400 a
1586 2344 1714 2401 Jesu
1762 2347 2083 2401 dicebantur

507 2439 631 2479 cum
666 2430 834 2484 multa
863 2441 1154 2498 potestate,
1179 2435 1583 2507 interrogarent
1625 2438 1748 2507 quis
1771 2449 1921 2495 esset
1949 2439 2077 2494 talia

506 2518 771 2592 loquens;
804 2525 1091 2581 videbatur
1109 2528 1252 2583 enim
1276 2544 1397 2585 esse
1421 2530 1616 2601 aliquis
1638 2532 1858 2588 homine
1885 2533 2076 2601 major,

505 2620 562 2666 et
600 2623 790 2668 natura
819 2618 1065 2685 quasdam
1094 2618 1333 2674 divinior
1361 2619 1621 2677 Servator
1647 2623 1835 2679 dicens
1869 2638 1884 2675 :
1921 2642 1940 2675 ι
1963 2622 2075 2679 Nisi

506 2705 851 2764 credideritis
887 2710 1028 2777 quod
1057 2724 1157 2781 ego
1197 2726 1350 2776 sum,
1387 2713 1691 2768 moriemini
1745 2714 1797 2768 iu
1831 2716 2077 2785 peccatis

503 2796 702 2852 vestris
730 2797 800 2851 ".
824 2818 842 2851 ι
874 2797 1005 2855 Illud
1028 2816 1158 2874 ergo
1191 2818 1208 2858 :
1238 2821 1257 2854 ι
1282 2803 1361 2857 Tu
1385 2805 1508 2873 quis
1533 2819 1596 2861 es
1617 2806 1667 2860 τι
1700 2806 1866 2863 veluti
1890 2815 2071 2878 postu-

507 2884 733 2942 lantium
771 2899 855 2946 est
904 2907 1243 2962 responsum,
1293 2893 1405 2965 Ego
1457 2910 1578 2952 sum
1629 2898 1876 2955 Christus
1916 2901 2073 2967 :vel,

503 2974 616 3044 Ego
658 2994 778 3034 sum
817 2983 1081 3052 propheta
1121 2983 1275 3046 :vel,
1319 2986 1434 3054 Ego
1467 3002 1583 3043 sum
1613 2988 1793 3059 Elias;
1832 2992 1918 3046 vel
1957 2990 2072 3045 for-

505 3068 685 3134 tassis,
734 3070 845 3141 Ego
898 3088 1016 3127 sum
1068 3075 1294 3145 angelus
1337 3076 1428 3131 Dei
1471 3094 1690 3148 :ueque
1740 3081 1925 3149 enim,
1970 3084 2071 3137 nisi

2190 612 2337 664 ἐστιν
2368 610 2401 679 ἡ
2436 608 2626 679 εἰρήνη
2653 605 2829 677 ἡμῶν,
2858 605 2959 658 οὐκ
2975 603 3042 657 ἄν
3064 620 3117 655 τι
3142 600 3377 672 πολέμου
3404 600 3503 654 καὶ
3530 598 3747 661 στάσεως

2190 700 2457 772 ὲνεργοίη.
2516 698 2675 752 Ἀλλὰ
2710 696 2807 750 καὶ
2838 695 2998 766 εἴπερ
3040 692 3275 765 Χριστός
3322 693 3469 745 ἐστιν
3498 690 3561 743 ού
3608 690 3745 760 μόνον

2187 791 2323 845 Θεοῦ
2359 790 2542 859 σοφία,
2582 788 2720 843 ἀλλά
2747 787 2841 841 καλ⁸
2868 785 3003 839 Θεοῦ
3044 785 3293 854 δύναμις,
3319 783 3349 835 ὁ
3373 779 3645 834 πιστεύων
3667 782 3747 833 αὑ-

2186 883 2265 954 τῷ
2302 884 2424 937 καθ’
2449 883 2478 937 6
2515 881 2743 953 δύναμίς
2781 882 2952 944 ἐστιν,
2998 878 3097 931 οὐκ
3135 876 3200 930 ἂν
3229 876 3313 946 εἵη
3358 874 3491 946 περὶ
3529 874 3595 927 τὰ
3624 873 3747 929 καλὲ

2187 973 2467 1037 ἀδύνατος.
2517 971 2854 1040 Ἀναγκαίως
2878 969 2934 1024 δὲ
2961 967 3315 1030 ὑπονοοῦντες
3353 965 3521 1018 αὑτὸν
3560 966 3744 1034 ὑπομο-

2186 1070 2283 1139 νὴν
2314 1069 2411 1123 καὶ
2444 1068 2596 1139 ἰσχὺν
2623 1067 2710 1122 διὰ
2734 1066 2797 1119 τό
2819 1084 2833 1097 ·
2868 1084 2887 1116 ι
2908 1064 3019 1117 Καὶ
3052 1062 3147 1118 νῦν
3174 1061 3259 1125 τίς
3288 1063 3324 1130 ἡ
3345 1060 3594 1130 ὑπομονὴ
3626 1076 3743 1128 μου;

2188 1161 2319 1232 Οὐχὶ
2340 1159 2570 1230 Κύριος;
2600 1178 2618 1211 ι
2644 1159 2739 1213 καὶ
2762 1157 2854 1212 τό·
2883 1176 2901 1209 ι
2925 1155 3100 1227 Ἱσχύς
3131 1171 3253 1225 μου,
3274 1171 3293 1204 ι
3323 1153 3418 1205 καὶ
3439 1150 3534 1204 τό·
3566 1169 3587 1202 ι
3605 1150 3747 1203 Ὑπό-

2189 1253 2377 1317 στασίς
2408 1270 2508 1323 μου
2541 1254 2569 1305 6
2594 1251 2815 1323 Κύριος,
2838 1268 2856 1300 ι
2888 1249 3154 1319 φήσομεν,
3188 1247 3270 1298 ὅτι
3305 1246 3354 1297 εί
3386 1242 3658 1312 ὲνδίδομεν
3682 1240 3743 1311 (6)

2187 1347 2323 1418 πρὸς
2371 1346 2585 1409 πόνους,
2617 1346 2679 1398 ού
2722 1344 3051 1414 πιστεύομεν
3087 1340 3238 1411 αὑτῷ
3267 1342 3363 1394 καὶ
3403 1338 3533 1393 καθ’
3561 1338 3592 1391 ὅ
3619 1340 3743 1391 ἐστιν

2186 1438 2452 1507 ὑπομονὴ·
2479 1437 2573 1490 καὶ
2595 1438 2644 1489 εἰ
2665 1434 3019 1505 ἀσθενοῦμεν,
3047 1434 3109 1487 οὑ
3140 1431 3592 1502 πεπιστεύκαμεν
3620 1430 3744 1499 αὐτῷ

2185 1527 2306 1582 καθ’
2331 1528 2359 1581 ὃ
2379 1529 2524 1580 ἐστιν
2549 1526 2719 1596 ἰσχύς.
2765 1525 2890 1578 Ἐὰν
2922 1524 2979 1577 δὲ
3012 1521 3407 1592 ἀναλεγόμενος
3442 1522 3547 1583 τὰς
3575 1518 3744 1581 λοιπὰς

2186 1618 2427 1681 ἐπινοίας
2456 1616 2546 1671 τοῦ
2586 1615 2840 1686 Χριστοῦ,
2867 1615 2928 1668 ού
2961 1612 3214 1685 χαλεπῶς
3240 1612 3435 1664 ἐκτῶν
3465 1610 3745 1682 εἰρημένων

2185 1710 2435 1781 εὑρήσεις
2462 1709 2583 1761 τίνα
2610 1708 2810 1780 τρόπον
2829 1709 2858 1760 ὁ
2888 1706 2962 1777 μὴ
2984 1704 3254 1758 πιστεύων
3283 1702 3361 1773 τῷ
3389 1699 3616 1773 Χριστῷ
3638 1701 3746 1751 ἀπο-

2187 1797 2428 1852 θανεῖται
2459 1800 2516 1852 ὲν
2539 1799 2659 1860 ταῖς
2694 1795 2989 1867 ἁμαρτίαις
3018 1792 3206 1847 αὑτοῦ·
3240 1792 3533 1861 γινόμενος
3563 1788 3663 1860 γὰρ
3699 1788 3747 1839 ὲν

2184 1890 2298 1953 τοῖς
2321 1888 2584 1951 ἐναντίοις
2616 1889 2681 1958 τῇ
2710 1886 2922 1955 ἐπινοίᾳ
2950 1877 3024 1939 ὧν
3058 1885 3207 1938 ἐστιν
3235 1886 3264 1937 ὁ
3287 1881 3553 1955 Χριστὸς,
3584 1881 3641 1936 ὲν
3662 1879 3746 1934 αἰκ

2156 1983 2301 2057 ⁴ταῖς
2324 1979 2655 2052 ἀποθνήσκει
2682 1981 2803 2042 ταῖς
2830 1977 3142 2049 ἁμαρτίαις.

2251 2255 2304 2308 7.
2345 2274 2363 2307 ι
2399 2254 2624 2324 Ἔλεγον
2651 2249 2745 2308 οῦν
2775 2253 2941 2325 αὐτῷ·
2966 2254 3039 2307 Σὺ
3068 2253 3152 2317 τίς
3177 2248 3258 2319 εἷς
3293 2271 3311 2304 ι
3344 2249 3665 2306 ’Δκόλουθον
3692 2246 3747 2321 ἦν

2178 2348 2305 2411 τοὺς
2343 2347 2729 2417 ἀκροωμένους
2761 2348 2896 2418 μετὰ
2922 2346 3121 2416 πολλῆς
3153 2345 3402 2411 ἐξουσίας
3432 2342 3749 2414 ἀπαγγελλο-

2180 2440 2358 2509 μένων
2391 2439 2498 2497 ὑπὸ
2526 2439 2619 2493 τοῦ
2648 2440 2850 2511 Κυρίου
2886 2438 3249 2493 πυνθάνεσθαι
3289 2438 3373 2501 τίς
3404 2437 3499 2508 εἴη
3532 2440 3563 2491 6
3600 2436 3747 2489 ταῦτα

2178 2529 2370 2597 λέγων·
2407 2528 2654 2598 ἐνέφαινε
2697 2530 2806 2601 γὰρ
2838 2530 2900 2583 τὸ
2944 2528 3081 2583 εἶναι
3115 2528 3406 2601 ἀνθρώπου
3449 2527 3635 2599 μεῖξον
3663 2528 3743 2597 (7),

2160 2623 2272 2674 ικαὶ
2302 2620 2548 2694 θειοτέρα
2586 2639 2671 2686 τις
2704 2622 2865 2692 φύσις
2906 2623 3194 2692 τυγχάνειν
3223 2625 3252 2675 ὁ
3285 2622 3489 2692 Σωτὴρ
3524 2622 3744 2691 φάσκων,

2176 2715 2279 2778 ὅτι,
2320 2735 2338 2767 ι
2393 2715 2517 2769 Ἐὰν
2543 2716 2617 2786 μὴ
2654 2716 2970 2787 πιστεύητε,
2994 2716 3077 2769 ὃτι
3099 2714 3209 2784 ὲγὼ
3236 2716 3375 2785 εἰμι,
3406 2713 3743 2768 ἀποθανεῖσθε

2178 2805 2235 2858 ὲν
2263 2807 2384 2869 ταῖς
2410 2805 2706 2876 ἁμαρτίαις
2755 2805 2929 2878 ὑμῶν.
2972 2825 2991 2856 ι
3031 2806 3105 2858 Τὺ
3157 2800 3271 2859 οῦν·
3314 2824 3333 2855 ι
3381 2804 3464 2856 Σὺ
3511 2804 3595 2868 τίς
3623 2801 3741 2868 εἷ;›

2175 2899 2338 2952 οἱονεὶ
2358 2898 2651 2952 αἰτούντων
2677 2894 2744 2969 ἦν
2771 2899 3085 2970 ἀπόκρισιν,
3104 2899 3208 2961 ὅτι,
3252 2897 3393 2967 Ἑγώ
3437 2900 3559 2970 εἰμι
3585 2900 3614 2952 6
3638 2899 3747 2968 Χρι-

2178 2992 2320 3055 στός·
2352 2992 2408 3062 ἢ,
2452 2990 2591 3059 Ἐγώ
2623 2992 2737 3060 ειμι
2766 2994 2794 3045 6
2822 2993 3125 3063 προφήτης·
3148 2994 3206 3061 ἢ,
3241 2990 3383 3059 Ἑγώ
3410 2993 3536 3063 εἰμι
3565 2990 3740 3048 Ἠλίας

2175 3084 2208 3154 ἢ
2241 3084 2399 3153 τάχα,
2446 3084 2590 3152 Ἑγὼ
2613 3086 2728 3155 ειμι
2760 3083 2989 3152 ἄγγελος
3017 3081 3171 3136 Θεοῦ·
3209 3083 3310 3137 οὑκ
3348 3082 3417 3136 ἂν
3442 3082 3558 3154 γὰρ
3595 3084 3664 3153 μὴ
3681 3079 3745 3142 εἷς

500 3172 642 3213 unus
677 3175 742 3214 ex
779 3162 860 3216 his
901 3173 1079 3231 esset,
1114 3181 1179 3221 ac
1224 3167 1421 3223 similis
1465 3170 1565 3236 eis,
1617 3172 1891 3242 proferret
1940 3176 2068 3230 talia

2175 3193 2259 3238 τις
2286 3175 2491 3229 τούτων
2533 3171 2622 3245 ἦν,
2669 3176 2763 3230 καὶ
2798 3175 3174 3246 παραπλήσιος
3207 3175 3283 3246 (8)
3330 3175 3523 3239 αὐτοῖς
3566 3175 3744 3244 τυγχάμ
3778 3222 3779 3233 η

503 3251 669 3305 verba
701 3255 952 3323 genuina.

2174 3285 2302 3333 νων,
2333 3268 2705 3340 προσεφέρετο
2733 3269 2990 3339 γνησίους
3012 3267 3204 3337 λόγους
3231 3267 3613 3338 τηλικούτους.

504 3405 3737 3441 mm

1654 3580 2598 3715 ΩΡΙΓΕΝΟΥΣ

1093 3805 1234 3859 ΤΩΝ
1265 3808 1396 3863 ΕΙΣ
1430 3812 1516 3863 T0
1549 3811 1645 3864 ΚΑ
1659 3812 1737 3864 ΤΑ
1778 3812 2117 3867 ΙΩΑΝΝΙΙΝ
2150 3814 2636 3868 ΕΥΛΓΓΕΛΙΟΝ
2671 3815 3147 3872 ΕΞΗΓΗΤΙΚΩΝ

1844 3977 2225 4063 ΤΟΜΟΣ
2277 3965 2417 4069 Κ’.,

2959 3939 2993 3969 ο

1792 4339 2463 4455 ORIGENIS

951 4546 1720 4631 COMMENTARIORUM
1763 4558 1845 4620 IN
1889 4561 2420 4625 EVANGELIUM
2463 4564 2890 4630 SECUNDUM
2931 4526 3308 4631 JOANNEM

1550 4736 1956 4831 TOMUS
2004 4744 2689 4835 VICESIMUS.

569 5077 622 5135 1.
651 5078 980 5137 \‘icesimum
1026 5094 1231 5141 tomum
1275 5086 1330 5142 in
1386 5087 1737 5161 Evangelium
1790 5106 1819 5145 a
1858 5090 2067 5147 Joanne

2244 5094 2296 5148 Ι.
2343 5093 2599 5147 Είκοστὺν
2630 5094 3056 5166 ὑπαγορεύοντες
3088 5096 3169 5159 εις
3216 5093 3280 5147 τὸ
3311 5093 3459 5150 κατὰ
3502 5095 3733 5166 Ἰωάννην

498 5172 752 5226 traditum
788 5181 1229 5246 commentatnri,
1277 5180 1372 5238 Dei
1400 5184 1773 5239 amantissime
1804 5194 1965 5254 atque
2006 5186 2059 5240 in

497 5259 727 5318 Domino
782 5270 1232 5327 exercitatissime
1292 5274 1591 5350 Arnbrosi,
1686 5278 2067 5336 decentissime

494 5366 785 5423 precamur
809 5372 840 5411 e
866 5360 1201 5427 plenitudine
1225 5363 1349 5421 Filii
1376 5365 1492 5432 Dei,
1525 5368 1576 5422 in
1607 5381 1766 5438 quem
1791 5384 2063 5439 propenso

566 5486 844 5556 ".Ephes.
883 5507 940 5556 ιι,
967 5493 1055 5549 ll.
1130 5496 1179 5530 "
1212 5497 1350 5557 Psal.
1390 5517 1619 5568 xxxvm,
1655 5502 1708 5557 8.

567 5603 643 5675 (6)
657 5604 903 5684 _Co_dice_s
930 5607 1249 5684 Bodleianus
1278 5624 1332 5671 et
1380 5616 1729 5684 Barberinus,
1760 5621 1809 5675 εί
1849 5620 2043 5674 ἐνδίδο-

500 5673 631 5744 pay;
656 5673 710 5727 In
743 5676 913 5744 Regio
942 5682 1128 5736 codice
1155 5686 1304 5740 deest
1337 5688 1404 5740 εἰ.

568 5742 643 5830 (:7)
669 5745 756 5830 7T6
771 5742 935 5830 εῖναι
956 5750 1266 5830 ᾲνθρῴῖςου
1299 5756 1515 5830 μεῖζον.
1549 5755 1692 5827 Lego
1721 5776 1780 5830 τι
1818 5754 1954 5814 εἶναι
1977 5760 2069 5830 ἀν-

500 5811 739 5884 θρώπου.
771 5811 1078 5875 Ροιινιιιίιιί
1101 5811 1315 5879 videtur
1352 5811 1553 5895 lepisse
1584 5811 2065 5898 {tZ'ervaia’zédpd}.

2171 5186 2499 5253 Εὑαγγέλιον
2544 5185 2729 5255 τόμον,
2778 5185 3134 5255 φιλοθεὼτατε
3175 5187 3269 5239 καὶ
3312 5187 3732 5258 φιλομαθέστατε

2171 5279 2229 5331 ὲν
2259 5278 2448 5347 Κυρίῳ
2508 5276 2817 5347 ’Δμὸρόσιε,
2867 5277 3136 5349 εὐχόμεθα
3165 5279 3230 5331 ὲκ
3253 5277 3347 5332 τοῦ
3385 5279 3733 5351 πληρώματος

2169 5368 2262 5422 τοῦ
2299 5368 2427 5422 Υίοῦ
2454 5368 2545 5421 τοῦ
2578 5368 2734 5431 Θεοῦ,
2762 5372 2841 5433 εἰς
2860 5370 2917 5423 ὃν
2948 5368 3203 5441 εὐδόκησε
3247 5371 3355 5424 πᾶν
3385 5370 3450 5425 τὸ
3476 5372 3733 5443 πλήρωμα

1794 5505 1836 5533 9³
1868 5503 2013 5558 Psal.
2046 5518 2211 5569 cxvu,
2245 5503 2333 5557 14.
2405 5503 2452 5535 ’⁸
2480 5501 2634 5558 Joan.
2663 5520 2780 5571 vnt,
2808 5504 2898 5559 ΞΒ.
2973 5505 3021 5537 ’³
3047 5503 3177 5560 ibid.
3201 5504 3295 5560 24.

2150 5610 2253 5681 που
2286 5618 2503 5690 μείζων.

2248 5682 2323 5755 (8)
2366 5682 2545 5761 Codex
2592 5688 2815 5761 Regius,
2857 5689 2958 5744 οὐκ
2991 5689 3056 5743 ἂν
3106 5689 3180 5761 μὴ
3210 5688 3271 5741 ἓν
3311 5704 3365 5742 τι
3408 5688 3618 5761 τούτων
3644 5682 3726 5759 ἦν.

2176 5758 2579 5884 παραπῖᾥῦσιον,
2612 5761 2707 5816 sed
2739 5759 3066 5816 Bodleianus
3091 5758 3378 5815 lectionem
3416 5758 3594 5815 nostri
3622 5758 3730 5812 tex-

2174 5839 2259 5885 tus
2297 5845 2359 5884 ex
2385 5846 2420 5883 ιι
2461 5841 2537 5884 et.
