4082 6528
607 410 713 468 579

2060 395 2387 455 ORIGENIS

3768 387 3864 440 580

607 530 687 583 dit
711 534 955 584 sanctam
981 536 1134 578 suam
1160 519 1499 592 qualitatem,
1536 532 1729 589 nempe
1771 531 1891 573 eam
1923 530 2043 585 qua:
2068 525 2186 570 erat

2303 510 2506 564 πάντων
2526 508 2631 560 τῶν
2669 503 2773 575 πρὸ
2805 502 2969 556 αύτοῦ
3008 502 3252 568 δικαίων,
3286 500 3383 554 καὶ
3417 498 3624 562 τούτοις
3650 499 3867 570 προστέο

610 620 665 674 in
698 617 919 688 proprio
960 615 1169 670 semine
1197 627 1212 665 :
1239 610 1397 681 cujus
1439 609 1736 681 participes
1778 622 1900 663 esse
1943 614 2185 675 possent,

610 712 701 780 qui
729 718 851 780 post
877 709 1051 778 ipsum
1083 710 1418 759 vocarentur
1445 715 1630 757 semen
1655 698 1906 754 Abrahae.
1959 697 2031 751 At
2060 708 2190 748 vero

610 801 806 854 Arram
879 797 1158 850 minimam
1236 789 1319 846 sui
1382 788 1551 858 ipsius
1613 796 2077 856 paternorumque
2137 780 2189 833 in

611 892 795 960 seipse
838 888 1108 944 seminum
1166 897 1352 939 curam
1410 879 1665 933 habuisse
1723 875 1940 929 videtur
1993 870 2192 924 :nnde

615 986 670 1039 in
742 996 923 1038 rerum
997 986 1248 1032 naturam
1318 971 1621 1043 producere
1706 965 1808 1022 Lot
1890 964 2190 1032 spirantem

614 1075 806 1131 saltem
854 1071 1191 1142 aliquantum
1243 1064 1438 1121 salutis
1494 1061 1690 1132 potuit.
1754 1058 1923 1112 Porro
1978 1054 2193 1108 Nachor

614 1163 862 1231 utrisque
908 1158 1171 1213 fratribus
1224 1153 1453 1209 inferior
1505 1152 1676 1204 fuisse
1735 1149 1968 1201 videtur.
2027 1144 2186 1214 311

614 1253 981 1323 Quamobrem
1046 1250 1174 1303 licet
1224 1247 1273 1301 ei
1335 1245 1424 1314 qui
1483 1258 1590 1297 non
1647 1243 1719 1296 sit
1767 1254 1953 1295 semen
2014 1238 2193 1291 Abra-

613 1347 718 1413 hae,
756 1359 872 1400 esse
901 1356 1085 1397 semen
1119 1339 1267 1404 Noe;
1303 1351 1371 1392 eo
1399 1336 1544 1405 quod
1571 1333 1794 1389 omnino
1838 1331 2058 1399 genitus
2096 1329 2189 1390 sit,

612 1439 762 1509 iuxta
795 1435 984 1490 diluvii
1017 1432 1326 1491 historiam,
1372 1442 1403 1481 a
1436 1427 1568 1489 Noe,
1614 1439 1709 1495 per
1755 1421 2191 1485 successionem;

614 1528 758 1599 quod
784 1528 829 1582 si
855 1527 984 1588 hoc,
1010 1524 1176 1576 etiam
1211 1535 1396 1577 semen
1435 1517 1641 1577 Euoch,
1671 1514 2003 1580 omninoque
2028 1510 2192 1563 etiam

614 1635 801 1677 semen
825 1618 972 1673 Enos
999 1626 1053 1671 et
1087 1614 1241 1671 Seth.
1284 1610 1558 1665 Incertum
1603 1615 1786 1660 autem
1822 1614 1905 1658 est
1950 1602 2108 1657 nobis
2142 1602 2194 1656 in

617 1712 803 1768 multis
836 1708 1070 1779 posteris
1101 1705 1238 1767 Noe,
1284 1703 1534 1774 quisnam
1566 1700 1636 1753 sit
1676 1712 1861 1753 semen
1895 1695 2044 1759 Sem,
2076 1693 2198 1764 quis

616 1819 803 1859 semen
855 1802 1045 1866 Cham,
1085 1799 1313 1868 quisque
1364 1798 1435 1849 sit
1485 1808 1670 1849 semen
1729 1789 1951 1859 Japhet,
2006 1799 2063 1844 et
2118 1789 2197 1842 sic

617 1897 914 1964 deinceps;
945 1907 1067 1947 cum
1092 1889 1268 1944 nullus
1298 1889 1366 1943 sit
1400 1898 1576 1942 tamen
1599 1885 1688 1953 qui
1717 1883 1937 1939 omnino
1954 1882 2197 1936 sitsemi~
2231 1870 2269 1924 Β

620 1987 991 2055 nisjustorum
1022 1996 1239 2051 expers.
1274 1979 1510 2049 luspicio
1540 1988 1719 2032 autem
1761 1992 1889 2031 num
1935 1976 2074 2030 forte
2115 1975 2195 2028 fa-

618 2081 721 2135 cile
753 2079 896 2131 factu
928 2076 1021 2138 sit,
1041 2072 1208 2143 utqui
1239 2086 1342 2126 non
1374 2072 1444 2125 sit
1473 2084 1658 2125 semen
1687 2069 1938 2134 Abrahas,
1969 2067 2197 2122 habeat-

617 2186 724 2241 que
762 2168 1257 2234 ocnasiones-qnas
1290 2162 1479 2217 habuit
1507 2160 1786 2215 Abraham
1816 2175 1880 2212 ex
1919 2158 2194 2227 prioribus

618 2260 939 2322 seminibus,
985 2255 1106 2309 talis
1150 2252 1267 2306 ﬁeri
1318 2251 1494 2320 possit
1519 2257 1577 2303 ut
1607 2248 1801 2303 similis
1831 2248 1903 2300 sit
1934 2245 2193 2306 Abrahae,

619 2351 832 2406 etiamsi
863 2348 1103 2416 alioquin
1135 2360 1321 2400 semen
1347 2343 1493 2396 illius
1521 2356 1626 2395 non
1645 2340 1736 2393 sit.
1768 2337 1835 2394 Ut
1856 2337 1998 2392 enim
2023 2338 2198 2390 Abra-

622 2444 747 2498 ham
793 2457 901 2495 nnn
937 2455 1000 2494 cx
1049 2439 1258 2493 semine
1285 2434 1516 2488 Abrahze
1546 2432 1839 2495 exsistens,
1872 2430 1965 2485 sed
1998 2444 2066 2480 ex
2101 2442 2197 2481 eo-

623 2547 744 2585 rum
776 2544 912 2599 quos
946 2544 1107 2596 supra
1146 2525 1541 2584 recensuimus,
1578 2521 1755 2577 factus
1788 2530 1873 2574 est
1898 2519 2196 2583 Abraham,

622 2624 703 2678 sic
726 2621 889 2676 facile
927 2619 1074 2673 factu
1103 2627 1208 2682 est,
1238 2625 1297 2670 ut
1343 2616 1469 2685 quis
1516 2614 1656 2668 alter
1690 2614 1787 2667 ﬂat
1816 2612 2120 2674 Abraham,
2150 2608 2198 2663 si

622 2714 856 2771 coluerit
888 2713 1109 2767 meliora
1148 2709 1249 2765 sibi
1282 2708 1519 2778 ingenita
1550 2705 1792 2771 semina;
1829 2719 1928 2758 nec
1975 2700 2202 2757 omnino

622 2808 731 2863 erit
761 2822 829 2861 es
863 2806 1072 2861 semine
1096 2802 1352 2868 Abrahae,
1380 2799 1474 2856 sed
1510 2800 1626 2870 ipse
1647 2800 1810 2855 etiam
1844 2796 2072 2851 idoneus
2096 2792 2201 2849 erit

622 2901 893 2957 seminare
919 2907 1174 2968 tanquam
1204 2894 1495 2951 Abraham.

694 2994 751 3048 4.
802 2993 1226 3061 Interpretamur
1268 2997 1449 3044 autem
1502 2987 1620 3040 haec
1652 2986 1856 3047 omnia,
1900 2980 2202 3036 referentes

625 3100 745 3155 quae
778 3084 1054 3147 dicuntur,
1089 3095 1198 3135 non
1254 3080 1318 3133 ad
1373 3092 1628 3148 corpora,
1666 3089 1766 3131 nec
1808 3075 1875 3128 ad
1927 3072 2197 3136 homines,

625 3179 721 3235 sed
747 3179 815 3231 ad
841 3176 1085 3245 «incedam
1113 3170 1496 3241 intelligibilia,
1527 3179 1581 3226 et
1620 3170 1687 3224 ad
1720 3170 1961 3223 rationes
1989 3167 2193 3236 plures,

625 3270 708 3327 vel
741 3269 1051 3340 pauciores,
1074 3280 1208 3337 quas
1234 3265 1560 3334 participant
1583 3262 1945 3317 diversimode
1975 3261 2200 3315 descen-

2290 604 2469 658 θεικεν
2505 602 2614 672 (22)
2662 601 2823 668 ἁγίαν
2860 596 2994 651 ίδίαν
3033 597 3314 668 ποιότητα,
3341 596 3442 667 τὴν
3473 593 3616 648 κατά
3646 594 3708 647 τὸ
3746 595 3864 648 ίδιον

2290 694 2453 750 αὑτοῦ
2505 694 2748 767 σπέρμα,
2793 687 2854 746 οὗ
2899 692 3157 745 ἐδύναντο
3191 689 3440 760 μετέχειν
3473 688 3524 741 oi
3572 689 3683 758 μετ’
3715 688 3864 741 αὐτὸν

2291 785 2613 856 καλούμενοι
2659 783 2887 854 σπέρμα
2928 781 3199 854 Ἀϐραάμ·
3235 782 3265 833 ὁ
3294 780 3352 833 δὲ
3386 773 3605 850 ’Δρράμ
3641 780 3730 831 ἐπί
3755 777 3867 831 ἐλά-

2292 894 2475 947 χιστον
2506 875 2698 930 ἑαυτοῦ
2722 875 3042 946 ἐπιμέλειαν
3061 872 3417 942 πεποιῆσθαι,
3447 873 3543 924 καὶ
3558 871 3663 924 τῶν
3685 888 3864 941 πατρι-

2294 969 2405 1022 κῶν
2427 970 2482 1020 ὲν
2513 967 2692 1038 ἐαυτῷ
2729 966 3075 1038 σπερμάτων·
3119 964 3240 1018 ὅθεν
3270 963 3557 1033 δεδύνηται
3594 962 3865 1033 προϐαλεῖν

2295 1060 2524 1113 πνέοντα
2556 1058 2659 1113 κᾶν
2681 1059 2772 1111 ἐπὶ
2794 1059 2956 1110 ποσὸν
3000 1057 3099 1127 τῆς
3139 1054 3414 1124 σωτηρίας
3457 1054 3548 1107 τὸν
3595 1053 3734 1105 Λῶτ·
3764 1055 3790 1105 ό
3816 1053 3867 1106 δὲ

2294 1151 2497 1224 Ναχῶρ
2519 1150 2845 1222 ἀμφοτέρων
2868 1148 2975 1202 τῶν
3013 1146 3261 1216 ἀδελφῶν
3306 1146 3544 1199 ἐλάττων
3581 1144 3864 1214 γεγονέναι.

2299 1244 2515 1307 Ἔξεστι
2564 1243 2744 1296 τοίνυν
2788 1241 2863 1311 μὴ
2905 1241 3034 1293 ὅντα
3092 1239 3318 1309 σπέρμα
3362 1237 3459 1290 τοῦ
3507 1236 3770 1307 Ἁϐραάμ,
3798 1234 3866 1303 τῷ

2297 1336 2514 1398 πάντως
2539 1334 2628 1387 διὰ
2660 1333 2757 1402 τὴν
2779 1332 2922 1385 κατά
2949 1331 3041 1384 τὸν
3073 1328 3459 1398 κατακλυσμὸν
3504 1327 3741 1398 ἱστορίαν
3769 1327 3867 1378 ἀπὸ

2296 1428 2419 1481 Νῶε
2456 1426 2552 1479 τοῦ
2592 1427 2717 1497 ἑξῆς
2757 1425 3059 1493 γεγονέναι,
3095 1419 3233 1476 εἶναι
3270 1421 3495 1494 σπέρμα
3549 1420 3706 1473 Νῶε⁸
3744 1422 3789 1472 εί
3817 1420 3866 1473 δὲ

2294 1522 2473 1585 τοῦτο,
2528 1521 2624 1574 καὶ
2669 1520 2891 1591 σπέρμα
2953 1516 3144 1587 Ἑνὼχ,
3178 1516 3397 1579 πάντως
3441 1515 3498 1568 δὲ
3536 1515 3631 1568 καὶ
3662 1512 3868 1584 σπέρμα

2311 1612 2495 1677 Ἐνὼς,
2532 1614 2627 1665 καὶ
2665 1613 2791 1683 Σήθο
2828 1610 3019 1681 ἄδηλον
3046 1610 3089 1663 δ’
3118 1612 3247 1679 ἡμῖν
3280 1609 3372 1660 ἐπὶ
3404 1607 3514 1660 τῶν
3546 1605 3750 1659 πολλῶν
3777 1623 3867 1658 xz-

2270 1704 2521 1774 ’τωτέρω
2545 1701 2637 1755 τοῦ
2666 1702 2809 1764 Νῶε,
2850 1701 2935 1764 τίς
2973 1701 3197 1769 σπέρμα
3227 1698 3323 1751 τοῦ
3370 1698 3493 1768 Σὴμ
3520 1697 3652 1767 (‘25),
3682 1698 3771 1749 καὶ
3793 1696 3868 1757 τίς

2297 1794 2392 1847 τού
2422 1795 2569 1865 Χάμ,
2605 1795 2697 1847 καὶ
2716 1793 2798 1856 τίς
2824 1792 2917 1846 τοῦ
2956 1792 3155 1859 Ἰάφεθ,
3189 1792 3283 1844 καὶ
3307 1790 3414 1843 τῶν
3440 1791 3534 1843 ἐπὶ
3563 1790 3863 1859 κατωτέρωο

2297 1882 2438 1951 πλὴν
2467 1882 2569 1935 οὐκ
2608 1881 2722 1934 ἐστι
2755 1898 2839 1943 τις
2875 1879 3139 1951 μηδαμῶς
3186 1880 3427 1949 μετέχων
3460 1878 3769 1949 σπέρματος
3803 1878 3873 1930 δι-

2298 1975 2486 2027 καίων.
2559 1974 2848 2044 Ἑφίστημι
2891 1973 2947 2025 δὲ
2996 1973 3205 2043 μήποτε
3261 1971 3486 2024 δυνατὸν
3544 1971 3733 2039 ἔχοντα
3783 1969 3873 2033 τὰς

2297 2066 2572 2138 ἀψορμὰς,
2599 2067 2664 2130 ἃς
2686 2061 2829 2137 εἶχεν
2850 2067 2878 2120 ό
2916 2064 3163 2136 Ἀϐραὰμ
3186 2065 3252 2117 ἐκ
3278 2063 3387 2116 τῶν
3412 2064 3694 2134 προτέρων
3719 2078 3873 2133 σπερ-

2306 2158 2511 2228 μάτων,
2538 2155 2787 2224 γενέσθαι
2820 2155 2913 2209 τὸν
2946 2155 3018 2226 μὴ
3056 2154 3186 2208 ὅντα
3229 2153 3459 2225 σπέρμα
3492 2153 3587 2206 τοῦ
3639 2154 3875 2226 Ἀϐραὰμ

2301 2249 2562 2313 τοιοῦτον,
2587 2248 2727 2300 ὥστε
2756 2247 2919 2301 αὑτὸν
2940 2247 3041 2300 οὐκ
3066 2246 3193 2299 ὄντα
3223 2245 3333 2298 ἀπὸ
3365 2244 3459 2298 τοῦ
3502 2245 3751 2316 Ἀϐραὰμ
3769 2244 3877 2309 ἐξο-

2308 2340 2606 2411 μοιωθῆναι
2637 2340 2714 2409 τῷ
2758 2338 3029 2410 Ἀϐραάμ.
3089 2339 3173 2403 Ὣς
3216 2338 3326 2409 γὰρ
3380 2337 3638 2409 Ἀϐραὰμ
3675 2339 3773 2390 ούκ
3818 2340 3877 2390 ἐκ

2306 2433 2619 2505 σπέρματος
2663 2430 2913 2501 Ἀϐραὰμ
2944 2431 3247 2501 τυγχάνων,
3297 2429 3434 2482 ἀλλά
3472 2429 3584 2483 τῶν
3631 2446 3875 2502 προειρη-

2308 2524 2484 2595 μένων
2542 2524 2765 2592 γέγονεν
2819 2523 3094 2594 Ἀϐραάμ
3158 2521 3303 2575 οὕτω
3350 2522 3579 2576 δυνατόν
3639 2540 3759 2576 τινα
3812 2522 3876 2575 τά

2302 2616 2586 2687 κρείττονα
2609 2616 2719 2669 τῶν
2749 2617 2806 2669 ἐν
2839 2616 2987 2686 αὑτῴ
3028 2615 3602 2687 συγκατασπαρέντων
3645 2617 3881 2687 γεωργήο

2306 2724 2497 2771 σαντα,
2527 2707 2785 2776 γενέσθαι
2814 2707 2973 2761 ἀλλον
3005 2705 3275 2778 Ἀϐραὰμ,
3303 2708 3364 2759 ού
3396 2708 3618 2772 πάντως
3641 2710 3709 2761 ἐκ
3731 2708 3879 2779 σπέρ-

2309 2817 2478 2871 ματος
2520 2800 2793 2872 Ἀϐραὰμ,
2816 2800 2952 2855 ἀλλά
2978 2800 3073 2854 καὶ
3098 2799 3263 2853 αὐτὸν
3294 2801 3478 2853 ἱκανὸν
3521 2802 3788 2873 σπείρειν,
3814 2800 3882 2863 ὡς

2321 2891 2592 2965 Ἀϐραάμ.

2375 2987 2427 3043 4.
2482 2988 2660 3042 Ὄλων
2704 2988 2763 3042 δὲ
2811 2988 3014 3042 τούτων
3061 2988 3350 3060 ἀκούωμεν
3390 2989 3766 3061 ἀναφέροντες
3822 2988 3881 3041 τὰ

2303 3080 2698 3165 λεγόμεναρύκ
2734 3083 2825 3134 ἐπὶ
2867 3082 3092 3154 σώματα
3121 3081 3216 3136 καὶ
3247 3081 3597 3153 ἀνθρώπους,
3646 3082 3757 3136 ἀλλ’
3800 3080 3883 3135 ἐπί

2300 3191 2422 3227 τινα
2468 3176 2633 3245 νοητά
2677 3177 2776 3229 καὶ
2813 3174 3003 3245 λόγους
3054 3176 3337 3241 πλείονας,
3385 3176 3418 3247 ἢ
3468 3176 3781 3240 ἐλάττονας,
3815 3167 3882 3227 ὧν

2304 3266 2589 3337 μετέχουσι
2623 3267 2894 3339 διαφόρως
2937 3270 2985 3321 οί
3015 3268 3292 3331 κατιόντες
3325 3272 3402 3332 είς
3440 3269 3679 3337 γένεσιν,
3716 3267 3747 3339 ἢ
3781 3269 3882 3320 εἰσ-

626 3364 856 3426 dentes,
888 3360 973 3415 vel
1012 3359 1292 3414 venientes
1344 3359 1400 3412 in
1455 3358 1668 3420 lucem;
1717 3352 1967 3407 fortassis
2017 3351 2200 3420 aliquo

2316 3360 2484 3423 ιόντες
2517 3359 2652 3430 (ΞΔ),
2688 3361 2785 3414 καί
2833 3361 2973 3431 τάχα
3019 3360 3076 3413 δὲ
3123 3359 3239 3424 πῶς
3290 3360 3382 3413 καὶ
3425 3360 3690 3424 ἀνιόντες.
3749 3360 3885 3412 Ἐπι-

627 3456 796 3511 etiam
851 3454 1011 3509 modo
1063 3452 1440 3507 ascendentes.
1494 3447 1754 3517 Inspicies
1802 3446 2099 3501 etiamnum
2134 3443 2200 3497 ad

631 3547 759 3601 talia
793 3544 1031 3611 semina,
1066 3552 1231 3611 atque
1282 3542 1448 3595 etiam
1490 3539 1557 3594 ad
1606 3538 1814 3592 semina
1864 3551 2080 3600 eorum,
2112 3535 2204 3604 qui

629 3637 977 3707 accipiebant
1012 3636 1066 3688 in
1098 3633 1310 3703 seipsos
1345 3631 1484 3699 ipsa,
1540 3643 1661 3698 quae
1700 3641 1798 3683 sua
1844 3626 2205 3681 nominaban-

632 3740 745 3796 tur,
783 3729 914 3784 illud
947 3726 1139 3783 referri
1186 3726 1390 3796 possit:
1426 3726 1629 3777 Eanles
1675 3721 1853 3785 ibant,
1896 3727 1941 3773 et
1988 3719 2206 3787 ﬂebant,

628 3827 890 3879 mittentes
928 3821 1128 3877 semina
1161 3836 1259 3874 sua
1279 3819 1325 3871 ⁸.
1359 3815 1688 3871 Considerct
1728 3814 1873 3868 enim
1903 3812 1999 3882 qui
2033 3817 2210 3881 potest

628 3914 988 3983 quarumdam
1019 3912 1324 3967 animarum
1376 3909 1501 3972 iter,
1548 3905 1879 3960 venientium
1935 3903 1988 3956 in
2031 3910 2206 3957 ortum

628 4026 750 4064 cum
791 4006 919 4062 ﬂetu
955 4015 1011 4060 et
1061 4004 1271 4059 semina
1303 4000 1617 4062 ferentium,
1649 3997 1737 4052 vel
1768 3996 2002 4066 plurium
2031 3994 2208 4061 justo-

630 4116 770 4166 rum,
802 4096 888 4152 vel
917 4096 1252 4166 pauciorum,
1284 4099 1448 4160 atque
1476 4089 1807 4158 iujustorum
1844 4084 2123 4138 similiter.
2160 4082 2210 4138 Is

626 4191 793 4245 etiam
836 4189 1056 4242 intuens
1099 4183 1267 4240 veluti
1318 4181 1584 4253 agricolas
1614 4193 1715 4248 pro
1758 4176 2056 4233 seminibus
2087 4190 2209 4243 qua:

629 4281 868 4336 habeant
890 4277 1178 4340 sollicitos,
1211 4273 1517 4328 consideret
1543 4269 1818 4339 quomodo
1844 4268 1955 4321 [nec
1987 4266 2206 4335 quidem

627 4371 902 4435 excolam,
938 4381 1135 4436 nempe
1173 4366 1380 4421 semina
1415 4360 1761 4431 praestantia;
1805 4360 1890 4413 illa
1930 4373 2058 4414 vero
2098 4373 2207 4413 non

625 4468 842 4538 quidem
873 4463 1160 4526 seminent,
1189 4456 1629 4530 quandoquidem
1646 4455 1866 4509 venient
1894 4455 2056 4508 etiam
2082 4467 2206 4505 cum

625 4560 810 4631 pravis
852 4555 1169 4613 seminibus.
1202 4551 1433 4619 Qualem
1478 4548 1626 4605 enim
1681 4547 1868 4602 ﬂetum
1922 4542 2206 4616 probabile

624 4665 708 4708 est
737 4654 838 4708 hos
884 4649 1119 4720 plorare,
1155 4645 1224 4699 de
1254 4644 1455 4713 quibus
1501 4640 1679 4709 inquit
1720 4639 1956 4693 Sermo:
2002 4634 2202 4687 Euntes

625 4746 791 4810 ibant,
830 4703 1132 4809 sitiebant,
1171 4703 1434 4788 milientes
1467 4703 1665 4785 semina
1694 4730 1832 4782 sua?
1860 4728 1936 4781 Ac
1961 4725 2207 4795 profecto
2239 4703 2281 4756 ί)

625 4844 762 4894 bona
794 4848 920 4903 spes
948 4841 1032 4887 est
1073 4831 1124 4883 in
1152 4826 1429 4889 euntibus,
1455 4838 1519 4878 ac
1544 4821 1825 4883 ﬂentibus,
1857 4818 2202 4873 mittentibus

627 4928 830 4985 semina
857 4940 990 4988 sua;
1025 4923 1076 4976 hi
1107 4931 1347 4988 namque
1374 4924 1633 4984 tanquam
1679 4913 1904 4966 omnino
1944 4909 2201 4963 venientes

609 5020 821 5075 venient
866 5018 919 5071 in
961 5012 1337 5075 exsultatione,
1384 5013 1650 5078 portantes
1682 5000 1981 5072 ntanipulos
2007 4998 2195 5055 suos’.

694 5156 717 5188 ⁸
744 5156 883 5210 Psal.
914 5170 1076 5220 csxv,
1108 5153 1163 5209 6.
1240 5152 1262 5183 ’
1291 5150 1425 5207 ibid.

698 5274 814 5343 (9-2)
849 5274 1256 5342 Προστέθεικε.
1290 5272 1600 5341 Legenduin
1643 5280 1840 5323 censeo
1879 5263 2200 5335 προστεθει-

634 5344 813 5481 λέίὲἐδ
846 5410 1027 5465 Codex
1058 5412 1399 5478 Bodleianus,
1427 5414 1649 5480 optime,
1681 5406 1903 5478 σπέρμα
1926 5403 2019 5456 τοῦ
2058 5403 2199 5472 Σήμο

634 5481 880 5553 Regius,_
891 5495 1193 5553 perperam.
1223 5482 1547 5553 σπέρματος
1562 5481 1705 5548 Σήμ.

702 5548 816 5617 (24)
842 5548 1021 5617 Codex
1056 5548 1399 5615 Bodleianus',
1429 5551 1695 5612 ἐλθόντες.

671 5610 991 5703 .(‘Zsildem
1028 5620 1193 5671 codex
1231 5610 1576 5685 Bodleianus,
1624 5610 1928 5689 βάλλοντες,
1983 5610 2204 5680 Regius,

636 5702 1238 5836 ῗιῗὲἴῦεῗλτωνεῶντας
1268 5758 1398 5836 περὶ
1428 5752 1534 5818 ὧν,
1602 5770 1704 5836 etc.
1771 5755 1959 5836 godcs‘
2001 5750 2203 5832 Regius

638 5819 1189 5891 Ιιειίιοι,-ἀγωνιῶντας
1224 5819 1525 5895 περιῶντάς
1583 5831 1708 5900 περὶ
1764 5819 1859 5880 ὧν.
1921 5823 2203 5879 l‘criouius

2309 3449 2405 3519 στή
2418 3466 2529 3512 σεις
2562 3450 2616 3504 δὲ
2647 3452 2694 3503 εί
2717 3450 2939 3505 δύναται
2975 3452 3066 3504 ἐπὶ
3097 3451 3164 3504 τὰ
3192 3450 3419 3505 τοιαῦτα
3448 3452 3743 3523 σπέρματα
3768 3452 3883 3522 ἥδη,

2308 3540 2399 3593 καὶ
2418 3542 2522 3595 τῶν
2552 3545 2632 3603 εἰς
2652 3543 2877 3607 ἑαυτοὺς
2901 3544 3287 3614 λαμϐανόντων
3311 3544 3451 3597 αύτά
3492 3544 3604 3597 ἴδια
3633 3544 3884 3614 ὀνομαζό-

2312 3650 2447 3702 μενα
2502 3634 2873 3706 ἀναφέρεσθαι
2921 3637 3012 3689 τόο
3064 3636 3460 3705 Πορευόμενοι
3513 3637 3882 3705 ἐπορεύοντο,

2309 3725 2405 3777 καί
2436 3725 2702 3788 ἔκλαιον,
2728 3727 3069 3793 βάλλοντες
3092 3727 3201 3797 (25)
3233 3728 3305 3781 τὰ
3328 3729 3646 3797 σπέρματα
3677 3730 3882 3784 αὐτῶν·

2309 3818 2469 3882 εἴτις
2496 3821 2605 3891 γὰρ
2625 3820 2870 3884 δύναται,
2914 3823 3013 3894 τὴν
3050 3822 3187 3893 μετά
3219 3822 3502 3892 κλαυθμοῦ
3550 3824 3777 3894 πορείαν
3810 3840 3889 3874 τι·

2311 3910 2414 3963 νῶν
2465 3912 2651 3982 ψυχῶν
2708 3916 2789 3977 είς
2841 3914 3050 3982 γένεσιν
3108 3915 3418 3985 ἐρχομένων
3481 3916 3882 3983 κατανοησάτω,

2311 4001 2591 4070 φερουσῶν
2627 3999 2694 4054 τά
2735 4003 3059 4074 σπέρματα,
3100 4004 3217 4074 ἦτοι
3264 4003 3528 4056 πλειόνων
3571 4004 3813 4065 δικαίων.
3854 4005 3883 4074 ἧ

2309 4090 2653 4163 ὀλιγοτέρων,
2689 4095 2786 4147 καὶ
2831 4094 3030 4148 ἀδίκων
3063 4095 3282 4164 ὁμοίως.
3325 4097 3437 4149 Καὶ
3476 4098 3726 4151 ἐννοείτω
3764 4098 3887 4151 θεω-

2314 4183 2422 4252 ρῶν
2476 4184 2716 4256 ὡσπερεὶ
2767 4188 3042 4259 γεωργοὺς
3091 4188 3443 4255 ἀγωνιῶντας
3491 4191 3625 4261 περὶ
3671 4185 3746 4244 ὧν
3780 4191 3881 4255 (‘26)

2310 4274 2491 4345 ἔχουσι
2516 4278 2866 4348 σπερμάτων,
2898 4278 3013 4341 πῶς
3034 4279 3158 4332 τάδε
3199 4279 3298 4350 μὲν
3334 4283 3721 4352 γεωργήσωσιν
3753 4282 3883 4350 λέγω

2310 4365 2368 4419 δὲ
2395 4367 2460 4420 τὰ
2492 4366 2841 4437 διαφέροντα,
2881 4368 3006 4421 τάδε
3030 4368 3084 4420 δὲ
3123 4367 3196 4438 μὴ
3224 4369 3543 4439 σπείρωσιν,
3580 4369 3690 4422 εἴτε
3713 4369 3885 4439 ἔρχονο

2310 4476 2398 4512 ται
2434 4460 2526 4513 καὶ¹
2559 4460 2695 4531 μετά
2731 4462 2990 4531 χειρόνων
3026 4463 3387 4533 σπερμάτωνο
3423 4465 3575 4516 ποῖον
3601 4462 3710 4534 γὰρ
3751 4460 3885 4523 εἰκὸς

2311 4551 2585 4623 κλαυθμὸν
2629 4552 2836 4605 κλαίειν
2878 4554 3118 4615 τούτους,
3165 4554 3287 4624 περὶ
3312 4547 3386 4606 ὧν
3424 4571 3590 4625 φησιν
3622 4555 3650 4608 ό
3692 4555 3881 4623 Λόγος

2312 4646 2708 4713 Πορευόμενοι
2751 4646 3125 4714 ἐπορεύοντο,
3171 4647 3269 4699 καί
3318 4647 3589 4711 ἔκλαιον,
3626 4645 3884 4711 βάλλον·

2312 4754 2408 4803 τες
2437 4737 2551 4807 (27)
2578 4737 2650 4791 τὰ
2678 4737 2993 4807 σπέρματα
3016 4736 3207 4791 αὐτῶν
3233 4754 3251 4799 ;
3294 4740 3403 4791 Καὶ
3430 4739 3587 4802 ἐλπίς
3618 4756 3679 4807 γε
3715 4738 3880 4806 ἀγαθή

2310 4831 2545 4881 ἐστινέν
2579 4831 2688 4891 τοῖς
2722 4829 3123 4901 πορευομένοις,
3185 4829 3278 4881 καὶ
3341 4828 3610 4891 κλαίουσι,
3673 4829 3883 4898 βάλλου-

2310 4937 2362 4972 σι
2387 4920 2496 4989 (28)
2522 4917 2592 4972 τὰ
2623 4919 2916 4991 σπέρματα
2943 4919 3167 4973 ἐαυτῶψ
3185 4914 3330 4972 οὗτοι
3353 4919 3461 4991 γάρ
3482 4920 3559 4984 ὡς
3588 4920 3787 4974 ἐπίπαν
3804 4919 3885 4986 (3f-

2307 5008 2547 5076 χόμενοι
2574 5006 2837 5073 ἥξουσιν
2869 5007 2940 5060 ἐν
2963 5007 3343 5077 ἀγαλλιάσει,
3375 5010 3643 5079 αἴροντες
3670 5011 3741 5065 τὰ
3767 5008 3886 5077 ὁμί-

2304 5258 2634 5340 ςμηοειᾲςινίι,
2675 5258 3028 5340 ἀγωνιῶντας
3075 5253 3669 5340 περιόνταςαπερὶ-ὧν.
3713 5261 3780 5316 At
3834 5258 3880 5340 in

2306 5330 2600 5400 ljodlciano
2637 5338 2691 5381 et
2721 5330 3024 5384 Barbcrino
3075 5329 3297 5400 legitur,
3362 5329 3717 5399 ἀγωνιῶντας
3768 5331 3883 5400 περὶ

2304 5392 2705 5468 ὧν,ειο.,(ιιιω
2773 5414 3026 5472 germana
3073 5392 3229 5453 lectio
3290 5392 3422 5472 esu'
3475 5417 3604 5453 nam
3666 5392 3886 5472 περιῶνο

2304 5485 2403 5549 τας
2441 5485 2505 5522 ex
2547 5478 2825 5549 postrema
2857 5471 3060 5549 syllaba
3121 5471 3474 5549 [incedentis
3519 5471 3784 5533 vocabuli,
3836 5478 3887 5523 et

2310 5541 2484 5593 tribus
2513 5540 2871 5606 sequentibus
2907 5539 3118 5594 videtur
3163 5555 3258 5608 per
3313 5540 3527 5595 librarii
3589 5540 3879 5596 festinatio-

2314 5622 2437 5662 nem
2469 5610 2764 5662 coaluisse.

2387 5678 2497 5750 (27)
2531 5678 2774 5750 ACodices
2804 5678 3087 5750 RegiusAet
3127 5677 3487 5750 Rarbcrinus,
3521 5680 3815 5750 βάλλοντες.

2310 5748 2498 5871 Moesi.)
2531 5747 2693 5802 Iidem
2736 5750 2952 5804 codices
3005 5748 3202 5818 Regius
3258 5760 3314 5803 et
3367 5747 3717 5817 Barhciiuus,
3767 5748 3887 5821 βὰλ.

2342 5835 2479 5871 ουσι.
