4082 6536
199 395 276 451 εει
1253 396 1612 454 COMMENT.
1659 393 1727 450 IN
1758 429 1766 447 ι

1869 391 1952 448 ιΝ.
1993 391 2234 447 TOMUS
2269 393 2387 448 XX.

3357 402 3468 458 582

198 524 362 582 71mm
379 510 615 567 αὐτῶν.
634 514 798 584 Τάχα
812 515 870 569 δὲ
895 515 1070 584 ἕτεροι
1087 511 1250 587 ἦλθον
1267 517 1396 588 περὶ
1411 509 1487 570 ὧν
1503 515 1676 578 εἴποις
1691 513 1766 568 ἄν

1883 509 1952 563 Ει
1982 509 2230 566 fortassis
2253 511 2420 565 etiam
2449 510 2543 565 alii
2563 522 2853 578 venerunt,
2884 515 2951 570 de
2974 515 3172 583 quibus
3197 515 3328 575 illud
3355 518 3467 585 dici

197 601 541 672 Πορευόμενοι
565 597 932 674 ἐπορεύοντο,
949 607 1040 658 καὶ
1055 603 1276 674 ἐγέλων,
1305 604 1780 676 βάλλοντες(29)τά

198 692 459 762 σπέρματα
491 689 857 758 sanabit-ei;
877 694 1225 766 ἀκολουθήσει
1251 697 1338 750 τό·
1384 697 1699 767 Ἐρχόμενοι
1717 697 1776 750 δὲ

195 783 386 852 ἥξουσιν
414 783 476 834 ὲν
509 781 817 856 κλαυθμῷ.
853 789 1097 859 αἴροντες
1123 787 1188 841 τὰ
1215 787 1505 858 δράγματα
1542 788 1774 842 ἐαυτῶντ

197 876 298 947 περὶ
324 867 397 927 ὧν
425 877 620 939 εῐποις
653 879 755 932 ἄν·
789 880 1237 949 Ἐγεννήθησαν
1262 879 1405 934 ὡσεὶ
1431 880 1642 948 χόρτος
1662 880 1775 934 δω-

191 966 384 1036 μάτων,
419 965 516 1032 ὃς,
559 968 691 1036 πρὸ
717 969 826 1024 τοῦ
847 971 1290 1040 ἐκσπασθῆναι,
1319 971 1618 1040 ἐξηράνθη
1642 989 1655 1002 ’
1701 968 1773 1026 οὗ

196 1061 279 1112 οὐκ
323 1057 668 1126 ἐπλήρωσε
714 1059 836 1128 τὴν
876 1061 1044 1131 χεῷα
1081 1063 1268 1117 αὐτοῦ
1305 1066 1338 1116 ὁ
1381 1061 1638 1131 θερίζων,
1675 1063 1772 1116 καὶ

195 1153 280 1206 τὸν
317 1153 561 1208 κόλπον
615 1155 816 1210 αὑτοῦ
864 1159 896 1211 ό
942 1157 1012 1210 τὰ
1055 1155 1360 1226 δράγματα
1409 1155 1732 1226 συλλέγων
1757 1173 1771 1186 ·

194 1244 267 1295 καὶ
300 1246 410 1298 οὐκ
442 1241 645 1300 εἶπαν
677 1249 738 1300 oi
780 1246 1182 1318 παράγοντες·
1222 1249 1486 1317 Εὐλογία
1547 1249 1773 1316 Κυρίου

192 1336 260 1405 ἐφ’
284 1334 456 1404 ὑμᾶς.
486 1338 614 1391 Καὶ
640 1339 750 1410 ὅρα
777 1341 827 1392 εἰ
853 1339 1074 1394 δύναται
1107 1341 1247 1395 κατᾶ
1273 1341 1432 1394 τοῦτο
1479 1341 1774 1412 βαθύτερον

194 1427 262 1478 καὶ
291 1427 722 1501 μυστικώτερον
763 1429 1018 1499 λέγεσθαι
1057 1432 1164 1484 ἀπὸ
1194 1431 1287 1484 τοῦ
1329 1432 1581 1504 Σωτῆρος
1618 1433 1774 1504 ἡμῶν

192 1514 260 1567 τόε
300 1515 603 1584 Μακάριοι
661 1520 989 1586 κλαίοντες
1042 1519 1180 1585 νῦν,
1239 1521 1328 1574 ὅτι
1376 1521 1737 1590 γελάσονται
1755 1540 1769 1554 ο

192 1606 368 1660 καὶτό·
425 1609 584 1662 Οὐαὶ
635 1613 694 1663 οἱ
735 1610 1032 1679 γελῶντες
1078 1612 1218 1676 νῦν,
1275 1613 1363 1668 ὅτι
1412 1613 1770 1682 πενθήσετε,

193 1699 264 1752 καὶ
291 1699 623 1754 κλαύσετε.
663 1701 822 1772 ’Όσῳ
869 1701 1114 1772 μέντοιγε
1159 1705 1634 1776 μεταγενεστέρων
1688 1723 1773 1770 τις

194 1791 282 1842 ἐπὶ
300 1789 529 1845 δικαίων
579 1791 932 1864 σπέρματος,
979 1795 1219 1867 τοσούτῳ
1251 1797 1358 1866 (50)
1395 1797 1644 1861 πλείονας
1679 1800 1773 1868 φέ-

195 1899 253 1954 ρει
273 1882 631 1955 δικαιοσύνης
665 1885 885 1954 λόγους,
913 1887 990 1951 ὼς
1021 1888 1110 1942 διὰ
1133 1889 1292 1942 τοῦτο
1327 1891 1426 1960 μὲν
1458 1893 1772 1962 γεγράφθαι

192 1973 259 2024 τό·
289 1973 532 2044 Σπέρμα
603 1975 875 2046 Ἀϐραὰμ
907 1975 1114 2032 δοῦλοι
1150 1979 1335 2032 αὐτοῦ
1357 1996 1370 2009 ο
1403 1981 1518 2034 υἱοὶ
1578 1980 1776 2036 Ἰακὼϐ

191 2063 426 2118 ἐκλεκτοὶ
467 2067 700 2121 αὑτοῦ.
735 2067 838 2121 Διὰ
870 2068 1028 2122 τοῦτο
1059 2069 1116 2122 δέ
1151 2087 1268 2134 πως
1291 2065 1431 2124 εἶναι
1457 2070 1568 2142 (51)
1591 2071 1686 2126 καὶ
1709 2074 1768 2126 τὸ

193 2155 290 2228 περὶ
311 2155 402 2209 τοῦ
431 2157 704 2211 Ἰωάννου
747 2161 1036 2231 εἰρημένον
1055 2177 1068 2191 ·
1103 2158 1326 2222 Μείζων
1357 2163 1428 2216 ἐν
1461 2165 1771 2234 γεννητοῖς

192 2247 458 2316 γυναικῶν
478 2250 775 2304 Ἰωάννου
791 2251 898 2306 τοῦ
919 2252 1255 2307 Βαπτιστοῦ
1267 2255 1661 2320 οὐδείςὲστιν.
1681 2259 1769 2310 Ἐν
1804 2228 1843 2282 Β

193 2338 362 2402 τούτοις
391 2339 450 2392 δὲ
475 2339 796 2411 γενόμενος
829 2345 941 2407 τοῖς
969 2343 1178 2409 τόποις,
1213 2347 1450 2417 πρόσχες
1485 2350 1534 2402 si
1567 2349 1642 2421 μὴ
1677 2349 1767 2404 λό-

190 2447 262 2497 γον
289 2429 398 2500 ἔχει
431 2431 496 2484 τὸ
547 2430 927 2498 ἀφανίζεσθαί
970 2451 1090 2487 τινα
1130 2435 1238 2488 τῶν
1274 2423 1605 2508 σπερμάτων
1663 2442 1768 2495 ὑπὸ

190 2522 313 2586 Θεοῦ,
340 2523 428 2576 ἴνα
463 2523 545 2594 μὴ
579 2521 816 2578 πλείονα
835 2524 906 2578 τὰ
942 2526 1086 2580 κακὰ
1201 2529 1292 2582 ἐπὶ
1326 2529 1424 2600 τῆς
1457 2531 1582 2601 γῆς,
1620 2549 1770 2586 σπει-

191 2612 404 2681 ρομένων
439 2612 560 2666 τῶν
610 2613 692 2684 μὴ
729 2613 964 2684 ἐχόντων
1009 2615 1266 2687 ἀφορμὰς
1301 2616 1408 2670 ἀπὸ
1441 2619 1766 2690 κρειττόνων

193 2703 298 2773 πρὸς
329 2705 392 2757 τὸ
419 2703 762 2776 γεωργῆσαι
791 2703 861 2758 τὰ
887 2705 994 2758 ἀπὸ
1024 2705 1385 2777 διαφερόντων
1415 2709 1762 2780 σπερμάτωνο

189 2794 256 2846 διὰ
272 2795 428 2848 τοῦτο
449 2795 568 2867 γὰρ
596 2795 996 2867 κατακλυσμὸς
1041 2797 1272 2866 γίνεται,
1315 2800 1400 2852 ἵνα
1432 2799 1764 2873 ὲξαφανισθῇ

191 2887 236 2939 τὸ
261 2887 348 2941 τοῦ
393 2889 540 2942 Κάῖν
599 2887 857 2960 σπέρμα,
907 2889 1008 2942 οὐκ
1053 2889 1118 2943 ἂν
1162 2891 1498 2962 δυνηθέντων
1529 2894 1636 2948 τῶν
1671 2895 1764 2947 ἀπ’

191 2979 326 3033 αὐτοῦ
352 2981 677 3052 γενομένων
698 2980 850 3052 ἔχειν
873 2981 927 3034 τι
955 2983 1364 3054 γεωργήσωσιν,
1393 2985 1442 3036 εἰ
1465 2983 1540 3056 μὴ
1567 2985 1634 3039 τὰ
1655 2985 1766 3039 ἀπὸ

188 3073 262 3124 τοῦ
305 3073 479 3145 Ἀδὰμ
513 3075 680 3146 μόνα.
743 3075 866 3128 Ὅτι
903 3073 960 3127 δὲ
995 3074 1023 3126 ὁ
1067 3073 1450 3146 κατακλυσμὸς
1489 3076 1630 3147 ὑπὲρ
1667 3076 1762 3130 τοῦ

189 3162 587 3238 ἐξαφανισθῆναι
621 3167 689 3220 τὺ
719 3167 944 3239 σπέρμα
965 3165 1060 3220 τοῦ
1099 3167 1240 3220 Κὰῖν
1271 3167 1581 3240 γεγένηται,
1624 3186 1766 3240 παρ-

193 3255 368 3326 ἱστησιν
413 3261 448 3332 ἡ
504 3259 977 3330 ἐπιγεγραμμένη
1039 3259 1134 3313 τοῦ
1186 3260 1525 3332 Σολομῶντος
1575 3262 1766 3331 Σοφία

189 3347 252 3402 διὰ
292 3351 530 3406 τούτων’
595 3351 897 3418 Ἀποστάς
938 3351 1007 3404 δὲ
1055 3351 1157 3406 ἀπ’
1207 3353 1399 3421 αὐτῆς
1435 3353 1641 3420 ἄδικος
1695 3355 1764 3408 ἐν

191 3438 309 3508 δρτῇ
337 3443 556 3506 αὑτοῦ,
590 3441 776 3512 (δῆλον
813 3441 856 3494 δ’
884 3443 968 3495 ὅτι
997 3442 1097 3512 τῆς
1139 3443 1370 3513 saepiae.)
1403 3444 1764 3513 ἀδελφοκτό-

190 3546 291 3598 recc
321 3533 740 3589 συναπώλετο
769 3533 977 3603 θυμοῖς
998 3551 1011 3564 ’
1038 3533 1113 3586 δι’
1139 3534 1212 3588 ὃν
1239 3539 1466 3588 natast.)
1476 3535 1764 3604 υζομένην

191 3620 279 3690 γῆν
311 3625 500 3680 πάλιν
532 3627 747 3680 ἔσωσε
794 3627 982 3694 Σοφία
1006 3626 1080 3679 δι’
1109 3627 1391 3694 εὐτελοῦς
1424 3627 1614 3692 ξύλου
1654 3629 1761 3682 τὸν

192 3712 393 3769 δίκαιον
418 3715 895 3784 κυϐερνήσασα.
931 3716 1004 3769 Τὸ
1033 3716 1164 3769 αὐτὸ
1201 3717 1258 3770 δέ
1295 3733 1386 3788 μοι
1422 3716 1568 3770 δοκεί
1595 3735 1762 3790 παρι-

193 3807 373 3860 στάνειν
417 3811 517 3863 καὶ
550 3811 582 3862 ό
617 3807 876 3879 Σοδόμων
905 3809 1269 3880 ὲξαφανισμὸς
1298 3810 1392 3862 καὶ
1411 3811 1508 3882 τῆς
1535 3811 1639 3882 γῆς
1667 3811 1762 3864 αὑ-

191 3897 290 3963 τῶν,
308 3895 392 3954 ὧν
413 3901 508 3954 ἔτι
528 3901 872 3970 μαρτύριον
893 3901 1002 3972 ('52)
1031 3899 1141 3970 τῆς
1167 3903 1458 3970 πονηρίας
1483 3901 1758 3964 καπνιζο-

189 3989 312 4058 μένη
365 3991 724 4058 καθέστηκε
777 3991 1020 4061 χέρσος,
1077 3993 1176 4046 καὶ
1239 3993 1524 4049 ἀτελέσιν
1581 3994 1760 4064 ὥραις

192 4082 672 4151 καρποφοροῦντα
709 4082 892 4150 φυτά.
944 4083 1056 4137 Καὶ
1087 4083 1292 4152 ἀγαθοῦ
1331 4102 1394 4153 γε
1427 4086 1562 4140 Θεοῦ
1600 4085 1760 4158 ἔργον

187 4168 239 4240 ἦν
259 4175 496 4247 Σοδόμων
525 4175 864 4244 ἐξαφανίσαι
893 4174 990 4246 τὴν
1020 4177 1144 4247 γῆν,
1183 4178 1276 4230 καὶ
1319 4179 1428 4232 πᾶν
1457 4179 1595 4251 ὅπερ
1633 4181 1761 4233 ὑπε-

188 4262 372 4320 ὶεέπετο
404 4267 620 4330 νοτίδος
665 4266 902 4338 ξηρᾶναι
953 4269 1048 4321 ἀπ’
1080 4267 1268 4340 αὐτῆς,
1317 4270 1401 4324 ἵνα
1437 4270 1634 4340 μηκέτι
1663 4271 1756 4340 γέ-

185 4371 317 4426 νηται
353 4358 614 4430 ἄμπελος
659 4356 935 4427 Σοδόμων,
976 4360 1111 4430 μήτε
1147 4359 1416 4431 κληματὶς
1448 4361 1754 4434 Γομόρρας,

191 4449 300 4518 μηδὲ
358 4449 618 4520 σταφυλὴ
682 4447 870 4519 χολῆς,
917 4449 1051 4520 μηδὲ
1112 4449 1303 4522 βότρυς
1341 4453 1586 4525 πικρίας,
1625 4453 1758 4524 μηδὲ

186 4535 317 4606 οἶνος,
349 4542 526 4614 θυμὸς
553 4539 896 4614 δρακόντων,
924 4541 1018 4593 καὶ
1039 4539 1210 4611 θυμὸς
1249 4542 1489 4596 ἀσπίδων
1517 4543 1754 4608 ἀνίατος.

186 4633 243 4686 Τὸ
264 4635 303 4688 δ’
334 4636 524 4708 ὅμοιον
554 4637 712 4707 ἐρεῖς
741 4633 990 4704 καὶπερὶ
1014 4633 1120 4687 τῶν
1150 4635 1482 4703 Αἰγυπτίων,
1519 4637 1648 4708 περὶ
1681 4629 1756 4692 ὧν

185 4727 368 4800 εἴρηται
385 4746 400 4760 ·
473 4725 858 4782 Ἇπέκτεινεν
917 4725 988 4778 ἐν
1038 4725 1262 4796 χαλάζῃ
1312 4727 1429 4795 τὴν
1486 4727 1758 4796 ἄμπελον

186 4819 370 4886 αὐτῶν,
395 4819 500 4876 καὶ
528 4819 640 4885 τὰς
672 4817 1050 4887 συκαμίνους
1073 4817 1272 4872 αὐτῶν
1307 4819 1378 4874 ἐν
1406 4819 1482 4888 τῇ
1519 4820 1752 4891 πάχνῃ⁶

1877 613 2102 670 posset:
2131 602 2330 656 Euntes
2355 601 2528 664 ibant,
2563 612 2619 656 et
2643 604 2912 670 ridebam,
2947 605 3221 662 mittentes
3253 609 3464 665 semina

1879 707 2014 758 sua;
2056 708 2196 762 quos
2225 694 2354 750 illud
2383 704 2686 764 sequetur:
2719 695 2884 766 312
2929 695 3222 754 Venientes
3277 709 3460 753 autem

1886 785 2112 840 venient
2141 801 2262 840 cum
2291 787 2530 856 ploratu,
2562 795 2844 857 portantes
2878 787 3184 856 manipulos
3209 804 3371 853 suos;
3395 792 3464 846 de

1885 877 2082 945 quibus
2119 881 2220 932 dici
2255 889 2434 948 posset
2465 898 2480 936 :
2513 878 2688 934 (ἱεηὶιὶ
2735 891 2858 935 sunt
2903 881 3062 934 ueluti
3094 886 3328 950 ’gramen
3361 884 3460 936 do-

1877 985 2117 1034 morum;
2156 973 2294 1040 quod
2343 983 2624 1041 antequam
2661 973 2991 1034 evel/eretur,
3014 973 3265 1026 exaruit:
3308 973 3462 1042 cujus

1879 1077 1982 1114 non
2012 1061 2234 1128 implerit
2258 1077 2458 1115 messor
2485 1077 2699 1114 manum
2745 1077 2919 1126 suam,
2969 1072 3019 1114 et
3065 1063 3236 1116 sinum
3281 1079 3458 1128 suum,

1874 1150 1965 1218 qui
1991 1149 2289 1218 manipulos
2314 1149 2510 1220 colligit
2536 1165 2555 1204 :
2583 1159 2632 1204 et
2658 1167 2758 1204 non
2781 1153 3025 1206 dixerunt
3047 1163 3418 1220 prattereuutes
3435 1164 3458 1206 :

1877 1240 2180 1295 Benedictio
2235 1241 2448 1296 Domini
2492 1258 2652 1307 super
2698 1259 2784 1297 vos
2817 1244 2882 1300 ¹⁰.
2936 1242 3003 1296 Et
3039 1245 3160 1300 vide
3199 1261 3326 1300 num
3357 1247 3460 1302 hac

1877 1333 2094 1408 ratione
2143 1335 2414 1388 sacratius
2459 1344 2512 1388 et
2570 1333 2892 1404 profundius
2941 1338 3140 1392 dixerit
3193 1338 3460 1394 Servatur

1877 1434 2064 1480 uoster
2096 1443 2110 1480 :
2145 1424 2295 1478 Beati
2329 1425 2421 1495 qui
2453 1443 2589 1479 nunc
2623 1425 2776 1495 ﬂent,
2808 1429 3060 1497 quoniam
3110 1429 3362 1484 ridebunt
3386 1429 3453 1496 “;

1875 1527 1930 1572 et
1956 1517 2086 1573 illud
2113 1535 2127 1572 :
2161 1516 2254 1572 Va:
2283 1517 2446 1582 vobis,
2477 1520 2568 1588 qui
2601 1536 2738 1572 nunc
2766 1521 2971 1584 ridetis,
3000 1523 3250 1593 quoniam
3273 1522 3456 1592 plora-

1876 1609 2019 1673 bilis,
2052 1620 2099 1662 et
2146 1609 2342 1678 ﬂebitis
2367 1609 2432 1663 η.
2467 1609 2643 1679 Atque
2670 1625 2804 1666 sane
2833 1621 3036 1680 quanto
3067 1615 3192 1682 quis
3237 1623 3323 1668 est
3365 1628 3454 1668 se-

1878 1700 2042 1757 tninis
2063 1701 2340 1770 juniorum
2363 1700 2658 1771 justorum,
2691 1713 2845 1758 tanto
2879 1703 3060 1771 plures
3084 1703 3310 1774 justitite
3347 1703 3455 1758 fert

1877 1793 2136 1854 rationes,
2170 1791 2304 1845 adeo
2339 1800 2398 1843 ut
2427 1799 2650 1859 propter
2682 1791 2783 1846 hoc
2811 1791 3016 1861 scriptu
3030 1809 3079 1846 ιιι
3127 1794 3200 1848 sit
3227 1793 3304 1845 “z
3357 1793 3456 1871 Se:-

1873 1901 1990 1938 men
2039 1885 2330 1949 Abraham,
2375 1885 2511 1936 servi
2549 1883 2701 1952 ejus;
2741 1885 2845 1952 ﬁlii
2885 1884 3077 1950 Jacob,
3121 1886 3272 1940 electi
3313 1887 3451 1958 ejus.

1874 1977 2098 2046 Propter
2125 1980 2225 2032 hoc
2259 1975 2423 2030 etiam
2454 1973 2636 2044 aliquo
2667 1975 2828 2031 modo
2857 1975 2924 2030 de
2945 1975 3155 2033 Joanne
3189 1978 3321 2032 illud
3365 1979 3451 2032 di-

1873 2079 2022 2123 ctum
2049 2078 2134 2123 est
2156 2067 2200 2100 “
2229 2087 2245 2122 :
2279 2067 2458 2138 Major
2485 2068 2622 2122 inter
2651 2074 2798 2121 natos
2824 2067 3100 2122 mulierum
3121 2069 3328 2124 Joanne
3343 2069 3452 2124 Ba-

1871 2161 2030 2228 ptista
2061 2176 2214 2214 nemo
2242 2171 2340 2214 est.
2373 2161 2453 2213 Ad
2478 2175 2598 2228 quae
2625 2159 2742 2216 loca
2773 2177 2894 2215 cum
2924 2163 3260 2230 perveneris,
3288 2161 3449 2216 adbi-

1874 2250 1940 2304 be
1989 2248 2257 2312 animum,
2313 2263 2442 2303 num
2499 2249 2764 2303 rationem
2818 2249 3015 2303 habeat
3041 2248 3208 2304 deleri
3257 2263 3288 2304 a
3339 2249 3460 2312 Deo.

1873 2341 2120 2410 quaedam
2150 2339 2382 2408 semina,
2410 2355 2479 2394 ne
2507 2340 2648 2394 mala
2679 2339 3113 2412 multiplicentur
3142 2355 3306 2412 super
3335 2351 3448 2397 ter-

1875 2448 2013 2500 ram,
2039 2435 2165 2488 dum
2195 2433 2248 2488 bi
2275 2433 2547 2488 seminam
2575 2433 2666 2502 qui
2703 2433 2880 2488 mulas
2907 2435 3225 2490 occasiones
3248 2434 3450 2490 habent

1871 2541 1900 2580 a
1951 2525 2272 2581 melioribus
2313 2525 2756 2596 progenitoribus
2801 2526 3083 2581 excolendi
3134 2526 3448 2594 praestantia

1869 2620 2118 2687 semina;
2172 2619 2310 2674 hanc
2357 2619 2499 2674 enim
2547 2619 2617 2674 ob
2673 2634 2893 2674 causam
2943 2619 3202 2674 diluvium
3253 2618 3333 2687 ﬁt,
3386 2629 3450 2674 ut

1868 2709 2115 2765 deleatur
2144 2710 2279 2766 Cain
2313 2725 2537 2766 semen:
2569 2710 2804 2778 posteris
2838 2710 3008 2780 ipsius
3051 2709 3296 2779 alioquin
3347 2711 3450 2765 ha-

1867 2803 1997 2859 bere
2035 2819 2142 2860 non
2183 2804 2491 2860 valentibus
2533 2803 2738 2872 aliquid
2775 2803 2918 2872 quod
2956 2801 3288 2871 excolerent,
3339 2803 3446 2858 nisi

1867 2896 2079 2950 semina
2101 2894 2217 2950 sola
2241 2896 2312 2951 ab
2333 2897 2506 2950 Adam
2530 2895 2931 2966 provenieutia.
2959 2895 3112 2962 Quod
3143 2907 3272 2950 vero
3303 2894 3449 2948 dilu-

1866 2986 2011 3040 vium
2047 2985 2274 3042 semiuis
2293 2985 2424 3042 Cain
2454 2984 2670 3040 delendi
2702 2999 2864 3039 causa
2895 2983 3102 3040 factum
3135 2983 3318 3047 fuerit,
3343 2983 3447 3039 Sa-

1868 3077 2082 3146 pientia:
2099 3077 2234 3132 liber
2253 3075 2532 3132 Salomoni
2555 3077 2870 3147 inscriptus,
2894 3075 2980 3130 his
3001 3075 3184 3131 verbis
3202 3075 3442 3130 docet“:

1867 3169 2125 3224 Recedens
2167 3182 2343 3224 autem
2391 3171 2454 3223 ab
2483 3171 2597 3238 ipsa
2627 3173 2846 3238 (nempe
2883 3167 3448 3240 sapientia).injustus

1864 3261 1918 3314 in
1947 3263 2028 3314 ira
2072 3278 2171 3316 sua
2199 3262 2376 3328 periit,
2419 3277 2535 3314 cum
2561 3261 2753 3315 animis
2788 3261 3082 3331 fratricidis
3107 3275 3127 3315 :
3171 3275 3265 3329 per
3289 3277 3446 3332 quem

1864 3353 2180 3406 inundatam
2210 3361 2409 3406 terram
2437 3369 2622 3406 rursus
2649 3354 2876 3407 servavit
2903 3351 3198 3423 Sapientia,
3237 3353 3326 3406 vili
3377 3353 3446 3408 li-

1865 3463 1964 3514 gno
1987 3447 2194 3514 justum
2221 3447 2538 3516 gubernans.
2571 3445 2712 3511 Quin
2746 3445 2911 3500 etiam
2946 3446 3086 3501 idem
3121 3445 3254 3500 mihi
3286 3445 3441 3502 vide-

1868 3545 1955 3588 tur
1993 3535 2191 3588 docere
2237 3535 2304 3588 de
2337 3534 2589 3590 Sodomis
2623 3535 2902 3598 Salomon,
2934 3549 3030 3591 eos
3059 3549 3180 3589 cum
3211 3551 3309 3590 sua
3356 3536 3442 3606 ip-

1865 3640 2048 3679 sorqu
2084 3634 2228 3680 terra
2268 3625 2524 3680 incendio
2563 3626 2795 3695 periisse
2851 3640 3185 3692 memorans,
3215 3643 3441 3696 quorum

1861 3719 2146 3770 etiamnum
2186 3716 2406 3770 malitia:
2439 3717 2738 3778 testimonio
2761 3715 3027 3785 fumosum
3060 3727 3218 3772 restat
3244 3718 3442 3783 solum,

1861 3815 1910 3858 et
1935 3804 2132 3870 plautw
2155 3805 2574 3872 intempestivum
2595 3803 2827 3874 fructum
2853 3807 3078 3875 ferentes
3105 3809 3168 3862 ¹⁶.
3192 3810 3268 3864 Ac
3290 3819 3442 3864 certe

1865 3897 1956 3952 Dei
1985 3898 2110 3952 boui
2135 3897 2366 3952 otiicium
2401 3896 2501 3951 fuit
2541 3895 2901 3952 Sodomorum
2931 3907 3128 3953 terram
3153 3899 3354 3962 delere,
3383 3908 3439 3953 et

1863 3989 2126 4058 quidquid
2158 3988 2412 4044 relictum
2443 4003 2509 4042 ex
2535 4002 2602 4042 ea
2637 3987 2830 4042 fuisset
2875 3987 3218 4043 bumidit‘atis
3251 3987 3436 4043 arefa-

1863 4081 2078 4145 ciendo,
2112 4096 2178 4134 ne
2207 4081 2259 4134 iu
2289 4089 2562 4148 posterum
2599 4079 2841 4134 oriretur
2883 4079 3008 4134 vitis
3047 4078 3434 4148 Sodomorum,

1864 4192 2040 4246 neque
2079 4174 2363 4230 malleolus
2393 4173 2733 4240 Gomorrbaa,
2758 4187 2937 4244 neque
2966 4189 3068 4228 uva
3105 4174 3222 4241 iraa,
3259 4189 3437 4244 neque

1862 4269 2054 4323 botrus
2083 4267 2496 4330 amaritudinis,
2529 4281 2599 4322 ac
2633 4282 2700 4321 ne
2753 4267 2936 4322 viuum
2987 4267 3232 4337 quidem,
3285 4269 3436 4324 furor

1861 4362 2186 4424 draconum,
2217 4367 2274 4414 et
2303 4373 2572 4414 venenum
2620 4357 2867 4428 aspidum
2909 4359 3216 4416 insanabile
3251 4361 3315 4414 ‘7.
3349 4361 3438 4415 Si-

1862 4453 1988 4509 mile
2023 4451 2280 4523 quiddam
2311 4451 2464 4506 dices
2493 4451 2656 4504 etiam
2689 4453 2754 4505 de
2785 4449 3079 4521 IEgyptiis,
3125 4452 3193 4508 de
3237 4453 3436 4522 quibus

1861 4551 2061 4605 dictum
2093 4556 2176 4602 est
2197 4547 2240 4579 ¹³
2269 4565 2283 4602 :
2323 4547 2528 4602 Occidit
2556 4548 2612 4602 in
2633 4549 2891 4618 grandine
2921 4549 3122 4603 vineam
3151 4565 3357 4614 eorum,
3385 4559 3434 4604 rt

1860 4656 2034 4695 moros
2077 4655 2257 4693 eorum
2288 4641 2343 4692 in
2379 4640 2616 4710 pruina;
2658 4639 2786 4696 boni
2817 4641 2962 4696 enim
3001 4641 3091 4695 Dei
3116 4651 3196 4696 est
3228 4642 3434 4696 interli-

1858 4746 1982 4787 cere
2017 4731 2202 4786 vineas
2228 4729 2610 4802 Aigyptiorum
2655 4741 2710 4786 et
2742 4747 2926 4787 moros
2959 4733 3265 4800 impiorum.
3311 4732 3434 4787 Haec

1858 4823 2112 4892 adjuncta
2131 4823 2390 4878 instituta:
2405 4824 2762 4893 disputationi
2779 4826 2844 4879 de
2861 4824 3160 4880 seminibus
3176 4823 3431 4888 Abralue,

185 4908 358 4974 ἀγαθοῦ
385 4912 504 4983 γὰρ
529 4908 675 4964 Θεοῦ
701 4908 1068 4984 ιὰποκτείνειν
1108 4908 1386 4980 ἀμπέλους
1415 4911 1748 4980 Αἰγυπτίων,

1869 4915 2018 4986 313
2049 4916 2133 4970 vel
2163 4915 2393 4984 alicujus
2419 4914 2556 4984 justi
2581 4915 2691 4972 siut
2719 4917 2874 4972 nobis
2897 4916 3066 4978 dicta,
3099 4923 3156 4968 ut
3179 4915 3434 4968 ostende-

186 5002 257 5052 ra".
286 5001 627 5074 συκαμίνους
655 4999 766 5054 τῶν
799 4999 1033 5054 ἀσεϐῶν.
1078 4999 1262 5054 Ταῦτα
1305 5003 1642 5073 προκείμενα
1681 5006 1750 5075 τῇ

185 5088 396 5154 ἐξετάσει
421 5092 524 5146 τοῦ
564 5091 702 5162 περὶ
737 5089 1067 5162 σπερμάτων
1095 5090 1256 5158 λόγου
1308 5091 1578 5163 Ἀϐραὰμ,
1604 5093 1638 5164 ἦ
1669 5110 1750 5146 τι-

187 5199 256 5245 νος
294 5184 400 5237 τῶν
451 5181 688 5237 δικαίων
733 5183 868 5252 ἡμῖν
915 5181 1148 5254 εἴρηται,
1196 5183 1336 5254 ὑπὲρ
1380 5182 1472 5236 τοῦ
1519 5185 1753 5254 φανῆναι

188 5273 282 5338 πῶς
307 5276 402 5330 καὶ
417 5275 548 5329 τίνα
579 5273 789 5345 τρόπον
818 5274 1030 5345 εἴρηται
1062 5277 1174 5338 τοῖς
1201 5277 1384 5339 αὐτοῖς
1400 5275 1504 5329 ὑπὸ
1525 5275 1618 5328 τοῦ
1640 5279 1754 5332 Σω-

241 5367 278 5398 ’⁸
302 5367 447 5422 Psal.
482 5381 722 5429 cxxvm,
754 5365 874 5419 6-8.
985 5368 1025 5399 “
1055 5367 1186 5422 Luc.
1220 5366 1397 5430 v1.2l.

1491 5369 1534 5400 “
1561 5369 1688 5423 ibid.
1715 5370 1806 5426 25.

1862 5021 2042 5061 remus
2067 5006 2341 5076 quomodo
2388 5014 2445 5060 et
2489 5021 2588 5070 cur
2617 5005 2875 5060 Servatur
2906 5004 2986 5058 eis
3014 5002 3255 5056 dixerit:
3289 5000 3431 5057 Novi

1858 5097 2000 5168 quod
2027 5113 2203 5152 semen
2229 5097 2454 5152 Abrahae
2477 5099 2697 5164 estis";
2730 5103 2804 5161 et,
2829 5094 2893 5151 Si
2913 5092 3012 5162 ﬁlii
3037 5094 3259 5148 Abraha'
3277 5095 3433 5161 estis,

1861 5205 2020 5256 opera
2057 5189 2287 5242 Abrahae
2319 5189 2478 5257 facile
2501 5190 2568 5242 ⁸ο.
2599 5188 2866 5243 Caeterum
2913 5187 2979 5242 de
3023 5185 3152 5240 ﬁliis
3199 5184 3436 5242 Abrahae

1859 5295 2023 5350 opera
2057 5281 2286 5338 Abrahae
2336 5282 2662 5337 facientibus
2697 5279 3057 5341 commodius.
3105 5278 3214 5334 Deo
3241 5277 3430 5346 dante,

1905 5375 1948 5406 "
1968 5375 2112 5433 Psal.
2147 5392 2254 5438 CIV.
2277 5375 2329 5432 6.
2427 5377 2471 5407 ¹⁸
2503 5374 2631 5428 Lur.
2663 5389 2758 5438 vu,
2795 5372 2885 5426 28.
2991 5374 3034 5405 "
3059 5372 3188 5442 Sap.
3223 5374 3355 5440 x,3,
3377 5374 3432 5429 4.

190 5435 222 5462 ’⁸
245 5438 366 5492 ibid.
404 5440 466 5494 7.
547 5439 590 5470 "
619 5437 778 5491 Deut.
815 5451 984 5502 χχιιι,
1012 5437 1103 5502 32,
1127 5437 1217 5494 53.
1285 5438 1326 5470 ’⁸
1347 5439 1487 5492 Psal.
1529 5453 1733 5504 Lxxvn,
1767 5443 1857 5498 47.
1935 5447 1979 5478 ¹⁹
2007 5445 2164 5500 Joau.
2199 5435 2311 5510 vtu,
2347 5445 2434 5500 57.
2513 5445 2560 5476 '°
2592 5444 2724 5498 ibid.
2745 5435 2848 5497 ’59.

186 5599 200 5610 .
241 5532 342 5605 (29)
374 5533 551 5590 iidem
586 5533 811 5592 codices
871 5532 1071 5603 Regius
1117 5545 1172 5590 et
1212 5534 1562 5600 Barberinus,
1623 5533 1750 5606 βάλσ-

188 5617 927 5746 ωΐξόθῗϐρόὶσθεᾼῐίοείυερι
952 5671 1298 5746 Barbarinus.
1331 5672 1496 5746 οὕτω.

242 5742 344 5810 (3t)
365 5742 561 5800 Εἶναι.
597 5742 962 5799 δοιίίῧμιισίιιιιι
989 5742 1204 5796 videtur
1233 5742 1368 5796 ἐστί.

246 5814 348 5888 [52)
375 5815 566 5872 Codex
593 5813 944 5876 BOdIeianus,
973 5812 1065 5865 usti.
1101 5814 1227 5883 περὶ
1259 5814 1505 5883 Σοδόμων
1530 5816 1558 5868 ὁ
1587 5815 1747 5869 Σολο-

1859 5541 1976 5612 μὼν
2005 5541 2368 5613 ὲξαφανισμὸν
2403 5541 2497 5613 και
2516 5539 2614 5607 τῆς
2635 5539 2737 5613 γῇς
2761 5536 3065 5613 και-αὐτῶν
3095 5535 3176 5591 ἔτι
3219 5533 3432 5613 μαρτύ-

1896 5631 1992 5678 ιον,
2019 5607 2149 5678 θίεξ,
2186 5621 2239 5667 et
2273 5607 2370 5674 ita,
2420 5612 2502 5664 vel
2561 5607 2703 5678 quid
2737 5607 2914 5664 simile
2963 5609 3156 5677 legisse
3219 5607 3431 5660 videtur

1880 5676 2147 5739 "errarius
2183 5684 2232 5736 in
2269 5697 2367 5736 suo
2386 5679 2605 5748 codice;
2629 5676 2844 5748 Regius
2873 5695 2999 5733 vero
3021 5676 3190 5748 ’utLin
3247 5687 3431 5748 nostro

1858 5763 2036 5820 textu,
2069 5753 2168 5809 nisi
2202 5752 2342 5821 quod
2377 5765 2473 5820 pro
2500 5750 2529 5802 ὁ
2555 5745 2802 5819 Σοδόμων
2831 5748 2992 5806 habet
3028 5748 3056 5800 ὁ
3083 5745 3355 5816 Σολομῶν.
