4082 6530
616 407 722 462 5θὸ

2058 400 2219 460 ORIG
2229 400 2385 459 ENIS

3759 397 3856 451 584

617 530 947 586 disseremus
977 546 1103 587 cum
1153 529 1223 586 ad
1263 526 1697 600 explorationem
1723 525 1872 581 illius
1901 531 2191 579 contextus

2311 522 2458 591 τῆρος
2485 519 2546 572 τό
2564 536 2578 548 ·
2611 513 2775 581 Οἶδα,
2798 517 2889 570 ὅτι
2911 515 3153 585 σπέρμα
3193 512 3440 582 Ἀϐραάμ
3464 512 3623 576 ἐστε,
3645 512 3737 566 καὶ
3760 515 3817 565 τό
3838 531 3851 543 ·

626 623 1048 691 pervenerimus.

2302 613 2371 665 Ei
2392 609 2576 664 τέκνα
2605 609 2713 662 τοῦ
2754 605 3000 677 Ἀϐραάμ
3025 608 3186 670 ἐστε,
3215 606 3290 660 τὰ
3312 604 3458 674 ἔργα
3485 603 3591 657 τοῦ
3625 604 3854 671 Ἀϐραὰμ

623 685 858 772 ποιεῖτε.
901 714 1039 785 Περὶ
1080 712 1329 784 μέντοιγε
1374 710 1580 764 τέκνων
1639 704 1886 778 Ἀϐραὰμ
1930 703 1999 757 τὰ
2050 685 2195 775 ἔργα
2226 700 2320 755 τοῦ
2357 700 2607 773 Ἀϐραὰμ
2639 699 2971 764 ποιούντων,
3015 697 3150 752 Θεοῦ
3195 697 3450 761 διδόντος,
3494 695 3855 766 εὐκαιρότερον

620 811 874 886 ἐροῦμεν,
902 809 1207 879 φθάσαντες
1239 808 1332 861 ἐπὶ
1360 807 1462 878 τὴν
1492 806 1722 877 βάσανον
1745 802 1958 871 ἐκείνης
1980 800 2078 869 τῆς
2099 796 2316 863 λέξεως.

692 907 747 962 5.
779 906 841 960 Ei
882 920 1011 974 ergo
1046 903 1141 973 qui
1174 903 1335 957 fuerit
1362 901 1596 955 Abrahae
1618 914 1826 961 semen,
1862 899 1986 951 licet
2026 896 2189 949 etiam

626 999 764 1063 fieri,
796 999 842 1052 si
879 998 1214 1066 diligentiam
1248 994 1524 1054 adhibeat,
1554 990 1671 1059 ejus
1701 991 1881 1054 filius;
1921 987 2188 1058 quemad-

624 1091 842 1146 modum
889 1090 1035 1144 factu
1093 1085 1411 1141 facillimum
1458 1092 1570 1146 est,
1622 1082 1856 1136 utnulla
1889 1080 2190 1151 diligentia,

623 1181 881 1250 nullaque
909 1179 1119 1234 cultura
1154 1176 1422 1238 adhibita,
1451 1178 1554 1230 hoc
1589 1174 1751 1229 etiam
1800 1173 2015 1242 perdat,
2050 1170 2191 1238 quod

623 1288 807 1329 semen
849 1274 1080 1326 Abrahae
1113 1278 1253 1323 erat.
1290 1267 1460 1321 Porro
1493 1267 1546 1319 hi
1578 1266 1644 1321 ad
1674 1279 1814 1332 quos
1842 1272 1962 1317 erat
1988 1276 2191 1325 sermo,

623 1364 861 1419 nondum
913 1369 1072 1415 erant
1121 1358 1415 1428 deploratze
1460 1356 1608 1426 spei,
1665 1356 1869 1410 sciente
1921 1351 2048 1407 Jcsu
2099 1366 2193 1406 eos

621 1454 917 1509 etiamnum
951 1449 1182 1504 Abrahae
1212 1462 1396 1502 semen
1430 1461 1570 1511 esse,
1596 1461 1659 1500 ac
1687 1445 1903 1499 vidente
1934 1458 2029 1497 eos
2059 1457 2189 1522 non-

625 1545 750 1599 dum
804 1542 1051 1596 amisisse
1108 1540 1421 1594 facultatem
1469 1552 1587 1592 eam
1627 1551 1730 1605 qua
1774 1535 1892 1589 fieri
1944 1541 2196 1604 poterant

622 1635 856 1691 Abrahae
880 1634 1016 1699 lilii;
1054 1643 1309 1702 tanquam
1336 1629 1483 1685 enim
1520 1627 1680 1683 facile
1726 1626 1872 1681 factu
1916 1635 2086 1687 esset,
2140 1634 2199 1678 ιιι

2363 890 2418 944 5.
2449 888 2666 953 Ἔξεστι
2686 888 2862 941 τοίνυν
2893 887 3116 957 σπέρμα
3139 884 3229 939 τοῦ
3272 884 3524 956 Ἀϐραὰμ
3542 884 3856 954 τυγχάνοντα

2296 978 2549 1049 γενέσθαι
2592 978 2755 1033 αὐτοῦ
2793 979 2865 1031 δι’
2902 977 3219 1048 ἐπιμελείας
3252 976 3348 1029 καὶ
3382 976 3590 1029 τέκνον.
3640 976 3855 1028 Δυναών

2297 1072 2354 1125 δέ
2387 1073 2481 1126 καὶ
2503 1072 2562 1139 ἐξ
2588 1071 2847 1142 ἀμελείας
2869 1072 2962 1124 καὶ
2992 1069 3375 1141 ἀγεωργησίας
3405 1068 3661 1122 ἀπολέσαι
3693 1068 3781 1120 καὶ
3802 1069 3858 1121 τὸ

2300 1160 2440 1220 εῖναι
2480 1164 2646 1219 αὑτοῦ
2705 1165 2948 1237 σπέρμα.
3002 1156 3160 1216 Οὗτοι
3220 1162 3472 1232 μέντοιγε
3522 1160 3601 1213 ἔτι
3646 1159 3857 1212 ἐλπίδων

2299 1258 2439 1333 ἦσαν
2462 1262 2572 1331 (55)
2607 1260 2743 1332 πρὸς
2782 1258 2874 1322 οὓς
2902 1260 2931 1311 ὁ
2962 1257 3140 1325 λόγος,
3173 1255 3375 1317 εἰδότος
3416 1252 3512 1306 τοῦ
3567 1251 3750 1322 Ἰησοῦ,
3781 1254 3856 1305 ὅτι

2302 1354 2527 1424 σπέρμα
2563 1347 2801 1422 ἒτιῆσαν
2822 1349 2915 1402 τοῦ
2960 1346 3228 1419 Ἀϐραὰμ,
3269 1346 3365 1398 καὶ
3404 1343 3742 1414 θεωροῦντος,
3783 1344 3858 1395 ὅτι

2300 1446 2510 1499 οὐδέπω
2540 1443 2972 1497 ἀπολωλέκεισαν
3011 1440 3072 1493 τὸ
3113 1436 3371 1492 δύνασθαι
3414 1435 3661 1504 γενέσθαι
3706 1434 3859 1488 τέκνα

2302 1537 2395 1590 τοῦ
2439 1536 2719 1608 Ἀϐραάμ·
2754 1534 2829 1597 ὡς
2854 1533 2962 1604 γὰρ
2987 1530 3212 1585 δυνατοῦ
3241 1530 3395 1591 ὄντος
3419 1526 3517 1581 τοῦ
3550 1528 3737 1589 αὐτοὺς
3773 1544 3857 1594 γε-

2304 1628 2490 1681 νέσθαι
2533 1628 2698 1680 τέκνα
2746 1624 2840 1677 τοῦ
2895 1622 3166 1693 Ἀϐραὰμ,
3214 1621 3353 1692 πρὸς
3403 1620 3464 1672 τὸ
3506 1616 3643 1672 εἶναι
3679 1619 3861 1680 αὐτοὺς

625 1732 980 1797 praeterquam
1005 1722 1148 1793 quod
1173 1736 1357 1777 semen
1387 1729 1575 1775 essent
1600 1719 1853 1779 Abrahae,
1897 1718 2062 1771 etiam
2101 1716 2193 1771 filii

2311 1718 2546 1788 σπέρμα,
2577 1720 2738 1786 φησὶν
2766 1716 2967 1777 αὐτοῖς·
3000 1715 3071 1767 El
3098 1712 3279 1765 τέκνα
3304 1710 3411 1764 τοῦ
3443 1708 3683 1778 Ἀϐραάμ
3712 1709 3861 1769 ἐστε,

625 1783 987 1879 edicerentur,
1023 1783 1211 1883 inquit
1257 1814 1324 1867 ad
1371 1825 1505 1865 eos:
1541 1810 1601 1866 Si
1626 1810 1731 1879 lilii
1779 1808 2005 1862 Abrulue
2048 1812 2197 1874 estis,

2311 1811 2373 1864 τὰ
2414 1783 2559 1878 sm
2591 1783 2712 1861 'z'os
2777 1806 3022 1875 Ἀϐραὰμ
3076 1803 3314 1857 ποιεῖτε.
3370 1804 3456 1867 Ὠς
3503 1803 3558 1856 δέ
3602 1802 3703 1855 είσί
3731 1819 3863 1863 τινες

628 1922 787 1974 opera
824 1906 1053 1976 Abrahae
1083 1906 1268 1973 facile.
1302 1902 1375 1959 Ut
1398 1911 1578 1956 autem
1602 1910 1729 1957 sunt
1752 1901 1978 1970 quidam
2012 1916 2195 1955 semen

2311 1899 2525 1970 σπέρμα
2552 1897 2646 1952 τοῦ
2681 1897 2949 1970 Ἀϐραὰμ,
2978 1896 3151 1959 οὕτως
3173 1895 3343 1957 ἄλλοι,
3370 1894 3447 1958 ὡς
3474 1894 3584 1964 (54)
3611 1896 3639 1946 ό
3677 1894 3863 1961 Δανιὴλ

626 1997 878 2061 Abrahae,
914 1996 993 2050 sic
1020 1994 1110 2048 alii
1141 1992 1469 2046 exsistentes
1494 2006 1703 2053 semen,
1736 2006 1842 2045 non
1867 2001 1993 2044 sunt
2015 2005 2199 2045 semen

2311 2005 2469 2059 φησι·
2508 1990 2747 2057 Σπέρμα
2778 1987 2883 2041 τοῦ
2918 1986 3182 2055 Χαναὰμ,
3215 1985 3315 2039 καί
3346 1987 3459 2039 οὐκ
3526 1982 3739 2036 Ἰούδα·
3778 1983 3866 2034 καὶ

627 2090 842 2145 dicente
875 2087 1136 2143 Daniele:
1172 2085 1361 2140 Semen
1391 2082 1670 2150 Chanaan,
1715 2093 1763 2136 et
1810 2099 1914 2136 non
1945 2083 2091 2138 Iuda
2112 2084 2154 2114 "
2183 2098 2198 2147 ;

2311 2079 2472 2141 Ξλλοι,
2504 2080 2581 2143 ὼς
2608 2082 2640 2150 ἡ
2673 2079 2859 2148 Σοφία
2901 2078 3092 2150 φησίν·
3129 2078 3372 2147 Σπέρμα
3400 2076 3515 2149 (55)
3557 2073 3866 2142 κατηραμέ-

627 2183 707 2237 sic
731 2181 821 2236 alii
851 2181 1084 2235 aliorum
1120 2188 1264 2242 sunt,
1294 2189 1350 2233 et
1383 2194 1490 2234 non
1533 2189 1685 2244 sunt,
1718 2178 1936 2233 dicente
1974 2175 2201 2244 Sapien-

2311 2190 2414 2226 νον
2453 2172 2552 2226 ἀπ’
2613 2170 2826 2239 ἀρχῆς.
2885 2170 2997 2224 Καὶ
3033 2172 3112 2233 είς
3157 2169 3331 2222 ταῦτα
3377 2168 3436 2221 δὲ
3486 2169 3747 2238 φήσομεν,
3791 2165 3866 2217 ὅτι

630 2271 745 2324 tia:
795 2267 987 2325 Semen
1027 2269 1384 2323 exsecratione
1412 2268 1651 2321 devotum
1685 2268 1749 2321 ab
1790 2266 1941 2319 initio
1960 2267 2031 2322 ".
2064 2264 2201 2332 Quin

2311 2264 2492 2335 ὥσπερ
2509 2261 2649 2317 κατὰ
2659 2262 2728 2315 τὰ
2748 2262 3031 2333 σωματικὰ
3054 2261 3163 2316 ἀπὺ
3182 2260 3392 2313 πολλῶν
3405 2259 3733 2330 σπερμάτων
3745 2273 3867 2326 προ-

629 2362 794 2415 etiam
822 2360 910 2413 his
932 2359 1217 2425 addemus,
1245 2357 1389 2427 quod
1423 2368 1482 2411 ut
1526 2357 1579 2410 in
1616 2356 1780 2410 rebus
1830 2354 2204 2425 corporalibus

2311 2353 2496 2407 κόπτει
2550 2353 2750 2424 μᾶλλον
2786 2354 3073 2425 ἐνεργῆσαι
3122 2352 3343 2423 δυνηθὲν
3376 2350 3489 2403 ἐσθ’
3536 2350 3626 2403 ὅτε
3675 2349 3729 2402 ἓν
3767 2348 3869 2400 τῶν

632 2468 799 2508 unum
825 2452 1093 2507 interdum
1131 2467 1317 2506 semen
1348 2451 1561 2522 operari
1614 2450 1817 2513 valens,
1853 2448 2025 2518 magis
2075 2462 2205 2518 pro-

2311 2445 2658 2516 σπερμάτων,
2679 2444 2851 2509 οὕτως
2885 2445 3026 2498 ἔστιν
3060 2445 3189 2497 ἰδεῖν
3223 2443 3317 2497 καὶ
3350 2442 3460 2495 τῶν
3491 2440 3866 2512 πνευματικῶν

634 2543 747 2598 ficit
778 2557 942 2612 quam
979 2541 1148 2596 multa
1183 2543 1391 2597 semina
1415 2583 1429 2608 ,
1467 2542 1545 2596 sic
1579 2555 1808 2596 cernere
1837 2546 2001 2595 etiam
2044 2539 2205 2593 liceat

2311 2539 2653 2608 σπερμάτων.
2690 2538 2756 2589 Ὃ
2781 2536 2835 2589 δὲ
2865 2536 3008 2604 λέγω
3046 2534 3196 2588 ἔσται
3235 2535 3405 2603 σαφὲς
3443 2536 3509 2587 ἐκ
3556 2533 3665 2587 τῶν
3699 2532 3872 2601 λεχθη-

634 2636 689 2688 in
719 2634 1015 2690 seminibus
1042 2635 1443 2704 spiritualihus.
1481 2634 1535 2687 Id
1564 2643 1744 2687 autem
1776 2632 1918 2701 quod
1963 2630 2088 2684 dico
2137 2646 2204 2684 ex

634 2726 721 2780 bis
750 2740 871 2795 quae
898 2740 1022 2781 mox
1053 2726 1302 2780 dicentur
1324 2725 1551 2795 liquebit
1578 2741 1594 2792 ;
1629 2724 1887 2794 quoniam
1918 2723 2060 2777 enim
2111 2723 2204 2791 qui

635 2815 890 2881 seminat,
942 2814 1180 2868 rationes
1225 2829 1256 2866 a
1298 2812 1598 2880 majoribus
1647 2820 1899 2879 acceptas
1937 2809 1989 2862 iu
2022 2808 2206 2877 seipso

636 2906 801 2962 habet
820 2915 877 2961 et
907 2906 1193 2975 ingenitas,
1221 2904 1508 2974 aliquando
1535 2904 1750 2973 quidem
1800 2899 2058 2971 praevalet
2091 2897 2207 2967 ejus

637 2997 802 3062 ratio,
828 2997 991 3066 idque
1022 2998 1167 3064 quod
1193 2996 1453 3067 gignitur,
1479 2995 1662 3049 editur
1684 2992 1971 3047 seminanti
1996 2990 2204 3054 simile;

637 3087 931 3158 aliquando
963 3102 1094 3144 vero
1124 3088 1265 3142 ratio
1293 3086 1481 3139 fratris
1513 3085 1631 3155 ejus
1666 3084 1759 3153 qui
1786 3083 2093 3147 seminavit,
2119 3081 2206 3136 vel

637 3181 829 3250 patris,
856 3180 943 3235 vel
965 3180 1235 3238 avunculi.
1262 3179 1398 3233 adde
1423 3178 1586 3233 etiam
1606 3177 1712 3244 avi,
1731 3175 1987 3247 praevalet
2010 3192 2025 3240 ;
2048 3189 2209 3243 quam

636 3271 709 3325 ob
739 3285 989 3334 causam,
1017 3271 1107 3339 qui
1141 3271 1196 3323 in
1239 3270 1413 3324 lucem
1439 3268 1695 3330 eduntur,
1726 3268 1979 3322 oriuntur
2012 3264 2095 3320 bis
2126 3264 2209 3321 vel

638 3361 751 3416 illis
777 3362 1006 3417 similes.
1038 3362 1281 3416 Cernere
1316 3376 1446 3415 vero
1471 3361 1636 3415 etiam
1667 3369 1751 3414 est
1783 3359 2050 3414 rationem
2080 3373 2212 3412 con-

633 3449 806 3522 jugis,
839 3451 926 3505 vel
957 3450 1145 3505 fratris
1175 3451 1313 3519 ejus,
1339 3452 1422 3505 vel
1452 3451 1540 3504 avi
1564 3449 1681 3516 ejus
1711 3449 2034 3519 prmvalere,
2058 3447 2209 3514 juxta

637 3542 1031 3597 concussiones
1058 3558 1180 3612 qua:
1207 3552 1333 3598 sunt
1379 3543 1430 3596 in
1483 3542 1849 3605 mistionibns,
1885 3541 2014 3595 dum
2049 3540 2210 3595 simul

638 3644 832 3687 omnes
859 3646 1100 3701 eousque
1121 3633 1528 3697 concutiuntur,
1568 3631 1745 3701 quoad
1780 3630 2073 3701 praevaleat
2109 3630 2211 3686 ali-

637 3735 743 3791 qua
781 3723 920 3778 ratio
954 3723 1254 3778 seminalis.
1307 3722 1432 3778 Haec
1483 3724 1647 3792 igitur
1695 3720 2099 3778 transferantur
2143 3723 2211 3777 ad

637 3813 873 3869 animam
904 3814 1207 3869 seminibus
1235 3814 1664 3887 intelligibilihus
1694 3813 1931 3884 plenam,
1954 3830 2077 3884 qua:
2106 3830 2210 3871 .ve-

634 3907 819 3961 nerint
852 3921 881 3960 a
918 3907 1265 3976 quihusdam,
1316 3907 1406 3976 qui
1459 3916 1645 3977 patres
1674 3909 1792 3977 ejus
1824 3908 2103 3973 dicuntur,
2158 3919 2213 3963 et

636 3997 802 4052 veluti
825 3998 1119 4052 seminales
1134 3999 1383 4066 quasdam
1410 4008 1624 4067 patrum
1658 4002 1899 4053 rationes
1924 3999 2214 4068 perﬁciat:-

638 4100 747 4157 tur,
775 4103 1005 4162 propter
1036 4091 1261 4145 multam
1301 4090 1657 4144 mobilitatem
1706 4089 2112 4160 agilitatemque
2157 4101 2213 4145 et

639 4183 1001 4239 intensionem
1033 4182 1101 4236 ad
1137 4180 1273 4235 tales
1297 4181 1720 4251 intaginationes
1746 4180 1864 4250 ejus
1887 4183 2058 4252 partis
2089 4183 2203 4235 auio

638 4290 762 4340 mae,
792 4289 913 4343 quae
952 4273 1400 4343 praestantissima
1446 4283 1567 4335 est;
1601 4289 1724 4342 quae
1765 4274 1811 4328 si
1859 4274 2205 4339 excolantur,

638 4369 747 4421 erit
775 4365 973 4435 aliquis
1004 4364 1166 4430 filius,
1202 4365 1290 4419 hic
1335 4363 1553 4433 quidem
1598 4365 1849 4431 Abrahae,
1892 4365 2059 4437 314
2099 4365 2211 4420 Noe

2312 2629 2554 2699 σομένων
2577 2646 2590 2659 ·
2632 2629 2754 2681 ἐπεὶ
2791 2628 2898 2698 γὰρ
2944 2628 3057 2699 ἔχει
3095 2629 3152 2681 ἐν
3203 2627 3380 2698 ἐαυτῷ
3434 2625 3791 2699 προγονικούς
3818 2643 3869 2677 τε

2311 2722 2404 2774 καὶ
2431 2722 2780 2788 συγγενικοὺς
2810 2720 3001 2789 λόγους
3023 2723 3052 2773 ό
3088 2720 3345 2793 σπείρων,
3380 2720 3469 2774 ὁτὲ
3503 2720 3603 2790 μὲν
3642 2720 3825 2791 κρατεί
3847 2721 3872 2770 ὁ

2309 2812 2471 2865 αὑτοῦ
2523 2812 2710 2879 λόγος,
2759 2812 2854 2866 καὶ
2915 2813 3263 2867 ἀποτίκτεται
3312 2811 3374 2865 τὸ
3427 2811 3761 2881 γεννώμενον
3804 2809 3873 2878 τῷ

2312 2902 2596 2973 σπείραντι
2638 2903 2841 2973 ὅμοιον,
2891 2904 2979 2956 ὁτὲ
3020 2902 3077 2955 δὲ
3112 2905 3141 2956 ὁ
3180 2903 3337 2971 λόγος
3373 2901 3467 2956 τοῦ
3521 2900 3751 2969 ἀδελφοῦ
3787 2899 3871 2952 τοῦ

2313 2994 2654 3066 σπείραντος,
2697 2995 2732 3065 ἢ
2778 2993 2872 3048 τοῦ
2914 2993 3119 3065 πατρὸς
3158 2993 3252 3047 τοῦ
3308 2994 3633 3065 σπείραντος
3673 2992 3802 3065 (56),
3843 2991 3873 3063 ἢ

2310 3088 2405 3141 τοῦ
2444 3086 2587 3140 θείου
2635 3085 2730 3139 τοῦ
2781 3086 3119 3157 σπείραντος,
3168 3085 3335 3139 ἐνίοτε
3392 3087 3488 3139 καὶ
3520 3086 3746 3138 πάππου
3791 3082 3874 3138 τοῦ

2316 3178 2650 3249 σπείραντος,
2686 3177 2814 3249 παρ’
2845 3176 2874 3230 ὃ
2904 3177 3141 3245 γίνονται
3180 3177 3229 3228 oi
3267 3177 3685 3245 ἀποτικτόμενοι
3714 3176 3876 3242 ὅμοιοι

2310 3269 2507 3333 τοῖσδε,
2538 3268 2571 3339 ἢ
2597 3267 2793 3321 τοῖσδε.
2826 3268 2982 3321 Ἐστι
3014 3268 3071 3321 δὲ
3108 3268 3235 3321 ίδείν
3253 3268 3662 3338 ἐπικρατοῦντα
3688 3267 3782 3322 καὶ
3795 3266 3876 3317 τὸν

2311 3361 2469 3431 λόγον
2512 3360 2624 3433 (57)
2655 3361 2754 3433 τῆς
2798 3361 3073 3429 γυναικὸς,
3114 3360 3145 3432 ἢ
3197 3360 3290 3414 τοῦ
3338 3363 3548 3433 πατρὸς
3579 3366 3678 3436 τῆς
3706 3384 3879 3435 γυναι.

2313 3455 2426 3518 κὸς,
2468 3452 2501 3525 ἢ
2554 3451 2648 3506 τοῦ
2703 3452 2932 3522 ἀδελφοῦ
2989 3453 3178 3523 αὐτῆς,
3221 3454 3253 3524 ἢ
3290 3454 3383 3507 τοῦ
3418 3456 3650 3510 πάππου
3698 3459 3875 3529 αὐτῆς,

2315 3546 2454 3600 κατὰ
2492 3547 2620 3609 τοὺς
2668 3546 2728 3599 ὲν
2777 3548 2893 3609 ταῖς
2940 3543 3117 3615 μίξεσι
3167 3544 3468 3617 βρασμοὺς,
3508 3548 3624 3618 ἅμα
3677 3552 3877 3604 πάντων

2316 3636 2609 3708 σειομένων
2655 3636 2761 3699 ἕως
2817 3635 3162 3708 ἐπικρατήσῃ
3210 3652 3295 3698 τις
3339 3635 3448 3688 τῶν
3504 3641 3878 3711 σπερματικῶν

2313 3728 2506 3797 λόγων.
2542 3727 2726 3781 Ταῦτα
2754 3727 2818 3799 δὴ
2847 3725 3166 3798 μεταγέσθω
3198 3729 3290 3780 ἐπὶ
3324 3726 3422 3799 τὴν
3456 3729 3879 3802 πεπληρωμένην

2312 3820 2488 3891 ψυχὴν
2538 3818 2744 3889 νοητῶν
2802 3817 3149 3889 σπερμάτων,
3194 3816 3533 3888 ἐληλυθότων
3571 3819 3679 3872 ἀπό
3736 3837 3878 3872 τινων

2314 3910 2730 3983 ὀνομαζομένων
2760 3909 3009 3980 πατέρων
3036 3908 3223 3983 αὐτῆς,
3255 3910 3350 3962 καὶ
3377 3910 3439 3963 τὸ
3463 3911 3619 3981 παρὰ
3644 3913 3707 3964 τὸ
3729 3912 3877 3964 πολυ-

2313 4005 2530 4075 κίνητον
2574 4004 2606 4075 ἢ
2655 4003 2936 4074 εὐκίνητον
2974 4002 3068 4056 τοῦ
3118 4002 3470 4073 ἡγεμονικοῦ,
3518 4004 3613 4056 καὶ
3655 4005 3753 4075 τὴν
3799 4008 3879 4057 ἐπὶ

2313 4094 2524 4148 τοιάσδε
2561 4094 2861 4163 φαντασίας
2906 4093 3186 4147 ἐπίστασιν
3225 4094 3693 4163 προκυπτέτωσαν
3734 4097 3879 4150 οἱονεὶ

2314 4184 2679 4256 σπερματικοί
2703 4202 2851 4247 τινες
2875 4183 2983 4237 τῶν
3016 4184 3272 4255 πατέρων
3304 4185 3475 4253 λόγοι,
3514 4180 3591 4239 ὧν
3617 4205 3878 4259 γεωργου-

2318 4278 2493 4349 μένων
2525 4279 2677 4332 ἐσται
2707 4296 2792 4343 τις
2826 4278 3034 4343 τέκνον,
3073 4281 3102 4331 ὁ
3127 4277 3185 4330 δὲ
3220 4278 3319 4349 μὲν
3348 4278 3443 4332 τοῦ
3499 4281 3768 4353 Ἀϐραὰμ,
3798 4282 3881 4350 δῆ-

2313 4370 2403 4423 λον
2430 4370 2474 4423 δ’
2507 4371 2588 4423 ὅτι
2618 4370 2779 4433 αὐτὸς
2811 4369 2887 4423 ὢν
2915 4371 3009 4423 καὶ
3041 4368 3136 4422 τοῦ
3164 4368 3316 4422 Νῶε·
3350 4369 3511 4435 ἄλλος
3544 4372 3603 4425 δὲ
3619 4373 3713 4426 τοῦ
3736 4373 3876 4427 Νῶε·

639 4456 991 4511 nihilominus
1022 4454 1188 4509 etiam
1218 4455 1397 4520 filius;
1428 4454 1521 4509 ille
1545 4470 1675 4509 vero
1705 4454 1852 4522 Noe;
1886 4472 1995 4510 non
2030 4459 2103 4510 ita
2135 4466 2205 4510 ta-

2314 4464 2413 4534 οὐχ
2442 4462 2583 4516 ὥστε
2612 4462 2668 4516 δὲ
2700 4458 2840 4516 εἶναι
2869 4462 2963 4516 καὶ
3006 4460 3100 4515 τοῦ
3143 4462 3394 4534 Ἀϐραάμ
3413 4480 3426 4494 ·
3475 4467 3570 4518 καὶ
3608 4466 3763 4529 ἄλλος
3798 4466 3879 4518 τοῦ

640 4563 764 4603 men
806 4556 868 4601 ut
898 4548 1064 4601 etiam
1093 4547 1328 4601 Abrahae
1359 4546 1429 4601 sit
1464 4546 1636 4615 filius;
1669 4563 1854 4603 rursus
1882 4549 2022 4602 alius
2064 4548 2209 4603 Cha-

640 4655 809 4705 naan,
842 4647 898 4693 et
923 4639 1054 4694 item
1086 4638 1223 4693 alius
1254 4638 1489 4708 alicujus
1527 4638 1825 4706 juslorum,
1853 4639 1937 4693 vel
1971 4636 2201 4707 injusto-

642 4744 784 4785 rum.
814 4730 1068 4784 Attamen
1097 4742 1195 4783 nec
1222 4744 1345 4783 cum
1372 4727 1641 4783 similibus
1695 4728 2000 4799 iisdemque
2042 4729 2207 4784 semi-

639 4823 796 4877 nibus
817 4820 1063 4876 veuimus
1090 4835 1300 4886 omnes,
1324 4834 1423 4874 nec
1449 4820 1612 4874 etiam
1639 4835 1842 4873 vacuus
1876 4820 2211 4877 salutaribus

637 4921 696 4966 et
718 4912 920 4967 sanctis
943 4910 1244 4966 seminibus
1278 4912 1427 4966 venit
1458 4911 1752 4981 quispiam.
1785 4911 1896 4967 Nisi
1933 4912 2076 4969 forte
2108 4915 2212 4972 hac

639 5004 694 5058 in
731 5019 790 5059 re
812 5005 935 5073 quis
961 5018 1060 5060 nos
1084 5002 1314 5068 refellat,
1345 5004 1658 5074 prmsidium
1689 5018 1716 5057 a
1752 5004 1860 5060 Deo
1882 5007 2213 5075 proveniens

640 5094 909 5150 adducens
941 5094 996 5149 iu
1032 5094 1295 5159 medium,
1320 5095 1467 5164 quod
1498 5109 1569 5149 ne
1601 5094 1667 5149 de
1696 5096 1950 5163 pessimis
1989 5097 2209 5166 quidem

638 5185 912 5253 desperat,
934 5185 1027 5255 qui
1057 5185 1223 5241 nullis
1253 5185 1557 5240 seminibus
1591 5186 1812 5255 optimis
1837 5187 1889 5241 in
1917 5189 2081 5245 vitam
2120 5207 2213 5248 ve-

708 5278 757 5312 “
793 5277 929 5334 Dan.
957 5294 1079 5343 xnt,
1112 5279 1202 5335 56.
1278 5281 1324 5313 “
1348 5280 1476 5350 Sap.
1511 5295 1613 5347 xu,
1651 5280 1741 5335 ll.

705 5398 819 5469 (33)
846 5399 1280 5472 liquatam
1304 5398 1488 5472 ἦσαν.
1518 5402 1597 5455 Ad
1643 5402 1944 5472 marginem
2005 5409 2209 5467 codicis

641 5467 928 5544 Barbarini
991 5469 1185 5539 legitur
1219 5471 1301 5544 ἔτι
1329 5467 1484 5537 ἐντὸς
1510 5467 1935 5544 ἐλπίδων-ἦσαν.
1988 5474 2213 5536 lluetius

640 5538 987 5614 scribendum
1016 5538 1327 5614 cenaene“
1360 5544 1453 5596 ἐπὶ
1481 5542 1709 5614 ἐλπίδων
1736 5538 1902 5614 ἦσαν.

675 5607 1035 5730 ἱ
1065 5607 1417 5678 Bodleianus,
1453 5613 1623 5677 οὕτως
1647 5607 1799 5669 ἄλλοι
1830 5612 1981 5678 ὄντες
2004 5616 2104 5669 οὐκ
2136 5618 2213 5671 εί-

644 5692 751 5739 σιν,
786 5692 883 5740 ως,
923 5692 1029 5732 etc.

713 5744 989 5821 (_55)_ldem
1017 5748 1182 5821 codex
1211 5748 1560 5821 Bodleianus,
1596 5754 1688 5808 καὶ
1717 5751 1868 5808 ἄλλοι
1902 5751 2096 5820 ἄλλων,
2138 5755 2213 5820 ὡς

643 5816 676 5878 ἡ
710 5814 875 5885 Σοφία
905 5817 1070 5887 φησί·
1107 5819 1365 5888 Σπέρμα,
1398 5834 1504 5877 etc.

2317 4552 2560 4619 Χαναὰν,
2590 4554 2683 4606 καὶ
2715 4552 2873 4616 ἄλλος
2891 4552 3035 4616 τινὸς
3060 4551 3167 4605 τῶν
3193 4552 3441 4620 δικαίων,
3472 4556 3507 4627 ἢ
3537 4556 3648 4609 τῶν
3675 4557 3878 4610 ἀδίκων.

2318 4645 2465 4717 Πλὴν
2505 4646 2566 4699 οὐ
2603 4644 2742 4717 μετὰ
2779 4646 3001 4717 ὁμοίων,
3035 4647 3130 4699 καὶ
3167 4646 3277 4699 τῶν
3332 4648 3515 4701 αὐτῶν
3558 4649 3880 4721 ἐληλύθαμν

2316 4738 2518 4801 πάντες
2586 4738 2935 4810 σπερμάτων,
3002 4737 3116 4791 ἀλλ’
3152 4738 3273 4792 οὐδὲ
3314 4739 3547 4810 ἐλήλυθε
3611 4760 3695 4806 τις
3745 4742 3882 4803 κενὸς

2320 4830 2601 4903 σωτηρίων
2647 4831 2739 4884 καὶ
2778 4831 2949 4900 ἁγίων
2991 4832 3353 4903 σπερμάτων·
3395 4835 3443 4886 εί
3480 4833 3557 4906 μὴ
3589 4835 3698 4909 ἄρα
3726 4834 3879 4888 δυσω-

2320 4925 2491 4995 πήσαι
2522 4942 2607 4988 τις
2644 4925 2813 4994 ἡμᾶς,
2850 4926 2945 4979 καὶ
2986 4927 3068 4990 είς
3111 4924 3269 4978 τοῦτο
3310 4926 3427 4996 ἅμα
3464 4929 3880 4998 παρατιθέμενος

2320 5013 2417 5085 τὴν
2468 5014 2576 5069 ἀπὸ
2608 5014 2704 5067 τοῦ
2749 5014 2887 5068 Θεοῦ
2935 5014 3214 5087 βοήθειαν,
3267 5016 3369 5068 οὐκ
3414 5016 3880 5087 ἀπογινώσκουσιν

2317 5104 2439 5159 οὐδὲ
2463 5107 2588 5170 τοὺς
2621 5106 2911 5171 κακίστους
2936 5107 3069 5178 (58),
3112 5109 3207 5161 καὶ
3240 5109 3414 5180 χωρὶς
3452 5110 3696 5181 ἀρίστων
3736 5125 3882 5178 σπρ-

2321 5198 2507 5268 μάτων
2538 5199 2949 5271 εἰσεληλυθότας
2995 5201 3076 5264 είς
3105 5199 3195 5254 τὸν
3250 5199 3385 5270 βίον,
3434 5201 3532 5255 καὶ
3584 5200 3880 5271 δυσωπῆσαι

2388 5412 2501 5484 (56)
2543 5414 2620 5484 ΪῊ
2650 5412 2757 5466 τοῦ
2778 5413 3003 5481 πατρὸς
3056 5411 3164 5484 τοῦ
3186 5411 3598 5484 ’σπείραντοᾳ
3638 5410 3793 5466 Deest
3834 5408 3878 5461 in

2319 5480 2508 5540 codice
2546 5483 2733 5552 Regio,
2763 5487 2857 5536 sed
2885 5480 3078 5551 legitur
3104 5483 3155 5536 in
3186 5480 3505 5535 Bodleiano.

2390 5549 2768 5675 φηιιπαῖτὸν
2803 5549 3009 5623 λόγον.
3037 5552 3093 5605 lu
3137 5554 3323 5606 codice
3392 5550 3689 5606 Bodleiano
3743 5549 3880 5605 deest

2321 5641 2507 5762 “238)
2536 5691 2714 5747 Codex
2747 5691 3093 5754 Bodleianus,
3122 5690 3240 5744 οὐδὲ
3270 5692 3396 5755 τοὺς
3420 5690 3755 5757 κακίστους·
3787 5689 3877 5743 Re-

2322 5763 2463 5833 gius,
2488 5762 2582 5817 καὶ
2609 5763 2734 5825 τοὺς
2764 5764 3075 5825 κακίστους.
