3806 6536
460 438 564 494 587

1934 425 2258 487 ORIGENIS

3611 424 3715 480 58".

456 568 612 622 trem,
638 559 850 629 loquor,
870 546 1055 629 palam
1103 556 1346 615 declarat
1370 556 1724 615 Servatorem
1761 561 2003 625 autoptat

2109 602 2112 609 _
2140 548 2342 617 Πατρὶ,
2372 546 2560 603 λαλῶ.
2590 546 2862 619 Ζητήσαις
2902 544 2948 598 δ’
2976 541 3044 598 ἂν
3079 545 3129 597 εξ
3162 542 3312 599 ἐσται
3342 540 3491 604 ποτὲ,
3534 540 3627 595 ὅτε
3667 542 3719 597 οι

456 665 581 705 esse
633 665 823 706 eorum
871 665 991 721 qua:
1030 660 1158 707 sunt
1210 652 1264 707 in
1298 648 1483 706 Patre.
1536 648 1642 705 Sed
1666 662 1877 719 quaeres
1904 661 2035 702 num

455 740 748 811 aliquando
783 740 1021 797 futurum
1080 743 1175 807 sit,
1215 752 1275 798 ut
1324 742 1504 815 angeli
1559 741 1659 813 ipsi
1715 740 1883 796 visuri
1921 738 2034 795 sint

456 848 579 902 quae
600 839 725 887 sunt
753 832 892 902 apud
919 832 1159 898 Patrem,
1192 832 1337 887 nullo
1362 826 1661 887 mediatore
1692 845 1758 885 ac
1787 829 2034 885 ministro

458 924 829 979 intercedente
890 924 1135 979 videntes
1169 939 1234 979 ea
1274 938 1289 977 :
1321 938 1444 978 nam
1476 923 1697 992 quando
1747 922 1866 977 viso
1909 922 2032 991 quis

455 1013 593 1071 Filio
616 1016 814 1069 viderit
840 1014 1057 1071 Patrem
1107 1016 1198 1086 qui
1260 1016 1407 1069 misit
1459 1014 1632 1082 illum,
1686 1030 1784 1083 per
1833 1014 2028 1069 Filium

454 1106 605 1158 videt
660 1104 917 1172 Patrem;
976 1122 1098 1161 cum
1131 1121 1261 1161 vero
1290 1106 1508 1161 Patrem
1554 1117 1608 1161 et
1642 1122 1702 1160 ea
1731 1121 1853 1176 quae
1886 1106 2030 1177 apud

450 1194 667 1250 Patrem
699 1205 842 1264 sunt,
894 1197 1036 1252 videt
1069 1199 1226 1266 quis,
1267 1197 1493 1268 perinde
1519 1208 1686 1268 atque
1714 1196 1906 1264 Filius,
1955 1198 2025 1266 is,

450 1289 604 1359 quasi
636 1304 743 1344 non
768 1289 923 1345 aliter
951 1304 1015 1345 ac
1050 1290 1238 1355 Filius,
1270 1300 1523 1361 autoptes
1545 1332 1562 1356 ,
1605 1304 1669 1346 ac
1694 1304 1791 1360 per
1809 1304 1869 1346 se
1898 1302 2025 1361 spe-

447 1388 625 1436 ctator
647 1378 849 1443 Patris,
889 1388 945 1436 et
971 1395 1160 1435 eorum
1197 1396 1317 1449 quae
1343 1381 1523 1436 Patris
1552 1389 1717 1445 sunt,
1749 1381 1874 1448 erit,
1917 1394 2023 1435 non

445 1471 678 1543 amplius
708 1487 806 1543 per
837 1471 1056 1536 Filium,
1086 1472 1180 1543 qui
1212 1482 1297 1528 est
1330 1472 1509 1543 imago
1541 1472 1742 1540 Patris,
1768 1473 2023 1529 conside-

448 1576 576 1615 rans
603 1576 696 1618 res
732 1558 931 1616 Patris.
966 1562 1033 1617 Et
1059 1576 1190 1615 sane
1217 1576 1340 1617 reor
1376 1562 1481 1617 hoc
1506 1576 1627 1618 esse
1659 1562 1819 1618 linem
1839 1601 1856 1628 ,
1899 1578 2021 1618 cum

446 1652 728 1709 tradiderit
761 1667 986 1724 regnum
1013 1654 1121 1707 Deo
1144 1652 1289 1707 Patri
1318 1694 1334 1719 ,
1369 1661 1426 1708 et
1472 1655 1692 1723 quando
1741 1654 1882 1708 Deus
1916 1654 2021 1708 erit

443 1746 628 1800 omnia
677 1748 732 1799 in
779 1746 1031 1801 omnibus
1071 1746 1136 1801 ³ο.
1172 1744 1365 1817 Itaque
1402 1745 1694 1815 ,Servator,
1724 1761 1845 1816 quae
1884 1746 2022 1801 vidit

444 1838 587 1906 apud
617 1836 857 1904 Patrem,
897 1837 1174 1908 loquitur;
1218 1836 1388 1894 Judaei
1436 1853 1566 1895 vero
1620 1839 1713 1910 qui
1770 1840 2015 1896 credide-

443 1938 571 1984 runt
602 1930 673 1995 ei,
698 1943 804 1986 non
834 1928 1087 1985 viderunt
1120 1929 1265 2000 apud
1297 1928 1512 1986 Patrem
1532 1972 1546 1998 ,
1596 1931 1691 1987 sed
1731 1933 2020 1989 audierunt

439 2036 471 2075 a
510 2021 692 2087 Patre,
717 2031 777 2076 ut
801 2036 922 2091 qua:
949 2021 1242 2090 audierint,
1274 2022 1473 2079 faciant
1505 2040 1520 2080 :
1544 2025 1684 2081 hanc
1704 2025 1775 2081 ob
1799 2039 2015 2080 causam

439 2112 618 2182 inquit
648 2112 715 2167 ad
748 2126 842 2168 eos
870 2112 1131 2169 Dominus
1173 2126 1189 2168 :
1226 2110 1293 2167 Et
1333 2131 1424 2170 vos
1468 2115 1652 2186 igitur,
1711 2132 1828 2187 qua:
1862 2118 2019 2171 audi-

2139 640 2357 710 ἇγγελοι
2379 641 2532 693 αὐτοὶ
2560 639 2779 710 ὄψονται
2800 637 2868 691 τὰ
2906 637 3058 708 παρὰ
3089 633 3168 706 τῷ
3196 634 3391 707 Πατρὶ,
3421 634 3607 687 οὐκέτι
3628 633 3718 689 διὰ

2140 734 2360 805 μεσίτου
2388 734 2481 787 καὶ
2508 732 2780 805 ὑπηρέτου
2815 730 2926 803 (48)
2970 730 3256 802 βλέποντες
3289 727 3447 783 αὐτά·
3483 728 3573 780 ὅτε
3615 726 3717 798 μὲν

2134 831 2164 883 ὁ
2188 827 2444 901 ἑωρακὼς
2486 827 2576 881 τὸν
2620 826 2746 880 Υἱὸν
2796 824 3008 897 ἑώρακε
3055 824 3149 878 τὸν
3185 822 3405 895 Πατέρα
3444 822 3541 875 τὸν
3572 821 3718 891 πέμ.-

2131 916 2308 988 ψαντα
2334 916 2514 981 αὑτὸν,
2543 917 2599 969 ἐν
2637 913 2753 985 Υἱῷ
2785 930 2870 977 τις
2890 914 2992 986 ὁρᾷ
3022 911 3115 965 τὸν
3144 909 3382 981 Πατέραο
3417 910 3507 962 ὅτε
3541 907 3600 961 δὲ
3637 906 3715 969 ῶς

2131 1010 2160 1062 ὁ
2193 1010 2317 1074 Υἱὸς
2342 1011 2445 1083 ὁρᾷ
2480 1009 2574 1063 τὸν
2600 1006 2835 1078 Πατέρα,
2868 1007 2960 1060 καὶ
2981 1005 3051 1059 τὰ
3093 1001 3243 1076 παρά
3268 1002 3348 1073 τῷ
3378 1002 3558 1072 Πατρὶ
3582 1000 3712 1070 ὕψε-

2129 1102 2219 1156 ταί
2245 1119 2347 1166 τις,
2391 1101 2554 1155 οἱονεὶ
2594 1099 2793 1171 ὁμοίως
2820 1098 2898 1169 τῷ
2942 1096 3058 1168 Υἱῷ
3095 1096 3367 1166 αὐτόπτης
3411 1093 3569 1146 ἔσται
3615 1090 3711 1145 τοῦ

2127 1193 2480 1267 Πατρὸς,καὶ
2506 1191 2615 1246 τῶν
2644 1192 2735 1245 τοῦ
2761 1190 2993 1263 Πατρός,
3026 1189 3208 1243 οὐκέτι
3240 1187 3349 1242 ἀπὸ
3378 1187 3479 1257 τῆς
3501 1184 3711 1248 εἰκόνος

2126 1286 2321 1340 ἐννοῶν
2342 1284 2411 1339 τὰ
2439 1286 2567 1357 περὶ
2595 1284 2781 1338 τούτου
2812 1278 2873 1338 οὗ
2904 1284 2937 1353 ἡ
2967 1280 3130 1335 εἰκών
3171 1281 3309 1333 ἐστιε
3355 1279 3469 1332 Καὶ
3498 1277 3709 1348 νομίζω

2123 1397 2189 1450 γε
2221 1379 2377 1434 τοῦτο
2404 1377 2542 1433 εἶναι
2582 1379 2645 1432 τὸ
2685 1377 2857 1441 τέλος,
2886 1378 3015 1431 ὅταν
3045 1374 3382 1446 παραδίδωσι
3412 1372 3515 1444 τὴν
3558 1372 3709 1442 βασι-

2124 1472 2274 1526 λείαν
2304 1474 2333 1525 ό
2365 1471 2492 1536 Υἱὸς
2521 1471 2600 1542 τῷ
2641 1469 2759 1541 Θεῷ
2792 1468 2887 1523 καὶ
2931 1468 3128 1537 Πατρὶ,
3179 1467 3274 1520 καὶ
3314 1467 3403 1519 ὅτε
3441 1464 3656 1533 γίνεται
3677 1464 3707 1517 ὀ

2123 1564 2256 1629 Θεὸς
2283 1563 2351 1617 τὰ
2386 1564 2563 1618 πάντα
2605 1564 2661 1615 ἐν
2705 1563 2891 1616 πᾶσιν.
2936 1561 2994 1613 ὐ
3024 1560 3122 1631 μὲν
3153 1555 3247 1613 οὖν
3285 1557 3501 1630 Σωτὴρ,
3532 1557 3707 1628 ἐωρα-

2122 1658 2234 1719 κὼς
2267 1654 2418 1727 παρὰ
2438 1654 2516 1726 τῷ
2544 1654 2738 1725 Πατρὶ,
2762 1652 2930 1706 λαλεῖ·
2973 1654 3021 1706 oi
3054 1652 3111 1707 δὲ
3143 1651 3567 1714 πεπιστευκότες
3608 1649 3703 1703 αὕ-

2120 1748 2198 1820 τῷ
2235 1747 2474 1802 Ἰουδαῖοι
2533 1746 2632 1818 οὐχ
2683 1746 2959 1818 ἑωράκασι
3010 1744 3107 1816 μὲν
3158 1743 3309 1815 παρὰ
3366 1742 3448 1814 τῷ
3502 1742 3700 1814 Πατρὶ,

2122 1838 2360 1910 ἥκουσαν
2371 1837 2428 1890 δέ
2452 1835 2603 1909 παρὰ
2618 1836 2713 1890 τοῦ
2742 1835 2975 1907 Πατρός.
3013 1835 3100 1889 ἴνα
3125 1834 3351 1888 ποιῶσιν
3370 1834 3408 1888 ἃ
3438 1835 3699 1901 ἥκουσαν·

2054 1898 2094 1953 Β
2122 1898 2311 2001 έιόπερ
2363 1898 2545 2001 φησὶν.
2590 1930 2771 1993 αὐτοῖς
2802 1927 2830 1980 ὁ
2863 1898 3087 1999 Κύριος·
3140 1926 3250 1981 Καὶ
3300 1898 3469 1996 ὑμεῖς
3505 1922 3623 1981 οὖν
3663 1924 3703 1979 ἃ

2122 2022 2428 2090 ἠκούσατε
2476 2020 2637 2090 παρὰ
2676 2020 2782 2075 τοῦ
2814 2018 3066 2089 Πατρός,
3107 2018 3345 2075 ποιεῖτε.
3374 2020 3617 2090 Ζητήσαι
3655 2018 3701 2072 δ’

2121 2112 2185 2166 ἄν
2214 2129 2317 2178 τις,
2355 2112 2483 2167 πότε
2508 2114 2746 2186 ἤκουσαν
2779 2111 2929 2183 παρὰ
2952 2111 3046 2165 τοῦ
3077 2112 3291 2185 Πατρός
3322 2113 3371 2165 οἱ
3403 2128 3700 2166 ramorau—

440 2206 587 2259 vistis
615 2221 649 2259 a
680 2203 864 2271 Patre,
890 2205 1074 2276 facite.
1116 2205 1224 2261 Sed
1269 2216 1479 2275 quaerat
1516 2207 1714 2280 aliquis
1737 2248 1754 2275 ,
1799 2210 2003 2279 quandc

2118 2204 2274 2269 κότες
2302 2197 2388 2277 τῷ’
2408 2205 2599 2277 Κυρίῳ
2639 2204 2896 2259 Ἰουδαῖον
2932 2206 3025 2259 καὶ
3058 2204 3197 2276 πρὸς
3246 2204 3404 2259 τοῦτο
3434 2208 3463 2258 ὁ
3489 2205 3593 2276 μέν
3617 2223 3702 2270 τις

437 2293 632 2362 Judaei,
662 2296 755 2367 qui
784 2296 1014 2353 Domino
1044 2297 1411 2366 crediderant,
1444 2314 1473 2354 a
1507 2298 1669 2355 Patre
1692 2301 1965 2357 audierint
1996 2317 2003 2354 :

2119 2298 2301 2370 φήσει,
2326 2296 2689 2368 ἁπλούστερον
2709 2296 2948 2360 ἀκούσας
2970 2294 3085 2349 τοῦ⁶
3115 2297 3182 2350 Ἀ
3217 2296 3521 2363 ἠκούσατε
3540 2294 3700 2362 παρὰ

439 2389 507 2443 ad
539 2389 683 2458 quod
742 2389 833 2459 qui
890 2390 1211 2459 simpliciter
1259 2391 1590 2449 intellexerit
1632 2393 1748 2449 haec
1798 2394 2003 2449 verba:

2116 2390 2223 2444 τοῦ
2246 2390 2494 2460 Πατρός,
2518 2390 2757 2445 ποιεῖτεο
2779 2391 2808 2444 ὅ
2827 2408 2879 2445 τι
2906 2391 3147 2461 ἥκουσαν
3173 2388 3322 2461 παρὰ
3341 2389 3435 2441 τοῦ
3460 2388 3697 2460 Πατρός,

442 2479 576 2545 Qua:
607 2497 697 2535 vos
735 2482 1014 2536 audivistis
1049 2500 1079 2535 a
1108 2480 1297 2549 Patre,
1325 2483 1503 2561 facite,
1554 2484 1699 2541 dicet
1730 2500 1826 2543 eos
1861 2488 2003 2543 audi-

2115 2484 2195 2555 τῷ
2240 2484 2328 2538 τὸν
2377 2485 2600 2556 Πατέρα
2652 2484 3114 2557 κεχρηματικέναι
3153 2482 3240 2537 διὰ
3272 2482 3556 2547 Μωῡσέως
3605 2484 3701 2536 καὶ

436 2574 585 2628 visse
617 2587 645 2626 a
664 2572 846 2638 Patre,
867 2589 933 2628 eo
958 2574 1103 2644 quod
1129 2575 1289 2630 Pater
1311 2591 1406 2645 per
1428 2575 1670 2647 Moysem
1694 2587 1749 2633 et
1777 2582 2003 2650 prophe-

2113 2578 2222 2631 τῶν
2255 2577 2569 2650 προφητῶν,
2620 2577 2690 2631 τὰ
2733 2580 2790 2631 ἐν
2820 2577 2968 2648 νόμῳ
3010 2578 3102 2630 καὶ
3151 2577 3457 2648 προφήταις
3499 2576 3697 2643 ἀναγε-

437 2673 522 2719 tas
545 2666 930 2736 sanxeritquze
956 2665 1008 2720 in
1040 2665 1155 2735 lege
1192 2676 1246 2722 et
1290 2669 1568 2738 prophetis
1607 2672 1811 2742 scripta
1858 2684 2003 2741 sunt,

2112 2669 2427 2741 γραμμένα,
2450 2669 2696 2740 ποιητέαο
2728 2670 2875 2733 ὅστις
2904 2667 2982 2739 τῷ
3012 2667 3159 2741 ῥητῷ
3192 2668 3328 2740 πρὸς
3356 2669 3483 2731 τοὺς
3510 2668 3697 2736 ἑτερο-

434 2757 682 2814 facienda
717 2775 731 2811 :
765 2774 873 2828 quo
905 2759 1219 2816 teStimouio
1250 2762 1507 2833 quisquis
1549 2774 1740 2820 contra
1785 2781 1884 2822 eos
1916 2768 2003 2838 qui

2110 2764 2293 2832 δόξους
2334 2763 2633 2837 χρώμενος,
2684 2763 2872 2834 σαφῶς
2910 2762 3255 2838 παρίστησιν,
3284 2762 3365 2816 ὅτι
3396 2763 3497 2815 οὐκ
3536 2760 3699 2825 ἄλλος

434 2847 504 2901 ab
562 2845 822 2903 Ecclesiae
876 2848 1114 2905 decretis
1167 2852 1481 2921 dissident,
1547 2871 1676 2911 usus
1719 2856 1903 2925 fuerit,
1962 2859 2003 2915 is

2111 2857 2229 2911 ἐστὶ
2254 2855 2348 2909 τοῦ
2373 2857 2465 2911 τὸν
2505 2855 2667 2927 νόμον
2710 2855 2820 2926 (49)
2851 2855 2945 2909 καὶ
2973 2857 3099 2920 τοὺς
3152 2855 3435 2926 προφήτας
3470 2852 3698 2906 δεδωκό-

432 2938 648 2993 docebit
675 2954 784 2995 non
817 2940 981 2995 alium
1032 2934 1393 3011 esse°Denm,
1443 2946 1534 3015 qui
1588 2947 1732 3004 hanc
1800 2950 2003 3005 dederit

2109 2965 2200 3012 τος
2233 2946 2367 3002 Θεοῦ
2401 2950 2430 3001 ὁ
2461 2947 2699 3020 Χριστοῦ
2732 2947 2940 3021 Πατήρ.
2974 2948 3197 3017 ’Έτερος
3222 2945 3278 2999 δὲ
3306 2945 3697 3016 συγχρώμενος

429 3026 603 3098 legem
636 3039 692 3084 et
723 3032 1047 3101 prophetas,
1078 3048 1241 3103 quam
1276 3035 1478 3093 Christi
1507 3037 1745 3095 Patrem.
1779 3040 1850 3095 At
1877 3056 2003 3097 vero

2109 3039 2204 3095 καὶ
2236 3039 2332 3111 τῷ·
2370 3038 2497 3107 Πᾶς
2545 3042 2578 3094 ὀ
2620 3040 2893 3107 ἀκούσας
2946 3038 3104 3107 παρὰ
3142 3037 3249 3092 τοῦ
3286 3036 3541 3106 Πατρός,
3592 3038 3691 3090 καὶ

427 3118 568 3175 alius
604 3120 688 3175 his
711 3122 877 3175 etiam
906 3122 1090 3177 verbis
1126 3135 1284 3179 utens
1320 3143 1335 3180 :
1366 3125 1556 3182 Omnis
1602 3130 1695 3200 qui
1741 3132 1945 3186 audivit
1972 3150 2003 3187 a

2109 3132 2328 3201 μαθὼν,
2357 3131 2592 3202 ἔρχεται
2621 3130 2770 3200 πρός
2795 3130 2893 3201 μέ·
2919 3132 3017 3201 οὐχ
3044 3131 3126 3184 ὅτι
3156 3130 3247 3183 τὸν
3263 3129 3481 3200 Πατέρα
3509 3129 3695 3199 ἐώρα-

428 3209 617 3278 Patre,
667 3221 715 3266 et
745 3212 952 3278 didicit,
982 3214 1119 3267 venit
1146 3216 1216 3269 ad
1244 3233 1325 3269 me
1358 3218 1423 3284 ³¹;
1469 3235 1574 3274 non
1607 3221 1748 3291 quod
1783 3222 1999 3279 Patrem

2109 3224 2171 3278 κέ
2207 3241 2309 3288 τις,
2366 3226 2415 3278 εἰ
2447 3222 2521 3295 μὴ
2548 3227 2577 3278 ό
2618 3222 2694 3278 ῶν
2744 3223 2895 3296 παρὰ
2937 3224 3016 3294 τῷ
3047 3221 3245 3293 Πατρὶ,
3276 3215 3431 3286 οὗτος
3475 3220 3695 3293 ἑώρακε

427 3304 554 3373 quis
575 3304 791 3369 viderit,
818 3305 921 3359 nisi
953 3306 1047 3374 qui
1089 3315 1171 3360 est
1229 3310 1370 3377 apud
1416 3311 1629 3368 Patrem
1657 3354 1673 3379 ,
1707 3316 1796 3372 hic
1851 3317 2002 3372 videt

2109 3317 2198 3370 τὸν
2237 3317 2477 3389 Πατέρα,
2523 3319 2659 3389 ἐρεῖ,
2696 3316 2778 3370 ὅτι
2830 3315 2936 3369 εἰσί
2962 3332 3104 3379 τινες
3122 3314 3229 3368 τῶν
3267 3313 3692 3385 ἐνσωματουμέ-

424 3392 668 3462 Patrem,
690 3397 856 3470 316
884 3397 1125 3456 dicturus
1157 3411 1241 3456 est
1267 3417 1333 3456 ex
1365 3403 1656 3460 animabus
1679 3448 1695 3473 ,
1730 3424 1849 3478 qua:
1876 3425 2000 3464 cor--

425 3498 559 3559 pora
593 3490 841 3557 induant,
873 3493 1130 3560 quasdam
1164 3510 1287 3549 esse
1320 3510 1460 3564 quae,
1498 3506 1788 3568 antequam
1816 3501 2001 3556 orian-

424 3583 534 3642 tur,
572 3575 781 3632 edocta:
813 3576 1016 3634 fuerint
1048 3584 1189 3649 apud
1220 3581 1456 3647 Patrem.
1492 3594 1655 3656 atque
1690 3591 1759 3643 ab
1801 3605 1867 3647 eo
1897 3607 1997 3646 au-

424 3664 644 3731 dierint,
684 3679 806 3736 qua
845 3666 1008 3722 etiam
1051 3669 1277 3725 veniant
1324 3672 1390 3725 ad
1433 3669 1802 3742 Servatorem,
1837 3688 1999 3746 atque

423 3769 492 3810 ex
515 3769 704 3812 earum
732 3770 961 3814 numero
983 3756 1151 3815 fuisse
1181 3760 1282 3816 hos
1312 3758 1549 3830 Iudaeos,
1578 3779 1714 3833 quos
1742 3766 1844 3821 sibi
1870 3783 1994 3823 cum

423 3848 803 3914 credidissent,
882 3850 1183 3923 interrogat
1264 3853 1667 3927 alloquiturque
1707 3856 1992 3930 Dominus,

421 3939 647 3994 dicens:
692 3937 795 3995 Vos
818 3940 1003 4011 igitur,
1039 3957 1159 4013 qua:
1201 3944 1477 3998 audivistis
1524 3961 1556 3998 a
1604 3945 1783 4013 Patre,
1813 3948 1993 4017 facite.

422 4025 576 4083 Dicet
607 4028 771 4084 etiam
802 4030 903 4086 hos
945 4045 1067 4087 esse
1096 4032 1184 4102 qui
1219 4044 1482 4090 vocentur
1516 4051 1699 4093 semen
1738 4040 1992 4098 Abrahae.

421 4117 654 4175 Rursum
693 4120 821 4177 huic
848 4122 990 4179 alius
1014 4125 1361 4180 contradicet
1392 4128 1581 4183 dicens
1629 4130 1744 4185 tunc
1773 4133 1991 4200 quidem

416 4217 582 4268 verba
623 4233 638 4269 :
674 4214 860 4271 Omnis
886 4218 979 4287 qui
1006 4218 1212 4271 audivit
1244 4236 1275 4273 a
1307 4218 1492 4285 Patre,
1517 4232 1577 4276 et'
1598 4224 1823 4293 didicit,
1856 4229 1993 4282 venit

415 4308 489 4359 ad
519 4322 618 4371 me,
652 4309 943 4363 ostendere
976 4312 1118 4380 quod
1143 4311 1235 4381 qui
1266 4327 1295 4365 a
1321 4312 1480 4367 Patre
1508 4315 1783 4383 audierit,
1821 4327 1877 4373 et
1923 4320 1992 4376 ab

417 4397 538 4467 ipso
566 4398 835 4463 didicerit,
878 4401 1063 4456 veniat
1095 4404 1319 4457 omnino
1358 4404 1423 4459 ad
1476 4404 1858 4475 Servatorem;
1901 4412 1990 4467 illa

417 4502 549 4546 vero
576 4508 590 4545 :
623 4488 693 4544 Et
715 4508 803 4545 vos
824 4492 1003 4563 igitur,
1040 4511 1157 4566 quis
1186 4497 1463 4551 audivistis
1491 4516 1523 4552 a
1567 4498 1747 4567 Patre,
1789 4503 1986 4573 facile,

2107 3427 2212 3463 νων
2240 3409 2446 3481 ψυχῶν,
2505 3411 2634 3483 πρὶν
2681 3412 2760 3474 εἰς
2791 3409 3004 3479 γένεσιν
3054 3408 3164 3481 (50)
3199 3407 3391 3471 ἐλθεῖν,
3436 3407 3691 3479 μεμαθη-

2104 3519 2198 3555 τευ
2206 3502 2364 3573 μέναι
2383 3501 2534 3575 παρὰ
2547 3501 2625 3573 τῷ
2642 3502 2835 3574 Πατρὶ,
2853 3502 2948 3555 καὶ
2964 3501 3264 3555 ἀκούσασαι
3281 3499 3465 3563 αὑτοῦ,
3482 3501 3692 3565 αἵτινες

2106 3593 2199 3648 καὶ
2231 3594 2479 3666 ἔρχονται
2537 3595 2675 3666 πρὸς
2705 3594 2797 3648 τὸν
2837 3594 3087 3666 Σωτῆρα,
3134 3593 3195 3659 ἐξ
3225 3587 3299 3647 ὧν
3324 3589 3465 3665 ἦσαν
3495 3594 3596 3646 καὶ
3635 3594 3688 3645 οἱ

2104 3686 2199 3741 νῦν
2227 3687 2602 3760 ἐξεταζόμενοι
2618 3690 3042 3753 πεπιστευκότες
3070 3688 3218 3759 αὐτῷ
3252 3688 3514 3749 Ἰουδαῖοι,
3549 3686 3689 3759 πρὸς

2102 3778 2196 3844 οὒς
2225 3779 2427 3849 ἔλεγεν·
2464 3781 2648 3852 Ὑμεῖς
2678 3778 2794 3838 οὖν
2825 3780 2863 3836 ἆ
2889 3783 3194 3850 ἠκούσατε
3232 3780 3389 3849 παρὰ
3420 3780 3528 3834 τοῦ
3564 3782 3687 3833 Πα-

2101 3872 2259 3940 τρός,
2292 3873 2527 3928 ποιεῖτε.
2565 3876 2675 3928 Καὶ
2724 3877 2859 3946 ἐρεῖ,
2891 3875 2974 3928 ὅτι
3001 3868 3148 3927 οὗτοι
3182 3874 3317 3926 εἰσιν
3359 3872 3409 3925 οἱ
3454 3872 3550 3925 καὶ
3583 3888 3688 3924 κα-

2101 3962 2352 4035 λούμενοι
2390 3964 2608 4037 σπέρμα
2644 3966 2913 4038 Ἀϐραάμ.
2951 3966 3060 4020 Καὶ
3097 3965 3271 4037 τούτῳ
3299 3965 3345 4018 δ’
3373 3964 3440 4018 ἄν
3469 3982 3557 4029 τις
3589 3962 3682 4019 ἀν·

2099 4054 2301 4125 τιλέγοι
2329 4058 2572 4126 φάσκων,
2615 4058 2696 4112 ὅτι
2726 4058 2786 4111 τὸ
2832 4058 2954 4129 μέν·
2987 4056 3112 4124 Πᾶς
3151 4060 3185 4111 ό
3210 4057 3483 4124 ἀκούσας
3520 4059 3686 4126 παρὰ

2101 4147 2208 4202 τοῦ
2240 4149 2492 4218 Πατρός,
2534 4149 2635 4204 καὶ
2663 4150 2890 4219 μαθὼν,
2918 4151 3151 4218 ἔρχεται
3176 4148 3326 4217 πρός
3351 4147 3451 4218 μὲ,
3478 4149 3684 4219 ἐμφαί-

2098 4254 2178 4291 νει
2229 4239 2446 4304 πάντως
2492 4239 2602 4312 (51)
2650 4240 2904 4313 ἔρχεσθαι
2963 4242 3101 4313 πρὸς
3159 4241 3251 4294 τὸν
3305 4241 3535 4314 Σωτῆρα
3586 4242 3682 4295 τὸν

2098 4329 2403 4386 ἀκούσαντα
2432 4332 2584 4405 παρὰ
2613 4334 2706 4387 τοῦ
2748 4335 2983 4406 Πατρὸς,
3021 4335 3117 4388 καὶ⁸
3158 4334 3511 4405 μεμαθηκότα
3547 4337 3681 4407 παρ’

2098 4423 2283 4477 αὐτοῦ’
2307 4424 2368 4477 τὸ
2396 4422 2472 4478 δέ·
2498 4425 2609 4485 Καὶ
2639 4426 2809 4496 ὑμεῖς
2835 4424 2953 4482 οὖν
2978 4427 3017 4482 ἆ
3048 4428 3350 4497 ἠκούσατε
3377 4428 3540 4496 παρὰ
3572 4428 3680 4481 τοῦ

2096 4517 2347 4584 Πατρός,
2374 4517 2612 4583 ποιεῖτε,
2643 4519 3116 4591 ἀπαγγελλόμενον
3141 4519 3276 4592 πρὸς
3306 4520 3434 4583 τοὺς
3454 4518 3679 4591 ζητοῦν-

412 4581 559 4637 dicta
604 4582 672 4638 ad
704 4582 916 4640 Iudaeos
956 4598 1262 4658 quaerentes
1301 4589 1609 4648 interficere
1652 4594 1848 4651 Filium
1893 4597 1985 4655 Dei

2109 4625 2191 4672 τας
2211 4581 2522 4666 ἀποκτεῖναι
2551 4581 2643 4666 τόν
2670 4581 2922 4667 Υζὺντοῦ
2958 4581 3105 4668 ’Θεοῦ
3141 4581 3426 4677 Ἰουόαίους
3451 4581 3555 4685 (οῖς
3572 4612 3680 4673 Δκαὶ

480 4697 528 4731 ³⁸
560 4698 579 4753 l
614 4697 742 4755 Cor.
772 4716 865 4767 xv,
893 4701 983 4771 24,
1014 4703 1104 4761 28.
1180 4706 1223 4739 "
1254 4705 1412 4763 Joan.
1451 4689 1525 4776 vt,
1562 4710 1653 4768 45.

487 4794 601 4881 (ιβ)
875 4798 974 4854 διὰ
997 4802 1253 4881 μεοςζτου
1280 4804 1380 4858 καὶ
1412 4806 1760 4881 ὺπηρέτουε-
1799 4809 1995 4868 Filium

417 4865 561 4950 ‘9atri
582 4865 908 4950 ministrare
940 4865 1316 4950 tradiditmun
1337 4891 1480 4950 __uno
1522 4865 1656 4933 loco
1700 4865 1993 4950 Origenes,

413 4947 662 5023 veterum
716 4939 928 5023 aliquot
972 4942 1230 5023 suﬁ'ragio
1284 4945 1540 5015 adjutus;
1588 4960 1647 5003 ut
1696 4949 1750 5003 in
1800 4939 1998 5023 ‘Orige;

410 5008 589 5078 uianis
612 5008 973 5078 disputamus.
1001 5008 1267 5069 Husftus.

447 5146 461 5159 .
484 5076 599 5159 (49)
633 5076 753 5159 0ὗὲ
776 5081 967 5159 mag
994 5083 1126 5139 ἐστὶ
1172 5083 1281 5139 τοῦ
1309 5084 1417 5140 τόν
1439 5088 1658 5157 νόμον,
1690 5101 1798 5146 etc.
1850 5090 1997 5148 Mar-

410 5149 668 5232 gionitas,
700 5149 1445 5232 (Ζειξιίοηξξιιιρε’θοι-ιιηῖιιιυιι⁸
1472 5149 1718 5232 gregales
1776 5165 1988 5232 pungit.

410 5216 681 5298 pactorum
715 5222 887 5298 codex
915 5223 1244 5298 Bodleianus
1298 5216 1374 5281 ita
1431 5216 1598 5283 ιιέιιεῖ
1629 5248 1643 5284 :
1674 5216 1791 5285 οὐχ’
1832 5216 1991 5298 aiis,

409 5286 750 5373 éc‘cln'togtov
777 5291 893 5373 ’τόν
944 5294 1231 5373 νόμον-καὶ
1263 5300 1399 5373 τοὺς
1427 5301 1712 5373 προφήτας
1760 5286 1988 5357 δεδωκόί

407 5373 502 5421 τος
523 5356 659 5442 Θεοῦ
847 5356 1083 5442 Χριρτοῦ
1114 5367 1331 5442 Πατήρ,
1368 5356 1499 5442 ὓ]ιῴ
1548 5356 1708 5428 Ῑρέιὶὁ
1750 5356 1986 5442 tolerari

407 5432 630 5561 ἓὲἓὲιὶιῆ
646 5432 771 5554 οξεὶέ
786 5432 912 5500 ριὀ“
945 5432 1433 5501 δεδωκότος”Θεοῦ
1488 5440 1701 5512 legatur
1740 5441 1989 5509 δεδωκὼς

479 5498 943 5654 ἲὲὀὶὲιὲνξετινες
986 5573 1698 5654 τῶνῃὲνσωματουμένων
1744 5583 1983 5654 ψυχῶν,

408 5628 553 5726 πρὶν
572 5641 660 5726 εὶς
681 5628 944 5726 τέγεσιῂ
970 5656 1076 5699 etc.
1109 5628 1607 5726 stipiaﬁid'ggﬁie
1617 5628 1781 5726 "tnui;
1795 5628 1985 5726 ὁῖῑέὲὶ

409 5723 530 5796 item
564 5712 806 5796 dogmati
847 5716 1129 5796 adhaerere
1179 5712 1654 5796 depﬁehendimus:
1715 5712 1983 5796 Hierpﬁy-

408 5794 529 5833 inus
558 5782 794 5863 inEpist.
825 5786 894 5863 ad
915 5855 929 5863 _
954 5784 1146 5863 Ephes.
1184 5803 1221 5851 ι,
1402 5789 1516 5863 haec
1564 5791 1728 5863 habet
1757 5809 1772 5846 :
1826 5782 1980 5863 Qudd

408 5865 532 5931 una
548 5855 647 5912 ait,
673 5855 724 5931 i_u
758 5855 1044 5931 agnitione
1073 5857 1211 5926 ejus,
1244 5860 1298 5910 id
1329 5855 1429 5923 est,
1470 5861 1763 5930 ἐπιγνώσει
1788 5855 1976 5931 αὗτοῦ,

404 5920 728 5991 quidanut'c
789 5920 1117 5995 intelligunt,
1154 5940 1211 5984 ut
1259 5920 1639 5999 ἱκιεϊγνῶᾰιν
1662 5942 1710 5988 et
1740 5920 1976 5997 ἐπίγνωηί

2105 4833 2211 4881 σιν,
2241 4819 2337 4870 hoc
2366 4824 2465 4883 est,
2498 4817 2637 4870 inter
2667 4819 2929 4871 notionem
2952 4828 2999 4872 et
3022 4820 3339 4887 agnitionem
3365 4858 3381 4882 ,
3407 4817 3549 4872 illud
3593 4818 3679 4872 iu-

2102 4888 2272 4951 tersit,
2310 4890 2449 4958 quod
2479 4887 2621 4940 notio
2648 4903 2827 4941 eorum
2851 4890 2942 4952 sit,
2972 4905 3090 4957 qua:
3111 4900 3233 4942 ante
3261 4905 3363 4943 non
3394 4891 3671 4955 scivimus,

2099 4968 2148 5010 et
2205 4974 2267 5011 ea
2306 4966 2489 5027 postea
2525 4959 2660 5012 scire
2710 4962 2956 5024 cmpimus
3006 4972 3026 5012 :
3086 4959 3283 5027 agnitio
3325 4974 3446 5012 vero
3493 4975 3675 5012 eorum

2097 5043 2216 5095 qua:
2244 5030 2388 5094 prius
2419 5026 2641 5081 scientes
2679 5028 2920 5093 deinceps
2958 5030 3091 5081 scire
3125 5026 3430 5090 desirimus,
3462 5045 3667 5083 eorum-

2098 5114 2195 5166 que
2218 5111 2397 5168 postea
2424 5096 2785 5159 recordamur,
2813 5107 2861 5151 et
2893 5100 3122 5162 priorem
3169 5099 3456 5168 quamdam
3509 5100 3676 5152 vitam

2100 5167 2486 5239 inrmlestibns
2510 5171 2866 5239 suspicantur,
2888 5181 3160 5239 postquam
3182 5167 3247 5221 in
3298 5184 3528 5236 corpora
3572 5171 3675 5222 ista

2098 5237 2287 5306 dejecti
2316 5247 2363 5290 et
2396 5237 2545 5290 obliti
2588 5234 2680 5292 Dei
2713 5234 2914 5301 Patris,
2962 5234 3098 5291 nunc
3119 5254 3235 5291 eum
3264 5254 3354 5301 per
3390 5234 3676 5292 revelatio-

2100 5323 2213 5360 nem
2234 5310 2586 5377 cognovimus,
2617 5306 2903 5362 secundum
2929 5308 3063 5361 illud
3091 5324 3110 5363 :
3141 5307 3592 5377 Reminiscentur
3621 5319 3676 5362 et

2097 5376 2486 5433 convertentur
2516 5380 2586 5432 ad
2615 5378 2899 5434 Dominum
2928 5393 3118 5433 omnes
3150 5377 3284 5432 ﬁnes
3312 5388 3477 5433 terra
3503 5376 3676 5447 (Psal.

2098 5447 2371 5529 xx1,28),
2404 5458 2451 5501 et
2488 5458 2675 5529 caetera
2728 5447 2820 5529 his
2871 5448 3067 5529 similia
3120 5447 3449 5529 regticuntes.
3497 5449 3677 5529 Quam

2095 5518 2422 5573 sententiam
2445 5519 2698 5587 quamvis
2730 5518 2852 5574 aliis
2905 5519 3107 5573 tribuat
3170 5518 3563 5587 Hieronymus,
3597 5521 3674 5572 ita

2094 5595 2274 5642 tamen
2301 5602 2420 5645 eam
2451 5589 2718 5658 proponit,
2744 5600 2805 5643 ut
2852 5588 2921 5643 ab
2965 5602 3028 5642 ea
3077 5604 3269 5657 parum
3292 5590 3569 5658 recedere
3599 5591 3674 5641 vi-

2092 5659 2303 5729 deatur,
2337 5657 2790 5729 quemadmodum
2830 5659 2880 5714 ei
2917 5674 2947 5713 a
2973 5658 3206 5729 __Rutinp
3253 5657 3529 5725 obiectum
3558 5672 3672 5715 εει.

2087 5728 2266 5806 Αςρςι⁵
2285 5726 2373 5806 his
2400 5729 2563 5806 alibi;
2590 5727 2853 5806 Quartus.
2876 5757 2946 5772 -—
2972 5726 3107 5806 Yide
3142 5726 3494 5806 Origeniana:
3697 5782 3706 5795 ,

2158 5796 2274 5867 (5t)
2305 5799 2488 5859 Codex
2509 5799 2875 5873 ~Bodleianus,
2928 5799 3176 5865 πάντωςε
3234 5796 3402 5855 editio
3452 5796 3667 5854 Huetii.

2085 5869 2310 5934 πάντας.
2510 5869 2523 5873 ”
3580 5907 3596 5917 -
