4082 6540
204 452 283 505 589
1217 445 1571 501 COMMENT.
1616 444 1916 502 lN'JOAN.
1954 445 2193 499 TOMUS
2225 445 2344 499 XX.
3304 448 3410 504 590
3445 439 3448 446 ’

204 573 256 634 ὡς
287 568 490 640 μηδέπω
535 560 658 622 οὖσι
710 569 922 632 τέκνοις
969 567 1064 620 τοῦ
1123 569 1371 642 Ἀὖραάμ
1411 570 1626 638 λέγεται
1653 571 1734 623 τό·
1769 579 1811 632 Α

1798 583 1811 632 ι
1847 568 2071 637 (quibus
2093 569 2284 630 etiam,
2326 576 2583 635 tanquam
2613 564 2706 636 qui
2742 581 2851 620 non
2878 576 3065 624 essent
3115 565 3208 622 lilii
3243 568 3410 623 Abra-

205 666 254 717 El
271 661 427 714 τέκνα
453 659 557 714 τοῦ
597 661 850 731 Ἀϐραάμ
873 661 1032 725 ἐστε,
1069 661 1140 715 τὰ
1169 663 1313 732 ἔργα
1339 663 1445 716 τοῦ
1478 663 1732 732 Ἀϐραὰμ

1841 661 1944 726 hae,
1980 660 2223 714 dicitur:
2260 657 2319 713 Si
2365 658 2465 728 ﬁlii
2500 658 2726 712 Abraha:
2777 660 2937 724 estis,
2979 677 3136 732 opera
3189 660 3411 715 Abram:

204 753 375 807 ποιεῖτε
398 746 548 821 [5Ξ]),
572 754 875 824 παρίστησι
907 753 967 806 τὸ
994 755 1219 825 μηδέπω
1242 756 1462 819 τούτους
1489 757 1732 827 καρποὺς

1836 753 2014 821 facile)
2044 753 2237 806 docere
2267 753 2364 806 lios
2408 752 2645 806 nondum
2672 750 2876 806 habere
2903 751 3114 806 fructus
3161 751 3411 808 veniendi

203 847 312 916 ἔχειν
335 844 418 897 τοῦ
446 843 766 914 ἐληλυθέναι
800 846 936 916 πρὸς
973 845 1064 900 τὸν
1102 847 1347 917 Σωτῆρα.
1393 846 1536 918 Πρὸς
1563 847 1618 900 δὲ
1643 847 1731 900 τὸν

1842 844 1909 896 ad
1941 843 2312 899 Servatorem.
2354 844 2426 897 At
2458 859 2587 897 vero
2637 845 2703 898 ad
2733 845 2879 898 hunc
2913 844 2993 898 sic
3035 842 3413 898 contradicen-

203 938 335 1000 οὕτως
358 936 705 1005 ἀντιλέγοντα
732 938 1101 1008 ἀπαντήσεταί
1125 955 1228 1001 τις,
1265 939 1337 1010 μὴ
1371 939 1563 992 ταύτὸν
1593 935 1730 993 εἶναι

1841 945 1946 989 tem
1984 936 2332 1005 respOIIdebit
2362 935 2520 1002 alius,
2553 953 2660 993 non
2707 939 2849 992 idem
2895 952 3016 993 esse
3049 954 3066 991 :
3102 935 3286 991 Omnis
3321 933 3411 1006 qui

206 1028 383 1095 φάσκων
412 1026 486 1079 τό’
518 1025 652 1092 Πᾶς
686 1029 719 1080 ὀ
750 1027 1021 1093 ἀκούσας
1043 1028 1200 1096 παρὰ
1227 1027 1331 1081 τοῦ
1354 1029 1604 1097 Πατρός,
1632 1031 1728 1084 καί

1838 1028 2041 1080 audivit
2068 1045 2100 1080 a
2146 1028 2326 1093 Patre,
2351 1039 2398 1082 et
2427 1031 2639 1093 didicit,
2696 1045 2819 1085 cum
2857 1031 2944 1085 liis
2971 1031 3194 1085 verbis:
3226 1026 3292 1081 Et
3322 1045 3412 1082 vos

201 1117 379 1186 μαθὼν,
403 1116 492 1186 τῷ·
522 1117 636 1170 Kal
677 1116 846 1185 ὑμεῖς
876 1113 989 1172 οὖν
1020 1117 1059 1172 ἁ
1088 1120 1392 1186 ἠκούσατε
1428 1120 1588 1187 παρὰ
1623 1119 1731 1173 τοῦ

1837 1116 2018 1193 igitur,
2044 1133 2162 1186 qua:
2194 1120 2468 1173 audivistis
2496 1138 2525 1173 a
2562 1119 2722 1174 Patre
2744 1136 2762 1173 :
2791 1119 2943 1174 illum
2978 1135 3210 1190 namque
3229 1159 3245 1185 ,
3276 1134 3415 1188 prae-

205 1211 404 1278 Πατρόςο
442 1211 470 1261 6
513 1211 615 1280 μὲν
650 1210 762 1282 γὰρ
789 1210 924 1282 πρὸς
950 1211 1008 1264 τὸ
1055 1210 1287 1264 ἀκοῦσαι
1317 1210 1468 1280 παρὰ
1492 1211 1584 1264 τού
1614 1213 1730 1265 Πα·

1837 1217 2082 1276 terquam
2125 1211 2266 1278 quod
2301 1225 2331 1264 a
2356 1210 2520 1266 Patre
2550 1212 2784 1266 audierit
2833 1223 2887 1265 et
2937 1212 3206 1275 didicerit.
3245 1211 3413 1266 etiam

205 1306 296 1374 1,96,-
323 1303 492 1374 μαθὼν
521 1304 750 1368 πάντως
779 1305 994 1377 ἔρχεται
1028 1306 1164 1377 πρὸς
1191 1305 1282 1359 τὸν
1312 1307 1557 1378 Σωτῆρα’
1587 1309 1637 1360 oi
1671 1307 1728 1360 δὲ

1836 1302 2020 1356 venire
2043 1301 2110 1354 ad
2139 1301 2525 1368 Servatorem;
2561 1303 2662 1357 hos
2698 1317 2830 1358 vero
2873 1304 2966 1374 qui
2995 1303 3265 1358 audierim
3293 1303 3413 1372 qui-

206 1397 481 1460 ἀκούσαντες
531 1398 657 1467 μὲν,
710 1398 786 1470 μὴ
827 1400 1043 1463 πάντως
1087 1399 1143 1452 δὲ
1187 1400 1281 1452 καὶ
1327 1399 1726 1471 μεμαθηκότες,

1836 1391 1983 1458 dein,
2010 1392 2103 1446 sed
2134 1408 2239 1446 non
2271 1394 2492 1448 omnino
2510 1395 2801 1450 didicerint
2821 1397 3008 1462 etiam,
3034 1396 3270 1450 nondum
3289 1410 3409 1452 esse

205 1489 363 1542 οὐδέπω
395 1490 554 1542 τέκνα
581 1491 698 1543 είσὶ
725 1491 818 1544 τοῦ
861 1491 1126 1563 Ἀϐραάμ.
1833 1483 2067 1538 Αὺτειῒιειξ
2100 1484 2259 1541 ﬁlios.

253 1582 294 1634 8.
315 1580 712 1651 Πυνθανοίμεθα
741 1581 785 1634 δ’
816 1581 880 1636 ἂν
903 1583 1010 1635 τῶν
1033 1581 1130 1646 τὰς
1165 1581 1353 1650 φύσεις
1379 1584 1724 1652 εἰσαγόντων,

1903 1574 1958 1630 8.
1996 1577 2104 1632 Sed
2148 1578 2552 1650 interrogentur
2585 1594 2614 1633 a
2650 1580 2809 1635 nobis
2853 1582 2945 1652 qui
2978 1590 3208 1637 naturas
3234 1582 3403 1637 intro-

207 1675 272 1725 xzi
293 1675 355 1737 εἰς
384 1671 460 1734 τὸ,
499 1673 582 1725 ὅτι
623 1672 681 1724 Ὁ
704 1673 896 1742 Λόγος
928 1675 960 1726 d
983 1671 1124 1742 ἐμός
1154 1675 1226 1727 οὐ
1249 1673 1429 1742 χωρεῖ
1451 1675 1520 1728 ἐν
1563 1676 1725 1746 ὑμῖν,

1836 1667 2062 1728 ducunt.
2098 1669 2296 1738 quique
2331 1670 2384 1723 in
2416 1672 2517 1726 hoc
2538 1681 2796 1726 contextu
2823 1691 2834 1726 :
2857 1672 3041 1727 Sermo
3073 1690 3214 1728 meus
3235 1674 3405 1728 locum

207 1766 497 1819 ἀποδιδόντων
524 1764 677 1818 κατά
723 1765 1090 1836 Ἡρακλέωνα,
1117 1767 1198 1819 ὄτι
1226 1765 1313 1820 διὰ
1339 1766 1496 1820 τοῦτο
1526 1768 1588 1820 οὐ
1622 1787 1728 1840 χω-

1835 1775 1940 1812 non
1975 1759 2128 1813 habet
2169 1761 2225 1813 in
2249 1761 2395 1815 vobis
2435 1762 2503 1825 ",
2531 1761 2685 1829 juxta
2719 1763 3108 1819 Heracleonem
3133 1765 3408 1836 explicant

209 1859 280 1928 ρεῖ,
298 1857 362 1908 ὅτι
385 1856 750 1926 ἀνεπιτήδειοι
771 1857 890 1926 ῆτοι
907 1857 1026 1909 κατ’
1043 1855 1228 1909 οὐσίαν
1256 1856 1447 1927 ἧκατά
1476 1857 1723 1929 γνώμην,

1833 1864 1955 1904 eum
1987 1851 2189 1906 idcirco
2228 1851 2404 1906 locum
2447 1854 2500 1908 in
2549 1855 2628 1909 eis
2679 1871 2786 1909 non
2829 1855 3048 1920 habere,
3112 1858 3240 1926 quia
3297 1858 3407 1911 sint

311 1950 350 2000 οί
374 1949 740 2018 ἀνεπιτήδειοι
779 1949 900 2002 κατ’
935 1948 1120 2001 οὐσίαν
1162 1948 1400 2020 ἥκουσαν
1442 1948 1595 2020 παρὰ
1637 1948 1730 2003 τοῦ
1764 1944 1804 1998 Β

1793 1946 2028 1998 tnatura
2075 1943 2159 1997 vel
2209 1945 2392 2000 animo
2436 1945 2706 2002 inhabiles
2757 1965 2771 2001 :
2814 1948 3098 2028 quomodo
3137 1948 3405 2003 inhabiles

208 2040 392 2110 Πατρός
419 2039 576 2092 Ἀλλά
601 2040 704 2094 καὶ
731 2039 958 2112 πότερόν
988 2057 1116 2092 ποτε
1150 2041 1395 2112 πρόϐατα
1421 2033 1565 2095 οὗτοι
1589 2037 1730 2112 ἦσαν

1841 2045 2034 2090 natura
2071 2051 2101 2090 a
2133 2036 2297 2092 Patre
2343 2037 2674 2092 audierunt?
2725 2037 2830 2092 Sed
2877 2048 3058 2092 utrum
3101 2039 3316 2095 tandem
3349 2039 3403 2094 hi

207 2132 272 2182 τοῦ
299 2130 525 2202 Χριστοῦ,
554 2132 588 2202 ἢ
621 2131 902 2202 ἀλλότριοι
923 2131 1164 2201 ὑπῆρχον
1189 2131 1352 2184 αὐτοῦ
1375 2149 1391 2197 ;
1411 2133 1474 2186 El
1505 2133 1561 2185 δὲ
1589 2129 1730 2203 ἦσαν

1831 2139 2139 2186 erantoves
2171 2130 2395 2197 Christi,
2426 2147 2493 2186 an
2535 2131 2605 2186 ab
2627 2133 2744 2201 ipso
2772 2132 2975 2187 alieni?
3005 2131 3156 2198 Quod
3182 2135 3226 2188 si
3248 2144 3405 2188 erant

207 2225 431 2293 ἀλλότριοι,
458 2223 573 2285 πῶς
598 2224 850 2295 ἥκουσαν
882 2225 1029 2294 παρά
1052 2223 1144 2276 τοῦ
1170 2224 1381 2296 Πατρός
1422 2225 1626 2292 σαφῶς,
1654 2225 1729 2288 ὡς

1831 2222 2020 2288 alieni,
2049 2224 2327 2292 quomodo
2357 2224 2651 2279 audierunt
2679 2241 2708 2278 a
2741 2224 2935 2290 Patre,
2964 2225 3166 2294 palam,
3207 2234 3266 2281 ut
3306 2243 3403 2295 pu-

208 2317 371 2372 οὲονται.
417 2315 717 2386 λεγομένου
775 2315 911 2386 πρὸς
957 2317 1083 2378 τοὺς
1128 2315 1459 2388 ἀλλοτρίους,
1496 2318 1578 2370 ὃτι
1625 2319 1732 2372 Διὰ

1833 2324 1972 2383 tant,
1997 2315 2212 2372 dicente
2245 2317 2311 2372 ad
2337 2318 2544 2372 alienos
2579 2336 2596 2374 :
2635 2315 2864 2387 Propter
2886 2318 2982 2371 hoc
3010 2335 3098 2372 vos
3123 2335 3224 2372 non
3245 2320 3404 2373 audi-

205 2403 329 2461 τιῦτο
360 2407 516 2479 ὑμεῖς
566 2410 686 2463 οὐκ
745 2409 1013 2472 ἀκούετε,
1049 2409 1141 2462 ὅτι
1182 2411 1292 2464 οὔκ
1320 2411 1460 2464 ἐστε
1485 2411 1556 2465 ἐκ
1610 2411 1729 2464 τῶν

1830 2408 1921 2472 tis,
1950 2409 2090 2467 quod
2132 2426 2235 2462 non
2278 2410 2397 2464 sitis
2437 2426 2501 2464 ea:
2550 2409 2728 2464 ovibus
2773 2410 2905 2462 meis
2949 2409 3035 2463 "1’
3094 2408 3209 2464 Nisi
3269 2411 3405 2464 forte

206 2505 443 2567 προϐάτων
483 2505 601 2557 τῶν
653 2498 852 2572 suam;
879 2502 928 2553 εί
961 2501 1035 2572 μὴ
1083 2501 1192 2573 ἄρα
1218 2502 1521 2574 θλιϐόμενοι
1555 2505 1728 2576 ἑτέρῳ

1830 2514 1952 2554 cum
1991 2511 2308 2570 urgeantur,
2366 2502 2419 2555 in
2465 2502 2612 2556 aliud
2652 2502 2949 2556 absurdum
2994 2501 3206 2572 seipsos
3233 2501 3405 2570 conii-

205 2595 339 2664 ἀτόπῳ
362 2597 572 2658 ἑαυτοὺς
603 2591 998 2665 περιεάλλουσι
1025 2591 1293 2662 λέγοντες,
1324 2594 1474 2665 παρά
1501 2595 1599 2665 μὲν
1633 2595 1726 2648 τοῦ

1830 2591 2001 2653 ciunt.
2042 2593 2285 2646 dicentes
2315 2607 2344 2646 a
2377 2591 2541 2647 Patre
2571 2593 2788 2662 quidem
2813 2593 3027 2648 audisse
3048 2593 3272 2656 alienos,
3305 2593 3402 2648 hos

205 2684 362 2755 H3196;
408 2687 706 2758 ἀκηκοέναι
764 2687 888 2748 τοὺς
919 2683 1251 2757 ἀλλοτρίους,
1289 2685 1363 2758 μὴ
1401 2688 1620 2740 ἀκούειν
1669 2687 1726 2740 δὲ

1828 2698 1963 2740 vero
1989 2685 2138 2755 ipsos
2171 2699 2278 2739 non
2308 2685 2499 2740 audire
2542 2700 2573 2740 a
2612 2684 2921 2740 Servatore.
2957 2686 3065 2739 Sed
3090 2686 3134 2741 si
3174 2685 3403 2740 familia-

205 2780 291 2840 τοὺς
315 2779 487 2842 αὐτοὺς
510 2779 748 2842 τούτους
772 2778 924 2852 παρά
943 2766 1050 2831 ’τοῦ
1071 2777 1344 2850 Σωτῆρος.
1375 2779 1436 2831 Et
1463 2778 1508 2831 δ’
1535 2781 1725 2832 οἰκεῖοι

1830 2790 1918 2830 res
1971 2785 2129 2830 erant
2191 2773 2501 2831 Servatoris
2547 2815 2563 2840 ,
2625 2785 2680 2830 et
2733 2778 2907 2833 beata:
2967 2777 3113 2832 illius
3170 2788 3397 2838 natura,

205 2869 267 2921 τοῦ
289 2871 506 2942 Σωτῆρος
545 2867 697 2942 ἦσαν
739 2872 838 2924 καὶ
866 2871 962 2941 τῆς
1015 2870 1292 2941 μακαρίας
1325 2871 1558 2940 φύσεως,
1607 2872 1726 2936 πῶς

1828 2866 2101 2936 quomodo
2131 2867 2449 2938 quaerebant
2477 2881 2601 2921 eum
2643 2869 2988 2936 interficere,
3030 2878 3085 2924 et
3129 2869 3399 2938 quomodo

206 2959 370 3029 ἐζήτουν
397 2963 551 3015 αὑτὸν
597 2963 950 3025 ἀποκτεῖναι,
990 2963 1084 3016 καὶ
1126 2960 1242 3025 πῶς
1277 2963 1306 3015 6
1349 2961 1443 3015 τοῦ
1471 2963 1725 3033 Σωτῆρος

1568 2963 1725 3033 τῆρος
1829 2960 2134 3017 Servatoris
2155 2974 2336 3015 sermo
2358 2974 2461 3014 non
2498 2957 2736 3015 habebat
2761 2959 2936 3015 locum
2970 2961 3026 3015 in
3059 2960 3180 3016 eis?

205 3054 316 3119 λόγος
333 3058 416 3109 οὐκ
441 3055 637 3127 ἐχώρει
673 3057 736 3107 ὲν
771 3056 986 3120 αὐτοῖς

252 3150 289 3200 9.
327 3150 774 3218 Ἀπεκρίθησαν,
825 3149 923 3202 καὶ
977 3145 1156 3202 εἶπαν
1199 3148 1376 3215 αὐτῷ·
1430 3148 1483 3200 Ὀ
1529 3147 1725 3215 πατὴρ

1897 3141 2060 3213 317
2119 3141 2172 3196 9.
2232 3139 2652 3210 Responderunt.
2715 3151 2764 3195 et
2826 3143 3070 3196 dixerunt
3123 3140 3402 3199 eizPater

207 3239 565 3311 τῳῶι-Ἁϐραάμ
605 3243 768 3295 ἐστι.
799 3240 1016 3304 Δόξαιεν
1045 3241 1110 3294 ἂν
1132 3241 1228 3313 τὴν
1261 3242 1552 3312 ἀπόκρισιν
1581 3235 1725 3294 οὗτοι
1753 3284 1794 3342 C

1829 3250 2008 3293 noster
2035 3239 2302 3292 Abraham
2334 3248 2408 3290 est
2456 3236 2524 3291 “.
2557 3236 2826 3292 Videntur
2859 3236 2915 3292 lii
2949 3235 3412 3306 abjcctiuslonge

207 3332 462 3403 πεποιῆσθαι
488 3334 624 3388 πολὺ
657 3333 1044 3404 ταπεινότερον
1078 3331 1419 3404 ἐκδεξάμενοι
1450 3333 1578 3404 περὶ
1607 3331 1721 3396 τοῦ,
1756 3329 1793 3342 ν

1789 3329 2165 3400 'respondere
2215 3342 2376 3399 quam
2435 3329 2637 3386 dixerit
2697 3330 2956 3384 Dominus
2989 3370 3006 3394 ,
3061 3329 3401 3384 declarantes

203 3418 260 3481 τίς
281 3423 428 3476 αὐτῶν
478 3421 544 3494 ἧν
574 3427 603 3478 ὁ
640 3423 834 3493 πατὴρ
865 3423 997 3494 (55),
1035 3423 1068 3493 ἢ
1116 3423 1190 3487 ὡς
1219 3425 1247 3476 ὁ
1287 3423 1487 3494 Κύριος
1519 3422 1720 3489 ἔλεγεν·

1829 3425 1951 3493 quis
1981 3424 2226 3494 ipsorum
2257 3432 2405 3478 esset
2433 3434 2630 3491 pater;
2663 3425 2926 3493 siquidem
2950 3423 3111 3478 Jesus
3137 3424 3201 3476 ad
3234 3424 3400 3478 Deum

205 3511 313 3579 ὁμὲν
339 3514 432 3587 γὰρ
454 3518 663 3587 Ἰησοῦς
697 3515 989 3586 ἀναφέρων
1022 3516 1112 3567 ἐπὶ
1143 3515 1231 3567 τὸν
1260 3513 1390 3566 Θεὸν
1416 3513 1619 3583 ἔφασκε
1642 3513 1722 3565 τό·

1830 3515 2072 3569 referens
2123 3515 2380 3570 dixerat:
2419 3516 2487 3570 Et
2532 3533 2617 3570 vos
2665 3517 2848 3584 igitur,
2897 3533 3014 3586 quie
3057 3516 3338 3570 audivistis
3369 3533 3401 3568 a

207 3604 280 3655 Καὶ
313 3608 461 3675 ὑμεῖς
507 3605 626 3665 οὖν
675 3607 717 3662 ἂ
770 3607 1072 3674 ἠκούσατε
1121 3605 1280 3673 παρὰ
1325 3603 1430 3657 τοῦ
1474 3605 1724 3671 Πατρός,

1830 3606 2011 3671 Patre,
2041 3608 2199 3676 facite
2231 3609 2274 3640 ³⁵
2298 3624 2311 3660 :
2334 3610 2388 3662 lii
2415 3623 2544 3663 vero
2561 3609 2822 3676 abjectius
2846 3617 3050 3678 patrem
3071 3608 3310 3677 gentium
3334 3607 3399 3669 ³⁸⁵,

207 3695 384 3751 ποιεῖτεο
411 3703 454 3752 οἱ
492 3701 549 3753 δὲ
579 3699 976 3770 ταπεινότερον
1007 3698 1100 3750 τὸν
1149 3697 1239 3750 τοῦ
1275 3696 1459 3760 ἔθνους
1484 3712 1728 3767 παρομο-

1828 3709 2039 3769 patrem
2103 3715 2261 3754 suum
2308 3699 2566 3764 fatentur,
2641 3700 2886 3756 dicentes
2938 3699 3156 3757 :Pater
3228 3711 3403 3754 noster

206 3785 390 3854 λογοῦσιν
413 3793 518 3862 (54)
568 3791 792 3846 ἑαυτῶν
827 3791 1058 3861 πατέρα,
1103 3788 1378 3856 λέγοντες’
1433 3788 1486 3839 Ὁ
1531 3784 1728 3852 πατὴρ

1829 3791 2094 3845 Abraham
2137 3801 2212 3844 est
2247 3791 2312 3842 ⁸⁷.
2343 3790 2494 3858 Quod
2531 3791 2577 3845 si
2612 3791 2734 3860 quis
2770 3805 2866 3845 eos
2894 3791 3189 3845 defendens
3215 3829 3232 3855 ,
3278 3801 3401 3846 tan-

209 3877 328 3942 ἠμῶν
351 3883 584 3954 Ἁϐραάμ
634 3885 798 3938 ἐστι.
852 3881 1068 3951 Βοηθῶν
1109 3880 1153 3932 δ’
1191 3881 1256 3935 ἄν
1293 3897 1374 3944 τις
1406 3881 1608 3943 αὐτοῖς,
1651 3877 1728 3940 ὼς

1829 3899 1989 3952 quam
2013 3883 2104 3952 qui
2139 3881 2274 3936 bene
2299 3883 2716 3952 responderint,
2753 3883 2916 3947 dicet,
2958 3881 3086 3938 Jesu
3135 3883 3348 3938 dicente
3382 3902 3395 3936 :

205 3973 334 4037 καλῶς
367 3977 848 4047 ἀποκριναμένοις,
894 3975 1075 4044 φήσει,
1120 3974 1200 4025 ὅτι
1235 3972 1311 4036 ὡς
1353 3973 1582 4043 μέτριοι,
1633 3969 1728 4022 καὶ

1831 3974 1962 4040 Qua:
2013 3973 2292 4027 audivistis
2326 3970 2564 4037 aPatre,
2601 3973 2790 4042 facite,
2827 3982 2883 4026 et
2925 3972 3169 4027 voculam
3217 3970 3397 4025 Patris

207 4064 256 4132 μὴ
290 4066 492 4132 διδόντες
552 4070 778 4129 ἑαυτοῖς
835 4061 972 4118 εἶναι
1025 4066 1162 4128 υἱοῖς
1216 4063 1376 4127 Θεοῦ,
1419 4062 1514 4116 τοῦ
1549 4061 1724 4132 Ἰησοῦ

1831 4066 2102 4121 referente
2129 4065 2195 4118 ad
2225 4065 2419 4131 Deum,
2453 4080 2548 4120 eos
2571 4065 2752 4119 dicere
2778 4087 2791 4120 :
2823 4063 2989 4118 Pater
3025 4076 3201 4134 noster
3222 4063 3387 4117 Abra-

204 4153 408 4222 ὶέγοντος·
438 4163 493 4213 Ἀ
525 4161 847 4228 ἠκούσατε
875 4156 1034 4224 παρὰ
1069 4155 1174 4209 τοῦ
1205 4154 1454 4222 Πατρός,
1486 4153 1723 4216 ποιεῖτε,

1829 4161 1952 4210 tiam
1995 4164 2094 4221 est,
2149 4171 2245 4210 ceu
2293 4158 2568 4212 modestos
2621 4165 2677 4212 et
2727 4155 2970 4211 nolentes
3020 4155 3120 4209 sibi
3161 4155 3399 4208 tribuere

205 4249 267 4297 καὶ
287 4250 622 4323 ἀναφέροντος
639 4252 741 4304 επὶ
766 4251 856 4303 τὸν
878 4249 1030 4314 Θεὸν,
1051 4250 1231 4317 φασίν·
1268 4249 1319 4301 Ὀ
1344 4247 1538 4316 πατὴρ
1562 4246 1728 4316 ἡμῶν

1831 4243 1972 4313 quod
2005 4242 2096 4296 lilii
2132 4242 2225 4296 Dei
2272 4254 2478 4310 essent,
2520 4245 2866 4314 perspicuum
2899 4253 2982 4299 est
3019 4243 3122 4298 hoc
3168 4244 3329 4298 etiam
3366 4261 3395 4296 a

204 4338 389 4410 Ἀϐραάμ
411 4345 555 4398 ἐστι.
598 4345 779 4416 Δῆλον
808 4344 865 4397 δὲ
903 4345 985 4396 ὅτι
1015 4345 1108 4397 καὶ
1136 4334 1292 4397 τοῦτο
1316 4343 1526 4396 εὐθύνει
1558 4345 1586 4395 6
1615 4341 1728 4394 Σω-

1831 4333 2118 4389 Servatore
2154 4333 2376 4404 corrigi,
2409 4349 2508 4388 ceu
2543 4333 2680 4388 falso
2706 4334 2933 4397 dictum,
2961 4333 3050 4387 his
3081 4333 3300 4388 verbis:
3336 4333 3399 4388 Si

201 4433 290 4500 τὴρ.
312 4435 374 4498 ὡς
401 4438 612 4508 ψευδῶς
651 4437 970 4509 εἰρημένον,
1012 4435 1099 4488 διὰ
1127 4437 1240 4489 τοῦθ
1277 4438 1348 4490 Εἰ
1385 4437 1567 4489 τέκνα
1621 4433 1728 4487 τοῦ

1830 4425 1930 4493 ﬁlii
1962 4426 2184 4480 Abrahae
2205 4427 2348 4488 estis,
2376 4442 2534 4495 opera
2565 4426 2798 4479 Abraha:
2823 4425 3004 4495 facile.
3038 4423 3226 4495 Neque
3266 4440 3399 4480 vero

201 4518 389 4596 Ἀϐραάμ
423 4532 583 4596 ἐστε,
628 4530 707 4584 τὰ
738 4529 883 4598 ἔργα
929 4527 1036 4582 τοῦ
1067 4527 1314 4598 Ἀϐραὰμ
1341 4529 1580 4582 ποιεῖτε.
1615 4529 1729 4580 Οὐκ

1833 4516 2067 4569 absurde
2089 4524 2285 4584 praeter
2311 4515 2423 4569 haec
2453 4523 2665 4584 quaerat
2703 4515 2865 4569 etiam
2903 4513 3103 4584 aliquis
3129 4515 3400 4584 quomodo

202 4611 361 4681 ἀτόπως
383 4620 435 4673 δὲ
471 4623 564 4675 καὶ
593 4621 740 4693 πρὸς
777 4620 951 4673 ταῦτα
995 4619 1222 4690 ζητήσαι
1246 4637 1329 4683 τις
1363 4619 1448 4682 ἂν,
1485 4621 1566 4673 ὅτι
1609 4619 1727 4683 πῶς
1758 4629 1803 4684 ι)

1789 4634 1803 4681 ,
1833 4608 2112 4670 Servator,
2137 4603 2228 4673 qui
2255 4604 2337 4658 eis
2364 4619 2430 4657 ne
2459 4605 2582 4659 tiliis
2613 4603 2832 4672 quidem
2874 4618 2994 4660 esse
3018 4604 3250 4660 Abrahae
3272 4619 3401 4659 con-

201 4706 299 4758 κατὰ
315 4710 392 4763 τὸν
417 4712 648 4784 Σωτῆρά
673 4712 815 4773 ἐστι,
849 4709 922 4781 μὴ
941 4708 1460 4778 συγκατατιθέμενον
1481 4703 1616 4760 εἶναι
1637 4708 1729 4760 αὐ-

1838 4696 2086 4761 cedebat,
2111 4695 2293 4751 dicere
2315 4704 2497 4764 posset
2528 4709 2542 4748 :
2568 4693 2637 4750 Et
2656 4712 2746 4750 vos
2766 4697 2948 4766 igitur,
2975 4712 3092 4766 qua:
3124 4695 3399 4749 audivistis

201 4798 287 4858 τοὺς
302 4800 444 4855 τέκνα
472 4802 569 4856 τοῦ
602 4801 884 4874 Ἀϐραὰμ,
902 4799 964 4853 τὸ
990 4799 1169 4867 λέγειν
1193 4800 1394 4862 αὐτοῖς’
1422 4798 1531 4852 Kal
1558 4797 1727 4867 ὑμεῖς

1833 4807 1864 4843 ι
1892 4789 2075 4858 Patre,
2116 4789 2275 4859 facite
2299 4827 2315 4855 ,
2339 4787 2505 4842 relata
2544 4803 2678 4844 voce
2717 4787 2896 4842 Patris
2939 4789 3004 4842 ad
3030 4788 3198 4843 Deum
3231 4803 3246 4839 :
3275 4803 3399 4840 nam

200 4881 277 4939 οὖν
309 4891 341 4944 ἅ
368 4895 671 4961 ἠκούσατε
705 4892 870 4960 παρά
905 4890 1010 4946 τοῦ
1033 4890 1283 4958 Πατρός,
1321 4889 1558 4950 ποιεῖτε,
1591 4889 1724 4942 ἀνα-

1833 4881 1926 4951 qui
1958 4879 2190 4935 Abrahae
2233 4880 2378 4934 ﬁlius
2413 4895 2520 4935 non
2553 4888 2669 4943 est,
2701 4879 3061 4948 qualicunque
3087 4877 3248 4932 modo
3291 4881 3401 4930 vir-

202 4984 442 5051 φερομένου
474 4986 595 5049 τοῦ,
633 4984 802 5053 παρὰ
838 4982 944 5036 τοῦ
986 4981 1232 5050 Πατρός,
1271 4983 1364 5036 ἐπὶ
1387 4982 1478 5035 τὸν
1504 4980 1653 5034 Θεόνο
1697 4982 1727 5032 6

1836 4983 2003 5027 tutem
2033 4983 2370 5042 posterorum
2399 4970 2932 5033 Abraltaaitnitando,
2957 4970 3004 5024 is
3029 4967 3403 5036 vituperabilis

200 5068 274 5138 γάρ
301 5074 362 5144 μὴ
385 5074 456 5129 ὢν
481 5077 680 5130 τέκνον
709 5073 806 5128 τοῦ
835 5073 1086 5146 Ἀὁραάμ
1112 5073 1251 5126 κατά
1270 5072 1500 5142 μίμησιν
1526 5070 1726 5142 ἀρετῆς

1835 5066 2056 5135 perinde
2086 5077 2250 5134 atque
2271 5067 2325 5120 hi
2360 5065 2425 5119 ad
2468 5079 2605 5134 quos
2647 5074 2731 5118 est
2761 5075 2977 5126 sermo,
3019 5060 3190 5116 multo
3229 5063 3403 5132 magis

198 5159 425 5219 ὁποιανοῦν
462 5168 572 5221 τῶν
615 5167 736 5237 (55)
785 5165 922 5236 μετά
966 5165 1057 5218 τὸν
1083 5163 1356 5236 Ἀϐραὰμ,
1389 5161 1606 5233 ψεκτὸς,
1652 5161 1728 5224 ὡς

1834 5173 1939 5212 non
1965 5157 2070 5210 erit
2099 5157 2239 5212 [ilius
2278 5156 2393 5210 Dei.
2441 5155 2674 5210 Proinde
2716 5152 2842 5207 vide
2881 5167 2948 5204 an
2984 5151 3150 5204 etiam
3191 5151 3257 5206 ad
3298 5153 3405 5208 hoc

199 5244 317 5315 οὗτοι,
357 5257 488 5329 πρὸς
531 5258 630 5322 οὓς
680 5259 711 5310 6
754 5255 930 5324 λόγος,
976 5255 1152 5324 πολλῷ
1214 5253 1411 5326 μᾶλλον
1460 5253 1560 5304 οὐκ
1613 5250 1727 5304 ἐστι

1834 5247 2015 5303 dicere
2042 5247 2310 5316 possimus
2339 5245 2618 5317 (quoniam
2649 5258 2753 5298 non
2798 5241 3001 5296 dictum
3031 5240 3134 5294 fuit
3167 5256 3182 5293 :
3215 5238 3286 5295 Et
3318 5259 3405 5296 vos

198 5341 339 5397 τέκνον
364 5350 452 5402 τοῦ
474 5350 637 5403 Θεοῦ.
673 5350 820 5419 Ὅρα
841 5347 897 5401 δὲ
921 5347 968 5399 εί
1008 5348 1098 5400 καὶ
1120 5347 1258 5419 πρὸς
1281 5345 1437 5398 τοῦτο
1457 5341 1728 5413 δυνάμεθα

1833 5341 2012 5410 igitur,
2049 5357 2167 5410 qua:
2205 5341 2480 5394 audivistis
2509 5353 2536 5391 a
2576 5336 2736 5390 Patre
2779 5343 2984 5398 vestro,
3021 5333 3108 5388 vel
3163 5349 3194 5388 a
3253 5347 3406 5406 patre

198 5426 330 5499 λέγειν
357 5439 451 5508 (ὅτι
485 5440 591 5493 οὐκ
620 5437 862 5510 εἴρηται·
881 5437 991 5490 Kal
1022 5435 1190 5506 ὑμεῖς
1230 5431 1344 5490 οὖν
1367 5433 1405 5488 ἂ
1428 5434 1728 5502 ἠκούσατε

1834 5443 2046 5498 nostro,
2096 5433 2213 5497 sed,
2242 5450 2273 5486 a
2307 5429 2512 5501 Patre),
2539 5429 2680 5499 quod
2710 5429 2834 5482 licet
2865 5425 3064 5496 aliquis
3118 5427 3191 5480 sit
3233 5438 3409 5496 pater,

240 5573 273 5604 "
295 5571 438 5630 Joan.
479 5590 603 5640 vnt,
634 5575 732 5629 ⁸57.
810 5572 855 5604 ⁸³
883 5569 1047 5626 Joan.
1069 5589 1126 5634 χ,
1147 5569 1240 5626 26.
1315 5569 1361 5602 ⁸⁸
1388 5570 1544 5626 Joan.
1572 5585 1689 5634 vm,
1724 5565 1818 5623 55.

1795 5566 1818 5622 ἱ.
1896 5569 1940 5602 ³⁵
1971 5570 2100 5626 ibid.
2125 5570 2215 5625 '58.
2291 5569 2336 5600 ³⁸
2356 5568 2490 5623 Gen.
2520 5582 2654 5630 xvu,
2678 5566 2732 5629 4,
2756 5566 2808 5620 5.
2886 5566 2929 5596 ³⁷
2957 5563 3114 5620 Joan.
3151 5579 3274 5628 viti,
3317 5564 3407 5618 3t).

243 5694 333 5761 (5‘2)
360 5692 536 5749 Codex
557 5691 920 5756 Bodleianus,
947 5693 1148 5744 ποιεῖτε
1169 5708 1182 5721 ·
1207 5689 1432 5753 Regius,
1465 5691 1718 5741 ἐποιεῖτε.
1845 5760 1852 5761 7

1845 5760 1852 5761 ί
1903 5690 2014 5755 (55)
2045 5689 2206 5743 Κατὰ
2238 5688 2493 5761 μίμησιν
2523 5683 2739 5761 ἀρε-τῆς
2770 5684 3097 5761 όαοιανοῦν
3115 5683 3270 5761 ἔῶν,
3303 5695 3408 5761 etc.

242 5754 334 5831 {55)
366 5763 544 5820 Codex
599 5754 950 5826 Bodleianus,
998 5773 1162 5826 reetc,
1216 5763 1430 5831 πατὴρ
1498 5761 1721 5830 Ιιυείυδ,
1835 5760 1926 5814 Sic
1958 5754 2098 5815 hunc
2131 5754 2404 5831 locum,_in
2467 5756 2949 5831 codicilttts-iiegio
2999 5765 3056 5810 et
3113 5754 3412 5809 Barberitao

196 5825 355 5904 Dixti.
754 5902 783 5904 ξ
851 5901 882 5904 __
925 5825 942 5904 ς
1137 5825 1155 5904 ς
1295 5900 1307 5904 _
1349 5825 1379 5831 ”
1426 5899 1450 5904 _
1585 5825 1607 5830 ⁷
1837 5831 2098 5897 lttxatutn,
2134 5827 2349 5884 sanitati
2381 5825 2618 5882 restituit
2643 5825 2984 5882 Bodleianus.

244 5858 507 5971 Idem
539 5904 719 5962 codex
753 5901 1094 5970 Bodleianus,
1124 5899 1563 5974 ἀνομολογοῦσιν.
