3804 6592
448 439 542 497 591

1913 437 2235 497 ORIGENIS

3584 451 3687 508 592

446 579 556 621 non
589 562 845 618 continuo
881 568 1056 616 tamen
1082 571 1236 631 pater
1267 560 1431 618 etiam
1459 562 1530 618 sit
1560 577 1747 617 eorum
1782 565 1872 634 qui
1905 580 2005 621 nou

2117 561 2268 634 παρὰ
2292 563 2383 617 τοῦ
2422 561 2625 636 πατρὸς
2673 564 2848 634 ὑμῶν,
2876 564 2930 636 ἢ,
2963 564 3110 637 παρὰ
3136 565 3231 620 τοῦ
3279 568 3488 641 πατρὸς
3510 568 3688 641 ἡμῶν,

446 664 573 710 sunt
599 655 690 709 lilii
714 653 966 718 Abrabm,
1010 669 1110 709 nec
1143 652 1362 708 l'ormati
1395 669 1424 708 a
1452 655 1662 710 semine
1700 656 1931 710 Ahralizn
1962 656 2013 709 in

444 748 573 805 ﬁliis
601 746 871 812 Abrahae;
903 746 987 802 vel
1031 747 1142 802 haec
1164 747 1329 802 verba
1359 747 1634 802 indeﬁnite
1655 748 1800 803 dicta
1835 764 1849 802 :
1884 746 2016 812 Qua:

445 836 725 890 audivistis
753 846 786 889 α
813 835 992 902 Patre,
1028 837 1166 892 sumi
1199 849 1424 907 possunt
1449 853 1547 908 pro
1572 851 1638 892 eo
1658 836 1801 905 quod
1828 845 1950 902 est,
1982 851 2012 890 a

446 926 608 983 Patre
637 941 778 992 meo,
823 937 884 982 ut
922 927 1200 982 declarant
1249 928 1336 983 illa
1367 929 1574 984 verba:
1610 927 1742 994 Qua:
1772 943 1864 997 ego
1907 927 2015 982 vidi

445 1021 590 1089 apud
617 1018 829 1074 Patrem
851 1058 868 1085 ,
914 1020 1130 1090 loquor;
1161 1036 1281 1090 quae
1307 1021 1446 1076 idem
1474 1020 1653 1075 valent
1674 1035 1738 1074 ac
1765 1019 1806 1074 si
1843 1019 2012 1083 dicas,

445 1109 589 1180 apud
648 1107 858 1162 Patrem
893 1125 1064 1164 meum
1147 1109 1346 1167 Verum
1394 1111 1673 1164 enimvero
1725 1113 2015 1179 edocemur

445 1203 610 1257 etiam
654 1203 706 1256 in
747 1203 1096 1272 sequentibus
1142 1217 1502 1274 quorumnam
1550 1201 1693 1258 Deus
1727 1203 1799 1258 sit
1827 1202 2010 1267 Pater,

443 1308 544 1366 per
589 1295 703 1348 haec
746 1308 864 1363 quae
917 1293 1156 1365 loquitur
1203 1295 1464 1350 Servator
1494 1311 1508 1347 :
1537 1289 1598 1348 Si
1657 1293 1794 1347 Deus
1847 1291 2015 1345 Pater

442 1396 605 1440 vester
639 1396 794 1450 esset,
851 1384 1137 1454 diligeretis
1186 1385 1363 1453 utique
1411 1400 1492 1437 me
1525 1383 1592 1437 ³⁸.
1641 1382 1717 1436 Ac
1772 1379 2014 1450 profecto

441 1476 632 1547 liquet,
676 1478 766 1547 qui
802 1477 996 1532 Filium
1036 1488 1283 1546 quaerant
1314 1475 1654 1536 interﬁcere,
1710 1472 1862 1526 illum
1906 1487 2012 1525 non

441 1573 689 1641 diligere,
720 1581 774 1626 et
801 1587 906 1625 non
936 1571 1220 1640 diligentes
1248 1584 1394 1634 eum,
1429 1569 1570 1622 ﬁlios
1599 1568 1692 1621 Dei
1723 1581 1825 1620 non
1848 1579 2010 1630 esse;

441 1664 584 1719 unde
608 1664 950 1732 perspicuum
979 1662 1211 1718 elﬁcitur
1240 1663 1357 1716 hinc
1380 1662 1545 1714 verba
1579 1677 1592 1713 :
1623 1659 1686 1713 Et
1717 1675 1805 1713 vos
1825 1658 2010 1727 igitur,

441 1771 558 1824 qute
585 1755 860 1808 audivistis
886 1771 918 1808 a
949 1752 1133 1821 Patre,
1163 1755 1318 1820 facite
1351 1754 1417 1816 3’,
1466 1767 1570 1806 non
1615 1753 1792 1807 minus
1832 1751 2015 1804 valere

443 1860 509 1901 ae
539 1846 586 1901 si
617 1846 820 1902 dictum
858 1845 1066 1913 luisset,
1096 1861 1129 1899 a
1157 1837 1315 1900 Patre
1358 1854 1549 1899 vestro.

510 2124 678 2196 318
724 2122 812 2178 10.
855 2121 990 2176 Dicit
1027 2121 1134 2176 illis
1170 2120 1326 2174 Iesus
1351 2135 1370 2174 :
1395 2117 1454 2174 Si
1485 2117 1587 2187 ﬁlii
1613 2117 1839 2173 Abrahae
1863 2118 2008 2183 estis,

443 2236 601 2288 spera
629 2219 853 2272 Abraha:
879 2216 1036 2284 facite
1081 2214 1149 2268 ⁸⁸.
1192 2213 1611 2283 Respondeant.
1662 2211 1754 2280 qui
1798 2225 1866 2265 ex
1927 2209 2012 2264 bis

442 2324 563 2378 qua:
620 2307 788 2378 gessit
819 2304 1120 2369 Abraham,
1185 2302 1466 2370 elegerunt
1518 2316 1683 2354 unum
1738 2299 2009 2368 quoddam

440 2414 617 2470 opus,
670 2411 862 2468 nempe
899 2396 1176 2452 :Credidit
1219 2405 1395 2448 autem
1447 2394 1711 2447 Abraham
1763 2393 1908 2458 Deo,
1961 2400 2010 2446 et

441 2493 756 2561 imputatum
783 2499 857 2544 est
876 2488 954 2541 illi
977 2489 1044 2541 ad
1062 2485 1325 2556 justitiam
1357 2484 1426 2550 “,
1453 2495 1507 2538 et
1534 2485 1636 2539 hoc
1689 2484 2010 2538 existimant

442 2598 564 2641 esse
595 2583 660 2638 ad
689 2582 830 2653 quod
867 2579 1176 2634 referuntur
1209 2579 1323 2632 haec
1358 2578 1519 2632 verba
1547 2595 1560 2630 :
1589 2576 1761 2646 Opera
1785 2575 2010 2630 Abrahae

442 2676 622 2748 facite,
656 2683 715 2730 ut
743 2674 907 2730 etiam
944 2671 1273 2727 concedatur
1320 2669 1429 2724 illis
1481 2667 1640 2723 ﬁdem
1691 2681 1812 2722 esse
1851 2682 2007 2738 opus,

442 2768 585 2838 quod
624 2766 844 2820 minime
893 2763 1252 2819 concederent
1305 2761 1397 2830 qui
1438 2761 1818 2815 auctoritatem
1862 2758 2006 2814 illam

441 2860 734 2914 admittunt
763 2874 776 2910 :
814 2856 974 2912 Fides
999 2855 1109 2922 sine
1132 2852 1376 2924 operibus
1400 2863 1605 2906 mortua
1628 2862 1702 2906 est
1736 2851 1805 2915 ⁸⁵⁸,
1834 2865 2010 2920 neque

441 2951 497 3005 bi
528 2951 618 3020 qui
669 2950 975 3020 intelligunt
1026 2947 1216 3000 melius
1273 2961 1394 3001 esse
1439 2944 1728 3016 justiﬁcari
1782 2959 1849 2998 ex
1907 2945 2010 3000 lide

439 3058 600 3114 quam
654 3056 722 3098 ex
779 3039 1036 3110 operibus
1088 3037 1220 3108 legis
1269 3037 1335 3101 “,
1380 3045 1434 3091 et
1468 3037 1650 3090 dicant
1687 3050 1858 3104 quare
1897 3051 2006 3090 non

440 3137 645 3191 dictum
672 3134 742 3189 sit
777 3131 1123 3201 singulariter
1155 3147 1168 3184 :
1206 3127 1268 3183 Si
1295 3127 1398 3196 ﬁlii
1435 3127 1659 3180 Abt-aha:
1685 3127 1846 3194 estis,
1879 3144 2008 3198 opus

438 3228 664 3281 Abrahae
704 3225 880 3294 facile,
921 3225 1016 3276 sed
1046 3235 1269 3275 numero
1305 3220 1562 3290 plurium,
1596 3236 1752 3288 opera
1775 3221 2004 3278 Abrahae
2031 3254 2076 3312 ο

438 3322 632 3391 facile;
659 3317 802 3388 quod
836 3329 955 3370 meo
971 3313 1176 3382 judicio
1210 3314 1437 3382 perinde
1458 3313 1603 3367 valet
1632 3328 1698 3367 at:
1722 3314 1768 3368 si
1801 3314 2003 3369 dictum

434 3414 648 3476 (uisset,
684 3410 867 3465 omnia
896 3422 1052 3476 opera
1099 3405 1322 3459 Abrahte
1354 3408 1384 3478 f
1413 3405 1533 3460 cite.
1568 3404 1664 3459 Sin
1700 3419 1832 3460 vero
1861 3405 2003 3460 idem

438 3514 521 3560 est
552 3519 616 3558 ac
650 3503 695 3558 si
736 3501 1078 3564 diceremus,
1114 3498 1296 3550 omnia
1345 3513 1504 3563 opera
1554 3496 1780 3550 Abrahae
1821 3496 2003 3566 facite,

433 3605 494 3653 et
521 3607 695 3665 neque
724 3588 1076 3661 corporaliter
1096 3588 1377 3642 adhaerere
1411 3585 1622 3640 ancilla:
1656 3586 1817 3640 debet
1848 3585 1895 3640 is
1911 3587 2004 3654 qui

437 3704 660 3746 uxorem
705 3686 909 3750 habet;
949 3698 1122 3754 neque
1177 3683 1448 3737 defunctae
1486 3681 1701 3750 cottjugi
1737 3681 1900 3735 aliam
1946 3683 2000 3736 in

437 3791 717 3840 senectute
770 3778 1055 3849 coniugem
1106 3777 1532 3845 superinducere
1572 3775 1619 3830 is
1665 3775 1801 3844 qui,
1841 3775 2000 3846 juxta

437 3874 748 3931 Servatoris
777 3868 1300 3940 interpretationem,
1335 3866 1566 3933 voluerit
1601 3867 1832 3922 Abrahae
1860 3867 2004 3922 illius

435 3963 700 4021 declarari
728 3977 796 4017 ex
825 3975 890 4017 eo
919 3961 1063 4031 quod
1089 3957 1326 4014 Abrahae
1366 3972 1532 4026 opera
1556 3955 1785 4022 fecerit,
1821 3956 2000 4028 palam

433 4058 560 4113 hinc
605 4056 863 4130 discimus
915 4066 1139 4107 necesse
1189 4052 1347 4106 nobis
1396 4065 1555 4113 esse,
1600 4061 1657 4104 ut
1709 4049 2004 4121 allegorice

2117 652 2252 708 ἀλλὰ
2285 654 2446 721 παρὰ
2495 654 2602 708 τοῦ
2645 657 2915 726 Πατρός)
2945 658 3095 720 ὅστις
3143 657 3248 712 κᾶν
3378 661 3588 731 πατὴρ,
3633 661 3690 714 οὐ

2115 746 2330 809 πάντως
2359 747 2581 800 καὶτῶν
2635 748 2707 820 μὴ
2729 749 2933 804 τέκνων
2956 750 3048 805 τοῦ
3065 752 3316 824 Ἀϐραάμ
3337 754 3456 806 ἐστι
3487 751 3688 824 πατὴρ,

2115 838 2210 892 καὶ
2239 838 2312 910 μὴ
2343 840 2791 912 μεμορφωμένων
2825 843 2933 896 ἀπὸ
2968 844 3279 917 σπέρματος
3306 845 3567 918 Ἁϐραάμ
3600 847 3689 900 ἐπὶ

2113 933 2182 986 τὰ
2217 934 2382 987 τέκνα
2414 934 2508 988 τοῦ
2539 935 2807 1008 Ἀϐραάμ·
2849 937 2882 1008 ἢ
2922 936 3242 1009 ἀδιορίστως
3286 937 3585 1008 εἰρημένον
3615 936 3688 988 τό·

2121 1023 2188 1076 Ἃ
2205 1023 2504 1091 ἠκούσατε
2519 1024 2678 1094 παρὰ
2694 1024 2800 1080 τοῦ
2809 1024 3056 1096 Πατρός,
3077 1027 3298 1081 δύναται
3318 1027 3385 1080 λα
3391 1027 3691 1098 μϐάνεσθοι

2114 1112 2234 1167 ἀντὶ
2259 1114 2373 1168 τοῦ·
2398 1115 2506 1169 ἀπὸ
2526 1117 2619 1170 τοῦ
2646 1118 2855 1190 Πατρός
2886 1135 3006 1189 μου,
3038 1120 3129 1173 καὶ
3166 1119 3321 1173 τοῦτο
3345 1119 3501 1172 ἐσται
3526 1119 3687 1186 σοφὲ,

2114 1207 2178 1258 ἐκ
2205 1207 2324 1261 τοῖν
2356 1211 2416 1262 Ἀ
2446 1208 2560 1278 ἐγὼ
2585 1207 2815 1277 ἑώρακα
2843 1210 2999 1278 παρὰ
3026 1209 3105 1276 τῷ
3130 1211 3334 1279 Πατρι,
3355 1209 3548 1272 λαλῶ,
3581 1211 3690 1263 ἴσον

2113 1297 2406 1368 δυναμένου
2420 1298 2517 1369 τῷ,
2544 1299 2702 1368 παρὰ
2725 1299 2804 1366 τῷ
2832 1301 3016 1368 Πατρί
3035 1319 3177 1370 μου.
3207 1302 3318 1354 Καὶ
3342 1303 3400 1354 ἐν
3433 1304 3550 1364 τοῖς
3565 1301 3689 1368 ἑξῆς

2111 1387 2170 1442 δὲ
2199 1388 2557 1460 διδασκόμεθα
2584 1390 2744 1443 τίνων
2767 1391 2912 1443 ἐστὶν
2934 1388 3352 1461 ἁΘεὸςῐῙατὴρ,
3368 1391 3437 1444 δι’
3464 1385 3539 1444 ὧν
3562 1390 3691 1443 ταῦ-

2111 1496 2180 1532 τα
2205 1479 2349 1550 λέγει
2370 1483 2398 1532 ὀ
2419 1483 2629 1553 Σωτήρ·
2659 1484 2728 1535 El
2759 1485 2792 1536 ὁ
2816 1483 2960 1549 Θεὸς
2986 1484 3186 1550 Πατὴρ
3217 1483 3384 1552 ὑμῶν
3406 1479 3511 1554 ἦν,
3546 1484 3687 1551 fnu-

2112 1569 2260 1626 πᾶτε
2280 1570 2357 1626 ἂν
2382 1572 2502 1642 ἐμέ.
2542 1574 2714 1644 Σαφές
2746 1574 2825 1637 δέ,
2853 1576 2935 1627 ὅτι
2961 1576 3010 1628 οἱ
3041 1575 3330 1645 ζητοῦντες
3363 1578 3686 1630 ἀποκτεῖναι

2111 1663 2202 1717 τὸν
2233 1664 2360 1718 Υίὸν
2404 1663 2514 1734 (56)
2555 1665 2657 1719 οὐκ
2685 1667 2913 1736 ἠγάπων
2943 1667 3126 1720 αὐτόν·
3164 1666 3237 1738 μὴ
3271 1665 3603 1734 ἀγαπῶντες
3635 1667 3689 1719 δὲ

2113 1755 2294 1820 αὑτὸν,
2325 1757 2426 1810 οὐκ
2451 1756 2517 1811 ἂν
2566 1755 2928 1828 ἐχρημάτιζον
2952 1759 3061 1812 υἱοὶ
3095 1758 3204 1828 (57)
3232 1757 3326 1812 τοῦ
3357 1757 3517 1812 Θεοῦ’
3545 1757 3689 1811 ὥστε

2111 1849 2288 1920 δῆλον,
2309 1851 2390 1905 ὅτι
2419 1851 2499 1903 1:6-
2539 1851 2644 1904 Καὶ
2672 1850 2838 1919 ὑμεῖς
2869 1846 2984 1907 οὖν
3008 1851 3050 1906 ἁ
3081 1852 3382 1921 ἠκούσατε
3395 1851 3562 1920 παρὰ
3586 1851 3690 1905 τοῦ

2043 1915 2086 1970 Β
2113 1915 2363 2012 Πατρός,
2390 1943 2628 2008 ποιεῖτε,
2652 1915 2754 1996 odit
2785 1915 2897 1998 ἴσον
2915 1915 3136 2000 δύναται
3159 1945 3255 2018 τῷ,
3270 1944 3426 2014 παρὰ
3445 1915 3689 1999 toﬁna-

2111 2033 2250 2102 τρὸς
2278 2034 2464 2105 ὑμῶν.

2183 2128 2268 2183 10.
2322 2128 2490 2198 Λέγει
2549 2128 2746 2196 αὐτοῖς
2805 2130 2839 2182 ὀ
2905 2125 3153 2195 Ἰησοῦς-ο
3204 2127 3273 2182 El
3327 2124 3519 2179 τέκνα
3583 2121 3690 2176 τοῦ

2112 2219 2359 2291 Ἀϐραάμ
2384 2221 2545 2287 ἐστε,
2580 2221 2653 2275 τὰ
2689 2221 2833 2291 ἔργα
2863 2219 2968 2276 τοῦ
2993 2221 3238 2289 Ἀϐραὰμ
3263 2218 3509 2272 ποιεῖτε.
3534 2216 3604 2269 Θί
3632 2215 3692 2267 ἓν

2109 2328 2163 2364 τι
2204 2310 2312 2381 (58)
2357 2311 2732 2383 ἐπιλεξάμενοι
2767 2311 2875 2366 τῶν
2925 2310 3018 2365 τοῦ
3078 2311 3326 2383 Ἀϐραάμ
3367 2311 3573 2381 ἔργων,
3606 2306 3687 2359 τό·

2111 2401 2462 2454 Ἑπίστευσε
2489 2399 2558 2453 δὲ
2588 2400 2832 2470 Ἀϐραὰμ
2856 2398 2936 2466 τῷ
2969 2398 3110 2464 Θεῷ,
3137 2400 3232 2454 καὶ
3263 2401 3558 2469 ἐλογίσθη
3587 2403 3691 2454 αὐ-

2111 2487 2190 2554 τῷ
2215 2491 2301 2554 εις
2325 2488 2736 2556 δικαιοσύνην,
2781 2489 2878 2542 καὶ
2907 2488 3066 2542 τοῦτο
3089 2488 3395 2559 νομίζοντες
3425 2485 3571 2543 εἶναι
3605 2487 3691 2559 ἐφ’

2109 2580 2137 2634 ὃ
2163 2580 2580 2651 άναφέρεταιτό·
2637 2581 2712 2634 Τὰ
2738 2580 2883 2651 ἔργα
2904 2581 3010 2636 τοῦ
3031 2580 3278 2650 Ἀϐραὰμ
3317 2581 3568 2648 ποιεῖτε,
3608 2585 3692 2636 ἵνα

2109 2673 2205 2724 καὶ
2232 2671 2556 2744 συγχωρηθῇ
2596 2673 2802 2737 αὐτοῖς,
2847 2672 2930 2725 ὅτι
2953 2671 3111 2744 ἔργον
3137 2672 3284 2726 ἐστὶν
3311 2673 3346 2743 ἡ
3373 2672 3585 2737 πίστις,
3630 2675 3691 2728 οὐ

2112 2764 2462 2835 συγχωρηθὲν
2492 2763 2558 2817 ἂν
2583 2764 2686 2816 ὑπὸ
2726 2763 2834 2818 τῶν
2868 2763 3318 2836 παραδεχομένων
3339 2763 3418 2817 te"
3473 2766 3693 2830 Πίστις

2109 2855 2488 2925 χωρὶςὲργων
2515 2855 2698 2923 νεκρὰ
2727 2856 2918 2920 ἐστιν,
2943 2855 3052 2909 οὐδ’
3081 2856 3186 2910 ὑπὸ
3206 2855 3312 2909 τῶν
3349 2856 3692 2921 ἀκουόντων,

2107 2947 2188 3000 ὅτι
2219 2946 2461 3018 διαφέρει
2481 2948 2542 3000 τὸ
2565 2946 2900 3002 δικαιοῦσθαι
2928 2950 2992 3002 ἐκ
3015 2946 3247 3011 πίστεως
3260 2948 3403 3020 ἥπερ
3424 2948 3488 3013 ἐξ
3509 2947 3694 3019 ἔργων

2109 3038 2294 3109 νόμου,
2346 3039 2758 3107 άπολεγέτωσαν
2816 3037 2930 3108 (59)
2972 3038 3060 3092 διά
3087 3038 3139 3092 τι
3178 3038 3277 3092 οὐκ
3309 3040 3553 3110 εἴρηται·
3623 3039 3690 3093 El

2107 3129 2289 3183 τέκνα
2335 3129 2443 3183 τοῦ
2486 3128 2731 3198 Ἀϐραάμ
2779 3129 2939 3193 ἐστε,
2979 3127 3045 3182 τὸ
3078 3129 3254 3199 ἔργον
3281 3130 3387 3185 τοῦ
3434 3131 3691 3200 Ἀϐραὰμ

2109 3221 2344 3285 ποιεῖτε,
2397 3221 2608 3286 ἑνικῶς,
2638 3222 2774 3278 ἀλλὰ
2824 3220 3198 3292 πληθυντικῶς
3217 3259 3233 3285 ,
3270 3225 3345 3277 Τὰ
3389 3223 3538 3291 ἔργα
3579 3224 3690 3277 τοῦ

2106 3312 2355 3383 Ἀϐραὰμ
2381 3313 2618 3376 ποιεῖτε,
2645 3315 2779 3379 ἴσον,
2813 3313 2888 3379 ὡς
2915 3310 3097 3385 οἶμαι,
3120 3314 3384 3385 τυγχάνον
3407 3315 3508 3385 eq»
3533 3316 3696 3369 [Itir-

2106 3423 2180 3459 ta
2209 3406 2280 3460 τὰ
2303 3407 2446 3475 ἔργα
2467 3407 2571 3461 τοῦ
2601 3406 2846 3476 Ἀϐραὰμ
2873 3405 3110 3460 ποιεῖτε.
3147 3407 3211 3460 Ei
3232 3407 3288 3460 δὲ
3314 3409 3428 3460 [σον
3452 3406 3573 3460 ἐστὶ
3586 3407 3690 3478 τῷ*

2105 3497 2187 3550 Τά
2214 3497 2392 3550 πάντα
2421 3496 2562 3566 ἔργα
2583 3494 2690 3549 τοῦ
2724 3493 2970 3564 Ἀϐραὰμ
3005 3495 3241 3561 ποιεῖτε,
3276 3495 3370 3550 καὶ
3408 3497 3551 3567 μήτε
3576 3513 3686 3549 σω-

2108 3589 2351 3660 ματικῶς
2375 3589 2634 3661 παιδίσκῃ
2660 3588 2740 3641 δεῖ
2755 3587 3066 3661 προσελθεῖν
3079 3587 3168 3641 τὸν
3196 3587 3388 3657 ἔχοντα
3404 3589 3685 3658 γαμετὴν,

2109 3681 2245 3751 μήτε
2273 3680 2410 3750 μετὰ
2424 3681 2522 3751 τὴν
2549 3681 2804 3753 τελευτὴν
2833 3680 2944 3754 (60)
2959 3683 3058 3754 τῆς
3077 3677 3468 3750 γεγαμημένης
3489 3681 3548 3732 ἐν
3578 3680 3684 3749 γή-

2106 3787 2177 3842 ρᾳ
2218 3771 2384 3841 ἄλλην
2437 3774 2669 3840 γυναῖκα
2719 3771 2923 3836 λαϐεῖν,
2976 3772 3067 3827 τὸν
3103 3773 3242 3826 κατά
3278 3770 3373 3823 τοῦ
3421 3771 3684 3841 Σωτῆρος

2105 3862 2379 3933 ὑφήγησιν
2412 3862 2632 3916 θέλοντα
2660 3863 2844 3917 τέκνον
2876 3860 3364 3934 ἀποδειχθῆναιτοῦ
3393 3861 3682 3933 Ἀϐραὰμ,

2102 3954 2168 4007 ἐκ
2193 3954 2287 4008 τοῦ
2317 3959 2488 4011 ποιεῖν
2509 3956 2576 4010 τὰ
2598 3956 2732 4028 ἔργα
2752 3954 2845 4010 τοῦ
2864 3955 3133 4028 Ἁϐραάμ·
3165 3954 3348 4026 σαφῶς
3372 3955 3469 4008 καὶ
3494 3953 3682 4007 ἐντεῦ-

2103 4045 2194 4100 θεν
2219 4047 2575 4120 μανθάνομεν,
2608 4050 2688 4102 ὅτι
2706 4049 2789 4102 δεῖ
2807 4050 2984 4102 πᾶσαν
3014 4048 3112 4119 τὴν
3135 4047 3273 4102 κατὰ
3301 4047 3392 4100 τὸν
3421 4045 3682 4116 Ἀϐραὰμ

435 4149 799 4216 intelligentcs
859 4157 1074 4198 omnem
1121 4143 1356 4197 Abralia:
1421 4141 1726 4206 historiam,
1786 4140 1998 4210 singula

2111 4140 2499 4211 ἐλληγοροῦντα
2537 4141 2774 4212 ἱστορίαν
2794 4141 3023 4195 ἕκαστον
3053 4139 3413 4209 πνευματικὸν
3444 4137 3681 4207 ποιῆσαι

434 4253 556 4308 quae
593 4239 708 4306 ipse
746 4233 1100 4302 corporaliter
1148 4231 1317 4298 fecit,
1369 4230 1724 4300 spiritualiter
1768 4245 1799 4283 a
1841 4230 2003 4287 nobis

2111 4235 2210 4288 τῶν
2250 4234 2652 4305 πεπραγμένων
2695 4234 2784 4286 ὑπ’
2835 4233 3021 4299 αὑτοῦ,
3057 4232 3361 4304 ἀρξάμενον
3400 4231 3513 4284 ἀπὸ
3553 4230 3676 4284 τοῦ·

434 4332 595 4396 liant,
633 4327 962 4396 incipientes
997 4325 1064 4380 ab
1114 4337 1184 4378 eo
1223 4323 1414 4378 dicto:
1463 4321 1721 4392 Egredere
1759 4323 1823 4378 de
1857 4332 2000 4378 terra

2111 4325 2346 4391 Ἔξελθε
2369 4326 2437 4380 ἐκ
2464 4325 2572 4394 τῆς
2601 4324 2708 4397 γῆς
2748 4341 2885 4389 σου,
2933 4326 3030 4380 καὶ
3071 4326 3141 4379 ἐκ
3167 4322 3277 4392 τῆς
3315 4325 3680 4394 συγγενείας

435 4429 552 4486 tua,
581 4427 630 4472 et
665 4420 729 4471 de
771 4415 1080 4485 cognatione
1101 4425 1229 4477 tua,
1260 4415 1395 4469 etde
1425 4415 1579 4467 domo
1609 4415 1776 4482 patris
1810 4415 1909 4479 tui,
1949 4422 1998 4467 et

2111 4431 2242 4482 σου,
2285 4416 2472 4470 κιιὶὲκ
2515 4416 2622 4471 τοῦ
2648 4417 2817 4470 οἴκου
2845 4415 2951 4470 τοῦ
2979 4417 3202 4485 πατρός
3248 4431 3386 4481 σου,
3425 4417 3517 4480 εἰς
3557 4415 3677 4482 τὴν

434 4511 547 4566 versi
569 4511 626 4564 in
643 4519 833 4563 terram
849 4523 1005 4577 quam
1021 4513 1378 4560 monstravero
1402 4505 1499 4559 tibi
1513 4504 1560 4537 “
1583 4521 1597 4560 :
1627 4505 1679 4559 id
1700 4505 1844 4574 quod
1867 4517 1999 4558 sane

2111 4507 2215 4580 Γῆν
2246 4507 2328 4576 ἦν
2355 4507 2432 4562 ἄν
2468 4522 2566 4562 σοι
2608 4507 2802 4573 δείξω,
2832 4507 3123 4580 εἰρημένου
3155 4508 3216 4560 οὐ
3248 4507 3394 4578 μόνῳ
3422 4507 3535 4578 (61)
3593 4508 3678 4579 τῷ

431 4603 636 4658 dictum
661 4607 746 4655 est
773 4613 879 4652 non
911 4597 1009 4652 soli
1041 4597 1274 4652 Abrahae
1294 4636 1310 4660 ,
1351 4611 1540 4652 verum
1575 4597 1738 4651 etiam
1770 4594 1993 4651 cuicun-

2111 4602 2378 4675 Ἀϐραὰμ,
2413 4599 2549 4657 άλλὰ
2587 4603 2682 4656 καὶ
2706 4603 2868 4656 παντὶ
2903 4603 2978 4673 τῷ
3012 4601 3251 4672 ἐσομένῳ
3262 4600 3434 4672 τέκνῳ
3479 4600 3672 4654 αὑτοῦ.

427 4710 536 4770 que
567 4693 658 4767 qui
683 4691 854 4762 ipsius
888 4689 1028 4743 [ilius
1055 4691 1127 4743 sit
1163 4685 1398 4742 futurus.
1444 4687 1540 4742 Est
1577 4688 1722 4741 enim
1745 4687 1992 4756 quaedam

428 4786 852 4854 uniuscujusque
897 4789 1141 4835 nostrum
1175 4787 1318 4832 terra
1339 4819 1354 4842 ,
1390 4787 1553 4846 atque
1593 4779 1838 4847 quaedam
1870 4787 1996 4834 ante

431 4880 670 4935 divinum
694 4882 1012 4944 responsum
1051 4883 1159 4925 non
1199 4868 1336 4923 bona
1368 4871 1662 4938 cognatio;
1693 4878 1746 4923 et
1785 4877 1999 4938 postre-

430 4987 519 5028 mo
545 4970 789 5043 quaedam
822 4967 1014 5021 domus
1053 4961 1223 5032 patris
1254 4959 1458 5022 nostri,
1485 4969 1778 5029 antequam
1807 4974 1996 5030 perve-

429 5067 544 5121 niat
564 5077 744 5120 sermo
774 5060 868 5117 Dei
902 5058 971 5114 ad
1007 5070 1108 5112 nos
1133 5071 1155 5110 ι’
1180 5068 1302 5124 quae
1347 5052 1530 5106 omnia
1580 5051 1736 5107 nobis
1772 5061 1995 5122 pr0pter

428 5165 738 5211 sermonem
781 5150 874 5207 Dei
926 5147 1234 5204 damnanda
1294 5154 1422 5200 sunt
1465 5153 1522 5198 et
1569 5145 1888 5209 omittenda,
1943 5143 1992 5199 si

431 5244 778 5303 Servatorem
857 5243 1106 5297 audimus
1155 5239 1424 5293 dicentem
1451 5252 1476 5289 :-
1496 5234 1557 5290 Si
1613 5234 1715 5303 ﬁlii
1766 5234 1994 5289 Abram:

497 5383 546 5420 ³⁸
573 5383 730 5440 Joan.
767 5397 887 5442 vnt.
921 5382 1010 5439 42.
1103 5381 1146 5413 ⁸⁹
1186 5377 1314 5432 ibid.
1355 5375 1445 5434 38.
1553 5373 1600 5407 δ’
1630 5372 1760 5427 ibid.
1797 5371 1888 5426 59.

437 5452 662 5510 "Rom.
707 5468 788 5516 Ill,
823 5451 914 5507 28.
990 5452 1038 5484 ⁸⁵
1080 5450 1194 5506 Gen
1260 5463 1360 5511 xu,
1412 5447 1464 5502 1.

497 5591 612 5662 (56)
640 5591 820 5648 Codex
852 5590 1191 5662 Bodleianus,
1221 5589 1368 5662 Υίόν·
1400 5587 1621 5658 Regius,
1659 5582 1886 5656 ’ῐησοῦν.

501 5660 615 5730 (57⁷)
644 5663 820 5718 Codex
851 5661 1070 5731 Regius,
1102 5660 1151 5711 οἱ
1187 5660 1311 5713 υἱοί.

497 5734 612 5800 (58)
646 5735 822 5788 Codex
856 5729 1075 5800 Regius.
1109 5729 1495 5800 perperatnpéu
1527 5729 1617 5797 τῇ.

498 5798 610 5874 (59)
637 5805 811 5874 Codex
843 5798 1196 5874 Bodleianus,
1213 5798 1684 5874 ἀποκριθῄτωσαν.

495 5862 608 5946 (60)
639 5872 798 5926 Μετὰ
823 5870 930 5940 τὴν
951 5867 1260 5934 τελευτήν,
1303 5862 1410 5922 etc.
1448 5862 1726 5921 Secundus
1767 5862 1985 5927 nuptias

2101 4694 2256 4747 Ἐστι
2278 4693 2388 4765 γάρ
2419 4711 2504 4758 τις
2533 4695 2626 4748 καὶ
2651 4694 2881 4749 ἑκάστου
2913 4693 3068 4765 ημῶν
3095 4694 3186 4764 γῆ,
3224 4693 3318 4746 καὶ
3360 4693 3394 4764 ἡ
3426 4691 3541 4763 πρὸ
3572 4691 3678 4745 τοῦ

2097 4787 2240 4842 θείου
2265 4786 2647 4858 χρηματισμοῦ
2673 4786 2771 4840 οὐκ
2801 4785 2978 4857 ἀγαθὴ
3016 4785 3320 4855 συγγένεια,
3358 4786 3452 4838 καὶ
3492 4786 3524 4837 ὁ
3564 4783 3675 4855 πρὸ

2094 4877 2189 4930 τοῦ
2218 4877 2519 4945 φθάσαντος
2571 4878 2651 4941 είς
2688 4879 2832 4947 ἡμᾶς
2877 4877 3034 4945 λόγου
3073 4874 3207 4929 Θεοῦ
3247 4873 3392 4939 οἶκος
3424 4875 3541 4946 (62)
3573 4876 3673 4930 τοῦ

2096 4970 2301 5040 πατρὸς
2347 4969 2525 5041 ἡμῶν,
2562 4970 2629 5023 δι’
2669 4969 2704 5022 ἆ
2739 4985 2860 5022 τινα
2894 4967 3108 5022 ἅπαντα
3156 4968 3296 5022 κατὰ
3337 4968 3498 5037 λόγον
3533 4968 3672 5022 Θεοῦ

2096 5060 2274 5132 δεήσει
2299 5062 2447 5132 ἡμᾶς
2473 5058 2795 5126 ἐπεξελθεῖν,
2826 5060 2981 5130 εἴπερ
3001 5058 3268 5130 ἀκούομεν
3289 5059 3384 5112 τοῦ
3413 5060 3673 5134 ωτῆρος

2097 5151 2367 5219 λέγοντος·
2403 5153 2470 5204 El
2510 5149 2688 5205 τέκνα
2710 5151 2816 5204 τοῦ
2843 5148 3087 5219 Ἁϐραάμ
3108 5149 3268 5213 ἐστε,
3300 5150 3372 5203 τὰ
3388 5151 3536 5220 ἔργα
3561 5151 3676 5206 τοῦ

2098 5240 2345 5309 Ἀϐραὰμ
2372 5237 2610 5293 ποιεῖτε·
2631 5238 2772 5293 οὕτω
2789 5237 2898 5312 γάρ
2919 5237 3218 5309 φθάσομεν,
3240 5237 3316 5301 ὡς
3338 5239 3676 5292 καταλιπόν-

1978 5371 2022 5404 ⁶¹
2052 5371 2283 5441 Gen.xv,
2324 5373 2419 5439 16;
2455 5372 2612 5429 Rom.
2649 5389 2723 5439 tv,
2767 5373 2829 5440 3;
2877 5372 2995 5429 Jac.
3037 5389 3098 5440 ιι,
3131 5373 3221 5428 25.
3296 5372 3341 5407 ⁸⁸
3371 5373 3510 5430 ibid.
3570 5375 3671 5430 20.

2101 5600 2205 5638 non
2230 5584 2452 5637 omnino
2480 5583 2738 5652 probasse
2774 5579 3058 5652 Origenem
3108 5578 3219 5648 jam
3275 5579 3566 5635 docuimus
3613 5579 3677 5635 il

2100 5653 2456 5724 Origeniaut’s.
2478 5655 2738 5724 llUE't'tUs.

2169 5719 2285 5795 (Gl)
2315 5724 2496 5795 Codex
2533 5723 2874 5795 Bodleianus,
2911 5719 3056 5795 μόνη)
3079 5737 3093 5750 ·
3126 5719 3347 5790 Regius,
3377 5720 3565 5790 μόνον.

2171 5737 2253 5795 (οι
2315 5737 2496 5778 noue;
2533 5737 2874 5787 uoutetanus,
2911 5737 3008 5791 μον
3079 5737 3093 5750 ·
3126 5737 3150 5774 κ

2171 5737 2285 5864 (ϐῆ)
2317 5793 2371 5849 lu
2396 5796 2581 5849 codice
2610 5793 2774 5862 Regio
2803 5792 2956 5846 deest
2983 5737 3150 5851 case.
