3804 6552
88 389 190 446 593

1136 389 1489 448 COMMENT.
1534 391 1601 447 IN
1639 391 1830 449 JOAN.
1873 393 2110 451 TOMUS
2148 395 2266 453 XX.

3217 375 3319 461 sin

82 527 166 572 τες
217 510 320 581 τὴν
374 509 650 582 ἡμετέραν
699 509 823 581 γῆν,
878 511 963 580 ἐφ’
1007 511 1076 584 ῆν
1105 511 1266 578 δείξει
1310 515 1444 585 ἡμῖν
1484 514 1586 584 γῆν
1618 514 1644 567 ὁ

1747 516 1893 582 estis,
1930 531 2086 585 apem
2125 515 2348 570 Abs-alue
2389 515 2578 584 facile;
2614 516 2695 572 sic
2720 517 2864 572 enim
2911 518 3316 587 perveniemus,

81 603 208 667 Θεὸς
257 603 354 674 τὴν
403 602 619 672 ἀληθῶς
661 604 890 675 ἀγαθὴν,
945 604 1040 658 καί
1093 604 1261 670 ὅντως
1315 605 1535 678 πολλὴν,
1584 607 1652 679 ἢν

79 695 182 751 ἀπὸ
227 695 435 768 Κυρίου
471 693 571 764 ,τοῦ
621 695 754 749 Θεοῦ
806 696 1007 768 πρέπει
1058 695 1293 750 δίδοσθαι
1339 699 1452 761 τοῖς
1491 700 1650 769 ποιή-

82 805 202 841 σασι
261 787 325 840 τὸ
366 786 841 858 προστεταγμένον
889 787 946 839 ὲν
990 785 1089 857 τῷ·
1138 786 1382 852 Ἔξελθε
1424 786 1492 840 ἐκ
1541 786 1652 856 τῆς

80 877 182 950 τῆς
247 892 369 933 σου
388 895 405 911 ·
468 879 564 931 καὶ
619 877 695 941 ὡς
764 878 1153 943 καταλιπόντες
1209 879 1528 949 συγγένειαν
1585 880 1648 933 ού

78 971 246 1043 καλήν
311 971 394 1034 είς
450 969 602 1033 ἔθνος
667 969 905 1041 ἐσόμεθα
973 972 1136 1043 μέγα,
1207 972 1303 1025 καὶ
1371 969 1552 1043 μεῖζον
1613 969 1650 1043 ἢ

78 1062 213 1116 κατὰ
269 1062 609 1132 ἀνθρώπους·
668 1063 763 1116 καὶ
811 1063 886 1128 ὼς
937 1065 1447 1135 καταφρονήσαντες
1497 1063 1650 1116 οίκου

79 1155 285 1226 πατρὸς
341 1155 443 1208 οὐκ
505 1153 808 1219 ἐπαινετοῦ,
869 1153 1366 1227 εὐλογηθησόμεθα,
1415 1153 1650 1226 μεγαλυ-

77 1246 299 1316 νομένου
364 1243 458 1300 τοῦ
521 1245 781 1318 ὀνόματος
849 1246 1037 1318 ἡμῶν,
1091 1247 1365 1318 γινόμενοι
1421 1245 1650 1320 εὐλογη-

79 1339 154 1392 τοὶ
205 1337 302 1390 ἐπὶ
343 1337 619 1400 τοσοῦτον,
667 1338 744 1402 ὼς
790 1339 915 1399 τοὺς
957 1339 1056 1411 μὲν
1101 1338 1453 1409 εὐλογοῦντας
1500 1340 1648 1410 ἡμᾶς

80 1429 411 1498 εὐλογεῖσθαι
460 1431 567 1484 ὑπὸ
613 1429 708 1484 τοῦ
750 1430 907 1494 Θεοῦ,
950 1431 1079 1496 τοὺς
1124 1431 1182 1485 δὲ
1230 1432 1648 1504 καταρωμένους

81 1521 176 1574 ὑπὸ
211 1523 462 1593 κατάραν
493 1522 740 1586 ἔσεσθαι,
775 1523 956 1577 πᾶσάν
988 1540 1046 1576 τε
1081 1524 1185 1596 γῆς
1225 1524 1397 1596 φυλὴν
1425 1525 1483 1577 ἑν
1514 1523 1647 1595 ἡμῖν

79 1611 440 1679 εὐλογεῖσθαι·
476 1613 566 1665 ὅτε
595 1615 688 1666 καὶ
717 1613 846 1684 περὶ
889 1613 1048 1684 ἡμῶν
1086 1615 1228 1667 εἴποι
1278 1613 1344 1668 ἂν
1375 1616 1404 1668 ό
1453 1613 1642 1682 λόγος*

89 1704 438 1771 Ἐπορεύθη,
489 1706 564 1766 ὡς
604 1704 817 1775 εἴρηται
861 1705 989 1776 περὶ
1031 1704 1311 1777 Ἀϐραάμο
1355 1705 1464 1760 Καὶ
1514 1704 1647 1759 ἐπο-

77 1795 248 1861 ρεύθη
291 1795 556 1863 Ἀϐραὰμ,
598 1794 863 1863 καθάπερ
894 1795 1200 1864 ἐλάλησεν
1223 1795 1383 1862 αὐτῷ
1409 1795 1640 1864 Κύριος.

1752 605 1878 675 quia
1914 605 2296 675 reliquerimus
2333 615 2534 660 terram
2573 615 2833 673 nostram,
2861 609 2927 661 ad
2963 622 3083 662 eam
3115 618 3316 662 terram

1755 712 1918 766 quam
1950 699 2112 753 nobis
2151 699 2401 753 ostendet
2437 696 2740 754 Dominus:
2771 714 2966 770 nempe
3004 700 3073 754 ad
3116 709 3316 755 terram

1751 803 1880 846 vere
1910 792 2104 845 bonam
2129 805 2364 863 vereque
2393 791 2617 846 multam
2646 830 2661 858 ,
2694 807 2854 862 quam
2885 807 2914 847 a
2944 791 3172 848 Domino
3208 794 3317 850 Deo

1751 881 1869 936 dari
1925 886 2026 952 pa‘r
2079 891 2161 938 est
2214 884 2297 938 his
2345 883 2435 953 qui
2491 883 2636 953 quod
2679 880 2836 950 jubet
2885 883 2940 939 in
2994 884 3089 940 illo
3135 885 3316 953 dicto,

1752 973 2016 1044 Egredere
2049 975 2115 1030 de
2151 985 2292 1030 terra
2315 987 2429 1041 tua,
2470 977 2800 1046 peregerint.
2817 970 2960 1039 Quin
2978 971 3146 1032 etiam
3192 990 3318 1032 tan-

1749 1079 1916 1135 quam
1949 1066 2041 1136 qui
2076 1066 2455 1137 reliquerimus
2508 1068 2890 1138 cognationem
2923 1082 3029 1122 non
3077 1067 3315 1134 bonam,

1749 1155 1958 1211 erimus
2005 1155 2059 1210 in
2094 1168 2308 1228 gentem
2363 1171 2614 1227 magnam
2668 1157 2737 1224 “,
2778 1171 3008 1228 eamque
3050 1155 3317 1226 majorem

1747 1260 1910 1317 quam
1957 1246 2284 1302 hominum:
2318 1256 2692 1319 tanquamque
2755 1248 2847 1318 qui
2905 1248 3316 1317 despexerimus

1747 1338 1968 1394 domum
2027 1339 2199 1410 patris
2247 1339 2650 1405 illaudabilem,
2700 1339 3106 1403 benedicemur,
3151 1339 3318 1410 319

1747 1429 2096 1501 magnificam
2184 1432 2400 1486 nomine
2458 1439 2679 1498 nostro,
2733 1441 2787 1489 et
2829 1434 2897 1488 ad
2955 1440 3157 1486 tantam
3221 1434 3316 1487 be-

1748 1520 2112 1576 nedictionem
2144 1523 2548 1590 pervenientes,
2587 1531 2647 1576 ut
2678 1522 2760 1577 vel
2788 1522 2944 1578 nobis
2971 1537 3189 1592 quoque
3219 1523 3314 1578 be-

1747 1610 2065 1666 nedicentes
2094 1624 2125 1664 a
2159 1611 2386 1666 Domino
2414 1612 2827 1679 benedicantur,
2855 1612 3114 1683 nobisque
3142 1610 3313 1668 male-

1747 1701 2016 1769 dicentes,
2046 1703 2185 1758 diris
2216 1705 2604 1769 devoveantur,
2635 1714 2800 1775 atque
2817 1704 2978 1759 etiam
3005 1719 3194 1762 omnes
3230 1703 3312 1759 fa-

1746 1791 1909 1847 miliae
1942 1802 2103 1848 terra:
2146 1793 2201 1848 in
2238 1794 2393 1849 nobis
2424 1795 2819 1850 benedicantur
2848 1814 2861 1850 :
2895 1797 3109 1866 quando
3147 1796 3314 1851 etiam

79 1880 234 1954 Οἶμαι
281 1885 361 1950 δὲ,
403 1887 486 1939 ὅτι
515 1888 572 1939 ἑν
603 1889 722 1951 ταῖς
757 1887 972 1958 ἀρχαῖς,
1002 1889 1096 1941 καὶ
1125 1887 1220 1940 ἐπὶ
1251 1886 1418 1940 ποσὸν
1455 1887 1486 1938 ό
1518 1885 1644 1940 Λὼτ

1746 1884 1814 1938 de
1849 1885 2008 1941 nobis
2043 1901 2229 1942 sermo
2277 1887 2367 1941 ille
2399 1887 2610 1942 dicetur
2641 1905 2656 1942 :
2683 1887 2944 1958 Egressus
2990 1898 3099 1953 est,
3133 1888 3312 1944 ut-di-

78 1976 259 2044 ἕψεται
299 1978 454 2047 ήμῖν,
491 1971 552 2032 οὗ
586 1976 851 2048 σύμϐολον
891 1974 959 2049 ἦν
985 1976 1078 2030 τόο
1126 1978 1236 2031 Καὶ
1283 1977 1469 2047 ᾤχετο
1513 1977 1642 2048 μετ’

71 2067 254 2121 αὑτοῦ
283 2067 437 2132 Λὼτ,
469 2069 564 2122 καὶ
603 2070 988 2134 ἐπανελθόντες
1027 2071 1107 2134 είς
1137 2069 1242 2140 γῆν
1274 2068 1495 2124 Χαναὰν
1533 2070 1642 2123 διο-

75 2159 331 2231 δεύσομεν
373 2161 471 2232 τὴν
517 2163 623 2233 γῆν
653 2163 757 2228 ἕως
789 2162 884 2217 τοῦ
925 2163 1095 2216 τόπου
1124 2162 1342 2234 Συχὲμ,
1390 2161 1534 2216 οὕτω
1572 2165 1640 2235 τῇ

75 2251 328 2306 ἀναϐάσει
359 2253 460 2323 τῆς
507 2253 745 2317 διανοίας
787 2253 1208 2325 προκόπτοντες,
1254 2254 1360 2318 ἕως
1401 2254 1642 2326 ἔλθωμεν

74 2343 157 2395 ἰπὶ
189 2343 293 2415 τὴν
321 2343 456 2416 δρῦν
484 2346 583 2417 τὴν
613 2345 842 2417 ὑψηλὴν,
886 2345 982 2399 καὶ
1019 2345 1316 2415 ὀφθήσεται
1348 2347 1481 2418 ἡμῖν
1525 2346 1642 2401 Κύ-

77 2452 180 2505 ριος
200 2436 231 2488 ὁ
258 2435 416 2500 Θεὸς,
441 2438 471 2489 ὁ
498 2436 683 2506 ὀφθεὶς
713 2436 794 2508 τῷ
828 2436 1100 2510 Ἀϐραὰμ,
1133 2437 1228 2492 καὶ
1254 2437 1642 2507 ἑπαγγελεῑται

75 2529 191 2597 περὶ
225 2528 330 2599 τὴν
375 2529 584 2601 ὑψηλὴν
624 2529 776 2601 δρῦν,
824 2529 930 2600 γῆν
961 2529 1142 2584 δοῦναι
1191 2529 1272 2602 τῷ
1319 2529 1495 2602 νοητῷ
1540 2531 1643 2601 τῆς

71 2618 238 2692 ψυχῆς
287 2621 448 2691 ἡμῶν
501 2621 795 2693 σπέρματι.
835 2621 941 2676 Τοῦ
970 2623 1029 2676 δὲ
1054 2622 1346 2695 νοήσαντός
1376 2625 1492 2678 ἑστι
1542 2624 1636 2679 τό·

74 2714 257 2782 Ἔργα
308 2714 419 2768 τοῦ
466 2715 713 2784 Ἀϐραὰμ
757 2714 997 2779 ποιεῖτε,
1035 2716 1130 2769 καὶ
1177 2715 1239 2768 τὸ
1290 2715 1641 2787 οίκοδομῆσαι

71 2804 452 2878 θυσιαστήριον
501 2807 722 2878 Κυρίῳ,
769 2805 846 2878 τῷ
877 2807 1073 2877 ὄπουή
1123 2807 1302 2879 ὑψηλὴ
1349 2807 1482 2879 δρῦς
1528 2810 1643 2861 ἑπι-

73 2899 379 2970 φαινομὲνῳ
411 2898 506 2952 καλ⁵
530 2899 682 2970 ἡμῖν,
714 2899 805 2953 καὶ
843 2899 981 2970 μετὰ
1002 2898 1174 2952 ταῦτα
1197 2901 1499 2972 ἀποστῆναι
1533 2900 1640 2954 ἀπὸ

69 2987 156 3040 τοῦ
201 2987 375 3042 τόπου
429 2989 528 3060 τῆς
570 2988 781 3060 ὑψηλῆς
831 2989 992 3062 δρυὸς
1022 2989 1098 3054 ὡς
1134 2991 1227 3043 ἐπὶ
1272 2991 1333 3044 τὸ
1365 2991 1511 3062 δρος,
1547 2992 1640 3046 καὶ

1746 1986 1893 2031 ctum
1941 1988 2024 2032 est
2053 1979 2120 2034 de
2141 1979 2416 2033 Abraham
2439 1979 2522 2036 “z
2558 1979 2627 2034 Et
2650 1997 2890 2052 egressus
2913 1989 2990 2035 est
3023 1981 3310 2046 Abraham,

1743 2067 2184 2136 quemadmodum
2209 2069 2414 2123 locutus
2457 2069 2506 2122 ei
2545 2069 2715 2140 fuerat
2748 2070 3023 2125 Dominus.
3050 2072 3312 2128 Existimo

1744 2169 1924 2215 autem
1957 2159 2200 2215 futurum
2248 2173 2308 2217 ut
2350 2163 2402 2217 in
2455 2163 2740 2234 principio,
2766 2174 2820 2219 et
2861 2163 3176 2234 aliquandiu
3210 2164 3312 2220 Lot

1744 2266 1845 2307 nos
1890 2264 2175 2322 sequatur,
2202 2255 2356 2323 cujus
2403 2267 2528 2310 nata
2571 2255 2702 2310 illud
2749 2256 2893 2311 fuit:
2927 2254 2994 2310 Et
3023 2256 3310 2312 ambulavit

1744 2359 1861 2398 cum
1883 2361 1943 2398 ea
1971 2343 2067 2398 Lot
2091 2344 2157 2411 ⁸⁷,
2187 2356 2242 2402 et
2267 2348 2556 2402 redeuntes
2584 2348 2636 2402 in
2661 2347 2918 2403 Chanaan
2950 2349 3309 2418 pertransibl-

1745 2451 1868 2490 mus
1894 2435 2191 2507 regionem,
2219 2453 2390 2508 usque
2421 2439 2490 2493 ad
2516 2439 2692 2494 locum
2720 2440 2972 2504 Sichem;
3006 2440 3085 2496 sic
3111 2453 3310 2496 ascen-

1743 2527 1897 2582 sione
1922 2528 2268 2598 cogitationis
2309 2530 2682 2599 prollcientes,
2729 2531 2902 2586 donec
2932 2534 3310 2601 perveniamus

1744 2617 1812 2670 ad
1841 2632 2101 2687 quercum
2137 2617 2325 2672 altam.
2363 2619 2643 2674 Videbitur
2667 2621 2831 2674 etiam
2865 2621 3018 2676 nobis
3052 2620 3312 2678 Dominus

1745 2705 1905 2772 Dens,
1961 2707 2052 2776 qui
2096 2708 2246 2762 visus
2280 2718 2368 2764 est
2413 2708 2670 2775 Abralne,
2727 2724 2791 2764 ac
2849 2709 3131 2779 promittet
3162 2714 3308 2767 circa

1739 2811 2000 2866 quercum
2053 2797 2218 2852 altam
2275 2799 2471 2854 semini
2519 2799 2838 2870 intelligibili
2883 2801 3074 2855 animae
3115 2810 3310 2857 nostrae

1741 2889 1872 2944 dare
1902 2897 2125 2944 terram.
2158 2889 2330 2946 Porro
2361 2892 2427 2946 ad
2465 2907 2588 2948 eum
2643 2892 2732 2962 qui
2771 2893 2887 2948 haec
2917 2893 3080 2948 verba
3123 2895 3310 2949 consi-

1740 2979 2014 3035 deraverit
2043 2998 2058 3036 :
2097 2978 2270 3048 Opera
2301 2982 2525 3038 Abrahae
2557 2982 2714 3052 facite
2734 2983 2800 3049 ⁸⁸,
2833 2984 3067 3054 pertinet
3091 3000 3309 3055 quoque

69 3079 154 3131 τοῦ
185 3080 352 3152 ὅρους
383 3080 524 3134 κατὰ
565 3081 664 3143 τὰς
717 3080 981 3145 ἀνατολὰς
1011 3081 1112 3152 τῆς
1153 3082 1356 3154 Βαιθὴλ
1387 3082 1435 3153 (ὃ
1469 3083 1641 3155 ἑρμη-

1746 3083 1890 3122 aram
1941 3070 2215 3126 aediﬁcare
2264 3073 2492 3127 Domino
2515 3071 2596 3140 ";
2650 3073 2898 3142 Domino,
2941 3075 3183 3145 inquam,
3213 3075 3305 3146 qui

71 3171 280 3226 γεύεται
326 3168 494 3237 οἵκος
527 3173 730 3238 Θεοῦ),
761 3172 889 3227 ἔνθα
917 3175 1102 3246 στήσει
1134 3173 1326 3228 ἑαυτοῦ
1371 3174 1469 3248 τὴν
1501 3192 1638 3247 σκη-
1671 3237 1706 3248 _
1741 3160 1897 3215 Ποδίδ
1923 3175 2139 3232 (ιυοίιυθ
2165 3165 2517 3233 εριιπθιυυὺί
2541 3175 2630 3219 θεῖ
2648 3181 2886 3235 quercus
2917 3167 3025 3220 alia
3049 3184 3064 3233 ἱ
3092 3176 3307 3238 Ροδιθεδ·

70 3263 178 3332 νὴν,
203 3265 309 3335 τῆς
345 3264 446 3335 μὲν
491 3237 795 3335 Βαιθὴλῶς
818 3265 911 3318 ἐπὶ
949 3237 1093 3318 κατὰ
1133 3237 1438 3329 θάλασσαν,
1453 3265 1554 3336 τῆς
1580 3237 1639 3320 δὲ

1746 3266 1847 3320 que
1891 3253 2155 3321 recedere
2184 3269 2214 3307 a
2262 3256 2382 3310 loco
2413 3255 2535 3310 alta:
2584 3270 2840 3326 quercus,
2867 3257 3022 3328 quasi
3053 3237 3121 3312 ad
3155 3273 3307 3314 mon-

81 3355 268 3423 ’Δγγαὶ
310 3353 422 3425 (65)
448 3354 525 3419 ὡς
566 3355 660 3408 ἑπὶ
687 3356 806 3408 κατ’
837 3355 1110 3422 ἀνατολὰςξ
1151 3355 1530 3428 (ἑρμηνεύεται
1581 3357 1639 3411 δὲ

1746 3351 1872 3409 tem,
1897 3354 1952 3398 et
1983 3359 2012 3398 a
2045 3356 2229 3401 monte
2254 3345 2322 3400 ad
2349 3349 2614 3403 orientem
2646 3347 2832 3403 Bethel
2859 3349 3029 3419 (quod
3055 3350 3100 3404 si
3133 3351 3306 3406 inter.

81 3445 273 3514 ’Δγγαὶ
313 3443 571 3514 ἑορταὶ),
611 3447 704 3500 καὶ
733 3447 810 3511 ὡς
852 3446 1173 3519 προκόπτων
1215 3465 1279 3518 γε
1325 3450 1354 3502 ὁ
1401 3449 1638 3515 τοιοῦτος

1746 3433 1990 3502 preteris,
2013 3442 2305 3490 estdomus
2338 3437 2479 3509 Dei),
2512 3439 2602 3492 ubi
2636 3439 2764 3510 ﬁget
2789 3443 3081 3496 tentorium
3113 3457 3302 3508 suum;

72 3535 202 3605 μετὰ
243 3536 421 3589 ταῦτα
448 3535 699 3608 δεύτερον
739 3538 1081 3610 οἰκοδομήσει
1120 3537 1200 3610 τῷ
1231 3540 1420 3611 Κυρίῳ
1453 3539 1638 3593 θυσια-

1746 3521 1928 3580 Bethel
1971 3529 2185 3597 quidem
2217 3539 2468 3598 tanquam
2501 3531 2564 3584 ad
2595 3544 2768 3598 mare,
2805 3535 2971 3601 Auge:
3015 3548 3144 3589 vero
3183 3543 3304 3588 tan-

70 3628 316 3699 στήριον·
361 3627 466 3708 ήδη
517 3627 613 3680 καὶ
673 3628 1046 3684 ἐπικαλεῖσθαι
1082 3629 1375 3702 δυνάμενος
1423 3631 1517 3684 ἐπὶ
1561 3629 1638 3702 τῷ

1746 3631 1900 3686 quam
1936 3621 2004 3672 ad
2027 3621 2292 3676 orientem
2322 3620 2389 3693 (si
2423 3623 2796 3690 interpreteris
2817 3625 2960 3678 enim
2993 3625 3179 3695 Angw,
3208 3641 3303 3682 so-

68 3719 288 3791 ὀνόματι
318 3721 417 3775 τοῦ
460 3721 688 3794 Κυρίου,
725 3724 820 3776 καὶ
856 3723 985 3794 ἑξῆς
1012 3723 1261 3796 ἀπαίρων
1293 3723 1568 3786 κάκεῖθεν,
1609 3725 1638 3778 ὁ

1746 3720 1834 3766 nat
1875 3709 2227 3780 festivitates),
2271 3721 2434 3782 atque
2482 3713 2530 3770 is
2577 3713 2821 3783 profecto
2865 3731 2963 3771 ceu
3016 3717 3303 3787 proﬁciens

69 3811 319 3883 ἐσόμενος
346 3812 536 3867 τέκνον
572 3813 663 3866 τοῦ
701 3814 968 3887 Ἀϐραὰμ,
1001 3817 1289 3887 γενόμενός
1327 3833 1442 3879 πως
1473 3833 1637 3888 στρα-

1746 3814 1858 3875 post
1905 3806 2021 3861 haec
2078 3822 2294 3862 rursum
2349 3806 2576 3863 Domino
2624 3808 2915 3865 mdilicabit
2950 3825 3143 3876 aram;
3188 3811 3302 3882 jam

67 3900 456 3974 τηγικώτερος,
491 3903 586 3956 καὶ
623 3905 826 3968 συνιεὶς
857 3904 994 3977 πρὸς
1024 3906 1180 3969 ὅσους
1221 3904 1511 3976 πολεμίους
1539 3906 1636 3960 αὑ-

1746 3899 1900 3956 etiam
1934 3899 2191 3955 invocare
2221 3898 2411 3954 valens
2443 3903 2494 3954 in
2525 3901 2742 3956 nomine
2775 3900 3006 3967 Domini,
3033 3918 3130 3972 per
3153 3906 3303 3959 ordi-

67 3995 149 4047 τὸν
194 3995 730 4066 παρασκευάσασθαι
791 3997 904 4063 δεῖ,
955 3997 1400 4070 στρατοπεδεύσει
1453 4000 1513 4053 ἑν
1566 4001 1633 4071 τῇ

1746 4006 1971 4062 nemque
2001 3993 2127 4047 inde
2150 3992 2386 4060 solvens,
2412 3994 2504 4064 qui
2536 3993 2750 4050 futurus
2770 4005 2856 4051 est
2880 3996 3022 4053 Illius
3045 3997 3298 4066 Abrahae,

70 4088 278 4158 ἐρήμῳ*
323 4087 465 4157 μετὰ
497 4087 667 4140 ταῦτα
701 4091 895 4160 πεῖραν
939 4089 1098 4162 λιμοῦ
1144 4090 1370 4161 λήψεται
1417 4087 1511 4144 τοῦ
1544 4091 1636 4143 ἑπὶ

1746 4080 1917 4137 lactus
1951 4082 2136 4152 aliquo
2185 4083 2346 4138 modo
2375 4085 2607 4139 ducendi
2641 4085 2915 4143 exercitus
2940 4087 3188 4157 peritior,
3220 4089 3306 4143 in-

65 4181 156 4249 τῆς
205 4178 337 4251 γῆς,
379 4181 477 4233 καὶ
528 4181 608 4243 είς
657 4181 757 4253 τὴν
804 4182 1075 4250 Αἴγυπτον
1132 4181 1502 4254 καταϐήσεται
1539 4181 1634 4236 τοῦ

1746 4172 2095 4244 telligensque
2119 4175 2183 4228 ad
2219 4185 2353 4245 quot
2380 4175 2517 4231 bella
2540 4177 2778 4246 seipsum
2804 4193 3110 4249 praeparare
3136 4195 3302 4250 opor-

65 4273 398 4344 παροικῆσαι
430 4270 540 4342 (64)
588 4273 722 4334 ἐκεῖ,
767 4273 851 4326 ἵνα
895 4273 968 4344 μὴ
1003 4273 1099 4327 καὶ
1136 4272 1300 4327 αὑτοῦ
1332 4273 1635 4346 κατισχύσῃ

1746 4278 1874 4336 teat,
1925 4273 2408 4327 castrametabitur
2453 4274 2505 4327 in
2568 4272 2898 4341 solitudine;
2945 4285 3130 4345 postea
3179 4291 3304 4331 cum

65 4365 90 4417 ό
114 4363 274 4434 λιμὸς
298 4366 328 4417 ό
355 4363 645 4434 ἑνισχύσας
681 4366 775 4419 ἐπὶ
812 4366 910 4436 τῆς
955 4366 1091 4437 γῆς·
1124 4368 1218 4420 καὶ
1265 4367 1636 4439 καταϐήσεται

1746 4361 1936 4418 famem
1964 4373 2139 4418 ortam
2173 4364 2224 4418 in
2256 4376 2403 4420 terra
2431 4365 2650 4432 sentiet,
2673 4367 2726 4420 in
2759 4365 3053 4438 Egyptum
3080 4368 3308 4424 descen-

65 4454 137 4515 είς
173 4454 457 4522 Αἴγυπτον
499 4453 637 4524 μετὰ
677 4454 776 4524 τῆς
822 4452 1177 4526 εὐπροσώπου
1210 4454 1402 4509 ἑαυτοῦ
1442 4473 1633 4525 γυναι-

1746 4454 1850 4519 det,
1882 4453 1995 4510 illic
2023 4455 2386 4523 habitaturus,
2408 4472 2476 4513 ne
2509 4459 2796 4514 adversum
2820 4473 3036 4530 quoque
3071 4475 3130 4514 se
3161 4474 3306 4530 pne-

63 4543 174 4609 κὺς,
215 4544 497 4614 συνθήκας
523 4544 673 4607 τινὰς
696 4543 976 4616 τιθέμενος
1018 4544 1126 4615 (65)
1159 4546 1297 4617 πρὸς
1327 4545 1516 4616 αὐτὴν,
1547 4547 1636 4602 ἵνα

1746 4546 1917 4600 valeat
1964 4545 2157 4614 fames,
2181 4565 2302 4618 quae
2330 4563 2492 4619 super
2540 4560 2739 4606 terram
2789 4550 3166 4620 prazvaluerit;
3205 4551 3304 4604 de-

63 4591 232 4709 ἐαῦτῷ
261 4591 386 4707 (66).
414 4591 684 4708 8t:a61ﬁ;
721 4638 773 4690 οἱ
815 4591 1348 4710 ΚίγύᾉιοιΙήμιὲρῖος
1391 4591 1636 4710 χρήσων-

1746 4641 2070 4708 scendetque
2101 4591 2157 4693 il;
2183 4591 2491 4711 ‘Aﬂgyptltim
2525 4656 2648 4698 cum
2682 4591 2908 4714 conjruge
2948 4658 3042 4699 sua
3071 4593 3305 4712 eleganti

60 4744 160 4793 ται,
196 4731 296 4783 καὶ
331 4730 600 4798 γένωνται
639 4730 699 4782 ὲν
729 4729 990 4801 Αἰγύπτῳ
1033 4728 1182 4800 αὐτῷ
1234 4729 1506 4800 πρόϐατα,
1540 4730 1633 4784 καὶ

1746 4728 1937 4797 forma,
1964 4731 2132 4800 pactis
2161 4731 2482 4800 quibusdam
2514 4749 2636 4789 cum
2680 4734 2797 4803 ipsa
2843 4735 3170 4800 constitutis,
3195 4748 3305 4807 quo

61 4819 280 4890 μόσχοι,
310 4821 410 4873 καὶ
450 4819 593 4884 δνοι,
634 4820 728 4874 καὶ
782 4821 1007 4886 παῖδες,
1048 4821 1144 4876 καὶ
1184 4819 1498 4884 παιδίσκαι,
1537 4821 1635 4875 καὶ

1746 4834 1802 4874 se
1831 4831 2112 4876 mansuete
2143 4821 2385 4894 Egyptii
2433 4823 2577 4880 illius
2617 4841 2784 4880 causa
2813 4836 3058 4891 utantur,
3085 4825 3302 4895 sintque

61 4912 288 4980 ἡμίονοι,
315 4911 417 4966 καὶ
449 4911 708 4984 κάμηλοι,
751 4914 880 4984 περὶ
923 4905 1000 4968 ὧν
1042 4913 1274 4968 ἑκάστου
1320 4911 1432 4984 (67)
1467 4911 1633 4982 σοφοῦ

1746 4912 1814 4969 illi
1843 4913 1894 4968 in
1938 4911 2173 4985 A‘Igypto
2209 4929 2362 4979 oves,
2396 4925 2452 4971 et
2486 4916 2660 4984 vituli,
2688 4927 2745 4973 et
2774 4917 2935 4984 asini,
2977 4928 3033 4973 et
3059 4919 3221 4990 servi,
3251 4928 3306 4974 et

121 5050 168 5083 ιε
207 5053 352 5108 Gen.
398 5053 646 5120 xn,2,5.
722 5051 770 5085 ιο
793 5051 926 5107 ibid.
957 5053 1012 5107 ι.
1087 5050 1501 5122 "’ibid.4seq.
1577 5028 1638 5083 η’

1753 5065 1806 5102 ιι.
1834 5064 1947 5115 vm,
1969 5049 2062 5106 59.
2135 5049 2182 5081 δ’
2210 5049 2349 5106 Gen.
2383 5067 2479 5118 xtl,
2504 5051 2535 5104 7
2564 5065 2679 5119 seq.

118 5170 235 5238 (63)
268 5171 468 5295 Ἀτῖαι
488 5211 505 5236 ,
554 5181 663 5254 etc:
721 5172 777 5227 In
827 5171 1015 5255 codice
1065 5173 1232 5254 Regio
1299 5173 1395 5254 bis.
1436 5171 1633 5242 legitur
1737 5173 1829 5227 bet
1862 5172 2060 5255 ιίιαὶητι2
2090 5181 2145 5226 et
2181 5173 2435 5251 Arabnm,
2470 5187 2590 5254 qum
2616 5171 2765 5239 Alay.
2800 5169 3061 5226 Hue'rtus.
3221 5242 3234 5255 ⁸

118 5241 309 5295 γγάει.
405 5260 435 5294 ιι
487 5243 767 5295 codicibus
810 5242 1024 5295 των-Οθ
1071 5243 1266 5295 lemtur
1327 5243 1624 5295 ahauando
1807 5244 1919 5295 nm
1955 5247 2064 5295 Του
2088 5257 2463 5295 παροικῆσαι,
2494 5247 2584 5295 διε
2640 5241 2801 5295 habet
2835 5245 3005 5295 codex
3053 5240 3234 5295 Bodlei

375 5240 767 5320 ln‘codicibus
810 5241 1024 5320 τῷν-ὓς
1071 5240 1266 5312 legitur
1327 5240 1624 5320 aliquando

1807 5244 1919 5320 (64)
1955 5244 2064 5320 Τοῦ
2088 5240 2466 5320 ειτιιροικῆσιιιἐ
2494 5242 2584 5296 Sic
2640 5241 2801 5295 habet
2835 5245 3005 5296 codex
3053 5240 3302 5299 Bodleia-

69 5310 248 5383 ξᾼγγεί
280 5325 380 5366 seu
420 5311 633 5381 Ἀγγαί,
658 5310 1320 5383 quemadmodum—exstat
1362 5313 1414 5366 in
1445 5313 1632 5368 codice

1746 5310 1872 5383 nus;
1901 5310 1956 5366 in
1997 5315 2168 5383 llegio
2193 5317 2344 5383 deest
2377 5310 2491 5365 τοῦ.

59 5378 372 5454 [iudicium
407 5378 504 5454 seu
532 5378 735 5454 ξΑγγέ,
769 5392 827 5436 ut
851 5381 1050 5454 Genes.
1091 5398 1189 5448 xu,
1221 5383 1276 5446 8,
1339 5385 1631 5454 aliquando

1746 5452 1752 5454 γ
1783 5381 1918 5454 ,(65)
1941 5378 2121 5438 Codex
2154 5382 2473 5437 Bodleianus
2507 5396 2606 5451 pro
2634 5378 2915 5452 τιθέμενος
2967 5383 3131 5438 habet
3187 5401 3306 5439 συν-

58 5449 170 5525 Γαζ,
194 5461 264 5525 ut
291 5451 606 5525 Jus.§vt_t,2,
625 5449 845 5525 etsaape
870 5453 1176 5525 hoclibro;
1203 5449 1487 5525 aliquando
1503 5452 1629 5520 Δία,

1746 5449 1976 5525 δέμενος.

58 5531 104 5591 [ιι
136 5522 155 5575 l
191 5522 356 5576 Esdr.
390 5537 454 5587 ιι,
478 5523 583 5585 28;
628 5519 919 5591 aliquando
970 5522 1072 5585 Αἵ,
1123 5534 1180 5576 ιιι
1223 5519 1471 5591 ΙΙΔΕειΙτ.
1532 5537 1628 5586 vn,

1799 5519 1917 5589 '(66)
1950 5525 2075 5577 Ἵνα
2102 5521 2315 5587 ἐαυτῷ,
2351 5530 2458 5577 elc.
2494 5519 2586 5574 Sic
2615 5520 2775 5576 habet
2821 5523 2993 5577 codex
3064 5523 3311 5577 Bodleia-

168 5604 228 5646 οι
267 5577 803 5665 διίςιιιᾶιιόοΤαίξιιι
837 5577 1213 5665 ιιθτθιιιάιιιι,
1245 5577 1300 5645 3.
1334 5589 1388 5644 1d
1418 5577 1627 5665 derivat

1751 5577 1863 5658 ius;
1894 5577 2095 5665 Regius
2127 5577 2599 5665 vero','perperatn
2624 5631 2638 5656 ,
2672 5591 2758 5645 ἴνα
2808 5593 2987 5664 ἑαυτῷ
3017 5593 3084 5647 δι’
3135 5594 3308 5665 αὐτὴν

56 5658 320 5734 Origenes
351 5658 382 5734 ει
419 5672 536 5727 ω,
569 5663 649 5730 [er
673 5675 790 5715 atus
824 5671 926 5734 est,
958 5664 1102 5730 quod
1147 5680 1249 5716 non
1287 5665 1492 5734 patitur
1523 5662 1626 5718 lle-

1746 5665 1778 5715 ›ἱ
1805 5658 2087 5734 Αἰγύπτιοι
2120 5658 2431 5734 χρήσονταιζ

57 5733 236 5804 lgraica
273 5732 550 5804 scriptura
583 5741 702 5797 τῖε-ι,
749 5732 834 5804 οιιί
891 5733 1236 5786 consentiunt
1291 5731 1540 5804 Onkelos
1571 5739 1628 5786 et
1803 5737 1911 5804 (.67)
1939 5731 2502 5799 Codex’Bodleiauus,
2529 5732 2761 5788 ἑκάστου
2785 5750 2797 5764 ο
2845 5733 3066 5804 Regius,
3107 5731 3302 5789 ἑκατέ-

56 5795 351 5875 Jonathan,
390 5795 758 5875 Tagasiusiet
787 5801 956 5875 Syrus
991 5804 1274 5870 interpres,
1307 5805 1478 5855 codex
1521 5802 1622 5875 ξιι-
1734 5795 1861 5875 ρων.

56 5873 359 5928 maritanus
393 5881 450 5926 et.
484 5871 878 5928 Satuaritarum
929 5871 1338 5943 interpretatio,
1363 5886 1482 5941 quae
1530 5873 1627 5926 ha-
