4082 6554
683 375 788 429 595

2169 377 2489 435 ORIGENIS
3813 392 3895 447 596

683 491 923 557 ancillae,
953 501 1010 548 et
1049 494 1201 560 muli,
1227 503 1280 549 et
1311 493 1527 561 cameli,
1557 496 1624 550 de
1650 496 1851 564 quibus
1883 495 2126 566 singulis,
2156 497 2224 549 ali

2331 512 2536 557 τινος,
2585 495 2678 548 καὶ
2722 495 2812 546 ἐπὶ
2857 494 2927 547 τὰ
2975 495 3110 566 βάθη
3153 497 3250 566 τῆς
3281 497 3502 569 Γραφῆς
3552 501 3895 572 ἐπισταμένως

679 584 842 654 cujus
864 587 1147 655 sapientis,
1173 598 1227 644 et
1248 589 1340 659 qui
1369 589 1634 658 profunda
1659 589 1955 659 Scriptura:
1979 590 2138 644 docte
2165 605 2258 658 pe-

680 686 901 732 netrare
940 680 1137 748 possit,
1168 681 1403 736 oﬂicium
1429 681 1534 736 erit
1569 682 1802 742 dicere:
1834 692 1889 737 et
1915 681 2079 752 320
2109 691 2257 736 certe

677 773 988 839 generatim
1021 789 1238 829 omnem
1282 776 1518 830 Abrahae
1562 775 1844 829 historiam
1890 776 2254 844 explorantes,

678 871 733 914 et
771 880 1111 936 quaecunque
1147 870 1212 922 de
1245 869 1362 938 ipso
1408 879 1534 924 sunt
1564 871 1787 937 scripta,
1825 884 1946 938 quae
1976 885 2140 923 unum
2173 869 2254 922 di-

681 967 857 1020 cunt,
909 967 963 1012 et
1010 960 1154 1014 aliud
1211 961 1481 1024 innuunt,
1533 960 1848 1030 spirituales
1902 959 2255 1028 spiritualiter

678 1047 864 1101 omnia
911 1049 1094 1103 facere
1142 1051 1485 1106 conabimur.
1511 1049 1646 1106 Vide
1677 1066 1808 1106 vero
1831 1067 1898 1105 an
1925 1065 2030 1105 non
2067 1061 2253 1119 aperte

678 1153 746 1193 ex
772 1139 856 1193 bis
885 1156 1006 1208 qua:
1032 1142 1083 1195 in
1107 1143 1211 1197 hoc
1241 1143 1361 1199 loco
1384 1144 1776 1214 indagavimus,
1800 1152 2014 1198 constet
2043 1145 2254 1212 sapien-

680 1233 751 1284 tis
797 1234 1077 1301 cujusdam
1132 1250 1277 1298 esse,
1323 1245 1378 1289 et
1430 1239 1575 1291 omni
1625 1237 1830 1290 virtute
1881 1237 2085 1298 ornati,
2132 1235 2248 1288 ﬁeri

674 1325 910 1379 Ahraba':
956 1326 1119 1381 ﬁlius.
1161 1328 1300 1395 Quid
1341 1331 1484 1383 enim
1526 1345 1664 1400 Opus
1703 1340 1785 1385 est
1830 1331 2011 1385 dicere
2047 1339 2246 1399 quanta

671 1431 808 1484 opus
835 1418 907 1470 sit
939 1419 1230 1487 sapientia,
1280 1431 1336 1476 ut
1363 1423 1592 1476 Abrahae
1619 1438 1784 1490 opera
1818 1423 2246 1486 consideremus,

670 1520 986 1582 quantaque
1031 1527 1168 1580 opus
1207 1514 1280 1568 sit
1328 1518 1590 1583 potentia,
1625 1527 1685 1571 ut
1711 1533 1774 1572 ea
1803 1515 2109 1571 faciamus?
2140 1515 2244 1571 Sed

669 1601 814 1666 quali
841 1603 1110 1671 sapientia
1143 1605 1398 1674 qualique
1420 1606 1664 1674 potentia
1688 1622 1930 1677 egemus.
1959 1607 2062 1660 nisi
2089 1605 2247 1661 Chri-

670 1692 760 1753 sti.
791 1693 883 1760 qui
929 1702 1014 1748 est
1060 1696 1150 1749 Dei
1204 1698 1447 1764 potentia
1480 1706 1533 1751 et
1563 1697 1654 1752 Dei
1697 1698 1966 1767 sapientia
1995 1697 2080 1751 '°?
2110 1697 2243 1752 Cum

668 1795 800 1852 ergo
831 1785 1093 1853 scriptum
1123 1787 1228 1841 sit:
1259 1788 1320 1842 Si
1345 1787 1445 1854 ﬁlii
1477 1789 1701 1843 Abrahw
1723 1791 2043 1856 estis,opera
2071 1789 2244 1842 Abra-

2362 587 2584 655 φθάνειν
2629 587 2930 656 δυναμένου
2976 587 3134 658 ἔργον
3162 587 3228 642 ἂν
3265 589 3349 661 εἴη
3394 590 3603 659 λέγειν·
3640 593 3730 646 καὶ
3755 595 3894 660 ἀπαξ-

2359 679 2547 742 απλῶς
2589 697 2654 748 γε
2715 681 2898 734 πᾶσαν
2939 678 3036 750 τὴν
3084 679 3223 733 κατὰ
3271 682 3360 734 τὸν
3401 681 3653 754 Ἀϐραὰμ
3691 686 3896 758 ἱστορίαν

2359 772 2769 842 βασανίζοντες,
2814 772 2912 827 καὶ
2951 772 3047 826 ὅλα
3083 773 3150 827 τὰ
3185 775 3312 846 περὶ
3355 774 3521 828 αὑτοῦ
3567 779 3894 849 γεγραμμένα

2357 866 2513 921 ἀτινά
2542 869 2688 920 ἐστιν
2716 865 3178 937 ἀλληγορούμενα,
3205 866 3280 932 ὡς
3303 867 3667 938 πνευματικοὶ
3687 887 3895 941 πνευμα-

2353 957 2522 1021 τικῶς
2575 960 2748 1011 ποιεῖν
2801 957 3190 1029 πειρασόμεθα.
3237 960 3378 1029 Ὅρα
3421 960 3478 1013 δὲ
3525 963 3575 1014 εί
3621 962 3694 1032 μὴ
3738 965 3894 1031 σαφῶς

2354 1047 2462 1100 ἀπὸ
2495 1047 2595 1116 τῆς
2623 1047 2924 1112 ἐξετάσεως
2953 1047 3061 1100 τῶν
3089 1047 3230 1100 κατὰ
3259 1047 3349 1100 τὸν
3391 1049 3555 1103 τόπον
3599 1051 3893 1120 παρίσταται

2355 1140 2484 1209 ἡμῖν
2507 1139 2643 1207 (68),
2668 1139 2750 1192 ὅτι
2782 1138 2945 1207 σοφοῦ
2969 1156 3130 1202 τινος,
3156 1140 3249 1192 καὶ
3281 1140 3427 1210 πάσῃ
3455 1141 3624 1211 ἀρετῇ
3656 1159 3894 1214 κεκοσμη-

2356 1231 2517 1300 μένου
2553 1231 2614 1282 τὸ
2643 1231 2896 1300 γενέσθαι
2933 1230 3025 1284 τοῦ
3071 1231 3319 1303 Ἀϐραὰμ
3359 1232 3569 1286 τέκνον.
3599 1233 3664 1285 Τί
3705 1235 3805 1305 γὰρ
3831 1235 3894 1288 δεῖ

2351 1321 2531 1390 λέγειν
2560 1323 2692 1394 ὅσης
2717 1323 2909 1392 σοφίας
2939 1323 3209 1396 χρῄζομεν
3237 1325 3318 1387 εἰς
3345 1325 3406 1377 τὸ
3442 1326 3637 1396 νοῆσαι
3675 1326 3740 1378 τὰ
3782 1327 3891 1396 ἔργα

2350 1414 2445 1467 τοῦ
2502 1414 2782 1487 Ἀϐραὰμ,
2821 1415 2915 1468 καὶ
2963 1417 3093 1487 ὅσης
3147 1415 3426 1487 δυνάμεως
3472 1419 3552 1481 είς
3591 1418 3653 1470 τὸ
3697 1418 3890 1486 ποιῆσαι

2349 1506 2521 1573 aura;
2550 1507 2713 1570 Ποίας
2739 1507 2795 1560 δὲ
2831 1508 3039 1576 σοφίας,
3079 1508 3110 1578 ἦ
3153 1509 3310 1572 ποίας
3350 1509 3634 1581 δυνάμεως
3660 1510 3887 1581 δεόμεθα,

2347 1600 2382 1670 ἦ
2418 1599 2673 1672 Χριστοῦ,
2706 1600 2764 1662 ὃς
2792 1601 2908 1652 ἐστι
2939 1600 3072 1653 Θεοῦ
3105 1601 3328 1672 δύναμις
3372 1602 3505 1673 (69),
3538 1604 3632 1657 καὶ
3669 1603 3795 1657 Θεοῦ
3824 1620 3892 1658 σοι

2349 1689 2480 1756 φίας
2521 1690 2593 1742 Τὸ
2627 1690 2726 1760 μὲν
2758 1685 2850 1742 οὖν
2882 1691 3260 1761 γεγραμμένον
3298 1692 3474 1744 ἐστίν’
3502 1696 3572 1746 El
3602 1693 3777 1746 τέκνα
3804 1690 3890 1746 τοῦ

2364 1778 2606 1848 Ἀϐραάμ
2633 1781 2792 1843 ἐστε,
2816 1781 2891 1834 τὰ
2921 1781 3064 1850 ἔργα
3091 1783 3193 1836 τοῦ
3233 1783 3476 1852 Ἀϐραὰμ
3514 1784 3758 1838 ποιεῖτε
3785 1788 3890 1839 ἀκο-

665 1872 746 1924 Ine
777 1873 1018 1941 facile“,
1051 1881 1590 1946 consequenterbuic
1613 1880 1854 1936 dixeris:
1883 1879 1938 1935 Si
1969 1880 2064 1936 ﬁlii
2095 1880 2226 1936 Isaac

2350 1871 2555 1935 λούθως
2605 1873 2647 1926 δ’
2689 1871 2756 1926 ἂν
2808 1877 2961 1944 παρά
3009 1873 3166 1926 τοῦτο
3219 1876 3424 1938 εἴποις·
3480 1877 3546 1928 Ei
3617 1876 3775 1931 τέκνα
3811 1878 3888 1931 τοῦ

667 1965 823 2029 estis,
860 1966 1020 2022 facite
1050 1983 1214 2038 opera
1246 1969 1434 2035 Isaac;
1468 1971 1829 2042 similiterque
1869 1975 1934 2029 de
1963 1973 2156 2039 Jacob,
2188 1983 2244 2028 et

665 2058 731 2111 de
758 2058 988 2125 singulis
1009 2061 1212 2115 sanctis
1248 2064 1509 2128 patribus.
1537 2063 1735 2118 Contra
1763 2065 1963 2135 singuli
2005 2080 2242 2134 peccan-

666 2158 745 2202 tes
783 2153 1080 2220 generatim
1127 2153 1348 2221 quidem
1397 2154 1494 2208 ﬁlii
1535 2163 1660 2208 sunt
1708 2155 1932 2219 diaboli,
1978 2157 2236 2225 quoniam

664 2239 770 2305 Qui
796 2241 927 2309 facit
952 2253 1245 2309 peccatum,
1276 2261 1340 2296 ea:
1382 2245 1590 2298 diabolo
1628 2255 1784 2298 natus
1815 2257 1890 2299 est
1913 2247 1957 2279 "
1986 2264 2000 2312 ;
2031 2248 2240 2315 private

661 2346 793 2386 vero
826 2332 908 2387 vel
932 2331 1088 2399 Cain,
1126 2334 1208 2387 vel
1234 2333 1428 2397 Cham,
1462 2335 1545 2388 vel
1576 2335 1854 2398 Chanaan,
1888 2336 1970 2391 vel
2006 2336 2239 2390 Pharao-

665 2425 769 2489 nis,
819 2423 905 2478 vel
945 2425 1471 2491 Nabuchodonosor,
1518 2427 1604 2481 vel
1647 2426 1880 2495 alicujus
1920 2428 2234 2498 impiorum.

660 2517 1076 2586 Cottsequenter
1122 2521 1284 2574 etiam
1332 2521 1416 2574 bis
1465 2521 1640 2586 dices,
1677 2535 2119 2590 unumquemque
2167 2537 2235 2576 ex

662 2608 764 2660 bac
783 2609 894 2662 vita
923 2610 1244 2680 migrantem
1269 2612 1537 2680 proﬁcisci
1566 2614 1631 2666 ad
1659 2627 1786 2667 suos
1809 2623 1990 2682 patres
2015 2630 2029 2678 ;
2062 2614 2236 2668 omni-

658 2699 762 2752 bus
810 2699 956 2754 enim
989 2694 1314 2756 bominibus'
1345 2701 1737 2758 decedentibus
1771 2718 1802 2759 e
1830 2706 1960 2767 vita,
1994 2720 2100 2759 non
2133 2705 2233 2761 soli

656 2792 972 2847 Abrahamo
995 2794 1100 2848 dici
1135 2797 1467 2851 censendum
1499 2808 1584 2851 est
1614 2819 1626 2854 :
1662 2797 1739 2851 Tu
1765 2808 1941 2852 autem
1965 2801 2035 2851 ad
2057 2809 2232 2866 patres

654 2896 771 2938 tuos
806 2886 902 2939 ibis
922 2886 991 2952 ⁸³,
1027 2887 1238 2943 etiamsi
1269 2905 1372 2944 non
1397 2891 1650 2945 omnibus
1672 2890 1982 2946 hominibus
2005 2891 2233 2944 addatur

655 2975 811 3040 illud,
839 2993 958 3030 cum
990 2994 1139 3046 pace.
1183 2979 1256 3032 At
1286 2993 1415 3032 vero
1449 2979 1730 3049 perfectis,
1760 2980 1956 3048 bisque
1986 2980 2075 3048 qui
2120 2979 2230 3047 spi-

651 3067 927 3122 ritualiter
963 3069 1197 3140 longaevi
1231 3070 1455 3136 fuerint,
1487 3072 1618 3126 illud
1657 3071 1824 3126 etiam
1875 3071 2127 3125 additur:
2161 3069 2228 3124 In

648 3170 914 3214 senectute
939 3165 1076 3216 bona
1111 3164 1200 3228 ⁸⁶ς
1244 3165 1683 3234 quandoquidem
1734 3165 1954 3220 canities
1995 3164 2225 3218 homini-

649 3252 742 3306 bus
767 3262 844 3306 est
871 3253 1154 3322 prudentia
1178 3253 1248 3317 ⁸⁵,
1283 3263 1339 3309 et
1363 3272 1556 3309 corona
1585 3256 1921 3325 gloriationis
1969 3265 2045 3308 est
2076 3272 2225 3309 sene-

646 3353 762 3398 ctus
784 3363 804 3404 :
838 3354 892 3398 et
915 3345 1084 3413 gloria
1117 3345 1266 3400 veris
1289 3360 1352 3400 ac
1379 3347 1578 3401 divinis
1607 3347 1830 3403 senibus
1859 3346 2088 3402 canities
2119 3346 2220 3401 illa:

644 3445 774 3490 sunt
806 3453 927 3506 qua:
962 3448 1146 3494 mente
1177 3448 1497 3503 cernuntur,
1535 3439 1682 3508 ipsos
1707 3450 1986 3496 ornantes.

2359 1966 2542 2020 Ἰσαάκ
2586 1967 2738 2030 ἐστε,
2790 1967 2857 2019 τὰ
2899 1966 3034 2038 ἔργα
3081 1966 3173 2020 τοῦ
3231 1967 3414 2021 Ἰσαὰκ
3460 1972 3694 2022 ποιεῖτε·
3741 1969 3806 2024 τὰ
3847 1972 3889 2023 δὲ

2343 2060 2502 2130 ὅμοια
2535 2060 2630 2112 καί
2683 2060 2809 2131 περὶ
2854 2057 2945 2111 τοῦ
2999 2059 3213 2123 Ἰακὼϐ,
3254 2061 3348 2114 καὶ
3391 2062 3508 2125 ἑνὸς
3544 2061 3771 2116 ἑκάστου
3801 2063 3891 2115 τῶν

2342 2153 2512 2220 ἁγίων
2551 2151 2823 2223 πατέρων.
2870 2151 2981 2204 Καὶ
3026 2151 3091 2203 ἐκ
3136 2151 3243 2204 τῶν
3294 2153 3550 2206 ἐναντίων
3601 2153 3658 2206 δὲ
3689 2154 3892 2216 ἕκαστος

2340 2245 2448 2297 τῶν
2477 2244 2896 2314 ἁμαρτανόντων
2929 2244 3159 2312 γενικῶς
3191 2244 3290 2314 μὲν
3316 2245 3505 2298 τέκνον
3537 2246 3658 2298 ἐστὶ
3684 2245 3774 2298 τοῦ
3799 2246 3893 2298 δια-

2339 2336 2527 2388 ϐόλου·
2575 2337 2698 2389 ἐπεὶ
2743 2335 2870 2402 Πᾶς
2911 2338 2944 2388 d
2980 2334 3168 2388 ποιῶν
3205 2334 3320 2402 τὴν·
3362 2336 3658 2404 ἁμαρτίαν
3697 2337 3763 2390 ἐκ
3804 2334 3892 2388 τοῦ

2338 2427 2620 2481 διαϐόλου
2655 2426 3032 2496 γεγέννηταιο
3067 2425 3164 2496 ἤδη
3209 2424 3266 2478 δὲ
3299 2425 3392 2479 καὶ
3431 2425 3762 2497 ἰδικώτερον,
3791 2428 3890 2496 ἤτοι

2337 2519 2431 2572 τοῦ
2466 2519 2627 2584 Κάῖν,
2658 2520 2690 2590 ἢ
2733 2517 2826 2572 τοῦ
2858 2517 3010 2588 Χὰμ,
3040 2518 3073 2588 ἦ
3101 2517 3192 2571 τοῦ
3223 2518 3463 2582 Χαναὰν,
3491 2518 3523 2589 ἢ
3554 2519 3649 2571 τοῦ
3689 2517 3890 2590 Φαραὼ,

2337 2613 2496 2684 ἢτοῦ
2543 2612 3033 2682 Ναϐουχοδονόσορ,
3071 2611 3104 2680 ἡ
3142 2626 3284 2673 τινος
3327 2610 3434 2663 τῶν
3488 2611 3721 2664 ἀσεϐῶν.
3773 2613 3892 2664 Τού-

2334 2723 2447 2769 τοις
2491 2706 2550 2760 δὲ
2603 2704 2909 2768 ἀκολούθως
2954 2706 3131 2774 ἐρεῖς,
3175 2703 3256 2755 ὅτι
3307 2702 3538 2766 ἕκαστος
3576 2704 3892 2756 ἀπαλλαττὸ-

2338 2815 2499 2868 μενος
2522 2799 2615 2852 τοῦ
2651 2799 2766 2869 βίου
2805 2801 2995 2853 τούτου
3025 2800 3384 2854 ἀπελεύσεται
3418 2801 3557 2872 πρὸς
3586 2804 3711 2865 τοὺς
3744 2802 3889 2861 ἰδίους

2333 2891 2602 2962 πατέρας·
2636 2893 2918 2962 νομιστέον
2944 2893 3052 2964 γὰρ
3080 2894 3141 2946 ού
3176 2893 3320 2964 μόνῳ
3347 2892 3424 2962 τῷ
3463 2891 3737 2964 Ἀϐραὰμ,
3768 2892 3888 2944 ἀλλὰ

2331 2981 2427 3034 καὶ
2460 2984 2624 3034 πᾶσιν
2673 2982 2980 3054 ἀνθρώποις
3027 2984 3279 3052 λέγεσθαι
3314 2984 3448 3055 πρὸς
3492 2988 3562 3056 τῇ
3597 2984 3760 3054 ἐξόδῳ
3804 2984 3886 3036 τό⁶

2330 3075 2414 3128 Σὺ
2450 3075 2518 3128 δὲ
2547 3077 2859 3146 ἀπελεύσῃ
2895 3078 3040 3146 πρὸς
3071 3078 3210 3143 τοὺς
3249 3078 3509 3144 πατέρας
3537 3095 3686 3131 σου’
3722 3077 3890 3130 οὐκέτι

2328 3167 2385 3220 δὲ
2434 3172 2598 3222 πᾶσιν
2637 3169 2976 3242 ἀνθρώποις,
3027 3170 3160 3222 ἀλλὰ
3206 3170 3385 3240 μόνοις
3429 3173 3543 3233 τοῖς
3587 3171 3761 3238 ἁγίοις
3801 3169 3886 3221 τό⁰

2323 3261 2474 3330 μετὰ
2509 3261 2784 3330 εἰρήνης·
2833 3266 2944 3326 τοῖς
2984 3264 3043 3317 δὲ
3089 3263 3550 3334 τετελειωμένοις,
3596 3265 3688 3316 καὶ
3735 3279 3889 3316 πνευο

2331 3353 2573 3424 ματικῶς
2606 3355 3013 3426 μακροημέροις
3051 3356 3361 3427 γενομένοις
3396 3357 3492 3409 καὶ
3523 3355 3619 3408 τό’
3657 3354 3889 3424 Τραέεὶς

2323 3445 2394 3498 ἐν
2419 3447 2568 3516 γήρᾳ
2605 3447 2800 3513 καλῷ·
2835 3448 3063 3520 ἐπείπερ
3097 3448 3283 3502 Πολιὰ
3302 3449 3434 3502 ἐστι
3470 3449 3766 3517 φρόνησις
3797 3449 3890 3500 ἀν-

644 3532 927 3600 θρώποις,
975 3535 1071 3588 καὶ
1114 3533 1415 3603 στέφανος
1457 3535 1812 3604 καυχήσεως
1863 3537 2079 3608 γῆρας·
2115 3542 2208 3594 καὶ
2238 3541 2364 3606 δόξα
2393 3546 2504 3606 τοῖς
2528 3543 2800 3615 ἀληθινοῖς
2829 3546 2924 3598 καὶ
2953 3544 3118 3609 θείοις
3147 3544 3539 3616 πρεσϐυτέροις
3567 3546 3624 3599 ai
3662 3542 3887 3615 κοσμοῦ-

644 3643 733 3680 σαι
760 3628 957 3690 αύτοὺς
986 3629 1174 3699 νοηταὶ
1203 3626 1404 3680 πολιαί.

711 3721 800 3774 Η.
833 3721 989 3775 Nunc
1017 3732 1192 3776 autem
1228 3723 1464 3792 quwritis
1496 3740 1575 3777 me
1596 3725 1906 3794 interﬁcere,
1935 3729 2213 3794 hominem,

639 3816 729 3882 qui
749 3816 1019 3870 veritatem
1041 3817 1249 3872 locutus
1276 3835 1390 3873 sum
1415 3818 1747 3888 vobis,quam
1769 3821 1947 3874 audivi
1968 3840 1998 3875 a
2021 3822 2128 3877 Deo
2144 3825 2209 3877 ⁵⁸.

638 3905 819 3963 Jesunt
855 3908 947 3977 qui
979 3911 1228 3978 quaerunt
1264 3911 1609 3979 interﬁcere,
1640 3912 1894 3981 quoniam
1925 3913 2064 3968 Deus
2105 3931 2211 3970 non

638 4000 988 4066 interficitur,
1033 4001 1247 4057 etiamsi
1309 4003 1659 4068 interﬁcient,
1688 4004 1964 4060 hominem
2001 4007 2210 4062 interﬁ-

637 4092 802 4145 cient.
844 4092 998 4160 Quod
1027 4094 1073 4148 si
1103 4105 1357 4162 quaerunt
1404 4096 1733 4162 interﬁcere,
1768 4106 1823 4152 et
1851 4101 2092 4153 nondum
2127 4100 2210 4154 in-

637 4182 931 4247 terliciant,
962 4183 1188 4238 insidias
1242 4184 1318 4238 illi
1367 4185 1533 4239 veluti
1590 4188 1794 4243 homini
1829 4199 2064 4252 struunt,
2100 4207 2207 4246 non

634 4273 802 4328 Deum
829 4289 950 4328 esse
972 4275 1373 4340 existimantes,
1397 4276 1482 4330 cui
1509 4285 1793 4332 struuntur
1823 4280 2050 4334 insidiae.
2070 4280 2205 4335 Nam

633 4367 817 4421 nullus
848 4367 1170 4422 existimans
1187 4368 1355 4422 Deum
1385 4381 1509 4423 esse
1532 4369 1621 4422 cui
1669 4377 1950 4424 struuntur
1973 4372 2204 4438 insidiae,

633 4459 857 4514 insidias
900 4459 979 4514 illi
1015 4469 1270 4514 strueret.
1312 4459 1554 4515 Cernere
1601 4475 1731 4516 vero
1780 4461 1906 4516 licet
1939 4464 2202 4532 quosdam

632 4550 814 4618 aliquo
873 4551 1034 4627 modo
1067 4566 1282 4621 semper
1316 4551 1570 4607 Sermoni
1617 4563 1892 4610 struentes
1948 4556 2200 4621 insidias,

627 4646 882 4717 quoniam
937 4644 1247 4699 interﬁcere
1287 4655 1536 4714 quarunt
1564 4663 1685 4702 eum
1715 4657 1770 4703 et
1819 4647 1999 4702 delere
2029 4665 2043 4702 :
2078 4657 2197 4700 tan-

629 4754 790 4807 quam
828 4738 1103 4793 hominem
1138 4739 1311 4808 ipsum
1357 4737 1482 4810 (hoc
1517 4749 1602 4793 est
1637 4741 1926 4793 humanum
1955 4750 2009 4792 et
2053 4755 2200 4794 mor-

624 4826 944 4900 talem)esse
967 4828 1379 4884 existimantes:
1405 4828 1498 4898 qui
1518 4828 1599 4883 vel
1629 4829 2004 4882 humaniorem
2030 4829 2200 4899 ipsius

624 4909 858 4989 partem,
911 4929 986 4986 et,
1015 4922 1160 4990 quod
1210 4920 1446 4987 videtur,
1481 4919 1779 4973 invadunt:
1810 4919 1967 4989 321
2001 4922 2095 4975 sed
2141 4930 2200 4975 ut

2394 3729 2482 3781 Η.
2523 3727 2652 3781 Νῦν
2684 3727 2753 3780 δὲ
2783 3725 3000 3795 ζητεῖτέ
3021 3744 3097 3796 με
3140 3726 3251 3798 (70)
3291 3726 3639 3780 ἀποκτεῖναι
3679 3726 3885 3792 ἄνθρω-

2320 3838 2464 3884 πον,
2534 3819 2602 3885 ὃς
2659 3820 2774 3888 τὴν
2836 3815 3126 3884 ἀλήθειαν
3190 3817 3333 3887 ὑμῖν
3397 3817 3752 3884 λελάληκα,
3816 3815 3888 3882 ἦν

2318 3912 2558 3980 ἤκουσα
2595 3911 2757 3980 παρὰ
2799 3911 2906 3964 τοῦ
2936 3910 3102 3964 Θεοῦ.
3138 3912 3201 3964 Οἱ
3234 3908 3524 3979 ζητοῦντες
3553 3911 3882 3970 ἀποκτεῖναι,

2317 4001 2437 4054 ἐπεὶ
2487 4000 2620 4063 Θεὸς
2678 4001 2780 4053 οὐκ
2828 4000 3241 4062 ἀποκτίννυται,
3284 3999 3387 4051 κᾶν
3434 3998 3881 4061 ἀποκτιννύωσιν,

2317 4091 2601 4161 ἄνθρωπον
2645 4089 3080 4144 ἀποκτιννύουσι.
3117 4089 3235 4142 Κᾶν
3268 4087 3505 4158 ζητῶσιν
3539 4089 3881 4151 ἀποκτεῖναι,

2320 4182 2484 4252 μήπω
2523 4182 2962 4246 ἀποκτιννύντες,
2990 4181 3110 4250 οὐχ).
3140 4180 3273 4233 Θεὸν
3301 4176 3618 4250 νομίζοντες
3647 4175 3808 4241 εἶναι,
3844 4171 3887 4243 ᾧ

2313 4273 2776 4338 ἐπιϐουλεύουσιν,
2801 4274 2874 4338 ὡς
2902 4273 3173 4345 ἀνθρώπῳ
3203 4270 3674 4325 ἐπιϐουλεύουσιν·
3711 4272 3884 4335 οὐδεὶς

2311 4365 2420 4437 γὰρ
2464 4365 2780 4436 πειθόμενος
2829 4362 2963 4419 εἶναι
2996 4365 3127 4418 Θεὸν
3156 4363 3364 4426 τοῦτον,
3411 4357 3458 4429 ᾧ
3507 4362 3883 4424 ἐπιϐουλεύει,

2309 4457 2690 4510 ἐπιϐουλεῦσαι
2723 4457 2789 4512 ἂν
2835 4457 3003 4528 αὐτῷ.
3037 4458 3188 4509 Ἔστι
3221 4455 3279 4508 δέ
3326 4473 3444 4518 πως
3477 4456 3567 4508 ἀε)⁵
3599 4455 3707 4525 (71)
3748 4455 3882 4508 θεω-

2309 4550 2471 4621 ρῆσαι
2504 4551 2628 4613 τοὺς
2675 4549 2754 4619 τῷ
2780 4550 2937 4620 Λόγῳ
2975 4548 3067 4602 τοῦ
3111 4547 3244 4601 Θεοῦ
3283 4547 3754 4610 ἐπιϐουλεύοντας,
3803 4549 3884 4600 δτι

2307 4645 2621 4697 ἀποκτεῖναι
2645 4643 2887 4714 ζητοῦσι,
2913 4644 3006 4695 καὶ
3032 4642 3348 4711 ἐξαφανίσαι
3381 4643 3574 4712 αὑτὸν,
3598 4641 3885 4712 ἄνθρωπον

2306 4736 2488 4798 αὑτὸν,
2522 4737 2799 4789 τουτέστιν
2833 4733 3165 4806 ἀνθρώπινον
3201 4733 3311 4803 (72)
3333 4773 3347 4796 ,
3389 4734 3486 4786 καὶ
3521 4733 3712 4802 θνητὸν
3747 4728 3884 4784 εἶναι

2303 4831 2794 4902 ὑπολαμϐάνοντες,
2834 4832 2868 4902 ἢ
2911 4830 3005 4883 καὶ
3049 4827 3126 4898 τῷ
3161 4825 3631 4898 ἀνθρωπινωτέρῳ
3676 4825 3880 4886 αὐτοῦ,

2301 4925 2393 4979 καὶ
2421 4923 2738 4995 βλεπομένῳ
2769 4921 3118 4977 ἐπιτίθενταιο
3156 4920 3243 4972 ἵνα
3283 4919 3342 4971 δὲ
3383 4918 3480 4971 καὶ
3518 4916 3881 4970 ἀποκτείνωσι

621 5027 819 5082 corpus
881 5013 1047 5068 etiam
1105 5013 1391 5069 Sermonis
1437 5012 1792 5078 interﬁciant,
1851 5015 2192 5082 perspicuum

2331 5016 2359 5069 ὸ
2405 5017 2564 5087 σῶμα
2611 5016 2707 5069 τοῦ
2756 5015 2929 5084 Λόγου
2980 5011 3166 5084 σαφῶς
3211 5012 3358 5083 (75),
3404 5011 3487 5064 ὅτι
3537 5009 3673 5080 μετὰ
3706 5008 3884 5062 ταῦτα

619 5112 703 5157 est
726 5119 818 5159 eos
852 5104 1112 5172 posthaec
1139 5105 1373 5177 amplius
1401 5105 1605 5174 aliquid
1642 5104 1827 5160 facere
1862 5121 1968 5160 non
2010 5120 2191 5174 posse.

691 5223 738 5253 ⁵ο
793 5222 814 5275 l
841 5223 969 5278 Cor.
1003 5240 1044 5286 ι,
1069 5225 1161 5281 24.

617 5290 664 5322 ⁸⁸
688 5292 848 5348 Joan.
874 5309 984 5359 vut,
1017 5295 1106 5347 40.

689 5403 803 5544 (68;
848 5404 1029 5472 Ἡμῖν.
1066 5406 1182 5462 Non
1216 5418 1494 5477 comparet
1526 5410 1579 5463 in
1620 5409 1807 5465 codice
1837 5408 2156 5463 Bodleiano.

689 5475 779 5544 (69
845 5475 994 5528 Θεοῦ
1025 5475 1296 5544 δύναμις.
1347 5479 1482 5532 Θεοῦ
1539 5481 1688 5535 deest
1741 5481 1796 5534 in
1847 5479 2038 5534 codice
2090 5478 2156 5532 Bt

654 5475 801 5558 '(69)
845 5475 994 5528 Θεοῦ
1025 5475 1296 5547 δύναμις.
1344 5475 1482 5532 Θεοῦ
1539 5481 1688 5535 deest
1741 5481 1796 5534 in
1847 5479 2038 5534 codice
2090 5478 2198 5532 Be-

617 5566 808 5696 ὶζῑ((³10)
840 5614 1077 5698 Ζητεῖτέ
1103 5634 1202 5698 με.
1234 5616 1326 5698 Sic
1361 5628 1509 5674 recte
1539 5618 1704 5675 habet
1737 5617 1912 5674 codex
1945 5615 2194 5673 Bodleia-

621 5685 756 5750 nus;
795 5686 849 5740 in
901 5685 1070 5756 Hegio
1095 5685 1365 5758 ζιεθειμε.

687 5757 800 5831 (7t)
833 5758 999 5838 'Eqn
1027 5756 1095 5811 δέ
1123 5772 1247 5838 πῳς
1266 5757 1393 5838 ρει..-
1412 5766 1518 5838 etc.
1553 5756 1609 5811 In
1633 5768 1819 5815 coutce
1841 5754 2015 5826 Regio
2037 5753 2194 5813 deest

617 5843 754 5887 πως.
782 5827 940 5896 quod
970 5839 1148 5884 exstat
1188 5830 1241 5886 in
1263 5827 1576 5885 Bodleiano.

2292 5476 2465 5533 Paulo
2491 5486 2635 5544 post,
2657 5491 2758 5546 pro
2779 5476 2814 5547 ἢ

2295 5106 2446 5160 οὐδὲν
2508 5105 2760 5160 δύνανται
2824 5105 3045 5175 ποιῆσαι
3109 5101 3534 5172 περισσότερον.ν
3557 5100 3766 5170 Διόπερ
3820 5097 3881 5150 οὐ

1265 5227 1308 5258 ³⁸
1333 5226 1494 5282 Joan.
1521 5241 1640 5292 vm,
1664 5225 1756 5282 39.
1832 5225 1919 5280 "l
1948 5225 2107 5288 J.oan.
2139 5239 2224 5288 Ill,

2382 5227 2426 5258 "
2447 5225 2585 5282 Gen.
2621 5243 2710 5294 xv,
2744 5227 2830 5282 15.
2905 5225 2954 5257 ⁸⁸
2980 5223 3108 5294 Sap.
3129 5238 3219 5288 .tv,
3247 5220 3301 5277 9.
3379 5220 3426 5252 "
3452 5218 3615 5275 Prov.
3639 5232 3757 5284 XVI,
3788 5217 3877 5272 3|.

2366 5405 2477 5480 (72)
2507 5405 2690 5461 Codex
2750 5404 3096 5480 Bodleianus,
3149 5399 3340 5480 αὐτὸν,
3387 5397 3466 5462 ὼς
3509 5395 3880 5480 ᾁνθρὼπιναγ.

2851 5475 2943 5527 καὶ
2972 5471 3068 5542 τῷ,
3103 5482 3234 5542 etc.,
3274 5469 3340 5523 ad
3369 5469 3674 5542 marginem
3713 5469 3879 5542 codi-

2293 5550 2374 5604 cis
2401 5536 2676 5602 Bodleiani
2698 5536 2896 5618 legitur
2918 5545 2966 5597 οί
2999 5536 3094 5596 καὶ
3119 5540 3220 5614 τῷ,
3249 5548 3385 5604 etc.,
3418 5536 3566 5609 quod
3590 5536 3885 5592 Ferrarius

2290 5627 2513 5674 secutus
2535 5626 2639 5670 est.

2364 5686 2476 5760 (Ψ)
2505 5687 2738 5756 Σαφῶς.
2769 5686 3080 5760 Legendum
3106 5683 3319 5740 videtur
3354 5678 3547 5750 σαφές,
3575 5684 3628 5732 et
3667 5676 3753 5732 ita
3805 5676 3885 5731 le-

2291 5756 2379 5828 git
2398 5756 2708 5814 Ferrarius.
