3804 6528
92 364 198 424 597
1155 364 1508 422 COMMENT.
1548 363 1617 418 IN
1655 361 1847 418 JOAN.
1891 357 2127 415 TOMUS
2161 354 2274 410 xx.
3239 332 3348 391 598

93 478 364 549 φοϐητέον
393 479 522 549 ἡμῖν
546 477 654 532 ἀπὸ
681 477 790 531 τῶν
811 477 922 547 (74)
950 474 1384 532 ἀποκτιννύντων
1405 477 1466 530 τὸ
1491 477 1664 547 ςῶμα,

1775 471 2132 540 Quamobrem
2168 482 2272 523 non
2323 473 2407 520 est
2456 462 2612 518 nobis
2663 456 2962 514 timendum
3022 451 3340 549 abhis-qui

72 557 240 649 έμετά
263 570 320 622 δὲ
347 569 628 640 ταῦτα’μὴ
660 571 890 640 ἐχόντων
917 569 1301 641 περισσότερόν
1323 585 1378 621 τι
1413 568 1662 638 ποιῆσαισ

76 663 212 740 έυύδὲ
236 662 497 733 φοϐητέον
526 662 636 715 ἀπὸ
681 662 788 715 τῶν
815 661 1243 714 ἀποκτεινόντων
1257 661 1319 713 τὸ
1358 658 1536 730 σῶμα,
1569 658 1666 730 τὴν

178 754 368 824 ψυχὴν
395 752 486 805 τοῦ
500 753 674 820 Λόγου
705 754 780 824 μὴ
801 751 1112 823 δυναμένων
1127 753 1460 804 ἀποκτεῖναι·
1487 750 1600 802 ἀλλ’
1620 751 1668 802 εί

90 845 334 910 τοιοῦτός
357 844 438 908 τίς
464 847 578 897 ἐστι
615 845 789 912 λόγος,
825 844 963 897 ὥστε
996 844 1092 897 καὶ
1117 843 1178 896 τὸ
1211 843 1369 913 σῶμα
1390 843 1552 896 αὑτοῦ
1575 842 1668 894 καὶ

88 939 184 1008 τὴν
231 938 434 1007 ψυχὴν,
469 937 548 1008 τῷ
577 937 702 1004 ἄξια
736 934 875 993 εἶναι
905 937 1180 1001 ἀπωλείας
1206 936 1538 990 ἀπόλλυσθαι
1570 935 1664 990 δύ-

87 1031 309 1091 νασθαι,
356 1029 618 1100 φοϐητέον
667 1031 758 1082 τὸν
804 1030 1097 1101 δυνάμενον
1148 1029 1279 1081 Θεὸν
1312 1029 1481 1096 Λόγον
1523 1027 1662 1100 (75),

89 1120 183 1172 καὶ
211 1119 390 1188 ψυχὴν
421 1120 515 1172 καὶ
543 1118 701 1189 σῶμα
732 1121 1012 1182 ἀπολέσαι,
1053 1121 1148 1172 καὶ
1189 1118 1528 1186 ἐξαφανίσαι,
1557 1118 1666 1170 εἴτε

93 1211 146 1260 ὲν
176 1211 396 1280 γεέννῃ,
427 1211 535 1261 εἴτε
573 1211 720 1273 ὅπως
761 1210 1040 1280 βούλεται·
1092 1213 1120 1263 6
1165 1210 1366 1278 Κύριος
1413 1209 1520 1280 γὰρ
1561 1210 1666 1280 Ἰη-

96 1302 219 1364 σοῦς
251 1302 438 1354 ἀναλοῖ
467 1301 545 1372 τῷ
579 1303 850 1373 πνεύματι
892 1303 986 1356 τοῦ
1030 1303 1293 1372 στόματος
1333 1301 1442 1372 (76)
1479 1300 1664 1366 αὑτοῦ,

93 1393 183 1444 καὶ
219 1395 490 1463 καταργεῖ
533 1396 599 1464 τῇ
649 1394 936 1465 ἐπιφανείᾳ
979 1393 1080 1463 τῆς
1126 1394 1423 1464 παρουσίας
1473 1390 1664 1445 ἑαυτοῦ

93 1484 181 1534 τὸν
221 1483 602 1554 ἀντικείμενον
642 1485 818 1553 λόγον,
846 1485 940 1538 καὶ
969 1483 1324 1555 ἐπαιρόμενον
1360 1485 1452 1537 ἐπὶ
1494 1483 1668 1538 πάντα

95 1575 385 1644 λεγόμενον
423 1575 557 1629 Θεὸν
600 1576 634 1648 ἢ
675 1576 944 1646 σέϐασμα.
977 1577 1088 1628 Καὶ
1130 1575 1351 1646 ζητοῦσι
1397 1593 1459 1645 γε
1499 1569 1664 1643 οὗτοι,

97 1665 230 1738 πρὸς
256 1665 352 1729 οὒς
388 1668 416 1718 6
445 1667 624 1735 λόγος,
659 1669 976 1721 ἀποκτεῖναι
1008 1666 1291 1739 ἄνθρωπον
1321 1667 1380 1731 ὃς
1408 1667 1505 1739 τὴν
1539 1667 1669 1739 ἁλή-

97 1756 245 1808 θειαν
298 1756 612 1826 λελάληκεν,
653 1758 719 1828 ἣν
770 1759 969 1829 ἤκουσε
1012 1757 1164 1830 παρά
1223 1757 1318 1810 τοῦ
1364 1758 1521 1822 Θεοῦ,
1573 1759 1668 1812 καὶ

1775 563 2244 629 occiduntcorpus
2268 556 2338 621 ",
2370 553 2504 609 nihil
2531 549 2725 620 reliqui
2753 557 2938 618 postea
2965 543 3108 613 quod
3136 541 3342 596 faciant

1776 656 2076 717 habentes;
2105 630 2281 719 neque
2311 645 2608 702 timendum
2650 651 2737 698 est
2759 640 2825 694 ab
2853 638 2937 694 his
2965 635 3057 706 qui
3087 634 3342 689 occidunt

1775 761 1994 817 corpus,
2029 721 2270 800 animam
2302 754 2432 794 vero
2457 734 2738 792 Sermonis
2771 729 3079 787 interﬁcere
3108 741 3213 781 non
3240 740 3342 779 va-

1775 815 1887 893 lent
1918 852 1934 890 :
1967 839 2062 892 sed
2113 835 2159 889 si
2199 831 2467 903 quispiam
2512 837 2595 884 est
2627 824 2890 897 ejusmodi
2944 833 3145 886 sermo,
3188 815 3342 887 cujus

1775 944 1976 998 corpus
1999 936 2059 982 et
2088 926 2267 979 anima
2301 923 2454 994 perdi
2481 920 2715 989 possint,
2741 917 2867 985 quia
2894 913 3006 968 sint
3037 910 3341 982 perditione

1774 1018 1958 1088 digna,
1991 1015 2260 1069 timendus
2283 1023 2367 1067 est
2395 1011 2488 1064 Del
2515 1008 2726 1072 Sermo,
2750 1005 2841 1075 qui
2863 1010 3040 1073 potest
3064 1010 3119 1056 et
3145 1013 3342 1068 corpus

1773 1085 2097 1162 etianimam
2146 1105 2376 1173 perdere
2435 1111 2488 1156 et
2523 1098 2721 1156 delere.
2760 1095 2873 1150 sive
2906 1094 2958 1147 in
2999 1091 3242 1161 gehenna
3268 1085 3338 1153 ³⁸,

1775 1200 1888 1254 sive
1930 1212 2038 1266 quo
2084 1197 2133 1251 ei
2169 1195 2397 1249 lubitum
2449 1191 2613 1246 fuerit
2642 1206 2656 1243 :
2689 1186 2948 1242 Dominus
2994 1181 3138 1237 enim
3182 1177 3340 1234 Iesus

1773 1293 2024 1348 conliciet
2053 1289 2244 1358 spiritu
2271 1286 2383 1342 oris
2405 1285 2512 1350 sui,
2539 1294 2593 1337 et
2611 1279 2850 1336 abolebit
2873 1275 3120 1331 claritate
3141 1272 3344 1325 adven-

1777 1393 1863 1436 tus
1895 1381 1978 1435 sui
2014 1391 2319 1435 sermonem
2357 1375 2501 1429 hunc
2531 1371 2634 1428 sibi
2690 1365 3086 1428 adversarium,
3115 1370 3169 1416 et
3210 1358 3340 1415 ell'e-

1775 1481 1983 1528 rentem
2013 1485 2074 1524 se
2105 1470 2392 1525 adversum
2425 1478 2641 1520 omnem
2686 1460 2778 1531 qui
2809 1459 3008 1514 dicitur
3057 1456 3218 1516 Deus,
3249 1458 3342 1504 aut

1775 1581 1973 1622 numen
1998 1567 2068 1618 ⁶⁹.
2104 1564 2171 1618 Ει
2197 1575 2329 1618 sane
2372 1559 2429 1615 hi
2455 1558 2520 1613 ad
2571 1570 2706 1627 quos
2744 1562 2827 1609 est
2868 1565 3066 1614 sermo,
3092 1554 3343 1618 quaerunt

1777 1656 2082 1710 interficere
2134 1652 2446 1714 hominem,
2493 1647 2586 1718 qui
2638 1645 2922 1700 veritatem
2972 1640 3183 1695 locutus
3233 1644 3340 1700 est,

1773 1763 1934 1818 quam
1967 1745 2175 1801 audivit
2199 1754 2256 1799 et
2284 1741 2494 1810 accepit
2525 1754 2554 1793 a
2600 1737 2726 1792 Deo.
2767 1733 2991 1790 Etiamsi
3019 1729 3342 1801 simpliciter

96 1847 304 1918 εἴληφε.
337 1848 455 1902 Κᾶν
483 1821 852 1921 ἀπλούστερον
909 1821 1153 1920 μέντοιγε
1200 1850 1342 1903 κατά
1377 1851 1468 1903 τὸν
1506 1821 1664 1904 τόπον

1774 1839 1948 1894 locum
1979 1839 2123 1892 hunc
2155 1836 2599 1903 interpretemur,
2641 1837 2824 1898 aperte
2853 1826 3115 1904 Servator
3158 1821 3342 1876 docuit

96 1935 545 2006 ὲκλαμϐάνωμεν,
583 1938 768 2006 σαφῶς
799 1938 1034 2002 ἐδίδαξεν
1061 1941 1090 1991 6
1119 1939 1329 2010 Σωτὴρ,
1358 1940 1441 1993 ὅτι
1471 1942 1530 1994 τὸ
1572 1941 1669 2013 ζη-

96 2024 351 2095 τούμενον
399 2026 503 2079 ὑπὸ
553 2027 818 2080 Ἰουδαίων
851 2027 945 2080 ἐπὶ
993 2027 1073 2098 τῷ
1105 2027 1458 2098 ἀναιρεθῆναι
1509 2029 1668 2083 αὐτὸν

97 2117 222 2181 Θεὸς
262 2118 365 2171 οὐκ
394 2114 462 2190 ἦν
494 2117 637 2188 (77),
681 2118 818 2172 ἀλλά
849 2118 1155 2190 ἄνθρωπος,
1185 2119 1242 2184 ὂς
1269 2119 1362 2173 καὶ
1405 2121 1666 2192 ἀνῃρέθη.

96 2209 221 2262 Θεὸν
251 2210 362 2282 γὰρ
411 2210 523 2281 (78)
567 2210 626 2264 οὐ
676 2209 894 2281 θεμιτὸν
933 2211 1294 2284 ἀποθνήσκειν
1325 2212 1533 2281 λέγειν’
1565 2213 1671 2267 διό-

99 2317 197 2370 περ
229 2302 259 2352 6
283 2302 344 2352 ὲν
375 2301 516 2374 ἀρχῇ
551 2302 684 2373 πρὸς
721 2303 813 2356 τὸν
839 2303 971 2357 Θεὸν
998 2305 1191 2373 Λόγος,
1229 2307 1376 2369 ὅστις
1414 2305 1508 2358 καὶ
1539 2305 1670 2369 Θεὸς

97 2393 262 2459 Λόγος
319 2389 410 2464 ἦν,
443 2395 560 2471 Δοὐκ
624 2394 880 2449 ἀπέθανε.
936 2397 1200 2467 Ζητήσεις
1254 2397 1342 2460 δὲ,
1394 2398 1530 2450 ὲπεὶ-
1571 2397 1668 2466 γέ-

109 2501 358 2555 γραπται,
406 2485 488 2538 ὅτι
516 2485 545 2536 ό
573 2486 761 2554 Λόγος
792 2486 950 2555 σὰρξ
979 2487 1236 2557 ἐγένετο,
1274 2488 1499 2556 πότερόν
1539 2506 1668 2542 ποτε

99 2577 126 2626 6
163 2576 452 2646 γενόμενος
488 2575 623 2646 σὰρξ
652 2575 823 2645 Λόγος
854 2576 933 2648 τῷ
969 2578 1255 2647 γεγονέναι
1287 2577 1442 2648 σάρξ,
1480 2579 1669 2648 γέγονε

100 2666 185 2716 καὶ
214 2664 526 2737 ἄνθρωπος,
568 2666 600 2736 ἢ
628 2660 695 2719 ὀὐ
739 2667 964 2736 γέγονεν
995 2668 1299 2740 ἄνθρωπος.
1336 2670 1400 2722 Εἰ
1433 2670 1532 2741 μὲν
1560 2670 1669 2742 γὰρ

98 2753 308 2825 γέγονεν
347 2757 659 2829 ἄνθρωπος,
706 2759 924 2812 δύναται
974 2760 1136 2824 αὐτὸς
1177 2760 1478 2831 ἐζητῆσθαι
1510 2762 1668 2815 ἀναι-

100 2848 346 2918 ρεθῆναι-ο
386 2852 432 2902 εί
477 2850 535 2903 δὲ
583 2850 655 2921 μὴ
697 2850 918 2920 γέγονεν
974 2850 1296 2924 ἄνθρωπος,
1333 2854 1426 2905 καὶ
1454 2854 1482 2904 6
1515 2853 1668 2921 γενό-

103 2957 251 3009 μενος
294 2940 431 3012 σὰρξ
472 2941 642 3011 Λόγος
671 2942 770 2995 οὐκ
811 2942 1117 3014 ἀναιρεθεὶς
1150 2943 1529 3016 ἀπεκατέστη,
1573 2945 1668 2998 καὶ

100 3033 520 3087 ἀποκαθίσταται
559 3034 771 3105 ἑκάστῳ
799 3035 891 3088 ἐπὶ
921 3033 1078 3088 τοῦτο
1121 3035 1260 3106 ὅπερ
1303 3030 1370 3106 ἦν
1405 3035 1534 3106 πρὶν
1572 3051 1665 3103 γε-

99 3118 308 3188 γένηται
341 3119 497 3192 σάρξ.

1773 1932 1917 2001 quod
1946 1931 1990 1986 is
2015 1943 2173 1998 quem
2203 1923 2518 1997 quierebant
2538 1919 2710 1978 Judaei
2755 1927 2815 1973 ut
2839 1916 3000 1972 morti
3034 1915 3338 1977 traderent,

1775 2025 1914 2077 Deus
1937 2037 2040 2076 non
2065 2029 2208 2084 erat,
2238 2019 2330 2073 sed
2356 2017 2539 2078 homo,
2572 2013 2664 2083 qui
2686 2011 2849 2067 etiam
2885 2005 3208 2063 interfectus
3232 2013 3336 2061 est.

1769 2115 1903 2169 Nam
1941 2115 2108 2168 Deum
2147 2111 2327 2166 dicere
2357 2108 2492 2162 mori
2535 2104 2688 2160 nefas
2710 2111 2822 2168 est;
2850 2108 2905 2157 et
2931 2100 3074 2154 hanc
3102 2098 3171 2152 ob
3204 2113 3336 2151 cau-

1770 2223 1885 2262 Satn
1943 2206 2174 2261 Verbum
2220 2202 2347 2256 illud
2405 2199 2549 2270 quod
2604 2205 2723 2252 erat
2773 2194 2827 2248 in
2879 2190 3149 2264 principio
3196 2188 3336 2258 apud

1770 2298 1960 2363 Deum,
1990 2297 2132 2366 quod
2155 2295 2318 2350 etiam
2344 2292 2483 2348 Deus
2507 2289 2740 2346 Verbum
2767 2296 2908 2350 erat,
2928 2298 3033 2338 non
3061 2291 3337 2338 mortuum

1772 2391 1892 2445 fuit.
1925 2389 2031 2444 Sed
2067 2403 2298 2458 quaeres,
2337 2384 2594 2454 quoniam
2639 2383 2903 2452 scriptum
2937 2379 3010 2434 sit
3043 2394 3056 2431 :
3109 2375 3336 2430 Verbum

1771 2499 1895 2537 caro
1930 2482 2127 2551 factum
2145 2491 2241 2542 est,
2268 2491 2450 2537 utrum
2474 2476 2686 2530 tandem
2705 2473 2942 2529 Verbum
2962 2483 3088 2525 caro
3114 2467 3335 2531 factum,

1770 2584 1835 2624 co
1867 2571 2006 2638 quod
2045 2569 2244 2622 factum
2297 2566 2370 2622 sit
2421 2579 2568 2631 caro,
2608 2563 2812 2618 factum
2841 2561 3004 2615 etiam
3033 2559 3104 2614 sit
3152 2558 3334 2623 homo,

1771 2670 1863 2714 aut
1893 2676 1998 2713 non
2030 2659 2103 2712 sit
2135 2657 2332 2711 factum
2362 2656 2557 2710 homo:
2591 2669 2713 2708 nam
2742 2652 2788 2708 si
2813 2651 3016 2706 factum
3041 2662 3124 2706 est
3150 2649 3336 2712 homo,

1771 2760 1947 2819 potest
1988 2751 2159 2818 ipsum
2219 2748 2386 2818 fllltl‘l‘i
2426 2757 2485 2800 ut
2534 2744 2928 2808 interficiatur;
2959 2741 3099 2811 quod
3147 2740 3194 2795 si
3231 2753 3334 2793 non

1769 2843 1933 2897 fuerit
1965 2842 2162 2895 factum
2189 2841 2371 2902 homo,
2404 2839 2635 2893 Verbum
2666 2838 2826 2892 etiam
2850 2850 2980 2890 caro
3003 2833 3203 2887 factum
3228 2847 3336 2886 non

1773 2931 2141 2996 interfectum,
2173 2931 2488 2984 restitutum
2515 2939 2627 2994 est;
2657 2937 2889 2996 suntque
2917 2924 3131 2994 singula
3166 2924 3335 2993 ipsius

1772 3022 2024 3076 restituta
2060 3022 2128 3076 ad
2160 3021 2260 3076 hoc
2283 3019 2424 3089 quod
2457 3027 2576 3073 erat
2607 3027 2893 3087 antequam
2922 3014 3077 3069 ﬁeret
3108 3027 3261 3069 caro.

163 3209 244 3266 1‘3.
291 3213 474 3266 Τοῦτο
517 3214 760 3284 Ἀϐραὰμ
804 3218 914 3269 οὐκ
968 3215 1237 3284 ἐποίησε.
1282 3217 1354 3270 T6
1403 3215 1664 3288 μηδαμῶς

1839 3205 1926 3260 12.
1962 3203 2074 3258 Hoc
2104 3203 2372 3256 Abraham
2417 3219 2520 3255 non
2543 3201 2662 3270 fecit
2691 3201 2756 3257 ⁸⁸.
2792 3201 2943 3269 Quod
2987 3200 3134 3255 nullo
3173 3195 3334 3253 modo

99 3300 303 3356 δυνατὸν
341 3304 648 3376 πραχθῆναι
692 3307 768 3377 τῷ
821 3307 1105 3378 Ἀϐραὰμ,
1153 3310 1200 3360 εί
1249 3307 1323 3380 μὴ
1370 3308 1665 3380 πεποίηκεν

112 3396 374 3468 Ἀϐραὰμ,
400 3397 477 3461 ὡς
517 3397 726 3468 ἔτυχεν,
778 3398 1118 3468 ἀναιρεῖσθαι
1161 3399 1302 3464 δόξει
1351 3400 1442 3452 τό·
1486 3399 1665 3453 Τοῦτο

113 3491 346 3560 Ἀϐραὰμ
379 3493 491 3546 οὐκ
519 3493 838 3560 ὲποίησενσ
874 3491 1078 3545 εἴποιεν
1104 3491 1211 3563 γὰρ
1249 3490 1313 3544 ἂν
1344 3491 1480 3562 πρὸς
1507 3489 1664 3543 τοῦτό

101 3597 261 3646 τινες,
300 3583 386 3636 ὅτι
447 3582 623 3654 μάτην
664 3582 881 3650 λέγεται
923 3582 1013 3636 τό’
1051 3582 1228 3636 Τοῦτο
1268 3582 1511 3651 Ἀϐραὰμ
1552 3584 1665 3636 οὐκ

103 3674 399 3742 ἐποίησεν,
431 3673 591 3744 εἰπερ
632 3674 732 3727 οὐκ
776 3674 998 3745 ἐποίησε
1029 3673 1090 3727 τὸ
1137 3672 1400 3745 μηδαμῶς
1441 3673 1666 3744 γενόμε-

104 3783 180 3818 νον
217 3764 360 3818 κατά
403 3765 495 3818 τὸν
536 3765 722 3836 χρόνον
756 3765 948 3820 αὐτοῦ’
997 3765 1057 3818 οὐ
1089 3764 1196 3834 γὰρ
1245 3763 1482 3832 ἐγεγόνει
1525 3761 1666 3816 κατά

103 3855 181 3907 τὸν
221 3855 412 3924 χρόνον
464 3853 627 3908 αὑτοῦ
661 3856 690 3907 6
741 3852 972 3925 Ἰησοῦς·
1010 3853 1124 3907 ἀλλ’
1178 3853 1299 3904 ἐπεὶ
1347 3851 1434 3904 τόο
1486 3851 1664 3905 Τοῦτο

115 3947 342 4016 Ἀϐραὰμ
380 3949 493 4000 οὐκ
535 3947 841 4015 ἐποίησεν,
879 3947 1041 4000 οἱονεὶ
1078 3948 1136 3999 ὲν
1173 3945 1380 4016 ἐπαίνῳ
1418 3944 1664 4016 ὑπολαμ-

102 4035 233 4090 ϐάνω
282 4037 536 4108 εἰρῆσθαι
573 4037 650 4108 τῷ
699 4040 828 4108 περὶ
881 4037 973 4091 τοῦ
1018 4037 1294 4108 Ἀϐραὰμ,
1341 4036 1546 4106 εἴποιμ’
1574 4035 1660 4100 ἂν,

101 4123 171 4177 δτι
200 4126 340 4180 κατά
375 4128 466 4182 τὸν
491 4128 773 4194 διδάξαντα
795 4129 966 4197 Λόγον
995 4128 1083 4180 τόο
1129 4127 1374 4196 Ἀϐραὰμ
1405 4130 1436 4180 ό
1467 4126 1664 4195 πατὴρ

101 4218 252 4286 ὑμῶν
302 4219 754 4290 ἠγαλλιάσατο,
813 4223 889 4276 ἵν’
943 4222 1042 4290 ιδῃ
1094 4221 1210 4289 τὴν
1255 4220 1484 4290 ἡμέραν
1545 4221 1661 4290 τὴν

98 4306 257 4375 ἐμὴν,
303 4309 406 4362 καὶ
435 4304 576 4373 εἶδε,
623 4310 721 4363 καί
748 4309 963 4380 ἐχάρη,
999 4311 1114 4363 ἐστὶ
1145 4309 1205 4363 τὸ
1236 4310 1513 4378 γεγονέναι
1563 4312 1662 4383 μὲν

100 4402 180 4452 καὶ
206 4401 298 4454 ἐπὶ
326 4399 424 4454 τοῦ
474 4402 721 4473 Ἀϐραὰμ
749 4403 1032 4473 ἄνθρωπον
1065 4403 1329 4457 λαλοῦντα
1363 4402 1428 4474 ἣν
1461 4403 1660 4474 ἤκουσε

99 4493 236 4559 παρὰ
271 4492 371 4545 τοῦ
415 4493 551 4546 Θεοῦ
599 4493 874 4564 ἀλήθειαν,
915 4495 976 4548 οὐ
1009 4495 1114 4566 μὴν
1160 4493 1453 4567 ἐζητῆσθαι
1501 4496 1660 4550 αὐτὸν

98 4585 392 4658 ἀνῃρῆσθαι
435 4585 541 4637 ὑπὸ
596 4585 691 4638 τοῦ
733 4585 1000 4658 Ἀϐραάμ.
1045 4589 1156 4640 Καὶ
1220 4588 1531 4658 ἐπίστησον,
1579 4589 1660 4641 ὅτι

96 4677 180 4728 οὐκ
227 4677 383 4729 ἐστιν
428 4677 517 4728 ὅτε
563 4679 591 4730 ό
624 4679 761 4732 κατά
811 4680 900 4733 τὸν
947 4681 1154 4753 Ἰησοῦν
1195 4683 1472 4753 τροπικῶς
1514 4682 1664 4737 νοού-

96 4785 241 4836 μενος
294 4767 586 4839 ἄνθρωπος
640 4770 739 4822 οὐκ
789 4771 1050 4843 ἐπεδήμει
1091 4773 1171 4844 τῷ
1217 4773 1338 4845 βίῳ,
1386 4775 1478 4827 καὶ
1523 4775 1663 4846 μετὰ

94 4861 205 4922 τοὺς
227 4861 327 4929 τῆς
358 4859 490 4931 περὶ
515 4859 680 4912 αὐτοῦ
713 4862 950 4933 ἱστορίας
983 4864 1225 4934 χρόνους,
1250 4866 1344 4918 καὶ
1371 4866 1656 4938 πρότερον.

95 4949 237 5003 Κατά
275 4949 440 5003 τοῦτο
470 4949 526 5002 δὲ
559 4953 738 5022 οἴομαι
785 4953 962 5006 πάντα
994 4951 1103 5025 (79)
1138 4955 1243 5008 τόν
1280 4955 1440 5020 ἅπαξ
1485 4972 1660 5024 φωτι-
1706 4994 1708 4997 -

94 5040 304 5094 σθέντα
321 5081 338 5106 ,
395 5039 495 5094 καὶ
553 5041 925 5112 γευσάμενον
983 5043 1206 5113 δωρεᾶς
1259 5045 1623 5114 ἐπουρανίου
1642 5088 1657 5114 ,

1764 3298 1998 3353 Abraba:
2040 3295 2197 3349 facile
2252 3295 2395 3348 factu
2441 3303 2585 3360 erat,
2632 3293 2676 3348 si
2711 3308 2815 3348 non
2874 3293 3001 3348 fecit
3036 3291 3332 3353 Abraham,

1767 3389 1927 3458 idque
1960 3399 2149 3457 postea
2182 3385 2445 3453 contigit,
2475 3384 2750 3438 destruere
2776 3392 2938 3452 atque
2964 3383 3228 3452 abrogare
3255 3380 3336 3433 vi-

1765 3479 1924 3534 detur
1981 3480 2121 3532 hunc
2174 3485 2526 3530 contextum:
2574 3471 2686 3527 Hoc
2729 3473 2994 3527 Abraham
3042 3489 3145 3526 non
3187 3471 3332 3542 fecit,

1766 3570 2084 3640 quibusdam
2120 3568 2184 3622 ad
2218 3569 2321 3622 hoc
2347 3566 2592 3630 dicturis,
2618 3565 2819 3620 frustra
2842 3564 2947 3619 dici
2975 3582 2990 3618 :
3025 3563 3138 3618 Hoc
3164 3565 3333 3618 Abra-

1767 3667 1888 3716 ham
1918 3677 2017 3715 non
2047 3660 2193 3730 fecit,
2228 3659 2274 3714 si
2303 3658 2355 3713 id
2385 3658 2529 3712 nullo
2572 3657 2731 3712 modo
2776 3657 2892 3713 fieri
2928 3664 3143 3727 poterat
3173 3664 3332 3709 aetate

1765 3753 1998 3808 Abrahae
2028 3769 2042 3806 :
2077 3767 2180 3806 non
2215 3750 2357 3805 enim
2387 3758 2546 3804 natus
2575 3757 2695 3802 erat
2724 3748 2956 3803 Abrahae
2977 3758 3216 3817 tempore
3241 3745 3332 3801 Je-

1765 3860 1878 3901 sus.
1911 3842 2017 3898 Sed
2068 3843 2305 3896 dicerem
2335 3855 2434 3912 ego
2465 3840 2744 3924 (quoniaom
2805 3839 2969 3893 veluti
3015 3839 3070 3894 in
3116 3839 3330 3892 laudem

1764 3937 1869 3990 dici
1902 3935 2136 3990 Abrahae
2173 3934 2366 4002 opinor
2394 3933 2509 3986 hinc
2537 3930 2740 3985 verba:
2777 3929 2892 3984 Hoc
2926 3929 3190 3984 Abraham
3226 3945 3330 3983 non

1765 4026 1928 4099 fecit),
1958 4025 2114 4094 juxta
2143 4025 2446 4079 doctrinam
2493 4022 2802 4078 Servatoris
2838 4021 3084 4076 docentis
3135 4034 3200 4075 ac
3243 4019 3328 4073 di-

1765 4121 1940 4174 centis
1969 4135 1982 4172 :
2013 4117 2277 4173 Abraham
2309 4126 2458 4184 pater
2494 4124 2657 4169 vester
2697 4114 2981 4168 exsultavit
3028 4123 3084 4166 ut
3133 4113 3324 4166 videret

1765 4212 1903 4266 diem
1947 4227 2137 4276 meum,
2176 4219 2224 4264 et
2275 4209 2424 4274 vidit,
2455 4208 2618 4280 322
2648 4218 2695 4264 et
2737 4209 2941 4278 gavisus
2968 4215 3045 4260 est
3069 4205 3135 4272 “,
3161 4203 3327 4258 fuisse

1764 4304 1926 4358 etiam
1979 4302 2212 4356 Abrahae
2261 4311 2502 4371 tempore
2539 4301 2837 4366 hominem,
2877 4301 2969 4369 qui
3020 4297 3328 4361 veritatem,

1764 4410 1925 4466 quam
1976 4409 2008 4448 a
2062 4394 2173 4448 Deo
2221 4393 2479 4458 audisset,
2529 4392 2892 4463 loqueretur:
2937 4404 3096 4460 quem
3151 4397 3330 4441 tamen

1765 4488 2039 4541 Abraham
2086 4485 2517 4541 interficiendum
2562 4500 2668 4539 non
2724 4483 2947 4538 curarit.
2982 4479 3052 4536 Et
3099 4479 3330 4534 observa

1765 4579 1909 4650 quod
1955 4579 2140 4643 homo,
2173 4577 2264 4647 qui
2302 4579 2507 4647 tropice
2548 4575 2870 4647 intelligitur
2914 4575 2966 4628 in
2994 4571 3120 4628 Jesu
3145 4609 3160 4635 ,
3193 4584 3330 4624 nun-

1760 4687 1921 4740 quam
1954 4686 2060 4725 non
2097 4669 2378 4724 advenerit
2406 4669 2457 4724 in
2482 4669 2621 4724 hanc
2643 4667 2835 4734 vitam,
2861 4674 2915 4720 et
2940 4673 3062 4736 post
3085 4672 3326 4730 tempora

1760 4764 2005 4818 historia:
2031 4763 2114 4818 sui
2153 4762 2324 4833 ipsius
2353 4771 2409 4818 et
2450 4770 2630 4817 antea.
2658 4760 2809 4815 Hanc
2837 4760 2906 4812 ob
2935 4769 3156 4812 causam
3211 4753 3327 4806 fieri

1759 4873 1866 4912 non
1892 4873 2052 4927 posse
2077 4857 2350 4924 existimo,
2385 4865 2444 4912 ut
2467 4855 2645 4911 omnis
2685 4855 2775 4924 qui
2807 4849 2964 4906 semel
2998 4847 3325 4900 illuminatu:

1760 4950 1943 5018 fuerit,
1977 4952 2168 5020 quique
2204 4951 2401 5004 donum
2428 4948 2628 5003 cmleste
2649 4945 2955 5015 gustaverit,
2984 4952 3031 4994 et
3065 4939 3325 5009 particeps

1759 5041 1936 5111 factus
1969 5043 2127 5110 fuerit
2171 5042 2406 5112 Spiritus
2450 5040 2653 5104 sancti,
2703 5036 3086 5108 gustaveritque
3130 5032 3324 5086 bonum

146 5188 188 5218 ετ
221 5186 417 5241 Matth.
442 5203 502 5252 κ,
532 5185 624 5242 28.
699 5186 746 5221 ⁵⁸
771 5187 904 5242 ibid.
982 5189 1025 5219 "
1055 5188 1094 5241 ll
1123 5186 1315 5243 Thess.
1345 5204 1406 5254 ll,
1435 5189 1490 5254 5,
1512 5189 1569 5242 4.
1646 5188 1664 5220 ⁸

1768 5202 1881 5243 tan.
1914 5200 2035 5250 vui,
2059 5184 2154 5242 40.
2227 5184 2273 5215 “
2307 5181 2439 5238 ibid.
2461 5179 2548 5235 56.

150 5303 270 5375 (74),
302 5303 442 5363 Ἀπὸ
473 5301 610 5357 τῶν.
649 5301 810 5359 Deest
836 5306 889 5358 in
916 5304 1103 5360 codice
1128 5303 1319 5374 Regio,
1342 5304 1435 5361 sed
1460 5303 1656 5375 legitur

91 5372 138 5426 in
163 5372 490 5428 Bodleiano.

154 5443 264 5512 (75)
306 5442 592 5513 Ferrarius
618 5442 828 5513 legebat
857 5442 993 5497 Θεοῦ
1022 5444 1219 5512 Λόγον.

156 5513 270 5580 (76)
303 5512 620 5585 Στόματος.
659 5512 884 5567 Codices
918 5529 1106 5585 mimes
1148 5513 1348 5570 habent
1381 5512 1652 5585 σώματος·

99 5585 192 5652 sed,
208 5584 526 5652 certissime
542 5582 819 5652 legendum
851 5583 1139 5652 στόματος.

165 5651 269 5726 (77)
290 5652 471 5726 codex
502 5647 722 5726 Regius,
761 5647 1012 5726 αὑτόθερς
1039 5647 1140 5708 οὐκ
1163 5647 1251 5726 ἦν.

167 5721 273 5797 (ἒξ)
306 5720 461 5797 Θεόγ-
486 5720 618 5797 reip.
653 5723 711 5797 lu
730 5727 914 5797 codice
949 5724 1113 5797 Regio
1148 5720 1300 5778 deest
1334 5725 1463 5797 γάρ.

171 5780 275 5861 (79)
296 5791 452 5845 Κατὰ
479 5780 652 5847 ἑοῧτο
681 5791 749 5846 δὲ
773 5793 968 5868 οῑομαι
1012 5780 1228 5849 ἕάντα.
1251 5780 1358 5851 etc:
1409 5780 1511 5852 ’δίο
1555 5793 1656 5850 ba-

1760 5304 1894 5358 bent
1915 5317 2045 5356 mss.
2072 5302 2142 5354 At
2173 5299 2459 5354 Ferrarius
2484 5297 2678 5366 legisse
2701 5295 2949 5358 videtur,
2976 5293 3134 5366 κατά
3163 5290 3324 5366 τοῦτο

1761 5373 1821 5427 δὲ
1849 5372 2108 5427 ἀδύνατον
2125 5370 2307 5440 οἴομαι
2336 5362 2688 5440 πάντα,“οιο.,
2714 5366 2853 5440 quod
2877 5362 3147 5440 consentit
3174 5363 3325 5417 Pauli

1764 5445 1942 5498 verbis
1967 5440 2132 5496 llchr.
2165 5433 2240 5503 vi,
2271 5441 2324 5500 4,
2369 5437 2649 5492 Ἀδύνατον
2677 5434 2783 5506 γὰρ
2831 5437 2957 5500 τοὺς
2983 5433 3129 5498 ἅπαξ
3161 5451 3329 5502 φωτι-

1763 5512 2008 5577 σθέντας,
2041 5522 2174 5573 etc.,
2214 5524 2278 5563 ex
2310 5510 2506 5576 quibus
2529 5523 2713 5577 ansam
2747 5507 3094 5577 arripuerunt
3116 5515 3328 5577 veteres

1762 5574 1979 5653 quidam
1995 5574 2310 5651 trejiciendae
2329 5574 2497 5653 hujus
2530 5576 2818 5653 Epistolas,
2838 5574 2988 5653 quasi
3019 5589 3167 5653 _qua:
3184 5574 3324 5653 “blo-

1760 5642 1995 5707 vatianis
2021 5642 2230 5704 faveret
2261 5667 2274 5702 :
2304 5642 2518 5703 sed'eos
2547 5642 2744 5701 refellit
2782 5642 3138 5703 Bellarmiu’us
3183 5642 3276 5697 lib.
3305 5657 3321 5696 ι

1763 5723 1843 5780 De
1872 5721 2038 5778 Verbo
2062 5722 2177 5786 Dei,
2207 5734 2326 5789 cap.
2355 5727 2446 5790 17,
2479 5725 2740 5780 Hunnus.
