3804 6528
459 367 562 424 599

1939 362 2262 423 ORIGENIS

3611 363 3712 421 600

461 484 559 537 Dei
595 482 826 568 uerbum,
879 499 942 536 ac
981 482 1195 537 virtutes
1231 479 1402 552 futuri
1441 483 1646 544 swculi,
1675 492 1720 537 et
1766 482 2026 548 exciderit,

2150 485 2396 554 αέτοχόν
2427 501 2491 538 τε
2519 482 2842 554 γενηθέντα
2870 483 3214 554 ΙΙνεύματος
3242 483 3437 554 ἁγίου,
3471 484 3570 538 και
3618 502 3709 540 za-

457 576 632 628 denuo
656 582 944 641 reponatur
965 590 1056 642 per
1085 575 1464 642 paenitentiam,
1487 576 1550 627 ab
1579 574 1782 644 integro
1817 576 2032 644 cruci/i-

456 681 584 736 gens
611 665 816 719 sibimet
849 665 949 734 ipsi
984 663 1185 717 Filium
1216 664 1330 725 Dei,
1361 673 1408 718 et
1438 663 1736 731 infamatis,
1771 664 1878 730 vel,
1910 675 2034 718 ante

459 758 796 828 cruciﬁgens,
830 758 936 822 vel,
967 759 1139 810 denuo
1168 756 1481 825 cruciﬁgens
1517 754 1715 808 Filium
1745 754 1866 822 Dei,
1891 755 2035 825 infa-

461 869 712 922 mansque
729 854 795 909 θ’.
824 853 935 907 sive
969 861 1258 921 antequam
1283 849 1582 920 corporalis
1609 848 1916 904 Scrvatoris
1937 865 2037 904 no-

463 948 560 1001 stri
596 949 856 1002 adventus
885 946 1130 1000 historiis
1174 946 1548 1006 mandaretur,
1580 943 1691 997 sive
1735 951 1876 1010 post.
1909 942 2027 996 Non

465 1041 608 1092 enim
637 1040 729 1108 qui
754 1053 899 1093 nunc
931 1047 1053 1107 post
1082 1038 1555 1102 illuminatiouem,
1587 1045 1893 1106 ceteraque
1939 1035 2033 1090 Dei

464 1135 518 1189 in
550 1150 606 1189 se
633 1133 891 1188 beneﬁcia
921 1143 1136 1203 peccat,
1164 1132 1360 1188 Filium
1397 1132 1490 1186 Dei
1535 1132 1714 1187 denuo
1764 1130 2034 1200 cruciﬁgit

463 1236 688 1297 pmpter
706 1235 926 1295 peccata
948 1226 1013 1280 ad
1036 1239 1153 1296 quae
1177 1223 1566 1286 recurrit,nihil
1587 1223 1873 1295 perﬁci'ens
1889 1221 2034 1276 illius

465 1317 694 1370 actionis
710 1332 828 1387 qua:
853 1315 1198 1371 communius
1223 1313 1426 1368 dicitur
1452 1314 1779 1382 corporalis,
1813 1312 1879 1366 ad
1911 1326 2032 1367 crn-

462 1404 791 1475 ciligendum
827 1405 1022 1460 Filium
1053 1403 1144 1458 Dei
1173 1422 1186 1458 :
1224 1418 1328 1458 non
1362 1404 1501 1457 idem
1526 1411 1706 1459 autem
1737 1402 1906 1456 etiam
1937 1416 2033 1455 an-

464 1508 548 1552 tea
582 1497 770 1560 ﬂeret;
802 1507 858 1551 et
883 1497 974 1568 qui
1001 1504 1210 1565 peccat,
1249 1505 1531 1566 postquam
1582 1495 1816 1549 audierit
1849 1495 2028 1548 divina

460 1587 648 1652 verba,
673 1597 830 1642 antea
877 1587 1226 1642 cruciﬁxerat
1256 1587 1453 1641 Filium
1502 1585 1618 1640 Dei.
1661 1586 1813 1653 Quod
1861 1587 1905 1642 si
1943 1585 2028 1640 cui

462 1680 643 1749 placet
674 1680 964 1736 admittere
993 1681 1134 1749 quod
1163 1679 1218 1734 in
1263 1679 1413 1734 Actis
1446 1677 1595 1732 Pauli
1631 1679 1892 1748 scriptum
1925 1688 2028 1742 est,

463 1784 721 1845 tanquam
747 1789 774 1827 a
801 1774 1092 1828 Servatore
1114 1773 1315 1827 dictum
1341 1789 1354 1824 :
1381 1771 1563 1825 Denuo
1589 1772 1747 1824 debeo
1768 1770 2026 1838 cruriﬁgi,

2134 578 2251 632 λὸν
2303 576 2676 648 γευσάμενον
2723 575 2872 630 Θεοῦ
2911 575 3099 646 ῥῆμα,
3134 575 3409 646 δυνάμεις
3459 592 3525 629 τε
3569 575 3714 645 μέλε

2134 675 2351 738 λοντος
2395 670 2628 737 αἰῶνος,
2666 669 2762 724 καὶ
2803 669 3263 738 παραπεσόν-τα,
3312 667 3504 722 πάλιν
3565 668 3714 722 ἀνα.

2135 761 2416 823 καινίζειν
2447 761 2665 817 ἑαυτὸν
2707 763 2794 827 εις
2830 759 3155 830 μετάνοιαν
3197 759 3340 832 (80),
3388 760 3522 828 ἦτοι
3569 776 3710 828 στι-ο-

2134 853 2511 922 σταυροῦντα
2528 892 2544 917 ,
2600 853 2639 921 ἢ
2697 850 3193 920 ἀνασιιαυροῦντα
3249 852 3357 905 τὸν
3423 851 3568 905 Υιόν
3612 851 3714 905 τοῦ

2137 944 2306 1007 Θεοῦ,
2335 943 2434 997 καὶ
2481 941 3098 1012 παραδειγματίζοντα,
3132 940 3246 994 εἴτε
3291 941 3396 1013 πρὸ
3425 941 3532 1010 τῆς
3571 943 3714 994 ἱστο-

2136 1037 2403 1108 ρουμένης
2438 1034 2755 1106 σωματικῆς
2781 1033 2877 1087 τοῦ
2915 1033 3167 1106 Σωτῆρος
3201 1032 3354 1105 ἡμῶν
3390 1034 3710 1105 ἐπιδημίας,

2133 1127 2244 1181 εἴτε
2291 1129 2384 1181 καὶ
2427 1127 2672 1198 ὕστερον.
2704 1127 2778 1179 Οὐ
2828 1125 2935 1197 γὰρ
2965 1127 2995 1178 ό
3031 1126 3130 1197 μὲν
3161 1125 3255 1179 νῦν
3291 1125 3430 1196 μετά
3465 1126 3561 1180 τὸν
3603 1144 3712 1194 φω-

2132 1221 2324 1292 τισμὸν
2366 1221 2458 1276 καὶ
2497 1220 2597 1284 τὰς
2627 1218 2821 1283 λοιπὰς
2863 1221 2944 1283 εἰς
2981 1220 3142 1276 αὐτὸν
3183 1219 3276 1273 τοῦ
3320 1221 3458 1273 Θεοῦ
3493 1221 3715 1292 εὐεργε-

2135 1313 2256 1378 σίας
2293 1313 2624 1385 ἁμαρτάνων
2659 1313 2995 1385 ἀνασταυροῖ
3022 1312 3116 1366 τὸν
3151 1313 3278 1367 Υἱὸν
3313 1312 3407 1366 τοῦ
3449 1313 3590 1366 Θεοῦ
3632 1314 3713 1367 διὰ

2132 1404 2240 1458 τῶν
2277 1405 2423 1459 ἰδίων
2454 1405 2890 1477 ἁμαρτημάτων,
2919 1405 3004 1474 ἐφ’
3032 1405 3068 1460 ἁ
3105 1405 3596 1478 ἐπαλινδρόμησεν,
3630 1409 3713 1460 ob-

2131 1498 2220 1552 δέν
2265 1498 2364 1570 τῆς
2407 1498 2711 1570 κοινότερον
2757 1496 3056 1568 λεγομένης
3089 1499 3407 1570 σωματικῆς
3467 1499 3612 1572 πρὸς
3659 1501 3714 1552 τὸ

2133 1591 2444 1663 σταυρῶσαι
2475 1592 2565 1646 τὸν
2601 1591 2728 1645 Υίὸν
2765 1590 2860 1644 τοῦ
2903 1590 3037 1644 Θεοῦ
3085 1592 3365 1664 ἐνεργείας
3404 1594 3710 1649 ἐπιτελῶν·

2131 1683 2250 1752 οὐχὶ
2279 1682 2336 1736 δὲ
2371 1683 2465 1736 καὶ
2506 1683 2770 1754 πρότερον
2801 1681 2962 1735 τοῦτο
3000 1681 3227 1750 ἐγίνετο,
3271 1684 3364 1737 καὶ
3397 1686 3424 1737 ό
3460 1685 3713 1756 ἁμαρτά-

2132 1791 2238 1826 νων
2278 1772 2416 1844 μετά
2461 1772 2522 1825 τὸ
2551 1771 2783 1825 ἀκοῦσαι
2825 1769 2984 1824 Θείων
3012 1770 3186 1839 λόγων
3219 1772 3599 1844 προεσταύρου
3627 1772 3715 1824 τὸν

464 1869 510 1921 is
535 1841 986 1942 quemadmodum
1012 1873 1133 1934 post
1158 1869 1454 1919 adventum
1485 1862 1724 1916 admittit
1753 1860 1904 1925 illud,
1928 1859 2023 1914 De-

2150 1864 2261 1918 Γίὸν
2281 1841 2384 1918 ⁷τοῦ
2422 1863 2579 1918 Θεοῦ.
2614 1863 2683 1916 Εἴ
2711 1880 2789 1934 τῳ
2822 1862 2877 1916 δὲ
2910 1861 3062 1932 φίλον
3091 1841 3514 1934 παραδέξασθαι
3546 1864 3611 1917 τὸ
3661 1865 3714 1916 ἐν

467 1975 573 2012 nuo
607 1957 764 2012 debeo
812 1957 1072 2028 cruciﬁgi,
1099 1957 1179 2011 sic
1211 1963 1267 2012 et
1294 1963 1422 2010 ante
1464 1953 1754 2008 adventum
1785 1953 2034 2007 admittet

463 2050 641 2105 locum
670 2050 948 2115 habuisse.
984 2049 1201 2119 quando
1246 2048 1434 2102 eadem
1464 2061 1626 2101 causa
1664 2054 1744 2099 est
1773 2043 1983 2098 dicendi
2015 2060 2030 2097 :

461 2142 588 2198 1am
619 2143 779 2198 debeo
805 2142 1065 2212 cruciﬁgi.
1093 2139 1206 2195 Cur
1227 2140 1373 2194 enim
1401 2155 1506 2194 non
1531 2139 1694 2192 etiam
1718 2145 1879 2190 antea
1909 2149 2034 2188 cru-

463 2235 659 2293 ciﬁxus
689 2243 792 2301 est,
825 2245 882 2287 ut
919 2231 1316 2303 crnciﬁgendus
1363 2240 1447 2285 est
1475 2227 1693 2285 denuo?
1724 2227 1860 2283 Vide
1904 2241 2034 2281 vero

463 2343 536 2385 an
569 2345 673 2382 non
704 2338 914 2382 tantum
949 2335 1288 2392 sanctorum,
1325 2323 1413 2391 qui
1451 2332 1574 2392 post
1595 2320 1797 2375 Christi
1833 2320 2034 2373 adven-

466 2427 580 2473 tum
632 2419 802 2485 l'uere,
855 2419 926 2473 sit
975 2433 1077 2470 vox
1130 2417 1262 2471 illa:
1320 2415 1450 2470 Cum
1492 2413 1702 2468 Christo
1747 2414 2032 2482 cruciﬁxus

465 2527 581 2565 sum
606 2511 673 2575 “,
722 2511 814 2565 sed
851 2525 1002 2580 aeque
1047 2510 1111 2564 ad
1161 2507 1373 2578 priores
1419 2507 1586 2561 etiam
1640 2505 1932 2576 pertineat,
1966 2521 2034 2560 ne

466 2596 688 2652 ditl'erre
711 2597 953 2652 dicamus
977 2608 1217 2661 sanctos,
1250 2596 1341 2666 qui
1366 2603 1488 2666 post
1511 2594 1710 2650 Christi
1737 2595 2028 2650 adventum

465 2687 642 2752 fuere,
663 2703 694 2742 a
721 2687 925 2758 Moyse,
949 2697 1003 2743 et
1031 2689 1328 2758 prophetis,
1349 2698 1404 2743 et
1435 2687 1780 2758 patriarchis.
1799 2687 1914 2742 Vox
1942 2688 2028 2741 illa

460 2795 714 2850 quoque:
750 2777 876 2834 Vivo
907 2797 1020 2851 ego,
1046 2798 1150 2835 non
1179 2780 1407 2848 amplius
1435 2795 1548 2850 ego,
1583 2786 1672 2833 sed
1704 2780 1822 2833 visit
1868 2779 1922 2832 in
1950 2796 2031 2834 me

459 2870 698 2927 Christus
723 2870 789 2940 “,
814 2886 965 2941 atque
1007 2874 1170 2928 etiam
1202 2872 1422 2928 dicatur
1469 2887 1574 2926 non
1606 2869 1779 2925 solum
1807 2871 1874 2925 de
1904 2885 2032 2925 san-

458 2964 564 3039 ctis
591 2965 680 3034 qui
710 2972 830 3033 post
873 2963 1073 3019 Christi
1109 2964 1403 3017 adventum
1443 2962 1618 3025 fuere,
1650 2977 1835 3016 verum
1864 2961 2028 3016 etiam

460 3056 530 3109 de
554 3055 640 3109 his
667 3055 758 3124 qui
785 3065 966 3110 antea.
997 3054 1238 3109 Observo
1265 3055 1428 3108 etiam
1453 3063 1509 3106 et
1534 3053 1638 3107 hoc
1668 3053 1871 3107 dictum
1901 3051 2031 3106 Ser-

461 3145 705 3200 vatoris:
740 3146 880 3199 Deus
926 3145 1213 3207 Abraham,
1251 3157 1298 3198 et
1329 3144 1466 3199 Deus
1491 3144 1668 3209 Isaac,
1688 3153 1736 3197 et
1762 3142 1906 3198 Deus
1925 3142 2027 3196 ,Ια-
2055 3183 2097 3240 C

459 3237 552 3290 cob
565 3252 588 3303 ;
613 3236 752 3290 Deus
773 3246 948 3289 autem
973 3253 1072 3289 non
1090 3246 1162 3292 est
1187 3245 1536 3302 mortuorum,
1553 3237 1644 3288 sed
1664 3235 1940 3288 viventium
1958 3235 2025 3298 “,

460 3344 588 3383 num
619 3328 760 3384 forte
783 3327 1078 3394 Abraham,
1102 3327 1251 3383 Isaac
1271 3336 1326 3382 et
1347 3326 1532 3392 Jacob,
1561 3338 1782 3398 propter
1802 3329 1904 3383 hoc
1919 3329 2031 3383 sint

459 3421 730 3485 viventes,
753 3421 1007 3489 quoniam
1029 3429 1085 3475 et
1110 3420 1210 3489 ipsi
1231 3435 1351 3475 cum
1371 3419 1590 3475 Christo
1612 3420 1919 3490 consepulti
1938 3435 2026 3476 re-

460 3521 852 3579 surrexerunt;
878 3527 983 3566 non
1003 3511 1224 3567 omnino
1251 3519 1431 3565 tamen
1459 3513 1759 3581 corporalis
1786 3512 2029 3582 sepultu-

460 3620 535 3659 ra!
565 3603 716 3671 Jesu,
744 3604 827 3659 vel
857 3602 1154 3674 corporalis
1207 3602 1624 3659 resurrectionis
1665 3601 1783 3670 ejus
1828 3604 2023 3658 instar.

460 3695 586 3749 Haec
602 3696 863 3750 hactenus
885 3690 950 3750 de
967 3709 1032 3750 eo
1061 3695 1202 3764 quod
1221 3704 1336 3750 est:
1357 3693 1473 3748 Hoc
1505 3694 1770 3748 Abraham
1800 3712 1903 3750 non
1945 3696 2026 3764 [e-

459 3789 550 3841 cit.
584 3786 746 3859 323
778 3788 914 3853 Quid
946 3797 1123 3842 autem
1160 3786 1263 3840 hoc
1295 3797 1378 3842 cst
1410 3786 1575 3855 aliud,
1630 3787 1730 3842 nisi
1782 3803 2029 3857 quaerere

457 3875 768 3930 interﬁcere
817 3877 1089 3931 hominem
1148 3878 1237 3948 qui
1283 3878 1562 3932 veritatem
1604 3879 1816 3933 locutus
1865 3879 2029 3933 fuerit

457 3979 618 4035 quam
645 3981 676 4021 a
715 3966 828 4022 Deo
859 3968 1142 4023 audierit?
1189 3967 1480 4022 Tradimus
1513 3969 1657 4022 enim
1686 3977 1742 4022 et
1771 3969 2027 4023 docemus

457 4073 733 4129 nunquam
772 4057 1009 4115 defuisse
1036 4061 1246 4116 sanctis
1279 4060 1623 4130 spiritualem
1657 4059 1784 4115 Jcsu
1819 4060 2026 4130 adven-

457 4157 569 4202 tum
605 4159 768 4219 atque
797 4149 1276 4219 dispensationem.
1316 4152 1472 4218 Quod
1524 4152 1571 4206 si
1606 4153 1759 4220 haec,
1801 4153 2027 4222 perinde

456 4251 621 4312 atque
649 4245 704 4296 in
738 4242 858 4297 aliis
883 4243 1372 4312 consideravimus,
1404 4245 1471 4298 ad
1513 4258 1732 4298 sensum
1763 4246 2024 4314 anagogi-

456 4348 583 4388 cum
616 4333 924 4400 reduxeris,
965 4335 1108 4390 alius
1145 4336 1260 4392 haec
1307 4337 1487 4390 omnia
1527 4336 1684 4404 hujus
1715 4336 1816 4391 loci
1868 4337 2020 4390 simi-

455 4423 585 4478 liter
623 4425 921 4492 explanare
977 4425 1228 4493 tentabit,
1290 4427 1355 4480 ad
1405 4425 1692 4495 mysticum
1743 4426 2021 4480 Abraham

2131 1958 2253 2018 ταῖς
2283 1953 2498 2006 Παύλου
2524 1951 2794 2026 Πρὰξεσιν
2824 1953 2935 2025 (81)
2963 1955 3473 2026 ἀναγεγραμμένον,
3501 1955 3580 2018 ὡς
3611 1954 3715 2007 ὑπὸ

2132 2043 2226 2096 τοῦ
2281 2044 2528 2114 Σωτῆρος
2592 2044 2908 2115 εἰρημένον·
2953 2046 3204 2098 Ἀνωθεν
3257 2045 3461 2113 μέλλω
3523 2060 3712 2099 σταυ-

2125 2135 2399 2205 ροῦσθαι,
2443 2131 2598 2199 οὗτος
2623 2135 2699 2202 ὡς
2728 2136 2864 2203 μετά
2896 2137 2993 2208 τὴν
3018 2137 3311 2208 ἐπιδημίαν
3339 2137 3712 2208 παραδέχεται

2131 2228 2222 2280 τόο
2253 2229 2504 2281 Ἀνωθεν
2544 2227 2751 2296 μέλλω
2782 2227 3192 2295 σταυροῦσθαι
3233 2227 3541 2298 γινόμενον,
3574 2228 3718 2283 οὕτω

2133 2322 2226 2374 καὶ
2258 2321 2362 2392 πρὸ
2393 2321 2494 2390 τῆς
2524 2322 2846 2393 ἐπιδημίας,
2888 2323 3016 2374 ὅταν
3047 2322 3117 2376 τὰ
3149 2323 3287 2377 αὐτά
3321 2322 3471 2378 αῐτια
3507 2323 3717 2392 γίνεται

2133 2412 2224 2466 τοῦ
2280 2412 2534 2481 λέγεσθαι
2574 2414 2668 2467 ἀν·
2703 2412 2845 2481 Ἤδη
2890 2412 3094 2482 μέλλω
3136 2414 3550 2482 σταυροῦσθαι
3569 2456 3585 2480 ,
3632 2417 3718 2469 διὰ

2131 2505 2183 2559 τί
2209 2505 2317 2578 γὰρ
2368 2505 2515 2574 οὐχὶ,
2566 2505 2642 2568 ὡς
2678 2506 2883 2560 ἄνωθεν
2938 2505 3118 2575 μέλλει
3173 2505 3573 2577 σταυροῦσθαι,
3622 2508 3717 2560 καὶ

2133 2598 2396 2671 πρότερον
2422 2596 2763 2670 ὲσταύρωτο;
2789 2597 2929 2668 Ὅρα
2951 2596 3006 2650 δὲ
3036 2599 3084 2650 εί
3122 2597 3196 2670 μὴ
3233 2599 3406 2668 μόνων
3432 2598 3547 2651 τῶν
3581 2601 3718 2669 μετὰ

2130 2691 2229 2762 τὴν
2277 2691 2578 2763 παρουσίαν
2624 2691 2769 2744 ἐστὶν
2817 2689 2986 2759 ἁγίων
3024 2692 3058 2762 ἡ
3109 2692 3296 2762 φωνή·
3349 2689 3432 2756 Τῷ
3479 2691 3719 2760 Χριστῷ

2131 2783 2623 2851 συνεσταύρωμαι
2642 2820 2656 2845 ,
2686 2781 2820 2834 ἀλλὰ
2867 2781 2976 2853 (82)
3011 2782 3106 2835 καὶ
3152 2781 3256 2834 τῶν
3289 2783 3598 2854 προτέρων,
3636 2784 3719 2836 ἵνα

2135 2873 2209 2943 μὴ
2258 2873 2539 2944 διαφέρειν
2589 2871 2835 2942 λέγωμεν
2886 2872 3014 2936 τοὺς
3067 2872 3204 2943 μετά
3254 2871 3351 2942 τὴν
3404 2875 3719 2944 παρουσίαν

2131 2964 2338 3032 ἁγίους,
2367 2963 2668 3027 Μωῦσὲως,
2706 2965 2801 3017 καὶ
2833 2963 2942 3018 τῶν
2982 2962 3274 3036 προφητῶν
3307 2964 3438 3033 (83),
3474 2967 3572 3019 καὶ
3615 2983 3719 3018 πα·

2129 3054 2429 3128 τριαρχῶν.
2463 3055 2574 3109 Καὶ
2601 3055 2695 3108 τόο
2727 3053 2819 3107 Ζῶ
2851 3054 3052 3109 οὐκέτι
3091 3038 3220 3123 ἑγῶ,
3267 3051 3334 3122 ζῇ
3374 3053 3442 3106 δὲ
3481 3056 3554 3107 ἐν
3582 3057 3714 3125 ἐμοι

2131 3147 2401 3216 Χριστὸς,
2436 3146 2678 3216 λεγέσθω
2701 3147 2775 3220 μὴ
2792 3141 2950 3221 μόνον
2969 3143 3077 3198 ὑπὸ
3089 3149 3197 3198 τῶν
3219 3141 3357 3213 μετά
3374 3142 3476 3213 τὴν
3502 3165 3579 3201 πα
3584 3167 3717 3220 ρου-

2135 3240 2274 3303 σίαν,
2315 3238 2450 3292 ἀλλά
2496 3238 2590 3293 καὶ
2637 3238 2892 3293 ὐπὸ-τῶν
2937 3239 3236 3309 προτέρων.
3291 3238 3592 3309 Ἑφίστημι
3657 3241 3714 3294 δὲ

2131 3331 2224 3384 καὶ
2251 3329 2357 3401 τῷο
2390 3330 2534 3398 Θεὸς
2566 3330 2831 3399 Ἀϐραὰμ,
2862 3329 2959 3383 καὶ
2992 3327 3137 3395 Θεὸς
3181 3328 3399 3393 Ἰσαὰκ,
3428 3330 3526 3384 καί
3566 3331 3715 3398 Θεὸς

2142 3420 2368 3476 Ἰακώϐ·
2415 3421 2559 3488 Θεὸς
2591 3420 2659 3474 δὲ
2707 3424 2817 3475 οὐκ
2865 3422 2997 3475 ἐστι
3057 3420 3305 3490 νεκρῶν,
3339 3423 3505 3477 ἀλλὰ
3567 3424 3716 3485 ζών-

2130 3531 2268 3578 των,
2302 3513 2575 3585 εἰρημένῳ
2609 3514 2714 3566 ὑπὸ
2742 3511 2836 3566 τοῦ
2865 3513 3137 3584 Σωτῆρος,
3180 3515 3386 3585 μήποτε
3417 3513 3510 3566 διά
3553 3515 3717 3569 τοῦτο

2130 3605 2328 3671 ζῶντές
2372 3609 2507 3659 εἰσιν
2563 3605 2847 3677 Ἀϐραὰμ,
2887 3604 3104 3668 Ἰσαὰκ,
3151 3605 3246 3658 καὶ
3303 3605 3534 3671 Ἰακὼϐ,
3588 3608 3716 3660 ἐπὶ

2129 3699 2224 3752 καὶ
2295 3698 2448 3751 αὐτοὶ
2517 3698 2877 3767 συνταφέντες
2935 3696 3013 3768 τῷ
3081 3697 3301 3770 Χριστῷ
3372 3699 3715 3771 συνανέστη-

2131 3805 2229 3840 σαν
2285 3786 2393 3857 (84)
2433 3787 2609 3858 αὐτῷ,
2650 3787 2712 3840 οὐ
2771 3789 2986 3852 πάντως
3030 3788 3169 3841 κατὰ
3233 3790 3332 3861 τὴν
3388 3790 3716 3861 σωματικὴν

2127 3877 2222 3932 τοῦ
2268 3877 2443 3949 Ἰησοῦ
2492 3877 2690 3948 ταφὴν,
2735 3877 2767 3948 ἢ
2814 3878 3128 3950 σωματικὴν
3180 3880 3475 3933 ἀνάστασιν
3519 3881 3708 3935 αὐταῦ.

2128 3969 2314 4024 Ταῦτα
2370 3970 2506 4042 πρὸς
2554 3971 2616 4027 τό
2639 3987 2652 4000 ·
2706 3970 2884 4024 Τοῦτο
2943 3970 3199 4042 Ἀϐραὰμ
3255 3973 3366 4026 οὐκ
3428 3973 3710 4040 ἐποίησε.

2127 4063 2193 4115 Τί
2221 4063 2276 4115 δὲ
2306 4061 2462 4115 τοῦτο
2493 4061 2608 4133 ἢτὸ
2631 4061 2812 4131 ζητεῖν
2843 4062 3160 4117 ἀποκτεῖναι
3193 4062 3476 4135 ἄνθρωπον
3506 4065 3567 4128 ὃς
3607 4064 3711 4136 τὴν

2127 4155 2384 4226 ἀλήθειαν
2425 4153 2738 4218 λελάληκεν,
2753 4155 2819 4226 ἣν
2837 4150 2970 4220 ἢκου
2982 4171 3038 4209 σε
3057 4157 3207 4228 παρά
3219 4155 3310 4209 τοῦ
3335 4156 3471 4209 Θεοῦ
3495 4173 3510 4221 ;
3543 4158 3710 4211 Ἀποο

2125 4249 2340 4321 δίδομεν
2381 4249 2513 4321 γὰρ,
2546 4248 2620 4312 ὡς
2657 4251 2766 4326 ἄρα
2807 4249 2949 4304 κατὰ
2977 4250 3068 4304 τὸν
3100 4250 3306 4321 Ἰησοῦν
3354 4253 3710 4323 πνευματικὴ

2124 4340 2406 4410 οἰκονομία
2432 4341 2532 4393 οὐκ
2578 4338 2724 4392 ἐστιν
2757 4340 2844 4393 ὅτε
2871 4342 2985 4403 τοῖς
3013 4341 3190 4409 ἁγίοις
3220 4342 3318 4394 οὐκ
3351 4337 3440 4413 ἦν.
3485 4342 3617 4396 Ἐὰν
3651 4341 3709 4397 δδ

2123 4434 2403 4506 ἀναγάγῃς
2425 4431 2600 4488 ταῦτα
2634 4433 2845 4506 (ὥσπερ
2900 4435 3338 4505 ὑπονενοήκαμεν
3376 4436 3433 4487 ἐν
3474 4434 3705 4499 ἄλλοις),

457 4530 522 4571 ea
559 4513 826 4580 referens,
860 4517 1060 4573 omissa
1125 4517 1329 4587 vulgari
1381 4519 1702 4590 explanandi
1733 4531 2023 4575 consuetu-

2150 4544 2312 4598 ,τερος
2325 4525 2474 4598 παρὰ
2503 4526 2562 4579 τὸ
2577 4526 2880 4598 κοινότερον
2905 4527 2997 4581 ἐπὶ
3020 4525 3425 4598 μυστικώτερον
3451 4527 3711 4600 Ἀϐραὰμ

461 4611 608 4680 dine,
638 4625 891 4682 quaerens
920 4612 1110 4666 horum
1144 4612 1480 4684 singulorum
1512 4617 1982 4684 consequentiam.

526 4795 616 4852 15.
683 4791 784 4848 Vos
820 4793 999 4862 facitis
1049 4810 1207 4863 opera
1253 4796 1418 4860 patris
1463 4796 1616 4849 uestri
1657 4795 1725 4847 ⁸⁸.
1762 4795 1914 4862 Quod
1953 4798 2020 4852 ad

458 4888 661 4941 dictum
694 4886 799 4941 hoc
829 4884 1042 4950 attinet,
1082 4884 1289 4940 clarum
1339 4901 1445 4939 non
1482 4896 1564 4939 est
1611 4903 1770 4956 quem
1807 4898 2016 4956 patrem

451 4976 788 5043 Iudaeorum,
829 4979 920 5048 qui
976 4978 1080 5032 sibi
1129 4978 1493 5042 crediderant,
1531 4979 1730 5048 quique
1783 4981 2017 5034 nondum

453 5081 787 5139 agnoverant
822 5070 1131 5134 veritatem,
1187 5070 1319 5123 velit
1365 5069 1586 5125 dicere:
1641 5073 1708 5126 ad
1741 5074 1840 5128 hos
1872 5074 2015 5129 enim

525 5213 571 5246 ⁶¹
599 5213 764 5269 Hebr.
792 5229 863 5279 vr,
885 5215 919 5269 4
953 5230 1068 5285 seq.

523 5357 638 5430 (80)
667 5358 957 5432 Perperam
1015 5361 1068 5413 in
1099 5360 1285 5432 codice
1318 5359 1491 5427 Regio
1515 5360 1713 5432 legitur
1766 5377 2016 5432 παραπε-

453 5428 647 5493 σόντας
672 5428 834 5482 πάλιν
857 5429 1246 5498 ἀνακαινισμδν
1267 5435 1440 5485 ποιεῖν
1496 5430 1705 5484 ἑαυτῶν
1737 5433 1816 5496 εἰς
1846 5428 2019 5502 ’μετά-

448 5516 620 5556 νοιαν.

519 5569 635 5640 (81)
677 5570 773 5640 Ἐν
803 5568 933 5636 ταῖς
955 5572 1199 5625 Παύλου
1253 5571 1538 5640 Πράξεσι.
1584 5571 1871 5626 Existimat
1916 5570 2020 5624 Peo

448 5638 660 5712 rio‘nius
684 5638 1000 5712 legendum,
1029 5641 1258 5712 Πέτρου,
1289 5638 1343 5697 et
1371 5645 1483 5712 haec
1519 5644 1679 5696 verba
1710 5641 1871 5695 Petro
1898 5643 2017 5712 ptri-

448 5709 537 5762 hui
577 5711 645 5764 ab
684 5708 987 5780 Hegesippo
1014 5708 1232 5766 asserit.
1258 5713 1416 5766 Certe
1444 5711 1587 5765 Petri
1619 5711 1750 5765 Acta
1786 5712 1853 5764 ab
1894 5711 2018 5764 Hie-

447 5793 676 5848 ronymo
711 5791 1205 5835 commemorantur
1229 5784 1324 5837 lib.
1361 5782 1432 5836 De
1473 5783 1656 5849 script.
1693 5781 1878 5836 eccles.
1909 5780 2014 5835 Sed

2127 4619 2329 4690 ὁμοίως
2360 4617 2535 4672 πάντα
2562 4616 2628 4671 τά
2663 4617 2806 4672 κατά
2836 4617 2927 4671 τὸν
2950 4618 3115 4671 τόπον
3149 4616 3465 4688 ἐξομαλίσαι
3513 4619 3710 4691 ’πειρά⁹

2130 4726 2281 4762 σεται
2314 4708 2424 4779 (85)
2456 4707 2633 4778 ζητῶν
2664 4708 2764 4779 τὴν
2799 4708 3030 4761 ἑκάστου
3061 4708 3265 4762 τούτων
3289 4709 3634 4762 ἀκολουθίαν.

2202 4799 2288 4853 15.
2326 4799 2510 4869 Ὑμεῖς
2559 4799 2780 4854 ποιεῖτε
2812 4799 2884 4853 τὰ
2924 4799 3069 4869 ἔργα
3109 4799 3214 4854 τοῦ
3259 4800 3488 4868 πατρὸς
3516 4801 3702 4872 ὑμῶν.

2129 4894 2291 4947 Ὅσον
2313 4894 2405 4947 ἐπὶ
2437 4891 2513 4962 τῷ
2542 4893 2691 4964 ρητῷ
2714 4892 2888 4964 τούτῳ
2919 4893 3018 4947 οὐκ
3051 4893 3163 4946 ἐστι
3203 4895 3370 4963 σαφὲς
3406 4894 3533 4946 τινα
3563 4894 3705 4948 θέλει

2126 4988 2300 5039 εἰπεῖν
2333 4985 2544 5055 πατέρα
2587 4984 2696 5037 τῶν
2725 4985 3167 5039 πεπιστευκότων
3212 4984 3362 5056 αὐτῷ
3407 4986 3704 5053 Ἰουδαίων,

2126 5077 2221 5129 καὶ
2254 5074 2478 5146 μηδέπω
2503 5073 2818 5142 ἐγνωκότων
2843 5073 2942 5144 τὴν
2969 5073 3228 5146 ἀλήθειαν
3254 5090 3268 5104 ’
3325 5075 3464 5146 πρὸς
3507 5076 3705 5140 αὐτοὺς

1142 5214 1189 5247 ⁸³
1220 5213 1398 5270 Galat.
1429 5231 1490 5280 tt,
1525 5215 1613 5271 19.
1691 5215 1739 5248 ⁸⁸
1763 5216 1894 5272 ibid.
1924 5215 2016 5271 20.

2168 5216 2357 5270 Matth.
2391 5231 2530 5278 χχιι,
2550 5214 2639 5268 3‘2.
2715 5215 2761 5247 ⁸⁸
2784 5214 2937 5272 Joan.
2969 5231 3086 5273 vut.
3113 5217 3201 5270 Η.

2117 5361 2258 5484 apud
2289 5369 2534 5414 nostrum
2562 5357 2849 5427 Origenem
2882 5357 2973 5412 lib.
3007 5371 3022 5410 ι
3059 5355 3200 5424 Περὶ
3237 5353 3464 5425 ἀρχῶν,
3490 5370 3621 5427 cap.
3649 5359 3706 5413 2.

2169 5446 2381 5484 UETIUS.
2764 5450 2773 5466 ν

2169 5446 2381 5485 υετιυδ.

2189 5450 2539 5570 ίὲἓυξλλλά.
2572 5450 2980 5577 Codex'Re‘gius
3015 5511 3299 5567 perperam
3333 5496 3500 5552 habet
3561 5497 3704 5570 ἅμα.

2189 5501 2299 5640 (ὃὸζ
2321 5570 2430 5623 Καὶ
2460 5567 2579 5622 τῶν
2602 5581 2940 5640 προφητῶν.
2979 5567 3105 5640 Haec
3139 5567 3299 5640 verba
3339 5583 3442 5622 nec
3463 5569 3517 5623 in
3551 5574 3703 5624 codi-

2184 5567 2295 5641 (83)
2321 5570 2430 5623 Καὶ
2460 5567 2579 5622 τῶν
2602 5567 2940 5641 προφητῶν.
2979 5567 3105 5641 Haec
3139 5567 3299 5641 verba
3339 5583 3442 5622 nec
3463 5569 3517 5623 in
3551 5567 3703 5624 cotti-

2114 5637 2495 5695 ce‘Bo'dleiano
2531 5654 2629 5692 nec
2661 5637 2802 5708 apud
2835 5638 3152 5692 Ferrarinm
3191 5637 3469 5706 leguntur.

2184 5708 2296 5780 (84)
2325 5710 2502 5780 Codex
2536 5709 2758 5780 Begius.
2795 5709 2953 5767 male.
2981 5710 3412 5780 συναρέστησαν.

2183 5777 2297 5851 (85)
2319 5779 2500 5837 Codex
2534 5777 2880 5848 Bodleianus,
2911 5777 3255 5849 πειρόισετιιιι⁸
3296 5777 3548 5848 Regius,
3586 5791 3699 5833 πει-

451 5856 631 5906 tamen
661 5850 797 5907 nihil
833 5859 1021 5920 muto;
1053 5866 1178 5908 nam
1207 5854 1462 5909 Actorum
1508 5851 1662 5908 Pauli
1709 5854 1912 5910 mentio
1938 5851 2018 5924 ,ῆι

2153 5850 2290 5907 άσοι.
