  <div class='ocr_page' id='page_1' title='image "/cluster/home/n/w/nwhite01/storage/ocr_20150623/14/hvd.32044024333478/308.png"; bbox 0 0 4082 6526; ppageno 0'>
   <div class='ocr_carea' id='block_1_1' title="bbox 243 364 2392 427">
    <p class='ocr_par' dir='ltr' id='par_1_1' title="bbox 243 364 2392 427">
     <span class='ocr_line' id='line_1_1' title="bbox 243 364 2392 427; baseline 0.001 -4"><span class='ocrx_word' id='word_1_1' title='bbox 243 369 324 423; x_wconf 73' lang='lat'><strong>601</strong></span> <span class='ocrx_word' id='word_1_2' title='bbox 1264 364 1622 423; x_wconf 78' lang='lat' dir='ltr'><strong>COMMENT.</strong></span> <span class='ocrx_word' id='word_1_3' title='bbox 1656 365 1724 422; x_wconf 76' lang='grc' dir='ltr'>ΙΝ</span> <span class='ocrx_word' id='word_1_4' title='bbox 1756 365 1950 425; x_wconf 79' lang='lat' dir='ltr'><strong>JOAN.</strong></span> <span class='ocrx_word' id='word_1_5' title='bbox 1986 366 2231 427; x_wconf 74' lang='lat' dir='ltr'><strong>TOMUS</strong></span> <span class='ocrx_word' id='word_1_6' title='bbox 2271 370 2392 426; x_wconf 71' lang='lat' dir='ltr'><strong>XX.</strong></span> 
     </span>
    </p>
   </div>
   <div class='ocr_carea' id='block_1_2' title="bbox 237 482 1780 564">
    <p class='ocr_par' dir='ltr' id='par_1_2' title="bbox 237 482 1780 560">
     <span class='ocr_line' id='line_1_2' title="bbox 237 482 1780 560; baseline 0.002 -20"><span class='ocrx_word' id='word_1_7' title='bbox 237 485 325 554; x_wconf 71' lang='grc' dir='ltr'>γὰρ</span> <span class='ocrx_word' id='word_1_8' title='bbox 361 482 525 536; x_wconf 82' lang='grc' dir='ltr'>ταῦτα</span> <span class='ocrx_word' id='word_1_9' title='bbox 555 483 739 537; x_wconf 76' lang='grc' dir='ltr'>πάντα</span> <span class='ocrx_word' id='word_1_10' title='bbox 771 483 928 555; x_wconf 68' lang='grc' dir='ltr'>φησι,</span> <span class='ocrx_word' id='word_1_11' title='bbox 976 484 1068 539; x_wconf 78' lang='grc' dir='ltr'>καὶ</span> <span class='ocrx_word' id='word_1_12' title='bbox 1100 485 1150 538; x_wconf 79' lang='grc' dir='ltr'>εί</span> <span class='ocrx_word' id='word_1_13' title='bbox 1198 486 1272 558; x_wconf 85' lang='grc' dir='ltr'>μὴ</span> <span class='ocrx_word' id='word_1_14' title='bbox 1316 487 1614 558; x_wconf 76' lang='grc' dir='ltr'><strong>ἐπεφέρετο</strong></span> <span class='ocrx_word' id='word_1_15' title='bbox 1666 489 1780 560; x_wconf 73' lang='grc' dir='ltr'>μετ’</span> 
     </span>
    </p>
   </div>
   <div class='ocr_carea' id='block_1_3' title="bbox 1887 482 3460 564">
    <p class='ocr_par' dir='ltr' id='par_1_3' title="bbox 1891 487 3460 564">
     <span class='ocr_line' id='line_1_3' title="bbox 1891 487 3460 564; baseline 0.007 -23"><span class='ocrx_word' id='word_1_16' title='bbox 1891 487 2008 544; x_wconf 70' lang='lat' dir='ltr'><strong>haec</strong></span> <span class='ocrx_word' id='word_1_17' title='bbox 2046 490 2229 546; x_wconf 87' lang='lat' dir='ltr'><strong>omnia</strong></span> <span class='ocrx_word' id='word_1_18' title='bbox 2267 490 2528 562; x_wconf 87' lang='lat' dir='ltr'><strong>loquitur,</strong></span> <span class='ocrx_word' id='word_1_19' title='bbox 2562 499 2620 548; x_wconf 89' lang='lat' dir='ltr'><strong>et</strong></span> <span class='ocrx_word' id='word_1_20' title='bbox 2651 492 2765 549; x_wconf 84' lang='lat' dir='ltr'><strong>nisi-</strong></span> <span class='ocrx_word' id='word_1_21' title='bbox 2790 502 2910 563; x_wconf 90' lang='lat' dir='ltr'><strong>post</strong></span> <span class='ocrx_word' id='word_1_22' title='bbox 2947 509 3118 564; x_wconf 89' lang='lat' dir='ltr'><strong>pauca</strong></span> <span class='ocrx_word' id='word_1_23' title='bbox 3150 493 3460 552; x_wconf 89' lang='lat' dir='ltr'><strong>intulisset:</strong></span> 
     </span>
    </p>
   </div>
   <div class='ocr_carea' id='block_1_4' title="bbox 238 575 1782 646">
    <p class='ocr_par' dir='ltr' id='par_1_4' title="bbox 238 575 1782 646">
     <span class='ocr_line' id='line_1_4' title="bbox 238 575 1782 646; baseline 0.002 -14"><span class='ocrx_word' id='word_1_24' title='bbox 238 576 364 645; x_wconf 74' lang='grc' dir='ltr'>ὀλίγα</span> <span class='ocrx_word' id='word_1_25' title='bbox 407 575 466 628; x_wconf 86' lang='grc' dir='ltr'><strong>τό</strong></span> <span class='ocrx_word' id='word_1_26' title='bbox 483 591 497 605; x_wconf 71' lang='grc'><strong>⁸</strong></span> <span class='ocrx_word' id='word_1_27' title='bbox 545 575 735 645; x_wconf 84' lang='grc' dir='ltr'><em>Ὑμεῖς</em></span> <span class='ocrx_word' id='word_1_28' title='bbox 777 578 850 630; x_wconf 75' lang='grc' dir='ltr'><strong>ἐκ</strong></span> <span class='ocrx_word' id='word_1_29' title='bbox 895 577 1002 632; x_wconf 82' lang='grc' dir='ltr'>τοῦ</span> <span class='ocrx_word' id='word_1_30' title='bbox 1057 578 1282 646; x_wconf 74' lang='grc' dir='ltr'>πατρὸς</span> <span class='ocrx_word' id='word_1_31' title='bbox 1328 581 1436 636; x_wconf 80' lang='grc' dir='ltr'>τοῦ</span> <span class='ocrx_word' id='word_1_32' title='bbox 1499 581 1782 635; x_wconf 88' lang='grc' dir='ltr'>διαϐόλου</span> 
     </span>
    </p>
   </div>
   <div class='ocr_carea' id='block_1_5' title="bbox 237 665 1784 742">
    <p class='ocr_par' dir='ltr' id='par_1_5' title="bbox 237 665 1784 742">
     <span class='ocr_line' id='line_1_5' title="bbox 237 665 1784 742; baseline 0.005 -22"><span class='ocrx_word' id='word_1_33' title='bbox 237 666 368 731; x_wconf 73' lang='grc' dir='ltr'>ἐστὲ,</span> <span class='ocrx_word' id='word_1_34' title='bbox 395 665 489 720; x_wconf 75' lang='grc' dir='ltr'>καὶ</span> <span class='ocrx_word' id='word_1_35' title='bbox 527 667 636 734; x_wconf 84' lang='grc' dir='ltr'><strong>τὰς</strong></span> <span class='ocrx_word' id='word_1_36' title='bbox 658 666 980 738; x_wconf 79' lang='grc' dir='ltr'><strong>ἐπιθυμίας</strong></span> <span class='ocrx_word' id='word_1_37' title='bbox 1009 671 1117 724; x_wconf 85' lang='grc' dir='ltr'>τοῦ</span> <span class='ocrx_word' id='word_1_38' title='bbox 1140 673 1364 740; x_wconf 81' lang='grc' dir='ltr'>πατρὸς</span> <span class='ocrx_word' id='word_1_39' title='bbox 1387 671 1555 742; x_wconf 80' lang='grc' dir='ltr'>ὑμῶν</span> <span class='ocrx_word' id='word_1_40' title='bbox 1582 673 1784 727; x_wconf 86' lang='grc' dir='ltr'>θέλετε</span> 
     </span>
    </p>
   </div>
   <div class='ocr_carea' id='block_1_6' title="bbox 237 759 1781 836">
    <p class='ocr_par' dir='ltr' id='par_1_6' title="bbox 237 759 1781 836">
     <span class='ocr_line' id='line_1_6' title="bbox 237 759 1781 836; baseline 0.005 -24"><span class='ocrx_word' id='word_1_41' title='bbox 237 759 418 824; x_wconf 76' lang='grc' dir='ltr'>ποιεῖν,</span> <span class='ocrx_word' id='word_1_42' title='bbox 447 759 548 813; x_wconf 81' lang='grc' dir='ltr'>κᾶν</span> <span class='ocrx_word' id='word_1_43' title='bbox 586 759 782 828; x_wconf 72' lang='grc' dir='ltr'>σαφῶς</span> <span class='ocrx_word' id='word_1_44' title='bbox 801 761 899 815; x_wconf 87' lang='grc' dir='ltr'>οὐκ</span> <span class='ocrx_word' id='word_1_45' title='bbox 928 763 1262 834; x_wconf 76' lang='grc' dir='ltr'>ἐγνώκειμεν</span> <span class='ocrx_word' id='word_1_46' title='bbox 1296 765 1358 818; x_wconf 85' lang='grc' dir='ltr'>τὸ</span> <span class='ocrx_word' id='word_1_47' title='bbox 1410 765 1653 836; x_wconf 82' lang='grc' dir='ltr'>βούλημα</span> <span class='ocrx_word' id='word_1_48' title='bbox 1688 765 1781 820; x_wconf 83' lang='grc' dir='ltr'><strong>τοῦ</strong></span> 
     </span>
    </p>
   </div>
   <div class='ocr_carea' id='block_1_7' title="bbox 236 852 1783 924">
    <p class='ocr_par' dir='ltr' id='par_1_7' title="bbox 236 852 1783 924">
     <span class='ocr_line' id='line_1_7' title="bbox 236 852 1783 924; baseline 0.005 -18"><span class='ocrx_word' id='word_1_49' title='bbox 236 853 511 924; x_wconf 79' lang='grc' dir='ltr'><strong>εἰρημένου.</strong></span> <span class='ocrx_word' id='word_1_50' title='bbox 545 853 622 906; x_wconf 82' lang='grc' dir='ltr'><strong>Οὐ</strong></span> <span class='ocrx_word' id='word_1_51' title='bbox 655 852 976 924; x_wconf 73' lang='grc' dir='ltr'>θαυμαστὸν</span> <span class='ocrx_word' id='word_1_52' title='bbox 1018 854 1076 908; x_wconf 88' lang='grc' dir='ltr'>δὲ</span> <span class='ocrx_word' id='word_1_53' title='bbox 1123 857 1172 909; x_wconf 78' lang='grc' dir='ltr'>εἰ</span> <span class='ocrx_word' id='word_1_54' title='bbox 1211 858 1322 922; x_wconf 84' lang='grc' dir='ltr'><em>τοῖς</em></span> <span class='ocrx_word' id='word_1_55' title='bbox 1361 860 1783 914; x_wconf 74' lang='grc' dir='ltr'><strong>πεπιστευκόσιν</strong></span> 
     </span>
    </p>
   </div>
   <div class='ocr_carea' id='block_1_8' title="bbox 237 945 1780 1025">
    <p class='ocr_par' dir='ltr' id='par_1_8' title="bbox 237 945 1780 1025">
     <span class='ocr_line' id='line_1_8' title="bbox 237 945 1780 1025; baseline 0.004 -25"><span class='ocrx_word' id='word_1_56' title='bbox 237 947 357 1016; x_wconf 78' lang='grc' dir='ltr'>αὐτῷ</span> <span class='ocrx_word' id='word_1_57' title='bbox 396 945 690 1009; x_wconf 81' lang='grc' dir='ltr'><strong>Ἰουδαίοις,</strong></span> <span class='ocrx_word' id='word_1_58' title='bbox 719 946 950 1018; x_wconf 83' lang='grc' dir='ltr'><strong>μηδέπω</strong></span> <span class='ocrx_word' id='word_1_59' title='bbox 976 949 1220 1019; x_wconf 87' lang='grc' dir='ltr'>μείνασιν</span> <span class='ocrx_word' id='word_1_60' title='bbox 1246 949 1411 1004; x_wconf 81' lang='grc' dir='ltr'>αὐτοῦ</span> <span class='ocrx_word' id='word_1_61' title='bbox 1439 953 1496 1004; x_wconf 88' lang='grc' dir='ltr'>ὲν</span> <span class='ocrx_word' id='word_1_62' title='bbox 1519 951 1597 1023; x_wconf 79' lang='grc' dir='ltr'>τῷ</span> <span class='ocrx_word' id='word_1_63' title='bbox 1617 953 1780 1025; x_wconf 80' lang='grc' dir='ltr'>λόγῳ,</span> 
     </span>
    </p>
   </div>
   <div class='ocr_carea' id='block_1_9' title="bbox 237 1038 1782 1114">
    <p class='ocr_par' dir='ltr' id='par_1_9' title="bbox 237 1038 1782 1114">
     <span class='ocr_line' id='line_1_9' title="bbox 237 1038 1782 1114; baseline 0.006 -24"><span class='ocrx_word' id='word_1_64' title='bbox 237 1039 304 1092; x_wconf 76' lang='grc' dir='ltr'>ἶνα</span> <span class='ocrx_word' id='word_1_65' title='bbox 336 1038 540 1109; x_wconf 75' lang='grc' dir='ltr'>ἀληθῶς</span> <span class='ocrx_word' id='word_1_66' title='bbox 594 1038 769 1092; x_wconf 74' lang='grc' dir='ltr'>αὐτοῦ</span> <span class='ocrx_word' id='word_1_67' title='bbox 811 1039 1072 1109; x_wconf 80' lang='grc' dir='ltr'><strong>γένωνται</strong></span> <span class='ocrx_word' id='word_1_68' title='bbox 1130 1041 1390 1113; x_wconf 74' lang='grc' dir='ltr'>μαθηταὶ,</span> <span class='ocrx_word' id='word_1_69' title='bbox 1439 1045 1532 1098; x_wconf 76' lang='grc' dir='ltr'>καὶ</span> <span class='ocrx_word' id='word_1_70' title='bbox 1581 1047 1782 1114; x_wconf 85' lang='grc' dir='ltr'>γνῶσιν</span> 
     </span>
    </p>
   </div>
   <div class='ocr_carea' id='block_1_10' title="bbox 237 1129 1784 1207">
    <p class='ocr_par' dir='ltr' id='par_1_10' title="bbox 237 1129 1784 1207">
     <span class='ocr_line' id='line_1_10' title="bbox 237 1129 1784 1207; baseline 0.007 -25"><span class='ocrx_word' id='word_1_71' title='bbox 237 1130 312 1200; x_wconf 76' lang='grc' dir='ltr'><strong>τὴν</strong></span> <span class='ocrx_word' id='word_1_72' title='bbox 337 1129 604 1201; x_wconf 75' lang='grc' dir='ltr'>ἀλήθειαν,</span> <span class='ocrx_word' id='word_1_73' title='bbox 646 1131 743 1184; x_wconf 70' lang='grc' dir='ltr'><strong>ἐπὶ</strong></span> <span class='ocrx_word' id='word_1_74' title='bbox 772 1131 850 1202; x_wconf 87' lang='grc' dir='ltr'><strong>τῷ</strong></span> <span class='ocrx_word' id='word_1_75' title='bbox 876 1131 1300 1206; x_wconf 83' lang='grc' dir='ltr'>ὲλευθερωθῆναι</span> <span class='ocrx_word' id='word_1_76' title='bbox 1329 1136 1420 1188; x_wconf 83' lang='grc' dir='ltr'>ὑπ’</span> <span class='ocrx_word' id='word_1_77' title='bbox 1443 1137 1632 1207; x_wconf 80' lang='grc' dir='ltr'>αὐτῆς,</span> <span class='ocrx_word' id='word_1_78' title='bbox 1668 1137 1784 1194; x_wconf 76' lang='grc' dir='ltr'>ἐλε-</span> 
     </span>
    </p>
   </div>
   <div class='ocr_carea' id='block_1_11' title="bbox 236 1218 1780 1297">
    <p class='ocr_par' dir='ltr' id='par_1_11' title="bbox 236 1218 1780 1297">
     <span class='ocr_line' id='line_1_11' title="bbox 236 1218 1780 1297; baseline 0.005 -24"><span class='ocrx_word' id='word_1_79' title='bbox 236 1238 285 1289; x_wconf 82' lang='grc' dir='ltr'><strong>τε</strong></span> <span class='ocrx_word' id='word_1_80' title='bbox 309 1218 390 1274; x_wconf 83' lang='grc' dir='ltr'>τό·</span> <span class='ocrx_word' id='word_1_81' title='bbox 432 1219 624 1289; x_wconf 80' lang='grc' dir='ltr'><strong>Ὑμεῖς</strong></span> <span class='ocrx_word' id='word_1_82' title='bbox 663 1221 890 1276; x_wconf 78' lang='grc' dir='ltr'><strong>ποιεῖτε</strong></span> <span class='ocrx_word' id='word_1_83' title='bbox 922 1223 995 1276; x_wconf 86' lang='grc' dir='ltr'>τὰ</span> <span class='ocrx_word' id='word_1_84' title='bbox 1022 1222 1167 1294; x_wconf 73' lang='grc' dir='ltr'>ἔργα</span> <span class='ocrx_word' id='word_1_85' title='bbox 1195 1224 1299 1279; x_wconf 88' lang='grc' dir='ltr'>τοῦ</span> <span class='ocrx_word' id='word_1_86' title='bbox 1329 1226 1554 1294; x_wconf 83' lang='grc' dir='ltr'>πατρὸς</span> <span class='ocrx_word' id='word_1_87' title='bbox 1591 1227 1780 1297; x_wconf 85' lang='grc' dir='ltr'>ὑμῶν,</span> 
     </span>
    </p>
   </div>
   <div class='ocr_carea' id='block_1_12' title="bbox 238 1313 1781 1388">
    <p class='ocr_par' dir='ltr' id='par_1_12' title="bbox 238 1313 1781 1388">
     <span class='ocr_line' id='line_1_12' title="bbox 238 1313 1781 1388; baseline 0.006 -22"><span class='ocrx_word' id='word_1_88' title='bbox 238 1314 328 1374; x_wconf 71' lang='grc' dir='ltr'>καὶ,</span> <span class='ocrx_word' id='word_1_89' title='bbox 351 1313 419 1377; x_wconf 83' lang='grc' dir='ltr'><em>ὼς</em></span> <span class='ocrx_word' id='word_1_90' title='bbox 447 1313 506 1366; x_wconf 82' lang='grc' dir='ltr'>ὲν</span> <span class='ocrx_word' id='word_1_91' title='bbox 539 1315 660 1376; x_wconf 84' lang='grc' dir='ltr'>τοῖς</span> <span class='ocrx_word' id='word_1_92' title='bbox 683 1314 816 1385; x_wconf 78' lang='grc' dir='ltr'><strong>ἑξῆς</strong></span> <span class='ocrx_word' id='word_1_93' title='bbox 845 1314 1185 1386; x_wconf 78' lang='grc' dir='ltr'>ἐπιφέρεται,</span> <span class='ocrx_word' id='word_1_94' title='bbox 1213 1317 1275 1371; x_wconf 91' lang='grc' dir='ltr'><strong>τό</strong></span> <span class='ocrx_word' id='word_1_95' title='bbox 1292 1335 1307 1348; x_wconf 88' lang='grc'><strong>·</strong></span> <span class='ocrx_word' id='word_1_96' title='bbox 1353 1319 1540 1388; x_wconf 85' lang='grc' dir='ltr'><em>Ὑμεῖς</em></span> <span class='ocrx_word' id='word_1_97' title='bbox 1578 1320 1646 1375; x_wconf 80' lang='grc' dir='ltr'>ἐκ</span> <span class='ocrx_word' id='word_1_98' title='bbox 1674 1322 1781 1376; x_wconf 89' lang='grc' dir='ltr'>τοῦ</span> 
     </span>
    </p>
   </div>
   <div class='ocr_carea' id='block_1_13' title="bbox 237 1406 1780 1486">
    <p class='ocr_par' dir='ltr' id='par_1_13' title="bbox 237 1406 1780 1486">
     <span class='ocr_line' id='line_1_13' title="bbox 237 1406 1780 1486; baseline 0.007 -26"><span class='ocrx_word' id='word_1_99' title='bbox 237 1407 422 1475; x_wconf 70' lang='grc' dir='ltr'>πατρὸς</span> <span class='ocrx_word' id='word_1_100' title='bbox 449 1406 555 1462; x_wconf 87' lang='grc' dir='ltr'>τοῦ</span> <span class='ocrx_word' id='word_1_101' title='bbox 581 1406 876 1464; x_wconf 87' lang='grc' dir='ltr'>διαϐόλου</span> <span class='ocrx_word' id='word_1_102' title='bbox 903 1411 1067 1465; x_wconf 73' lang='grc' dir='ltr'>ἐστέ.</span> <span class='ocrx_word' id='word_1_103' title='bbox 1094 1412 1213 1467; x_wconf 83' lang='grc' dir='ltr'>Κᾶν</span> <span class='ocrx_word' id='word_1_104' title='bbox 1239 1412 1348 1486; x_wconf 85' lang='grc' dir='ltr'>γὰρ</span> <span class='ocrx_word' id='word_1_105' title='bbox 1395 1415 1604 1485; x_wconf 80' lang='grc' dir='ltr'>ἀπηνὲς</span> <span class='ocrx_word' id='word_1_106' title='bbox 1642 1413 1780 1470; x_wconf 74' lang='grc' dir='ltr'>εἶναι</span> 
     </span>
    </p>
   </div>
   <div class='ocr_carea' id='block_1_14' title="bbox 237 1497 1781 1578">
    <p class='ocr_par' dir='ltr' id='par_1_14' title="bbox 237 1497 1781 1578">
     <span class='ocr_line' id='line_1_14' title="bbox 237 1497 1781 1578; baseline 0.007 -28"><span class='ocrx_word' id='word_1_107' title='bbox 237 1499 338 1569; x_wconf 75' lang='grc' dir='ltr'>δοκῇ</span> <span class='ocrx_word' id='word_1_108' title='bbox 363 1499 418 1551; x_wconf 83' lang='grc' dir='ltr'>τὸ</span> <span class='ocrx_word' id='word_1_109' title='bbox 446 1497 661 1553; x_wconf 81' lang='grc' dir='ltr'>τοιοῦτο</span> <span class='ocrx_word' id='word_1_110' title='bbox 690 1501 986 1571; x_wconf 84' lang='grc' dir='ltr'>λεγόμενον</span> <span class='ocrx_word' id='word_1_111' title='bbox 1019 1503 1150 1573; x_wconf 76' lang='grc' dir='ltr'>περὶ</span> <span class='ocrx_word' id='word_1_112' title='bbox 1185 1505 1628 1560; x_wconf 81' lang='grc' dir='ltr'><strong>πεπιστευκότων</strong></span> <span class='ocrx_word' id='word_1_113' title='bbox 1682 1508 1781 1578; x_wconf 81' lang='grc' dir='ltr'>μὲν</span> 
     </span>
    </p>
   </div>
   <div class='ocr_carea' id='block_1_15' title="bbox 237 1588 1783 1670">
    <p class='ocr_par' dir='ltr' id='par_1_15' title="bbox 237 1588 1783 1670">
     <span class='ocr_line' id='line_1_15' title="bbox 237 1588 1783 1670; baseline 0.013 -26"><span class='ocrx_word' id='word_1_114' title='bbox 237 1588 370 1662; x_wconf 78' lang='grc' dir='ltr'>αὐτῷ,</span> <span class='ocrx_word' id='word_1_115' title='bbox 393 1591 481 1644; x_wconf 79' lang='grc' dir='ltr'>καὶ</span> <span class='ocrx_word' id='word_1_116' title='bbox 507 1591 972 1663; x_wconf 81' lang='grc' dir='ltr'>μαθητευθέντων</span> <span class='ocrx_word' id='word_1_117' title='bbox 1001 1612 1140 1659; x_wconf 88' lang='grc' dir='ltr'>πως,</span> <span class='ocrx_word' id='word_1_118' title='bbox 1176 1595 1238 1649; x_wconf 82' lang='grc' dir='ltr'>οὐ</span> <span class='ocrx_word' id='word_1_119' title='bbox 1288 1595 1393 1668; x_wconf 81' lang='grc' dir='ltr'>μὴν</span> <span class='ocrx_word' id='word_1_120' title='bbox 1435 1597 1536 1670; x_wconf 74' lang='grc' dir='ltr'>ἤδη</span> <span class='ocrx_word' id='word_1_121' title='bbox 1566 1598 1783 1670; x_wconf 80' lang='grc' dir='ltr'>ἀληθῶς</span> 
     </span>
    </p>
   </div>
   <div class='ocr_carea' id='block_1_16' title="bbox 238 1685 1782 1764">
    <p class='ocr_par' dir='ltr' id='par_1_16' title="bbox 238 1685 1782 1764">
     <span class='ocr_line' id='line_1_16' title="bbox 238 1685 1782 1764; baseline 0.006 -27"><span class='ocrx_word' id='word_1_122' title='bbox 238 1685 653 1756; x_wconf 67' lang='grc' dir='ltr'>χρηματισῶιτων</span> <span class='ocrx_word' id='word_1_123' title='bbox 686 1686 950 1759; x_wconf 83' lang='grc' dir='ltr'><strong>μαθητῶν</strong></span> <span class='ocrx_word' id='word_1_124' title='bbox 979 1687 1073 1742; x_wconf 81' lang='grc' dir='ltr'>τοῦ</span> <span class='ocrx_word' id='word_1_125' title='bbox 1109 1688 1306 1761; x_wconf 81' lang='grc' dir='ltr'><strong>Ἰησοῦ,</strong></span> <span class='ocrx_word' id='word_1_126' title='bbox 1342 1693 1490 1762; x_wconf 83' lang='grc' dir='ltr'>ὅμως</span> <span class='ocrx_word' id='word_1_127' title='bbox 1516 1699 1782 1764; x_wconf 83' lang='grc' dir='ltr'>κατανοη-</span> 
     </span>
    </p>
   </div>
   <div class='ocr_carea' id='block_1_17' title="bbox 236 1779 1780 1856">
    <p class='ocr_par' dir='ltr' id='par_1_17' title="bbox 236 1779 1780 1856">
     <span class='ocr_line' id='line_1_17' title="bbox 236 1779 1780 1856; baseline 0.006 -25"><span class='ocrx_word' id='word_1_128' title='bbox 236 1779 328 1831; x_wconf 80' lang='grc' dir='ltr'>τέον</span> <span class='ocrx_word' id='word_1_129' title='bbox 347 1779 431 1834; x_wconf 79' lang='grc' dir='ltr'>καὶ</span> <span class='ocrx_word' id='word_1_130' title='bbox 457 1780 516 1834; x_wconf 88' lang='grc' dir='ltr'><strong>τὺ</strong></span> <span class='ocrx_word' id='word_1_131' title='bbox 546 1782 608 1835; x_wconf 83' lang='grc' dir='ltr'>ὲν</span> <span class='ocrx_word' id='word_1_132' title='bbox 642 1785 710 1854; x_wconf 82' lang='grc' dir='ltr'>τῇ</span> <span class='ocrx_word' id='word_1_133' title='bbox 755 1781 1030 1856; x_wconf 83' lang='grc' dir='ltr'>Καθολικῇ</span> <span class='ocrx_word' id='word_1_134' title='bbox 1077 1785 1362 1856; x_wconf 84' lang='grc' dir='ltr'>Ἐπιστολῇ</span> <span class='ocrx_word' id='word_1_135' title='bbox 1390 1786 1493 1840; x_wconf 83' lang='grc' dir='ltr'><strong>ὑπὸ</strong></span> <span class='ocrx_word' id='word_1_136' title='bbox 1534 1788 1780 1843; x_wconf 81' lang='grc' dir='ltr'>Ἰωάννου</span> 
     </span>
    </p>
   </div>
   <div class='ocr_carea' id='block_1_18' title="bbox 1899 579 3464 655">
    <p class='ocr_par' dir='ltr' id='par_1_18' title="bbox 1899 579 3464 655">
     <span class='ocr_line' id='line_1_18' title="bbox 1899 579 3464 655; baseline 0.006 -23"><span class='ocrx_word' id='word_1_137' title='bbox 1899 579 2004 633; x_wconf 79' lang='lat' dir='ltr'><strong>Vos</strong></span> <span class='ocrx_word' id='word_1_138' title='bbox 2038 597 2105 635; x_wconf 79' lang='lat' dir='ltr'><strong>ea:</strong></span> <span class='ocrx_word' id='word_1_139' title='bbox 2124 592 2272 648; x_wconf 85' lang='lat' dir='ltr'><strong>patre</strong></span> <span class='ocrx_word' id='word_1_140' title='bbox 2301 581 2518 637; x_wconf 79' lang='lat' dir='ltr'><strong>diabolo</strong></span> <span class='ocrx_word' id='word_1_141' title='bbox 2547 583 2698 648; x_wconf 85' lang='lat' dir='ltr'><strong>estis,</strong></span> <span class='ocrx_word' id='word_1_142' title='bbox 2719 594 2769 638; x_wconf 83' lang='lat' dir='ltr'><strong>et</strong></span> <span class='ocrx_word' id='word_1_143' title='bbox 2800 585 3065 639; x_wconf 86' lang='lat' dir='ltr'><strong>desideria</strong></span> <span class='ocrx_word' id='word_1_144' title='bbox 3105 587 3274 655; x_wconf 87' lang='lat' dir='ltr'><strong>patris</strong></span> <span class='ocrx_word' id='word_1_145' title='bbox 3303 586 3464 641; x_wconf 81' lang='lat' dir='ltr'><strong>vestri</strong></span> 
     </span>
    </p>
   </div>
   <div class='ocr_carea' id='block_1_19' title="bbox 1890 669 3463 747">
    <p class='ocr_par' dir='ltr' id='par_1_19' title="bbox 1890 669 3463 747">
     <span class='ocr_line' id='line_1_19' title="bbox 1890 669 3463 747; baseline 0.005 -23"><span class='ocrx_word' id='word_1_146' title='bbox 1890 669 2049 725; x_wconf 79' lang='lat' dir='ltr'><strong>uultis</strong></span> <span class='ocrx_word' id='word_1_147' title='bbox 2109 671 2284 742; x_wconf 71' lang='lat' dir='ltr'><strong>facere</strong></span> <span class='ocrx_word' id='word_1_148' title='bbox 2333 672 2402 738; x_wconf 75' lang='grc'><strong>⁸⁷,</strong></span> <span class='ocrx_word' id='word_1_149' title='bbox 2445 689 2515 729; x_wconf 91' lang='lat' dir='ltr'><strong>ne</strong></span> <span class='ocrx_word' id='word_1_150' title='bbox 2559 689 2703 730; x_wconf 89' lang='lat' dir='ltr'><strong>nunc</strong></span> <span class='ocrx_word' id='word_1_151' title='bbox 2751 676 2970 744; x_wconf 87' lang='lat' dir='ltr'><strong>quidem</strong></span> <span class='ocrx_word' id='word_1_152' title='bbox 3019 691 3463 747; x_wconf 72' lang='lat' dir='ltr'><strong>agnosceremus,</strong></span> 
     </span>
    </p>
   </div>
   <div class='ocr_carea' id='block_1_20' title="bbox 1890 761 3462 836">
    <p class='ocr_par' dir='ltr' id='par_1_20' title="bbox 1890 761 3462 836">
     <span class='ocr_line' id='line_1_20' title="bbox 1890 761 3462 836; baseline 0.003 -19"><span class='ocrx_word' id='word_1_153' title='bbox 1890 761 2083 818; x_wconf 85' lang='lat' dir='ltr'><strong>saltem</strong></span> <span class='ocrx_word' id='word_1_154' title='bbox 2125 775 2337 833; x_wconf 87' lang='lat' dir='ltr'><strong>aperte,</strong></span> <span class='ocrx_word' id='word_1_155' title='bbox 2390 766 2678 821; x_wconf 83' lang='lat' dir='ltr'><strong>consilium</strong></span> <span class='ocrx_word' id='word_1_156' title='bbox 2740 766 3037 836; x_wconf 75' lang='lat' dir='ltr'><strong>loquentis.</strong></span> <span class='ocrx_word' id='word_1_157' title='bbox 3092 767 3204 824; x_wconf 84' lang='lat' dir='ltr'><strong>Nec</strong></span> <span class='ocrx_word' id='word_1_158' title='bbox 3262 768 3462 822; x_wconf 86' lang='lat' dir='ltr'><strong>mirum</strong></span> 
     </span>
    </p>
   </div>
   <div class='ocr_carea' id='block_1_21' title="bbox 1889 855 3465 929">
    <p class='ocr_par' dir='ltr' id='par_1_21' title="bbox 1889 855 3465 929">
     <span class='ocr_line' id='line_1_21' title="bbox 1889 855 3465 929; baseline 0.005 -19"><span class='ocrx_word' id='word_1_159' title='bbox 1889 855 2136 925; x_wconf 77' lang='lat' dir='ltr'><strong>profecto</strong></span> <span class='ocrx_word' id='word_1_160' title='bbox 2164 857 2211 912; x_wconf 91' lang='lat' dir='ltr'><strong>si</strong></span> <span class='ocrx_word' id='word_1_161' title='bbox 2245 859 2311 912; x_wconf 88' lang='lat' dir='ltr'><strong>ad</strong></span> <span class='ocrx_word' id='word_1_162' title='bbox 2343 873 2439 914; x_wconf 90' lang='lat' dir='ltr'><strong>eos</strong></span> <span class='ocrx_word' id='word_1_163' title='bbox 2476 857 2714 927; x_wconf 70' lang='lat' dir='ltr'><strong>Iudaeos,</strong></span> <span class='ocrx_word' id='word_1_164' title='bbox 2743 861 2838 929; x_wconf 89' lang='lat' dir='ltr'><strong>qui</strong></span> <span class='ocrx_word' id='word_1_165' title='bbox 2871 860 2918 916; x_wconf 92' lang='lat' dir='ltr'><strong>ei</strong></span> <span class='ocrx_word' id='word_1_166' title='bbox 2955 861 3324 926; x_wconf 70' lang='lat' dir='ltr'><strong>crediderant,</strong></span> <span class='ocrx_word' id='word_1_167' title='bbox 3357 876 3465 919; x_wconf 88' lang='lat' dir='ltr'><strong>nec</strong></span> 
     </span>
    </p>
   </div>
   <div class='ocr_carea' id='block_1_22' title="bbox 1893 953 3462 1024">
    <p class='ocr_par' dir='ltr' id='par_1_22' title="bbox 1893 953 3462 1024">
     <span class='ocr_line' id='line_1_22' title="bbox 1893 953 3462 1024; baseline 0.003 -19"><span class='ocrx_word' id='word_1_168' title='bbox 1893 961 2071 1007; x_wconf 88' lang='lat' dir='ltr'><strong>tamen</strong></span> <span class='ocrx_word' id='word_1_169' title='bbox 2109 961 2313 1006; x_wconf 86' lang='lat' dir='ltr'><strong>tantum</strong></span> <span class='ocrx_word' id='word_1_170' title='bbox 2349 953 2609 1023; x_wconf 86' lang='lat' dir='ltr'><strong>temporis</strong></span> <span class='ocrx_word' id='word_1_171' title='bbox 2640 953 2693 1008; x_wconf 92' lang='lat' dir='ltr'><strong>in</strong></span> <span class='ocrx_word' id='word_1_172' title='bbox 2734 967 2987 1010; x_wconf 84' lang='lat' dir='ltr'><strong>sermone</strong></span> <span class='ocrx_word' id='word_1_173' title='bbox 3040 953 3158 1023; x_wconf 84' lang='lat' dir='ltr'><strong>ejus</strong></span> <span class='ocrx_word' id='word_1_174' title='bbox 3205 969 3462 1024; x_wconf 87' lang='lat' dir='ltr'><strong>perman-</strong></span> 
     </span>
    </p>
   </div>
   <div class='ocr_carea' id='block_1_23' title="bbox 1890 1045 3464 1116">
    <p class='ocr_par' dir='ltr' id='par_1_23' title="bbox 1890 1045 3464 1116">
     <span class='ocr_line' id='line_1_23' title="bbox 1890 1045 3464 1116; baseline 0.002 -18"><span class='ocrx_word' id='word_1_175' title='bbox 1890 1051 2080 1098; x_wconf 86' lang='lat' dir='ltr'><strong>serant</strong></span> <span class='ocrx_word' id='word_1_176' title='bbox 2103 1052 2164 1100; x_wconf 92' lang='lat' dir='ltr'><strong>ut</strong></span> <span class='ocrx_word' id='word_1_177' title='bbox 2202 1059 2334 1101; x_wconf 84' lang='lat' dir='ltr'><strong>vere</strong></span> <span class='ocrx_word' id='word_1_178' title='bbox 2383 1045 2558 1116; x_wconf 91' lang='lat' dir='ltr'><strong>ipsius</strong></span> <span class='ocrx_word' id='word_1_179' title='bbox 2613 1045 2738 1101; x_wconf 77' lang='lat' dir='ltr'><strong>iacti</strong></span> <span class='ocrx_word' id='word_1_180' title='bbox 2796 1046 3052 1116; x_wconf 84' lang='lat' dir='ltr'><strong>discipuli</strong></span> <span class='ocrx_word' id='word_1_181' title='bbox 3103 1053 3464 1116; x_wconf 79' lang='lat' dir='ltr'><strong>agnoscerent</strong></span> 
     </span>
    </p>
   </div>
   <div class='ocr_carea' id='block_1_24' title="bbox 1888 1134 3466 1205">
    <p class='ocr_par' dir='ltr' id='par_1_24' title="bbox 1888 1134 3466 1205">
     <span class='ocr_line' id='line_1_24' title="bbox 1888 1134 3466 1205; baseline 0.004 -20"><span class='ocrx_word' id='word_1_182' title='bbox 1888 1134 2197 1201; x_wconf 86' lang='lat' dir='ltr'><strong>veritatem,</strong></span> <span class='ocrx_word' id='word_1_183' title='bbox 2224 1145 2284 1191; x_wconf 89' lang='lat' dir='ltr'><strong>ut</strong></span> <span class='ocrx_word' id='word_1_184' title='bbox 2313 1138 2384 1192; x_wconf 90' lang='lat' dir='ltr'><strong>ab</strong></span> <span class='ocrx_word' id='word_1_185' title='bbox 2412 1151 2477 1192; x_wconf 88' lang='lat' dir='ltr'><strong>ea</strong></span> <span class='ocrx_word' id='word_1_186' title='bbox 2522 1137 2909 1202; x_wconf 90' lang='lat' dir='ltr'><strong>liberarentur,</strong></span> <span class='ocrx_word' id='word_1_187' title='bbox 2951 1137 3153 1193; x_wconf 82' lang='lat' dir='ltr'><strong>dixerit</strong></span> <span class='ocrx_word' id='word_1_188' title='bbox 3192 1153 3208 1192; x_wconf 89' lang='lat'><strong>:</strong></span> <span class='ocrx_word' id='word_1_189' title='bbox 3248 1134 3347 1191; x_wconf 84' lang='lat' dir='ltr'><strong>Vos</strong></span> <span class='ocrx_word' id='word_1_190' title='bbox 3376 1136 3466 1205; x_wconf 81' lang='lat' dir='ltr'><strong>fa.-</strong></span> 
     </span>
    </p>
   </div>
   <div class='ocr_carea' id='block_1_25' title="bbox 1887 1227 3460 1298">
    <p class='ocr_par' dir='ltr' id='par_1_25' title="bbox 1887 1227 3460 1298">
     <span class='ocr_line' id='line_1_25' title="bbox 1887 1227 3460 1298; baseline 0.001 -18"><span class='ocrx_word' id='word_1_191' title='bbox 1887 1227 2010 1281; x_wconf 84' lang='lat' dir='ltr'><strong>citis</strong></span> <span class='ocrx_word' id='word_1_192' title='bbox 2043 1244 2202 1297; x_wconf 84' lang='lat' dir='ltr'><strong>opera</strong></span> <span class='ocrx_word' id='word_1_193' title='bbox 2229 1231 2399 1298; x_wconf 86' lang='lat' dir='ltr'><strong>patris</strong></span> <span class='ocrx_word' id='word_1_194' title='bbox 2429 1231 2588 1284; x_wconf 80' lang='lat' dir='ltr'><strong>vestri</strong></span> <span class='ocrx_word' id='word_1_195' title='bbox 2620 1230 2666 1262; x_wconf 81' lang='grc'><strong>⁸⁸</strong></span> <span class='ocrx_word' id='word_1_196' title='bbox 2709 1247 2725 1292; x_wconf 86' lang='lat'><strong>;</strong></span> <span class='ocrx_word' id='word_1_197' title='bbox 2756 1239 2812 1285; x_wconf 89' lang='lat' dir='ltr'><strong>et</strong></span> <span class='ocrx_word' id='word_1_198' title='bbox 2844 1229 2975 1285; x_wconf 87' lang='lat' dir='ltr'><strong>illud</strong></span> <span class='ocrx_word' id='word_1_199' title='bbox 3013 1229 3197 1295; x_wconf 87' lang='lat' dir='ltr'><strong>etiam,</strong></span> <span class='ocrx_word' id='word_1_200' title='bbox 3224 1228 3368 1296; x_wconf 92' lang='lat' dir='ltr'><strong>quod</strong></span> <span class='ocrx_word' id='word_1_201' title='bbox 3402 1227 3460 1281; x_wconf 91' lang='lat' dir='ltr'><strong>in</strong></span> 
     </span>
    </p>
   </div>
   <div class='ocr_carea' id='block_1_26' title="bbox 1887 1322 3458 1395">
    <p class='ocr_par' dir='ltr' id='par_1_26' title="bbox 1887 1322 3458 1395">
     <span class='ocr_line' id='line_1_26' title="bbox 1887 1322 3458 1395; baseline -0.001 -18"><span class='ocrx_word' id='word_1_202' title='bbox 1887 1323 2242 1390; x_wconf 83' lang='lat' dir='ltr'><strong>sequentibus</strong></span> <span class='ocrx_word' id='word_1_203' title='bbox 2267 1325 2617 1395; x_wconf 77' lang='lat' dir='ltr'><strong>subjungitur</strong></span> <span class='ocrx_word' id='word_1_204' title='bbox 2642 1341 2656 1379; x_wconf 89' lang='lat'><strong>:</strong></span> <span class='ocrx_word' id='word_1_205' title='bbox 2687 1323 2793 1378; x_wconf 84' lang='lat' dir='ltr'><strong>Vos</strong></span> <span class='ocrx_word' id='word_1_206' title='bbox 2807 1340 2874 1380; x_wconf 80' lang='lat' dir='ltr'><strong>ea:</strong></span> <span class='ocrx_word' id='word_1_207' title='bbox 2895 1333 3045 1392; x_wconf 84' lang='lat' dir='ltr'><strong>patre</strong></span> <span class='ocrx_word' id='word_1_208' title='bbox 3071 1322 3282 1378; x_wconf 81' lang='lat' dir='ltr'><strong>diabolo</strong></span> <span class='ocrx_word' id='word_1_209' title='bbox 3309 1323 3458 1376; x_wconf 82' lang='lat' dir='ltr'><strong>estis.</strong></span> 
     </span>
    </p>
   </div>
   <div class='ocr_carea' id='block_1_27' title="bbox 1887 1410 3458 1480">
    <p class='ocr_par' dir='ltr' id='par_1_27' title="bbox 1887 1410 3458 1480">
     <span class='ocr_line' id='line_1_27' title="bbox 1887 1410 3458 1480; baseline -0.002 -15"><span class='ocrx_word' id='word_1_210' title='bbox 1887 1413 2147 1480; x_wconf 82' lang='lat' dir='ltr'><strong>Quamvis</strong></span> <span class='ocrx_word' id='word_1_211' title='bbox 2173 1415 2318 1468; x_wconf 87' lang='lat' dir='ltr'><strong>enim</strong></span> <span class='ocrx_word' id='word_1_212' title='bbox 2349 1415 2705 1469; x_wconf 88' lang='lat' dir='ltr'><strong>inhumanum</strong></span> <span class='ocrx_word' id='word_1_213' title='bbox 2741 1414 2847 1470; x_wconf 87' lang='lat' dir='ltr'><strong>hoc</strong></span> <span class='ocrx_word' id='word_1_214' title='bbox 2875 1413 3077 1468; x_wconf 87' lang='lat' dir='ltr'><strong>dictum</strong></span> <span class='ocrx_word' id='word_1_215' title='bbox 3111 1412 3364 1467; x_wconf 86' lang='lat' dir='ltr'><strong>videatur</strong></span> <span class='ocrx_word' id='word_1_216' title='bbox 3387 1410 3458 1463; x_wconf 88' lang='lat' dir='ltr'><strong>ad</strong></span> 
     </span>
    </p>
   </div>
   <div class='ocr_carea' id='block_1_28' title="bbox 1887 1502 3462 1577">
    <p class='ocr_par' dir='ltr' id='par_1_28' title="bbox 1887 1502 3462 1577">
     <span class='ocr_line' id='line_1_28' title="bbox 1887 1502 3462 1577; baseline -0.003 -15"><span class='ocrx_word' id='word_1_217' title='bbox 1887 1521 1984 1562; x_wconf 80' lang='lat' dir='ltr'><strong>eos</strong></span> <span class='ocrx_word' id='word_1_218' title='bbox 2026 1507 2116 1577; x_wconf 90' lang='lat' dir='ltr'><strong>qui</strong></span> <span class='ocrx_word' id='word_1_219' title='bbox 2165 1509 2214 1561; x_wconf 90' lang='lat' dir='ltr'><strong>ei</strong></span> <span class='ocrx_word' id='word_1_220' title='bbox 2243 1506 2607 1574; x_wconf 87' lang='lat' dir='ltr'><strong>crediderant,</strong></span> <span class='ocrx_word' id='word_1_221' title='bbox 2655 1508 2856 1577; x_wconf 89' lang='lat' dir='ltr'><strong>quique</strong></span> <span class='ocrx_word' id='word_1_222' title='bbox 2889 1506 3070 1574; x_wconf 84' lang='lat' dir='ltr'><strong>aliquo</strong></span> <span class='ocrx_word' id='word_1_223' title='bbox 3104 1503 3264 1559; x_wconf 85' lang='lat' dir='ltr'><strong>modo</strong></span> <span class='ocrx_word' id='word_1_224' title='bbox 3293 1502 3362 1558; x_wconf 82' lang='lat' dir='ltr'><strong>ab</strong></span> <span class='ocrx_word' id='word_1_225' title='bbox 3394 1517 3462 1558; x_wconf 87' lang='lat' dir='ltr'><strong>eo</strong></span> 
     </span>
    </p>
   </div>
   <div class='ocr_carea' id='block_1_29' title="bbox 1889 1594 3462 1666">
    <p class='ocr_par' dir='ltr' id='par_1_29' title="bbox 1889 1594 3462 1666">
     <span class='ocr_line' id='line_1_29' title="bbox 1889 1594 3462 1666; baseline -0.004 -12"><span class='ocrx_word' id='word_1_226' title='bbox 1889 1599 2069 1654; x_wconf 86' lang='lat' dir='ltr'><strong>edocti</strong></span> <span class='ocrx_word' id='word_1_227' title='bbox 2099 1597 2339 1663; x_wconf 75' lang='lat' dir='ltr'><strong>fuerant,</strong></span> <span class='ocrx_word' id='word_1_228' title='bbox 2376 1615 2486 1654; x_wconf 89' lang='lat' dir='ltr'><strong>non</strong></span> <span class='ocrx_word' id='word_1_229' title='bbox 2529 1607 2711 1652; x_wconf 87' lang='lat' dir='ltr'><strong>tamen</strong></span> <span class='ocrx_word' id='word_1_230' title='bbox 2740 1613 2806 1654; x_wconf 91' lang='lat' dir='ltr'><strong>eo</strong></span> <span class='ocrx_word' id='word_1_231' title='bbox 2834 1611 3003 1666; x_wconf 83' lang='lat' dir='ltr'><strong>usque</strong></span> <span class='ocrx_word' id='word_1_232' title='bbox 3034 1605 3094 1651; x_wconf 92' lang='lat' dir='ltr'><strong>ut</strong></span> <span class='ocrx_word' id='word_1_233' title='bbox 3125 1611 3251 1650; x_wconf 84' lang='lat' dir='ltr'><strong>vere</strong></span> <span class='ocrx_word' id='word_1_234' title='bbox 3295 1594 3462 1649; x_wconf 85' lang='lat' dir='ltr'><strong>disci-</strong></span> 
     </span>
    </p>
   </div>
   <div class='ocr_carea' id='block_1_30' title="bbox 1889 1691 3461 1762">
    <p class='ocr_par' dir='ltr' id='par_1_30' title="bbox 1889 1691 3461 1762">
     <span class='ocr_line' id='line_1_30' title="bbox 1889 1691 3461 1762; baseline -0.004 -18"><span class='ocrx_word' id='word_1_235' title='bbox 1889 1692 1996 1762; x_wconf 90' lang='lat' dir='ltr'><strong>puli</strong></span> <span class='ocrx_word' id='word_1_236' title='bbox 2031 1691 2232 1747; x_wconf 86' lang='lat' dir='ltr'><strong>Christi</strong></span> <span class='ocrx_word' id='word_1_237' title='bbox 2263 1691 2599 1757; x_wconf 88' lang='lat' dir='ltr'><strong>dicerentur,</strong></span> <span class='ocrx_word' id='word_1_238' title='bbox 2640 1699 2881 1744; x_wconf 84' lang='lat' dir='ltr'><strong>attamen</strong></span> <span class='ocrx_word' id='word_1_239' title='bbox 2933 1702 3159 1743; x_wconf 87' lang='lat' dir='ltr'><strong>necesse</strong></span> <span class='ocrx_word' id='word_1_240' title='bbox 3198 1695 3284 1742; x_wconf 84' lang='lat' dir='ltr'><strong>est</strong></span> <span class='ocrx_word' id='word_1_241' title='bbox 3321 1699 3461 1739; x_wconf 84' lang='lat' dir='ltr'><strong>cou-</strong></span> 
     </span>
    </p>
   </div>
   <div class='ocr_carea' id='block_1_31' title="bbox 1888 1776 3464 1842">
    <p class='ocr_par' dir='ltr' id='par_1_31' title="bbox 1888 1776 3464 1842">
     <span class='ocr_line' id='line_1_31' title="bbox 1888 1776 3464 1842; baseline -0.004 -4"><span class='ocrx_word' id='word_1_242' title='bbox 1888 1785 2192 1839; x_wconf 89' lang='lat' dir='ltr'><strong>sideremus</strong></span> <span class='ocrx_word' id='word_1_243' title='bbox 2238 1783 2368 1837; x_wconf 91' lang='lat' dir='ltr'><strong>illud</strong></span> <span class='ocrx_word' id='word_1_244' title='bbox 2418 1799 2447 1836; x_wconf 87' lang='lat' dir='ltr'><strong>a</strong></span> <span class='ocrx_word' id='word_1_245' title='bbox 2475 1781 2686 1835; x_wconf 83' lang='lat' dir='ltr'><strong>Joanne</strong></span> <span class='ocrx_word' id='word_1_246' title='bbox 2716 1780 2768 1834; x_wconf 92' lang='lat' dir='ltr'><strong>in</strong></span> <span class='ocrx_word' id='word_1_247' title='bbox 2795 1779 3076 1835; x_wconf 83' lang='lat' dir='ltr'><strong>Catholica</strong></span> <span class='ocrx_word' id='word_1_248' title='bbox 3109 1776 3348 1842; x_wconf 69' lang='lat' dir='ltr'><strong>Epistola</strong></span> <span class='ocrx_word' id='word_1_249' title='bbox 3376 1779 3464 1832; x_wconf 82' lang='lat' dir='ltr'><strong>di-</strong></span> 
     </span>
    </p>
   </div>
   <div class='ocr_carea' id='block_1_32' title="bbox 239 1857 1780 1948">
    <p class='ocr_par' dir='ltr' id='par_1_32' title="bbox 239 1875 1779 1948">
     <span class='ocr_line' id='line_1_32' title="bbox 239 1875 1779 1948; baseline 0.009 -22"><span class='ocrx_word' id='word_1_250' title='bbox 239 1875 481 1946; x_wconf 75' lang='grc' dir='ltr'>εἰρημένον</span> <span class='ocrx_word' id='word_1_251' title='bbox 525 1876 660 1948; x_wconf 70' lang='grc' dir='ltr'>περὶ</span> <span class='ocrx_word' id='word_1_252' title='bbox 709 1876 845 1930; x_wconf 81' lang='grc' dir='ltr'>υἱῶν</span> <span class='ocrx_word' id='word_1_253' title='bbox 889 1877 1045 1948; x_wconf 78' lang='grc' dir='ltr'>Θεοῦ,</span> <span class='ocrx_word' id='word_1_254' title='bbox 1093 1879 1188 1934; x_wconf 79' lang='grc' dir='ltr'><strong>καὶ</strong></span> <span class='ocrx_word' id='word_1_255' title='bbox 1239 1881 1371 1936; x_wconf 80' lang='grc' dir='ltr'>υἱῶν</span> <span class='ocrx_word' id='word_1_256' title='bbox 1410 1882 1675 1937; x_wconf 87' lang='grc' dir='ltr'>διαϐόλου.</span> <span class='ocrx_word' id='word_1_257' title='bbox 1716 1885 1779 1940; x_wconf 88' lang='lat'><strong>&#39;0</strong></span> 
     </span>
    </p>
   </div>
   <div class='ocr_carea' id='block_1_33' title="bbox 1887 1857 3463 1948">
    <p class='ocr_par' dir='ltr' id='par_1_33' title="bbox 1887 1864 3463 1939">
     <span class='ocr_line' id='line_1_33' title="bbox 1887 1864 3463 1939; baseline -0.007 -11"><span class='ocrx_word' id='word_1_258' title='bbox 1887 1884 2028 1928; x_wconf 81' lang='lat' dir='ltr'><strong>etum</strong></span> <span class='ocrx_word' id='word_1_259' title='bbox 2064 1875 2130 1927; x_wconf 90' lang='lat' dir='ltr'><strong>de</strong></span> <span class='ocrx_word' id='word_1_260' title='bbox 2161 1872 2284 1927; x_wconf 88' lang='lat' dir='ltr'><strong>liliis</strong></span> <span class='ocrx_word' id='word_1_261' title='bbox 2327 1872 2439 1935; x_wconf 78' lang='lat' dir='ltr'><strong>Dei,</strong></span> <span class='ocrx_word' id='word_1_262' title='bbox 2498 1872 2672 1939; x_wconf 91' lang='lat' dir='ltr'><strong>deque</strong></span> <span class='ocrx_word' id='word_1_263' title='bbox 2715 1869 2840 1924; x_wconf 87' lang='lat' dir='ltr'><strong>ﬁliis</strong></span> <span class='ocrx_word' id='word_1_264' title='bbox 2883 1867 3110 1924; x_wconf 83' lang='lat' dir='ltr'><strong>diaboli.</strong></span> <span class='ocrx_word' id='word_1_265' title='bbox 3166 1864 3272 1931; x_wconf 83' lang='lat' dir='ltr'><strong>Qui</strong></span> <span class='ocrx_word' id='word_1_266' title='bbox 3315 1881 3463 1919; x_wconf 80' lang='lat' dir='ltr'><strong>com-</strong></span> 
     </span>
    </p>
   </div>
   <div class='ocr_carea' id='block_1_34' title="bbox 238 1944 1780 2041">
    <p class='ocr_par' dir='ltr' id='par_1_34' title="bbox 238 1944 1778 2041">
     <span class='ocr_line' id='line_1_34' title="bbox 238 1944 1778 2041; baseline 0.008 -22"><span class='ocrx_word' id='word_1_267' title='bbox 238 1944 386 2021; x_wconf 74' lang='grc' dir='ltr'>ποιῶν</span> <span class='ocrx_word' id='word_1_268' title='bbox 409 1969 533 2041; x_wconf 81' lang='grc' dir='ltr'>γὰρ,</span> <span class='ocrx_word' id='word_1_269' title='bbox 567 1944 732 2040; x_wconf 68' lang='grc' dir='ltr'>ιρησὶ,</span> <span class='ocrx_word' id='word_1_270' title='bbox 757 1969 875 2036; x_wconf 81' lang='grc' dir='ltr'>τὴν</span> <span class='ocrx_word' id='word_1_271' title='bbox 913 1944 1206 2040; x_wconf 66' lang='grc' dir='ltr'>ἁμαρτίαν</span> <span class='ocrx_word' id='word_1_272' title='bbox 1242 1973 1310 2028; x_wconf 80' lang='grc' dir='ltr'>ἐκ</span> <span class='ocrx_word' id='word_1_273' title='bbox 1346 1973 1453 2028; x_wconf 87' lang='grc' dir='ltr'>τοῦ</span> <span class='ocrx_word' id='word_1_274' title='bbox 1497 1974 1778 2032; x_wconf 97' lang='grc' dir='ltr'>διαϐόλου</span> 
     </span>
    </p>
   </div>
   <div class='ocr_carea' id='block_1_35' title="bbox 1887 1944 3460 2041">
    <p class='ocr_par' dir='ltr' id='par_1_35' title="bbox 1887 1959 3460 2032">
     <span class='ocr_line' id='line_1_35' title="bbox 1887 1959 3460 2032; baseline -0.004 -15"><span class='ocrx_word' id='word_1_275' title='bbox 1887 1966 2041 2017; x_wconf 89' lang='lat' dir='ltr'><strong>mittit</strong></span> <span class='ocrx_word' id='word_1_276' title='bbox 2071 1965 2238 2027; x_wconf 87' lang='lat' dir='ltr'><strong>enim,</strong></span> <span class='ocrx_word' id='word_1_277' title='bbox 2272 1965 2468 2032; x_wconf 87' lang='lat' dir='ltr'><strong>inquit,</strong></span> <span class='ocrx_word' id='word_1_278' title='bbox 2496 1974 2785 2030; x_wconf 77' lang='lat' dir='ltr'><strong>peccatum,</strong></span> <span class='ocrx_word' id='word_1_279' title='bbox 2829 1976 2894 2014; x_wconf 79' lang='lat' dir='ltr'><strong>ea:</strong></span> <span class='ocrx_word' id='word_1_280' title='bbox 2932 1959 3148 2013; x_wconf 87' lang='lat' dir='ltr'><strong>diabolo</strong></span> <span class='ocrx_word' id='word_1_281' title='bbox 3187 1966 3290 2020; x_wconf 88' lang='lat' dir='ltr'><strong>est,</strong></span> <span class='ocrx_word' id='word_1_282' title='bbox 3321 1974 3460 2026; x_wconf 79' lang='lat' dir='ltr'><strong>quo-</strong></span> 
     </span>
    </p>
   </div>
   <div class='ocr_carea' id='block_1_36' title="bbox 237 2046 1780 2137">
    <p class='ocr_par' dir='ltr' id='par_1_36' title="bbox 237 2058 1780 2137">
     <span class='ocr_line' id='line_1_36' title="bbox 237 2058 1780 2137; baseline 0.009 -27"><span class='ocrx_word' id='word_1_283' title='bbox 237 2058 386 2125; x_wconf 79' lang='grc' dir='ltr'>ἐστίν,</span> <span class='ocrx_word' id='word_1_284' title='bbox 412 2059 496 2114; x_wconf 84' lang='grc' dir='ltr'>ὅτι</span> <span class='ocrx_word' id='word_1_285' title='bbox 536 2062 644 2116; x_wconf 75' lang='grc' dir='ltr'><strong>ἀπ’</strong></span> <span class='ocrx_word' id='word_1_286' title='bbox 674 2062 876 2132; x_wconf 77' lang='grc' dir='ltr'><strong>ἀρχῆς</strong></span> <span class='ocrx_word' id='word_1_287' title='bbox 897 2067 930 2119; x_wconf 87' lang='grc' dir='ltr'><strong>ό</strong></span> <span class='ocrx_word' id='word_1_288' title='bbox 969 2063 1248 2132; x_wconf 86' lang='grc' dir='ltr'>διάϐολος</span> <span class='ocrx_word' id='word_1_289' title='bbox 1284 2066 1626 2136; x_wconf 82' lang='grc' dir='ltr'>ἁμαρτάνει.</span> <span class='ocrx_word' id='word_1_290' title='bbox 1676 2071 1780 2137; x_wconf 84' lang='grc' dir='ltr'><strong>Είς</strong></span> 
     </span>
    </p>
   </div>
   <div class='ocr_carea' id='block_1_37' title="bbox 1887 2046 3463 2137">
    <p class='ocr_par' dir='ltr' id='par_1_37' title="bbox 1887 2046 3463 2123">
     <span class='ocr_line' id='line_1_37' title="bbox 1887 2046 3463 2123; baseline -0.006 -13"><span class='ocrx_word' id='word_1_291' title='bbox 1887 2059 2028 2110; x_wconf 85' lang='lat' dir='ltr'><strong>niam</strong></span> <span class='ocrx_word' id='word_1_292' title='bbox 2053 2056 2118 2110; x_wconf 91' lang='lat' dir='ltr'><strong>ab</strong></span> <span class='ocrx_word' id='word_1_293' title='bbox 2146 2057 2296 2110; x_wconf 88' lang='lat' dir='ltr'><strong>initio</strong></span> <span class='ocrx_word' id='word_1_294' title='bbox 2331 2054 2574 2108; x_wconf 80' lang='lat' dir='ltr'><strong>diabolus</strong></span> <span class='ocrx_word' id='word_1_295' title='bbox 2613 2063 2810 2123; x_wconf 81' lang='lat' dir='ltr'><strong>peccat.</strong></span> <span class='ocrx_word' id='word_1_296' title='bbox 2848 2052 2927 2105; x_wconf 83' lang='lat' dir='ltr'><strong>Ad</strong></span> <span class='ocrx_word' id='word_1_297' title='bbox 2958 2052 3056 2104; x_wconf 81' lang='lat' dir='ltr'><strong>hoc</strong></span> <span class='ocrx_word' id='word_1_298' title='bbox 3082 2051 3332 2117; x_wconf 82' lang='lat' dir='ltr'><strong>apparuit</strong></span> <span class='ocrx_word' id='word_1_299' title='bbox 3363 2046 3463 2101; x_wconf 85' lang='lat' dir='ltr'><strong>Fi—</strong></span> 
     </span>
    </p>
   </div>
   <div class='ocr_carea' id='block_1_38' title="bbox 238 2141 1780 2230">
    <p class='ocr_par' dir='ltr' id='par_1_38' title="bbox 238 2150 1780 2230">
     <span class='ocr_line' id='line_1_38' title="bbox 238 2150 1780 2230; baseline 0.01 -28"><span class='ocrx_word' id='word_1_300' title='bbox 238 2150 376 2205; x_wconf 85' lang='grc' dir='ltr'>τοῦτο</span> <span class='ocrx_word' id='word_1_301' title='bbox 399 2153 821 2223; x_wconf 62' lang='grc' dir='ltr'>ἐνεφανερώθη</span> <span class='ocrx_word' id='word_1_302' title='bbox 850 2159 883 2210; x_wconf 90' lang='grc' dir='ltr'><strong>ό</strong></span> <span class='ocrx_word' id='word_1_303' title='bbox 909 2156 1039 2223; x_wconf 79' lang='grc' dir='ltr'><strong>Υἱός</strong></span> <span class='ocrx_word' id='word_1_304' title='bbox 1061 2157 1169 2211; x_wconf 85' lang='grc' dir='ltr'>τοῦ</span> <span class='ocrx_word' id='word_1_305' title='bbox 1203 2157 1370 2223; x_wconf 84' lang='grc' dir='ltr'><strong>Θεοῦ,</strong></span> <span class='ocrx_word' id='word_1_306' title='bbox 1406 2160 1506 2213; x_wconf 85' lang='grc' dir='ltr'>ἵνα</span> <span class='ocrx_word' id='word_1_307' title='bbox 1526 2162 1689 2230; x_wconf 80' lang='grc' dir='ltr'>λύσῃ</span> <span class='ocrx_word' id='word_1_308' title='bbox 1710 2163 1780 2217; x_wconf 85' lang='grc' dir='ltr'>τὰ</span> 
     </span>
    </p>
   </div>
   <div class='ocr_carea' id='block_1_39' title="bbox 1887 2141 3461 2230">
    <p class='ocr_par' dir='ltr' id='par_1_39' title="bbox 1887 2141 3461 2212">
     <span class='ocr_line' id='line_1_39' title="bbox 1887 2141 3461 2212; baseline -0.005 -10"><span class='ocrx_word' id='word_1_309' title='bbox 1887 2149 1986 2202; x_wconf 86' lang='lat' dir='ltr'><strong>lius</strong></span> <span class='ocrx_word' id='word_1_310' title='bbox 2019 2147 2133 2212; x_wconf 87' lang='lat' dir='ltr'><strong>Dei,</strong></span> <span class='ocrx_word' id='word_1_311' title='bbox 2159 2157 2216 2201; x_wconf 88' lang='lat' dir='ltr'><strong>ut</strong></span> <span class='ocrx_word' id='word_1_312' title='bbox 2249 2147 2502 2200; x_wconf 78' lang='lat' dir='ltr'><strong>dissolvat</strong></span> <span class='ocrx_word' id='word_1_313' title='bbox 2530 2161 2686 2211; x_wconf 87' lang='lat' dir='ltr'><strong>opera</strong></span> <span class='ocrx_word' id='word_1_314' title='bbox 2713 2144 2932 2198; x_wconf 88' lang='lat' dir='ltr'><strong>diaboli.</strong></span> <span class='ocrx_word' id='word_1_315' title='bbox 2978 2143 3164 2198; x_wconf 80' lang='lat' dir='ltr'><strong>Omnis</strong></span> <span class='ocrx_word' id='word_1_316' title='bbox 3204 2141 3297 2210; x_wconf 86' lang='lat' dir='ltr'><strong>qui</strong></span> <span class='ocrx_word' id='word_1_317' title='bbox 3359 2157 3461 2194; x_wconf 85' lang='lat' dir='ltr'><strong>na-</strong></span> 
     </span>
    </p>
   </div>
   <div class='ocr_carea' id='block_1_40' title="bbox 237 2232 1780 2320">
    <p class='ocr_par' dir='ltr' id='par_1_40' title="bbox 237 2243 1780 2320">
     <span class='ocr_line' id='line_1_40' title="bbox 237 2243 1780 2320; baseline 0.008 -25"><span class='ocrx_word' id='word_1_318' title='bbox 237 2243 347 2310; x_wconf 80' lang='grc' dir='ltr'>ἕρτα</span> <span class='ocrx_word' id='word_1_319' title='bbox 388 2245 486 2299; x_wconf 87' lang='grc' dir='ltr'>τοῦ</span> <span class='ocrx_word' id='word_1_320' title='bbox 531 2246 849 2302; x_wconf 87' lang='grc' dir='ltr'>διαϐόλου.</span> <span class='ocrx_word' id='word_1_321' title='bbox 881 2245 1009 2316; x_wconf 85' lang='grc' dir='ltr'><em>Πᾶς</em></span> <span class='ocrx_word' id='word_1_322' title='bbox 1037 2251 1071 2303; x_wconf 88' lang='grc' dir='ltr'><strong>ό</strong></span> <span class='ocrx_word' id='word_1_323' title='bbox 1099 2251 1530 2320; x_wconf 74' lang='grc' dir='ltr'><strong>γεγεννημένος</strong></span> <span class='ocrx_word' id='word_1_324' title='bbox 1572 2253 1641 2306; x_wconf 78' lang='grc' dir='ltr'>ἐκ</span> <span class='ocrx_word' id='word_1_325' title='bbox 1674 2254 1780 2308; x_wconf 81' lang='grc' dir='ltr'>τοῦ</span> 
     </span>
    </p>
   </div>
   <div class='ocr_carea' id='block_1_41' title="bbox 1887 2232 3462 2320">
    <p class='ocr_par' dir='ltr' id='par_1_41' title="bbox 1887 2232 3462 2306">
     <span class='ocr_line' id='line_1_41' title="bbox 1887 2232 3462 2306; baseline -0.006 -15"><span class='ocrx_word' id='word_1_326' title='bbox 1887 2247 1968 2291; x_wconf 87' lang='lat' dir='ltr'><strong>tus</strong></span> <span class='ocrx_word' id='word_1_327' title='bbox 2011 2246 2086 2291; x_wconf 88' lang='lat' dir='ltr'><strong>est</strong></span> <span class='ocrx_word' id='word_1_328' title='bbox 2125 2252 2190 2290; x_wconf 77' lang='lat' dir='ltr'><strong>ea:</strong></span> <span class='ocrx_word' id='word_1_329' title='bbox 2225 2236 2355 2302; x_wconf 90' lang='lat' dir='ltr'><strong>Deo,</strong></span> <span class='ocrx_word' id='word_1_330' title='bbox 2395 2245 2668 2306; x_wconf 83' lang='lat' dir='ltr'><strong>peccatum</strong></span> <span class='ocrx_word' id='word_1_331' title='bbox 2713 2251 2820 2288; x_wconf 88' lang='lat' dir='ltr'><strong>non</strong></span> <span class='ocrx_word' id='word_1_332' title='bbox 2863 2232 3166 2294; x_wconf 84' lang='lat' dir='ltr'><strong>committit.</strong></span> <span class='ocrx_word' id='word_1_333' title='bbox 3211 2234 3462 2301; x_wconf 84' lang='lat' dir='ltr'><strong>quoniam</strong></span> 
     </span>
    </p>
   </div>
   <div class='ocr_carea' id='block_1_42' title="bbox 241 2330 1780 2411">
    <p class='ocr_par' dir='ltr' id='par_1_42' title="bbox 241 2333 1780 2411">
     <span class='ocr_line' id='line_1_42' title="bbox 241 2333 1780 2411; baseline 0.008 -25"><span class='ocrx_word' id='word_1_334' title='bbox 241 2333 353 2388; x_wconf 85' lang='grc' dir='ltr'>Θεοῦ</span> <span class='ocrx_word' id='word_1_335' title='bbox 377 2333 669 2405; x_wconf 77' lang='grc' dir='ltr'><strong>ἁμαρτίαν</strong></span> <span class='ocrx_word' id='word_1_336' title='bbox 717 2340 795 2392; x_wconf 82' lang='grc' dir='ltr'>οὐ</span> <span class='ocrx_word' id='word_1_337' title='bbox 835 2338 1010 2403; x_wconf 83' lang='grc' dir='ltr'>ποιεῖ,</span> <span class='ocrx_word' id='word_1_338' title='bbox 1054 2339 1140 2393; x_wconf 84' lang='grc' dir='ltr'>ὅτι</span> <span class='ocrx_word' id='word_1_339' title='bbox 1191 2339 1430 2411; x_wconf 78' lang='grc' dir='ltr'>σπέρμα</span> <span class='ocrx_word' id='word_1_340' title='bbox 1472 2342 1660 2398; x_wconf 83' lang='grc' dir='ltr'>αὑτοῦ</span> <span class='ocrx_word' id='word_1_341' title='bbox 1713 2345 1780 2398; x_wconf 80' lang='grc' dir='ltr'>ἐν</span> 
     </span>
    </p>
   </div>
   <div class='ocr_carea' id='block_1_43' title="bbox 1887 2330 3463 2411">
    <p class='ocr_par' dir='ltr' id='par_1_43' title="bbox 1887 2330 3463 2399">
     <span class='ocr_line' id='line_1_43' title="bbox 1887 2330 3463 2399; baseline -0.005 -15"><span class='ocrx_word' id='word_1_342' title='bbox 1887 2346 2057 2384; x_wconf 87' lang='lat' dir='ltr'><strong>semen</strong></span> <span class='ocrx_word' id='word_1_343' title='bbox 2097 2330 2264 2399; x_wconf 84' lang='lat' dir='ltr'><strong>ipsius</strong></span> <span class='ocrx_word' id='word_1_344' title='bbox 2305 2330 2358 2382; x_wconf 90' lang='lat' dir='ltr'><strong>in</strong></span> <span class='ocrx_word' id='word_1_345' title='bbox 2395 2345 2454 2383; x_wconf 93' lang='lat' dir='ltr'><strong>eo</strong></span> <span class='ocrx_word' id='word_1_346' title='bbox 2479 2338 2676 2391; x_wconf 84' lang='lat' dir='ltr'><strong>manet,</strong></span> <span class='ocrx_word' id='word_1_347' title='bbox 2702 2336 2749 2381; x_wconf 88' lang='lat' dir='ltr'><strong>et</strong></span> <span class='ocrx_word' id='word_1_348' title='bbox 2781 2343 2884 2379; x_wconf 88' lang='lat' dir='ltr'><strong>non</strong></span> <span class='ocrx_word' id='word_1_349' title='bbox 2920 2335 3086 2394; x_wconf 85' lang='lat' dir='ltr'><strong>potest</strong></span> <span class='ocrx_word' id='word_1_350' title='bbox 3128 2339 3361 2393; x_wconf 82' lang='lat' dir='ltr'><strong>peccare,</strong></span> <span class='ocrx_word' id='word_1_351' title='bbox 3399 2339 3463 2378; x_wconf 89' lang='lat' dir='ltr'><strong>eo</strong></span> 
     </span>
    </p>
   </div>
   <div class='ocr_carea' id='block_1_44' title="bbox 237 2415 1780 2503">
    <p class='ocr_par' dir='ltr' id='par_1_44' title="bbox 237 2424 1780 2503">
     <span class='ocr_line' id='line_1_44' title="bbox 237 2424 1780 2503; baseline 0.009 -27"><span class='ocrx_word' id='word_1_352' title='bbox 237 2424 360 2490; x_wconf 83' lang='grc' dir='ltr'><strong>αὺτῷ</strong></span> <span class='ocrx_word' id='word_1_353' title='bbox 383 2427 565 2496; x_wconf 84' lang='grc' dir='ltr'>μένει,</span> <span class='ocrx_word' id='word_1_354' title='bbox 597 2430 703 2485; x_wconf 76' lang='grc' dir='ltr'>καὶ</span> <span class='ocrx_word' id='word_1_355' title='bbox 748 2433 824 2486; x_wconf 89' lang='grc' dir='ltr'>οὐ</span> <span class='ocrx_word' id='word_1_356' title='bbox 877 2430 1125 2487; x_wconf 86' lang='grc' dir='ltr'>δύναται</span> <span class='ocrx_word' id='word_1_357' title='bbox 1167 2433 1545 2503; x_wconf 79' lang='grc' dir='ltr'><strong>ἁμαρτάνειν,</strong></span> <span class='ocrx_word' id='word_1_358' title='bbox 1587 2435 1677 2490; x_wconf 85' lang='grc' dir='ltr'><strong>ότι</strong></span> <span class='ocrx_word' id='word_1_359' title='bbox 1711 2437 1780 2490; x_wconf 82' lang='grc' dir='ltr'>ἐκ</span> 
     </span>
    </p>
   </div>
   <div class='ocr_carea' id='block_1_45' title="bbox 1887 2415 3463 2503">
    <p class='ocr_par' dir='ltr' id='par_1_45' title="bbox 1887 2415 3463 2494">
     <span class='ocr_line' id='line_1_45' title="bbox 1887 2415 3463 2494; baseline -0.003 -19"><span class='ocrx_word' id='word_1_360' title='bbox 1887 2423 2020 2494; x_wconf 82' lang='lat' dir='ltr'><strong>quod</strong></span> <span class='ocrx_word' id='word_1_361' title='bbox 2060 2437 2125 2476; x_wconf 78' lang='lat' dir='ltr'><strong>ea:</strong></span> <span class='ocrx_word' id='word_1_362' title='bbox 2155 2421 2264 2476; x_wconf 85' lang='lat' dir='ltr'><strong>Deo</strong></span> <span class='ocrx_word' id='word_1_363' title='bbox 2297 2431 2453 2474; x_wconf 85' lang='lat' dir='ltr'><strong>natus</strong></span> <span class='ocrx_word' id='word_1_364' title='bbox 2484 2429 2585 2474; x_wconf 90' lang='lat' dir='ltr'><strong>est.</strong></span> <span class='ocrx_word' id='word_1_365' title='bbox 2628 2419 2690 2473; x_wconf 82' lang='lat' dir='ltr'><strong>In</strong></span> <span class='ocrx_word' id='word_1_366' title='bbox 2727 2419 2826 2475; x_wconf 84' lang='lat' dir='ltr'><strong>hoc</strong></span> <span class='ocrx_word' id='word_1_367' title='bbox 2872 2417 3142 2485; x_wconf 80' lang='lat' dir='ltr'><strong>manifesti</strong></span> <span class='ocrx_word' id='word_1_368' title='bbox 3185 2425 3309 2470; x_wconf 88' lang='lat' dir='ltr'><strong>sunt</strong></span> <span class='ocrx_word' id='word_1_369' title='bbox 3358 2415 3463 2484; x_wconf 78' lang='lat' dir='ltr'><strong>ﬁlii</strong></span> 
     </span>
    </p>
   </div>
   <div class='ocr_carea' id='block_1_46' title="bbox 240 2507 1780 2594">
    <p class='ocr_par' dir='ltr' id='par_1_46' title="bbox 240 2516 1780 2594">
     <span class='ocr_line' id='line_1_46' title="bbox 240 2516 1780 2594; baseline 0.008 -26"><span class='ocrx_word' id='word_1_370' title='bbox 240 2516 320 2570; x_wconf 79' lang='grc' dir='ltr'>τοῦ</span> <span class='ocrx_word' id='word_1_371' title='bbox 345 2519 479 2573; x_wconf 86' lang='grc' dir='ltr'>Θεοῦ</span> <span class='ocrx_word' id='word_1_372' title='bbox 501 2521 888 2591; x_wconf 72' lang='grc' dir='ltr'><strong>γεγέννηται.</strong></span> <span class='ocrx_word' id='word_1_373' title='bbox 925 2524 1029 2577; x_wconf 87' lang='grc' dir='ltr'>Ἐν</span> <span class='ocrx_word' id='word_1_374' title='bbox 1064 2525 1252 2591; x_wconf 80' lang='grc' dir='ltr'>τούτῳ</span> <span class='ocrx_word' id='word_1_375' title='bbox 1288 2524 1518 2594; x_wconf 70' lang='grc' dir='ltr'>φανερά</span> <span class='ocrx_word' id='word_1_376' title='bbox 1549 2526 1680 2580; x_wconf 83' lang='grc' dir='ltr'>ἐστι</span> <span class='ocrx_word' id='word_1_377' title='bbox 1710 2527 1780 2581; x_wconf 82' lang='grc' dir='ltr'>τὰ</span> 
     </span>
    </p>
   </div>
   <div class='ocr_carea' id='block_1_47' title="bbox 1887 2507 3459 2594">
    <p class='ocr_par' dir='ltr' id='par_1_47' title="bbox 1887 2507 3459 2584">
     <span class='ocr_line' id='line_1_47' title="bbox 1887 2507 3459 2584; baseline -0.006 -15"><span class='ocrx_word' id='word_1_378' title='bbox 1887 2516 2007 2580; x_wconf 87' lang='lat' dir='ltr'><strong>Dei,</strong></span> <span class='ocrx_word' id='word_1_379' title='bbox 2033 2527 2079 2569; x_wconf 85' lang='lat' dir='ltr'><strong>et</strong></span> <span class='ocrx_word' id='word_1_380' title='bbox 2118 2515 2218 2584; x_wconf 85' lang='lat' dir='ltr'><strong>filii</strong></span> <span class='ocrx_word' id='word_1_381' title='bbox 2252 2514 2454 2567; x_wconf 86' lang='lat' dir='ltr'><strong>diaboli</strong></span> <span class='ocrx_word' id='word_1_382' title='bbox 2505 2528 2523 2566; x_wconf 91' lang='lat'><strong><em>:</em></strong></span> <span class='ocrx_word' id='word_1_383' title='bbox 2556 2513 2726 2567; x_wconf 88' lang='lat' dir='ltr'><strong>omnis</strong></span> <span class='ocrx_word' id='word_1_384' title='bbox 2754 2512 2842 2582; x_wconf 88' lang='lat' dir='ltr'><strong>qui</strong></span> <span class='ocrx_word' id='word_1_385' title='bbox 2873 2526 2975 2563; x_wconf 89' lang='lat' dir='ltr'><strong>non</strong></span> <span class='ocrx_word' id='word_1_386' title='bbox 3011 2509 3143 2578; x_wconf 89' lang='lat' dir='ltr'><strong>facit</strong></span> <span class='ocrx_word' id='word_1_387' title='bbox 3169 2507 3459 2576; x_wconf 74' lang='lat' dir='ltr'><strong>justitiam.</strong></span> 
     </span>
    </p>
   </div>
   <div class='ocr_carea' id='block_1_48' title="bbox 238 2602 1780 2685">
    <p class='ocr_par' dir='ltr' id='par_1_48' title="bbox 238 2611 1780 2685">
     <span class='ocr_line' id='line_1_48' title="bbox 238 2611 1780 2685; baseline 0.008 -24"><span class='ocrx_word' id='word_1_388' title='bbox 238 2611 379 2664; x_wconf 77' lang='grc' dir='ltr'>τέκνα</span> <span class='ocrx_word' id='word_1_389' title='bbox 402 2611 501 2666; x_wconf 83' lang='grc' dir='ltr'>τοῦ</span> <span class='ocrx_word' id='word_1_390' title='bbox 538 2613 720 2677; x_wconf 84' lang='grc' dir='ltr'>Θεοῦ,</span> <span class='ocrx_word' id='word_1_391' title='bbox 757 2613 858 2668; x_wconf 80' lang='grc' dir='ltr'>καὶ</span> <span class='ocrx_word' id='word_1_392' title='bbox 885 2615 957 2669; x_wconf 87' lang='grc' dir='ltr'>τὰ</span> <span class='ocrx_word' id='word_1_393' title='bbox 981 2615 1162 2669; x_wconf 82' lang='grc' dir='ltr'>τέκνα</span> <span class='ocrx_word' id='word_1_394' title='bbox 1181 2616 1288 2670; x_wconf 90' lang='grc' dir='ltr'>τοῦ</span> <span class='ocrx_word' id='word_1_395' title='bbox 1322 2617 1606 2673; x_wconf 87' lang='grc' dir='ltr'>διαϐόλου</span> <span class='ocrx_word' id='word_1_396' title='bbox 1624 2635 1637 2648; x_wconf 76' lang='lat'>&#39;</span> <span class='ocrx_word' id='word_1_397' title='bbox 1665 2618 1780 2685; x_wconf 82' lang='grc' dir='ltr'><em>πᾶς</em></span> 
     </span>
    </p>
   </div>
   <div class='ocr_carea' id='block_1_49' title="bbox 1887 2602 3455 2685">
    <p class='ocr_par' dir='ltr' id='par_1_49' title="bbox 1887 2602 3455 2675">
     <span class='ocr_line' id='line_1_49' title="bbox 1887 2602 3455 2675; baseline -0.004 -14"><span class='ocrx_word' id='word_1_398' title='bbox 1887 2625 1986 2661; x_wconf 84' lang='lat' dir='ltr'><strong>non</strong></span> <span class='ocrx_word' id='word_1_399' title='bbox 2025 2618 2102 2662; x_wconf 83' lang='lat' dir='ltr'><strong>est</strong></span> <span class='ocrx_word' id='word_1_400' title='bbox 2136 2623 2200 2660; x_wconf 82' lang='lat' dir='ltr'><strong>ea:</strong></span> <span class='ocrx_word' id='word_1_401' title='bbox 2235 2605 2368 2672; x_wconf 88' lang='lat' dir='ltr'><strong>Deo,</strong></span> <span class='ocrx_word' id='word_1_402' title='bbox 2405 2616 2454 2660; x_wconf 87' lang='lat' dir='ltr'><strong>et</strong></span> <span class='ocrx_word' id='word_1_403' title='bbox 2488 2606 2581 2675; x_wconf 87' lang='lat' dir='ltr'><strong>qui</strong></span> <span class='ocrx_word' id='word_1_404' title='bbox 2614 2621 2716 2658; x_wconf 88' lang='lat' dir='ltr'><strong>non</strong></span> <span class='ocrx_word' id='word_1_405' title='bbox 2745 2603 2916 2672; x_wconf 85' lang='lat' dir='ltr'><strong>diligit</strong></span> <span class='ocrx_word' id='word_1_406' title='bbox 2950 2602 3175 2670; x_wconf 87' lang='lat' dir='ltr'><strong>fratrem</strong></span> <span class='ocrx_word' id='word_1_407' title='bbox 3207 2618 3364 2657; x_wconf 88' lang='lat' dir='ltr'><strong>suum</strong></span> <span class='ocrx_word' id='word_1_408' title='bbox 3391 2603 3455 2656; x_wconf 79' lang='lat'><strong>“.</strong></span> 
     </span>
    </p>
   </div>
   <div class='ocr_carea' id='block_1_50' title="bbox 239 2697 1780 2776">
    <p class='ocr_par' dir='ltr' id='par_1_50' title="bbox 239 2701 1780 2776">
     <span class='ocr_line' id='line_1_50' title="bbox 239 2701 1780 2776; baseline 0.008 -23"><span class='ocrx_word' id='word_1_409' title='bbox 239 2703 264 2753; x_wconf 81' lang='grc' dir='ltr'><em>ὁ</em></span> <span class='ocrx_word' id='word_1_410' title='bbox 281 2702 351 2770; x_wconf 81' lang='grc' dir='ltr'>μὴ</span> <span class='ocrx_word' id='word_1_411' title='bbox 373 2701 449 2756; x_wconf 87' lang='grc' dir='ltr'>ὢν</span> <span class='ocrx_word' id='word_1_412' title='bbox 484 2704 733 2772; x_wconf 80' lang='grc' dir='ltr'>δίκαιος</span> <span class='ocrx_word' id='word_1_413' title='bbox 773 2707 886 2760; x_wconf 86' lang='grc' dir='ltr'>οὐκ</span> <span class='ocrx_word' id='word_1_414' title='bbox 935 2708 1108 2761; x_wconf 78' lang='grc' dir='ltr'>ἐστιν</span> <span class='ocrx_word' id='word_1_415' title='bbox 1141 2709 1209 2763; x_wconf 79' lang='grc' dir='ltr'>ἐκ</span> <span class='ocrx_word' id='word_1_416' title='bbox 1249 2709 1358 2764; x_wconf 84' lang='grc' dir='ltr'>τοῦ</span> <span class='ocrx_word' id='word_1_417' title='bbox 1399 2712 1569 2776; x_wconf 83' lang='grc' dir='ltr'>Θεοῦ,</span> <span class='ocrx_word' id='word_1_418' title='bbox 1622 2713 1723 2766; x_wconf 78' lang='grc' dir='ltr'>καὶ</span> <span class='ocrx_word' id='word_1_419' title='bbox 1749 2716 1780 2766; x_wconf 83' lang='grc' dir='ltr'><strong>ό</strong></span> 
     </span>
    </p>
   </div>
   <div class='ocr_carea' id='block_1_51' title="bbox 1887 2697 3458 2776">
    <p class='ocr_par' dir='ltr' id='par_1_51' title="bbox 1887 2697 3458 2766">
     <span class='ocr_line' id='line_1_51' title="bbox 1887 2697 3458 2766; baseline 0 -15"><span class='ocrx_word' id='word_1_420' title='bbox 1887 2701 2092 2766; x_wconf 84' lang='lat' dir='ltr'><strong>Quibus</strong></span> <span class='ocrx_word' id='word_1_421' title='bbox 2125 2697 2310 2753; x_wconf 82' lang='lat' dir='ltr'><strong>verbis</strong></span> <span class='ocrx_word' id='word_1_422' title='bbox 2361 2699 2440 2753; x_wconf 91' lang='lat' dir='ltr'><strong>sic</strong></span> <span class='ocrx_word' id='word_1_423' title='bbox 2487 2697 2842 2760; x_wconf 83' lang='lat' dir='ltr'><strong>habentibus,</strong></span> <span class='ocrx_word' id='word_1_424' title='bbox 2885 2697 3174 2750; x_wconf 89' lang='lat' dir='ltr'><strong>considera</strong></span> <span class='ocrx_word' id='word_1_425' title='bbox 3225 2711 3295 2751; x_wconf 89' lang='lat' dir='ltr'><strong>an</strong></span> <span class='ocrx_word' id='word_1_426' title='bbox 3350 2712 3458 2753; x_wconf 91' lang='lat' dir='ltr'><strong>non</strong></span> 
     </span>
    </p>
   </div>
   <div class='ocr_carea' id='block_1_52' title="bbox 233 2791 1780 2874">
    <p class='ocr_par' dir='ltr' id='par_1_52' title="bbox 233 2793 1780 2874">
     <span class='ocr_line' id='line_1_52' title="bbox 233 2793 1780 2874; baseline 0.006 -26"><span class='ocrx_word' id='word_1_427' title='bbox 233 2793 296 2862; x_wconf 80' lang='grc' dir='ltr'>μὴ</span> <span class='ocrx_word' id='word_1_428' title='bbox 324 2797 550 2866; x_wconf 65' lang='grc' dir='ltr'>ἀγαπῶν</span> <span class='ocrx_word' id='word_1_429' title='bbox 575 2797 694 2852; x_wconf 81' lang='grc' dir='ltr'>τὸν</span> <span class='ocrx_word' id='word_1_430' title='bbox 721 2799 990 2868; x_wconf 67' lang='grc' dir='ltr'>ἀδελφόν</span> <span class='ocrx_word' id='word_1_431' title='bbox 1016 2800 1220 2854; x_wconf 82' lang='grc' dir='ltr'>αὐτοῦ.</span> <span class='ocrx_word' id='word_1_432' title='bbox 1255 2802 1376 2855; x_wconf 83' lang='grc' dir='ltr'>Τῶν</span> <span class='ocrx_word' id='word_1_433' title='bbox 1397 2804 1574 2874; x_wconf 80' lang='grc' dir='ltr'>ῥητῶν</span> <span class='ocrx_word' id='word_1_434' title='bbox 1604 2805 1780 2859; x_wconf 77' lang='grc' dir='ltr'>τοίνυν</span> 
     </span>
    </p>
   </div>
   <div class='ocr_carea' id='block_1_53' title="bbox 1887 2791 3460 2874">
    <p class='ocr_par' dir='ltr' id='par_1_53' title="bbox 1887 2791 3460 2863">
     <span class='ocr_line' id='line_1_53' title="bbox 1887 2791 3460 2863; baseline -0.003 -16"><span class='ocrx_word' id='word_1_435' title='bbox 1887 2803 2075 2863; x_wconf 88' lang='lat' dir='ltr'><strong>aperte</strong></span> <span class='ocrx_word' id='word_1_436' title='bbox 2127 2794 2334 2848; x_wconf 83' lang='lat' dir='ltr'><strong>dictum</strong></span> <span class='ocrx_word' id='word_1_437' title='bbox 2377 2792 2484 2847; x_wconf 87' lang='lat' dir='ltr'><strong>sit:</strong></span> <span class='ocrx_word' id='word_1_438' title='bbox 2513 2791 2699 2845; x_wconf 85' lang='lat' dir='ltr'><strong>Omnis</strong></span> <span class='ocrx_word' id='word_1_439' title='bbox 2739 2791 2832 2860; x_wconf 89' lang='lat' dir='ltr'><strong>qui</strong></span> <span class='ocrx_word' id='word_1_440' title='bbox 2857 2791 3136 2843; x_wconf 87' lang='lat' dir='ltr'><strong>committit</strong></span> <span class='ocrx_word' id='word_1_441' title='bbox 3163 2802 3460 2858; x_wconf 81' lang='lat' dir='ltr'><strong>peccatum,</strong></span> 
     </span>
    </p>
   </div>
   <div class='ocr_carea' id='block_1_54' title="bbox 235 2881 1780 2965">
    <p class='ocr_par' dir='ltr' id='par_1_54' title="bbox 235 2883 1780 2965">
     <span class='ocr_line' id='line_1_54' title="bbox 235 2883 1780 2965; baseline 0.009 -30"><span class='ocrx_word' id='word_1_442' title='bbox 235 2883 398 2938; x_wconf 76' lang='grc' dir='ltr'>τούτων</span> <span class='ocrx_word' id='word_1_443' title='bbox 418 2887 588 2953; x_wconf 71' lang='grc' dir='ltr'>οὕτως</span> <span class='ocrx_word' id='word_1_444' title='bbox 629 2889 900 2960; x_wconf 79' lang='grc' dir='ltr'>ἐχόντων,</span> <span class='ocrx_word' id='word_1_445' title='bbox 932 2891 1266 2962; x_wconf 82' lang='grc' dir='ltr'>κατανόησον</span> <span class='ocrx_word' id='word_1_446' title='bbox 1291 2894 1339 2946; x_wconf 80' lang='grc' dir='ltr'><strong>εί</strong></span> <span class='ocrx_word' id='word_1_447' title='bbox 1375 2895 1448 2965; x_wconf 80' lang='grc' dir='ltr'>μὴ</span> <span class='ocrx_word' id='word_1_448' title='bbox 1480 2895 1665 2964; x_wconf 80' lang='grc' dir='ltr'>σαφῶς</span> <span class='ocrx_word' id='word_1_449' title='bbox 1709 2896 1780 2948; x_wconf 85' lang='grc' dir='ltr'><strong>ετ-</strong></span> 
     </span>
    </p>
   </div>
   <div class='ocr_carea' id='block_1_55' title="bbox 1887 2881 3460 2965">
    <p class='ocr_par' dir='ltr' id='par_1_55' title="bbox 1887 2881 3460 2950">
     <span class='ocr_line' id='line_1_55' title="bbox 1887 2881 3460 2950; baseline -0.001 -14"><span class='ocrx_word' id='word_1_450' title='bbox 1887 2899 1952 2936; x_wconf 78' lang='lat' dir='ltr'><strong>ea:</strong></span> <span class='ocrx_word' id='word_1_451' title='bbox 1974 2882 2189 2936; x_wconf 78' lang='lat' dir='ltr'><strong>diabolo</strong></span> <span class='ocrx_word' id='word_1_452' title='bbox 2219 2891 2320 2939; x_wconf 84' lang='lat' dir='ltr'><strong>est.</strong></span> <span class='ocrx_word' id='word_1_453' title='bbox 2348 2881 2582 2938; x_wconf 85' lang='lat' dir='ltr'><strong>Proinde</strong></span> <span class='ocrx_word' id='word_1_454' title='bbox 2615 2883 2667 2935; x_wconf 91' lang='lat' dir='ltr'><strong>in</strong></span> <span class='ocrx_word' id='word_1_455' title='bbox 2695 2889 2962 2950; x_wconf 86' lang='lat' dir='ltr'><strong>quantum</strong></span> <span class='ocrx_word' id='word_1_456' title='bbox 2991 2889 3274 2948; x_wconf 88' lang='lat' dir='ltr'><strong>peccatum</strong></span> <span class='ocrx_word' id='word_1_457' title='bbox 3304 2897 3460 2938; x_wconf 91' lang='lat' dir='ltr'><strong>com-</strong></span> 
     </span>
    </p>
   </div>
   <div class='ocr_carea' id='block_1_56' title="bbox 237 2973 1780 3052">
    <p class='ocr_par' dir='ltr' id='par_1_56' title="bbox 237 2978 1780 3052">
     <span class='ocr_line' id='line_1_56' title="bbox 237 2978 1780 3052; baseline 0.007 -23"><span class='ocrx_word' id='word_1_458' title='bbox 237 2992 380 3044; x_wconf 75' lang='grc' dir='ltr'>ρηται,</span> <span class='ocrx_word' id='word_1_459' title='bbox 410 2979 486 3031; x_wconf 79' lang='grc' dir='ltr'>ὅτι</span> <span class='ocrx_word' id='word_1_460' title='bbox 518 2978 660 3047; x_wconf 80' lang='grc' dir='ltr'><strong>Πᾶς</strong></span> <span class='ocrx_word' id='word_1_461' title='bbox 690 2983 724 3034; x_wconf 85' lang='grc' dir='ltr'><strong>ό</strong></span> <span class='ocrx_word' id='word_1_462' title='bbox 757 2978 946 3034; x_wconf 79' lang='grc' dir='ltr'>ποιῶν</span> <span class='ocrx_word' id='word_1_463' title='bbox 976 2980 1092 3049; x_wconf 85' lang='grc' dir='ltr'>τὴν</span> <span class='ocrx_word' id='word_1_464' title='bbox 1119 2982 1411 3052; x_wconf 76' lang='grc' dir='ltr'><strong>ἁμαρτίαν</strong></span> <span class='ocrx_word' id='word_1_465' title='bbox 1437 2986 1505 3039; x_wconf 85' lang='grc' dir='ltr'>ἐκ</span> <span class='ocrx_word' id='word_1_466' title='bbox 1534 2985 1641 3039; x_wconf 86' lang='grc' dir='ltr'>τοῦ</span> <span class='ocrx_word' id='word_1_467' title='bbox 1666 2986 1780 3040; x_wconf 88' lang='grc' dir='ltr'>δια-</span> 
     </span>
    </p>
   </div>
   <div class='ocr_carea' id='block_1_57' title="bbox 1887 2973 3458 3052">
    <p class='ocr_par' dir='ltr' id='par_1_57' title="bbox 1887 2973 3458 3041">
     <span class='ocr_line' id='line_1_57' title="bbox 1887 2973 3458 3041; baseline 0.001 -14"><span class='ocrx_word' id='word_1_468' title='bbox 1887 2974 2172 3039; x_wconf 89' lang='lat' dir='ltr'><strong>mittimus,</strong></span> <span class='ocrx_word' id='word_1_469' title='bbox 2198 2974 2435 3029; x_wconf 92' lang='lat' dir='ltr'><strong>nondum</strong></span> <span class='ocrx_word' id='word_1_470' title='bbox 2451 2976 2705 3028; x_wconf 79' lang='lat' dir='ltr'><strong>exuimus</strong></span> <span class='ocrx_word' id='word_1_471' title='bbox 2719 2985 2898 3030; x_wconf 89' lang='lat' dir='ltr'><strong>ortum</strong></span> <span class='ocrx_word' id='word_1_472' title='bbox 2912 2988 2979 3030; x_wconf 82' lang='lat' dir='ltr'><strong>es</strong></span> <span class='ocrx_word' id='word_1_473' title='bbox 2993 2973 3226 3041; x_wconf 90' lang='lat' dir='ltr'><strong>diabolo,</strong></span> <span class='ocrx_word' id='word_1_474' title='bbox 3243 2973 3458 3029; x_wconf 86' lang='lat' dir='ltr'><strong>etiamsi</strong></span> 
     </span>
    </p>
   </div>
   <div class='ocr_carea' id='block_1_58' title="bbox 234 3065 1780 3152">
    <p class='ocr_par' dir='ltr' id='par_1_58' title="bbox 234 3070 1780 3152">
     <span class='ocr_line' id='line_1_58' title="bbox 234 3070 1780 3152; baseline 0.006 -29"><span class='ocrx_word' id='word_1_475' title='bbox 234 3070 376 3124; x_wconf 71' lang='grc' dir='ltr'>ϐόλου</span> <span class='ocrx_word' id='word_1_476' title='bbox 405 3073 604 3126; x_wconf 81' lang='grc' dir='ltr'>ἐστίν·</span> <span class='ocrx_word' id='word_1_477' title='bbox 667 3074 793 3128; x_wconf 83' lang='grc' dir='ltr'>ὅσον</span> <span class='ocrx_word' id='word_1_478' title='bbox 831 3074 1090 3146; x_wconf 80' lang='grc' dir='ltr'>ποιοῦμεν</span> <span class='ocrx_word' id='word_1_479' title='bbox 1127 3077 1422 3149; x_wconf 76' lang='grc' dir='ltr'>ἁμαρτίας.</span> <span class='ocrx_word' id='word_1_480' title='bbox 1451 3079 1660 3133; x_wconf 78' lang='grc' dir='ltr'>οὐδέπω</span> <span class='ocrx_word' id='word_1_481' title='bbox 1687 3079 1780 3152; x_wconf 74' lang='grc' dir='ltr'>τὴν</span> 
     </span>
    </p>
   </div>
   <div class='ocr_carea' id='block_1_59' title="bbox 1887 3065 3563 3152">
    <p class='ocr_par' dir='ltr' id='par_1_59' title="bbox 1887 3065 3462 3135">
     <span class='ocr_line' id='line_1_59' title="bbox 1887 3065 3462 3135; baseline 0 -15"><span class='ocrx_word' id='word_1_482' title='bbox 1887 3067 2114 3124; x_wconf 86' lang='lat' dir='ltr'><strong>credere</strong></span> <span class='ocrx_word' id='word_1_483' title='bbox 2146 3067 2202 3121; x_wconf 91' lang='lat' dir='ltr'><strong>in</strong></span> <span class='ocrx_word' id='word_1_484' title='bbox 2233 3065 2420 3121; x_wconf 89' lang='lat' dir='ltr'><strong>Jesum</strong></span> <span class='ocrx_word' id='word_1_485' title='bbox 2447 3065 2866 3132; x_wconf 77' lang='lat' dir='ltr'><strong>existimemur;</strong></span> <span class='ocrx_word' id='word_1_486' title='bbox 2913 3075 2972 3122; x_wconf 91' lang='lat' dir='ltr'><strong>et</strong></span> <span class='ocrx_word' id='word_1_487' title='bbox 2997 3079 3334 3135; x_wconf 85' lang='lat' dir='ltr'><strong>consequens</strong></span> <span class='ocrx_word' id='word_1_488' title='bbox 3370 3077 3462 3120; x_wconf 88' lang='lat' dir='ltr'><strong>est</strong></span> 
     </span>
    </p>
   </div>
   <div class='ocr_carea' id='block_1_60' title="bbox 234 3149 1780 3250">
    <p class='ocr_par' dir='ltr' id='par_1_60' title="bbox 234 3163 1780 3240">
     <span class='ocr_line' id='line_1_60' title="bbox 234 3163 1780 3240; baseline 0.007 -24"><span class='ocrx_word' id='word_1_489' title='bbox 234 3164 283 3216; x_wconf 77' lang='grc' dir='ltr'>ὲκ</span> <span class='ocrx_word' id='word_1_490' title='bbox 305 3163 384 3216; x_wconf 79' lang='grc' dir='ltr'>τοῦ</span> <span class='ocrx_word' id='word_1_491' title='bbox 405 3165 664 3219; x_wconf 83' lang='grc' dir='ltr'>διαϐόλου</span> <span class='ocrx_word' id='word_1_492' title='bbox 696 3170 916 3235; x_wconf 78' lang='grc' dir='ltr'>γένεσιν</span> <span class='ocrx_word' id='word_1_493' title='bbox 945 3168 1353 3240; x_wconf 84' lang='grc' dir='ltr'>ἀπεδυσάμεθα,</span> <span class='ocrx_word' id='word_1_494' title='bbox 1375 3172 1480 3224; x_wconf 78' lang='grc' dir='ltr'>κᾶν</span> <span class='ocrx_word' id='word_1_495' title='bbox 1508 3173 1780 3227; x_wconf 79' lang='grc' dir='ltr'>πιστεύειν</span> 
     </span>
    </p>
   </div>
   <div class='ocr_carea' id='block_1_61' title="bbox 1887 3149 3461 3250">
    <p class='ocr_par' dir='ltr' id='par_1_61' title="bbox 1889 3149 3461 3250">
     <span class='ocr_line' id='line_1_61' title="bbox 1889 3149 3461 3250; baseline -0.005 -28"><span class='ocrx_word' id='word_1_496' title='bbox 1889 3168 1998 3250; x_wconf 90' lang='lat' dir='ltr'><strong>hoc</strong></span> <span class='ocrx_word' id='word_1_497' title='bbox 2031 3164 2138 3220; x_wconf 92' lang='lat' dir='ltr'><strong>dici</strong></span> <span class='ocrx_word' id='word_1_498' title='bbox 2171 3179 2201 3218; x_wconf 92' lang='lat' dir='ltr'><strong>a</strong></span> <span class='ocrx_word' id='word_1_499' title='bbox 2225 3161 2352 3219; x_wconf 80' lang='lat' dir='ltr'><strong>Jesu</strong></span> <span class='ocrx_word' id='word_1_500' title='bbox 2383 3161 2605 3226; x_wconf 64' lang='lat' dir='ltr'><strong>Judeis,</strong></span> <span class='ocrx_word' id='word_1_501' title='bbox 2629 3161 2723 3232; x_wconf 91' lang='lat' dir='ltr'><strong>qui</strong></span> <span class='ocrx_word' id='word_1_502' title='bbox 2747 3161 2796 3218; x_wconf 89' lang='lat' dir='ltr'><strong>ei</strong></span> <span class='ocrx_word' id='word_1_503' title='bbox 2817 3154 3163 3218; x_wconf 85' lang='lat' dir='ltr'><strong>crediderant</strong></span> <span class='ocrx_word' id='word_1_504' title='bbox 3185 3149 3221 3216; x_wconf 74' lang='grc' dir='ltr'><strong>ε’</strong></span> <span class='ocrx_word' id='word_1_505' title='bbox 3237 3159 3342 3216; x_wconf 81' lang='lat' dir='ltr'><strong>Vos</strong></span> <span class='ocrx_word' id='word_1_506' title='bbox 3369 3161 3461 3231; x_wconf 87' lang='lat' dir='ltr'><strong>fa-</strong></span> 
     </span>
    </p>
   </div>
   <div class='ocr_carea' id='block_1_62' title="bbox 231 3249 1780 3324">
    <p class='ocr_par' dir='ltr' id='par_1_62' title="bbox 231 3249 1772 3324">
     <span class='ocr_line' id='line_1_62' title="bbox 231 3249 1772 3324; baseline -0.004 -19"><span class='ocrx_word' id='word_1_507' title='bbox 231 3255 288 3316; x_wconf 83' lang='grc' dir='ltr'><strong>εἱς</strong></span> <span class='ocrx_word' id='word_1_508' title='bbox 305 3253 381 3305; x_wconf 69' lang='grc' dir='ltr'>τὸν</span> <span class='ocrx_word' id='word_1_509' title='bbox 404 3253 607 3324; x_wconf 79' lang='grc' dir='ltr'>Ἰησοῦν</span> <span class='ocrx_word' id='word_1_510' title='bbox 637 3251 1005 3323; x_wconf 58' lang='grc' dir='ltr'>Ὧμιζώμεθα</span> <span class='ocrx_word' id='word_1_511' title='bbox 1027 3250 1123 3302; x_wconf 80' lang='grc' dir='ltr'><strong>καὶ</strong></span> <span class='ocrx_word' id='word_1_512' title='bbox 1159 3249 1315 3303; x_wconf 79' lang='grc' dir='ltr'>τοῦτο</span> <span class='ocrx_word' id='word_1_513' title='bbox 1342 3249 1630 3304; x_wconf 83' lang='grc' dir='ltr'>ἀκόλουθόν</span> <span class='ocrx_word' id='word_1_514' title='bbox 1658 3251 1772 3301; x_wconf 76' lang='grc' dir='ltr'>ἐστι</span> 
     </span>
    </p>
   </div>
   <div class='ocr_carea' id='block_1_63' title="bbox 1887 3249 3452 3324">
    <p class='ocr_par' dir='ltr' id='par_1_63' title="bbox 1887 3249 3452 3319">
     <span class='ocr_line' id='line_1_63' title="bbox 1887 3249 3452 3319; baseline 0.004 -18"><span class='ocrx_word' id='word_1_515' title='bbox 1887 3249 2002 3302; x_wconf 78' lang='lat' dir='ltr'><strong>citis</strong></span> <span class='ocrx_word' id='word_1_516' title='bbox 2039 3266 2196 3318; x_wconf 87' lang='lat' dir='ltr'><strong>opera</strong></span> <span class='ocrx_word' id='word_1_517' title='bbox 2232 3250 2402 3319; x_wconf 83' lang='lat' dir='ltr'><strong>patris</strong></span> <span class='ocrx_word' id='word_1_518' title='bbox 2440 3250 2632 3314; x_wconf 83' lang='lat' dir='ltr'><strong>vestri,</strong></span> <span class='ocrx_word' id='word_1_519' title='bbox 2673 3250 2988 3304; x_wconf 86' lang='lat' dir='ltr'><strong>relationem</strong></span> <span class='ocrx_word' id='word_1_520' title='bbox 3039 3252 3273 3307; x_wconf 79' lang='lat' dir='ltr'><strong>habente</strong></span> <span class='ocrx_word' id='word_1_521' title='bbox 3316 3265 3452 3307; x_wconf 81' lang='lat' dir='ltr'><strong>voce</strong></span> 
     </span>
    </p>
   </div>
   <div class='ocr_carea' id='block_1_64' title="bbox 230 3339 1780 3416">
    <p class='ocr_par' dir='ltr' id='par_1_64' title="bbox 230 3339 1773 3416">
     <span class='ocr_line' id='line_1_64' title="bbox 230 3339 1773 3416; baseline -0.003 -20"><span class='ocrx_word' id='word_1_522' title='bbox 230 3345 285 3414; x_wconf 76' lang='grc' dir='ltr'>τῷ</span> <span class='ocrx_word' id='word_1_523' title='bbox 312 3347 541 3416; x_wconf 79' lang='grc' dir='ltr'>λέγεσθαι</span> <span class='ocrx_word' id='word_1_524' title='bbox 591 3347 722 3407; x_wconf 86' lang='grc' dir='ltr'>τοῖς</span> <span class='ocrx_word' id='word_1_525' title='bbox 769 3343 1189 3396; x_wconf 83' lang='grc' dir='ltr'>πεπιστευκόσιν</span> <span class='ocrx_word' id='word_1_526' title='bbox 1227 3341 1499 3405; x_wconf 78' lang='grc' dir='ltr'>Ἰουδαίοις</span> <span class='ocrx_word' id='word_1_527' title='bbox 1537 3341 1642 3393; x_wconf 75' lang='grc' dir='ltr'><strong>ὑπὸ</strong></span> <span class='ocrx_word' id='word_1_528' title='bbox 1679 3339 1773 3393; x_wconf 79' lang='grc' dir='ltr'>τοῦ</span> 
     </span>
    </p>
   </div>
   <div class='ocr_carea' id='block_1_65' title="bbox 1887 3339 3454 3416">
    <p class='ocr_par' dir='ltr' id='par_1_65' title="bbox 1887 3339 3454 3411">
     <span class='ocr_line' id='line_1_65' title="bbox 1887 3339 3454 3411; baseline 0.003 -20"><span class='ocrx_word' id='word_1_529' title='bbox 1887 3339 2048 3404; x_wconf 88' lang='lat' dir='ltr'><strong>patris</strong></span> <span class='ocrx_word' id='word_1_530' title='bbox 2085 3340 2152 3394; x_wconf 91' lang='lat' dir='ltr'><strong>ad</strong></span> <span class='ocrx_word' id='word_1_531' title='bbox 2189 3340 2462 3395; x_wconf 90' lang='lat' dir='ltr'><strong>diabolum</strong></span> <span class='ocrx_word' id='word_1_532' title='bbox 2484 3382 2499 3405; x_wconf 92' lang='lat'><strong>,</strong></span> <span class='ocrx_word' id='word_1_533' title='bbox 2554 3350 2776 3410; x_wconf 88' lang='lat' dir='ltr'><strong>propter</strong></span> <span class='ocrx_word' id='word_1_534' title='bbox 2828 3341 2958 3396; x_wconf 92' lang='lat' dir='ltr'><strong>illud</strong></span> <span class='ocrx_word' id='word_1_535' title='bbox 2997 3358 3010 3395; x_wconf 92' lang='lat'><strong>:</strong></span> <span class='ocrx_word' id='word_1_536' title='bbox 3063 3341 3162 3395; x_wconf 85' lang='lat' dir='ltr'><strong>Vos</strong></span> <span class='ocrx_word' id='word_1_537' title='bbox 3199 3358 3265 3396; x_wconf 82' lang='lat' dir='ltr'><strong>ea:</strong></span> <span class='ocrx_word' id='word_1_538' title='bbox 3300 3353 3454 3411; x_wconf 87' lang='lat' dir='ltr'><strong>patre</strong></span> 
     </span>
    </p>
   </div>
   <div class='ocr_carea' id='block_1_66' title="bbox 231 3430 1780 3509">
    <p class='ocr_par' dir='ltr' id='par_1_66' title="bbox 231 3430 1772 3507">
     <span class='ocr_line' id='line_1_66' title="bbox 231 3430 1772 3507; baseline -0.002 -20"><span class='ocrx_word' id='word_1_539' title='bbox 231 3437 367 3505; x_wconf 71' lang='grc' dir='ltr'>Ἰησοῦ</span> <span class='ocrx_word' id='word_1_540' title='bbox 385 3456 398 3469; x_wconf 91' lang='grc'><strong>·</strong></span> <span class='ocrx_word' id='word_1_541' title='bbox 437 3437 623 3507; x_wconf 84' lang='grc' dir='ltr'><em>Ὑμεῖς</em></span> <span class='ocrx_word' id='word_1_542' title='bbox 669 3434 893 3489; x_wconf 81' lang='grc' dir='ltr'>ποιεῖτε</span> <span class='ocrx_word' id='word_1_543' title='bbox 931 3433 1004 3487; x_wconf 86' lang='grc' dir='ltr'>τὰ</span> <span class='ocrx_word' id='word_1_544' title='bbox 1026 3433 1171 3502; x_wconf 80' lang='grc' dir='ltr'>ἔργα</span> <span class='ocrx_word' id='word_1_545' title='bbox 1198 3433 1305 3487; x_wconf 87' lang='grc' dir='ltr'>τοῦ</span> <span class='ocrx_word' id='word_1_546' title='bbox 1335 3433 1559 3500; x_wconf 80' lang='grc' dir='ltr'>πατρὸς</span> <span class='ocrx_word' id='word_1_547' title='bbox 1585 3430 1772 3500; x_wconf 83' lang='grc' dir='ltr'>ὑμῶν,</span> 
     </span>
    </p>
   </div>
   <div class='ocr_carea' id='block_1_67' title="bbox 1887 3430 3454 3509">
    <p class='ocr_par' dir='ltr' id='par_1_67' title="bbox 1887 3433 3454 3509">
     <span class='ocr_line' id='line_1_67' title="bbox 1887 3433 3454 3509; baseline 0.006 -23"><span class='ocrx_word' id='word_1_548' title='bbox 1887 3433 2090 3488; x_wconf 74' lang='lat' dir='ltr'><strong>diabolo</strong></span> <span class='ocrx_word' id='word_1_549' title='bbox 2127 3437 2275 3492; x_wconf 82' lang='lat' dir='ltr'><strong>estis.</strong></span> <span class='ocrx_word' id='word_1_550' title='bbox 2317 3436 2472 3502; x_wconf 84' lang='lat' dir='ltr'><strong>Quod</strong></span> <span class='ocrx_word' id='word_1_551' title='bbox 2512 3435 2556 3490; x_wconf 88' lang='lat' dir='ltr'><strong>si</strong></span> <span class='ocrx_word' id='word_1_552' title='bbox 2594 3435 2772 3490; x_wconf 91' lang='lat' dir='ltr'><strong>omnis</strong></span> <span class='ocrx_word' id='word_1_553' title='bbox 2806 3436 2898 3506; x_wconf 91' lang='lat' dir='ltr'><strong>qui</strong></span> <span class='ocrx_word' id='word_1_554' title='bbox 2935 3439 3224 3493; x_wconf 88' lang='lat' dir='ltr'><strong>committit</strong></span> <span class='ocrx_word' id='word_1_555' title='bbox 3257 3455 3454 3509; x_wconf 89' lang='lat' dir='ltr'><strong>pecca-</strong></span> 
     </span>
    </p>
   </div>
   <div class='ocr_carea' id='block_1_68' title="bbox 230 3520 1780 3600">
    <p class='ocr_par' dir='ltr' id='par_1_68' title="bbox 230 3521 1772 3600">
     <span class='ocr_line' id='line_1_68' title="bbox 230 3521 1772 3600; baseline -0.003 -21"><span class='ocrx_word' id='word_1_556' title='bbox 230 3528 589 3600; x_wconf 73' lang='grc' dir='ltr'>ἀναφερομένου</span> <span class='ocrx_word' id='word_1_557' title='bbox 618 3526 729 3580; x_wconf 77' lang='grc' dir='ltr'><strong>τοῦ</strong></span> <span class='ocrx_word' id='word_1_558' title='bbox 759 3525 988 3593; x_wconf 80' lang='grc' dir='ltr'>πατρός</span> <span class='ocrx_word' id='word_1_559' title='bbox 1015 3524 1107 3577; x_wconf 73' lang='grc' dir='ltr'><strong>ἐπὶ</strong></span> <span class='ocrx_word' id='word_1_560' title='bbox 1145 3523 1236 3576; x_wconf 79' lang='grc' dir='ltr'>τὸν</span> <span class='ocrx_word' id='word_1_561' title='bbox 1267 3522 1530 3585; x_wconf 82' lang='grc' dir='ltr'>διάϐολον,</span> <span class='ocrx_word' id='word_1_562' title='bbox 1561 3523 1646 3576; x_wconf 85' lang='grc' dir='ltr'>διὰ</span> <span class='ocrx_word' id='word_1_563' title='bbox 1678 3521 1738 3575; x_wconf 89' lang='grc' dir='ltr'><strong>τό</strong></span> <span class='ocrx_word' id='word_1_564' title='bbox 1756 3537 1772 3552; x_wconf 87' lang='grc'><strong>·</strong></span> 
     </span>
    </p>
   </div>
   <div class='ocr_carea' id='block_1_69' title="bbox 1887 3520 3457 3600">
    <p class='ocr_par' dir='ltr' id='par_1_69' title="bbox 1887 3520 3457 3599">
     <span class='ocr_line' id='line_1_69' title="bbox 1887 3520 3457 3599; baseline 0.006 -20"><span class='ocrx_word' id='word_1_565' title='bbox 1887 3533 2016 3590; x_wconf 83' lang='lat' dir='ltr'><strong>tum,</strong></span> <span class='ocrx_word' id='word_1_566' title='bbox 2049 3520 2213 3598; x_wconf 55' lang='lat'><strong>32&quot;.</strong></span> <span class='ocrx_word' id='word_1_567' title='bbox 2240 3537 2324 3582; x_wconf 88' lang='lat' dir='ltr'><strong>est</strong></span> <span class='ocrx_word' id='word_1_568' title='bbox 2364 3544 2428 3582; x_wconf 83' lang='lat' dir='ltr'><strong>ex</strong></span> <span class='ocrx_word' id='word_1_569' title='bbox 2471 3527 2713 3592; x_wconf 84' lang='lat' dir='ltr'><strong>diabolo;</strong></span> <span class='ocrx_word' id='word_1_570' title='bbox 2762 3529 2939 3583; x_wconf 91' lang='lat' dir='ltr'><strong>omnis</strong></span> <span class='ocrx_word' id='word_1_571' title='bbox 2984 3530 3076 3599; x_wconf 89' lang='lat' dir='ltr'><strong>qui</strong></span> <span class='ocrx_word' id='word_1_572' title='bbox 3121 3547 3230 3585; x_wconf 91' lang='lat' dir='ltr'><strong>non</strong></span> <span class='ocrx_word' id='word_1_573' title='bbox 3273 3542 3457 3589; x_wconf 79' lang='lat' dir='ltr'><strong>estex</strong></span> 
     </span>
    </p>
   </div>
   <div class='ocr_carea' id='block_1_70' title="bbox 237 3613 1780 3687">
    <p class='ocr_par' dir='ltr' id='par_1_70' title="bbox 237 3613 1777 3686">
     <span class='ocr_line' id='line_1_70' title="bbox 237 3613 1777 3686; baseline 0 -18"><span class='ocrx_word' id='word_1_574' title='bbox 237 3618 384 3686; x_wconf 71' lang='lat' dir='ltr'><strong>&#39;l‘psic</strong></span> <span class='ocrx_word' id='word_1_575' title='bbox 419 3622 485 3673; x_wconf 83' lang='grc' dir='ltr'>ἐκ</span> <span class='ocrx_word' id='word_1_576' title='bbox 526 3621 647 3674; x_wconf 85' lang='grc' dir='ltr'>τοῦ</span> <span class='ocrx_word' id='word_1_577' title='bbox 695 3615 922 3684; x_wconf 81' lang='grc' dir='ltr'>πατρὸς</span> <span class='ocrx_word' id='word_1_578' title='bbox 965 3616 1072 3669; x_wconf 86' lang='grc' dir='ltr'>τοῦ</span> <span class='ocrx_word' id='word_1_579' title='bbox 1110 3615 1392 3670; x_wconf 79' lang='grc' dir='ltr'>διαϐόλου</span> <span class='ocrx_word' id='word_1_580' title='bbox 1417 3614 1580 3669; x_wconf 82' lang='grc' dir='ltr'>ἐστέ.</span> <span class='ocrx_word' id='word_1_581' title='bbox 1626 3613 1690 3666; x_wconf 85' lang='lat' dir='ltr'><strong>El</strong></span> <span class='ocrx_word' id='word_1_582' title='bbox 1721 3614 1777 3668; x_wconf 84' lang='grc' dir='ltr'>δὲ</span> 
     </span>
    </p>
   </div>
   <div class='ocr_carea' id='block_1_71' title="bbox 1887 3613 3459 3687">
    <p class='ocr_par' dir='ltr' id='par_1_71' title="bbox 1887 3616 3459 3687">
     <span class='ocr_line' id='line_1_71' title="bbox 1887 3616 3459 3687; baseline 0.004 -16"><span class='ocrx_word' id='word_1_583' title='bbox 1887 3616 2118 3681; x_wconf 87' lang='lat' dir='ltr'><strong>diabolo,</strong></span> <span class='ocrx_word' id='word_1_584' title='bbox 2152 3633 2260 3672; x_wconf 92' lang='lat' dir='ltr'><strong>non</strong></span> <span class='ocrx_word' id='word_1_585' title='bbox 2301 3618 2590 3672; x_wconf 89' lang='lat' dir='ltr'><strong>committit</strong></span> <span class='ocrx_word' id='word_1_586' title='bbox 2615 3626 2916 3687; x_wconf 89' lang='lat' dir='ltr'><strong>peccatum.</strong></span> <span class='ocrx_word' id='word_1_587' title='bbox 2949 3618 3091 3684; x_wconf 84' lang='lat' dir='ltr'><strong>Quin</strong></span> <span class='ocrx_word' id='word_1_588' title='bbox 3121 3621 3280 3675; x_wconf 88' lang='lat' dir='ltr'><strong>etiam</strong></span> <span class='ocrx_word' id='word_1_589' title='bbox 3312 3623 3356 3676; x_wconf 87' lang='lat' dir='ltr'><strong>si</strong></span> <span class='ocrx_word' id='word_1_590' title='bbox 3388 3624 3459 3678; x_wconf 91' lang='lat' dir='ltr'><strong>ad</strong></span> 
     </span>
    </p>
   </div>
   <div class='ocr_carea' id='block_1_72' title="bbox 229 3707 1780 3781">
    <p class='ocr_par' dir='ltr' id='par_1_72' title="bbox 229 3707 1778 3781">
     <span class='ocr_line' id='line_1_72' title="bbox 229 3707 1778 3781; baseline -0.001 -20"><span class='ocrx_word' id='word_1_591' title='bbox 229 3713 308 3773; x_wconf 72' lang='grc' dir='ltr'>πᾶς</span> <span class='ocrx_word' id='word_1_592' title='bbox 328 3713 353 3763; x_wconf 81' lang='grc' dir='ltr'>ὁ</span> <span class='ocrx_word' id='word_1_593' title='bbox 382 3712 543 3765; x_wconf 80' lang='grc' dir='ltr'>ποιῶν</span> <span class='ocrx_word' id='word_1_594' title='bbox 569 3712 688 3781; x_wconf 75' lang='grc' dir='ltr'>τὴν</span> <span class='ocrx_word' id='word_1_595' title='bbox 723 3709 998 3780; x_wconf 84' lang='grc' dir='ltr'>ἁμαρτίαν</span> <span class='ocrx_word' id='word_1_596' title='bbox 1031 3709 1094 3761; x_wconf 82' lang='grc' dir='ltr'>ὲκ</span> <span class='ocrx_word' id='word_1_597' title='bbox 1116 3707 1208 3761; x_wconf 81' lang='grc' dir='ltr'><strong>τοῦ</strong></span> <span class='ocrx_word' id='word_1_598' title='bbox 1232 3707 1473 3763; x_wconf 85' lang='grc' dir='ltr'>διαϐόλου</span> <span class='ocrx_word' id='word_1_599' title='bbox 1503 3707 1636 3768; x_wconf 77' lang='grc' dir='ltr'>ἐστὶ,</span> <span class='ocrx_word' id='word_1_600' title='bbox 1669 3708 1778 3770; x_wconf 84' lang='grc' dir='ltr'>πᾶς</span> 
     </span>
    </p>
   </div>
   <div class='ocr_carea' id='block_1_73' title="bbox 1887 3707 3454 3781">
    <p class='ocr_par' dir='ltr' id='par_1_73' title="bbox 1887 3708 3454 3779">
     <span class='ocr_line' id='line_1_73' title="bbox 1887 3708 3454 3779; baseline 0.003 -17"><span class='ocrx_word' id='word_1_601' title='bbox 1887 3709 1988 3762; x_wconf 91' lang='lat' dir='ltr'><strong>hoc</strong></span> <span class='ocrx_word' id='word_1_602' title='bbox 2035 3709 2284 3777; x_wconf 85' lang='lat' dir='ltr'><strong>apparuit</strong></span> <span class='ocrx_word' id='word_1_603' title='bbox 2319 3709 2486 3762; x_wconf 75' lang='lat' dir='ltr'><strong>Filius</strong></span> <span class='ocrx_word' id='word_1_604' title='bbox 2538 3708 2662 3772; x_wconf 90' lang='lat' dir='ltr'><strong>Dei,</strong></span> <span class='ocrx_word' id='word_1_605' title='bbox 2703 3717 2762 3761; x_wconf 89' lang='lat' dir='ltr'><strong>ut</strong></span> <span class='ocrx_word' id='word_1_606' title='bbox 2812 3708 2986 3762; x_wconf 86' lang='lat' dir='ltr'><strong>solvat</strong></span> <span class='ocrx_word' id='word_1_607' title='bbox 3021 3725 3184 3779; x_wconf 87' lang='lat' dir='ltr'><strong>opera</strong></span> <span class='ocrx_word' id='word_1_608' title='bbox 3221 3712 3454 3779; x_wconf 90' lang='lat' dir='ltr'><strong>diaboli,</strong></span> 
     </span>
    </p>
   </div>
   <div class='ocr_carea' id='block_1_74' title="bbox 229 3799 1780 3873">
    <p class='ocr_par' dir='ltr' id='par_1_74' title="bbox 229 3799 1775 3873">
     <span class='ocr_line' id='line_1_74' title="bbox 229 3799 1775 3873; baseline 0.001 -22"><span class='ocrx_word' id='word_1_609' title='bbox 229 3801 249 3851; x_wconf 77' lang='grc' dir='ltr'><strong>ὁ</strong></span> <span class='ocrx_word' id='word_1_610' title='bbox 279 3803 338 3873; x_wconf 79' lang='grc' dir='ltr'><strong>μὴ</strong></span> <span class='ocrx_word' id='word_1_611' title='bbox 372 3802 440 3855; x_wconf 82' lang='grc' dir='ltr'>ὣν</span> <span class='ocrx_word' id='word_1_612' title='bbox 489 3805 555 3857; x_wconf 82' lang='grc' dir='ltr'>ὲκ</span> <span class='ocrx_word' id='word_1_613' title='bbox 593 3801 705 3857; x_wconf 79' lang='grc' dir='ltr'><strong>τοῦ</strong></span> <span class='ocrx_word' id='word_1_614' title='bbox 758 3799 1006 3854; x_wconf 85' lang='grc' dir='ltr'>διαϐόλου</span> <span class='ocrx_word' id='word_1_615' title='bbox 1058 3800 1119 3853; x_wconf 84' lang='grc' dir='ltr'>οὺ</span> <span class='ocrx_word' id='word_1_616' title='bbox 1171 3803 1313 3852; x_wconf 88' lang='grc' dir='ltr'>ποιεῖ</span> <span class='ocrx_word' id='word_1_617' title='bbox 1345 3800 1446 3870; x_wconf 85' lang='grc' dir='ltr'>τὴν</span> <span class='ocrx_word' id='word_1_618' title='bbox 1484 3799 1775 3870; x_wconf 82' lang='grc' dir='ltr'>ἁμαρτίαν.</span> 
     </span>
    </p>
   </div>
   <div class='ocr_carea' id='block_1_75' title="bbox 1887 3799 3455 3873">
    <p class='ocr_par' dir='ltr' id='par_1_75' title="bbox 1887 3799 3455 3870">
     <span class='ocr_line' id='line_1_75' title="bbox 1887 3799 3455 3870; baseline 0.004 -18"><span class='ocrx_word' id='word_1_619' title='bbox 1887 3799 2007 3868; x_wconf 89' lang='lat' dir='ltr'><strong>quia</strong></span> <span class='ocrx_word' id='word_1_620' title='bbox 2064 3799 2192 3853; x_wconf 86' lang='lat' dir='ltr'><strong>huic</strong></span> <span class='ocrx_word' id='word_1_621' title='bbox 2247 3814 2357 3853; x_wconf 90' lang='lat' dir='ltr'><strong>non</strong></span> <span class='ocrx_word' id='word_1_622' title='bbox 2414 3799 2822 3853; x_wconf 78' lang='lat' dir='ltr'><strong>exhibuerimus</strong></span> <span class='ocrx_word' id='word_1_623' title='bbox 2867 3815 2968 3854; x_wconf 92' lang='lat' dir='ltr'><strong>nos</strong></span> <span class='ocrx_word' id='word_1_624' title='bbox 3023 3801 3168 3870; x_wconf 89' lang='lat' dir='ltr'><strong>ipsos</strong></span> <span class='ocrx_word' id='word_1_625' title='bbox 3223 3804 3455 3859; x_wconf 87' lang='lat' dir='ltr'><strong>solventi</strong></span> 
     </span>
    </p>
   </div>
   <div class='ocr_carea' id='block_1_76' title="bbox 229 3889 1780 3965">
    <p class='ocr_par' dir='ltr' id='par_1_76' title="bbox 229 3889 1776 3965">
     <span class='ocr_line' id='line_1_76' title="bbox 229 3889 1776 3965; baseline -0.001 -21"><span class='ocrx_word' id='word_1_626' title='bbox 229 3891 353 3948; x_wconf 80' lang='grc' dir='ltr'>Ἀλλὰ</span> <span class='ocrx_word' id='word_1_627' title='bbox 397 3897 488 3950; x_wconf 79' lang='grc' dir='ltr'>καὶ</span> <span class='ocrx_word' id='word_1_628' title='bbox 534 3895 717 3965; x_wconf 82' lang='grc' dir='ltr'>εἴπερ</span> <span class='ocrx_word' id='word_1_629' title='bbox 768 3895 850 3957; x_wconf 79' lang='grc' dir='ltr'><strong>εἰς</strong></span> <span class='ocrx_word' id='word_1_630' title='bbox 894 3891 1051 3946; x_wconf 84' lang='grc' dir='ltr'>τοῦτο</span> <span class='ocrx_word' id='word_1_631' title='bbox 1099 3892 1415 3964; x_wconf 64' lang='grc' dir='ltr'>ἐφανερώθη</span> <span class='ocrx_word' id='word_1_632' title='bbox 1454 3894 1484 3946; x_wconf 85' lang='grc' dir='ltr'><strong>ό</strong></span> <span class='ocrx_word' id='word_1_633' title='bbox 1521 3892 1646 3954; x_wconf 82' lang='grc' dir='ltr'>Υἱὸς</span> <span class='ocrx_word' id='word_1_634' title='bbox 1681 3889 1776 3944; x_wconf 85' lang='grc' dir='ltr'>τοῦ</span> 
     </span>
    </p>
   </div>
   <div class='ocr_carea' id='block_1_77' title="bbox 1887 3889 3457 3965">
    <p class='ocr_par' dir='ltr' id='par_1_77' title="bbox 1887 3890 3457 3960">
     <span class='ocr_line' id='line_1_77' title="bbox 1887 3890 3457 3960; baseline 0.004 -16"><span class='ocrx_word' id='word_1_635' title='bbox 1887 3905 2046 3959; x_wconf 87' lang='lat' dir='ltr'><strong>opera</strong></span> <span class='ocrx_word' id='word_1_636' title='bbox 2087 3890 2320 3956; x_wconf 88' lang='lat' dir='ltr'><strong>diaboli,</strong></span> <span class='ocrx_word' id='word_1_637' title='bbox 2368 3890 2611 3944; x_wconf 91' lang='lat' dir='ltr'><strong>nondum</strong></span> <span class='ocrx_word' id='word_1_638' title='bbox 2656 3891 3006 3960; x_wconf 87' lang='lat' dir='ltr'><strong>deposuimus</strong></span> <span class='ocrx_word' id='word_1_639' title='bbox 3051 3909 3173 3948; x_wconf 91' lang='lat' dir='ltr'><strong>esse</strong></span> <span class='ocrx_word' id='word_1_640' title='bbox 3217 3895 3310 3948; x_wconf 84' lang='lat' dir='ltr'><strong>ﬁlii</strong></span> <span class='ocrx_word' id='word_1_641' title='bbox 3342 3897 3457 3951; x_wconf 91' lang='lat' dir='ltr'><strong>dia-</strong></span> 
     </span>
    </p>
   </div>
   <div class='ocr_carea' id='block_1_78' title="bbox 1881 3981 3455 4054">
    <p class='ocr_par' dir='ltr' id='par_1_78' title="bbox 1881 3981 3455 4054">
     <span class='ocr_line' id='line_1_78' title="bbox 1881 3981 3455 4054; baseline 0.004 -19"><span class='ocrx_word' id='word_1_642' title='bbox 1881 3983 2024 4046; x_wconf 88' lang='lat' dir='ltr'><strong>boli;</strong></span> <span class='ocrx_word' id='word_1_643' title='bbox 2065 3981 2192 4052; x_wconf 87' lang='lat' dir='ltr'><strong>quia</strong></span> <span class='ocrx_word' id='word_1_644' title='bbox 2239 3983 2307 4038; x_wconf 91' lang='lat' dir='ltr'><strong>ab</strong></span> <span class='ocrx_word' id='word_1_645' title='bbox 2354 3983 2610 4053; x_wconf 88' lang='lat' dir='ltr'><strong>operibus</strong></span> <span class='ocrx_word' id='word_1_646' title='bbox 2658 3983 3001 4054; x_wconf 72' lang='lat' dir='ltr'><strong>agnoscimus</strong></span> <span class='ocrx_word' id='word_1_647' title='bbox 3046 3985 3200 4054; x_wconf 90' lang='lat' dir='ltr'><strong>cujus</strong></span> <span class='ocrx_word' id='word_1_648' title='bbox 3246 3985 3339 4040; x_wconf 87' lang='lat' dir='ltr'><strong>ﬁlii</strong></span> <span class='ocrx_word' id='word_1_649' title='bbox 3379 3987 3455 4041; x_wconf 93' lang='lat' dir='ltr'><strong>si-</strong></span> 
     </span>
    </p>
   </div>
   <div class='ocr_carea' id='block_1_79' title="bbox 1882 4075 3458 4149">
    <p class='ocr_par' dir='ltr' id='par_1_79' title="bbox 1882 4075 3458 4149">
     <span class='ocr_line' id='line_1_79' title="bbox 1882 4075 3458 4149; baseline 0.003 -20"><span class='ocrx_word' id='word_1_650' title='bbox 1882 4092 2032 4140; x_wconf 88' lang='lat' dir='ltr'><strong>mus;</strong></span> <span class='ocrx_word' id='word_1_651' title='bbox 2065 4090 2133 4129; x_wconf 81' lang='lat' dir='ltr'><strong>ex</strong></span> <span class='ocrx_word' id='word_1_652' title='bbox 2160 4075 2358 4146; x_wconf 88' lang='lat' dir='ltr'><strong>quibus</strong></span> <span class='ocrx_word' id='word_1_653' title='bbox 2389 4075 2552 4129; x_wconf 90' lang='lat' dir='ltr'><strong>etiam</strong></span> <span class='ocrx_word' id='word_1_654' title='bbox 2584 4075 2930 4145; x_wconf 89' lang='lat' dir='ltr'><strong>perspicuum</strong></span> <span class='ocrx_word' id='word_1_655' title='bbox 2961 4085 3065 4142; x_wconf 84' lang='lat' dir='ltr'><strong>est,</strong></span> <span class='ocrx_word' id='word_1_656' title='bbox 3094 4092 3204 4131; x_wconf 90' lang='lat' dir='ltr'><strong>non</strong></span> <span class='ocrx_word' id='word_1_657' title='bbox 3233 4088 3458 4149; x_wconf 85' lang='lat' dir='ltr'><strong>propter</strong></span> 
     </span>
    </p>
   </div>
   <div class='ocr_carea' id='block_1_80' title="bbox 1882 4165 3458 4240">
    <p class='ocr_par' dir='ltr' id='par_1_80' title="bbox 1882 4165 3458 4240">
     <span class='ocr_line' id='line_1_80' title="bbox 1882 4165 3458 4240; baseline 0.003 -20"><span class='ocrx_word' id='word_1_658' title='bbox 1882 4166 2154 4236; x_wconf 85' lang='lat' dir='ltr'><strong>Opiﬁcium</strong></span> <span class='ocrx_word' id='word_1_659' title='bbox 2198 4167 2430 4237; x_wconf 88' lang='lat' dir='ltr'><strong>aliquem</strong></span> <span class='ocrx_word' id='word_1_660' title='bbox 2476 4165 2674 4220; x_wconf 89' lang='lat' dir='ltr'><strong>diaboli</strong></span> <span class='ocrx_word' id='word_1_661' title='bbox 2718 4167 2886 4220; x_wconf 87' lang='lat' dir='ltr'><strong>ﬁlium</strong></span> <span class='ocrx_word' id='word_1_662' title='bbox 2932 4181 3072 4233; x_wconf 89' lang='lat' dir='ltr'><strong>esse,</strong></span> <span class='ocrx_word' id='word_1_663' title='bbox 3113 4183 3291 4238; x_wconf 88' lang='lat' dir='ltr'><strong>neque</strong></span> <span class='ocrx_word' id='word_1_664' title='bbox 3331 4170 3458 4240; x_wconf 88' lang='lat' dir='ltr'><strong>quia</strong></span> 
     </span>
    </p>
   </div>
   <div class='ocr_carea' id='block_1_81' title="bbox 1883 4257 3457 4328">
    <p class='ocr_par' dir='ltr' id='par_1_81' title="bbox 1883 4257 3457 4328">
     <span class='ocr_line' id='line_1_81' title="bbox 1883 4257 3457 4328; baseline 0.003 -15"><span class='ocrx_word' id='word_1_665' title='bbox 1883 4259 1963 4313; x_wconf 84' lang='lat' dir='ltr'><strong>sic</strong></span> <span class='ocrx_word' id='word_1_666' title='bbox 1992 4268 2206 4313; x_wconf 82' lang='lat' dir='ltr'><strong>creatus</strong></span> <span class='ocrx_word' id='word_1_667' title='bbox 2230 4257 2412 4323; x_wconf 79' lang='lat' dir='ltr'><strong>fuerit,</strong></span> <span class='ocrx_word' id='word_1_668' title='bbox 2451 4257 2592 4312; x_wconf 84' lang='lat' dir='ltr'><strong>ﬁlius</strong></span> <span class='ocrx_word' id='word_1_669' title='bbox 2619 4257 2884 4328; x_wconf 84' lang='lat' dir='ltr'><strong>quispiam</strong></span> <span class='ocrx_word' id='word_1_670' title='bbox 2915 4257 2970 4312; x_wconf 92' lang='lat' dir='ltr'><strong>in</strong></span> <span class='ocrx_word' id='word_1_671' title='bbox 3011 4259 3321 4315; x_wconf 90' lang='lat' dir='ltr'><strong>hominibus</strong></span> <span class='ocrx_word' id='word_1_672' title='bbox 3348 4262 3457 4318; x_wconf 88' lang='lat' dir='ltr'><strong>dici</strong></span> 
     </span>
    </p>
   </div>
   <div class='ocr_carea' id='block_1_82' title="bbox 1884 4349 3459 4422">
    <p class='ocr_par' dir='ltr' id='par_1_82' title="bbox 1884 4349 3459 4422">
     <span class='ocr_line' id='line_1_82' title="bbox 1884 4349 3459 4422; baseline 0.002 -18"><span class='ocrx_word' id='word_1_673' title='bbox 1884 4351 1978 4406; x_wconf 90' lang='lat' dir='ltr'><strong>Dei</strong></span> <span class='ocrx_word' id='word_1_674' title='bbox 2010 4369 2023 4404; x_wconf 90' lang='lat'><strong>:</strong></span> <span class='ocrx_word' id='word_1_675' title='bbox 2055 4351 2164 4405; x_wconf 91' lang='lat' dir='ltr'><strong>imo</strong></span> <span class='ocrx_word' id='word_1_676' title='bbox 2200 4349 2546 4404; x_wconf 83' lang='lat' dir='ltr'><strong>manifestum</strong></span> <span class='ocrx_word' id='word_1_677' title='bbox 2575 4359 2659 4406; x_wconf 93' lang='lat' dir='ltr'><strong>est</strong></span> <span class='ocrx_word' id='word_1_678' title='bbox 2686 4350 2830 4419; x_wconf 90' lang='lat' dir='ltr'><strong>quod</strong></span> <span class='ocrx_word' id='word_1_679' title='bbox 2861 4349 2954 4420; x_wconf 86' lang='lat' dir='ltr'><strong>qui</strong></span> <span class='ocrx_word' id='word_1_680' title='bbox 2981 4350 3268 4422; x_wconf 89' lang='lat' dir='ltr'><strong>aliquando</strong></span> <span class='ocrx_word' id='word_1_681' title='bbox 3295 4353 3459 4408; x_wconf 83' lang='lat' dir='ltr'><strong>fuerit</strong></span> 
     </span>
    </p>
   </div>
   <div class='ocr_carea' id='block_1_83' title="bbox 222 4439 1780 4516">
    <p class='ocr_par' dir='ltr' id='par_1_83' title="bbox 222 4441 1777 4516">
     <span class='ocr_line' id='line_1_83' title="bbox 222 4441 1777 4516; baseline 0.001 -23"><span class='ocrx_word' id='word_1_682' title='bbox 222 4443 271 4494; x_wconf 84' lang='grc' dir='ltr'>ἐκ</span> <span class='ocrx_word' id='word_1_683' title='bbox 299 4444 488 4498; x_wconf 81' lang='grc' dir='ltr'>τούτων</span> <span class='ocrx_word' id='word_1_684' title='bbox 531 4445 802 4516; x_wconf 80' lang='grc' dir='ltr'>μέντοιγε</span> <span class='ocrx_word' id='word_1_685' title='bbox 839 4441 998 4511; x_wconf 82' lang='grc' dir='ltr'>δῆλόν</span> <span class='ocrx_word' id='word_1_686' title='bbox 1035 4443 1212 4507; x_wconf 79' lang='grc' dir='ltr'>ἐστιν,</span> <span class='ocrx_word' id='word_1_687' title='bbox 1254 4442 1336 4495; x_wconf 83' lang='grc' dir='ltr'>ὅτι</span> <span class='ocrx_word' id='word_1_688' title='bbox 1385 4443 1446 4494; x_wconf 82' lang='grc' dir='ltr'>οὐ</span> <span class='ocrx_word' id='word_1_689' title='bbox 1484 4441 1572 4494; x_wconf 82' lang='grc' dir='ltr'><strong>διὰ</strong></span> <span class='ocrx_word' id='word_1_690' title='bbox 1607 4457 1777 4495; x_wconf 86' lang='grc' dir='ltr'>κατα-</span> 
     </span>
    </p>
   </div>
   <div class='ocr_carea' id='block_1_84' title="bbox 1887 4439 3460 4516">
    <p class='ocr_par' dir='ltr' id='par_1_84' title="bbox 1887 4439 3460 4511">
     <span class='ocr_line' id='line_1_84' title="bbox 1887 4439 3460 4511; baseline 0.002 -17"><span class='ocrx_word' id='word_1_691' title='bbox 1887 4440 2079 4494; x_wconf 89' lang='lat' dir='ltr'><strong>diaboli</strong></span> <span class='ocrx_word' id='word_1_692' title='bbox 2108 4439 2282 4503; x_wconf 88' lang='lat' dir='ltr'><strong>ﬁlius,</strong></span> <span class='ocrx_word' id='word_1_693' title='bbox 2318 4439 2455 4494; x_wconf 79' lang='grc' dir='ltr'>είῦεὶ</span> <span class='ocrx_word' id='word_1_694' title='bbox 2501 4439 2674 4510; x_wconf 85' lang='lat' dir='ltr'><strong>possit</strong></span> <span class='ocrx_word' id='word_1_695' title='bbox 2705 4439 2846 4494; x_wconf 83' lang='lat' dir='ltr'><strong>ﬁlius</strong></span> <span class='ocrx_word' id='word_1_696' title='bbox 2888 4439 3002 4494; x_wconf 89' lang='lat' dir='ltr'><strong>Dei.</strong></span> <span class='ocrx_word' id='word_1_697' title='bbox 3036 4441 3093 4495; x_wconf 88' lang='lat' dir='ltr'><strong>ld</strong></span> <span class='ocrx_word' id='word_1_698' title='bbox 3121 4443 3266 4511; x_wconf 88' lang='lat' dir='ltr'><strong>quod</strong></span> <span class='ocrx_word' id='word_1_699' title='bbox 3295 4443 3460 4497; x_wconf 89' lang='lat' dir='ltr'><strong>etiam</strong></span> 
     </span>
    </p>
   </div>
   <div class='ocr_carea' id='block_1_85' title="bbox 223 4530 1780 4609">
    <p class='ocr_par' dir='ltr' id='par_1_85' title="bbox 223 4531 1780 4609">
     <span class='ocr_line' id='line_1_85' title="bbox 223 4531 1780 4609; baseline -0.002 -22"><span class='ocrx_word' id='word_1_700' title='bbox 223 4536 388 4608; x_wconf 74' lang='grc' dir='ltr'>σκευὴν</span> <span class='ocrx_word' id='word_1_701' title='bbox 413 4539 525 4609; x_wconf 78' lang='lat'><strong>(86)</strong></span> <span class='ocrx_word' id='word_1_702' title='bbox 558 4537 690 4599; x_wconf 78' lang='grc' dir='ltr'>υἱός</span> <span class='ocrx_word' id='word_1_703' title='bbox 727 4535 812 4597; x_wconf 87' lang='grc' dir='ltr'>τίς</span> <span class='ocrx_word' id='word_1_704' title='bbox 845 4535 961 4586; x_wconf 73' lang='grc' dir='ltr'>ἐστι</span> <span class='ocrx_word' id='word_1_705' title='bbox 1002 4532 1246 4586; x_wconf 86' lang='grc' dir='ltr'>διαϐόλου</span> <span class='ocrx_word' id='word_1_706' title='bbox 1266 4573 1282 4596; x_wconf 95' lang='grc'><strong>,</strong></span> <span class='ocrx_word' id='word_1_707' title='bbox 1316 4532 1438 4586; x_wconf 82' lang='grc' dir='ltr'>οὐδὲ</span> <span class='ocrx_word' id='word_1_708' title='bbox 1479 4531 1566 4586; x_wconf 84' lang='grc' dir='ltr'><strong>διὰ</strong></span> <span class='ocrx_word' id='word_1_709' title='bbox 1601 4533 1662 4585; x_wconf 81' lang='grc' dir='ltr'><strong>τὸ</strong></span> <span class='ocrx_word' id='word_1_710' title='bbox 1689 4531 1780 4585; x_wconf 78' lang='grc' dir='ltr'><strong>οὖ-</strong></span> 
     </span>
    </p>
   </div>
   <div class='ocr_carea' id='block_1_86' title="bbox 1887 4530 3458 4609">
    <p class='ocr_par' dir='ltr' id='par_1_86' title="bbox 1887 4530 3458 4596">
     <span class='ocr_line' id='line_1_86' title="bbox 1887 4530 3458 4596; baseline 0.001 -10"><span class='ocrx_word' id='word_1_711' title='bbox 1887 4531 2168 4586; x_wconf 69' lang='grc' dir='ltr'>Μειιιιιευε</span> <span class='ocrx_word' id='word_1_712' title='bbox 2200 4531 2346 4584; x_wconf 84' lang='lat' dir='ltr'><strong>hunc</strong></span> <span class='ocrx_word' id='word_1_713' title='bbox 2388 4530 2446 4584; x_wconf 90' lang='lat' dir='ltr'><strong>in</strong></span> <span class='ocrx_word' id='word_1_714' title='bbox 2479 4531 2700 4585; x_wconf 90' lang='lat' dir='ltr'><strong>modum</strong></span> <span class='ocrx_word' id='word_1_715' title='bbox 2741 4530 3073 4596; x_wconf 83' lang='lat' dir='ltr'><strong>manifestat,</strong></span> <span class='ocrx_word' id='word_1_716' title='bbox 3117 4531 3458 4588; x_wconf 87' lang='lat' dir='ltr'><strong>Servatorem</strong></span> 
     </span>
    </p>
   </div>
   <div class='ocr_carea' id='block_1_87' title="bbox 221 4621 1780 4701">
    <p class='ocr_par' dir='ltr' id='par_1_87' title="bbox 221 4621 1779 4701">
     <span class='ocr_line' id='line_1_87' title="bbox 221 4621 1779 4701; baseline -0.002 -24"><span class='ocrx_word' id='word_1_717' title='bbox 221 4641 306 4689; x_wconf 82' lang='grc' dir='ltr'>τως</span> <span class='ocrx_word' id='word_1_718' title='bbox 322 4625 851 4701; x_wconf 80' lang='grc' dir='ltr'>δεδημιουργῆσθαι,</span> <span class='ocrx_word' id='word_1_719' title='bbox 879 4625 992 4687; x_wconf 77' lang='grc' dir='ltr'>υἱός</span> <span class='ocrx_word' id='word_1_720' title='bbox 1012 4642 1096 4687; x_wconf 79' lang='grc' dir='ltr'><strong>τις</strong></span> <span class='ocrx_word' id='word_1_721' title='bbox 1119 4622 1423 4696; x_wconf 83' lang='grc' dir='ltr'>ἀνθρώποις</span> <span class='ocrx_word' id='word_1_722' title='bbox 1447 4622 1666 4690; x_wconf 80' lang='grc' dir='ltr'>λέγεται</span> <span class='ocrx_word' id='word_1_723' title='bbox 1687 4621 1779 4674; x_wconf 78' lang='grc' dir='ltr'>τοῦ</span> 
     </span>
    </p>
   </div>
   <div class='ocr_carea' id='block_1_88' title="bbox 1887 4621 3458 4701">
    <p class='ocr_par' dir='ltr' id='par_1_88' title="bbox 1887 4621 3458 4695">
     <span class='ocr_line' id='line_1_88' title="bbox 1887 4621 3458 4695; baseline 0.001 -18"><span class='ocrx_word' id='word_1_724' title='bbox 1887 4623 2085 4678; x_wconf 84' lang='lat' dir='ltr'><strong>dixisse</strong></span> <span class='ocrx_word' id='word_1_725' title='bbox 2137 4621 2382 4677; x_wconf 87' lang='lat' dir='ltr'><strong>scribens</strong></span> <span class='ocrx_word' id='word_1_726' title='bbox 2421 4637 2436 4674; x_wconf 90' lang='lat'><strong>:</strong></span> <span class='ocrx_word' id='word_1_727' title='bbox 2489 4622 2732 4676; x_wconf 84' lang='lat' dir='ltr'><strong>Audistis</strong></span> <span class='ocrx_word' id='word_1_728' title='bbox 2788 4623 2987 4676; x_wconf 88' lang='lat' dir='ltr'><strong>dictum</strong></span> <span class='ocrx_word' id='word_1_729' title='bbox 3037 4640 3149 4678; x_wconf 83' lang='lat' dir='ltr'><strong>esse</strong></span> <span class='ocrx_word' id='word_1_730' title='bbox 3187 4639 3207 4678; x_wconf 88' lang='lat'><strong><em>:</em></strong></span> <span class='ocrx_word' id='word_1_731' title='bbox 3257 4624 3458 4695; x_wconf 83' lang='lat' dir='ltr'><strong>Diliges</strong></span> 
     </span>
    </p>
   </div>
   <div class='ocr_carea' id='block_1_89' title="bbox 221 4712 1780 4793">
    <p class='ocr_par' dir='ltr' id='par_1_89' title="bbox 221 4713 1780 4793">
     <span class='ocr_line' id='line_1_89' title="bbox 221 4713 1780 4793; baseline -0.004 -23"><span class='ocrx_word' id='word_1_732' title='bbox 221 4718 349 4772; x_wconf 76' lang='grc' dir='ltr'>Θεοῦ·</span> <span class='ocrx_word' id='word_1_733' title='bbox 371 4723 462 4775; x_wconf 72' lang='lat' dir='ltr'><strong>xui.</strong></span> <span class='ocrx_word' id='word_1_734' title='bbox 485 4721 683 4793; x_wconf 82' lang='grc' dir='ltr'>δῆλον,</span> <span class='ocrx_word' id='word_1_735' title='bbox 711 4719 795 4772; x_wconf 84' lang='grc' dir='ltr'>ὅτι</span> <span class='ocrx_word' id='word_1_736' title='bbox 819 4716 1038 4770; x_wconf 84' lang='grc' dir='ltr'>δύναται</span> <span class='ocrx_word' id='word_1_737' title='bbox 1067 4717 1225 4769; x_wconf 85' lang='grc' dir='ltr'>ὁπότε</span> <span class='ocrx_word' id='word_1_738' title='bbox 1257 4717 1371 4778; x_wconf 79' lang='grc' dir='ltr'>υίὸς</span> <span class='ocrx_word' id='word_1_739' title='bbox 1405 4714 1499 4767; x_wconf 77' lang='grc' dir='ltr'><strong>τοῦ</strong></span> <span class='ocrx_word' id='word_1_740' title='bbox 1533 4713 1780 4767; x_wconf 88' lang='grc' dir='ltr'>διαϐόλου</span> 
     </span>
    </p>
   </div>
   <div class='ocr_carea' id='block_1_90' title="bbox 1887 4712 3455 4793">
    <p class='ocr_par' dir='ltr' id='par_1_90' title="bbox 1887 4712 3455 4780">
     <span class='ocr_line' id='line_1_90' title="bbox 1887 4712 3455 4780; baseline 0.004 -17"><span class='ocrx_word' id='word_1_741' title='bbox 1887 4712 2185 4780; x_wconf 73' lang='lat' dir='ltr'><strong>proximum</strong></span> <span class='ocrx_word' id='word_1_742' title='bbox 2226 4721 2409 4776; x_wconf 89' lang='lat' dir='ltr'><strong>tuum,</strong></span> <span class='ocrx_word' id='word_1_743' title='bbox 2449 4723 2500 4767; x_wconf 83' lang='lat' dir='ltr'><strong>et</strong></span> <span class='ocrx_word' id='word_1_744' title='bbox 2553 4714 2676 4767; x_wconf 89' lang='lat' dir='ltr'><strong>odio</strong></span> <span class='ocrx_word' id='word_1_745' title='bbox 2728 4713 2936 4770; x_wconf 81' lang='lat' dir='ltr'><strong>habebis</strong></span> <span class='ocrx_word' id='word_1_746' title='bbox 2975 4715 3247 4768; x_wconf 89' lang='lat' dir='ltr'><strong>inimicum</strong></span> <span class='ocrx_word' id='word_1_747' title='bbox 3288 4727 3455 4770; x_wconf 85' lang='lat' dir='ltr'><strong>tuum.</strong></span> 
     </span>
    </p>
   </div>
   <div class='ocr_carea' id='block_1_91' title="bbox 221 4802 1780 4878">
    <p class='ocr_par' dir='ltr' id='par_1_91' title="bbox 221 4803 1780 4878">
     <span class='ocr_line' id='line_1_91' title="bbox 221 4803 1780 4878; baseline -0.004 -17"><span class='ocrx_word' id='word_1_748' title='bbox 221 4811 438 4875; x_wconf 69' lang='grc' dir='ltr'>γενέσθαι</span> <span class='ocrx_word' id='word_1_749' title='bbox 469 4813 592 4876; x_wconf 75' lang='grc' dir='ltr'><strong>υἱὸς</strong></span> <span class='ocrx_word' id='word_1_750' title='bbox 630 4810 733 4862; x_wconf 82' lang='grc' dir='ltr'>τοῦ</span> <span class='ocrx_word' id='word_1_751' title='bbox 764 4806 922 4861; x_wconf 75' lang='grc' dir='ltr'><strong>Θεοῦο</strong></span> <span class='ocrx_word' id='word_1_752' title='bbox 960 4807 1095 4878; x_wconf 82' lang='grc' dir='ltr'>ὅπερ</span> <span class='ocrx_word' id='word_1_753' title='bbox 1126 4807 1294 4876; x_wconf 81' lang='grc' dir='ltr'>σαφὲς</span> <span class='ocrx_word' id='word_1_754' title='bbox 1318 4807 1412 4859; x_wconf 76' lang='grc' dir='ltr'>καὶ</span> <span class='ocrx_word' id='word_1_755' title='bbox 1451 4806 1480 4858; x_wconf 84' lang='grc' dir='ltr'><strong>ὁ</strong></span> <span class='ocrx_word' id='word_1_756' title='bbox 1508 4803 1780 4866; x_wconf 82' lang='grc' dir='ltr'>Ματθαῖος</span> 
     </span>
    </p>
   </div>
   <div class='ocr_carea' id='block_1_92' title="bbox 1887 4802 3460 4878">
    <p class='ocr_par' dir='ltr' id='par_1_92' title="bbox 1887 4802 3460 4875">
     <span class='ocr_line' id='line_1_92' title="bbox 1887 4802 3460 4875; baseline 0.003 -19"><span class='ocrx_word' id='word_1_757' title='bbox 1887 4805 1955 4856; x_wconf 78' lang='lat' dir='ltr'><strong>At</strong></span> <span class='ocrx_word' id='word_1_758' title='bbox 1981 4818 2074 4872; x_wconf 84' lang='lat' dir='ltr'><strong>ego</strong></span> <span class='ocrx_word' id='word_1_759' title='bbox 2105 4802 2224 4856; x_wconf 86' lang='lat' dir='ltr'><strong>dico</strong></span> <span class='ocrx_word' id='word_1_760' title='bbox 2249 4803 2393 4856; x_wconf 78' lang='lat' dir='ltr'><strong>vobis</strong></span> <span class='ocrx_word' id='word_1_761' title='bbox 2426 4820 2445 4861; x_wconf 90' lang='lat'><strong><em>:</em></strong></span> <span class='ocrx_word' id='word_1_762' title='bbox 2474 4803 2697 4875; x_wconf 88' lang='lat' dir='ltr'><strong>Diligite</strong></span> <span class='ocrx_word' id='word_1_763' title='bbox 2722 4805 2964 4859; x_wconf 87' lang='lat' dir='ltr'><strong>inimicos</strong></span> <span class='ocrx_word' id='word_1_764' title='bbox 2990 4816 3207 4872; x_wconf 73' lang='lat' dir='ltr'><strong>vestros,</strong></span> <span class='ocrx_word' id='word_1_765' title='bbox 3233 4815 3282 4859; x_wconf 89' lang='lat' dir='ltr'><strong>et</strong></span> <span class='ocrx_word' id='word_1_766' title='bbox 3309 4817 3460 4862; x_wconf 90' lang='lat' dir='ltr'><strong>orate</strong></span> 
     </span>
    </p>
   </div>
   <div class='ocr_carea' id='block_1_93' title="bbox 221 4893 1780 4975">
    <p class='ocr_par' dir='ltr' id='par_1_93' title="bbox 221 4895 1779 4975">
     <span class='ocr_line' id='line_1_93' title="bbox 221 4895 1779 4975; baseline -0.003 -25"><span class='ocrx_word' id='word_1_767' title='bbox 221 4906 334 4954; x_wconf 79' lang='grc' dir='ltr'>ποιεί</span> <span class='ocrx_word' id='word_1_768' title='bbox 381 4904 732 4975; x_wconf 71' lang='grc' dir='ltr'>ἀναγράφων</span> <span class='ocrx_word' id='word_1_769' title='bbox 791 4898 882 4952; x_wconf 79' lang='grc' dir='ltr'>τὸν</span> <span class='ocrx_word' id='word_1_770' title='bbox 945 4897 1173 4969; x_wconf 87' lang='grc' dir='ltr'>Σωτῆρα</span> <span class='ocrx_word' id='word_1_771' title='bbox 1227 4895 1401 4959; x_wconf 63' lang='grc' dir='ltr'>οὸτως</span> <span class='ocrx_word' id='word_1_772' title='bbox 1469 4895 1745 4966; x_wconf 76' lang='grc' dir='ltr'>εἰρηκέναι</span> <span class='ocrx_word' id='word_1_773' title='bbox 1765 4909 1779 4922; x_wconf 91' lang='grc'><strong>·</strong></span> 
     </span>
    </p>
   </div>
   <div class='ocr_carea' id='block_1_94' title="bbox 1887 4893 3461 4975">
    <p class='ocr_par' dir='ltr' id='par_1_94' title="bbox 1887 4893 3461 4966">
     <span class='ocr_line' id='line_1_94' title="bbox 1887 4893 3461 4966; baseline 0.004 -22"><span class='ocrx_word' id='word_1_774' title='bbox 1887 4908 1984 4962; x_wconf 89' lang='lat' dir='ltr'><strong>pro</strong></span> <span class='ocrx_word' id='word_1_775' title='bbox 2009 4893 2432 4963; x_wconf 81' lang='lat' dir='ltr'><strong>persequentibus</strong></span> <span class='ocrx_word' id='word_1_776' title='bbox 2457 4910 2564 4961; x_wconf 83' lang='lat' dir='ltr'><strong>vos,</strong></span> <span class='ocrx_word' id='word_1_777' title='bbox 2595 4905 2651 4948; x_wconf 90' lang='lat' dir='ltr'><strong>ut</strong></span> <span class='ocrx_word' id='word_1_778' title='bbox 2681 4896 2804 4949; x_wconf 82' lang='lat' dir='ltr'><strong>sitis</strong></span> <span class='ocrx_word' id='word_1_779' title='bbox 2823 4896 2926 4965; x_wconf 82' lang='lat' dir='ltr'><strong>filii</strong></span> <span class='ocrx_word' id='word_1_780' title='bbox 2953 4895 3134 4950; x_wconf 87' lang='lat' dir='ltr'><strong>Patris</strong></span> <span class='ocrx_word' id='word_1_781' title='bbox 3171 4897 3330 4950; x_wconf 79' lang='lat' dir='ltr'><strong>vestri</strong></span> <span class='ocrx_word' id='word_1_782' title='bbox 3368 4898 3461 4966; x_wconf 87' lang='lat' dir='ltr'><strong>qui</strong></span> 
     </span>
    </p>
   </div>
   <div class='ocr_carea' id='block_1_95' title="bbox 220 4982 1780 5059">
    <p class='ocr_par' dir='ltr' id='par_1_95' title="bbox 220 4985 1773 5059">
     <span class='ocr_line' id='line_1_95' title="bbox 220 4985 1773 5059; baseline -0.003 -17"><span class='ocrx_word' id='word_1_783' title='bbox 220 4989 536 5059; x_wconf 78' lang='grc' dir='ltr'>Ἠκούσατε,</span> <span class='ocrx_word' id='word_1_784' title='bbox 573 4993 676 5046; x_wconf 81' lang='grc' dir='ltr'>ὅτι</span> <span class='ocrx_word' id='word_1_785' title='bbox 717 4989 959 5059; x_wconf 74' lang='grc' dir='ltr'>ἐρῤόθηο</span> <span class='ocrx_word' id='word_1_786' title='bbox 985 4985 1336 5055; x_wconf 65' lang='grc' dir='ltr'>Ἀγαπήσεις</span> <span class='ocrx_word' id='word_1_787' title='bbox 1374 4985 1483 5040; x_wconf 88' lang='grc' dir='ltr'>τὸν</span> <span class='ocrx_word' id='word_1_788' title='bbox 1517 4985 1773 5054; x_wconf 64' lang='grc' dir='ltr'>πλησίον</span> 
     </span>
    </p>
   </div>
   <div class='ocr_carea' id='block_1_96' title="bbox 1887 4982 3458 5059">
    <p class='ocr_par' dir='ltr' id='par_1_96' title="bbox 1889 4982 3458 5057">
     <span class='ocr_line' id='line_1_96' title="bbox 1889 4982 3458 5057; baseline 0.004 -21"><span class='ocrx_word' id='word_1_789' title='bbox 1889 4985 1944 5038; x_wconf 87' lang='lat' dir='ltr'><strong>iu</strong></span> <span class='ocrx_word' id='word_1_790' title='bbox 1967 4983 2109 5038; x_wconf 71' lang='lat' dir='ltr'><strong>caelis</strong></span> <span class='ocrx_word' id='word_1_791' title='bbox 2150 4993 2229 5038; x_wconf 85' lang='lat' dir='ltr'><strong>est</strong></span> <span class='ocrx_word' id='word_1_792' title='bbox 2254 4984 2320 5038; x_wconf 75' lang='grc' dir='ltr'><strong>⁷ο.</strong></span> <span class='ocrx_word' id='word_1_793' title='bbox 2353 4982 2516 5040; x_wconf 87' lang='lat' dir='ltr'><strong>Orate</strong></span> <span class='ocrx_word' id='word_1_794' title='bbox 2544 4986 2712 5053; x_wconf 90' lang='lat' dir='ltr'><strong>enim,</strong></span> <span class='ocrx_word' id='word_1_795' title='bbox 2737 4987 2862 5056; x_wconf 90' lang='lat' dir='ltr'><strong>quia</strong></span> <span class='ocrx_word' id='word_1_796' title='bbox 2903 4994 3120 5041; x_wconf 84' lang='lat' dir='ltr'><strong>orantes</strong></span> <span class='ocrx_word' id='word_1_797' title='bbox 3147 5001 3248 5056; x_wconf 90' lang='lat' dir='ltr'><strong>pro</strong></span> <span class='ocrx_word' id='word_1_798' title='bbox 3271 5002 3458 5057; x_wconf 81' lang='lat' dir='ltr'><strong>perse-</strong></span> 
     </span>
    </p>
   </div>
   <div class='ocr_carea' id='block_1_97' title="bbox 218 5073 1780 5145">
    <p class='ocr_par' dir='ltr' id='par_1_97' title="bbox 218 5073 1780 5145">
     <span class='ocr_line' id='line_1_97' title="bbox 218 5073 1780 5145; baseline 0.001 -19"><span class='ocrx_word' id='word_1_799' title='bbox 218 5084 332 5139; x_wconf 87' lang='grc' dir='ltr'>σου,</span> <span class='ocrx_word' id='word_1_800' title='bbox 355 5079 457 5131; x_wconf 74' lang='grc' dir='ltr'>καὶ</span> <span class='ocrx_word' id='word_1_801' title='bbox 469 5074 778 5144; x_wconf 82' lang='grc' dir='ltr'>μισήσεις</span> <span class='ocrx_word' id='word_1_802' title='bbox 807 5073 914 5125; x_wconf 77' lang='grc' dir='ltr'>τὸν</span> <span class='ocrx_word' id='word_1_803' title='bbox 935 5074 1150 5142; x_wconf 83' lang='grc' dir='ltr'>ἐχθρόν</span> <span class='ocrx_word' id='word_1_804' title='bbox 1177 5089 1316 5128; x_wconf 85' lang='grc' dir='ltr'>σου.</span> <span class='ocrx_word' id='word_1_805' title='bbox 1354 5074 1500 5144; x_wconf 80' lang='grc' dir='ltr'><strong>Ἐγὼ</strong></span> <span class='ocrx_word' id='word_1_806' title='bbox 1541 5077 1608 5129; x_wconf 83' lang='grc' dir='ltr'>δὲ</span> <span class='ocrx_word' id='word_1_807' title='bbox 1633 5078 1780 5145; x_wconf 67' lang='grc' dir='ltr'><strong>λέγω</strong></span> 
     </span>
    </p>
   </div>
   <div class='ocr_carea' id='block_1_98' title="bbox 1887 5073 3464 5145">
    <p class='ocr_par' dir='ltr' id='par_1_98' title="bbox 1888 5081 3464 5145">
     <span class='ocr_line' id='line_1_98' title="bbox 1888 5081 3464 5145; baseline 0.002 -16"><span class='ocrx_word' id='word_1_808' title='bbox 1888 5081 2184 5143; x_wconf 82' lang='lat' dir='ltr'><strong>quentibus</strong></span> <span class='ocrx_word' id='word_1_809' title='bbox 2217 5093 2332 5140; x_wconf 85' lang='lat' dir='ltr'><strong>vos,</strong></span> <span class='ocrx_word' id='word_1_810' title='bbox 2373 5091 2434 5130; x_wconf 85' lang='lat' dir='ltr'><strong>et</strong></span> <span class='ocrx_word' id='word_1_811' title='bbox 2474 5081 2727 5133; x_wconf 87' lang='lat' dir='ltr'><strong>inimicos</strong></span> <span class='ocrx_word' id='word_1_812' title='bbox 2782 5087 2988 5131; x_wconf 84' lang='lat' dir='ltr'><strong>vestros</strong></span> <span class='ocrx_word' id='word_1_813' title='bbox 3037 5091 3223 5131; x_wconf 87' lang='lat' dir='ltr'><strong>amore</strong></span> <span class='ocrx_word' id='word_1_814' title='bbox 3275 5093 3464 5145; x_wconf 79' lang='lat' dir='ltr'><strong>prose-</strong></span> 
     </span>
    </p>
   </div>
   <div class='ocr_carea' id='block_1_99' title="bbox 218 5161 1780 5237">
    <p class='ocr_par' dir='ltr' id='par_1_99' title="bbox 218 5161 1780 5236">
     <span class='ocr_line' id='line_1_99' title="bbox 218 5161 1780 5236; baseline 0.002 -22"><span class='ocrx_word' id='word_1_815' title='bbox 218 5161 367 5228; x_wconf 82' lang='grc' dir='ltr'>ὑμῖν·</span> <span class='ocrx_word' id='word_1_816' title='bbox 427 5164 744 5236; x_wconf 82' lang='grc' dir='ltr'>Ἀταπᾶτε</span> <span class='ocrx_word' id='word_1_817' title='bbox 797 5164 912 5232; x_wconf 87' lang='grc'><strong>(87)</strong></span> <span class='ocrx_word' id='word_1_818' title='bbox 955 5163 1096 5228; x_wconf 88' lang='grc' dir='ltr'>τοὺς</span> <span class='ocrx_word' id='word_1_819' title='bbox 1153 5163 1404 5232; x_wconf 76' lang='grc' dir='ltr'><strong>ἐχθροὺς</strong></span> <span class='ocrx_word' id='word_1_820' title='bbox 1445 5162 1633 5232; x_wconf 80' lang='grc' dir='ltr'>ὑμῶν,</span> <span class='ocrx_word' id='word_1_821' title='bbox 1691 5165 1780 5218; x_wconf 70' lang='grc' dir='ltr'>καὶ</span> 
     </span>
    </p>
   </div>
   <div class='ocr_carea' id='block_1_100' title="bbox 1887 5161 3465 5237">
    <p class='ocr_par' dir='ltr' id='par_1_100' title="bbox 1890 5163 3465 5237">
     <span class='ocr_line' id='line_1_100' title="bbox 1890 5163 3465 5237; baseline 0.001 -19"><span class='ocrx_word' id='word_1_822' title='bbox 1890 5177 2142 5233; x_wconf 85' lang='lat' dir='ltr'><strong>quentes,</strong></span> <span class='ocrx_word' id='word_1_823' title='bbox 2177 5165 2272 5220; x_wconf 89' lang='lat' dir='ltr'><strong>lilii</strong></span> <span class='ocrx_word' id='word_1_824' title='bbox 2304 5163 2612 5220; x_wconf 71' lang='lat' dir='ltr'><strong>eﬂicwmini</strong></span> <span class='ocrx_word' id='word_1_825' title='bbox 2647 5165 2825 5220; x_wconf 87' lang='lat' dir='ltr'><strong>Patris</strong></span> <span class='ocrx_word' id='word_1_826' title='bbox 2853 5167 3116 5230; x_wconf 70' lang='lat' dir='ltr'><strong>ccclesiis.</strong></span> <span class='ocrx_word' id='word_1_827' title='bbox 3141 5168 3187 5222; x_wconf 89' lang='lat' dir='ltr'><strong>si</strong></span> <span class='ocrx_word' id='word_1_828' title='bbox 3222 5168 3344 5237; x_wconf 88' lang='lat' dir='ltr'><strong>quis</strong></span> <span class='ocrx_word' id='word_1_829' title='bbox 3369 5182 3465 5221; x_wconf 89' lang='lat' dir='ltr'><strong>au-</strong></span> 
     </span>
    </p>
   </div>
   <div class='ocr_carea' id='block_1_101' title="bbox 227 3981 1778 4060">
    <p class='ocr_par' dir='ltr' id='par_1_101' title="bbox 227 3981 1778 4060">
     <span class='ocr_line' id='line_1_101' title="bbox 227 3981 1778 4060; baseline -0.001 -24"><span class='ocrx_word' id='word_1_830' title='bbox 227 3985 348 4050; x_wconf 82' lang='grc' dir='ltr'><strong>Θεοῦ,</strong></span> <span class='ocrx_word' id='word_1_831' title='bbox 372 3989 456 4042; x_wconf 83' lang='grc' dir='ltr'>ἵνα</span> <span class='ocrx_word' id='word_1_832' title='bbox 477 3988 622 4060; x_wconf 82' lang='grc' dir='ltr'>λύσῃ</span> <span class='ocrx_word' id='word_1_833' title='bbox 662 3986 731 4038; x_wconf 77' lang='grc' dir='ltr'><strong>τὰ</strong></span> <span class='ocrx_word' id='word_1_834' title='bbox 761 3985 897 4055; x_wconf 79' lang='grc' dir='ltr'>ἔργα</span> <span class='ocrx_word' id='word_1_835' title='bbox 921 3984 1015 4036; x_wconf 80' lang='grc' dir='ltr'><strong>τοῦ</strong></span> <span class='ocrx_word' id='word_1_836' title='bbox 1039 3983 1302 4050; x_wconf 87' lang='grc' dir='ltr'>διαϐόλου,</span> <span class='ocrx_word' id='word_1_837' title='bbox 1324 3985 1448 4038; x_wconf 84' lang='grc' dir='ltr'>ὅσον</span> <span class='ocrx_word' id='word_1_838' title='bbox 1475 3983 1684 4037; x_wconf 79' lang='grc' dir='ltr'>οὐδέπω</span> <span class='ocrx_word' id='word_1_839' title='bbox 1709 3981 1778 4034; x_wconf 82' lang='grc' dir='ltr'>τὰ</span> 
     </span>
    </p>
   </div>
   <div class='ocr_carea' id='block_1_102' title="bbox 225 4076 1779 4150">
    <p class='ocr_par' dir='ltr' id='par_1_102' title="bbox 225 4076 1779 4150">
     <span class='ocr_line' id='line_1_102' title="bbox 225 4076 1779 4150; baseline 0 -22"><span class='ocrx_word' id='word_1_840' title='bbox 225 4076 269 4128; x_wconf 85' lang='grc' dir='ltr'>ἐν</span> <span class='ocrx_word' id='word_1_841' title='bbox 291 4079 403 4150; x_wconf 78' lang='grc' dir='ltr'><strong>ἡμῖν</strong></span> <span class='ocrx_word' id='word_1_842' title='bbox 430 4080 622 4134; x_wconf 78' lang='grc' dir='ltr'>ἔλυσεν</span> <span class='ocrx_word' id='word_1_843' title='bbox 672 4077 814 4148; x_wconf 76' lang='grc' dir='ltr'>ἔργα</span> <span class='ocrx_word' id='word_1_844' title='bbox 848 4076 943 4130; x_wconf 82' lang='grc' dir='ltr'>τοῦ</span> <span class='ocrx_word' id='word_1_845' title='bbox 973 4076 1240 4139; x_wconf 89' lang='grc' dir='ltr'>διαϐόλου,</span> <span class='ocrx_word' id='word_1_846' title='bbox 1272 4076 1351 4147; x_wconf 85' lang='grc' dir='ltr'>τῷ</span> <span class='ocrx_word' id='word_1_847' title='bbox 1393 4077 1467 4148; x_wconf 83' lang='grc' dir='ltr'>μὴ</span> <span class='ocrx_word' id='word_1_848' title='bbox 1507 4091 1779 4147; x_wconf 82' lang='grc' dir='ltr'>παρεστη-</span> 
     </span>
    </p>
   </div>
   <div class='ocr_carea' id='block_1_103' title="bbox 227 4165 1775 4242">
    <p class='ocr_par' dir='ltr' id='par_1_103' title="bbox 227 4165 1775 4242">
     <span class='ocr_line' id='line_1_103' title="bbox 227 4165 1775 4242; baseline -0.001 -25"><span class='ocrx_word' id='word_1_849' title='bbox 227 4168 346 4220; x_wconf 80' lang='grc' dir='ltr'>κέναι</span> <span class='ocrx_word' id='word_1_850' title='bbox 372 4172 514 4242; x_wconf 76' lang='grc' dir='ltr'><strong>ήμᾶς</strong></span> <span class='ocrx_word' id='word_1_851' title='bbox 544 4169 794 4230; x_wconf 78' lang='grc' dir='ltr'>ἑαυτοὺς</span> <span class='ocrx_word' id='word_1_852' title='bbox 822 4166 900 4237; x_wconf 86' lang='grc' dir='ltr'>τῷ</span> <span class='ocrx_word' id='word_1_853' title='bbox 924 4165 1103 4220; x_wconf 85' lang='grc' dir='ltr'>λύοντι</span> <span class='ocrx_word' id='word_1_854' title='bbox 1133 4167 1198 4221; x_wconf 84' lang='grc' dir='ltr'>τὰ</span> <span class='ocrx_word' id='word_1_855' title='bbox 1224 4167 1357 4239; x_wconf 80' lang='grc' dir='ltr'>ἔργα</span> <span class='ocrx_word' id='word_1_856' title='bbox 1386 4167 1479 4220; x_wconf 81' lang='grc' dir='ltr'><strong>τοῦ</strong></span> <span class='ocrx_word' id='word_1_857' title='bbox 1507 4165 1775 4228; x_wconf 78' lang='grc' dir='ltr'>διαϐόλου,</span> 
     </span>
    </p>
   </div>
   <div class='ocr_carea' id='block_1_104' title="bbox 223 4253 1779 4332">
    <p class='ocr_par' dir='ltr' id='par_1_104' title="bbox 223 4253 1779 4332">
     <span class='ocr_line' id='line_1_104' title="bbox 223 4253 1779 4332; baseline -0.001 -23"><span class='ocrx_word' id='word_1_858' title='bbox 223 4259 395 4315; x_wconf 67' lang='grc' dir='ltr'>οὐδέπω</span> <span class='ocrx_word' id='word_1_859' title='bbox 422 4258 765 4332; x_wconf 74' lang='grc' dir='ltr'>ἀπεθέμεθα</span> <span class='ocrx_word' id='word_1_860' title='bbox 793 4258 853 4311; x_wconf 81' lang='grc' dir='ltr'>τὸ</span> <span class='ocrx_word' id='word_1_861' title='bbox 881 4253 1021 4311; x_wconf 78' lang='grc' dir='ltr'>εῖναι</span> <span class='ocrx_word' id='word_1_862' title='bbox 1047 4258 1212 4312; x_wconf 81' lang='grc' dir='ltr'>τέκνα</span> <span class='ocrx_word' id='word_1_863' title='bbox 1245 4256 1336 4310; x_wconf 79' lang='grc' dir='ltr'>τοῦ</span> <span class='ocrx_word' id='word_1_864' title='bbox 1371 4257 1637 4320; x_wconf 87' lang='grc' dir='ltr'>διαϐόλου,</span> <span class='ocrx_word' id='word_1_865' title='bbox 1672 4256 1779 4309; x_wconf 79' lang='grc' dir='ltr'><strong>ἀπὸ</strong></span> 
     </span>
    </p>
   </div>
   <div class='ocr_carea' id='block_1_105' title="bbox 221 4347 1780 4425">
    <p class='ocr_par' dir='ltr' id='par_1_105' title="bbox 221 4347 1780 4425">
     <span class='ocr_line' id='line_1_105' title="bbox 221 4347 1780 4425; baseline -0.001 -23"><span class='ocrx_word' id='word_1_866' title='bbox 221 4352 305 4404; x_wconf 76' lang='grc' dir='ltr'><strong>τῶν</strong></span> <span class='ocrx_word' id='word_1_867' title='bbox 328 4354 549 4425; x_wconf 76' lang='grc' dir='ltr'>καρπῶν</span> <span class='ocrx_word' id='word_1_868' title='bbox 593 4349 1094 4420; x_wconf 78' lang='grc' dir='ltr'>ἐπιγινωσκόμενοι</span> <span class='ocrx_word' id='word_1_869' title='bbox 1123 4351 1267 4414; x_wconf 85' lang='grc' dir='ltr'>τίνος</span> <span class='ocrx_word' id='word_1_870' title='bbox 1308 4350 1474 4421; x_wconf 75' lang='grc' dir='ltr'>ἐσμὲν</span> <span class='ocrx_word' id='word_1_871' title='bbox 1504 4350 1643 4402; x_wconf 77' lang='grc' dir='ltr'>υἱοιο</span> <span class='ocrx_word' id='word_1_872' title='bbox 1688 4347 1780 4401; x_wconf 76' lang='grc' dir='ltr'>καὶ</span> 
     </span>
    </p>
   </div>
   <div class='ocr_carea' id='block_1_106' title="bbox 216 5255 1780 5336">
    <p class='ocr_par' dir='ltr' id='par_1_106' title="bbox 216 5256 1780 5330">
     <span class='ocr_line' id='line_1_106' title="bbox 216 5256 1780 5330; baseline -0.001 -19"><span class='ocrx_word' id='word_1_873' title='bbox 216 5261 618 5330; x_wconf 71' lang='grc' dir='ltr'>προσεύχεσθε</span> <span class='ocrx_word' id='word_1_874' title='bbox 674 5256 836 5326; x_wconf 82' lang='grc' dir='ltr'>ὑπὲρ</span> <span class='ocrx_word' id='word_1_875' title='bbox 882 5256 1001 5310; x_wconf 83' lang='grc' dir='ltr'><strong>τῶν</strong></span> <span class='ocrx_word' id='word_1_876' title='bbox 1040 5257 1376 5312; x_wconf 85' lang='grc' dir='ltr'>διωκόντων</span> <span class='ocrx_word' id='word_1_877' title='bbox 1416 5256 1588 5327; x_wconf 85' lang='grc' dir='ltr'>ὑμᾶς,</span> <span class='ocrx_word' id='word_1_878' title='bbox 1631 5257 1780 5324; x_wconf 80' lang='grc' dir='ltr'>ὅπως</span> 
     </span>
    </p>
   </div>
   <div class='ocr_carea' id='block_1_107' title="bbox 1887 5255 3462 5336">
    <p class='ocr_par' dir='ltr' id='par_1_107' title="bbox 1893 5255 3462 5336">
     <span class='ocr_line' id='line_1_107' title="bbox 1893 5255 3462 5336; baseline 0.003 -26"><span class='ocrx_word' id='word_1_879' title='bbox 1893 5267 1977 5312; x_wconf 88' lang='lat' dir='ltr'><strong>tea</strong></span> <span class='ocrx_word' id='word_1_880' title='bbox 2005 5273 2070 5311; x_wconf 78' lang='lat' dir='ltr'><strong>ex</strong></span> <span class='ocrx_word' id='word_1_881' title='bbox 2103 5256 2260 5312; x_wconf 90' lang='lat' dir='ltr'><strong>vobis</strong></span> <span class='ocrx_word' id='word_1_882' title='bbox 2289 5272 2397 5310; x_wconf 89' lang='lat' dir='ltr'><strong>non</strong></span> <span class='ocrx_word' id='word_1_883' title='bbox 2428 5255 2594 5310; x_wconf 80' lang='lat' dir='ltr'><strong>fuerit</strong></span> <span class='ocrx_word' id='word_1_884' title='bbox 2620 5256 2764 5336; x_wconf 86' lang='lat' dir='ltr'><strong>illius</strong></span> <span class='ocrx_word' id='word_1_885' title='bbox 2792 5258 2953 5314; x_wconf 85' lang='lat' dir='ltr'><strong>ﬁlius.</strong></span> <span class='ocrx_word' id='word_1_886' title='bbox 2983 5258 3250 5326; x_wconf 88' lang='lat' dir='ltr'><strong>Quoniam</strong></span> <span class='ocrx_word' id='word_1_887' title='bbox 3280 5269 3462 5314; x_wconf 87' lang='lat' dir='ltr'><strong>autem</strong></span> 
     </span>
    </p>
   </div>
   <div class='ocr_carea' id='block_1_108' title="bbox 215 5347 1780 5423">
    <p class='ocr_par' dir='ltr' id='par_1_108' title="bbox 215 5347 1780 5420">
     <span class='ocr_line' id='line_1_108' title="bbox 215 5347 1780 5420; baseline 0 -16"><span class='ocrx_word' id='word_1_888' title='bbox 215 5347 448 5416; x_wconf 83' lang='grc' dir='ltr'>τένησθε</span> <span class='ocrx_word' id='word_1_889' title='bbox 485 5352 618 5407; x_wconf 75' lang='grc' dir='ltr'>υἱοὶ</span> <span class='ocrx_word' id='word_1_890' title='bbox 652 5351 764 5405; x_wconf 84' lang='grc' dir='ltr'>τοῦ</span> <span class='ocrx_word' id='word_1_891' title='bbox 803 5349 1033 5419; x_wconf 83' lang='grc' dir='ltr'>Πατρὸς</span> <span class='ocrx_word' id='word_1_892' title='bbox 1054 5350 1240 5420; x_wconf 85' lang='grc' dir='ltr'>ὑμῶν,</span> <span class='ocrx_word' id='word_1_893' title='bbox 1287 5349 1396 5405; x_wconf 87' lang='grc' dir='ltr'>τοῦ</span> <span class='ocrx_word' id='word_1_894' title='bbox 1439 5351 1510 5404; x_wconf 76' lang='grc' dir='ltr'>ἐν</span> <span class='ocrx_word' id='word_1_895' title='bbox 1537 5351 1660 5417; x_wconf 88' lang='grc' dir='ltr'><em>τοῖς</em></span> <span class='ocrx_word' id='word_1_896' title='bbox 1688 5352 1780 5404; x_wconf 90' lang='grc' dir='ltr'><strong>οὐ-</strong></span> 
     </span>
    </p>
   </div>
   <div class='ocr_carea' id='block_1_109' title="bbox 1887 5347 3474 5423">
    <p class='ocr_par' dir='ltr' id='par_1_109' title="bbox 1893 5349 3474 5423">
     <span class='ocr_line' id='line_1_109' title="bbox 1893 5349 3474 5423; baseline -0.001 -17"><span class='ocrx_word' id='word_1_897' title='bbox 1893 5349 2171 5406; x_wconf 80' lang='lat' dir='ltr'><strong>manifesti</strong></span> <span class='ocrx_word' id='word_1_898' title='bbox 2225 5360 2349 5406; x_wconf 91' lang='lat' dir='ltr'><strong>sunt</strong></span> <span class='ocrx_word' id='word_1_899' title='bbox 2382 5350 2478 5404; x_wconf 89' lang='lat' dir='ltr'><strong>ﬁlii</strong></span> <span class='ocrx_word' id='word_1_900' title='bbox 2516 5350 2630 5416; x_wconf 88' lang='lat' dir='ltr'><strong>Dei,</strong></span> <span class='ocrx_word' id='word_1_901' title='bbox 2662 5359 2718 5405; x_wconf 90' lang='lat' dir='ltr'><strong>et</strong></span> <span class='ocrx_word' id='word_1_902' title='bbox 2749 5351 2842 5406; x_wconf 87' lang='lat' dir='ltr'><strong>ﬁlii</strong></span> <span class='ocrx_word' id='word_1_903' title='bbox 2889 5351 3112 5415; x_wconf 91' lang='lat' dir='ltr'><strong>diaboli,</strong></span> <span class='ocrx_word' id='word_1_904' title='bbox 3142 5360 3366 5423; x_wconf 84' lang='lat' dir='ltr'><strong>propter</strong></span> <span class='ocrx_word' id='word_1_905' title='bbox 3408 5349 3474 5420; x_wconf 23' lang='lat' dir='ltr'><strong>id,</strong></span> 
     </span>
    </p>
   </div>
   <div class='ocr_carea' id='block_1_110' title="bbox 213 5441 1780 5519">
    <p class='ocr_par' dir='ltr' id='par_1_110' title="bbox 213 5443 1780 5519">
     <span class='ocr_line' id='line_1_110' title="bbox 213 5443 1780 5519; baseline -0.001 -22"><span class='ocrx_word' id='word_1_906' title='bbox 213 5443 414 5511; x_wconf 83' lang='grc' dir='ltr'>ρανοῖς.</span> <span class='ocrx_word' id='word_1_907' title='bbox 462 5443 863 5519; x_wconf 84' lang='grc' dir='ltr'>Προσεύχεσθε</span> <span class='ocrx_word' id='word_1_908' title='bbox 912 5444 1041 5516; x_wconf 83' lang='grc' dir='ltr'>γὰρ,</span> <span class='ocrx_word' id='word_1_909' title='bbox 1095 5445 1178 5498; x_wconf 81' lang='grc' dir='ltr'>ὅτι</span> <span class='ocrx_word' id='word_1_910' title='bbox 1227 5445 1293 5498; x_wconf 80' lang='grc' dir='ltr'>ὲκ</span> <span class='ocrx_word' id='word_1_911' title='bbox 1330 5443 1446 5510; x_wconf 81' lang='grc' dir='ltr'>τοῦ,</span> <span class='ocrx_word' id='word_1_912' title='bbox 1509 5445 1780 5513; x_wconf 78' lang='grc' dir='ltr'>Ἀγαπᾶτε</span> 
     </span>
    </p>
   </div>
   <div class='ocr_carea' id='block_1_111' title="bbox 1887 5441 3461 5519">
    <p class='ocr_par' dir='ltr' id='par_1_111' title="bbox 1890 5441 3461 5514">
     <span class='ocr_line' id='line_1_111' title="bbox 1890 5441 3461 5514; baseline -0.003 -14"><span class='ocrx_word' id='word_1_913' title='bbox 1890 5447 2037 5514; x_wconf 87' lang='lat' dir='ltr'><strong>quod</strong></span> <span class='ocrx_word' id='word_1_914' title='bbox 2086 5443 2337 5514; x_wconf 90' lang='lat' dir='ltr'><strong>superius</strong></span> <span class='ocrx_word' id='word_1_915' title='bbox 2368 5441 2571 5498; x_wconf 84' lang='lat' dir='ltr'><strong>dictum</strong></span> <span class='ocrx_word' id='word_1_916' title='bbox 2595 5451 2679 5498; x_wconf 87' lang='lat' dir='ltr'><strong>est</strong></span> <span class='ocrx_word' id='word_1_917' title='bbox 2704 5442 2771 5500; x_wconf 91' lang='lat' dir='ltr'><strong>de</strong></span> <span class='ocrx_word' id='word_1_918' title='bbox 2801 5443 3007 5501; x_wconf 87' lang='lat' dir='ltr'><strong>diaboli</strong></span> <span class='ocrx_word' id='word_1_919' title='bbox 3049 5443 3195 5512; x_wconf 89' lang='lat' dir='ltr'><strong>ﬁliis,</strong></span> <span class='ocrx_word' id='word_1_920' title='bbox 3224 5454 3461 5514; x_wconf 86' lang='lat' dir='ltr'><strong>nempe:</strong></span> 
     </span>
    </p>
   </div>
   <div class='ocr_carea' id='block_1_112' title="bbox 184 5583 1780 5656">
    <p class='ocr_par' dir='ltr' id='par_1_112' title="bbox 184 5583 1778 5656">
     <span class='ocr_line' id='line_1_112' title="bbox 184 5583 1778 5656; baseline -0.001 -11"><span class='ocrx_word' id='word_1_921' title='bbox 184 5644 187 5646; x_wconf 80' lang='grc'><strong>,</strong></span> <span class='ocrx_word' id='word_1_922' title='bbox 273 5584 490 5642; x_wconf 75' lang='lat' dir='ltr'><strong>&quot;Joan.</strong></span> <span class='ocrx_word' id='word_1_923' title='bbox 522 5603 652 5656; x_wconf 81' lang='lat' dir='ltr'><strong>vni,</strong></span> <span class='ocrx_word' id='word_1_924' title='bbox 676 5587 772 5642; x_wconf 73' lang='grc'><strong>44.</strong></span> <span class='ocrx_word' id='word_1_925' title='bbox 849 5585 895 5618; x_wconf 83' lang='grc'><strong>⁸⁸</strong></span> <span class='ocrx_word' id='word_1_926' title='bbox 918 5585 1050 5641; x_wconf 90' lang='lat' dir='ltr'><strong>ibid.</strong></span> <span class='ocrx_word' id='word_1_927' title='bbox 1075 5587 1164 5643; x_wconf 75' lang='grc'><strong>41.</strong></span> <span class='ocrx_word' id='word_1_928' title='bbox 1238 5587 1283 5620; x_wconf 78' lang='grc'><strong>⁸⁸</strong></span> <span class='ocrx_word' id='word_1_929' title='bbox 1303 5585 1325 5640; x_wconf 84' lang='grc' dir='ltr'><strong>ι</strong></span> <span class='ocrx_word' id='word_1_930' title='bbox 1345 5583 1502 5642; x_wconf 83' lang='lat' dir='ltr'><strong>Joan.</strong></span> <span class='ocrx_word' id='word_1_931' title='bbox 1530 5599 1614 5650; x_wconf 83' lang='lat' dir='ltr'><strong>ut,</strong></span> <span class='ocrx_word' id='word_1_932' title='bbox 1644 5585 1778 5644; x_wconf 68' lang='lat'><strong>8-10</strong></span> 
     </span>
    </p>
   </div>
   <div class='ocr_carea' id='block_1_113' title="bbox 1887 5583 2442 5656">
    <p class='ocr_par' dir='ltr' id='par_1_113' title="bbox 1887 5585 2442 5656">
     <span class='ocr_line' id='line_1_113' title="bbox 1887 5585 2442 5656; baseline -0.007 -13"><span class='ocrx_word' id='word_1_933' title='bbox 1887 5588 1918 5620; x_wconf 84' lang='lat'><strong>’°</strong></span> <span class='ocrx_word' id='word_1_934' title='bbox 1934 5587 2129 5644; x_wconf 75' lang='lat' dir='ltr'><strong>Matth.</strong></span> <span class='ocrx_word' id='word_1_935' title='bbox 2152 5602 2208 5653; x_wconf 86' lang='lat' dir='ltr'><strong>v,</strong></span> <span class='ocrx_word' id='word_1_936' title='bbox 2229 5585 2300 5641; x_wconf 76' lang='grc'><strong>45</strong></span> <span class='ocrx_word' id='word_1_937' title='bbox 2323 5599 2442 5656; x_wconf 89' lang='lat' dir='ltr'><strong>seq.</strong></span> 
     </span>
    </p>
   </div>
   <div class='ocr_carea' id='block_1_114' title="bbox 272 5742 1789 5813">
    <p class='ocr_par' dir='ltr' id='par_1_114' title="bbox 272 5742 1789 5813">
     <span class='ocr_line' id='line_1_114' title="bbox 272 5742 1789 5813; baseline 0 -14"><span class='ocrx_word' id='word_1_938' title='bbox 272 5742 380 5813; x_wconf 68' lang='lat'><strong>(8,5)</strong></span> <span class='ocrx_word' id='word_1_939' title='bbox 416 5747 505 5799; x_wconf 80' lang='grc' dir='ltr'>οὐ</span> <span class='ocrx_word' id='word_1_940' title='bbox 538 5744 648 5798; x_wconf 81' lang='grc' dir='ltr'>διὰ</span> <span class='ocrx_word' id='word_1_941' title='bbox 671 5743 1084 5811; x_wconf 75' lang='grc' dir='ltr'>κατασκευήν,</span> <span class='ocrx_word' id='word_1_942' title='bbox 1109 5753 1214 5801; x_wconf 89' lang='lat' dir='ltr'><strong>etc.</strong></span> <span class='ocrx_word' id='word_1_943' title='bbox 1251 5742 1462 5800; x_wconf 83' lang='lat' dir='ltr'><strong>Jaclum</strong></span> <span class='ocrx_word' id='word_1_944' title='bbox 1498 5743 1601 5800; x_wconf 87' lang='lat' dir='ltr'><strong>hoc</strong></span> <span class='ocrx_word' id='word_1_945' title='bbox 1659 5757 1789 5799; x_wconf 87' lang='lat' dir='ltr'><strong>con-</strong></span> 
     </span>
    </p>
   </div>
   <div class='ocr_carea' id='block_1_115' title="bbox 1973 5739 3456 5816">
    <p class='ocr_par' dir='ltr' id='par_1_115' title="bbox 1973 5739 3456 5816">
     <span class='ocr_line' id='line_1_115' title="bbox 1973 5739 3456 5816; baseline 0.006 -22"><span class='ocrx_word' id='word_1_946' title='bbox 1973 5742 2095 5816; x_wconf 62' lang='grc' dir='ltr'><strong>(8³7)Δ</strong></span> <span class='ocrx_word' id='word_1_947' title='bbox 2127 5739 2426 5810; x_wconf 71' lang='grc' dir='ltr'>Ἀγατᾶτε.</span> <span class='ocrx_word' id='word_1_948' title='bbox 2481 5741 2554 5797; x_wconf 85' lang='lat' dir='ltr'><strong>lta</strong></span> <span class='ocrx_word' id='word_1_949' title='bbox 2625 5746 2795 5801; x_wconf 80' lang='lat' dir='ltr'><strong>codex</strong></span> <span class='ocrx_word' id='word_1_950' title='bbox 2849 5743 3211 5812; x_wconf 82' lang='lat' dir='ltr'><strong>Bodleianus,</strong></span> <span class='ocrx_word' id='word_1_951' title='bbox 3250 5741 3456 5816; x_wconf 70' lang='lat' dir='ltr'><strong>Regius</strong></span> 
     </span>
    </p>
   </div>
   <div class='ocr_carea' id='block_1_116' title="bbox 216 5813 764 5873">
    <p class='ocr_par' dir='ltr' id='par_1_116' title="bbox 216 5813 764 5873">
     <span class='ocr_line' id='line_1_116' title="bbox 216 5813 764 5873; baseline 0.004 -7"><span class='ocrx_word' id='word_1_952' title='bbox 216 5821 287 5868; x_wconf 78' lang='grc' dir='ltr'>ιη</span> <span class='ocrx_word' id='word_1_953' title='bbox 321 5813 764 5873; x_wconf 72' lang='lat' dir='ltr'><strong>Valentinianus.</strong></span> 
     </span>
    </p>
   </div>
   <div class='ocr_carea' id='block_1_117' title="bbox 1896 5813 2408 5885">
    <p class='ocr_par' dir='ltr' id='par_1_117' title="bbox 1896 5813 2408 5885">
     <span class='ocr_line' id='line_1_117' title="bbox 1896 5813 2408 5885; baseline -0.012 -14"><span class='ocrx_word' id='word_1_954' title='bbox 1896 5829 2048 5878; x_wconf 76' lang='lat' dir='ltr'><strong>vero,</strong></span> <span class='ocrx_word' id='word_1_955' title='bbox 2073 5813 2408 5885; x_wconf 67' lang='grc' dir='ltr'>ἀγαπήσατε.</span> 
     </span>
    </p>
   </div>
  </div>
