4082 6526
584 384 690 438 M13

2019 372 2340 434 ORIGENIS

3707 369 3812 425 60$

583 502 690 568 Qui
719 501 995 556 committit
1028 513 1299 568 peccatum
1342 519 1412 556 ex
1443 504 1656 556 diabolo
1699 513 1772 556 est
1800 499 1847 534 "
1874 519 1889 567 ;
1929 502 1996 554 de
2023 499 2147 554 ﬁliis

2252 504 2374 556 τους
2399 492 2645 564 ἐχθροὺς,
2673 491 2769 544 καὶ
2801 488 3165 560 προσεύχεσθε
3201 488 3343 559 ὑπὲρ
3356 486 3467 541 τῶν
3495 486 3817 551 διωκόντων,

583 609 713 648 vero
747 594 834 646 Dei
877 610 894 647 :
928 591 1114 646 Omnis
1149 595 1238 662 qui
1286 604 1443 648 natus
1493 605 1568 648 est
1603 610 1667 646 ea:
1711 592 1841 655 Deo,
1879 601 2146 658 peccatum

584 701 691 738 non
719 686 1013 748 committit,
1045 687 1296 754 quoniam
1335 702 1510 739 semen
1551 687 1716 752 ipsius
1762 685 1817 737 in
1861 700 1920 736 eo
1950 691 2146 748 manet,

584 784 631 825 et
661 790 763 826 non
791 783 953 842 potest
984 791 1217 842 peccare,
1252 791 1310 828 eo
1341 776 1482 843 quod
1530 791 1596 828 ea:
1644 775 1751 827 Deo
1795 785 1951 828 natus
1981 785 2056 828 est
2081 775 2146 837 τ’,

587 865 929 933 perspicuum
958 876 1040 919 est
1070 867 1342 920 hominem
1402 882 1620 921 onmem
1664 867 1753 935 qui
1793 864 2150 934 compleverit

588 957 882 1021 rationem,
909 957 990 1010 vel
1030 957 1198 1012 ﬁlium
1233 958 1344 1020 Dei,
1381 960 1463 1013 vel
1495 959 1664 1012 ﬁlium
1703 960 1902 1013 diaboli
1935 975 2056 1014 esse
2079 960 2147 1014 ⁷³.

590 1043 699 1096 Aut
735 1043 877 1096 enim
911 1047 1202 1099 committit
1236 1056 1536 1114 peccatum,
1567 1057 1661 1101 aut
1690 1064 1795 1102 non
1824 1049 2146 1105 committit:

588 1150 712 1188 cum
743 1135 878 1189 nihil
930 1137 998 1190 sit
1060 1139 1200 1192 inter
1232 1140 1574 1194 committere
1617 1151 1899 1208 peccatum
1945 1153 1998 1197 et
2044 1159 2149 1197 non

588 1227 928 1281 committere
979 1240 1312 1297 peccatum;
1371 1239 1426 1285 et
1483 1232 1527 1284 si
1595 1233 1813 1302 quidem
1867 1244 2149 1304 peccatum

590 1319 899 1386 committit,
953 1319 1150 1376 diaboli
1204 1332 1288 1375 est
1337 1340 1353 1391 ;
1405 1323 1488 1378 sin
1542 1341 1671 1380 vero
1724 1339 2000 1395 pet-catum
2043 1345 2149 1383 non

587 1415 898 1480 committit,
919 1427 983 1466 ex
1021 1414 1128 1467 Deo
1157 1424 1312 1468 natus
1337 1424 1438 1468 est.
1470 1414 1769 1484 Conjuncta
1809 1429 1936 1472 sunt
1969 1429 2150 1474 autem

587 1504 943 1558 enuntiationi
995 1505 1184 1560 horum
1235 1507 1300 1560 de
1344 1506 1472 1561 ﬁliis
1519 1508 1610 1561 Dei
1659 1517 1714 1562 et
1761 1509 1883 1563 ﬁliis
1930 1511 2150 1579 diaboli,

589 1611 711 1664 quae
737 1596 789 1650 in
820 1596 1057 1665 Epistola
1097 1598 1213 1667 ipsa
1247 1599 1506 1653 dicuntur
1555 1601 1622 1655 de
1663 1600 1752 1655 bis
1796 1602 1887 1671 qui
1935 1612 2060 1657 sunt
2097 1605 2150 1657 in

591 1687 727 1741 Filio
760 1689 878 1750 Dei,
905 1690 1079 1758 deque
1107 1691 1191 1744 his
1226 1693 1317 1759 qui
1348 1707 1452 1746 non
1484 1693 1739 1748 viderunt
1765 1709 1887 1749 eum
1913 1713 1928 1750 :
1963 1695 2149 1750 Omnia

589 1778 757 1842 enim,
788 1780 981 1846 inquit,
1017 1782 1108 1844 qui
1135 1781 1192 1835 in
1220 1797 1280 1834 co
1319 1793 1529 1846 manet,
1560 1800 1663 1836 non
1689 1794 1869 1852 peccat
1903 1801 1923 1849 ;
1964 1796 2013 1840 ct
2041 1803 2151 1840 ont-

590 1870 672 1924 nir
712 1869 803 1938 qui
834 1881 1036 1938 peccat,
1061 1889 1166 1926 non
1197 1875 1330 1926 vidit
1375 1875 1545 1942 ipsum
1582 1875 1654 1921 ⁷⁸3
1692 1877 1859 1946 Igitur
1895 1877 1940 1931 si
1975 1881 2151 1932 omnis

586 1961 680 2030 qui
712 1961 763 2014 in
804 1961 896 2015 illo
927 1973 1128 2025 manet,
1156 1977 1259 2017 non
1284 1977 1499 2033 peccat;
1532 1966 1624 2034 qui
1659 1976 1870 2036 peccat,
1901 1982 2008 2021 non
2045 1984 2153 2023 nta-

589 2061 682 2106 net
712 2053 765 2106 in
803 2051 972 2108 Filio:
1000 2063 1053 2108 et
1084 2056 1130 2109 si
1155 2059 1334 2111 omnis
1369 2059 1461 2127 qui
1505 2068 1715 2128 peccat,
1759 2075 1866 2113 non
1902 2059 2145 2128 viditiip-

587 2160 708 2198 sum
730 2161 745 2208 ;
768 2146 860 2215 qui
880 2147 1010 2200 vidit
1037 2149 1233 2214 ipsum,
1265 2164 1370 2204 non
1393 2161 1600 2219 peccat.
1629 2151 1839 2206 Pariter
1860 2153 1964 2207 hoc
1986 2154 2149 2207 etiam

591 2239 804 2292 notabis
841 2239 970 2307 quid
1012 2240 1112 2293 sibi
1154 2240 1279 2294 velit
1315 2240 1554 2296 Joannes
1589 2243 1773 2298 dicens
1804 2265 1815 2297 :
1844 2243 2025 2297 Omnis
2063 2245 2152 2313 qui

589 2337 794 2395 peccat,
832 2347 935 2382 non
967 2333 1094 2384 vidit
1131 2333 1326 2398 ipsum,
1364 2335 1520 2402 quasi
1557 2335 1640 2388 his
1673 2336 1874 2399 verbis,
1908 2338 2034 2389 vidit
2075 2338 2153 2405 ip-

590 2436 708 2472 sum
722 2419 792 2483 ",
820 2421 1050 2477 innuens
1069 2425 1501 2493 semperaliquos
1519 2441 1638 2480 esse
1654 2442 1811 2494 posse
1827 2429 1916 2496 qui
1941 2429 2154 2486 videant

587 2509 749 2580 325
775 2509 968 2564 Filium
1007 2513 1118 2576 Dei,
1147 2515 1348 2583 quique
1375 2531 1439 2567 ex
1477 2516 1653 2584 ipsius
1690 2517 1897 2570 visione
1933 2517 2153 2584 partici-

589 2609 719 2668 pent
748 2603 1043 2671 potentiam
1080 2619 1356 2671 nunquam
1391 2606 1668 2672 peccandi.
1717 2605 1983 2660 Prteterea
2005 2607 2153 2660 dices

590 2694 706 2748 haec
737 2695 946 2748 verba:
992 2693 1091 2748 Vo:
1125 2696 1299 2764 facitis
1345 2713 1502 2763 opera
1539 2698 1705 2766 patris
1747 2700 1904 2751 vestri
1945 2699 2012 2761 ⁷⁸,
2056 2699 2153 2752 ali-

588 2789 803 2854 quando
852 2787 1071 2857 quidem
1125 2788 1231 2840 dici
1273 2789 1340 2842 ad
1395 2788 1530 2843 lilios
1579 2790 1813 2854 diaboli,
1863 2790 2154 2858 aliquando

586 2892 716 2933 vero
743 2880 810 2933 ad
846 2880 986 2936 ﬁlios
1020 2878 1113 2935 hei
1152 2896 1166 2931 :
1199 2893 1291 2948 qut
1351 2890 1571 2947 peccata
1625 2897 1857 2950 namque
1905 2884 2152 2938 commit-

587 2980 729 3036 tunt,
757 2987 919 3040 opera
950 2976 1128 3042 patris
1149 2973 1233 3025 sui
1261 2971 1459 3026 diaboli
1505 2974 1887 3038 committunt;
1939 2985 1994 3029 at
2022 2991 2154 3030 vero

587 3064 678 3131 qui
708 3065 967 3133 praeclare
1013 3081 1072 3120 se
1115 3073 1338 3136 gerunt,
1395 3078 1562 3132 opera
1607 3067 1810 3120 faciunt
1853 3066 2032 3122 Patris
2069 3067 2148 3121 sui

2249 589 2278 638 6
2309 587 2383 656 μὴ
2408 585 2483 638 ὢν
2517 585 2780 656 πρότερον
2824 582 2918 636 τοῦ
2960 586 3018 636 ἐν
3054 583 3304 652 οὐρανοῖς
3352 579 3569 650 Πατρὸς
3599 577 3819 651 ῦατερον

2248 679 2414 731 αὐτοῦ
2447 679 2656 746 γίνεται
2701 676 2837 740 υἱός,
2869 675 2988 728 Ὅτι
3027 674 3084 728 δὲ
3115 674 3205 726 διὰ
3247 673 3309 725 τό
3346 671 3483 742 (88)·
3527 670 3619 724 Ἐν
3647 669 3819 740 τούτῳ

2251 771 2460 841 φανερὰ
2490 772 2605 823 ἐστι
2634 769 2701 822 τὰ.
2725 769 2860 839 ἔργα
2889 767 2984 820 τοῦ
3004 765 3162 830 Θεοῦ,
3199 766 3295 820 καὶ
3321 763 3392 816 τὰ
3421 762 3562 834 ἔργα
3589 762 3682 814 τοῦ
3705 761 3820 814 δια-

2250 864 2429 926 ϐόλου,
2464 861 2860 933 προειρημένον
2893 859 3002 929 (89)
3028 859 3155 928 περὶ
3188 858 3288 927 μὲν
3314 855 3422 909 τῶν
3455 853 3553 906 τοῦ
3579 853 3818 907 διαϐόλου

2248 957 2474 1017 τέκνων,
2509 956 2592 1008 ὅτι
2637 955 2699 1006 '0
2724 951 2911 1005 ποιῶν
2941 951 3055 1018 τὴν
3077 949 3374 1019 ἁμαρτίαν
3399 948 3469 1001 ἐκ
3493 947 3602 1000 τοῦ
3625 945 3816 999 διαϐό-

2249 1051 2363 1101 λου
2392 1047 2525 1100 ἐστί
2544 1062 2560 1078 ο
2592 1045 2720 1115 περὶ
2742 1043 2799 1096 δὲ
2827 1043 2936 1095 τῶν
2963 1043 3055 1095 τοῦ
3075 1040 3233 1102 Θεοῦ,
3266 1041 3348 1092 ὃτι
3376 1037 3505 1104 Πᾶς
3549 1041 3582 1092 ό
3626 1054 3821 1106 πεῖ-εν-

2250 1138 2509 1208 νημένος
2555 1138 2623 1191 ἐκ
2673 1137 2780 1190 τοῦ
2832 1135 2980 1190 Θεοῦ
3033 1135 3334 1204 ἁμαρτίαν
3384 1135 3457 1186 οὺ
3508 1130 3686 1195 ποιεῖ,
3733 1129 3820 1182 ὅτι

2252 1231 2488 1299 σπέρμα
2525 1229 2711 1283 αὑτοῦ
2761 1229 2830 1281 ὲν
2874 1227 3033 1292 αὑτῷ
3076 1227 3267 1295 μένει,
3311 1223 3412 1276 καὶ
3448 1226 3520 1277 οὺ
3576 1222 3820 1276 δύναται

2251 1321 2631 1391 ἁμαρτάνειν,
2682 1321 2771 1374 ὅτι
2813 1321 2883 1372 ὲκ
2908 1319 3016 1372 τοῦ
3043 1317 3191 1372 Θεοῦ
3229 1316 3602 1386 γεγέννηται,
3635 1313 3817 1381 caete,

2250 1414 2332 1466 ὅτι
2363 1414 2469 1475 πᾶς
2502 1411 2808 1483 ἄνθρωπος,
2845 1406 3332 1479 συμπεπληρωκὼς
3359 1406 3453 1458 τὸν
3484 1405 3666 1471 λόγον,
3706 1403 3819 1473 ἤτοι

2251 1504 2438 1558 τέκνον
2462 1503 2557 1556 τοῦ
2587 1501 2722 1555 Θεοῦ
2751 1503 2918 1564 ἐστιν,
2947 1500 2980 1570 ἢ
3026 1499 3214 1553 τέκνον
3245 1497 3338 1551 τοῦ
3389 1495 3642 1550 διαϐόλου
3661 1510 3676 1523 ·
3709 1495 3822 1562 ἦτοι

2252 1596 2361 1666 γὰρ
2393 1598 2537 1649 ποιεῖ
2568 1595 2862 1666 ἁμαρτίαν,
2914 1594 2946 1664 ἢ
2975 1593 3246 1664 ἁμαρτίαν
3297 1591 3360 1643 οὐ
3412 1592 3582 1651 ποιεῖ,
3616 1587 3821 1649 οὐδενὸς

2251 1686 2402 1750 δπος
2425 1685 2628 1758 μεταξὺ
2666 1685 2761 1738 τοῦ
2791 1687 2962 1738 ποιεῖν
2991 1681 3262 1754 ἁμαρτίαν
3295 1682 3390 1734 καὶ
3425 1680 3520 1734 τοῦ
3551 1679 3822 1749 ἁμαρτίαν

2258 1782 2331 1853 μὴ
2363 1784 2536 1835 ποιεῖν
2555 1797 2571 1810 ·
2605 1780 2700 1834 καὶ
2729 1781 2778 1832 εἰ
2810 1778 2906 1848 μὲν
2930 1779 3072 1831 ποιεῖ
3099 1775 3400 1846 ἁμαρτίαν,
3426 1775 3492 1826 ἐκ
3523 1771 3619 1826 τοῦ
3647 1771 3821 1824 διαϐό-

2253 1874 2343 1926 λου
2378 1874 2550 1926 ἐστίν⁹
2581 1872 2710 1924 εἰδὲ
2738 1868 3010 1940 ἁμαρτίαν
3036 1868 3097 1920 οὐ
3131 1869 3296 1930 ποιεῖ,
3330 1867 3395 1917 ὲκ
3432 1863 3529 1916 τοῦ
3565 1861 3699 1915 Θεοῦ
3731 1878 3822 1929 γε-

2250 1965 2758 2037 γέννηται.Ἔχεται
2780 1963 2839 2014 δὲ
2860 1962 2958 2031 τῆς
2981 1962 3038 2013 ἐν
3049 1959 3257 2023 τούτοις
3292 1957 3424 2029 περὶ⁵
3455 1957 3666 2008 τέκνων
3693 1953 3823 2006 Θεοῦ

2252 2058 2344 2109 καὶ
2374 2056 2577 2108 τέκνων
2598 2051 2843 2106 διαϐόλου
2872 2051 3198 2118 ἀποφάσεως
3230 2049 3299 2101 τὰ
3319 2049 3378 2098 ὲν
3405 2048 3472 2116 τῇ
3504 2046 3646 2114 αὐτῇ
3681 2044 3825 2096 Ἐπι-

2252 2149 2412 2220 στολῇ
2442 2147 2711 2218 λεγόμενα
2737 2145 2865 2214 περὶ
2896 2142 3004 2196 τῶν
3024 2142 3192 2194 όντων
3218 2142 3276 2192 ὲν
3305 2139 3382 2208 τῷ
3415 2136 3531 2206 Υἰῷ
3562 2135 3656 2188 τοῦ
3671 2133 3823 2197 Θεοῦ,

2251 2243 2344 2295 καὶ¹
2372 2240 2483 2292 τῶν
2519 2240 2593 2310 μὴ
2627 2237 2948 2308 ἑωρακότων
2992 2233 3153 2286 αὐτόν
3177 2249 3192 2261 ’
3228 2230 3354 2297 Πᾶς
3404 2229 3537 2299 γὰρ,
3578 2227 3759 2298 φησὶν,
3794 2227 3826 2278 ὁ

2251 2334 2322 2385 ἐν
2351 2328 2511 2394 αὐτῷ
2778 2328 2891 2393 οὐχ
2930 2321 3284 2392 ἁμαρτάνει·
3328 2320 3429 2372 καὶ
3475 2316 3598 2382 πᾶς
3652 2315 3760 2384 (90)
3795 2316 3827 2366 d

2251 2419 2608 2490 ἁμαρτάνων
2645 2418 2756 2484 οὐχ
2787 2415 3043 2481 ἑωρακεν
3087 2411 3291 2465 αὐτόν.
3324 2405 3536 2461 Οὐκοῦν
3567 2405 3618 2456 εἱ
3650 2404 3754 2464 πᾶς
3800 2403 3828 2453 6

2251 2514 2310 2564 ἐν
2334 2509 2481 2580 αὑτῷ
2529 2508 2706 2579 μένων
2727 2507 2825 2575 οὐχ
2851 2502 3150 2574 ἁμαρτάνει
3178 2499 3313 2570 (91),
3347 2499 3377 2550 6
3407 2494 3740 2567 ἁμαρτάνων
3766 2490 3827 2542 οὐ

2256 2607 2406 2676 μένει
2464 2606 2522 2656 ὲν
2562 2600 2642 2671 τῷ
2674 2597 2824 2668 Υἱῷο
2876 2597 2971 2651 καὶ
3014 2598 3062 2648 εἰ
3108 2596 3214 2656 πᾶς
3277 2595 3306 2645 6
3349 2589 3686 2660 ἁμαρτάνων
3731 2585 3830 2652 οὐχ

2253 2697 2494 2770 δώρακεν
2518 2693 2702 2754 αὐτὸν,
2729 2693 2757 2744 6
2775 2687 3032 2760 ἑωρακὼς
3053 2685 3214 2738 αὐτὸν
3227 2683 3326 2752 οὐχ
3340 2678 3830 2770 ἁμαρτάνει.⁶Ἀμα

2251 2788 2308 2842 δὲ
2331 2763 2437 2840 ’καὶ
2486 2781 2815 2855 σημειώσεις
2843 2780 2954 2847 (92)
2982 2777 3034 2828 τί
3072 2773 3208 2829 νοῶν
3241 2775 3270 2824 6
3299 2772 3558 2840 Ἰωάννης
3585 2763 3705 2820 εἷπε
3721 2765 3814 2855 τό--

2251 2876 2377 2943 Πᾶς
2409 2879 2442 2930 ὁ
2470 2852 2820 2944 ἁμαρτάνων
2843 2871 2954 2936 οὐχ
2979 2865 3238 2934 ἑώρακεν
3254 2860 3465 2926 αὐτόν,
3485 2858 3576 2912 διὰ
3603 2857 3681 2910 τό·
3699 2852 3831 2909 Ἑώ-

2246 2983 2434 3036 ρακεν
2457 2964 2663 3027 αὑτὸν,
2692 2961 2766 3024 ὡς
2802 2960 2888 3012 ἀεὶ
2917 2954 3228 3025 δυναμένων
3257 2948 3398 3004 εἶναι
3436 2947 3548 3000 τῶν
3576 2946 3828 3017 ὁρώντων

2251 3063 2342 3114 τὸν
2373 3060 2501 3113 Υἱδν
2534 3056 2627 3111 τοῦ
2659 3053 2815 3115 Θεοῦ,
2847 3052 2941 3105 καὶ
2967 3052 3032 3104 ὲκ
3059 3048 3152 3101 τοῦ
3195 3043 3496 3116 ἑωρακέναι
3534 3039 3696 3092 αὐτὸν
3731 3053 3829 3107 μευ

590 3131 723 3210 Dei;
741 3155 847 3210 Sed
881 3131 1162 3225 probabile
1200 3167 1287 3212 est
1334 3131 1574 3210 futurum
1627 3174 1684 3212 ut
1725 3161 1922 3229 aliquis
1967 3176 2033 3214 ex
2070 3163 2150 3217 his

2253 3148 2706 3222 ταλαμϐανόντων
2762 3143 3040 3212 δυνάμεως
3086 3139 3223 3211 πρὸς
3254 3135 3316 3188 τὺ
3350 3131 3831 3230 μηδαμῶς-,ἁμαρ-

588 3259 887 3314 moveatur,
914 3249 1162 3318 cogitans
1192 3267 1260 3302 an
1287 3249 1536 3302 iaciendo
1565 3250 1701 3305 bona
1729 3261 1785 3306 et
1815 3251 1951 3305 mala
1993 3268 2148 3308 seor-

587 3353 731 3403 sum,
757 3339 898 3392 idem
935 3351 1156 3408 propter
1183 3340 1322 3393 bona
1355 3339 1498 3394 lilius
1533 3340 1650 3404 Dei,
1678 3352 1734 3394 et
1763 3352 1988 3411 pr0pter
2012 3345 2148 3399 mala

588 3429 731 3483 ﬁlius
753 3431 951 3484 diaboli
981 3445 1103 3485 esse
1126 3431 1317 3499 possit.
1358 3430 1466 3484 Sed
1495 3431 1599 3485 hoc
1625 3433 2151 3503 prteterquam'qnod

585 3518 1041 3580 absurdissimum
1062 3531 1164 3586 est,
1192 3537 1298 3576 non
1329 3523 1575 3576 innttitur
1597 3540 1662 3578 ex
1690 3524 1869 3578 dictis.
1894 3522 2151 3580 Ettuntiat

588 3623 820 3678 namque
836 3608 1071 3667 Joannes
1095 3614 1235 3680 quod
1260 3615 1634 3682 unusquisque
1653 3617 1745 3685 qui
1769 3631 1832 3670 ex
1864 3618 1971 3672 Deo
1993 3629 2151 3672 natus

589 3713 694 3768 est,
717 3712 993 3771 peccatum
1014 3721 1122 3758 non
1150 3705 1331 3771 faciat,
1353 3705 1498 3775 quod
1519 3721 1704 3762 semen
1725 3706 1872 3764 illius
1896 3711 1946 3763 in
1971 3712 2152 3779 seipso

589 3787 805 3852 haheat,
836 3805 936 3845 nec
969 3806 1127 3859 posse
1153 3793 1296 3847 hunc
1338 3808 1599 3862 peccare,
1650 3811 1717 3850 eo
1757 3799 1899 3866 quod
1939 3813 2001 3852 ex
2043 3799 2151 3856 Deo

589 3889 750 3936 natus
782 3882 888 3935 sit:
920 3881 1103 3937 Omnia
1128 3885 1307 3954 igitur,
1349 3887 1438 3953 qui
1469 3903 1534 3940 ea:
1567 3887 1672 3941 Deo
1701 3899 1856 3943 natus
1889 3901 1992 3956 est,
2030 3909 2151 3960 pec-

586 3980 762 4023 catum
791 3987 894 4023 non
923 3975 1196 4026 committit
1246 3975 1314 4039 7‘;
1371 3991 1472 4031 nec
1534 3986 1713 4032 tamen
1762 3991 2022 4050 sertptum
2069 3992 2151 4038 est

585 4062 730 4130 quod
750 4062 931 4115 ontnis
962 4074 1122 4118 natus
1149 4080 1212 4118 ex
1237 4066 1459 4121 diabolo
1487 4107 1503 4132 ,
1538 4069 1805 4136 justitiam
1853 4088 1958 4125 non
1999 4089 2151 4128 com-

589 4157 787 4223 mittit;
817 4159 913 4212 sed
941 4175 956 4211 :
982 4158 1086 4223 Qui
1114 4161 1390 4212 committit
1411 4171 1700 4228 peccatum,
1725 4180 1789 4217 ex
1817 4165 2027 4217 diabolo
2052 4176 2148 4220 est.

589 4247 797 4303 Rursus
829 4265 932 4302 non
963 4251 1418 4318 quemadmodum
1450 4253 1653 4306 dictum
1700 4265 1824 4310 est:
1864 4255 1969 4319 Qui
2011 4273 2153 4309 com-

589 4341 746 4392 mittit
771 4349 1064 4407 peccatum,
1095 4357 1159 4393 ea:
1179 4342 1386 4395 diabolo
1410 4353 1485 4396 est
1522 4345 1590 4405 ⁷⁷,
1624 4345 1701 4399 ita
1734 4348 1995 4415 scriptum
2022 4359 2106 4402 est
2133 4366 2148 4403 :

591 4428 693 4492 Qui
739 4429 1031 4483 committit
1069 4430 1363 4498 justitiam,
1408 4445 1474 4484 ex
1525 4432 1634 4488 Deo
1682 4445 1787 4490 est.
1851 4437 1920 4491 Et
1958 4438 2152 4492 adhibe

2254 3245 2454 3299 τὰνειν.
2500 3242 2621 3294 Ἔτι
2655 3240 2866 3309 φήσεις,
2912 3236 3015 3296 ὃτι,
3056 3231 3250 3300 Ὑμεῖς
3293 3227 3515 3288 ποιεῖτε
3571 3224 3641 3276 τὰ
3687 3222 3832 3289 ἔρῃ),

2254 3337 2360 3391 τοῦ
2419 3332 2642 3400 πατρὸς
2699 3329 2865 3398 ὑμῶν
2888 3369 2904 3392 ,
2954 3325 3042 3378 ὁτὲ
3085 3324 3182 3393 μὲν
3213 3321 3410 3389 λέγοιτ’
3440 3320 3510 3374 ἂν
3540 3315 3677 3387 πρὸς
3706 3313 3832 3373 τοὺς

2254 3430 2403 3491 υἱοὺς
2433 3425 2528 3478 τοῦ
2560 3421 2808 3476 διαϐόλου
2829 3459 2845 3483 ,
2889 3418 2977 3472 ότὲ
3037 3415 3170 3486 πρὸς
3199 3414 3325 3476 τοὺς
3359 3411 3511 3472 υἱοὺς
3543 3406 3637 3461 τοῦ
3670 3404 3826 3458 Θεοῦ.

2256 3522 2319 3573 Οἱ
2356 3518 2456 3589 μὲν
2486 3515 2596 3586 γὰρ
2628 3511 3028 3584 ἁμαρτάνοντες
3067 3504 3279 3558 ποιοῦσι
3323 3502 3394 3555 τὰ
3439 3501 3581 3572 ἔργα
3605 3497 3696 3552 τοῦ
3728 3513 3830 3589 πα-

2419 3607 2599 3662 αὑτῶν
2647 3603 2932 3658 διαϐόλουο
2980 3602 3029 3651 oi
3083 3597 3138 3650 δὲ
3175 3592 3571 3684 κατορθοῦντες
3619 3587 3830 3684 ποιοῦςξι

2253 3675 2325 3754 tr}:
2357 3699 2492 3770 ἔργα
2522 3694 2614 3749 τοῦ
2650 3692 2862 3763 Πατρὸς
2911 3687 3089 3742 αὐτῶν
3136 3683 3294 3738 Θεοῦ.
3330 3681 3491 3743 Εἰκὸς
3519 3680 3577 3733 δὲ
3617 3675 3831 3770 ἐκτοῦ-

2253 3808 2361 3844 των
2385 3767 2506 3841 τινὰ
2539 3780 2946 3856 κινηθήσεσθαι,
2982 3777 3056 3849 μὴ
3089 3777 3195 3848 ἄρα
3214 3775 3437 3840 δύνηται
3456 3772 3567 3842 (95)
3591 3773 3619 3824 6
3647 3767 3826 3831 αὐτὸς,

2253 3884 2332 3955 τῷ
2370 3883 2540 3935 ποιεῖν
2571 3876 2752 3946 ἀγαθὰ
2784 3874 2877 3928 καὶ
2908 3869 3121 3942 πονηρὰ
3175 3868 3310 3939 ἔργα
3345 3865 3451 3919 ἁνὰ
3498 3864 3688 3936 μέρος,
3740 3860 3828 3955 διὰ

2259 3952 2357 4045 μεν
2399 3973 2465 4026 τὰ
2497 3968 2677 4038 ἁγαθὰ
2708 3967 2896 4018 τέκνον
2922 3958 3059 4015 εἷναι
3105 3959 3262 4020 Θεοῦ,
3294 3956 3382 4009 διὰ
3411 3955 3470 4009 δὲ
3501 3955 3573 4008 τὰ
3613 3952 3829 4006 ἐναντία

2255 4042 2442 4120 τέκνον
2487 4064 2580 4118 τοῦ
2625 4061 2894 4116 διαϐόλου.
2936 4055 3095 4110 Ἀλλὰ
3133 4052 3292 4106 τοῦτο
3317 4049 3454 4120 πρὸς
3488 4046 3570 4117 τῷ
3621 4042 3828 4118 ἀλογώ-

2255 4177 2411 4212 τατον
2449 4153 2587 4210 εἶναι
2620 4155 2680 4206 οῦ
2721 4150 2975 4222 δηλοῦται
3025 4145 3135 4202 ἀπὸ
3166 4143 3272 4196 τῶν
3311 4138 3512 4212 ῥητῶν.
3573 4134 3829 4204 Ἀποφαί-

2255 4263 2402 4300 νεται
2428 4245 2535 4314 γὰρ
2570 4244 2599 4294 6
2640 4242 2914 4307 Ἰωάννης,
2965 4237 3048 4289 ὅτι
3094 4234 3202 4296 πᾶς
3255 4234 3283 4284 6
3330 4227 3731 4298 γεγεννημένος
3765 4226 3826 4275 ὲκ

2255 4337 2349 4390 τοῦ
2365 4334 2498 4388 Θεοῦ
2517 4330 2790 4403 ἁμαρτίαν
2811 4328 2874 4382 οὐ
2895 4328 3056 4388 ποιεῖ,
3080 4325 3160 4376 ὅτι
3178 4321 3399 4392 σπέρμα
3414 4317 3580 4371 αὑτοῦ
3605 4318 3663 4369 ὲν
3681 4314 3827 4383 αὐτῷ

2260 4430 2426 4500 μένει,
2475 4426 2569 4479 καὶ
2596 4425 2656 4477 οὐ
2684 4422 2906 4474 δύναται
2951 4414 3307 4490 ἁμαρτάνειν,
3341 4414 3421 4465 ὅτι
3466 4413 3532 4464 ὲκ
3565 4409 3659 4462 τοῦ
3692 4407 3824 4460 Θεοῦ

590 4522 831 4576 animum
883 4524 950 4577 ad
1001 4525 1336 4580 dilicrentias
1391 4527 1862 4596 propositionum,
1910 4543 2144 4597 quonam

2252 4499 2587 4592 γεγέννηται.
2617 4513 2743 4580 Πᾶς
2787 4512 2965 4566 τοίνυν
2993 4513 3025 4564 ό
3056 4508 3424 4578 γεννώμενος
3452 4505 3522 4557 ἐκ
3552 4501 3660 4555 τοῦ
3683 4499 3827 4597 Θεοῦ

590 4624 748 4684 pacto
775 4631 896 4670 eum
924 4618 1070 4671 omni
1107 4617 1385 4684 diligentia
1408 4635 1436 4672 a
1460 4617 1669 4674 Joanne
1707 4623 1869 4676 dicta:
1898 4621 2102 4678 fuerint
2129 4640 2146 4678 :

591 4706 726 4761 adeo
752 4717 812 4760 ut
831 4707 1060 4762 miretur
1085 4709 1281 4778 aliquis
1302 4711 1569 4779 quomodo
1602 4713 2152 4781 irreprebensibiliter

597 4816 652 4861 et
697 4809 753 4854 ut
779 4802 1001 4872 quidam
1033 4803 1299 4867 dicerent,
1328 4803 1634 4870 dialectice,
1663 4805 1770 4858 illis
1794 4820 1923 4859 usus
1963 4804 2148 4871 fuerit,

589 4889 791 4944 similia
815 4904 926 4945 non
981 4892 1215 4947 aﬂerens
1253 4894 1320 4948 de
1373 4895 1458 4949 his
1501 4896 1592 4963 qui
1638 4906 1768 4949 sunt
1821 4911 1888 4950 ex
1939 4895 2155 4951 diabolo

590 4985 763 5056 deque
796 4988 879 5043 his
920 4989 1010 5057 qui
1045 4997 1172 5042 sunt
1213 5003 1279 5044 ex
1333 4988 1484 5042 Deo:
1519 4988 1771 5042 similiter
1817 5003 1944 5042 vero
1989 4996 2150 5041 extu-

587 5077 758 5142 lisset,
781 5081 827 5134 si
859 5084 1191 5153 scripsisset,
1228 5081 1708 5152 quemadmodum,
1741 5079 1847 5146 Qui
1879 5089 2149 5148 peccatum

587 5172 880 5238 committit,
911 5191 975 5227 ea:
1010 5176 1223 5229 diabolo
1247 5183 1352 5239 est;
1373 5171 1589 5240 ita,Qui
1607 5171 1875 5242 justitiam
1895 5173 2149 5226 commit-

2255 4609 2546 4681 ἁμαρτίαν
2590 4608 2662 4661 οὑ
2705 4604 2892 4658 ποιεῖ’
2925 4602 2985 4655 οὐ
3022 4600 3127 4671 μὴν
3161 4598 3503 4668 γέγραπται,
3540 4597 3622 4649 ὅτι
3657 4595 3765 4655 πᾶς
3801 4592 3829 4643 6

2256 4700 2650 4773 γεγεννημένος
2679 4699 2744 4751 ὲκ
2771 4696 2863 4750 τοῦ
2903 4694 3148 4748 διαϐόλου
3185 4688 3537 4758 δικαιοσύνην
3569 4688 3631 4740 οὐ
3666 4686 3825 4737 ποιεῖ·

2256 4790 2371 4842 ἀλλ’
2395 4789 2448 4840 Ὀ
2470 4785 2656 4841 ποιῶν
2685 4784 2800 4852 τὴν
2827 4783 3117 4853 ἁμαρτίαν
3145 4780 3213 4833 ἐκ
3238 4779 3342 4833 τοῦ
3362 4778 3648 4832 διαϐόλου
3672 4773 3827 4829 ἐστί.

2253 4880 2421 4935 Πάλιν
2448 4879 2568 4948 οὐχὶ
2597 4878 2784 4948 ὥσπερ
2811 4876 3059 4947 εἴρηται·
3099 4874 3162 4926 '0
3188 4872 3376 4926 ποιῶν
3395 4871 3512 4939 τὴν
3537 4869 3830 4939 ἁμαρτίαν

2251 4971 2320 5024 ἐκ
2367 4971 2475 5024 τοῦ
2513 4969 2794 5022 διαϐόλου
2827 4966 3016 5031 ἐστὶν,
3067 4964 3238 5027 οὕτως
3283 4963 3720 5035 ἀναγέγραπταιο
3768 4959 3825 5012 ’0

2253 5063 2420 5116 ποιῶν
2446 5061 2544 5132 τὴν
2561 5059 2905 5130 δικαιοσύνην
2923 5060 2989 5111 ὲκ
3007 5057 3101 5111 τοῦ
3127 5056 3262 5110 Θεοῦ
3292 5059 3427 5110 ἐστι.
3457 5056 3569 5108 Καὶ
3590 5053 3826 5124 πρόςχες

2253 5155 2374 5216 ταῖς
2407 5152 2689 5224 διαφοραῖς
2719 5151 2827 5204 τῶν
2855 5150 3172 5223 προτάσεων
3195 5188 3212 5213 ,
3260 5149 3382 5202 τίνα
3437 5147 3640 5218 τρόπον
3690 5143 3826 5214 μετὰ

651 5337 696 5368 ⁷⁸
729 5335 923 5392 lJoan.
944 5338 1152 5403 ut,8et
1176 5339 1262 5394 ιο.
1333 5339 1380 5372 ⁷³
1407 5340 1536 5395 ibid.
1566 5338 1621 5394 9.
1693 5338 1740 5370 ⁷³
1763 5336 2000 5394 ibidJO.
2081 5339 2130 5370 "

2252 5338 2367 5394 ιδ.
2442 5335 2761 5392 "ibidJl.
2837 5332 3292 5397 "lJoan.ttt,9.
3364 5307 3657 5384 "ibid/8.

658 5461 915 5554 (8§i"_0ct
947 5434 1016 5528 δὲ
1042 5475 1140 5554 διὰ
1164 5477 1252 5554 τό,
1275 5487 1384 5554 etc.
1436 5476 1492 5554 In
1551 5477 1738 5554 codice
1776 5475 1947 5554 Regio
2005 5474 2150 5554 deest

2252 5471 2351 5554 οῦχ
2382 5469 2683 5554 ἁμαρτανει
2704 5485 2718 5498 ·
2750 5467 2951 5538 Regius
2977 5479 3259 5536 perperam
3291 5463 3455 5517 habet
3483 5463 3513 5514 6
3546 5463 3605 5513 ὲν
3643 5457 3825 5512 αὐτῶν

587 5542 903 5618 _6é{lbi_dcm
943 5562 1048 5599 non
1086 5547 1213 5618 legit
1273 5546 1558 5600 Ferrarius
1615 5546 1770 5618 ἔργα,
1822 5542 1916 5600 sed
1966 5542 2156 5605 τέκνα,

585 5614 740 5685 juxta
759 5612 789 5685 _l
811 5611 968 5685 _J_oan.
993 5631 1073 5685 tu,
1108 5611 1196 5680 li),
1227 5619 1370 5685 quod
1407 5627 1610 5670 rectum
1645 5611 1882 5670 'videtur.

804 5682 983 5756 {iudex
998 5682 1423 5756 ‘chiusfmale,
1444 5685 1872 5756 προειρημένων.

663 5752 777 5822 (90)
798 5752 908 5822 [fui
939 5751 1074 5818 πᾶς.
1113 5751 1167 5807 In
1190 5757 1374 5809 codice
1395 5751 1560 5822 Regio
1589 5751 1738 5807 deiist
1760 5755 1873 5807 καί.

665 5820 777 5893 (9i)
805 5820 986 5878 Codex
1023 5825 1374 5889 Bodleianus,
1423 5820 1585 5889 recte,
1622 5825 1650 5875 ὁ
1693 5828 1750 5876 ἐν
1784 5825 1929 5892 αὑτῴ
1978 5826 2153 5892 μένων

2253 5543 2464 5681 091(1):?
2467 5557 2848 5692 Ἑῇἒὲῦοεις.
2885 5605 2976 5662 Sic
3006 5606 3174 5661 codex
3208 5603 3572 5666 Bodleianus;
3616 5597 3822 5667 Regius

2255 5697 2406 5741 vero,
2443 5694 2744 5750 σημειωσῃ.
2811 5744 2863 5750 __
3036 5745 3050 5750 ‘
3191 5744 3223 5750 _
3285 5743 3318 5750 η
3359 5743 3372 5750 _
3617 5737 3658 5750 ,ι
3737 5737 3749 5748 .

2324 5737 2436 5820 (93)
2466 5737 2742 5813 Α’ὖνηταῖ.
2808 5744 2901 5802 Sic
2951 5745 3120 5801 codex
3189 5743 3552 5807 Bodleianus;
3617 5737 3820 5808 Regius

2253 5838 2400 5888 vero,
2430 5821 2668 5873 δύναται.
