4082 6532
313 362 411 416 605

1385 367 1740 424 (ΖΟΜΜΕΝΤ.
1781 368 1850 422 IN
1887 368 2080 425 JOAN.
2115 368 2356 426 TOMUS
2390 373 2510 429 XX.

3483 381 3590 437 606

313 485 484 556 πάσης
519 484 834 556 ἀκριϐείας
860 487 937 559 τῷ
981 486 1201 562 Ἰωάννῃ
1234 486 1496 560 εἴρηνταιο
1527 489 1659 544 ὥστ’
1681 490 1748 545 ἂν
1782 489 1897 544 θαυ‹

2016 491 2100 556 tit,
2137 507 2204 548 ex
2237 492 2345 548 Deo
2369 501 2497 562 est;
2537 493 2624 549 vel
2667 494 2738 561 si,
2771 495 3224 564 quemadmodum
3247 499 3586 566 scripserat:

316 579 477 648 μάσαι
509 579 638 632 τινὰ
680 579 808 643 πῶς
843 581 1117 653 άλήπτως,
1153 582 1268 645 καὶ,
1295 581 1370 646 ὡς
1403 583 1469 637 ἂν
1497 584 1701 638 εῐποιέν
1733 601 1912 650 τινες,

316 669 676 735 διαλεκτικῶς
746 671 1041 744 ἐξήνεγκεν
1088 673 1293 739 αὑτάς,
1345 675 1419 747 μὴ
1461 676 1530 730 τά
1583 678 1743 748 ὅμοια
1801 676 1912 749 (94)

319 763 845 834 προσενεγκάμενος
878 765 1006 836 περὶ
1037 764 1145 818 τῶν
1179 769 1241 819 ἐκ
1267 765 1362 820 τοῦ
1386 767 1655 835 διαϐόλου,
1689 771 1782 824 καὶ
1803 773 1912 827 τῶν

317 859 376 910 ὲκ
405 855 499 909 τοῦ
531 856 714 910 Θεοῦ’
747 859 956 929 ὁμοίως
1006 857 1050 911 δ’
1078 857 1144 912 ἂν
1177 859 1491 930 ἐξήνεγκεν,
1550 864 1599 915 εἰ
1651 865 1912 935 ἐπεποιή-

315 968 427 1012 κει,
468 950 666 1022 ὥσπερ
713 950 807 1003 τὸο
859 951 910 1002 Ὀ
940 949 1125 1004 ποιῶν
1181 949 1298 1019 τὴν
1352 952 1648 1020 ἁμαρτίαν
1695 954 1764 1006 ἐκ
1803 955 1910 1009 τοῦ

315 1039 596 1095 διαϐόλου
641 1041 860 1106 ἐστὶν,
893 1042 1096 1107 οὕτως·
1129 1045 1188 1097 '0
1235 1043 1404 1097 ποιῶν
1433 1045 1531 1117 τὴν
1565 1045 1910 1119 δικαιοσύνην

315 1137 371 1187 ἐκ
400 1132 494 1186 τοῦ
523 1135 668 1188 Θεοῦ
707 1137 896 1188 ἐστιν·
933 1136 965 1207 ἢ
999 1137 1046 1188 εἰ
1079 1135 1190 1208 (95)
1224 1135 1414 1208 ὥσπερ
1457 1137 1784 1208 ἀνέγραφεν,
1827 1140 1908 1192 ὅτι

313 1224 428 1292 Πᾶς
456 1229 489 1279 ὁ
529 1225 990 1296 γεγεννημένος
1041 1227 1109 1280 ἐκ
1161 1227 1268 1282 τοῦ
1319 1229 1468 1282 Θεοῦ
1509 1230 1802 1299 ἁμαρτίαν
1836 1232 1908 1284 οὐ

313 1320 484 1382 ποιεῖ,
542 1321 882 1390 ἐπεποιήκει
924 1319 1015 1373 τό·
1045 1320 1160 1383 Πᾶς
1202 1322 1230 1374 6
1267 1322 1665 1392 γεγεννημένος
1718 1324 1782 1375 ὲκ
1813 1322 1906 1375 τοῦ

310 1407 550 1462 διαϐόλου
585 1409 953 1482 δικαιοσύνην
985 1409 1044 1462 οὐ
1075 1411 1237 1463 ποιεῖ.
1281 1413 1507 1483 Μήποτε
1555 1413 1611 1466 δὲ
1663 1414 1756 1467 καὶ
1785 1413 1862 1484 τῷ
1887 1455 1902 1480 ,

308 1499 492 1563 ἐστὶν,
530 1500 828 1572 εἰρημένῳ
862 1500 957 1553 ἐπὶ
989 1499 1083 1552 τοῦ
1121 1503 1186 1554 ὲκ
1213 1502 1308 1556 τοῦ
1352 1502 1625 1569 διαϐόλου,
1663 1504 1737 1575 μὴ
1771 1522 1907 1576 χρη-

309 1592 535 1664 σάμενος
571 1594 670 1645 ἐπὶ
700 1593 819 1646 τῶν
847 1594 914 1646 ὲκ
939 1594 1032 1648 τοῦ
1061 1593 1222 1657 Θεοῦ,
1254 1594 1286 1665 ἢ
1323 1594 1420 1665 τῷ,
1451 1596 1902 1665 γεγεννημένος,

309 1685 797 1757 ἀναγεγραμμένῳ
830 1686 924 1738 ἐπὶ
947 1686 1054 1740 τῶν
1077 1689 1140 1740 ὲκ
1163 1687 1256 1740 τοῦ
1287 1688 1444 1751 Θεοῦ,
1481 1687 1556 1758 μὴ
1594 1688 1906 1758 συγχρησά-

309 1795 460 1847 μενος
482 1777 580 1830 ἐπὶ
598 1776 714 1830 τῶν
737 1779 807 1830 ἐκ
833 1777 928 1830 τοῦ
948 1777 1217 1842 διαϐόλου,
1244 1779 1388 1832 πάνυ
1407 1777 1691 1847 σοφώτατα
1713 1778 1904 1845 ἐξέδω-

306 1887 424 1934 κεν;
474 1869 697 1940 Ἐπῆρε
728 1868 846 1939 γὰρ
875 1869 966 1923 τὸν
994 1871 1059 1923 ἐκ
1089 1869 1182 1924 τοῦ
1214 1869 1348 1922 Θεοῦ
1375 1869 1770 1940 γεγεννημένον
1801 1871 1900 1925 τά·

305 1963 391 2028 ξας
419 1963 507 2014 ἐπ’
531 1963 736 2016 αὐτοῦ·
775 1963 936 2034 ὅπερ,
973 1965 1019 2016 ει
1049 1963 1142 2017 καὶ
1171 1963 1262 2016 ἐπὶ
1292 1962 1385 2016 τοῦ
1429 1965 1494 2015 ὲκ
1525 1963 1619 2015 τοῦ
1652 1963 1899 2017 διαϐόλου

303 2055 503 2126 εἴρητο,
533 2059 734 2129 χεῖρον
763 2055 832 2109 ἄν
855 2073 908 2108 τι
936 2055 1182 2125 ἐνέφαινε
1221 2054 1332 2126 (96)
1368 2056 1519 2129 παρὰ
1547 2057 1630 2120 τὸ,
1671 2058 1766 2110 Ἐκ
1795 2057 1899 2110 τοῦ

301 2146 587 2201 διαϐόλου
616 2147 801 2200 ἐστίν
820 2163 834 2178 ⁸
867 2145 1002 2200 ἀλλὰ
1035 2147 1130 2200 καὶ
1169 2147 1326 2218 εἴπερ
1351 2147 1425 2211 ὡς
1455 2149 1548 2201 ἐπὶ⁹
1584 2148 1677 2201 τοῦ
1709 2150 1772 2202 ὲκ
1803 2150 1897 2202 τοῦ

297 2237 543 2290 διαϐόλου
576 2235 745 2302 ἔταξε
781 2235 865 2302 τὸ,
903 2236 1056 2299 ἐστὶ,
1087 2238 1409 2307 ἐπεποιήκει
1446 2237 1539 2289 ἐπὶ
1571 2237 1665 2290 τοῦ
1709 2238 1773 2290 ἐκ
1803 2237 1897 2290 τοῦ

303 2328 450 2392 Θεοῦ,
481 2327 717 2382 ἔλαττον
745 2327 816 2380 ἂν
851 2328 983 2398 περὶ
1019 2327 1111 2381 τὸν
1194 2327 1259 2378 ὲκ
1299 2326 1392 2380 τοῦ
1441 2327 1579 2384 Θεοῦ
1633 2327 1895 2401 παρίστη,

304 2419 475 2490 πολλῷ
513 2420 844 2492 κρείττονος
907 2420 1263 2490 τυγχάνοντος
1307 2421 1402 2474 τοῦ
1446 2422 1802 2492 γεγεννῆσθαι
1835 2425 1899 2475 ὲκ

304 2511 388 2564 τοῦ
417 2511 555 2565 Θεοῦ
591 2511 751 2583 παρὰ
781 2512 846 2564 τὺ
887 2507 1024 2564 εἶναι
1057 2513 1121 2564 ἐκ
1160 2511 1254 2565 τοῦ
1291 2511 1448 2566 Θεοῦ.
1494 2514 1658 2583 Φήσει
1685 2513 1741 2566 δέ
1766 2531 1849 2577 τις
1879 2557 1894 2579 ,

309 2606 387 2658 ὅτι
417 2605 541 2658 τινά
570 2605 684 2659 τῶν
714 2605 1037 2676 κτισμάτων
1089 2605 1206 2658 ἐστὶ
1255 2606 1351 2676 μὲν
1401 2607 1468 2660 ὲκ
1512 2607 1606 2660 τοῦ
1649 2609 1807 2669 Θεοῦ,
1835 2610 1894 2662 οὐ

313 2698 411 2768 μὴν
439 2697 775 2767 γεγέννηται
805 2699 871 2749 ὲκ
897 2695 991 2750 τοῦ
1009 2695 1166 2760 Θεοῦ,
1188 2697 1281 2750 καὶ
1296 2696 1512 2761 πάντως
1541 2697 1714 2751 ταῦτα
1737 2698 1895 2753 ἐλάτ-

306 2805 425 2842 τονα
472 2787 590 2858 ἔχει
621 2788 784 2852 τάξιν
825 2791 888 2840 ὲν
914 2787 994 2857 τῷ
1032 2787 1196 2840 παντὶ
1230 2788 1338 2841 τῶν
1359 2789 1714 2860 γεγεννῆσθαι
1748 2790 1898 2860 λεγο-

312 2881 478 2950 μένων
505 2883 573 2934 ὲκ
605 2881 705 2934 τοῦ
748 2881 910 2934 Θεοῦ.
945 2881 1054 2934 Kal
1082 2881 1368 2952 γενόμενος
1403 2899 1465 2950 γε
1493 2883 1634 2936 κατὰ
1661 2884 1760 2955 τὴν
1781 2885 1896 2938 δια-

312 2975 495 3045 φορὰν,
533 2974 823 3028 τουτέστιν
856 2975 920 3027 ὲκ
953 2974 1047 3026 τοῦ
1087 2975 1364 3042 διαϐόλου,
1387 2976 1420 3047 ἢ
1445 2976 1801 3048 γεγεννῆσθαι
1831 2980 1895 3031 ἐκ

311 3067 397 3120 τοῦ
423 3067 587 3130 Θεοῦ,
623 3067 889 3138 ζητήσεις
932 3066 1128 3137 μήποτ’
1159 3067 1272 3120 ἐστι
1301 3085 1384 3131 τις
1427 3070 1456 3121 6
1503 3069 1596 3122 καὶ
1639 3085 1895 3139 γεγεννη-

2017 583 2205 639 Omnis
2224 586 2315 655 qui
2344 595 2498 641 natus
2517 597 2593 642 est
2623 603 2690 642 ea:
2711 588 2842 654 Deo,
2863 601 3136 659 peccatum
3158 607 3260 644 non
3289 593 3586 655 committit,

2014 675 2324 745 scripsisset
2353 693 2366 729 :
2400 674 2592 732 Omnis
2615 679 2708 748 qui
2748 689 2907 734 natus
2932 688 3016 734 est
3059 697 3126 736 ex
3158 680 3392 740 diabolo.
3420 683 3587 749 justi-

2014 765 2144 818 tiam
2204 782 2311 821 non
2373 769 2690 824 committit.
2737 769 2932 826 Annon
2975 773 3141 826 etiam
3190 773 3590 842 sapientissime

2012 856 2304 912 admodum
2333 859 2512 927 posuit
2541 859 2766 914 verbum
2796 869 2960 934 est,et
2982 863 3297 917 vocabulum
3347 861 3588 931 genitus;

2010 947 2234 1000 verbum
2276 957 2354 1002 est
2385 949 2589 1003 dictum
2631 952 2699 1006 de
2733 967 2798 1005 eo
2824 951 2917 1021 qui
2955 967 3021 1006 ex
3069 953 3283 1008 diabolo
3329 963 3432 1015 est,
3478 969 3584 1008 non

2010 1051 2217 1103 ponens
2254 1038 2324 1094 de
2368 1039 2456 1094 his
2497 1041 2590 1110 qui
2643 1056 2710 1105 ex
2760 1041 2871 1096 Deo
2926 1053 3090 1106 sunt;
3157 1051 3212 1096 et
3261 1043 3584 1098 vocabulum

2007 1124 2212 1198 genitus
2242 1131 2505 1199 scriptum
2531 1133 2599 1186 de
2622 1133 2706 1187 his
2732 1134 2822 1202 qui
2843 1145 2969 1188 sunt
2993 1150 3058 1187 ex
3089 1134 3221 1198 Deo,
3242 1149 3346 1188 non
3376 1149 3586 1204 ponens

2011 1221 2078 1274 de
2105 1220 2190 1276 liis
2215 1222 2308 1290 qui
2339 1232 2466 1276 sunt
2489 1237 2551 1276 ex
2589 1224 2851 1279 diabolo?
2903 1225 3109 1278 Extulit
3148 1226 3294 1278 enim
3341 1241 3464 1280 eum
3491 1224 3585 1294 qui

2006 1327 2072 1366 ex
2105 1313 2213 1368 Deo
2249 1324 2353 1378 est,
2380 1314 2700 1369 vocabulum
2728 1317 2938 1386 genitus
2971 1331 3177 1384 ponens
3209 1317 3275 1371 de
3306 1333 3371 1371 eo
3397 1335 3410 1382 ;
3440 1314 3585 1386 quod

2006 1405 2050 1458 si
2077 1405 2240 1459 etiam
2271 1406 2338 1458 de
2359 1405 2580 1460 diabolo
2603 1407 2893 1474 posuisset,
2925 1406 3077 1476 pejus
3111 1407 3366 1473 quiddam
3395 1415 3585 1460 osten-

2005 1514 2168 1553 surus
2195 1508 2313 1554 erat
2335 1513 2498 1567 quam
2530 1499 2574 1552 si
2601 1499 2853 1562 dixisset,
2898 1508 2973 1551 est
3001 1513 3067 1552 ea:
3093 1497 3308 1552 diabolo
3360 1513 3380 1551 :
3419 1507 3584 1567 atque

2005 1593 2168 1646 etiam
2198 1593 2242 1646 si
2264 1593 2538 1662 posuisset
2569 1591 2795 1646 verbum
2823 1600 2902 1645 est
2935 1591 3001 1645 de
3023 1605 3089 1645 eo
3121 1592 3212 1660 qui
3243 1601 3326 1644 est
3349 1606 3414 1646 ex
3445 1589 3582 1656 Deo,

2004 1683 2462 1752 quemadmodum
2493 1683 2674 1752 posuit
2727 1682 2795 1736 de
2834 1695 2902 1737 eo
2946 1681 3040 1749 qui
3091 1695 3156 1736 ex
3206 1682 3438 1737 diabolo.
3471 1693 3578 1748 est.

2007 1777 2185 1829 minus
2209 1785 2532 1829 ostensurus
2575 1773 2753 1827 fuerat
2797 1777 2866 1833 de
2904 1788 2972 1832 eo
3026 1773 3117 1840 qui
3165 1786 3230 1826 ex
3267 1774 3377 1827 Deo
3418 1782 3581 1828 natus

2002 1870 2109 1930 est,
2147 1881 2270 1920 cum
2316 1866 2475 1935 longe
2528 1864 2724 1919 melius
2751 1864 2822 1918 sit
2857 1864 3096 1935 genitum
3133 1862 3304 1918 luisse
3357 1879 3422 1918 ex
3469 1867 3580 1922 Deo

2001 1973 2164 2028 quam
2188 1974 2253 2013 ex
2285 1957 2392 2012 Deo
2413 1972 2553 2012 esse.
2580 1955 2744 2026 326
2765 1955 2873 2010 Sed
2907 1957 3054 2011 dicet
3091 1955 3287 2025 aliquis
3315 1959 3576 2026 quasdam

2001 2059 2284 2106 creaturas
2311 2065 2433 2104 esse
2457 2065 2524 2104 ex
2554 2050 2688 2112 Deo,
2713 2063 2832 2118 qua:
2862 2049 3089 2103 omnino
3115 2051 3310 2118 genita:
3337 2067 3440 2105 non
3467 2053 3578 2106 sint

1999 2158 2066 2196 ex
2111 2143 2244 2204 Deo,
2297 2142 2503 2209 basque
2551 2140 2778 2192 omnino
2826 2137 3116 2193 inferiores
3155 2155 3280 2196 esse
3326 2141 3578 2198 omnibus

1998 2245 2119 2300 qua:
2143 2245 2172 2283 a
2193 2231 2301 2284 Deo
2335 2231 2586 2282 dicantur
2622 2230 2802 2298 genita
2829 2242 2972 2284 esse.
3011 2231 3088 2284 Ac
3115 2243 3268 2286 certe
3291 2249 3412 2288 cum
3448 2249 3577 2300 per-

2001 2321 2216 2374 veneris
2245 2320 2311 2374 ad
2339 2319 2699 2375 diﬂ‘erentiam
2733 2322 2879 2376 illam
2903 2337 3024 2391 qua:
3051 2334 3137 2377 est
3177 2324 3319 2378 inter
3349 2340 3471 2380 esse
3507 2342 3576 2384 ex

2000 2413 2238 2475 diabolo,
2265 2421 2319 2465 et
2351 2413 2496 2466 inter
2531 2414 2773 2482 genitum
2799 2429 2922 2469 esse
2949 2431 3014 2470 ex
3049 2417 3181 2481 Deo,
3207 2433 3417 2487 quat-es
3445 2435 3572 2473 num

2001 2507 2139 2560 [Orte
2162 2507 2360 2573 aliquis
2384 2507 2455 2560 sit
2479 2508 2568 2574 qui
2597 2509 2760 2560 etiam
2793 2523 2857 2562 ex
2886 2509 3102 2565 diabolo
3136 2512 3207 2566 sit
3239 2523 3419 2578 natus,
3450 2529 3574 2570 cum

1997 2597 2220 2652 omnino
2244 2599 2334 2666 qui
2359 2599 2432 2651 sit
2451 2615 2516 2652 ex
2544 2599 2784 2664 diabolo,
2814 2615 2920 2656 non
2944 2604 3208 2657 continuo
3233 2607 3396 2660 etiam
3418 2616 3575 2661 natus

1998 2691 2069 2743 sit
2107 2705 2174 2743 ex
2221 2690 2435 2745 diabolo
2469 2708 2485 2746 :
2516 2699 2572 2745 et
2603 2707 2818 2746 rursum
2851 2709 2979 2747 num
3013 2695 3306 2765 sitaliquis
3337 2712 3403 2751 ex
3438 2697 3570 2763 Deo,

1997 2782 2086 2851 qui
2120 2797 2224 2835 non
2251 2783 2416 2835 etiam
2453 2784 2678 2837 omnino
2700 2798 2767 2838 ex
2796 2783 2909 2840 Deo
2929 2787 3004 2840 sit
3026 2798 3188 2842 natus
3219 2805 3234 2853 ;
3278 2805 3402 2844 cum
3431 2791 3476 2844 si
3502 2793 3575 2846 sit

1997 2876 2194 2944 aliquis
2219 2890 2286 2930 ex
2315 2877 2445 2943 Deo,
2477 2891 2584 2931 non
2613 2879 2836 2933 omnino
2862 2880 2936 2934 sit
2966 2882 3132 2936 etiam
3157 2894 3322 2938 natus
3352 2899 3421 2940 ex
3438 2886 3569 2940 Deo.

1995 2963 2238 3021 Proinde
2296 2965 2566 3021 formatur
2607 2968 3022 3040 delineaturque
3057 2974 3150 3043 qui
3191 2986 3354 3030 natus
3381 2986 3465 3032 est
3502 2994 3572 3034 ex

1999 3057 2130 3121 Deo,
2168 3058 2214 3111 si
2239 3068 2520 3127 peccatum
2557 3077 2666 3116 non
2707 3064 3033 3129 committat,
3078 3081 3144 3121 eo
3193 3070 3339 3135 quod
3379 3084 3570 3126 semen

319 3161 466 3230 μένος
510 3162 577 3212 ὲκ
624 3160 722 3214 τοῦ
759 3159 1036 3224 διαϐόλου,
1069 3160 1219 3224 ὅστις
1251 3160 1468 3226 πάντως
1513 3163 1608 3215 καὶ
1640 3161 1788 3214 ἔστιν
1829 3163 1894 3216 ὲκ

1998 3149 2094 3204 Dei
2121 3150 2174 3204 in
2194 3151 2310 3221 ipso
2331 3162 2566 3221 maneat,
2586 3162 2640 3208 et
2658 3169 2688 3208 a
2713 3156 2954 3224 potentia
2977 3155 3072 3212 Dei
3095 3158 3148 3213 in
3175 3174 3236 3216 se
3262 3156 3568 3218 exsistente

315 3252 400 3306 τοῦ
424 3252 700 3317 διαϐόλου,
725 3253 788 3304 οὺ
823 3252 1041 3316 πάντως
1078 3252 1172 3306 τοῦ
1217 3253 1390 3319 ὄντος,
1415 3255 1478 3307 ἐκ
1520 3253 1615 3307 τοῦ
1646 3253 1892 3308 διαϐόλου

313 3344 742 3416 γεγεννημένουο
780 3345 876 3399 καὶ
910 3345 1072 3398 πάλιν
1119 3346 1234 3400 ἐστί
1279 3363 1364 3410 τις
1407 3349 1470 3400 ἐκ
1501 3346 1596 3400 τοῦ
1630 3347 1788 3410 Θεοῦ,
1832 3348 1892 3400 οὐ

317 3436 519 3501 πάντως
571 3438 670 3490 καὶ
722 3437 1120 3508 γεγεννημένος
1176 3440 1240 3491 ὲκ
1286 3438 1382 3492 τοῦ
1425 3438 1593 3492 Θεοῦο
1625 3439 1808 3492 οὐκέτι
1837 3438 1893 3492 δὲ

316 3529 504 3593 παντός
529 3529 628 3582 τοῦ
663 3529 818 3593 ὄντος
869 3531 934 3582 ὲκ
991 3529 1086 3583 τοῦ
1144 3529 1278 3584 Θεοῦ
1306 3571 1321 3595 ,
1375 3531 1775 3602 γεγεννημένου
1829 3532 1894 3585 ὲκ

315 3621 400 3674 τοῦ
454 3622 617 3676 Θεοῦ.
666 3622 1150 3694 Χαρακτηρὶζεται
1200 3623 1384 3694 μέντοι
1433 3625 1462 3676 6
1501 3621 1894 3694 γεγεννημένος

317 3713 373 3764 ὲκ
398 3713 491 3767 τοῦ
524 3713 666 3767 Θεοῦ
699 3713 778 3784 τῷ
820 3713 1096 3787 ἁμαρτίαν
1141 3714 1202 3767 οὐ
1237 3718 1428 3782 ποιεῖν,
1458 3714 1548 3768 διὰ
1573 3713 1633 3767 τό
1672 3714 1892 3785 σπέρμα

316 3803 399 3857 τοῦ
428 3803 565 3858 Θεοῦ
614 3807 674 3859 ὲν
713 3805 864 3874 αὐτῷ
905 3804 1106 3876 μένειν,
1158 3806 1251 3859 καὶ
1301 3806 1410 3861 ἀπὸ
1443 3807 1544 3877 τῆς
1569 3805 1779 3860 ἐκείνου
1800 3805 1892 3858 δυ-

316 3894 520 3966 νάμεως
567 3896 990 3968 ἐνυπαρχούσης
1046 3897 1195 3968 αὑτῷ
1249 3897 1598 3970 ἐγγινομένου
1646 3896 1740 3950 τοῦ
1789 3915 1894 3970 μη-

318 3985 423 4039 κέτι
449 3986 718 4041 δύνασθαι
753 3988 1110 4058 ἁμαρτάνειν.
1146 3989 1255 4043 Kal
1301 3991 1360 4045 ὲν
1405 3992 1520 4051 τοῖς
1564 3989 1894 4053 τελευταίοις

315 4076 365 4130 δὲ
389 4079 605 4148 λέγεται
637 4081 740 4151 τῆς
773 4081 1109 4152 Ἐπιστολῆς,
1134 4082 1215 4136 ὃτι
1247 4082 1373 4150 Πᾶς
1405 4088 1438 4138 ὁ
1460 4084 1893 4156 γεγεννημένος

315 4171 376 4222 ἐκ
420 4172 529 4226 τοῦ
576 4173 730 4227 Θεοῦ
784 4175 900 4242 οὐχ
959 4173 1301 4244 ἁμαρτάνει,
1336 4176 1499 4232 ἀλλὰ
1547 4181 1581 4231 ό
1617 4195 1893 4249 γεγεννη-

309 4261 482 4328 μένος
509 4262 583 4316 ὲκ
614 4262 725 4315 τοῦ
758 4261 909 4316 Θεοῦ
947 4263 1111 4330 τηρεῖ
1163 4265 1402 4333 ἑαυτὸν,
1429 4267 1528 4321 καὶ
1560 4271 1593 4322 ό
1629 4268 1893 4337 πονηρὸς

314 4353 415 4422 οὐχ
452 4352 704 4408 ἅπτεται
733 4355 943 4408 αὑτοῦ.
978 4356 1040 4408 El
1074 4354 1130 4408 δὲ
1164 4359 1192 4410 6
1230 4358 1510 4431 γεννηθεὶς
1546 4361 1612 4413 ἐκ
1638 4360 1732 4414 τοῦ
1756 4360 1890 4414 Θεοῦ

311 4449 459 4516 τηρεῖ
481 4446 676 4500 ἑαυτὸν
696 4488 711 4510 ,
744 4448 840 4501 καὶ
879 4449 909 4501 ὁ
953 4447 1187 4519 πονηρὸς
1233 4452 1332 4521 οὐχ
1371 4451 1602 4506 ἅπτεται
1630 4453 1794 4506 αὐτοῦ
1817 4495 1832 4520 ,
1863 4456 1892 4507 6

1998 3246 2239 3315 ingenita
2275 3245 2382 3299 vim
2407 3245 2604 3300 habeat
2630 3246 2682 3300 in
2715 3257 2986 3316 posterum
3013 3265 3119 3306 non
3158 3254 3439 3321 peccandi.
3473 3255 3568 3309 Di-

1995 3339 2143 3393 citur
2160 3337 2327 3392 etiam
2364 3340 2418 3392 in
2461 3348 2710 3395 extremo
2740 3340 2897 3410 hujus
2935 3341 3231 3412 Epistulae:
3261 3344 3448 3401 Omnis
3477 3348 3571 3419 qui

1996 3440 2152 3487 natus
2175 3441 2250 3487 est
2283 3447 2349 3487 ea:
2379 3431 2515 3498 Deo,
2553 3450 2657 3488 non
2681 3445 2886 3504 peccat;
2922 3437 3012 3491 sed
3040 3438 3130 3506 qui
3155 3439 3358 3508 genitus
3387 3451 3464 3495 est
3505 3457 3574 3498 ea:

1993 3525 2128 3590 Deo,
2171 3533 2340 3580 servat
2369 3528 2630 3596 seipsum,
2660 3537 2709 3581 et
2753 3529 2924 3583 malus
2971 3546 3075 3584 non
3121 3533 3291 3602 tangit
3330 3549 3449 3587 eum
3499 3535 3565 3588 ⁷⁸.

1996 3617 2134 3690 [(98)
2175 3617 2332 3684 Quod
2373 3619 2419 3673 si
2466 3620 2512 3674 is
2569 3619 2662 3687 qui
2713 3635 2780 3674 ex
2819 3621 2930 3676 Deo
2964 3630 3124 3676 natus
3170 3635 3286 3688 est,
3330 3624 3568 3694 seipsum

1996 3720 2182 3766 tuetur
2228 3720 2285 3766 et
2322 3721 2531 3776 servat,
2570 3726 2672 3766 nec
2724 3713 3036 3782 improbus,
3077 3715 3131 3768 id
3175 3725 3260 3769 est
3298 3716 3566 3784 diabolus,

1995 3802 2171 3871 ipsum
2193 3800 2472 3872 attingit,]
2513 3803 2605 3870 qui
2632 3802 2879 3872 seipsum
2907 3819 3015 3857 non
3055 3815 3270 3870 servat,
3315 3821 3386 3860 ne
3426 3809 3570 3863 malo

1995 3891 2088 3948 illo
2124 3901 2400 3964 tangatur,
2438 3908 2542 3948 non
2591 3893 2810 3962 genitus
2847 3905 2932 3949 est
2973 3909 3043 3950 ex
3089 3896 3233 3960 Deo;
3277 3905 3332 3952 et
3389 3901 3569 3954 omnis

1994 3998 2154 4053 quem
2197 3984 2366 4054 tangit
2407 3983 2581 4038 malus
2605 4021 2621 4046 ,
2665 3981 2759 4035 ille
2799 3999 2906 4039 non
2947 3985 3163 4054 genitus
3197 3996 3280 4042 est
3311 4000 3375 4042 ex
3418 3987 3568 4054 Deo;

1997 4075 2171 4145 tangit
2195 4086 2376 4130 autem
2407 4075 2584 4130 malus
2607 4075 2696 4130 ille
2725 4091 2820 4131 eos
2838 4077 2930 4147 qui
2961 4078 3171 4148 seipsos
3193 4095 3299 4134 non
3323 4090 3565 4136 servant.

1993 4169 2263 4236 Quoniam
2284 4183 2415 4224 vero
2449 4167 2518 4223 iis
2540 4184 2660 4238 qua:
2680 4169 2747 4225 de
2768 4169 3043 4224 Abraham
3071 4171 3218 4227 dicta
3243 4181 3390 4237 sunt,
3415 4173 3568 4235 nullo

1993 4260 2139 4316 facto
2181 4259 2499 4326 intervallo,
2547 4261 2652 4316 hoc
2705 4260 2978 4316 infertur:
3012 4259 3117 4316 Vos
3183 4263 3360 4332 facitis
3408 4279 3566 4332 Opera

1992 4353 2160 4423 patris
2208 4351 2366 4406 vestri
2405 4352 2474 4416 ⁷⁸,
2534 4351 2915 4421 quaerebamus
2959 4367 3087 4407 num
3156 4353 3296 4408 forte
3345 4365 3567 4424 propter

1992 4446 2229 4515 primum
2274 4444 2510 4498 Abrahae
2563 4444 2748 4498 datum
2808 4446 3121 4500 mandatum
3158 4445 3263 4502 hoc
3304 4446 3564 4516 scriptum

315 4537 383 4610 μὴ
421 4525 608 4612 τηρῶν
635 4540 850 4608 ἑαυτὸν,
888 4542 954 4594 ἶν’
981 4545 1010 4596 6
1037 4543 1270 4614 πονηρὸς
1304 4545 1470 4599 αὐτοῦ
1518 4545 1591 4617 μὴ
1633 4547 1888 4618 ἅπτηται,

1998 4537 2085 4591 sit.
2109 4535 2350 4591 Primum
2383 4550 2616 4605 namque
2641 4536 2882 4591 divinum
2903 4537 3214 4592 mandatum
3247 4539 3312 4591 ad
3343 4553 3462 4592 eum
3485 4539 3566 4594 sit:

312 4632 366 4684 οὐ
393 4634 718 4704 γεγέννηται
755 4634 820 4687 ἐκ
862 4634 958 4688 τοῦ
992 4635 1126 4689 Θεοῦ
1148 4652 1161 4666 ·
1199 4637 1294 4691 καὶ
1331 4639 1440 4697 πᾶς
1491 4632 1553 4692 οὗ
1588 4639 1816 4692 ἅπτεται
1861 4640 1891 4692 6

314 4723 536 4795 πονηρὸς
557 4764 572 4786 ,
602 4717 762 4787 οὗτος
794 4726 856 4778 οὐ
892 4724 1210 4795 γεγέννηται
1239 4727 1304 4780 ὲκ
1329 4727 1424 4780 τοῦ
1457 4726 1624 4780 Θεοῦ’
1660 4728 1888 4782 ἅπτεται

314 4813 363 4867 δὲ
386 4817 413 4867 6
445 4815 683 4888 πονηρὸς
707 4815 818 4870 τῶν
859 4815 937 4888 μὴ
963 4816 1268 4888 τηρούντων
1301 4818 1546 4881 ἑαυτούς.
1595 4818 1745 4871 Ἐπεὶ
1775 4819 1886 4890 (97)

313 4905 364 4959 δὲ
404 4913 511 4974 τοῖς
571 4911 702 4983 περὶ
739 4909 835 4964 τοῦ
879 4909 1150 4982 Ἀϐραάμ,
1197 4911 1411 4976 οὐδενὸς
1451 4911 1740 4983 γενομένου
1792 4928 1885 4982 με-

315 4998 432 5064 ταξὺ
481 5001 896 5073 διαλείμματος,
932 5002 1245 5074 ἐπιφέρεται
1289 5005 1382 5057 τό·
1439 5003 1636 5072 ’Υμεῖς
1667 5003 1884 5058 ποιεῖτε

317 5086 379 5141 τά
406 5089 543 5160 ἔργα
574 5090 682 5144 τοῦ
727 5089 956 5157 πατρὸς
987 5089 1174 5160 ὑμῶν,
1207 5091 1510 5164 ἐζητοῦμεν
1546 5076 1753 5163 μήποτε
1796 5093 1885 5146 διά

317 5178 403 5250 τὴν
437 5181 512 5253 τῷ
559 5181 815 5256 Ἀϐραάμ
861 5181 1084 5255 πρώτην
1121 5183 1410 5256 δεδομένην
1452 5183 1672 5256 ἐντολὴν
1723 5185 1884 5238 τοῦτο

321 5269 735 5346 ἀναγέγραπται.
779 5275 840 5328 '0
871 5272 1087 5345 πρῶτος
1119 5273 1175 5327 δὲ
1205 5275 1592 5347 χρηματισμὸς
1618 5275 1754 5348 πρὸς
1779 5277 1882 5329 a6-

317 5361 394 5415 τόν
438 5363 607 5433 οὕτως
645 5366 796 5438 ἔχει·
837 5365 1084 5430 Ἔξελθε
1113 5368 1181 5422 ἐκ
1209 5369 1322 5438 τῆς
1353 5367 1466 5440 γῆς
1503 5383 1642 5435 σου,
1688 5369 1787 5424 καὶ
1811 5370 1882 5424 ἐκ

369 5506 412 5539 ⁷⁸
444 5507 464 5562 l
490 5507 647 5567 Joan.
679 5525 740 5576 ν,
767 5507 859 5564 18.
935 5509 981 5541 "
1008 5506 1164 5565 Joan.
1195 5525 1314 5577 vm,
1343 5511 1435 5569 41.
1512 5511 1558 5543 ⁸⁸
1585 5510 1722 5568 Gen.
1747 5527 1844 5581 xit,
1870 5511 1924 5568 ί.

369 5623 475 5698 (94)
511 5627 698 5683 Codex
732 5623 1086 5698 Bodleianus,
1121 5626 1216 5680 καὶ
1247 5626 1314 5679 τὰ
1338 5627 1522 5698 δμοια,
1553 5636 1660 5682 etc.

367 5696 471 5763 (95)
500 5699 646 5753 Idem
671 5698 851 5755 codex
877 5695 1206 5752 Bodleianus
1233 5698 1283 5750 el
1301 5714 1313 5728 ·
1355 5695 1574 5765 Regius.
1605 5698 1707 5752 ὅτι.

365 5767 467 5840 (96)
488 5769 675 5824 Codex
705 5766 1063 5840 Bodleianus,
1099 5766 1303 5840 εἴρητο,
1337 5771 1517 5839 χεῖρον
1555 5768 1620 5828 ἅν
1655 5787 1710 5823 τι
1757 5770 1870 5826 ἐνέ-

365 5785 467 5840 (νυ)
488 5785 675 5850 boue:
705 5785 1063 5828 uoureranus,
1099 5785 1303 5890 ulmeo,
1337 5785 1446 5839 χειε

308 5853 438 5903 eam
458 5857 471 5871 ο
496 5840 728 5912 Regtus,
772 5836 966 5908 εῐρητο
990 5834 1075 5904 ἂν,
1101 5853 1132 5890 τ
1174 5838 1446 5907 ἐνέφαινε.

1992 4629 2194 4683 habet:
2223 4627 2486 4698 Egredere
2517 4628 2582 4680 de
2609 4637 2754 4681 terra
2792 4639 2904 4692 tua,
2935 4638 2985 4683 et
3017 4629 3082 4682 de
3112 4631 3422 4698 cognatione
3445 4640 3559 4694 tua,

1989 4729 2038 4773 et
2067 4721 2132 4772 de
2153 4719 2309 4772 domo
2329 4718 2498 4786 patris
2523 4718 2624 4784 tui,
2650 4729 2698 4772 et
2730 4720 2860 4774 vade
2879 4722 2948 4772 ad
2974 4730 3167 4773 terram
3198 4736 3352 4790 quam
3377 4735 3554 4774 osten-
3592 4785 3596 4789 _

1989 4811 2114 4863 dam
2146 4810 2236 4862 tibi
2259 4810 2326 4862 3°.
2358 4809 2696 4880 Exivitergo
2737 4810 3014 4866 Abraham
3070 4813 3136 4864 de
3179 4812 3338 4865 domo
3387 4811 3560 4879 patris

1992 4904 2101 4968 sui,
2130 4902 2274 4971 quod
2295 4917 2400 4956 non
2422 4900 2622 4958 fecisse
2647 4905 3043 4980 convincuntur
3062 4903 3119 4956 hi
3147 4904 3236 4971 qui
3261 4905 3560 4973 reprehen-

1992 4994 2195 5047 duntur
2237 5007 2302 5048 eo
2341 4991 2488 5061 quod
2527 5009 2632 5048 non
2690 4994 2832 5048 bene
2871 4992 3145 5046 dixerint:
3179 4990 3340 5045 Pater
3385 5005 3561 5049 noster

1990 5083 2258 5136 Abraham
2279 5093 2352 5138 est
2382 5082 2462 5148 3‘;
2500 5097 2623 5136 nam
2669 5083 2715 5137 si
2751 5081 2846 5136 lilii
2870 5081 3104 5135 Abrahae
3139 5081 3349 5136 faciunt
3394 5097 3558 5153 Opera

1989 5177 2248 5242 Abrahae,
2273 5187 2326 5231 et
2363 5176 2408 5230 si
2441 5175 2674 5246 primum
2695 5189 2830 5244 opus
2854 5183 2937 5229 est
2959 5175 3110 5229 exire
3146 5175 3214 5229 de
3251 5187 3396 5231 terra
3434 5193 3560 5237 sua.

1990 5278 2048 5323 et
2071 5269 2139 5324 de
2169 5269 2329 5323 domo
2367 5269 2541 5336 patris
2577 5265 2684 5330 sui,
2717 5275 2773 5320 et
2806 5264 3079 5336 proﬁcisci
3114 5265 3182 5321 ad
3211 5283 3332 5322 eam
3359 5275 3558 5324 terram

1989 5377 2151 5434 quam
2177 5361 2254 5418 illi
2275 5361 2513 5418 ostendit
2556 5359 2728 5442 licus,
2776 5369 2833 5416 et
2857 5360 2997 5420 hanc
3035 5361 3107 5416 ob
3142 5375 3364 5418 causam
3392 5362 3449 5417 hi
3485 5364 3558 5418 ad

1995 5509 2040 5542 ⁸¹
2070 5507 2229 5563 Joan.
2261 5519 2380 5567 vm.
2411 5503 2498 5559 39.

2052 5625 2165 5696 (97)
2195 5623 2379 5696 Codex
2415 5617 2762 5696 Bodleiantts,
2795 5621 3046 5696 ,Ἐπεὶ-δὲ
3073 5624 3185 5688 τοῖς
3241 5621 3396 5696 περι·
3449 5623 3555 5679 lte-

1983 5693 2194 5766 gitisuet
2217 5693 2568 5766 Barbet‘inus,
2600 5693 2760 5766 male,
2789 5693 2914 5745 ἐπεὶ
2956 5693 3011 5747 δὲ
3042 5696 3166 5758 τοὺς
3192 5693 3341 5764 περί.

1986 5762 2030 5893 Ἰ
2048 5764 2158 5845 (98)
2184 5765 2327 5830 llaec,
2354 5780 2382 5819 a
2405 5762 2444 5818 F
2449 5762 2662 5819 errario
2689 5777 3081 5833 praeterit-Issa,
3101 5783 3130 5822 c
3158 5762 3406 5822 Pcriunio
3428 5781 3554 5833 sup-

1978 5855 2012 5907 p
2037 5850 2261 5892 evuuus.
