3804 6546
371 357 472 412 607

1825 355 2149 415 ORIGENIS

3525 344 3624 398 608

369 493 507 546 quos
541 487 622 532 est
659 493 862 545 sermo,
903 476 1377 548 reprehenduntur
1412 488 1671 550 tanquam
1717 478 1809 550 qui
1839 494 1945 534 non

2089 473 2158 544 ἧς
2188 471 2546 544 συγγενείας
2581 485 2723 533 σου,
2761 467 2860 524 καί
2908 465 2979 522 ἐκ
3005 463 3114 522 τοῦ
3145 464 3318 521 οἴκου
3363 461 3474 517 τοῦ
3521 477 3624 514 κα-

369 567 602 623 sintﬁlii
627 570 880 636 Abrahae,
906 571 1075 642 liquet
1108 587 1203 626 eos
1234 571 1441 629 idcirco
1472 571 1796 643 reprehendi
1821 571 1948 642 quia

371 673 479 714 non
505 647 744 716 exierint
763 677 793 717 e
818 661 978 716 domo
1001 664 1179 732 patris
1197 663 1320 730 sui,
1365 673 1621 732 tanquam
1660 663 1838 718 adhuc
1881 663 1948 718 ad

374 750 577 804 malum
601 759 811 819 patrem
840 749 1162 824 (diabolum)
1198 753 1557 822 pertinentes,
1581 762 1744 823 atque
1773 753 1952 808 adhuc

374 841 552 912 patris
589 841 735 899 illius
761 858 926 912 opera
955 843 1239 901 facientes.
1262 845 1425 917 327
1459 845 1556 901 His
1578 860 1607 900 a
1631 845 1786 901 nobis
1804 842 1952 901 hunc

384 930 441 986 in
481 941 800 989 contextum
833 935 1025 1003 dictis,
1057 936 1233 1008 palam
1271 936 1469 1007 Opinor
1496 951 1594 993 eos
1628 937 1909 993 convictos
1931 979 1948 1005 ,

2054 567 2194 638 τρός
2225 582 2360 632 σου,
2389 565 2491 620 καί
2517 562 2741 617 ἄπελθε
2771 564 2860 628 εις
2887 559 3004 629 τὴν
3029 555 3145 630 τῆν
3169 555 3249 625 ἣν
3279 554 3358 610 ἄν
3377 569 3479 608 σοι
3513 551 3617 604 dei-

2056 660 2160 727 ξω.
2203 656 2458 729 Ἐξῆλθεν
2484 651 2578 711 οὖν
2619 652 2870 726 Ἀϐραὰμ
2899 653 2967 705 ὲκ
2992 650 3084 704 τοῦ
3116 650 3265 704 οἴκου
3291 646 3389 701 τοῦ
3428 644 3628 717 πατρὸς

2055 750 2243 817 αὑτοῦ,
2275 753 2414 822 ὅπερ
2441 749 2503 803 οὐ
2541 749 2906 819 πεποιήκασιν
2929 746 2977 799 οἰ
3012 744 3379 815 ἐλεγχόμενοι,
3428 740 3526 792 ἐπὶ
3563 736 3630 807 τῷ

2059 845 2134 918 μὴ
2189 843 2360 914 ὑγιῶς
2405 841 2720 915 εἰρηκέναι·
2780 838 2845 891 ’0
2905 836 3102 905 πατὴρ
3156 833 3325 905 ἡμῶν
3388 829 3630 900 Ἀϐραάμ

2055 938 2248 993 ἐστιν.
2290 936 2353 990 Εἰ
2385 935 2494 1008 γὰρ
2525 933 2595 988 τὰ
2619 931 2786 987 τέκνα
2809 928 2906 986 τοῦ
2951 927 3202 1002 ’Δΰραὰμ
3225 927 3372 979 ποιεῖ
3399 924 3473 978 τὰ
3504 924 3631 996 ἔργα

377 1023 470 1094 qui
499 1022 626 1077 hinc
664 1026 876 1080 ostendi
917 1027 1238 1084 existimant
1271 1028 1413 1084 ﬁlios
1441 1028 1643 1087 diaboli
1690 1043 1760 1086 ex
1798 1042 1953 1086 crea-

2091 1029 2154 1084 οῢ
2198 1027 2449 1100 Ἀϐραὰμ
2472 1065 2488 1093 ,
2521 1024 2736 1098 πρῶτον
2779 1022 2838 1078 δὲ
2883 1021 2992 1075 τῶν
3029 1020 3204 1094 ἔργων
3246 1018 3364 1072 ἐστὶ
3403 1014 3470 1070 τὸ
3500 1013 3632 1082 εξελ-

379 1114 529 1172 tioue
565 1131 710 1174 esse.
1210 1183 1222 1198 ,
1810 1131 1817 1139 ·
2061 1120 2176 1177 θεῖν
2226 1121 2292 1176 ἐκ
2327 1119 2431 1191 τῆς
2481 1120 2587 1190 γῆς
2637 1115 2834 1173 ἑαυτοῦ
2860 1155 2878 1178 .
2925 1113 3024 1168 καὶ
3054 1115 3120 1167 ὲκ
3157 1111 3257 1184 τῆς
3313 1107 3634 1179 συγγενείας

377 1210 573 1272 ἑαυτοῦ
591 1256 607 1282 ,
659 1219 752 1272 καὶ
783 1219 848 1273 ἐκ
875 1218 970 1273 τοῦ
1003 1219 1152 1274 οἴκου
1199 1215 1294 1273 τοῦ
1334 1216 1541 1292 πατρὸς
1584 1217 1780 1273 ἑαυτοῦ
1803 1257 1820 1286 ,
1862 1217 1959 1272 καὶ
1997 1217 2254 1272 ἀπελθεῖν
2290 1218 2369 1282 εἰς
2409 1217 2508 1289 τὴν
2535 1214 2638 1287 γῆν
2670 1214 2736 1287 ἣν
2767 1213 3039 1268 δείκνυσιν
3095 1208 3244 1281 αὺτῷ
3281 1210 3310 1262 ό
3355 1204 3517 1270 Θεὸς,
3551 1207 3635 1260 καὶ

375 1306 466 1362 διὰ
516 1311 677 1365 τοῦτο
731 1305 874 1366 οὗτοι
920 1311 1058 1385 πρὸς
1109 1311 1205 1376 οὓς
1235 1314 1266 1366 ό
1289 1311 1449 1383 λόγος
1480 1313 1793 1386 ἐλέγχονται
1823 1314 1900 1379 ὡς
1936 1312 2038 1368 ούκ
2066 1311 2219 1377 ὄντες
2249 1311 2415 1366 τέκνα
2448 1309 2544 1366 τοῦ
2590 1307 2862 1382 Ἀϐραὰμ,
2893 1304 3049 1378 δῆλον
3068 1345 3085 1371 ,
3117 1305 3200 1359 ὅτι
3236 1303 3338 1356 οὐκ
3387 1299 3636 1370 ἐξεληλυ-

379 1396 533 1462 θότες
561 1400 626 1454 ὲκ
673 1401 768 1456 τοῦ
815 1400 966 1456 οἴκου
1019 1402 1115 1457 τοῦ
1163 1403 1374 1476 πατρὸς
1414 1402 1624 1461 ἑαυτῶν
1644 1403 2016 1472 ὀνειδίζονται,
2043 1404 2120 1469 ὡς
2151 1403 2235 1458 ἔτι
2271 1401 2368 1458 τοῦ
2407 1400 2647 1474 πονηροῦ
2680 1397 2888 1471 πατρὸς
2927 1397 3108 1460 ὄντες,
3140 1395 3236 1450 καὶ
3282 1392 3364 1447 ἔτι
3416 1390 3633 1446 ποιοῦν·

378 1509 473 1557 τες
497 1494 565 1550 τὰ
590 1499 800 1551 ἐκείνου
835 1499 932 1554 τοῦ
964 1502 1172 1572 πατρὸς
1224 1501 1382 1573 ἔργα.
1412 1501 1631 1557 Τούτων
1659 1503 1794 1574 ἡμῖν
1823 1503 1903 1568 εἰς
1950 1500 2013 1556 τὸ
2040 1500 2205 1575 ῥητὸν
2229 1497 2556 1574 εἰρημένων,
2608 1493 2797 1566 σαφῶς
2833 1488 2988 1564 οἴμαι
3019 1487 3335 1561 ἐλέγχεσθαι
3379 1485 3511 1552 τοὺς
3558 1501 3639 1541 νο-

382 1591 640 1663 μίζοντας
696 1593 946 1648 ἐντεῦθεν
1000 1594 1366 1666 παρίστασθαι
1400 1594 1533 1668 (99),
1563 1595 1646 1650 ὅτι
1677 1595 1782 1650 εἰσί
1813 1612 1958 1660 τινες
1989 1596 2053 1649 ὲκ
2081 1592 2426 1663 κατασκευῆς
2453 1591 2560 1645 uio).
2587 1588 2680 1644 τοῦ
2703 1586 2969 1642 διαϐόλου.

455 1683 544 1738 Η.
591 1683 850 1738 Dixerunt
879 1701 1001 1754 ergo
1030 1687 1150 1740 illi:
1179 1685 1294 1740 Nos
1335 1701 1402 1741 ea:
1437 1697 1619 1756 stupro
1646 1703 1748 1742 non
1772 1702 1952 1742 sumus

2129 1683 2216 1740 M.
2256 1678 2448 1738 Εἶπον
2481 1678 2597 1736 οὖν
2638 1677 2827 1745 αὐτῷ·
2869 1676 3068 1748 Ἡμεῖς
3121 1675 3190 1732 ἐκ
3233 1673 3526 1742 πορνείας
3568 1672 3638 1726 οὐ

355 1769 491 1829 'aati
517 1791 537 1839 ;
562 1789 722 1826 unum
743 1786 942 1843 patrem
970 1775 1222 1831 habemus
1270 1776 1438 1832 Deum
1475 1777 1544 1832 ⁸⁸.
1582 1776 1777 1845 Quaero
1824 1793 1954 1832 num

2089 1773 2475 1845 ετεννήμεθα,
2505 1771 2616 1826 ἕνα
2639 1770 2864 1839 πατέρα
2895 1767 3118 1838 ἔχομεν
3138 1764 3248 1819 τὸν
3278 1764 3451 1818 Θεόν.
3484 1762 3639 1835 Ζητῶ

381 1864 525 1922 forte
571 1863 741 1920 Judaei
787 1866 861 1920 illi
905 1868 996 1936 qui
1049 1869 1310 1923 dicuntur
1357 1869 1591 1926 Domino
1637 1870 1953 1935 credidisse,

2089 1868 2268 1939 ίήποτε
2292 1906 2308 1932 ,
2347 1862 2696 1935 ἐλεγχθέντες
2722 1861 2801 1926 ὡς
2834 1861 2896 1915 ού
2928 1859 3095 1913 τέκνα
3117 1856 3195 1930 (1)
3216 1855 3311 1910 τοῦ
3363 1855 3638 1928 Ἀϐραὰμ,

384 1959 655 2029 redarguti
693 1962 838 2028 quod
875 1975 982 2014 non
1033 1960 1146 2015 sint
1186 1961 1280 2016 lilii
1333 1960 1655 2026 Abraham,
1703 1961 1957 2018 acerbius

2089 1962 2384 2032 πικρότερον
2417 1955 2805 2029 ἀποκρίνονται
2844 1955 2896 2008 οἱ
2939 1953 3222 2024 λεγόμενοι
3277 1949 3643 2004 πεπιστευκέ-

381 2064 488 2105 non
533 2052 894 2120 respondeant
926 2051 1026 2117 illi,
1067 2059 1211 2107 tecte
1266 2052 1558 2108 innuentes
1606 2052 1955 2109 Servatorem

379 2154 447 2194 ex
477 2149 667 2211 stupro
687 2151 874 2197 natum
905 2141 1110 2198 fuisse:
1140 2143 1244 2198 hoc
1281 2144 1643 2214 suspicantes,
1681 2156 1739 2200 ut
1761 2147 1958 2215 proba-

381 2232 489 2287 bile
513 2243 617 2301 est,
669 2234 817 2304 quod
849 2235 1122 2289 admissus
1151 2250 1255 2289 non
1302 2237 1466 2292 fuerit
1505 2237 1739 2293 celebris
1792 2245 1958 2308 atque

380 2321 690 2391 tlivulgatus
726 2323 869 2379 illius
897 2335 1053 2380 ortus
1083 2341 1147 2380 ex
1198 2327 1440 2397 Virgine.
1474 2327 1781 2383 Admodum
1809 2329 1956 2382 enim

381 2424 580 2483 praeter
611 2414 873 2468 rationem
916 2423 1079 2484 atque
1128 2425 1327 2484 praeter
1367 2433 1480 2472 rem
1513 2419 1580 2473 de
1618 2433 1724 2488 qua
1757 2418 1956 2488 agitur,

381 2505 639 2559 videntur
663 2506 788 2559 mihi
831 2506 946 2560 haec
981 2507 1143 2578 verba
1177 2507 1274 2576 ipsi
1305 2506 1578 2576 ellutisse,
1617 2524 1740 2563 cum
1783 2523 1960 2578 neque

381 2595 451 2650 ad
493 2595 807 2664 superiora,
858 2611 1036 2666 neque
1094 2607 1498 2668 consequenter
1564 2598 1961 2668 posterioribus

384 2687 590 2742 dictum
645 2687 813 2744 fuisse
865 2691 1076 2759 possit,
1137 2709 1202 2750 ac
1255 2706 1323 2748 ne
1362 2690 1686 2760 simpliciter
1741 2690 1958 2762 quidem

384 2778 618 2848 intelligi
645 2779 773 2836 illud
798 2822 813 2846 ,
861 2797 958 2838 nos
982 2799 1047 2838 ea:
1076 2795 1258 2856 stupro
1282 2801 1384 2840 non
1425 2800 1605 2840 sumus
1639 2783 1770 2848 nati,
1816 2782 1958 2853 quod

385 2873 488 2944 ipsi
544 2876 820 2934 dixerunt.
855 2877 997 2945 Quin
1033 2883 1196 2936 ctiam
1245 2882 1498 2952 quoniam
1552 2891 1762 2950 patrem
1805 2895 1961 2934 suum

385 2967 602 3023 dicebat
629 2967 799 3025 Deum
841 2971 1123 3037 Servator,
1149 2975 1420 3029 neminem
1445 2973 1719 3029 hominem
1751 2981 1960 3041 patrem

386 3062 472 3117 sui
505 3063 676 3134 ipsius
715 3065 1010 3132 conﬁtens,
1043 3065 1326 3135 probabile
1352 3074 1439 3121 est
1474 3066 1622 3134 ipsos
1655 3065 1730 3119 illi
1777 3063 1961 3126 dicto,

389 3172 484 3209 nos
515 3173 582 3212 ex
630 3168 812 3225 stupro
840 3176 945 3214 non
983 3175 1163 3214 sumus
1209 3161 1346 3225 nati,
1376 3158 1706 3227 subiungere
1744 3171 1961 3212 rursum

391 3247 634 3305 infensos
677 3250 808 3305 illud
829 3292 845 3314 ,
877 3267 1043 3306 unum
1074 3263 1275 3320 patrem
1307 3253 1561 3307 habemus
1601 3249 1767 3304 Deum
1789 3288 1806 3315 ,
1839 3257 1963 3302 tan-

392 3355 561 3410 quam
592 3343 638 3398 si
677 3343 925 3397 dicerent
957 3359 973 3399 :
1011 3342 1120 3399 Nos
1153 3344 1336 3414 potius
1373 3358 1536 3414 quam
1575 3351 1658 3407 tu,
1702 3341 1967 3396 habemus

392 3447 559 3488 unum
585 3445 794 3504 patrem
831 3435 1019 3501 Deum,
1044 3436 1134 3506 qui
1173 3445 1228 3493 te
1251 3443 1433 3491 ortum
1473 3435 1611 3490 dicis
1639 3449 1705 3488 ex
1731 3432 1964 3500 virgine,

389 3539 517 3580 cum
557 3536 716 3582 natus
742 3526 818 3582 sis
857 3543 925 3583 ex
967 3526 1484 3596 fornicatione;qui
1524 3526 1686 3582 etiam
1729 3525 1868 3580 dicis
1913 3533 1968 3577 te

392 3632 563 3674 unum
595 3618 773 3675 solum
810 3617 1022 3674 Patrem
1053 3618 1250 3675 habere
1279 3621 1472 3684 Deum,
1528 3617 1653 3689 quia
1696 3617 1873 3688 jactes
1916 3625 1967 3670 te

393 3722 579 3765 natum
617 3727 685 3767 ex
720 3712 973 3779 virgine;
1011 3712 1307 3768 latentibus
1349 3711 1553 3782 alioqui
1593 3709 1750 3766 nobis
1798 3708 1968 3766 Deum

391 3813 630 3874 patrem,
657 3819 762 3860 non
801 3815 982 3861 tamen
1018 3805 1345 3876 negantibus
1364 3803 1641 3860 hominem
1679 3803 1844 3858 etiam
1868 3817 1968 3858 nos

393 3897 597 3953 habere
619 3908 851 3969 patrem.
885 3897 992 3955 Sed
1024 3899 1170 3954 dicet
1195 3896 1395 3968 aliquis
1430 3895 1546 3952 haec
1571 3895 1654 3952 sic
1692 3895 1967 3952 intellecta

393 4006 500 4044 non
543 4005 703 4060 posse
759 4006 883 4048 esse
935 3992 1102 4047 verba
1151 4006 1342 4046 eorum
1371 3987 1705 4056 Judteorum,
1753 3989 1847 4060 qui
1892 3989 1966 4044 illi

390 4082 753 4138 crediderant.
781 4082 860 4137 Ad
890 4084 1032 4153 quod
1063 4082 1346 4137 dicendum
1379 4092 1462 4136 est
1488 4082 1634 4151 quod
1665 4096 1790 4138 cum
1821 4081 1974 4151 prin-

393 4173 538 4241 cipio
566 4174 770 4230 dictum
819 4175 1014 4229 luisset
1067 4174 1172 4229 illis
1213 4173 1342 4228 illud
1378 4188 1396 4227 :
1433 4174 1494 4229 Si
1539 4190 1630 4227 vos
1669 4174 1968 4228 ntanuritia

393 4263 454 4319 in
483 4281 720 4320 sermone
741 4281 878 4330 meo,
907 4281 1022 4319 vere
1047 4263 1293 4328 discipuli
1317 4265 1418 4317 mei
1447 4263 1617 4328 eritis,
1640 4273 1689 4318 et
1717 4278 1971 4332 agnosce-

2055 2069 2145 2107 ναι
2178 2051 2328 2123 αύτῷ
2367 2050 2633 2116 Ἰουδαῖοι,
2663 2044 3245 2121 παρακεκαλυμμένως
3273 2044 3642 2115 αίνισσόμενοι

2057 2146 2123 2199 ὲκ
2154 2144 2416 2216 πορνείας
2441 2141 2803 2214 γεγεννῆσθαι
2828 2139 2919 2194 τὸν
2953 2138 3213 2210 Σωτῆρα,
3243 2135 3319 2200 ὡς
3343 2137 3492 2200 εἰκὸς
3519 2135 3641 2190 τοῦ-

2057 2253 2118 2292 το
2161 2234 2517 2298 ὑπονοοῦντες
2553 2232 2632 2306 τῷ
2665 2232 2740 2306 μὴ
2773 2231 3176 2305 παραδέχεσθαι
3213 2230 3311 2304 τὴν
3352 2229 3644 2300 διαϐόητον

2058 2328 2154 2382 καὶ
2175 2325 2620 2400 τεθρυλλημένην
2649 2325 2816 2382 αὐτοῦ
2847 2323 3102 2397 γέννησιν
3128 2327 3204 2399 (2)
3239 2327 3304 2381 ὲκ
3341 2324 3442 2395 τῆς
3491 2324 3638 2394 Παρ-

2059 2419 2236 2476 θένου.
2284 2419 2395 2475 Καὶ
2430 2419 2540 2493 γὰρ
2589 2420 2734 2475 πάνυ
2791 2435 2881 2491 μοι
2929 2419 3178 2490 φαίνεται
3217 2420 3412 2489 ἄλογον
3464 2416 3644 2472 ταῦτα

2059 2513 2257 2577 αὐτοὺς
2300 2511 2604 2585 ἀπορρίψαι
2641 2511 2711 2565 τὰ
2743 2513 2964 2583 ῥήματα
2997 2511 3134 2584 πρὸς
3167 2511 3328 2576 ἔπος·
3367 2510 3497 2564 οὔτε
3533 2509 3645 2581 γὰρ

2060 2604 2200 2677 πρὸς
2233 2604 2304 2658 τὰ.
2325 2605 2587 2678 πρότερα,
2619 2604 2745 2659 οὔτε
2776 2603 3083 2668 ἀκολούθως
3104 2607 3215 2669 τοῖς
3238 2603 3368 2674 ἑξῆς
3387 2603 3646 2675 εἰρῆσθαι

2059 2698 2303 2764 δύναται,
2343 2698 2378 2770 ἢ
2425 2697 2794 2770 ἁπλούστερον
2833 2695 3088 2769 νοηθῆναι
3111 2697 3173 2750 τό
3198 2697 3296 2768 (5)“
3329 2694 3535 2766 Ἡμεῖς
3573 2695 3648 2748 ἐκ

2061 2790 2342 2859 πορνείας
2390 2791 2464 2844 οὐ
2497 2788 2993 2862 γεγεννήμεθα,τὸ
3017 2789 3305 2862 εἰρημένον
3326 2786 3644 2842 ύπάὐτῶν.

2074 2881 2234 2935 Ἀλλὰ
2272 2880 2368 2936 καὶ
2395 2881 2518 2935 ἐπεὶ
2549 2880 2760 2953 πατέρα
2807 2880 2938 2935 ἴδιον
2977 2880 3132 2950 έλεγε
3163 2879 3255 2934 τὸν
3293 2878 3426 2934 Θεὸν
3457 2881 3490 2933 ὸ
3531 2879 3648 2932 Σω-

2063 2973 2166 3046 τὴρ
2187 3013 2204 3040 ,
2229 2974 2420 3029 οὐδένα
2465 2973 2752 3046 ἄνθρωπον
2782 2973 2995 3046 πατέρα
3035 2967 3172 3027 εἶναι
3221 2972 3416 3026 ἑαυτοῦ
3445 2971 3648 3043 ὁμολο-

1989 3047 2031 3104 C
2063 3067 2176 3136 γῶν
2209 3066 2300 3121 διὰ
2325 3067 2419 3121 τόο
2464 3066 2661 3137 Ἡμεῖς
2691 3067 2761 3121 ἐκ
2789 3067 3073 3136 πορνείας
3101 3067 3173 3121 οὐ
3199 3064 3607 3136 γεγεννήμεθα
3630 3103 3648 3128 ,

2064 3159 2213 3225 εἰκὸς
2248 3159 2446 3224 αὐτοὺς
2487 3158 2773 3232 ἐπιφέρειν
2827 3157 2991 3213 πάλιν
3045 3157 3487 3229 προσκρούοντας
3539 3155 3604 3210 τό
3629 3173 3646 3188 ·

2066 3253 2216 3308 Ἕνα
2258 3250 2486 3320 πατέρα
2537 3251 2760 3322 ἔχομεν
2815 3250 2942 3306 τὸν.
2995 3252 3176 3306 Θεόνο
3241 3249 3374 3302 ὡσεὶ
3432 3250 3646 3317 ἔλεγον*

2077 3346 2271 3418 Ἡμεῖς
2331 3346 2532 3417 μᾶλλον
2577 3346 2676 3400 ἕνα
2714 3345 2928 3417 πατέρα
2958 3343 3156 3416 ἔχομεν
3189 3342 3282 3397 τὸν
3323 3343 3455 3396 Θεὸν
3499 3342 3652 3413 ῆπερ

2069 3442 2134 3494 σὺ
2158 3479 2174 3505 ,
2213 3440 2244 3494 ὸ
2295 3441 2517 3510 φάσκων
2575 3440 2673 3512 μὲν
2717 3441 2782 3494 ὲκ
2824 3436 3092 3510 παρθένου
3135 3434 3499 3507 γεγεννῆσθαι
3525 3474 3541 3501 ,
3584 3435 3652 3487 ὲκ

2069 3532 2325 3604 πορνείας
2353 3532 2412 3586 δὲ
2436 3531 2832 3604 γεγεννημένος
2851 3569 2867 3596 ,
2915 3530 3012 3584 κα)⁸
3042 3528 3134 3584 διὰ
3160 3528 3223 3583 τὸ
3253 3529 3442 3599 αὐχεῖν
3480 3527 3547 3581 τδ
3583 3527 3652 3580 ὲκ

2069 3624 2338 3697 παρθένου
2367 3623 2725 3695 γεγεννῆσθαι
2760 3621 2934 3690 λέγων
2962 3620 3059 3675 ἕνα
3083 3619 3294 3690 πατέρα
3333 3618 3500 3688 ἔχειν,
3552 3620 3652 3689 μό-

2068 3734 2158 3771 νον
2187 3716 2280 3771 τὸν
2304 3716 2459 3781 Θεὸν,
2483 3715 2591 3770 τῶν
2610 3712 3014 3786 ὁμολογούντων
3039 3711 3114 3784 (4)
3142 3710 3233 3765 τὸν
3259 3709 3471 3782 πατέρα
3491 3708 3651 3773 Θεὸν,

2069 3807 2170 3862 οὒκ
2208 3806 2557 3879 ἀρνουμένων
2597 3804 2693 3860 καὶ
2740 3803 3027 3877 ἄνθρωπον
3064 3802 3294 3871 πατέρα.
3344 3799 3486 3854 Ἀλλ’
3535 3802 3653 3872 ὲρεῖ

2067 3918 2187 3967 τις,
2235 3901 2318 3955 ὅτι
2351 3899 2496 3954 αὐτὰ
2529 3899 2672 3954 οὕτω
2701 3897 2968 3970 νοούμενα
3002 3895 3062 3950 ού
3095 3895 3318 3950 δύναται
3361 3889 3507 3947 εἶναι.
3528 3915 3532 3918 η
3553 3894 3652 3966 ρή-

2073 4010 2219 4063 ματα
2242 3993 2351 4047 τῶν
2383 3991 2827 4047 πεπιστευκότων
2861 3987 3009 4060 αὐτῷ
3054 3987 3340 4042 Ἰουδαίων.
3375 3985 3488 4040 Καὶ
3513 3983 3652 4056 πρὸς

2067 4083 2227 4140 τοῦτο
2255 4084 2313 4139 δὲ
2341 4083 2580 4150 λεκτέον,
2602 4084 2707 4147 ὅτι,
2732 4080 3022 4153 εἰρημένου
3045 4080 3104 4132 ἐν
3125 4081 3192 4150 τῇ
3217 4078 3359 4150 ἀρχῇ
3387 4074 3482 4129 τοῦ
3514 4075 3653 4146 πρὸς

2071 4174 2270 4239 αὐτοὺς
2295 4173 2481 4244 λόγου,
2513 4172 2609 4227 τοῦ
2627 4190 2642 4205 ’
2685 4172 2828 4228 Ἐὰν
2858 4169 3028 4241 ὑμεῖς
3049 4169 3292 4240 μείνητε
3319 4167 3391 4221 ἐν
3426 4163 3510 4230 τῷ
3545 4165 3651 4218 λό-

2071 4281 2154 4338 γῳ
2184 4263 2264 4331 τῷ
2290 4263 2411 4334 ἐμῷ
2428 4303 2444 4330 ,
2477 4263 2713 4332 ἀληθῶς
2734 4262 2998 4334 μαθηταί
3037 4277 3156 4330 μου
3175 4255 3336 4325 ἐστὲ,
3363 4256 3462 4311 καὶ
3495 4253 3651 4325 γνὼ-

393 4353 463 4409 tir
494 4354 760 4409 ueritatem
789 4354 856 4418 ⁸⁸,
879 4355 1100 4425 perinde
1127 4368 1190 4407 ac
1229 4362 1447 4423 possent
1487 4367 1706 4407 manere
1744 4353 1797 4406 in
1851 4366 1964 4407 ser-

2089 4360 2258 4412 γεσθε
2293 4354 2410 4424 τὴν
2449 4354 2737 4422 ἀλήθειαν
2760 4393 2778 4420 ,
2822 4353 2898 4417 ὡς
2958 4351 3054 4407 καὶ
3111 4349 3424 4420 δυναμένων
3468 4348 3651 4400 αὐτῶν

397 4458 560 4498 mone
589 4443 737 4512 Jesu,
765 4456 822 4500 et
850 4461 955 4500 non
993 4460 1214 4500 manere
1234 4485 1250 4509 ,
1283 4460 1388 4499 non
1421 4443 1796 4498 dillicillimum
1823 4443 1964 4498 factu

2089 4448 2259 4519 μένειν
2292 4449 2351 4502 ὲν
2377 4446 2457 4519 τῷ
2505 4445 2680 4518 Ἰησοῦ
2725 4445 2887 4516 λόγῳ,
2918 4444 3015 4498 καὶ
3045 4441 3120 4515 μὴ
3144 4441 3345 4514 μένειν,
3378 4440 3482 4495 οὐκ
3523 4439 3650 4493 ἀδύ-

395 4550 519 4592 esse
538 4537 799 4607 quosdam
831 4537 1150 4609 redargutos
1189 4553 1296 4591 non
1335 4537 1598 4592 mansisse
1631 4535 1684 4590 in
1714 4549 1971 4592 sermone

397 4625 609 4696 ipsius;
647 4639 879 4696 cumque
905 4641 1012 4681 non
1057 4627 1408 4691 mansissent,
1451 4625 1699 4682 acerbius
1719 4634 1775 4682 et
1804 4641 1966 4695 repu-

395 4727 630 4786 gnanter
667 4715 801 4772 illud
844 4717 1087 4773 dixisse:
1120 4715 1236 4772 Nos
1285 4733 1352 4772 ea:
1394 4727 1579 4786 stupro
1626 4733 1730 4771 non
1786 4733 1967 4771 sumus

397 4809 547 4875 uti;
587 4826 751 4864 unum
780 4819 982 4879 patrem
1012 4808 1265 4864 habemus
1289 4809 1479 4864 Deum.
1512 4809 1772 4864 Videntur
1788 4821 1967 4864 autem

399 4899 534 4954 mihi
567 4900 967 4956 contentiosius
987 4915 1206 4970 quoque
1239 4899 1584 4970 respondisse
1611 4917 1626 4956 :
1659 4915 1788 4954 cum
1821 4901 1966 4955 enim

390 5041 394 5073 ἑ
470 4993 516 5025 ⁸¹
553 4992 710 5048 Juan.
738 5010 855 5059 νιιι,
884 4995 975 5048 41.
1049 4998 1098 5028 ⁸³
1121 4996 1252 5053 ibid.
1291 4993 1494 5057 5|,32.

471 5087 583 5152 (99)
633 5090 778 5154 Τοὺς
817 5087 1164 5158 νομίζοντας
1207 5086 1489 5142 ἐντεῦθεν
1510 5085 1964 5158 παρίστασθαι,

398 5166 506 5210 etc.
539 5160 573 5210 Ii
604 5172 759 5210 erant
793 5155 1173 5226 Valentiniani,
1216 5159 1307 5227 qui
1342 5158 1468 5220 τοὺς
1499 5155 1718 5219 ὑλικούς
1756 5158 1970 5212 diabolo

400 5235 696 5298 prognatos
728 5227 1020 5298 ﬁngebant,
1059 5231 1124 5282 ad
1157 5244 1319 5284 omne
1379 5229 1580 5281 bonum
1641 5227 1869 5298 ineptos,
1902 5228 1966 5278 ad

400 5296 604 5351 malum
626 5296 942 5365 propensos,
970 5300 1033 5352 ad
1062 5309 1284 5367 peccata
1306 5307 1462 5353 natos
1485 5307 1540 5352 et
1563 5298 1629 5351 ad
1656 5297 1969 5367 interitum;

402 5367 490 5421 cui
519 5367 782 5421 doctrinae
804 5369 1004 5436 parilla
1030 5366 1131 5424 fuit
1159 5369 1436 5423 Gallorum
1470 5366 1850 5436 quorumdam,
1877 5366 1968 5435 qui

402 5452 469 5490 ex
505 5435 960 5510 maleiutellectis
982 5438 1256 5510 aliquibus
1298 5439 1586 5510 Augustini
1622 5437 1850 5510 iu_l_ibro
1899 5435 1973 5510 ρο

401 5506 870 5574 prwdeatinatione
898 5506 1202 5561 sanctorum
1231 5506 1568 5572 locis,'liberi
1621 5506 1834 5562 arbitrii
1899 5507 1970 5560 ita

406 5576 780 5648 inl‘ringebant
811 5580 972 5641 Vires,
1002 5588 1059 5632 et
1077 5582 1265 5641 gratia:
1292 5579 1594 5634 subsidium
1627 5585 1734 5631 tam
1782 5576 1973 5645 paucis

405 5647 797 5716 largiebantur,
833 5658 892 5701 ut
916 5663 1053 5717 quos
1087 5649 1225 5704 Deus
1263 5649 1532 5718 perditum
1566 5648 1632 5702 iri
1698 5647 1976 5716 praescire-

405 5721 501 5784 ιιι,
529 5731 625 5772 eos
657 5720 820 5772 etiam
853 5719 919 5772 ad
958 5718 1312 5788 perditionem
1343 5719 1790 5788 praedestinasse;
1814 5729 1976 5788 quos-

409 5803 516 5857 que
540 5789 607 5842 ad
638 5787 981 5859 supplicium,
1002 5803 1098 5841 eos
1123 5789 1290 5846 etiam
1333 5791 1401 5846 ad
1444 5799 1727 5859 Peccatum
1762 5787 1973 5859 praede-

401 5862 642 5922 ,stinasse
671 5860 886 5916 vellent.
917 5857 1182 5915 Hunnus.

2075 4554 2234 4590 νατον
2259 4531 2328 4609 ἦν
2349 4553 2501 4600 τινας
2540 4538 2605 4590 ὲκ
2644 4534 2754 4590 τῶν
2785 4534 3156 4606 ἐλεγχομένων
3185 4530 3262 4604 (5)
3301 4531 3376 4603 μὴ
3409 4547 3649 4602 μεμενη-

2073 4629 2226 4685 κέναι
2260 4628 2425 4684 αύτοῦ
2465 4627 2524 4682 έν
2565 4627 2644 4700 τῷ
2679 4627 2842 4697 λόγῳ,
2891 4627 2987 4680 καὶ
3028 4623 3102 4696 μὴ
3140 4623 3430 4696 μείναντας
3459 4621 3632 4693 πικρό

2073 4736 2230 4792 τερον
2259 4721 2355 4775 καὶ
2386 4718 2867 4792 προσκρουστικῶς
2905 4716 3183 4789 εἰρηκέναι
3218 4714 3298 4768 τό·
3347 4712 3540 4783 Ἡμεῖς
3586 4713 3651 4766 ἐκ

2076 4812 2356 4880 πορνείας
2375 4813 2449 4866 οὐ
2477 4807 2879 4882 γεγεννήμεθα
2899 4808 2997 4880 (6),
3025 4801 3136 4862 ἕνα
3159 4805 3384 4874 πατέρα
3430 4803 3650 4874 ἔχομεν

2077 4901 2184 4958 τὸν
2215 4904 2384 4960 Θεόν.
2421 4905 2580 4960 Δοκεῖ
2608 4903 2668 4958 δέ
2697 4920 2787 4975 μοι
2806 4903 2916 4969 ,ὅτι
2942 4903 3037 4956 καὶ
3064 4899 3494 4971 φιλονεικότερον
3517 4899 3650 4952 ἁπε-

2146 5087 2224 5208 (12
2269 5085 2365 5167 Ὠς
2391 5083 2695 5167 οὑντέκνα.
2731 5081 2789 5137 lu
2835 5081 3074 5165 editione
3124 5080 3302 5138 Huetii
3361 5081 3519 5139 deest
3573 5083 3665 5157 οὐ,

2149 5175 2200 5208 οι
2247 5156 2442 5208 lenitur
2475 5171 2526 5208 ιιι
2568 5156 2754 5208 codice
2778 5153 3093 5208 Bodleiano.

2075 5153 2216 5226 quod
2247 5156 2442 5226 legitur
2475 5157 2526 5226 in
2568 5156 2754 5226 codice
2778 5153 3093 5226 Bodleiano.

2113 5225 2224 5349 ea)
2255 5221 2440 5280 Codex
2497 5224 2845 5293 Bodleianus,
2897 5223 3168 5294 γέννησιν·
3222 5222 3392 5279 editio
3447 5221 3650 5280 Huctii,

2143 5313 2311 5349 νεσιν.

2143 5313 2311 5350 νεσιν.

2075 5312 2428 5437 γεῖἓῖιέοάει
2461 5364 2807 5437 Bodleianus,
2840 5361 3123 5437 νοηθῆναιῄ
3153 5361 3380 5437 Regius,
3401 5363 3650 5437 νοηθείη.

2173 5434 2225 5506 4)
2259 5435 2382 5490 Τῶν
2417 5436 2890 5506 ὁμολογούντων.
2911 5434 3196 5490 Ferrarius
3249 5435 3463 5504 legebat
3491 5434 3662 5506 ’ἡμῶν

2074 5507 2498 5580 ὁμολογούντων.

2151 5579 2232 5650 (5)
2250 5571 2447 5650 Ὀριίεκ
2484 5576 2830 5650 Bodleianus,
2850 5575 2926 5650 ἐκ
2946 5572 3058 5650 τῷν
3090 5571 3496 5645 ἐλεγχομένωνο
3548 5573 3648 5630 lie-

2078 5644 2292 5720 giu'su'et
2323 5647 2680 5720 Barberinus,
2715 5647 2780 5699 ὲκ
2805 5645 2915 5699 τῶν
2942 5644 3201 5720 ἐλέγχων.

2149 5717 2226 5788 (6)
2255 5717 2439 5788 codex
2471 5717 2818 5782 Bodleianus,
2851 5713 3222 5787 γεγεννήμεθα
3244 5731 3257 5745 ·
3282 5713 3532 5787 βεκῑυε.
3560 5729 3652 5783 γε·

2079 5787 2376 5862 γενήμεθα.
