3804 6554
449 419 548 476 6H

1715 459 1731 478 .
1838 485 1841 489 ,
1912 425 2235 485 ORIGEMS

3598 444 3693 500 (ili

449 545 668 614 quando
703 543 867 603 etiam
917 553 1073 616 pater
1117 548 1321 606 ducens
1357 550 1498 606 hunc
1546 551 1616 606 ad
1661 518 1997 619 reﬁeneratio

2129 551 2369 620 γίνεται,
2406 556 2497 608 καὶ
2527 556 2852 629 χρηματίζει
2886 557 2997 630 (ii)
3023 559 3264 616 τοιούτου
3303 561 3508 633 πατὴρ.
3545 563 3692 614 Ἔστι

450 653 596 705 nem,
628 639 781 708 quasi
827 651 980 709 paler
1013 641 1179 712 ipsius
1220 643 1470 710 elﬁcitur,
1503 654 1558 700 et
1598 646 1830 701 habetur
1854 646 2022 716 ipsius

446 741 625 797 pater.
671 729 765 784 His
822 731 1116 804 adiungere
1160 749 1446 804 possumus
1473 750 1594 803 quae
1637 734 1690 788 in
1731 735 2022 807 Evangelio

447 824 739 877 secundum
767 823 1071 880 Matthteum
1095 828 1292 897 scripta
1317 836 1445 882 sunt
1467 828 1610 882 hunc
1627 828 1678 882 in
1705 830 1918 883 modunn
1942 831 2019 886 "z

446 915 685 968 Audistis
702 917 898 968 dictum
921 932 1030 970 esse
1047 931 1065 968 :
1089 917 1285 988 Diliges
1309 921 1605 987 proximum
1635 933 1802 986 tuum,
1825 931 1874 975 et
1898 923 2020 976 odio

447 1007 659 1060 habebis
688 1008 956 1061 inimicum
995 1018 1165 1066 tuum.
1207 1013 1274 1065 At
1321 1028 1414 1082 ego
1451 1013 1568 1066 dico
1596 1015 1740 1068 vobis
1766 1028 1785 1066 :
1809 1013 2022 1084 Diligite

444 1099 685 1152 inimicos
710 1111 923 1164 vestros,
942 1109 988 1153 et
1016 1111 1160 1155 orate
1186 1119 1280 1170 pro
1307 1103 1388 1157 his
1403 1104 1493 1174 qui
1513 1120 1599 1158 vos
1619 1118 2017 1175 persequuntur,

446 1202 501 1245 ut
531 1191 646 1245 sitis
671 1191 770 1260 filii
805 1189 984 1244 Patris
1013 1193 1167 1246 vestri
1187 1194 1276 1262 qui
1301 1193 1355 1246 in
1384 1194 1528 1248 caelis
1560 1207 1654 1250 est.
1682 1196 1894 1252 Adhibe
1931 1215 2021 1252 au-

445 1291 551 1337 tem
581 1282 818 1337 animum
847 1283 910 1337 ad
949 1283 1073 1336 illud
1116 1304 1129 1339 :
1170 1284 1237 1339 Ut
1275 1287 1387 1342 sitis
1415 1288 1515 1356 lilii
1545 1287 1722 1344 Patris
1748 1292 1901 1344 vestri
1930 1292 2019 1361 qui

441 1374 499 1428 in
533 1375 675 1428 calis
705 1383 801 1438 est,
836 1377 1129 1429 ostendens
1151 1378 1293 1445 quod
1321 1380 1414 1448 qui
1444 1389 1598 1434 antea
1631 1397 1734 1435 non
1775 1383 2017 1438 estﬁlins

440 1465 584 1520 illius
598 1464 774 1522 Patris
794 1466 882 1534 qui
901 1477 983 1522 est
1009 1467 1058 1520 in
1083 1469 1252 1534 ctelis,
1278 1470 1470 1528 deinde
1502 1474 1644 1529 illius
1661 1473 1926 1531 elliciatur
1949 1475 2015 1530 ﬁ-

440 1555 564 1614 lius.
579 1557 819 1628 Cumque
839 1559 1124 1628 diligenter
1138 1564 1511 1619 observaveris
1533 1565 1659 1620 illud
1681 1568 1855 1631 vestri,
1873 1567 2014 1637 quod

439 1647 656 1700 additur
684 1649 946 1703 vocabulo
985 1649 1168 1705 Patris
1201 1653 1305 1720 (sic
1338 1654 1482 1708 enim
1525 1655 1787 1725 scriptum
1821 1665 1924 1724 est,
1958 1666 2014 1711 ut

437 1739 553 1791 sitis
586 1739 687 1806 ﬁlii
717 1737 896 1794 Patris
928 1746 1128 1814 vestri),
1153 1759 1363 1814 quaeres
1406 1755 1590 1800 utrum
1618 1746 1917 1816 simplicius
1943 1747 2012 1802 il-

438 1831 532 1885 lud
565 1833 768 1887 dictum
801 1834 891 1897 sit,
928 1849 995 1889 an
1039 1837 1390 1904 peccantibus
1435 1836 1835 1906 exemplaribus
1863 1839 2012 1894 addi-

2123 643 2179 695 δὲ
2210 645 2580 716 προσαχθῆναι
2605 649 2684 712 εἰς
2713 649 2887 704 ταῦτα
2919 651 3027 705 ἀπὸ
3046 652 3156 706 τῶν
3180 653 3353 716 οὕτως
3383 654 3439 705 ὲν
3469 653 3548 723 τῷ
3562 657 3691 708 κατὰ

2122 736 2398 790 Ματθαίον
2431 738 2748 812 Εὐαγγελιῳ
2779 744 3197 816 γεγραμμένων·
3231 746 3555 799 Ἠκούσατε
3574 786 3589 808 ,
3611 747 3690 801 ὅτι

2121 824 2361 894 ἐρρέθη⁸
2403 828 2762 898 Ἀγαπήσεις
2795 833 2903 887 τὸν
2926 835 3193 902 πλησίον
3228 850 3367 901 σου,
3393 835 3493 888 καὶ
3529 837 3691 904 μισή-

2121 934 2250 984 σεις
2265 920 2371 972 τὸν
2387 921 2602 990 ἐχθρόν
2619 939 2756 979 σου.
2785 924 2932 994 Ἐγὼ
2949 924 3017 978 δὲ
3034 924 3190 995 λέγω
3207 925 3348 996 ὑμῖν
3361 942 3376 956 ⁸
3409 928 3692 995 Ἀταπᾱτε

2119 1011 2263 1078 τοὺς
2298 1013 2550 1084 ἐχθροὺς
2587 1015 2784 1085 ὑμῶν,
2813 1016 2914 1070 καὶ
2948 1019 3358 1086 προσεύχεσθε
3399 1018 3556 1085 ὑπὲρ
3585 1018 3694 1071 τῶν

2119 1102 2452 1158 διωκόντων
2490 1104 2663 1175 ὑμᾶς,
2696 1106 2855 1174 ὅπως
2887 1107 3146 1176 γένησθε
3176 1109 3292 1162 υἱοὶ
3325 1107 3432 1162 τοῦ
3463 1108 3692 1175 Πατρός

2118 1194 2285 1264 ὑμῶν
2326 1196 2432 1249 τοῦ
2471 1197 2540 1250 ὲν
2574 1197 2869 1265 οὐρανοῖς.
2919 1198 3164 1270 Πρόσχες
3207 1199 3313 1270 γὰρ
3344 1198 3456 1269 τῷν
3499 1200 3687 1264 Ὅπως

2117 1284 2376 1354 γένησθε
2415 1287 2532 1341 υἱοὶ
2566 1286 2672 1340 τοῦ
2699 1287 2928 1362 Πατρὸς
2960 1288 3128 1357 ὑμῶν
3163 1289 3268 1342 τοῦ
3296 1290 3366 1342 ἐν
3391 1288 3688 1356 οίιρανοῖς,

2117 1376 2453 1449 ἐμφαίνοντι,
2487 1381 2568 1433 ὃτι
2591 1381 2652 1434 οὐ
2682 1380 2942 1452 πρότερόν
2974 1399 3057 1444 τις
3085 1379 3159 1434 ὣν
3183 1381 3296 1444 υἱὸς
3322 1379 3412 1432 τοῦ
3443 1382 3504 1432 ὲν
3533 1380 3688 1450 οὐρα-

2116 1473 2227 1534 νοῖς
2251 1471 2459 1542 Πατρὸς
2487 1471 2693 1539 γίνεται
2721 1471 2884 1525 αὑτοῦ
2917 1471 3050 1536 υἱός.
3094 1470 3396 1542 Ἐπιμελῶς
3429 1471 3489 1524 δὲ
3518 1473 3686 1542 τηρή-

2116 1577 2216 1624 σας
2250 1563 2498 1634 καὶπερὶ
2544 1563 2636 1616 τοῦ
2687 1563 3082 1634 προσκειμένου
3127 1563 3238 1635 τῷ,
3289 1563 3395 1617 τοῦ
3432 1565 3683 1630 Πατρός,

2114 1638 2444 1726 ὅπερεστὶν,
2469 1653 2636 1723 ὑμῶν
2673 1655 3000 1726 (γέγραπται
3031 1655 3136 1728 γάρ
3156 1672 3169 1685 ·
3208 1656 3407 1721 Ὅπως
3428 1654 3685 1724 γένησθε

2113 1745 2228 1800 υἱοὶ
2256 1744 2362 1799 τοῦ
2389 1746 2617 1815 Πατρός
2640 1743 2850 1817 ὐμῶνΥ
2871 1739 3126 1817 ζητήσεις
3148 1747 3369 1818 πότερον
3389 1747 3564 1800 ἁπλοῦ
3574 1765 3685 1800 στε-

2115 1856 2208 1911 ρον
2239 1840 2474 1912 εἴρηται,
2503 1841 2537 1912 ἢ
2562 1839 2668 1893 τῶν
2712 1840 3058 1911 ἀντιγράφων
3087 1840 3491 1912 ἡμαρτημένων
3523 1841 3684 1911 πώε-

439 1938 550 1979 ιιιιιι
575 1927 645 1980 sit
673 1926 800 1981 illud
835 1929 1012 1982 vestri.
1037 1928 1183 1984 Nihil
1203 1930 1346 1984 enim
1378 1931 1779 1999 qumsisscmus,
1804 1931 1849 1986 si
1872 1932 2004 1987 scri-

2111 1949 2287 1986 κειται
2347 1932 2428 1996 τὸ,
2463 1931 2647 2002 ὑμῶν·
2683 1932 2835 1986 οὐδὲν
2866 1931 2974 2004 γὰρ
3005 1930 3349 2004 ἐζητήσαμεν
3369 1931 3455 1995 ἂν,
3493 1933 3542 1984 εἰ
3565 1930 3684 2000 ἐγέ-

437 2027 584 2089 ptum
620 2020 814 2076 fuisset
844 2042 855 2076 :
890 2020 958 2076 Ut
990 2023 1105 2076 sitis
1133 2022 1233 2092 ﬁlii
1260 2022 1441 2077 Patris
1480 2024 1628 2079 illius
1661 2026 1750 2094 qui
1782 2026 1838 2079 in
1867 2025 2008 2080 ctzlis

433 2123 512 2167 est
538 2130 558 2168 :
588 2124 642 2168 et
664 2114 961 2184 praesertim
991 2116 1246 2183 quoniam
1271 2117 1524 2170 videntur
1547 2117 1659 2171 haec
1687 2132 2004 2188 repugnare,

434 2217 495 2260 ut
517 2207 716 2274 aliquis
747 2205 818 2260 sit
849 2205 991 2260 ﬁlius
1023 2220 1130 2260 non
1171 2206 1497 2277 simpliciter
1542 2207 1720 2262 Patris
1745 2207 1887 2262 illius
1916 2211 2004 2278 qui

433 2309 520 2352 est
549 2299 600 2352 in
632 2297 807 2362 cmlis,
829 2296 921 2352 sed
951 2299 1032 2351 sui
1061 2298 1229 2367 patris
1263 2316 1277 2351 :
1307 2314 1432 2352 nam
1455 2298 1498 2352 si
1529 2308 1612 2353 est
1642 2308 1794 2370 pater
1817 2299 2002 2369 ipsius,

436 2404 541 2442 non
565 2388 796 2443 elﬁcitur
856 2399 1040 2459 postea
1089 2390 1229 2445 ﬁlius
1261 2428 1266 2432 ι
1297 2389 1464 2459 ipsius
1496 2408 1512 2457 ;
1547 2391 1631 2445 sin
1676 2406 1804 2446 vero
1839 2392 2005 2461 ipsius

431 2483 578 2537 ﬁlius
617 2483 868 2547 edicitur,
894 2497 996 2536 non
1022 2492 1139 2536 erat
1163 2490 1322 2536 antea
1351 2482 1520 2552 ipsius
1545 2492 1718 2552 pater.
1762 2482 1892 2538 illud
1926 2484 2002 2539 si-

432 2579 541 2628 mul
589 2578 924 2640 observabis,
949 2590 1014 2631 eo
1043 2576 1184 2643 quod
1224 2589 1291 2629 ex
1328 2576 1413 2630 his
1439 2575 1530 2644 qui
1561 2585 1854 2631 censentur
1878 2589 2002 2630 cre-

431 2668 580 2731 dere,
607 2669 825 2737 quidam
851 2671 996 2725 servi
1032 2668 1166 2734 Dei,
1203 2682 1419 2722 rursum
1466 2665 1558 2720 alii
1609 2667 1862 2722 dicantur
1905 2667 2001 2721 ﬁlii

429 2757 548 2824 Dei,
577 2775 644 2810 an
678 2758 817 2813 forte
849 2773 953 2814 non
978 2758 1354 2828 qualecunque
1383 2757 1716 2823 mandatum,
1738 2758 1832 2813 sed
1851 2773 2000 2827 quae-

427 2850 552 2904 dam
573 2865 670 2920 per
683 2849 1058 2906 excellentiam
1085 2851 1347 2919 praeclare
1369 2860 1492 2905 acta
1516 2848 1721 2906 faciant
1740 2852 1997 2922 aliquem,

425 2943 520 3014 qui
551 2957 613 2998 ea
653 2943 869 3010 abierit,
899 2942 1037 2997 elﬁci
1085 2942 1252 2996 ﬁlium
1303 2943 1420 2998 Dei.
1463 2942 1828 3010 Quamobrem
1874 2957 1998 2998 cum

425 3034 481 3089 in
521 3035 772 3090 Matlbmo
795 3034 960 3088 multa
996 3036 1104 3089 sint
1131 3036 1295 3101 dicta,
1324 3033 1452 3088 illud
1479 3034 1706 3089 observa
1738 3048 1752 3087 :
1789 3033 1854 3088 Ut
1879 3035 1998 3089 sitis

424 3128 528 3197 ﬁlii
563 3126 742 3182 Patris
761 3127 940 3190 vestri,
974 3128 1064 3196 qui
1091 3127 1146 3180 in
1175 3126 1315 3182 caelis
1341 3136 1441 3191 est,
1481 3125 1623 3195 quod
1657 3126 1999 3195 subiungitur

2108 2040 2319 2095 γραπτο
2343 2041 2357 2056 ⁶
2403 2024 2591 2091 Ὅπως
2627 2023 2882 2094 γένησθε
2915 2025 3031 2078 υἱοὶ
3065 2023 3171 2077 τοῦ
3211 2025 3442 2091 Πατριὲς
3480 2023 3588 2076 τοῦ
3619 2024 3685 2075 ἐν

2106 2113 2416 2182 οὐρανοῖς-
2451 2115 2545 2167 καὶ
2575 2113 2808 2184 μάλιστα
2848 2115 2970 2167 ἐπεὶ
3000 2114 3145 2167 δοκεῖ
3187 2114 3365 2185 μάχην
3406 2114 3682 2184 περιέχειν

2104 2207 2165 2260 τὸ
2202 2207 2447 2276 γίνεσθαι
2473 2207 2585 2262 υἱόν
2610 2225 2730 2260 τινα
2759 2207 2857 2278 οὐχ
2885 2207 3068 2272 ἁπλῶς
3093 2207 3185 2260 τοῦ
3219 2209 3275 2261 ὲν
3301 2207 3552 2279 οὐρανοῖς
3575 2208 3684 2259 Πα-

2104 2299 2250 2371 τρὸς,
2281 2297 2416 2354 ἀλλὰ
2437 2299 2529 2352 τοῦ
2559 2299 2688 2352 ἰδίου
2705 2299 2936 2371 Πατρός.
2955 2300 3017 2353 El
3050 2299 3148 2369 μὲν
3171 2299 3279 2370 γὰρ
3305 2298 3473 2352 αὑτοῦ
3502 2302 3682 2372 πατήρ

2105 2390 2271 2451 ἐστιν,
2306 2391 2405 2460 οὐχ
2435 2389 2660 2462 ὕστερον
2689 2390 2897 2458 γίνεται
2929 2389 3091 2443 αὐτοῦ
3121 2391 3232 2454 υἱός
3257 2408 3270 2420 ·
3301 2392 3348 2442 εξ
3383 2391 3439 2443 δὲ
3473 2391 3682 2460 γίνεται

2104 2480 2266 2534 αὑτοῦ
2291 2481 2428 2548 υἱὸς,
2459 2481 2557 2535 οὑκ
2577 2478 2645 2554 ἦν
2671 2481 2834 2536 αὐτοῦ
2865 2482 3064 2552 πατήρ.
3103 2481 3251 2552 Ἀμα
3283 2481 3339 2534 δὲ
3364 2481 3681 2551 ἐπιστήσεις

2101 2572 2188 2626 διὰ
2219 2572 2281 2625 τό
2310 2590 2460 2636 τινας
2493 2574 2590 2644 μὲν
2619 2574 2726 2629 τῶν
2753 2575 3171 2630 πεπιστευκέναι
3199 2575 3574 2647 νομιζομένων
3599 2575 3682 2629 λέ-

2100 2662 2292 2730 γεσοαι
2317 2663 2532 2728 δούλους
2557 2663 2652 2718 τοῦ
2681 2665 2837 2731 Θεοῦ,
2864 2666 3082 2739 ἑτέρους
3110 2668 3166 2721 δὲ
3195 2667 3554 2739 χρηματίζειν
3581 2671 3678 2724 αὖ-

2100 2753 2193 2808 τοῦ
2221 2755 2402 2819 υἱοὺς,
2436 2756 2644 2826 μήποτε
2676 2755 2773 2826 οὐχ
2802 2759 2834 2828 ὴ
2871 2756 3107 2827 τυχοῦσα
3134 2757 3318 2830 ἐντολὴ
3342 2803 3358 2819 ,
3393 2760 3534 2814 ἀλλά
3558 2780 3678 2816 τινα

2101 2845 2219 2898 κατ’
2260 2845 2537 2918 ἐξαίρετον
2581 2846 2988 2918 κατορθούμενα
3026 2847 3235 2902 ποιοῦσι
3278 2851 3534 2918 γενέσθαι
3565 2854 3678 2905 υἱὸν

2098 2935 2233 2989 Θεοῦ
2279 2937 2370 2991 τὸν
2418 2936 2856 3009 κατορθώσαντα.
2903 2939 3120 2994 Πολλῶν
3165 2941 3297 3010 γοῦν
3339 2944 3399 2996 ἐν
3428 2943 3508 3013 τῷ
3536 2947 3677 2999 κατὰ

2097 3027 2369 3082 Ματῦαῖον
2394 3029 2716 3100 εἰρημένων,
2741 3033 3047 3103 παρατήρει
3063 3033 3124 3086 τό
3144 3049 3157 3062 ο
3193 3034 3389 3100 Ὅπως
3414 3034 3678 3104 γένησθε

2096 3121 2212 3174 ὐἱοὶ
2247 3120 2353 3175 τοῦ
2385 3121 2607 3190 πατρὸς
2637 3122 2802 3192 ὑμῶν
2838 3125 2945 3179 τοῦ
2983 3125 3053 3178 ἐν
3093 3126 3386 3193 οὐρανοῖς,
3420 3126 3449 3178 δ
3477 3129 3672 3196 ἐπιφέ-

425 3217 536 3272 illis
569 3215 749 3272 verbis
783 3235 796 3270 :
834 3215 946 3284 Ego
993 3227 1164 3270 autem
1196 3217 1315 3270 dico
1355 3216 1497 3270 vobis
1524 3232 1542 3271 :
1574 3216 1790 3286 Diligite
1817 3217 1996 3271 inimi-

2107 3229 2250 3284 ρεται
2292 3211 2401 3283 (12)
2432 3211 2540 3282 τῷ·
2584 3213 2731 3282 Ἐγὼ
2772 3213 2840 3266 δὲ
2874 3214 3030 3284 λέγω
3066 3216 3240 3285 ὑμῖνο
3294 3217 3677 3286 Ἀγαπήσατε

424 3325 512 3362 cos
541 3319 759 3373 vestros,
802 3317 850 3361 et
884 3318 1032 3361 orate
1061 3323 1153 3375 pro
1197 3308 1278 3362 his
1317 3309 1408 3377 qui
1454 3319 1542 3361 vos
1592 3316 1992 3378 persequuntur.

426 3399 614 3454 Elucet
642 3402 786 3452 enim
838 3397 1132 3452 similitudo
1162 3411 1291 3468 erga
1335 3397 1528 3462 Deum,
1565 3407 1730 3468 atque
1771 3399 1996 3455 imitatio

427 3491 598 3563 ipsius
627 3490 904 3562 diligentis
934 3489 1115 3546 omnia
1146 3489 1292 3544 entia
1313 3528 1329 3555 ,
1354 3498 1412 3544 et
1450 3489 1585 3544 nihil
1632 3491 1995 3547 abominantis

423 3599 612 3639 eorum
633 3599 753 3653 qua:
779 3582 924 3646 fecit,
947 3591 1002 3636 et
1043 3580 1294 3636 omnibus
1334 3580 1608 3650 parcentis
1635 3579 1994 3653 (quandoqui-

425 3677 546 3732 dem
586 3677 756 3746 ipsius
790 3673 1004 3730 Domini
1033 3673 1334 3728 animarum
1361 3671 1594 3727 amantis
1619 3681 1746 3726 sunt
1768 3672 1990 3743 omnia),

424 3771 478 3825 in
507 3784 574 3824 eo
601 3770 692 3839 qui
729 3768 905 3838 diligit
939 3768 1190 3823 inimicos
1230 3781 1377 3831 suos,
1409 3775 1463 3821 et
1494 3774 1751 3834 precatur
1774 3779 1870 3834 pro
1908 3765 1990 3819 his

423 3862 516 3932 qui
545 3869 944 3930 persequuntur
975 3875 1122 3915 eum.
1141 3855 1338 3913 Verum
1365 3857 1636 3928 quomodo
1670 3856 1991 3911 convenien-

421 3963 504 4007 ter
557 3952 974 4021 subjungeretur
1000 3951 1169 4006 illud:
1207 3948 1276 4004 Ut
1321 3950 1436 4004 sitis
1471 3949 1568 4018 ﬁlii
1613 3947 1776 4019 330
1811 3946 1987 4002 Patris

419 4046 574 4100 vestri
596 4045 687 4114 qui
718 4045 774 4097 in
811 4044 951 4097 caelis
974 4051 1078 4109 est,
1102 4042 1208 4096 illis
1239 4043 1419 4097 verbis
1458 4059 1472 4095 :
1513 4041 1724 4094 Dictum
1758 4051 1873 4097 est:
1903 4039 1986 4094 Ne

417 4139 712 4193 committas
740 4137 1061 4190 adulterium
1085 4149 1104 4187 :
1127 4145 1179 4188 at
1207 4151 1300 4206 ego
1321 4134 1439 4186 dico
1467 4131 1606 4188 vobis
1635 4151 1651 4186 :
1678 4131 1987 4202 Quicunque

2096 3302 2238 3368 τοὺς
2272 3302 2523 3371 ἐχθροὺς
2558 3302 2758 3372 ὑμῶν,
2784 3305 2882 3358 καὶ
2926 3303 3333 3375 προσεύχεσθε
3367 3308 3523 3377 ὑπὲρ
3555 3307 3676 3363 τῶν

2096 3394 2428 3449 διωκόντων
2453 3393 2624 3464 ὑμᾶς.
2664 3397 2772 3449 Καὶ
2800 3397 2905 3468 γὰρ
2937 3399 3254 3469 ἐμφαίνεται
3295 3402 3328 3472 ἡ
3364 3401 3501 3472 πρὸς
3539 3402 3674 3456 Θεὸν

2094 3485 2345 3556 ὁμοιότης
2392 3485 2486 3538 καὶ
2555 3485 2784 3558 μίμησις
2841 3487 3006 3540 αὐτοῦ
3071 3489 3390 3558 ἀγαπῶντος
3430 3491 3502 3545 τὰ
3543 3492 3674 3546 ὄντα

2094 3578 2291 3640 πάντα,
2313 3577 2406 3629 καὶ
2434 3577 2595 3648 μηδὲν
2624 3577 3045 3649 βδελυσσομένου
3067 3574 3140 3634 ὦν
3167 3582 3408 3653 ἐποίησε,
3430 3585 3528 3636 καὶ
3555 3602 3673 3653 φει-

2091 3669 2314 3740 δομένου
2340 3663 2552 3723 πάντων
2575 3668 2824 3743 (ἐπείπερ
2846 3669 3008 3724 αὑτοῦ
3034 3672 3127 3724 τοῦ
3157 3673 3450 3743 φιλοψύχου
3474 3674 3672 3727 δεσπό-

2091 3777 2183 3812 του
2217 3761 2332 3813 ὲστὶ
2371 3760 2439 3814 τὰ
2473 3761 2710 3831 πάντα),
2742 3762 2799 3814 ἐν
2833 3761 2910 3833 τῷ
2951 3762 3230 3831 ἀγαπῶντι
3263 3764 3388 3828 τοὺς
3437 3765 3669 3837 ἐχθροὺς

2091 3851 2315 3915 ἑαυτοῦ,
2347 3853 2441 3904 καὶ
2480 3852 2900 3925 προσευχομένῳ
2935 3854 3073 3924 ὑπὲρ
3099 3853 3207 3906 τῶν
3237 3855 3542 3909 διωκόντων
3570 3859 3669 3910 αὐ-

2088 3945 2199 3997 τόν.
2232 3943 2357 4007 Πῶς
2377 3943 2420 3996 δ’
2449 3943 2514 3996 ἂν
2530 3944 2797 4015 ἁρμοστὸν
2817 3938 2901 4016 ζῆν
2916 3945 3307 4016 ἐπιφερόμενον
3332 3946 3394 3998 τὸ
3414 3963 3426 3975 ·
3463 3947 3666 4013 ’Ὅπως

2089 4033 2343 4106 γένησθε
2371 4034 2484 4087 υἱοὶ
2530 4032 2636 4085 τοῦ
2675 4033 2902 4098 Πατρός
2932 4033 3096 4102 ὑμῶν
3128 4035 3233 4088 τοῦ
3259 4035 3327 4087 ἐν
3357 4037 3662 4103 οἱψανοῖς,

2086 4128 2184 4198 τῷο
2229 4126 2491 4195 Ἐρρέθη,
2527 4127 2607 4179 Οὐ
2637 4125 3012 4194 μοιχεύσεις·
3054 4125 3168 4195 ἐγὼ
3209 4126 3276 4179 δὲ
3310 4125 3463 4195 λέγω
3499 4129 3661 4197 ὑμῖν,

417 4229 678 4296 aspexerit
723 4227 994 4280 mulierem
1047 4228 1116 4280 ad
1170 4224 1638 4293 concupiscendam
1685 4239 1821 4289 eam,
1867 4222 1983 4290 jam

2107 4218 2174 4269 in
2212 4215 2337 4281 Πᾶς
2369 4219 2401 4269 ό
2429 4215 2679 4279 βλέπων
2718 4214 2968 4284 γυναῖκα
2991 4215 3139 4283 πρὲς
3166 4217 3234 4271 τὸ
3268 4218 3660 4286 ἐπιθυμῆσαι,

417 4321 740 4374 adulterium
780 4320 1036 4373 commisit
1067 4319 1124 4371 in
1171 4321 1326 4370 corde
1368 4331 1465 4369 suo
1496 4331 1614 4367 cum
1643 4331 1706 4367 ea
1722 4313 1791 4376 ’³,
1822 4321 1984 4381 atque

2107 4311 2200 4380 ξδη
2240 4311 2596 4379 ἐμοίχευσεν
2631 4311 2824 4376 αὐτὴν
2859 4308 2926 4361 ἐν
2963 4307 3036 4377 τῇ
3073 4310 3286 4377 καρδίᾳ
3323 4311 3537 4375 αὑτοῦ,
3566 4315 3663 4368 καὶ

418 4412 525 4468 illis
539 4413 603 4466 de
622 4410 923 4480 perditione
935 4408 1099 4464 unius
1113 4408 1575 4470 membrorum,ne
1595 4413 1766 4460 totum
1783 4418 1982 4472 corpus

2107 4403 2193 4463 :oi;
2219 4399 2345 4472 περὶ
2373 4401 2470 4469 τῆς
2499 4396 2771 4460 ἀπωλείας
2796 4395 2911 4460 ἐνὸς
2932 4396 3038 4449 τῶν
3069 4398 3266 4468 μελῶν,
3295 4398 3432 4468 ὑπὲρ
3456 4399 3554 4451 τοῦ
3584 4401 3662 4470 μὴ

415 4509 744 4578 conjiciatur
769 4508 822 4560 in
852 4505 1195 4576 gehennam?
1219 4503 1359 4570 Quin
1395 4504 1559 4558 etiam
1590 4503 1635 4557 si
1666 4510 1788 4569 post
1814 4501 1978 4555 illud:

2107 4492 2198 4545 ηλον
2243 4494 2323 4554 εἰς
2370 4490 2589 4559 γέενναν
2627 4487 2882 4542 ἀπελθεῖν
2927 4489 2987 4540 τὸ
3032 4489 3228 4560 σῶμα;
3266 4490 3424 4543 Ἀλλὰ
3472 4492 3570 4545 καὶ
3611 4495 3661 4545 ει

415 4601 628 4659 Dictum
659 4609 734 4654 est
767 4601 996 4669 antiquis
1034 4614 1054 4652 :
1091 4595 1213 4651 Non
1265 4595 1550 4666 pejerabis,
1602 4593 1693 4648 sed
1723 4592 1979 4663 persolves

2107 4584 2380 4653 πεφέρετο
2422 4580 2532 4651 (15)
2575 4578 2686 4649 τῷ·
2736 4579 2969 4648 Ὲρῤέθη
3019 4579 3141 4645 τοῖς
3177 4580 3443 4646 ἀρχαίοις
3468 4597 3484 4612 ο
3534 4585 3657 4636 Οὐκ

411 4668 952 4760 Dominajuramenta
979 4699 1071 4742 tua
1100 4704 1118 4752 ;
1141 4696 1192 4740 at
1216 4703 1308 4756 ego
1334 4687 1451 4739 dico
1481 4686 1658 4740 vobis:
1684 4684 1766 4740 Ne
1789 4685 1978 4753 iuratis

2107 4675 2481 4744 ἓπιορκήσεις,
2509 4668 2838 4736 ἀποδώσεις
2867 4670 2934 4723 δὲ
2961 4669 3040 4735 τῷ
3060 4670 3250 4737 Κυρίῳ
3268 4670 3408 4735 τοὺς
3436 4670 3661 4738 ὅρκους

413 4786 625 4839 omnino
648 4758 719 4846 δι,
746 4779 1162 4850 subjungeretur
1189 4792 1204 4829 :
1234 4773 1301 4828 Ut
1338 4774 1454 4828 sitis
1479 4772 1577 4842 ﬁlii
1618 4771 1798 4826 Patris
1830 4769 1983 4823 vestri

2107 4781 2197 4821 ,νου
2214 4783 2228 4797 .
2386 4763 2453 4816 δὲ
2486 4762 2640 4832 λέγω
2664 4761 2828 4830 ὑμῖν,
2885 4761 2971 4832 μὴ
2991 4762 3206 4833 ὀμόσαι
3227 4758 3403 4826 ὅλως·
3429 4781 3447 4813 ι
3493 4763 3659 4831 ὅπως

410 4876 500 4945 qui
525 4874 578 4927 in
605 4872 745 4926 caelis
767 4880 840 4924 est
866 4868 932 4936 ⁸⁸,
961 4866 1186 4921 multum
1222 4862 1462 4933 profecto
1487 4858 1796 4916 oﬁcndiculi
1825 4873 1891 4912 ex
1923 4871 1982 4910 se

2107 4859 2336 4926 ’ένησθε
2367 4855 2481 4910 υιθι
2514 4854 2617 4907 τοῦ
2641 4853 2870 4920 Πατρὸς
2897 4851 3063 4920 ὑμῶν
3089 4851 3193 4906 τοῦ
3221 4851 3290 4904 ἐν
3317 4851 3440 4919 τοῖς
3476 4857 3658 4922 οίψα-

411 4942 664 5032 iecisset;
691 4980 834 5021 nunc
869 4974 1073 5024 autem,
1109 4971 1166 5015 ut
1199 4960 1288 5014 ille
1327 4958 1486 5012 Pater
1511 4955 1749 5011 caelestis
1776 4953 1980 5008 exoriri

2107 4949 2228 5015 ·οῐς,
2243 4967 2261 5000 ›
2273 4948 2468 5017 πολλὴν
2480 4943 2545 4998 ἂν
2556 4942 2778 4998 αὐτόθεν
2795 4943 3010 5014 ὲνεποίη
3019 4961 3076 4995 σε
3103 4946 3436 5016 προσκοπήν
3459 4948 3583 4999 νυνὶ

411 5061 577 5115 solem
605 5059 735 5114 facit
778 5072 941 5125 super
986 5052 1158 5108 malos
1179 5061 1234 5106 et
1269 5051 1442 5105 bonos
1473 5048 1541 5111 νο,
1574 5047 1653 5102 sic
1680 5046 1975 5115 unusquis-

2107 5039 2228 5091 borce
2237 5054 2268 5108 ρ
2282 5038 2309 5088 ὁ
2324 5037 2381 5088 ὲν
2395 5037 2505 5097 τοῖς
2517 5034 2577 5085 οὐ
2587 5036 2763 5105 ρανοῖς
2786 5033 2974 5105 Πατὴρ
2991 5034 3266 5087 ἀνατέλλει
3281 5035 3371 5089 τὸν
3385 5035 3538 5107 ἥλιον
3563 5040 3657 5091 ἐπὶ

410 5161 516 5216 que
551 5147 781 5202 ﬁliorum
813 5123 908 5200 Dei
933 5143 1274 5199 dilectionem
1310 5139 1361 5192 in
1385 5136 1674 5205 semetipso
1702 5134 1864 5189 veluti
1889 5148 1976 5189 so-

2107 5127 2345 5201 ιονηροὺς
2378 5125 2470 5179 καὶ
2494 5123 2750 5194 ἀγαθοὺς,
2791 5124 2962 5191 οὕτως
2986 5125 3213 5190 ἕκαστος
3239 5126 3344 5180 τῶν
3374 5127 3510 5180 υἱῶν
3542 5129 3656 5200 (Η)

479 5267 527 5299 ’³
553 5265 738 5320 Matth.
769 5281 822 5332 v,
850 5264 1037 5321 45-45.
1112 5263 1158 5295 ”
1189 5259 1320 5316 ibid.
1360 5258 1549 5314 ΞἸ-Ὧ.
1621 5255 1667 5288 ’⁸
1691 5255 1824 5312 ibid.
1855 5255 1950 5320 55,
1977 5252 2004 5306 5

2140 5253 2185 5283 ³⁵
2223 5251 2355 5306 ibid.
2386 5248 2477 5302 45.
2552 5247 2601 5280 ’⁸
2641 5246 2771 5302 ibid.

482 5409 728 5480 (ii)Kai
753 5404 1104 5480 χρηματίζει.
1151 5405 1242 5459 Sic
1294 5404 1464 5480 codex
1525 5399 1973 5464 Bodleianus;in

2107 5398 2512 5476 persolvesnetc.
2541 5391 2704 5480 italia
2730 5395 2992 5480 est,nqnia
3021 5405 3084 5446 ea
3118 5393 3282 5480 verba
3331 5391 3657 5480 similitudi—

409 5462 596 5536 (ιοὸίοὸ
633 5462 809 5531 διιιεῖἷῖ
852 5462 1031 5544 Regio
1049 5477 1199 5529 deest
1225 5471 1341 5527 καί.
1417 5542 1427 5544 _
1675 5539 1687 5544 _
2081 5462 2207 5524 item
2241 5465 2520 5519 continent
2552 5462 2727 5544 Patris
2756 5474 2810 5515 et
2842 5463 3098 5525 ﬁliorum,
3126 5462 3218 5516 Dei
3253 5470 3307 5544 et
3331 5462 3656 5544 hominum;

480 5531 592 5616 liii
621 5547 799 5602 Codex
829 5531 1174 5607 Bodleianus,
1203 5544 1232 5596 ὃ
1267 5542 1618 5612 ἐπιφέρεται·
1674 5539 1728 5594 in
1780 5537 1972 5593 codice
2079 5549 2220 5617 auea
2250 5552 2314 5589 ex
2352 5544 2505 5602 parte
2537 5531 2742 5617 similes
2765 5548 2885 5617 csse
2907 5548 3022 5613 _non
3062 5533 3463 5617 possunt,quia
3510 5531 3660 5617 Deus

414 5603 588 5687 Regio
607 5621 757 5673 deest
781 5617 828 5670 ὅ.
1163 5603 1172 5607 ⁷
1377 5603 1389 5612 ’
1437 5603 1451 5612 ’
2073 5606 2463 5687 peierarenon
2509 5612 2721 5687 potest,
2775 5603 3021 5657 homines
3080 5612 3260 5656 autem
3309 5614 3560 5670 possunt,
3600 5617 3661 5655 et

479 5671 590 5758 ζῖὄ)
618 5671 808 5741 uua
828 5685 926 5739 καὶ
957 5686 1009 5737 ei
1038 5684 1374 5758 ἐπεφέρετο,
1401 5691 1504 5758 etc.
1535 5681 1650 5758 iioc
1708 5689 1811 5758 est,
1863 5693 1972 5758 non

2107 5671 2765 5758 aipAe-i'algilttlt.liUFETlUS.
3115 5742 3130 5758 ‘
3230 5741 3275 5758 Η
3393 5739 3434 5758 “
3493 5739 3531 5758 η
3572 5741 3587 5758 9

408 5739 758 5840 ῐξῖιὲἶιῖὗέβίξίὲ
783 5758 1054 5840 ²¹ὶ⁴.¹.ί.¹⁰.ῑθξ
1078 5739 1394 5840 9⁰ῗτ¹¹ἶ¹ῖ⁵ξέι
1412 5753 1689 5840 ,‘Ehlisl‘lﬁz
1726 5739 1971 5840 δὶξνθεῗξξῗ
2064 5739 2714 5840 ’-..ἓ¹ἔ).999ξ²ξ..¹ἶῖ⁵.¹ἔξξῖἕ
2747 5739 3660 5840 ΒῖῗὲῗτὲἓιΪῗῖηίέξόὲςζ-ἓίίἳῗ.¹.ἳίἓξ

411 5809 495 5881 illa
518 5809 634 5880 7:7Ut
657 5809 784 5880 'sitis
817 5825 916 5894 ﬁlii
950 5823 1127 5878 Patris
1177 5825 1352 5895 vestri
1372 5823 1549 5895 quiin
1575 5809 1712 5895 caelis
1738 5829 1837 5895 est,
1869 5818 1974 5895 illis
2078 5809 2178 5870 nus
2209 5809 2335 5895 vero
2361 5813 2491 5868 utin
2527 5809 2712 5868 nostro
2747 5809 2994 5880 tcxtu,et
3021 5814 3099 5870 sic
3121 5814 3256 5882 legit
3283 5809 3574 5867 Ferrarius
3601 5812 3662 5866 in

408 5887 1035 5958 subiunxissethictum
1063 5904 1137 5950 est
1155 5887 1414 5955 antiquis:
1440 5889 1558 5946 Non
1576 5889 1854 5962 pcjerabis,
1885 5890 1972 5944 sed
2076 5902 2177 5945 suo
2200 5887 2405 5942 codice.
