4082 6588
301 501 380 556 MS
1291 497 1646 555 COMMENT.
1681 495 1749 551 1N
1780 494 1977 554 .lOAN.
2016 495 2255 554 TOMUS
2293 497 2412 557 XX.

3371 514 3481 566 614

301 619 370 674 τοῦ
417 615 563 680 Θεοῦ,
638 616 808 670 οἱονεὶ
867 616 1015 670 ἥλιον
1069 618 1129 670 ὲν
1191 617 1366 691 ἐαυτῷ
1431 619 1528 690 τὴν
1586 620 1793 686 ἀγάπῃ

1910 618 2013 672 lem
2043 619 2268 686 habens,
2300 620 2442 673 banc
2469 618 2669 674 exoriri
2711 619 2845 675 facit
2890 620 3053 676 etiam
3096 637 3258 694 super
3281 626 3476 690 malos,

297 713 417 780 ἔχων,
465 705 650 777 ταύτην
708 704 993 760 ἀνατέλλει
1047 711 1140 761 καὶ
1178 706 1274 763 ἐπὶ
1315 711 1605 781 πονηροὺς,
1657 707 1803 763 ἐπὰν

296 799 501 869 ἀγαπήσῃ
540 798 656 860 τοὺς
714 796 910 851 ἑαυτοῦ
963 797 1209 870 ἐχθρούς.
1260 800 1370 852 Καὶ
1411 801 1569 853 πάλιν
1612 799 1800 870 ὥσπερ

295 892 434 961 βρέχει
459 883 542 940 ἐπὶ
565 887 804 952 δικαίους
831 891 922 942 καὶ
958 884 1193 954 ἀδίκους,
1241 889 1413 954 οὕτως
1451 892 1613 944 οἱονεὶ
1649 891 1801 944 ὑετόν

293 998 382 1034 τινα
416 981 498 1050 τὴν
543 978 844 1050 προσευχὴν
887 982 916 1034 6
951 980 1102 1049 ἅγιος
1147 981 1495 1051 καταπέμπει
1544 983 1636 1034 ἐπὶ
1676 982 1801 1045 τοὺς

291 1074 404 1126 κάτω
426 1089 512 1124 που
538 1072 938 1141 τυγχάνοντας,
979 1073 1068 1127 διὰ
1109 1074 1169 1126 τὸ
1215 1072 1432 1127 διώκειν
1472 1074 1667 1139 αὑτὸν,
1705 1075 1800 1128 καὶ

292 1163 388 1234 περὶ
418 1163 510 1216 τῶν
530 1163 784 1218 τοιούτων
810 1165 1254 1236 προσευχόμενος.
1291 1165 1473 1219 Ταῦτα
1506 1165 1602 1236 μὲν
1627 1169 1705 1230 εἰς
1738 1166 1800 1218 τὸ

291 1253 505 1307 ὑποπεσὸν
526 1256 648 1325 ἡμῖν
681 1255 1052 1327 τρανωθῆναι,
1079 1257 1142 1310 τό
1174 1266 1188 1281 ⁸
1227 1259 1298 1312 Ei
1337 1261 1370 1312 ὁ
1421 1258 1563 1324 Θεὸς
1603 1256 1799 1326 πατὴρ

289 1345 430 1414 ὑμῶν,
446 1345 697 1414 ἠγαπᾶτε
719 1346 798 1400 ἂν
822 1346 942 1414 ἐμέ.

341 1435 405 1489 l6.
443 1435 649 1506 Ἰδωμεν
670 1437 730 1490 δὲ
778 1439 873 1491 καὶ
885 1439 958 1502 ,τό
978 1455 991 1470 ·
1035 1437 1180 1508 Ἐγὼ
1203 1438 1273 1493 ἐκ
1299 1438 1406 1493 τοῦ
1437 1437 1584 1494 Θεοῦ
1620 1441 1800 1509 ἐξῆλ-

291 1530 382 1591 θον,
409 1527 492 1579 καὶ
516 1527 662 1595 ἥκω·
700 1530 784 1592 είς
816 1529 846 1582 ὃ
868 1531 1131 1602 χρήσιμόν
1162 1547 1252 1602 μοι
1278 1532 1523 1601 φαίνεται
1556 1531 1796 1603 παραθέ-

289 1618 379 1671 σθαι
399 1619 449 1672 τὸ
472 1621 529 1673 ἐκ
567 1621 807 1690 Μιχαίου
849 1621 1019 1686 οὕτως
1049 1623 1169 1693 ἔχον
1192 1640 1206 1654 ·
1249 1625 1603 1692 Ἀκούσατε,
1636 1626 1794 1690 λαοὶ,

285 1714 479 1778 λόγους,
508 1712 601 1766 κα)-
627 1713 976 1782 προσεχέτω
1005 1715 1043 1782 ἠ
1088 1715 1166 1783 τῆ
1189 1754 1204 1778 ,
1248 1715 1345 1768 καὶ
1377 1715 1597 1783 πάντες
1637 1719 1690 1770 οὶ
1729 1717 1798 1770 ὲν

285 1802 424 1871 αὐτῇ,
453 1803 539 1856 καὶ
578 1801 756 1858 ἐσται
786 1807 1000 1874 Κύριος
1029 1807 1098 1860 ἐν
1135 1806 1280 1875 ὑμῖν
1319 1810 1406 1875 εἰς
1447 1809 1792 1877 μαρτύριον,

286 1896 447 1962 Κύριος
472 1894 744 1961 dictum;
777 1895 1156 1968 ἁγίουαὺτοῦ
1179 1911 1196 1930 ’
1239 1897 1388 1952 διότι
1421 1899 1549 1953 ἰδοὺ
1585 1901 1798 1968 Κύριος

1907 724 2030 764 cum
2050 725 2175 764 suos
2205 711 2372 780 ipsius
2394 710 2643 766 dilexerit
2667 712 2939 767 inimicos.
2956 713 3032 768 Ac
3054 728 3267 769 rursum
3291 731 3472 784 quem-

1905 807 2197 860 admodum
2235 807 2368 875 pluit
2405 809 2543 862 Deus
2577 823 2736 878 super
2764 809 2942 879 justas
2974 820 3028 864 el
3053 809 3282 879 iniustos
3303 811 3373 875 "',
3404 813 3477 865 ita

1907 909 2144 965 sanctus,
2172 901 2332 954 veluti
2357 900 2590 970 pluviam
2625 904 2912 970 quamdam
2945 904 3177 959 demittit
3212 905 3476 982 precatio-
3525 945 3536 956 .

1906 1003 2028 1042 nem
2062 1004 2226 1059 super
2257 1006 2351 1045 eos
2380 1007 2469 1059 qut
2513 999 2760 1046 deorsum
2791 1000 3010 1062 degunt,
3044 1008 3110 1048 eo
3150 996 3292 1063 quod
3328 994 3476 1047 illum

1904 1083 2389 1150 persequebantur,
2423 1099 2519 1153 pro
2557 1083 2754 1139 talibus
2794 1085 2957 1140 etiam
2989 1101 3168 1139 orans.
3203 1085 3326 1139 Haec
3352 1085 3477 1155 qui-

1905 1169 2026 1224 dem
2058 1171 2108 1224 in
2153 1171 2301 1235 illud,
2333 1173 2474 1241 quod
2521 1173 2648 1226 mibi
2684 1174 3080 1243 explanandum
3124 1175 3314 1229 incidit
3344 1175 3369 1241 it
3413 1172 3476 1228 St

1907 1259 2046 1316 Deus
2081 1272 2233 1331 pater
2255 1274 2421 1318 uester
2456 1271 2612 1332 esset,
2660 1265 2953 1335 diligentis
2983 1267 3162 1336 utique
3190 1281 3271 1320 me
3295 1265 3362 1321 ’⁸.

1973 1439 2061 1494 i6.
2092 1437 2382 1496 Videamus
2407 1456 2534 1496 vero
2563 1451 2618 1497 et
2653 1442 2780 1497 illud
2810 1460 2826 1496 :
2864 1443 2974 1513 Ego
3004 1461 3068 1499 ea:
3103 1445 3212 1500 Deo
3241 1448 3394 1512 exivi,
3422 1459 3473 1504 et

1902 1536 2049 1588 venio
2079 1534 2146 1598 θ’,
2179 1549 2300 1588 eum
2332 1549 2440 1604 quo
2465 1535 2710 1590 conferre
2744 1536 2873 1590 illud
2904 1535 3138 1591 Micbaaaa
3166 1538 3294 1592 utile
3317 1541 3470 1595 vide-

1905 1634 1995 1678 tur
2016 1625 2094 1679 sic
2123 1623 2330 1679 habens
2357 1641 2371 1677 :
2401 1625 2612 1688 Audite,
2655 1626 2852 1695 populi,
2895 1643 3173 1688 sermones.
3204 1637 3256 1682 et
3296 1637 3468 1684 atten-

1902 1718 1991 1769 dat
2027 1725 2190 1778 terra,
2226 1725 2274 1769 et
2316 1732 2492 1770 omnes
2527 1719 2615 1787 qui
2644 1719 2698 1770 in
2725 1733 2785 1771 ea
2825 1727 2970 1782 sunt,
3002 1729 3052 1771 et
3085 1721 3180 1773 erit
3214 1719 3470 1776 Dominus

1904 1810 2048 1863 testis
2088 1818 2271 1862 contra
2292 1825 2403 1874 vos,
2443 1809 2722 1873 Dominus,
2756 1811 2994 1880 inquam,
3021 1812 3085 1865 de
3105 1812 3258 1865 domn
3287 1822 3470 1867 sancta

1902 1915 2022 1952 sua.
2044 1899 2178 1954 Ecce
2205 1902 2472 1971 egreditur
2500 1891 2758 1955 Dominus
2793 1903 2858 1955 de
2883 1901 2995 1957 loco
3015 1919 3132 1968 suo,
3163 1911 3212 1957 et
3256 1905 3468 1958 descen—

284 1986 596 2055 ἑκπορεύεται
619 1989 690 2042 ἐκ
720 1989 830 2044 τοῦ
855 1991 1040 2044 τόπου
1069 1990 1305 2054 ἑαυτοῦ,
1339 1991 1436 2044 καί
1467 1989 1793 2057 καταϐήσε-

1902 1995 2082 2059 det,-et
2111 1995 2333 2048 calcabit
2371 2011 2525 2064 super
2560 1994 2764 2049 excelsa
2801 2005 2976 2057 terrae,
3002 2006 3048 2048 et
3082 1995 3470 2050 commovebun-

283 2095 364 2139 ται,
385 2081 466 2133 καί
489 2081 837 2145 ἐπιϐήσεται
861 2081 959 2134 ἐπὶ
989 2087 1062 2137 τὰ
1097 2083 1222 2152 ὕψη
1256 2082 1366 2152 τῆς
1392 2082 1522 2153 γῆς,
1548 2085 1645 2137 καὶ
1683 2101 1794 2138 σα-

281 2168 575 2235 λευθήσεται
595 2172 670 2226 τὰ
697 2173 810 2240 ὄρη
839 2173 1219 2228 ὑποκάτωθεν
1244 2175 1451 2240 αὐτοῦ,
1468 2176 1566 2229 καὶ
1595 2178 1655 2230 at
1679 2194 1798 2230 κοι-

279 2257 414 2326 λάδες
439 2261 798 2329 τακήσονται
835 2264 916 2329 ὡς
943 2264 1124 2332 κηρὸς
1160 2265 1276 2319 ἀπὸ
1317 2265 1638 2333 προσώπου
1683 2283 1795 2320 πυ-

277 2351 369 2416 ρὸς,
401 2353 484 2406 καί
522 2355 598 2420 ὡς
622 2355 789 2423 ὕδωρ
820 2357 1302 2424 καταφερόμενον
1337 2357 1407 2409 ἐν
1437 2357 1760 2410 καταϐάσει
1779 2375 1793 2387 ο

279 2444 346 2495 καὶ
385 2445 470 2515 ὅρα
519 2446 731 2516 μήποτε
795 2447 1104 2518 ἰσοδυναμεῖ
1154 2447 1240 2501 τό’
1299 2448 1594 2518 Ἐξῆλθον
1641 2457 1799 2518 παρὰ

279 2534 354 2586 τοῦ
376 2537 518 2601 Θεοῦ,
547 2539 624 2606 τῷ
647 2555 661 2568 ο
694 2540 922 2606 Κύριος
961 2540 1337 2608 ἐκπορεύεται
1371 2542 1439 2594 ἐκ
1476 2540 1583 2595 τοῦ
1612 2545 1797 2596 τόπου

275 2628 414 2680 darei:
433 2645 447 2660 ·
467 2629 582 2682 ἐπεὶ
605 2631 699 2683 ὅτε
729 2632 761 2684 6
792 2631 918 2692 Υἱὸς
945 2633 1001 2683 ἐν
1027 2631 1102 2702 τῷ
1131 2633 1302 2704 Πατρί
1331 2633 1497 2696 ἐστιν,
1529 2635 1584 2685 ὲν
1618 2635 1794 2703 μορφῇ

276 2718 374 2771 θεοῦ
396 2720 672 2792 ὑπάρχων,
718 2725 856 2794 πρὶν
889 2725 1077 2777 ἑαυτὸν
1123 2724 1388 2789 κενῶσαι,
1424 2725 1586 2778 οἱονεὶ
1635 2726 1798 2789 τόπος

273 2811 396 2864 αὑτοῦ
421 2816 554 2868 ἐστιν
582 2818 610 2869 6
630 2815 805 2879 Θεός·
836 2816 928 2869 καὶ
954 2815 1006 2868 εῐ
1022 2816 1106 2880 τίς
1135 2833 1198 2884 γε
1231 2818 1419 2887 νοήσαι
1453 2817 1544 2870 τὸν
1577 2817 1682 2888 πρὸ
1704 2815 1796 2870 τοῦ

273 2902 452 2955 κενῶσαι
481 2906 668 2959 ἑαυτὸν
709 2907 774 2961 ὲν
807 2908 874 2977 τῇ
905 2907 1286 2978 προηγουμένη
1327 2907 1636 2977 ὑπάρχοντα
1661 2907 1796 2960 Θεοῦ

272 2997 622 3067 μορςθῇβῷεται
653 3000 758 3053 τὸν
783 2999 1008 3069 μηδέπω
1033 2997 1384 3070 ἐξεληλυθότα
1407 3000 1510 3052 ὑπὸ
1535 2999 1631 3052 τοῦ
1661 2999 1795 3053 Θεοῦ

270 3081 364 3135 Υίδν
387 3087 534 3141 αὑτοῦ
555 3129 570 3154 ,
599 3092 698 3144 καὶ
746 3091 952 3162 Κύριον
985 3090 1075 3144 τδν
1117 3092 1338 3162 μηδέπω
1371 3091 1797 3162 ἐκπορευόμενον

267 3170 313 3225 ικ
330 3174 404 3228 τοῦ
428 3179 582 3234 τόπου
623 3181 834 3235 ἑαυτοῦ
857 3199 873 3213 ο
909 3181 1044 3236 ἐπὰν
1079 3183 1135 3234 δὲ
1166 3183 1346 3256 ἐκείνῃ
1378 3185 1442 3254 τῇ
1472 3183 1797 3236 καταστάσει

267 3267 334 3318 τοῦ
366 3270 476 3324 Υίοῦ
509 3275 790 3347 συγκρίνῃ
825 3275 924 3346 τὴν
967 3276 1030 3326 ἐκ
1071 3273 1164 3326 τοῦ
1203 3273 1548 3345 ἀνειληφέναι
1578 3273 1673 3344 τὴν
1701 3273 1795 3326 τοῦ

1900 2089 1987 2132 tur
2011 2090 2208 2136 montes
2243 2083 2337 2136 sub
2363 2083 2476 2147 illo,
2519 2093 2566 2136 et
2597 2083 2755 2136 ualles
2794 2081 3073 2151 liquescent
3103 2085 3241 2137 sicut
3287 2101 3404 2138 cera
3434 2102 3467 2136 ιι

1898 2175 2034 2242 [acie
2052 2173 2210 2241 ignis,
2240 2184 2286 2227 et
2315 2175 2451 2227 sicut
2478 2191 2614 2244 aqua
2636 2161 3094 2242 quaz'descendens
3120 2191 3212 2242 per
3236 2191 3466 2244 prwceps

1897 2264 2130 2332 defertur
2170 2266 2234 2329 ';
2279 2273 2333 2319 et
2385 2267 2502 2319 vide
2553 2281 2621 2320 an
2684 2265 2827 2320 forte
2873 2267 3213 2337 aequipolleat
3262 2268 3392 2322 illud
3444 2282 3464 2322 :

1899 2353 2053 2408 Exivi
2085 2371 2117 2408 a
2167 2353 2294 2420 Deo,
2322 2371 2442 2409 cum
2489 2355 2580 2410 illo
2610 2373 2624 2409 :
2655 2355 2911 2434 Dominus
2949 2360 3211 2427 egreditur
3251 2357 3317 2412 de
3353 2359 3510 2411 loco“

1896 2461 2013 2510 suo,
2044 2448 2296 2516 quoniam
2326 2448 2540 2517 quando
2563 2435 2729 2503 Filius
2771 2449 2823 2502 in
2874 2447 3034 2504 Patre
3072 2457 3177 2513 est,
3214 2450 3265 2504 in
3297 2449 3468 2505 forma

1899 2538 1990 2592 Dei
2046 2538 2314 2594 exsistens
2343 2578 2358 2602 ,
2392 2548 2680 2609 antequam
2739 2540 2971 2606 scipsum
3033 2540 3266 2606 iuaniat,
3303 2539 3469 2597 veluti

1898 2630 2048 2684 locus
2077 2631 2244 2698 ipsius
2279 2640 2360 2684 est
2406 2632 2582 2694 Deus;
2615 2642 2670 2684 et
2701 2633 2743 2686 si
2786 2633 2908 2701 quis
2960 2632 3261 2687 consideret
3291 2633 3466 2702 ipsum

1899 2722 2244 2777 exsistentem
2299 2721 2352 2775 in
2410 2723 2695 2790 principali
2736 2723 2825 2776 illa
2881 2724 2968 2776 Dei
3017 2721 3209 2786 forma,
3264 2725 3469 2778 videbit

1899 2814 2134 2869 nondum
2160 2827 2436 2884 egressura
2468 2828 2497 2867 a
2534 2813 2642 2868 Deo
2666 2815 2861 2868 Filium
2895 2815 3080 2885 ipsius,
3103 2825 3152 2869 et
3180 2815 3466 2870 Dominum

1900 2907 2134 2960 nondum
2164 2906 2523 2976 egredientem
2569 2907 2634 2960 de
2670 2907 2786 2960 loco
2823 2921 2958 2968 suo;
2991 2921 3113 2959 cum
3149 2921 3283 2961 vero
3337 2922 3462 2962 cum

1901 2999 2001 3054 hoc
2031 3007 2172 3052 statu
2205 2998 2493 3052 contulerit
2522 3006 2718 3053 statum
2746 2999 2885 3052 illius
2911 2999 3001 3068 qui
3029 2997 3263 3067 seipsum
3289 2999 3467 3053 inani-

1898 3091 1998 3153 vit,
2033 3105 2096 3143 ex
2125 3104 2188 3144 eo
2214 3090 2355 3158 quod
2387 3090 2612 3144 formam
2646 3092 2791 3146 servi
2816 3093 3183 3159 assumpserit,
3207 3089 3466 3160 intelliget

1901 3178 2167 3246 quomodo
2192 3178 2359 3232 Filius
2409 3180 2501 3233 Dei
2558 3182 2773 3246 exierit,
2800 3192 2855 3235 et
2898 3182 3107 3236 venerit
3148 3182 3212 3234 ad
3247 3196 3367 3248 nos,
3398 3197 3464 3236 ac

1901 3273 2057 3343 331
2096 3273 2260 3327 veluti
2291 3283 2444 3328 extra
2472 3289 2594 3328 eum
2636 3277 2726 3344 qui
2762 3275 2906 3330 misit
2935 3276 3104 3342 illum,
3136 3275 3308 3332 factus
3341 3277 3463 3332 rue-

263 3354 405 3426 δούλου
444 3365 654 3436 μορφὴν
707 3365 908 3418 ἑαυτὸν
947 3362 1290 3428 κενώσαντα,
1336 3365 1555 3435 συνήσει
1607 3363 1723 3426 πῶς
1772 3364 1793 3415 ό

1902 3366 2010 3429 rit;
2045 3365 2259 3419 etiamsi
2293 3365 2399 3420 alio
2443 3367 2604 3420 modo
2659 3382 2762 3421 non
2819 3367 3084 3422 dimiserit
3113 3367 3258 3422 illum
3285 3369 3462 3424 solum

263 3446 357 3510 me;
380 3455 460 3507 τοῦ
491 3457 623 3511 Θεοῦ
652 3455 880 3527 ἐξῆλθε,
912 3457 1005 3509 καὶ
1027 3449 1128 3527 ἧκε
1154 3456 1289 3527 πρὸς
1321 3457 1487 3526 ἡμᾶς,
1514 3454 1607 3508 καὶ
1633 3455 1795 3507 οἱονεὶ

261 3542 336 3605 ἔξω
361 3548 630 3622 γεγένηται
655 3549 764 3603 τοῦ
797 3547 1110 3619 πέμψαντος
1139 3547 1298 3600 αὐτόν
1325 3564 1334 3576 ·
1370 3548 1418 3599 εἰ
1443 3546 1536 3600 καὶ
1567 3547 1684 3598 κατ’
1710 3545 1798 3599 ἄλ-

260 3629 324 3683 λον
346 3637 520 3705 τρόπον
550 3641 652 3693 οὐκ
689 3638 911 3709 ἀφῆκεν
944 3637 1102 3690 αὑτὸν
1137 3637 1292 3707 μόνον
1335 3639 1364 3691 6
1410 3635 1628 3708 Πατὴρ,
1661 3634 1796 3688 ἀλλὰ

260 3726 347 3792 μετ’
369 3729 514 3784 αὑτοῦ
540 3733 682 3795 ἐστι,
720 3730 822 3784 καὶ
851 3729 997 3782 ἐστιν
1025 3730 1083 3782 ὲν
1112 3728 1190 3799 τῷ
1205 3727 1339 3799 Υἰῷ,
1362 3727 1550 3800 ὥσπερ
1577 3728 1668 3781 καὶ
1700 3727 1795 3780 αὐ-

257 3815 322 3879 ti;
351 3821 398 3871 ὲν
423 3821 494 3892 τῷ
533 3823 748 3895 Πατρί.
783 3822 896 3874 Kal
942 3822 990 3873 εί
1025 3821 1099 3891 μὴ
1137 3821 1256 3873 κατ’
1289 3819 1445 3874 ἄλλον
1487 3836 1551 3889 γε
1595 3819 1795 3890 τρόπον

257 3909 430 3977 νοήσαις
473 3909 609 3967 εῖναι
657 3914 764 3967 τὸν
796 3912 927 3964 Υἱὸν
971 3913 1030 3964 ἐν
1071 3911 1149 3982 τῷ
1190 3911 1396 3984 Πατρὶ,
1443 3911 1519 3974 ὡς
1554 3905 1622 3981 ἦν
1665 3909 1794 3980 πρὶν

255 3996 398 4072 ἐξέλθῃ
429 4005 532 4058 ἀπὸ
558 4005 656 4058 τοῦ
692 4003 862 4068 Θεοῦ,
893 4002 1034 4069 δόξει
1072 4004 1346 4075 περιέχειν
1388 4003 1566 4075 μάχην
1599 4001 1662 4055 τὸ
1699 4003 1794 4054 καὶ

253 4084 578 4160 ἐξεληλυθέναι
627 4095 750 4149 ἀπὸ
788 4093 885 4147 τοῦ
927 4093 1062 4146 Θεοῦ
1085 4133 1100 4160 ,
1131 4095 1224 4148 καὶ
1255 4089 1393 4148 εἶναι
1422 4094 1514 4148 τὸν
1543 4091 1794 4163 ἐξεληλυ-

252 4176 350 4232 θότα
383 4183 481 4238 ἀπὸ
510 4186 604 4239 τοῦ
649 4184 798 4240 Θεοῦ
819 4225 835 4249 ,
861 4183 943 4237 ἔτι
976 4185 1034 4238 ὲν
1071 4184 1149 4255 τῷ
1194 4183 1330 4256 Θεῷ.
1370 4184 1551 4238 ΙἈλλοι
1595 4183 1654 4236 δὲ
1691 4183 1786 4236 τό·

260 4267 508 4341 Ἕξῆλθον
535 4279 660 4333 ἀπὸ
691 4277 810 4331 τοῦ
846 4276 1013 4341 Θεοῦ,
1043 4277 1368 4349 διηγήσαντο
1397 4278 1520 4332 ἀντὶ
1549 4275 1664 4340 τοῦ,
1697 4276 1794 4328 Γε-

247 4363 464 4437 γέννημαι
490 4371 603 4424 ἀπὸ
630 4370 736 4424 τοῦ
761 4368 900 4423 Θεοῦ
919 4385 934 4400 ο
970 4365 1051 4433 οἷς
1079 4369 1358 4424 ἀκολουθεῖ
1385 4371 1449 4424 ὲκ
1477 4369 1576 4440 τῆς
1609 4367 1792 4432 οὐσίας

1901 3455 2080 3522 Pater,
2103 3458 2194 3512 sed
2225 3467 2308 3512 est
2331 3473 2452 3512 cum
2485 3459 2598 3525 ipso
2618 3460 2707 3524 qui
2740 3461 2900 3516 etiam
2923 3471 3003 3514 est
3034 3462 3084 3514 iu
3110 3460 3468 3530 Filio,quem-

1901 3549 2189 3603 admodum
2225 3547 2395 3604 Filius
2429 3560 2514 3605 est
2538 3552 2588 3605 in
2635 3550 2821 3605 Patre.
2859 3550 2954 3604 Sin
2979 3565 3108 3605 vero
3149 3566 3252 3604 non
3288 3552 3467 3606 consi-

1901 3639 2176 3694 deraveris
2226 3639 2334 3694 alio
2381 3640 2539 3694 modo
2575 3655 2699 3696 esse
2747 3639 2945 3694 Filium
2990 3640 3044 3694 in
3093 3638 3252 3694 Patre
3301 3655 3462 3708 quam

1899 3736 2019 3782 erat
2061 3739 2349 3798 antequam
2401 3731 2575 3784 exiret
2617 3746 2644 3783 a
2694 3730 2826 3796 Deo,
2855 3731 3126 3784 videbitur
3161 3744 3463 3801 repugnare

1899 3832 2174 3889 egressum
2205 3835 2324 3875 esse
2354 3835 2384 3874 a
2419 3821 2546 3881 Deo.
2585 3830 2639 3875 et
2670 3835 2944 3892 egressum
2981 3837 3010 3875 a
3059 3821 3171 3874 Deo
3217 3837 3336 3876 esse
3364 3822 3462 3876 ad.

1900 3911 2008 3966 huc
2042 3911 2094 3964 in
2145 3911 2272 3966 Deo.
2310 3909 2574 3966 Cancrum
2613 3911 2713 3965 alii'
2737 3912 2866 3966 illud
2904 3929 2918 3964 :
2957 3912 3115 3966 Exivi
3140 3929 3172 3964 a
3202 3910 3331 3976 Deo,
3362 3923 3461 3966 ex-

1897 4009 2193 4070 posuerunt
2239 4015 2336 4068 pro
2387 4015 2453 4056 eo
2493 4001 2630 4070 quod
2660 4011 2767 4066 est.
2810 4000 3035 4057 Genitus
3067 4016 3182 4055 sum
3210 4016 3276 4055 ex
3308 4001 3455 4055 Deo:

1899 4103 2034 4157 quos
2078 4089 2320 4157 sequitur
2353 4088 2547 4145 Filium
2581 4090 2761 4144 dicere
2786 4105 2852 4146 ex
2886 4091 3184 4146 substantia
3223 4093 3458 4160 genitum

1900 4181 2065 4238 fuisse
2092 4180 2296 4246 Patris,
2329 4181 2493 4235 veluti
2528 4181 2801 4247 diminuti,
2829 4191 2880 4236 et
2899 4182 3132 4236 carentis
3157 4181 3458 4236 substantia

1897 4272 2018 4327 Filii
2045 4287 2204 4342 quam
2227 4281 2350 4327 ante
2379 4272 2630 4338 habebat,
2669 4271 2882 4341 quando
2923 4273 3197 4343 generavit
3229 4271 3457 4326 Filium:

1899 4373 2156 4434 tanquam
2188 4366 2233 4420 si
2263 4365 2634 4420 consideraret
2664 4365 2862 4434 aliquis
2891 4365 2996 4419 hoc
3030 4364 3192 4419 etiam
3225 4365 3279 4418 in
3324 4379 3463 4433 pra:-

250 4454 434 4519 φάσκειν
475 4463 570 4515 τοῦ
619 4461 853 4532 Πατρὸς
895 4461 1251 4531 γεγεννῆσθαι
1289 4461 1381 4515 τὸν
1425 4461 1590 4525 Υίὸν,
1631 4459 1793 4513 οἱονεὶ

1900 4458 2210 4529 gnantibus.
2244 4455 2609 4526 Consequitur
2655 4465 2832 4510 autem
2866 4455 2987 4510 illos
3033 4455 3216 4510 dicere
3246 4454 3460 4509 Patrem

247 4555 544 4623 μειουμένου,
569 4557 672 4610 καὶ
706 4554 994 4618 λείποντος
1015 4556 1078 4624 τῇ
1099 4554 1276 4625 οὐσίᾳ,
1364 4554 1626 4626 πρότερον
1656 4546 1790 4622 εἶχε,

1900 4561 1952 4606 et
1987 4550 2182 4606 Filium
2216 4565 2412 4620 corpus
2437 4564 2577 4613 esse,
2606 4563 2668 4603 ac
2711 4547 3113 4604 Patrem.dividi
3148 4565 3164 4603 :
3210 4562 3330 4618 qua:
3366 4549 3465 4603 doc

245 4638 314 4690 τοῦ
342 4642 477 4709 Υίοῦ,
523 4646 670 4700 ἐπὰν
700 4645 968 4716 ἐγέννησε
999 4644 1090 4698 τὸν
1123 4645 1245 4698 Υίόν
1264 4661 1276 4673 ·
1327 4644 1458 4698 ὡσεὶ
1487 4644 1675 4714 νοήσαι
1706 4659 1792 4707 τις

1900 4652 2075 4714 gmata
2126 4643 2401 4698 hominum
2449 4650 2577 4698 sunt
2624 4656 2811 4697 eorum
2839 4642 2927 4711 qui
2960 4654 3028 4696 ne
3069 4656 3166 4710 per
3193 4641 3460 4696 somnium

240 4732 362 4786 τοῦτο
387 4741 475 4792 καὶ
500 4741 596 4792 ἐπὶ
628 4711 756 4792 τῶν*
787 4711 1127 4807 ὲγκῦμόνων.
1171 4736 1475 4790 ’Δκολουθεῑ
1512 4711 1578 4789 δὲ.
1613 4737 1793 4799 αὐτοῖς

1900 4711 2111 4804 quidem
2161 4747 2344 4787 rerum
2391 4746 2511 4801 quae
2541 4732 2720 4786 animo
2773 4740 3092 4793 cernuntur,
3117 4738 3169 4782 et
3205 4729 3460 4795 incorpo-

244 4824 311 4874 καὶ
337 4829 481 4899 σῶμα
509 4831 703 4900 λέγειν
737 4830 832 4883 τὸν
861 4828 1082 4900 Πατέρα
1113 4829 1206 4882 καὶ
1235 4829 1324 4882 τὸν
1358 4828 1505 4892 Υἱδν,
1542 4826 1635 4880 καὶ
1672 4826 1791 4899 διῃ-

1900 4841 2046 4882 ream
2075 4833 2323 4881 naturam
2359 4824 2500 4894 (quae
2529 4825 2747 4896 proprie
2775 4834 2859 4880 est
2904 4821 3227 4888 substantia)
3266 4820 3460 4888 imagi-

242 4915 397 4984 ρῆτθαι
424 4924 515 4977 τὸν
553 4925 820 4994 Πατέρα,
858 4921 1001 4992 ἆπερ
1032 4921 1148 4974 ἐστὶ
1186 4920 1426 4990 δόγματα
1462 4917 1790 4988 ἀνθρώπων,

1900 4920 2010 4973 nati
2035 4927 2192 4972 sunt:
2228 4917 2370 4972 unde
2390 4917 2556 4972 etiam
2581 4915 2920 4985 perspicuum
2948 4923 3030 4968 est
3065 4913 3161 4965 hos
3191 4911 3242 4964 in
3263 4923 3452 4976 corpo-

243 5010 334 5075 μηδ’
358 5013 484 5085 δναρ
509 5016 681 5084 φύσιν
714 5015 953 5086 ἀόρατον
979 5013 1073 5066 καὶ
1098 5011 1380 5082 ἀσώματον
1410 5009 1792 5081 πεφαντασμέ-

1900 5009 1997 5064 rali
2027 5008 2155 5063 loco-
2178 5007 2390 5062 Patrem
2426 5023 2548 5063 esse
2585 5013 2830 5071 daturos,
2857 5013 2910 5059 et
2949 5003 3142 5056 Filium
3176 5003 3461 5054 immutato

236 5113 332 5164 νων,
361 5101 522 5162 οὖσαν
552 5109 776 5180 κυρίως
801 5105 1018 5159 οὐσίαν·
1052 5098 1195 5157 οῦτοι
1231 5103 1288 5158 δὲ
1314 5103 1470 5174 δῆλον
1501 5103 1582 5156 ὂτι
1606 5101 1664 5154 ὲν
1694 5118 1792 5154 σω-

1900 5099 2037 5168 Ιοοο,
2071 5114 2138 5154 ex
2163 5099 2282 5154 loco
2309 5100 2374 5154 ad
2408 5099 2545 5154 hanc
2567 5100 2728 5152 vitam
2765 5095 3064 5160 devenisse,
3091 5107 3188 5147 nec
3223 5101 3460 5146 mutasse

239 5197 413 5267 ματικῷ
434 5200 590 5271 τόπῳ
620 5199 868 5252 δώσουσι
899 5195 990 5250 τὸν
1016 5196 1254 5267 Πατέρα,
1295 5195 1388 5248 καὶ
1417 5194 1508 5248 τὸν
1535 5191 1666 5245 Υἱδν
1704 5191 1790 5244 τό-

1900 5201 2098 5246 statum
2122 5207 2188 5246 ex
2212 5200 2376 5260 statu,
2418 5199 2479 5245 ut
2511 5205 2610 5245 nos
2645 5187 2976 5258 interpretati
3012 5198 3217 5240 sumus.

232 5303 307 5342 πον
332 5293 388 5346 ὲκ
411 5295 583 5350 τόπου
618 5293 944 5366 ἀμείψαντα
981 5289 1306 5363 σωματικῶς
1338 5287 1790 5358 ἐπιδεδημηκέναι
1814 5286 1893 5357 τῷ
1925 5287 2047 5358 βίῳ,
2081 5289 2177 5342 καὶ
2209 5288 2330 5358 οὐχὶ
2363 5286 2690 5342 κατάστασιν
2731 5286 2796 5338 ὲκ
2830 5280 3234 5346 καταστάσεως,
3273 5278 3463 5350 ὥσπερ

231 5379 360 5447 ἡμεέ
388 5387 786 5452 ἐξειλήφαμεν.

282 5389 360 5446 tsi;
388 5389 786 5460 ὲξειλήφαμεν.

282 5499 355 5552 l7.
380 5503 532 5556 Οὐδὲ
559 5504 683 5572 γὰρ
710 5501 814 5556 ἀπ’
850 5498 1110 5568 ἐμαυτοῦ
1134 5497 1402 5565 ἐλήλυθα
1423 5537 1438 5563 ,
1465 5495 1604 5552 ἀλλ’
1643 5495 1793 5549 ἐκεῖ-

1971 5493 2057 5548 Π.
2102 5492 2280 5561 Neque
2305 5491 2444 5544 enim
2481 5506 2513 5542 a
2539 5486 2833 5555 memetipso
2858 5484 2992 5548 veni,
3023 5483 3113 5538 sed
3134 5482 3222 5536 iile
3258 5497 3341 5581 me
3361 5493 3461 5578 mt-

227 5591 309 5656 νές
343 5611 415 5662 με
443 5595 808 5650 ἀπέστειλε.
843 5591 1031 5646 Ταῦτα
1062 5591 1265 5662 νομίζω
1296 5589 1568 5658 λέγεσθαι,
1596 5587 1670 5652 ὥς
1708 5606 1789 5642 τι-

1900 5586 1964 5639 sit
1990 5586 2032 5638 '.
2079 5581 2203 5637 ilice
2241 5580 2476 5635 arbitror
2506 5578 2611 5632 dici
2645 5576 2872 5646 perinde
2904 5577 3056 5645 quasi
3092 5591 3122 5628 a
3154 5576 3462 5636 semetipsis

224 5697 305 5731 νων
329 5659 418 5754 ἀφ’
449 5685 678 5739 ἑαυτῶν
715 5682 1030 5756 ἐρχομένων
1052 5721 1068 5746 ,
1105 5659 1199 5735 καλ⁸
1249 5680 1324 5752 μὴ
1369 5678 1788 5750 ἀπεσταλμένων

1900 5677 2115 5733 veniant
2145 5672 2380 5746 quidam,
2424 5686 2528 5725 non
2565 5669 2717 5725 missi
2744 5686 2774 5725 a
2809 5669 2993 5738 Patre,
3024 5665 3348 5728 doctrinam,
3377 5659 3463 5715 vel

272 5929 515 5988 "latth.
545 5944 606 6000 ν,
639 5927 737 5984 45.
786 5923 875 6002 ’.⁸³
894 5921 1048 5980 Joan.
1074 5937 1190 5990 vm,
1221 5921 1314 5979 Ω.
1340 5986 1356 5996 1
1389 5923 1446 5994 θ’,
1461 5922 1590 5980 ibid.
1625 6001 1630 6006 ‘
1665 5923 1679 5954 '
1715 5919 1793 5977 Ilii

1918 5936 1958 5986 t,
1994 5919 2110 5977 2-4.
2183 5917 2378 5975 ’Joan.
2430 5931 2548 5980 νιιι,
2595 5914 2685 5970 42.

196 6559 578 6588 ι--ρ-Ρλν-τῶε..
651 6563 692 6575 __--
755 6561 776 6575 _-
