3804 6550
488 447 617 539 ξΗὸ

2010 454 2331 514 ORIGENIS

3611 469 3679 523 816

521 579 868 650 prophetiam
906 575 1313 650 promittentes.
1356 575 1538 646 Atque
1564 574 1632 630 de
1659 572 1862 630 talibus
1884 574 2101 644 quidem

2211 573 2314 626 ἀπὸ
2339 571 2433 626 τοῦ
2461 572 2694 646 Πατρός.
2727 573 2862 648 Περὶ
2907 573 3009 647 μὲν
3054 569 3147 629 οὖν
3179 573 3452 647 ἀνθρώπων
3475 581 3676 643 τοιούτων.

525 675 844 732 hominibus
869 673 1178 730 docemura
1207 668 1470 736 Ieremia,
1494 668 1638 740 apud
1668 681 1827 738 quem
1854 666 2113 736 scriptum

525 780 653 824 est:
693 766 821 824 Non
872 765 1144 820 mittebam
1185 762 1490 833 prophetas,
1515 770 1561 815 et
1597 760 1697 830 ipsi
1735 759 2015 812 currebant
2069 757 2111 812 ³.

525 858 613 914 An
647 874 777 914 vero
810 856 1067 929 potentiae
1099 855 1266 912 etiam
1310 853 1506 923 aliqua:
1545 867 1651 908 non
1682 851 1860 906 missa:
1893 867 1922 905 a
1957 849 2115 904 Patre

527 953 780 1006 venerint
807 950 875 1006 ad
919 947 1190 1011 homines,
1241 945 1475 1010 notabis,
1507 953 1563 1000 et
1606 958 1680 998 an
1729 942 1923 1013 aliquae
1971 941 2115 997 inter

530 1045 675 1117 ipsas
707 1057 942 1115 egressa:
987 1041 1096 1095 sint
1125 1055 1155 1095 a
1195 1039 1324 1104 Deo,
1353 1047 1409 1091 et
1439 1036 1640 1092 ideirco
1666 1027 1964 1107 peccarint,
1986 1036 2111 1105 quia

531 1139 710 1193 missae
747 1150 852 1190 non
890 1133 1091 1191 iuerint
1111 1132 1180 1188 ab
1203 1132 1339 1202 ipso.
1363 1127 1472 1184 Nec
1500 1127 1904 1199 praetereundus
1924 1137 2008 1184 est
2031 1127 2112 1182 lo-

528 1244 625 1285 cus
647 1229 854 1298 absque
884 1225 1139 1297 indagine
1166 1227 1236 1280 de
1275 1237 1528 1280 sermone
1557 1221 1753 1276 anima:
1778 1237 1794 1288 ;
1820 1236 1945 1276 nam
1996 1221 2112 1278 ior-

530 1323 686 1377 tassis
706 1320 832 1376 Jesu
857 1320 1033 1374 anima
1061 1319 1113 1373 in
1142 1332 1240 1373 sua
1271 1315 1444 1386 ipsius
1461 1313 1793 1384 perfectione
1819 1313 2107 1379 exsistens,

528 1414 582 1469 in
619 1413 728 1469 Deo
755 1423 811 1468 et
839 1413 893 1467 in
922 1411 1258 1482 plenitudine
1283 1417 1443 1474 erat;
1479 1416 1534 1464 et
1561 1407 1688 1463 inde
1715 1420 1956 1479 egressa,
1980 1407 2108 1477 quia

528 1508 693 1564 missa
725 1506 904 1562 fuerat
931 1521 963 1560 a
1010 1505 1193 1570 Patre,
1224 1503 1520 1573 assumpsit
1558 1517 1759 1573 corpus
1789 1517 1856 1558 ex
1890 1501 2058 1557 Maria
2091 1519 2106 1569 ;

526 1599 647 1655 alite
695 1613 825 1654 vero
860 1613 968 1653 non
1021 1597 1103 1653 sic
1135 1598 1387 1652 exierunt
1434 1611 1464 1651 a
1510 1595 1663 1660 Deo,
1707 1595 1811 1650 hoc
1861 1603 1946 1650 est
1997 1611 2106 1651 non

528 1708 559 1747 a
624 1692 735 1749 Deo
799 1693 1018 1758 missae,
1070 1707 1248 1764 neque
1291 1706 1324 1747 a
1387 1691 1574 1748 divina
1624 1690 1913 1762 .voiuntate
1970 1705 2108 1764 pra:-

531 1798 733 1838 missae.

595 2058 759 2130 332
797 2057 886 2115 18.
937 2055 1116 2122 Quare
1157 2058 1300 2112 dicta
1326 2073 1442 2114 mea
1481 2075 1586 2114 non
1623 2057 1910 2129 agnoscitis
1937 2057 2110 2130 ?quia

527 2167 632 2206 non
661 2151 876 2221 potestis
912 2150 1099 2204 audire
1127 2166 1418 2205 sermonem
1459 2167 1630 2205 meum
1669 2152 1714 2207 ⁸.
1747 2149 1878 2216 Vos,
1909 2151 2112 2221 inquit,

528 2259 634 2298 non
665 2259 823 2314 posse
851 2258 1168 2300 sermonem
1223 2259 1402 2298 meum
1449 2243 1638 2298 audire
1668 2243 1722 2297 in
1777 2258 1945 2298 causa
2004 2252 2112 2310 est,

526 2351 628 2392 cur
668 2336 814 2391 dicta
855 2350 975 2390 mea
1006 2350 1113 2389 non
1144 2339 1494 2406 agnoscatis:
1520 2335 1673 2391 Unde
1701 2336 1934 2405 primum
1961 2351 2111 2392 com-

527 2428 767 2498 paranda
809 2427 968 2482 nobis
991 2436 1076 2482 est
1103 2427 1185 2482 vis
1227 2427 1477 2482 audiendi
1501 2426 1742 2482 divinum
1780 2441 2110 2494 sermonem,

529 2533 590 2576 ut
630 2520 828 2575 deinde
877 2520 1061 2575 omnia
1111 2519 1239 2576 Jesu
1280 2520 1425 2577 dicta
1459 2534 1762 2590 agnoscere
1787 2520 2060 2591 possimus
2093 2539 2108 2588 ;

525 2609 654 2666 licet
674 2611 821 2666 enim
852 2611 930 2665 illi
961 2611 1054 2682 qui
1086 2621 1246 2668 antea
1277 2627 1385 2667 non
1429 2611 1647 2666 valebat
1680 2610 1872 2667 audire
1903 2625 2112 2667 sermo-

524 2717 626 2760 nes
650 2701 797 2768 Jesu,
817 2713 1005 2773 postea
1033 2717 1099 2758 eo
1123 2704 1504 2771 pervenire,ut
1534 2701 1708 2773 possit
1732 2702 1921 2759 audire
1949 2701 2106 2767 illos;

525 2797 782 2867 quoniam
810 2795 1050 2866 quandiu
1080 2810 1185 2851 non
1223 2795 1577 2851 medicaverit
1605 2795 1834 2867 alicujus
1860 2795 2107 2850 auditum

527 2889 718 2944 Sermo
741 2902 806 2944 ac
835 2887 1007 2942 Filius
1034 2887 1128 2942 Dei
1173 2886 1359 2942 dicens
1389 2887 1556 2943 surdo
1589 2887 1638 2954 ⁸,
1666 2887 1978 2957 Adaperire,
2001 2902 2108 2945 non

526 2995 706 3054 potest
737 2984 830 3040 ille
860 2985 1070 3039 audire.
1099 2981 1273 3039 Simul
1300 2993 1464 3053 atque
1486 2992 1666 3039 autem
1693 2984 1926 3040 solutum
1950 2983 2112 3042 fuerit

525 3074 824 3141 vinculum,
865 3075 1010 3145 quod
1059 3073 1403 3130 occasionem
1461 3073 1740 3144 praebebat
1802 3076 2107 3143 surditatis,

527 3175 656 3222 tunc
685 3167 874 3222 audire
903 3167 1027 3234 quis
1061 3165 1263 3236 poterit
1308 3164 1494 3221 Jesum
1523 3185 1540 3231 ;
1583 3167 1800 3236 quando
1829 3168 1991 3222 etiam
2013 3183 2110 3225 co-

527 3271 792 3328 gnoscere
828 3267 1008 3327 p0test
1039 3259 1209 3328 ipsius
1253 3259 1420 3314 dicta.
1457 3259 1716 3328 Alioquin
1741 3260 1924 3315 dicant
1951 3261 2108 3316 nobis

528 3353 606 3409 illi
631 3358 721 3426 qui
763 3357 1079 3411 existimant
1127 3356 1277 3412 bisce
1313 3355 1496 3411 verbis
1529 3356 1784 3412 constitui
1819 3357 2012 3424 dogma
2042 3358 2109 3413 de

531 3449 764 3511 naturis.
792 3458 975 3503 utrum
1026 3457 1280 3519 poterant
1339 3448 1415 3503 illi
1444 3448 1644 3519 quibus
1689 3448 1990 3504 medicatus
2025 3459 2111 3505 est

529 3546 736 3608 postea,
757 3539 902 3593 surdi
923 3539 1100 3594 adhuc
1115 3539 1436 3595 exsistentes
1465 3539 1673 3600 audire.
1698 3555 1767 3594 an
1811 3555 1917 3595 non
1947 3541 1972 3594 2
2001 3540 2110 3598 Sed

527 3643 650 3683 eum
674 3629 881 3700 liqueat
903 3644 997 3686 eos
1021 3645 1129 3685 non
1169 3631 1437 3701 potuisse,
1463 3629 1812 3702 perspicuum
1832 3641 1916 3687 est
1942 3633 2109 3688 licere

528 3721 804 3776 immutari
830 3722 898 3778 ab
921 3722 1236 3793 impotentia
1264 3723 1520 3778 audiendi
1560 3736 1840 3780 sermones
1865 3722 2018 3789 Jesu,
2039 3726 2108 3780 ad

528 3813 858 3868 audiendum
893 3813 1035 3878 illos,
1064 3824 1120 3870 et
1151 3824 1375 3886 propter
1427 3822 1675 3870 naturam
1729 3814 2109 3872 incurabiliter

527 3905 841 3974 habentem,
869 3909 1085 3978 quando
1109 3923 1218 3963 non
1254 3916 1432 3978 potest
1455 3907 1653 3978 aliquis
1683 3907 1875 3964 audire
1907 3923 1922 3974 ;
1951 3919 2107 3965 sunt-

525 4013 632 4069 que
678 3999 792 4056 haec
840 4001 1183 4070 potissimum
1214 4001 1439 4056 dicenda
1469 4001 1557 4058 his
1600 4001 1692 4072 qui
1745 4001 1814 4056 ab
1851 4000 2107 4058 Ecclesia:

527 4092 760 4148 decretis
787 4093 1075 4160 dissident,
1107 4094 1406 4164 gaudentes
1435 4094 1737 4164 allegoriis,
1770 4101 1828 4151 et
1868 4095 2104 4151 sanatio-

438 4175 441 4178 ’
527 4185 971 4239 numsbistoriam
1002 4184 1391 4241 reducentibus
1425 4185 1490 4239 ad
1519 4188 1858 4241 curationem
1886 4187 2102 4253 animae,

527 4289 691 4346 quam
713 4275 870 4331 .Iesus
891 4275 1083 4331 liberat
1103 4274 1170 4329 ab
1191 4276 1334 4330 omni
1364 4275 1555 4330 morbo
1578 4285 1634 4331 et
1661 4277 1728 4330 ab
1760 4275 1907 4330 omni
1933 4276 2105 4331 molli-

2134 3326 2178 3384 C

2219 664 2622 737 διδασκαλίανῆ
2665 668 2999 738 προφητείαν
3043 669 3685 740 ὑπισχνουμένων,διδασχάι

2223 757 2362 830 μεθα
2390 759 2484 814 καὶ⁸
2525 759 2634 813 ἀπὸ
2667 761 2762 814 τοῦ
2804 761 3065 834 Ἱερεμίου
3098 763 3231 834 (15),
3282 763 3400 818 ἔνθα
3437 768 3681 841 γέγραπτιιν

2223 853 2345 906 Οὐκ
2367 852 2749 908 ἀπέστελλον
2773 854 2916 921 τοὺς
2941 854 3269 924 προφήτας,
3302 858 3391 912 καὶ
3417 863 3555 916 αὐτοὶ
3578 866 3686 934 ἐτρε-

2219 961 2350 1012 χον.
2380 945 2442 998 Ei
2466 945 2523 998 δὲ
2546 947 2639 999 καὶ
2665 945 2923 1018 δυνάμεις
2947 947 3090 1011 τινὲς
3112 948 3187 1019 μὴ
3207 948 3600 1022 ἀποστελλόμενοι
3615 957 3685 1011 ἀπὸ

2217 1035 2311 1089 τοῦ
2361 1037 2574 1109 Πατρὸς
2619 1037 2868 1110 ἔρχονται
2915 1037 3052 1111 πρὸς
3091 1038 3396 1112 ἀνθρώπους
3439 1045 3683 1116 ἐπιστήσεις,

2218 1128 2311 1180 καὶ
2337 1128 2548 1194 εἴτινες
2573 1131 2631 1185 ὲν
2653 1131 2844 1197 αὑταῖς
2867 1134 3002 1189 εἰσιν
3033 1136 3098 1190 ὲκ
3118 1136 3212 1190 τοῦ
3239 1135 3363 1190 Θεοῦ
3390 1136 3681 1208 ἐξεληλυθυίας

2217 1220 2312 1274 καὶ
2338 1219 2512 1292 τούτῳ
2557 1223 2960 1294 ήμαρτηκυίαι,
2994 1226 3072 1297 τῷ
3102 1227 3178 1298 μὴ
3214 1227 3518 1281 ἀπεστάλθαι
3540 1230 3610 1283 ἀπ’
3625 1231 3685 1282 αὑ-

2215 1310 2328 1366 τοῦ.
2365 1313 2478 1367 Οὐκ
2510 1312 2777 1384 ἀζήτητον
2808 1317 2866 1369 δὲ
2910 1318 3094 1373 ἐατέον
3129 1319 3220 1373 τὸν
3249 1320 3401 1373 τόπον
3440 1321 3518 1374 καὶ
3554 1323 3612 1385 είς
3628 1323 3684 1374 τὸν

2215 1405 2344 1478 περὶ
2365 1405 2542 1479 ψυχῆς
2570 1407 2726 1478 λόγον
2751 1427 2765 1441 ·
2798 1411 2938 1482 τάχα
2977 1412 3085 1484 γὰρ
3113 1414 3146 1484 ἡ
3181 1413 3280 1484 μὲν
3325 1413 3410 1466 τοῦ
3445 1414 3585 1485 Ἰησοῦ
3615 1417 3684 1483 (l6)

2213 1495 2359 1569 ψυχὴ
2389 1498 2446 1551 ὲν
2473 1502 2539 1571 τῇ
2583 1500 2783 1572 ἑαυτῆς
2814 1504 3156 1574 τυγχάνουσα
3189 1505 3484 1576 τελειότητι,
3526 1507 3571 1559 ἐν
3607 1507 3684 1577 Θεῷ

2213 1589 2308 1644 καὶ
2339 1588 2416 1661 τῷ
2447 1589 2777 1663 πληρώματι
2807 1589 2875 1665 ἦν
2897 1612 2912 1628 ο
2941 1595 3037 1650 καὶ
3071 1595 3279 1650 ἐκεῖθεν
3319 1596 3610 1668 ὲξεληλυθυῐα
3637 1599 3685 1669 τῷ

2211 1681 2545 1738 ἀπεστάλθαι
2592 1684 2700 1738 ἀπὸ
2727 1685 2821 1740 τοῦ
2853 1687 3065 1760 Πατρὸς
3103 1689 3328 1743 ἀνέλαϐε
3360 1690 3415 1744 τὸ
3436 1691 3492 1742 ἐκ
3513 1690 3589 1759 τῆς
3605 1691 3684 1743 Μα-

2214 1774 2336 1846 ρίας
2354 1775 2513 1847 σῶμα
2535 1793 2549 1806 ·
2575 1777 2732 1832 ἄλλαι
2751 1779 2808 1832 δὲ
2829 1780 2928 1850 οὐχ
2948 1779 3115 1844 οὕτως
3139 1780 3356 1851 ἐξῆλθον
3375 1782 3472 1836 ἀπὸ
3493 1781 3567 1836 τοῦ
3580 1781 3684 1845 Geo},

2210 1867 2488 1922 τουτέστιν
2515 1870 2616 1924 οὐκ
2644 1871 3071 1937 ἀπεσταλμέναι,
3098 1872 3221 1928 οὐδὲ
3250 1855 3456 1928 (πεδ’τοῦ
3479 1874 3592 1929 θείου
3613 1876 3686 1946 ﬂm-

2134 1966 2183 2026 Β
2209 1957 2448 2030 λήματος
2478 1979 2656 2033 προπε
2664 1962 2940 2033 μφθεῖσαι.

2281 2051 2367 2106 18.
2400 2054 2504 2109 Διὰ
2539 2055 2598 2108 τι
2629 2054 2744 2124 τὴν
2765 2057 2988 2112 λαλιὰν
3011 2056 3128 2127 τὴν
3155 2057 3311 2128 ἐμὴν
3328 2059 3396 2114 οὐ
3423 2057 3688 2130 γινώσκετε

2211 2142 2299 2198 ὅτι
2327 2145 2399 2199 οὐ
2441 2145 2705 2202 δύνασθε
2734 2149 2980 2204 ἀκούειν
3002 2150 3109 2205 τὸν
3142 2153 3330 2222 λόγον
3356 2152 3454 2206 τὸν
3478 2151 3606 2222 ἐμόν.
3627 2153 3684 2204 Δί-

2209 2252 2346 2301 τιον,
2375 2240 2560 2309 φησιν,
2591 2239 2707 2294 ἐστὶ
2729 2239 2824 2294 τοῦ
2855 2241 2984 2313 ὑμῖν
3018 2243 3096 2316 μὴ
3126 2243 3472 2313 γινώσκεσθαι
3499 2247 3577 2316 τὴν
3600 2246 3690 2314 ἐμὴν

2211 2328 2426 2396 λαλιὰν,
2457 2329 2519 2383 τὸ
2553 2331 2628 2404 μὴ
2655 2331 2912 2386 δύνασθαι
2939 2335 3083 2404 ὑμᾶς
3104 2334 3324 2388 ἀκούειν
3349 2334 3438 2388 τοῦ
3465 2335 3590 2403 λόγου
3611 2352 3690 2404 μου.

2212 2421 2486 2494 Πρότερον
2527 2419 2619 2478 οὖν
2663 2423 2886 2494 δύναμιν
2914 2427 3304 2498 περιποιητέον
3329 2428 3609 2498 ,ἀκουστικὴν
3631 2425 3692 2479 τοῦ

2211 2511 2356 2566 θείου
2387 2513 2547 2582 λόγου
2571 2553 2586 2578 ,
2621 2513 2707 2567 ἵνα
2737 2515 2874 2586 μετά
2905 2515 3064 2572 τοῦτο
3111 2511 3214 2572 οἶοί
3263 2535 3320 2571 τε
3367 2517 3604 2589 γενώμεθα
3635 2513 3696 2570 καὶ

2209 2604 2496 2674 γινώσκειν
2545 2608 2726 2662 πᾶσαν
2775 2609 2873 2682 τὴν
2926 2609 3100 2681 Ἰησοῦ
3144 2610 3369 2665 λαλιάν·
3415 2611 3564 2676 ἔξεστι
3608 2607 3694 2679 γὰρ,

2210 2698 2476 2773 πρότερον
2522 2701 2585 2754 ού
2639 2701 2934 2774 δυνάμενον
2979 2703 3198 2758 ἀκούειν
3232 2705 3342 2760 τῶν
3359 2704 3514 2774 λόγων
3558 2701 3695 2774 Ἰησοῦ,

2211 2791 2435 2866 ὕστερον
2456 2793 2678 2864 φθάνειν
2699 2795 2792 2849 ἐπὶ
2806 2795 2867 2850 τὸ
2889 2795 3109 2851 ἀκούειν
3136 2796 3392 2851 δύνασθαι
3420 2797 3592 2851 αὐτῶν⁵
3617 2794 3698 2848 imi

2209 2884 2306 2939 καὶ
2329 2886 2450 2940 ὅσον
2479 2886 2577 2958 μὲν
2607 2887 2819 2942 οὐδέπω
2846 2889 2969 2961 ίάθη
2998 2906 3083 2954 τις
3108 2890 3208 2954 τάς
3227 2890 3393 2955 ἀκοάς
3417 2890 3510 2944 ἀπὸ
3535 2886 3608 2942 τοῦ
3631 2887 3698 2939 Λό-

2209 2993 2308 3047 γου
2334 2977 2428 3031 τοῦ
2459 2977 2706 3048 λέγοντος
2736 2978 2817 3052 τῷ
2846 2980 3015 3053 κωφῷ
3035 2999 3050 3013 ο
3089 2985 3484 3055 Διανοίχθητι,
3516 2983 3565 3038 οὐ
3590 2981 3698 3036 δύνα-

2208 3086 2298 3125 ται
2330 3070 2548 3126 ἀκούειν
2569 3089 2583 3103 ’
2615 3071 2755 3128 ὲπάν
2781 3073 2841 3128 δὲ
2885 3073 3019 3148 λυθῇ
3065 3078 3094 3131 ὁ
3133 3079 3308 3142 αἴτιος
3345 3078 3439 3149 τῆς
3466 3075 3699 3146 κωφότηττις

2211 3161 2529 3234 σύνδεσμος,
2557 3163 2682 3218 τότε
2715 3164 2934 3220 ἀκούειν
2981 3182 3068 3231 τις
3107 3161 3221 3233 οἷος
3260 3169 3407 3223 ἔσται
3429 3167 3513 3222 τοῦ
3549 3164 3700 3236 Ίησοῦ’

2211 3255 2299 3309 ὅτε
2333 3257 2427 3310 καὶ
2455 3254 2744 3326 γινώσκειν
2765 3257 2985 3314 δύναται
3007 3259 3173 3314 αὑτοῦ
3213 3261 3315 3334 τὴν
3341 3262 3526 3317 λαλιάν.
3558 3259 3614 3322 Ἠ
3642 3259 3699 3310 λλ·

2208 3347 2453 3417 γέτωσαν
2477 3351 2608 3422 ἡμῖν
2631 3350 2682 3405 οἱ
2705 3352 3014 3422 νομίζοντες
3034 3353 3130 3407 καὶ
3150 3352 3242 3408 διὰ
3259 3352 3412 3408 τοῦτο
3436 3351 3704 3408 συνίστασθαι

2209 3441 2302 3495 τὸν
2348 3444 2476 3516 περὶ
2515 3442 2732 3513 φύσεως
2771 3445 2927 3515 λόγον
2956 3445 3066 3518 (17)
3091 3486 3106 3512 ,
3142 3448 3372 3522 πότερον
3415 3448 3623 3503 ἐδύναντο
3649 3446 3702 3496 ἔτι

2209 3535 2386 3605 κωφοὶ
2416 3534 2568 3600 ὄντες
2593 3536 2831 3602 ἀκούειν,
2861 3537 2956 3601 οὓς
2983 3538 3208 3612 ὕστερον
3241 3542 3444 3607 ἰάσατο,
3467 3541 3496 3612 ἢ
3525 3542 3604 3594 οὐκ
3625 3536 3704 3591 iii-

2208 3642 2404 3692 ναντο;
2435 3627 2647 3697 Σαφοῦς
2673 3629 2732 3683 δὲ
2757 3628 2910 3694 ὄντος
2939 3631 3032 3684 τοῦ
3065 3632 3166 3688 οὐκ
3195 3634 3460 3699 ἐδύναντο,
3487 3633 3628 3705 δῆλον,
3649 3633 3702 3683 ὅτι

2207 3717 2383 3784 ἔξεστι
2417 3719 2739 3791 μεταϐαλεῖν
2775 3722 2884 3776 ἀπὸ
2907 3722 3002 3777 τοῦ
3037 3724 3112 3796 μὴ
3141 3725 3397 3781 δύνασθαι
3424 3726 3610 3782 ἀκούειν
3633 3721 3704 3776 τῶν

2219 3809 2393 3881 Ἰησοῦ
2417 3811 2590 3880 λόγων
2621 3812 2714 3866 ἐπὶ
2735 3813 2796 3867 τὸ
2827 3814 3046 3869 ἀκούειν
3072 3815 3275 3885 αὐτῶν,
3303 3820 3394 3873 καὶ
3418 3819 3474 3872 ού
3500 3818 3572 3871 διὰ
3593 3813 3704 3884 φύσιν

2205 3903 2442 3968 ἀνιάτως
2480 3904 2740 3975 ἔχουσαν,
2777 3904 2866 3959 ὅτε
2906 3907 2967 3960 οὐ
3007 3907 3231 3962 δύναταί
3278 3928 3362 3974 τις
3403 3908 3614 3964 ἀκούειν·
3643 3905 3706 3959 καὶ

2210 3996 2443 4068 μάλιστα
2464 3997 2637 4051 ταῦτα
2668 3999 3006 4070 προσακτέον
3025 4002 3138 4064 τοῖς
3164 4002 3499 4075 ἑτεροδόξοις,
3519 3999 3703 4073 χαίρουσι

2203 4089 2326 4153 ταῖς
2357 4087 2723 4163 ἀλληγορίαις,
2756 4090 2852 4145 καὶ
2872 4091 3133 4160 ἀνάγουσι
3159 4095 3262 4164 τὴν
3298 4095 3420 4169 περὶ
3447 4093 3543 4148 τῶν
3566 4092 3706 4148 ίάπων

2204 4179 2447 4252 ἱστορίαν
2474 4182 2567 4235 ἐπὶ
2592 4182 2691 4245 τὰς
2721 4181 2821 4252 τῆς
2849 4181 3029 4255 ψυχῆς
3057 4183 3372 4257 θεραπείας,
3407 4182 3706 4254 ἀπολυομένης

2197 4272 2311 4325 ὑπὸ
2348 4272 2442 4326 τοῦ
2481 4273 2656 4344 Ἰησοῦ
2695 4273 2878 4345 πάσης
2905 4275 3061 4329 νόσου
3088 4315 3104 4341 ,
3135 4278 3232 4332 καὶ
3261 4279 3438 4350 πάσης
3483 4274 3704 4350 μαλακίας·

531 4369 622 4424 tie.
649 4367 899 4423 Arbitror
929 4381 1059 4423 vero
1105 4381 1208 4437 ego
1256 4367 1578 4422 vocabulum
1629 4368 1820 4421 audire
1869 4369 2101 4436 positum

2211 4364 2427 4437 Νομίζω
2437 4365 2496 4421 δὲ
2516 4365 2576 4419 τὸ
2603 4365 2704 4436 μὲν
2728 4367 2991 4435 ἀκούειν,
3016 4368 3110 4423 νῦν
3143 4368 3237 4424 ἐπὶ
3257 4371 3353 4425 τοῦ
3384 4372 3592 4425 συνιέναι
3616 4366 3704 4419 tino

529 4470 676 4512 nunc
700 4470 822 4511 esse
850 4468 946 4527 pro
975 4456 1279 4528 intelligere
1301 4472 1423 4529 quae
1451 4457 1707 4513 dicuntur
1735 4475 1751 4526 ;
1787 4458 2100 4514 vocabulum

2211 4456 2396 4511 σεσθαι
2439 4457 2548 4512 τῶν
2609 4457 2947 4530 λεγομένωνο
2991 4461 3054 4514 τὸ
3095 4461 3154 4516 δὲ
3201 4462 3508 4534 μνώονκειν
3535 4461 3610 4514 ἐπὶ
3642 4454 3705 4510 τοῦ

526 4562 662 4605 vero
709 4565 1018 4620 agnoscere,
1067 4565 1164 4620 pro
1198 4567 1262 4608 eo
1309 4553 1401 4621 qui
1433 4553 1746 4623 percipiens
1784 4554 2100 4619 assentitur,

527 4641 828 4697 illustratus
853 4641 973 4697 luce
1008 4645 1366 4712 cognoscendi
1391 4659 1474 4700 ea.
1512 4645 1657 4699 Sane
1683 4644 1978 4699 Heracleon
2011 4659 2103 4699 su-

533 4915 659 4973 illud
689 4931 706 4972 :
746 4915 852 4973 Vos
888 4932 954 4972 ea:
983 4925 1133 4988 patre
1158 4915 1369 4970 diabolo
1396 4917 1543 4979 estis.
1569 4917 1794 4984 istisque
1822 4917 2000 4970 verbis
2024 4918 2102 4970 in-

599 5035 622 5069 ³
648 5034 849 5092 Jerem.
892 5050 1053 5100 mn,
1091 5034 1183 5089 21.

603 5150 935 5225 (i5)_(;odex
967 5151 1191 5225 Regius.
1231 5150 1492 5225 'lepepia.

605 5219 880 5294 (16)1ἀειιι
911 5219 1290 5294 codeegius,
1311 5219 1412 5276 ’τοῦ
1458 5219 1608 5275 Υίοῦ.
1649 5219 1804 5288 Saepe
1847 5219 2098 5294 animad-

533 5291 796 5362 vertimus
831 5291 1118 5362 Origenem
1154 5291 1363 5348 animas
1390 5303 1516 5347 ante
1563 5304 1795 5358 corpora
1851 5291 2102 5346 conditas

533 5361 854 5417 credidisse.
890 5361 1025 5417 lluic
1055 5365 1316 5418 doetrinae
1341 5363 1736 5418 consectarium
1760 5373 1844 5415 est
1865 5362 2099 5415 animam

533 5432 734 5504 Christi
771 5441 898 5487 ante
921 5447 1118 5504 corpus
1149 5433 1303 5504 illius
1323 5435 1596 5504 conditam
1659 5444 1880 5504 quoque
1911 5429 2098 5504 fuisse.

535 5503 647 5557 lioc
681 5501 931 5573 dogmate
973 5500 1252 5557 inductum
1278 5501 1450 5573 fuisse
1487 5501 1783 5573 Eutychein
1835 5500 2100 5570 suspicari

533 5588 596 5626 se
624 5573 757 5625 dicit
785 5572 899 5642 Leo
921 5588 1054 5642 papa
1086 5574 1246 5641 epist.
1279 5575 1316 5627 2
1337 5575 1402 5642 ad
1430 5571 1706 5627 lulianum
1731 5571 2018 5637 Coensem,
2043 5578 2106 5625 ut.

531 5642 746 5723 duas_in
776 5640 1132 5724 Qhristozrpo
1161 5643 1258 5724 τῆς
1288 5641 1531 5724 ὲνώσεως
1563 5655 1788 5724 naturas
1817 5650 2100 5724 statueret2

534 5713 688 5786 quasi
719 5715 954 5767 animam
988 5711 1190 5767 Christi
1215 5711 1529 5786 exstitisse,
1580 5714 1901 5786 priusquam
1947 5711 2100 5766 carni

533 5781 872 5863 illigareturi,
919 5796 1244 5863 persuasum
1290 5781 1862 5863 habuerithnimam
1890 5792 2100 5862 .aulem

533 5849 736 5908 Christi
767 5860 893 5906 tunc
919 5849 973 5906 in
995 5868 1091 5905 sua
1119 5851 1449 5922 perfectione
1466 5852 1632 5908 fuisse
1658 5853 1789 5906 dicit
1811 5849 2096 5922 Origenes,

536 5923 739 5980 idcirco
760 5923 902 5986 quod
931 5923 1242 5979 arctissimo
1274 5923 1475 5981 amoris
1503 5923 1719 5980 vinculo
1748 5923 1824 5979 ita
1841 5923 1948 5980 Deo
1973 5931 2099 5978 tunc

2205 4549 2688 4621 καταλαμϐάνοντα
2717 4552 3208 4620 συγκατατίθεσθαι
3251 4553 3332 4627 τῷ
3359 4556 3490 4626 φωτὶ
3511 4554 3593 4624 τῆς
3617 4548 3708 4618 περὶ

2133 4688 2179 4744 D
2203 4640 2314 4695 τῶν
2342 4641 2648 4744 λεγομένων
2666 4640 2921 4710 γνώσεως
2942 4645 3370 4718 πεφωτισμένων
3393 4646 3514 4718 (i8).
3544 4645 3592 4698 '0
3617 4640 3708 4713 μένε

526 4732 769 4802 spicatur
799 4745 1023 4788 causam
1066 4731 1217 4787 reddi
1267 4749 1368 4788 cur
1409 4734 1506 4803 ipsi
1543 4734 1731 4789 audire
1759 4748 1864 4789 non
1897 4736 2101 4804 possint

2211 4747 2355 4800 τοιγε
2398 4730 2710 4803 Ἡρακλέων
2761 4732 3138 4805 ὑπολαμϐάνει
3191 4737 3372 4792 αίτίαν
3431 4731 3709 4791 ἀποδίδοσθαι

527 4823 656 4880 Jesu
707 4838 1014 4890 sermones,
1045 4839 1221 4896 neque
1266 4824 1411 4880 illius
1440 4826 1584 4879 dicta
1627 4840 1976 4895 cognoscere.
2008 4840 2101 4894 per

2211 4823 2302 4877 τοῦ
2355 4822 2429 4895 μὴ
2461 4822 2719 4878 δύνασθαι
2749 4823 2948 4890 αὐτοὺς
2988 4826 3207 4882 ἀκούειν
3250 4829 3342 4884 τὸν
3382 4828 3542 4902 Ἰησοῦ
3577 4825 3712 4892 λόγον.

2209 4915 2344 4986 μηδὲ
2373 4913 2662 4984 γινώσκειν
2690 4914 2857 4970 αὐτοῦ
2887 4916 2987 4988 τὴν
3025 4917 3213 4975 λαλιὰν
3256 4923 3315 4975 ὲν
3343 4921 3448 4993 τῷο
3486 4916 3645 4997 Ὑμεῖς
3661 4915 3711 4966 ἐκ

1280 5033 1302 5066 ⁸
1329 5031 1486 5091 Joan.
1533 5047 1656 5096 vm.
1704 5031 1794 5089 43.
1876 5033 1898 5064 '
1929 5032 2092 5089 Marc.
2115 5051 2218 5107 vti,
2252 5037 2344 5095 54.

2209 5155 2632 5228 adhaerebat.ut
2671 5169 2814 5228 unus
2867 5171 2993 5213 cum
3037 5170 3106 5214 eo
3159 5158 3385 5228 spiritus
3438 5159 3718 5221 eiiiceretnr,

2208 5226 2669 5298 quemadmodum
2711 5225 2885 5298 iusius
2913 5225 3303 5298 ipserdeclarat
3340 5232 3437 5285 lib.
3465 5247 3498 5285 ιι
3526 5230 3590 5285 De
3617 5229 3720 5298 pris-

2209 5296 2382 5370 εἱρὶἱι,
2414 5310 2536 5370 cap.
2565 5293 2620 5361 6,
2646 5303 2703 5350 et
2732 5310 2830 5370 nos
2869 5293 3314 5369 in'Origenianis,
3355 5301 3450 5357 lib.
3479 5316 3548 5368 ιι,
3572 5293 3718 5370 ma.

2210 5363 2267 5431 ὅ,
2295 5381 2449 5436 Διιιιιιι.
2478 5364 2516 5436 λ6
2540 5375 2596 5420 et
2617 5381 2737 5436 seq.
2762 5365 3028 5423 Ηιιετιυε.

2283 5433 2395 5508 (Π)
2423 5434 2536 5515 Τὸν
2565 5433 2712 5515 πειΞῖ
2733 5439 2980 5515 φύσεως.
3025 5439 3256 5515 λόγονο-
3291 5440 3588 5515 μεταδιδόναι
3622 5437 3719 5515 ,πυτ-

2211 5506 2356 5580 tasse
2387 5506 2622 5575 φύσεων.
2650 5507 2833 5580 διψία
2865 5509 3019 5580 ἰηίιίο
3051 5506 3256 5565 numeri
3289 5506 3562 5580 15ξοίτὰς
3576 5507 3721 5580 φύσεις

2214 5577 2621 5652 εξσάγοντεςζθι
2649 5577 2722 5631 ita
2753 5576 3159 5652 Ferrarius._At
3188 5576 3448 5652 Origenes
3479 5576 3638 5652 tamen
3657 5577 3721 5652 Δξι

2213 5645 2386 5732 Epist.
2417 5647 2486 5732 ad
2517 5646 2694 5732 Rom.,
2720 5660 2844 5732 cap.
2871 5664 2999 5702 xxnv
3028 5645 3368 5732 'Philocal'g‘a:
3407 5674 3422 5708 :
3461 5649 3568 5732 ιςᾶν
3601 5646 3725 5732 areae

2209 5717 2712 5793 gebaarqAé-acpdcouv
2740 5717 2798 5771 oi
2815 5719 3237 5790 παρεισάγοντες
3266 5723 3357 5778 τὸν
3389 5724 3510 5793 περὶ
3553 5720 3722 5788 φύσεως

2209 5786 2409 5842 ἄτοπον
2426 5786 2600 5857 λόγον.
2631 5791 2706 5842 Ιι).

2251 5928 2264 5940 ,
2282 5854 2919 5940 (ἔδὶΑΠέφωτισμένων,
2953 5871 3007 5916 In
3040 5862 3282 5940 margine
3304 5863 3502 5920 codicis
3523 5854 3725 5918 Bodleia-

2209 5929 2266 5985 ni
2298 5929 2495 5998 legitur
2521 5942 2594 5986 ex
2619 5930 2935 6000 conjectura
2955 5929 3386 6003 πεφωτισμένον.
