3804 6536
90 401 193 454 617

1145 395 1497 452 COMMENT.
1535 394 1601 448 IN
1641 395 1827 451 JOAN.
1865 395 2099 451 TOMUS
2138 397 2252 453 XX-

3203 407 3308 461 (iis

88 519 191 573 τοῦ
214 517 436 585 πατρὸς
460 515 566 570 τοῦ
604 515 885 570 διαϐόλου
911 515 1073 570 ἐστέ.
1098 516 1296 580 Αὑταῖς
1319 516 1448 585 γοῦν
1481 515 1654 582 λέξεσι

1764 515 1874 584 quit
1902 533 1916 569 :
1958 533 1976 566 ι
2011 515 2186 580 Quare
2217 525 2393 570 autem
2421 530 2524 570 non
2557 518 2781 586 potestis
2801 518 2985 574 audire
3006 537 3309 579 sermonem

89 624 242 678 φησι⁸
267 625 285 657 ι
305 608 402 660 Διὰ
425 607 480 658 τί
497 607 557 659 ού
585 605 809 660 δύνασθε
835 606 1048 659 ἀκούειν
1080 608 1170 660 τὸν
1189 607 1342 677 λόγον
1373 607 1464 660 τὸν
1489 607 1649 678 ὲμόν;

89 703 120 770 ἢ
149 702 226 753 ὅτι
263 701 418 770 ὑμεῖς
451 699 516 751 ἐκ
548 699 641 751 τοῦ
671 699 874 770 πατρὸς
891 697 984 751 τοῦ
1009 698 1250 752 διαϐόλου
1274 699 1396 753 ἐστέ
1421 717 1435 730 ·
1467 719 1486 751 ι
1511 699 1653 769 (ἀντὶ⁸

87 793 201 856 τοῦ,
245 799 308 848 ἐκ
335 794 434 864 τῆς
465 793 650 856 ούσίας
676 793 769 846 τοῦ
803 793 1091 865 διαϐόλου,)
1123 795 1366 866 φανερῶν
1401 796 1509 865 (19)
1558 797 1654 849 αύ-

87 887 198 946 τοίς
251 884 433 937 λοιπὸν
481 885 579 956 τὴν
623 883 780 952 φύσιν
814 885 990 938 αὐτῶν
1012 925 1028 948 ,
1071 887 1164 940 καὶ
1203 885 1529 957 προελέγξας
1558 888 1654 939 αύ-

86 978 212 1038 τοϋς
236 1015 251 1038 ,
280 977 361 1028 ὅτι
395 975 519 1028 οὔτε
564 974 659 1028 τοῦ
703 975 950 1047 Ἀϐραάμ
986 979 1090 1030 εἱσι
1133 978 1326 1041 τέκνα,
1358 980 1417 1031 οὐ
1455 981 1563 1050 γάρ
1590 978 1655 1032 ἂν

89 1069 314 1138 ἑμίσουν
364 1069 553 1121 αὐτόν·
584 1069 819 1122 οὐδὲτοῦ
851 1069 984 1123 Θεοῦ
1004 1109 1018 1134 ,
1051 1069 1128 1123 διὸ
1164 1071 1263 1124 οὐκ
1304 1071 1531 1141 ἠγάπων
1560 1074 1654 1125 αὐ-

87 1161 198 1213 τόν.
233 1162 341 1213 Καὶ
365 1162 413 1213 εἰ
448 1161 546 1231 μὲν
569 1161 629 1213 τό
653 1178 666 1190 ·
714 1161 897 1231 Ὑμεῖς
923 1163 990 1216 ἐκ
1018 1162 1122 1218 τοῦ
1152 1166 1370 1232 πατρὸς
1403 1165 1508 1219 τοῦ
1533 1166 1658 1219 δια-

90 1252 270 1305 ϐόλον
300 1251 476 1314 ἐστέ,
521 1251 792 1322 ἐξεδέχετο
817 1294 830 1317 ,
867 1253 942 1316 ὡς
993 1255 1049 1306 ἐν
1097 1257 1208 1318 τοῖς
1252 1257 1504 1320 ἀνωτέρω
1544 1259 1656 1328 διη-

88 1343 406 1412 γησάμεθα,
484 1345 579 1396 καὶ¹
638 1343 822 1413 ἔλεγε·
863 1346 960 1399 Διὰ
1005 1345 1066 1398 τὸ
1115 1346 1192 1399 ἔτι
1235 1347 1378 1417 ὑμᾶς
1417 1343 1552 1400 εἶναι
1591 1349 1656 1402 ἐκ

86 1436 181 1488 τοῦ
230 1436 506 1500 διαϐόλου,
556 1437 618 1490 οὐ
680 1436 902 1491 δύνασθε
963 1437 1179 1491 ἀκούειν
1234 1439 1325 1492 τὸν
1373 1439 1525 1507 λόγον
1565 1440 1654 1493 τὸν

89 1528 246 1596 ἐμὸν,
290 1527 394 1580 κᾶν
430 1526 846 1597 παραδεξάμεθα
883 1527 1046 1581 αὑτοῦ
1083 1529 1181 1600 τὴν
1218 1530 1503 1601 διήγησιν·
1541 1532 1654 1585 νυνὶ

88 1620 141 1672 δέ
169 1620 328 1689 δῆλός
360 1621 508 1672 ἐστιν
546 1620 863 1690 ὁμοουσίους
906 1619 1056 1683 τινάς
1100 1620 1179 1691 τῷ
1221 1619 1452 1691 διαϐόλῳ
1483 1620 1658 1689 λέγων

89 1711 426 1780 ἀνθρώπους,
458 1711 668 1782 ἐτέρας,
699 1712 775 1775 ὡς
808 1712 1006 1764 οἴονται
1035 1714 1082 1764 oi
1129 1713 1221 1764 ἀπ’
1255 1712 1441 1774 α’ύτοῦ,
1468 1712 1658 1776 οὐσίας

89 1804 409 1873 τυγχάνοντι
456 1805 586 1875 παρ’
633 1802 726 1867 οὓς
767 1802 988 1856 καλοῦσι
1021 1803 1365 1874 ψυχικοὺς,ἢ
1409 1822 1654 1876 πνευμα-

88 1895 288 1958 τικούς.

157 1987 240 2042 19.
286 1987 487 2058 Ὑμεῖς
525 1987 594 2040 ἐκ
623 1985 727 2041 τοῦ
755 1985 979 2053 πατρὸς
1031 1983 1137 2040 τοῦ
1168 1984 1450 2040 διαϐόλου
1493 1985 1654 2047 ἐστὲ,

89 2078 182 2133 καὶ
227 2080 338 2145 τὰς
398 2079 712 2147 ἐπιθυμίας
771 2075 876 2130 τοῦ
949 2078 1172 2144 πατρὸς
1221 2077 1389 2147 ὑμῶν
1457 2077 1659 2131 θέλετε

89 2170 295 2223 ποιεῖν.
338 2169 663 2240 Ἀμφίὸολος
693 2171 726 2239 ἡ
760 2168 902 2232 λέξις
946 2167 1062 2221 ἐστι
1092 2169 1201 2239 (20)
1222 2185 1236 2198 '
1271 2168 1520 2238 δηλοῦται
1552 2169 1658 2240 γὰρ

89 2262 180 2315 ἀπ’
207 2263 383 2332 αὐτῆς
408 2262 466 2316 ἓν
504 2262 621 2332 μὲν,
657 2260 731 2325 ὡς
775 2261 885 2330 ἄρα
921 2259 1033 2330 ἔχει
1079 2261 1108 2313 ὁ
1153 2261 1394 2324 διάϐολος
1424 2261 1656 2330 πατέρα,

89 2355 144 2418 ἐξ
173 2347 234 2405 οὗ
273 2355 504 2425 πατρὸς,
545 2355 670 2407 ὅσον
697 2354 790 2406 ἐπὶ
816 2351 895 2423 τῷ
929 2352 1096 2424 ῥητῷ,
1133 2354 1486 2423 ἐμφαίνονται
1521 2348 1658 2406 εἶναι

89 2440 226 2500 οὗτοι
257 2446 404 2517 πρὸς
443 2443 537 2509 οὓς
566 2448 594 2498 ὁ
632 2446 819 2513 λόγος·
856 2446 1042 2516 ἕτερον
1063 2444 1145 2508 δὲ,
1176 2444 1204 2498 ὃ
1238 2444 1442 2514 βέλτιόν
1487 2446 1656 2506 ἐστιν,

87 2540 165 2591 ὅτι
194 2541 354 2609 ὑμεῖς
392 2542 456 2592 ἐκ
482 2537 631 2590 τοῦδε
672 2537 765 2590 τοῦ
803 2539 1008 2609 πατρός
1041 2539 1186 2600 ἐστε,
1231 2535 1351 2590 καθ’
1386 2537 1444 2588 ὃν
1485 2553 1659 2605 κατη-

87 2635 322 2701 γορεῖται
364 2630 446 2693 τὸ,
493 2629 751 2693 διάϐολος.
791 2628 1111 2700 Ἀμφίσολον
1146 2628 1242 2700 μὲν
1270 2624 1361 2681 οὖν
1389 2626 1454 2681 ἂν
1479 2627 1537 2680 τὸ
1569 2627 1657 2680 λε-

87 2726 333 2796 γόμενον,
386 2726 480 2778 καὶ
524 2724 681 2794 εἴπερ
724 2723 908 2796 εἴρητο
942 2725 1003 2778 τὸ
1041 2725 1302 2798 πρότερον
1336 2723 1537 2795 ἄρθρον
1574 2723 1655 2788 τὸ,

92 2817 210 2870 τοῦ·
234 2816 384 2887 πλὴν
412 2817 608 2886 μᾶλλον
632 2816 946 2885 ἀνεφαίνετο
974 2817 1303 2887 σαφέστερον
1327 2817 1386 2870 τὸ
1417 2816 1659 2888 βούλημα

86 2907 172 2959 τοῦ
217 2906 410 2978 ῥητοῦ.
462 2909 724 2976 Μέντοιγε
769 2908 798 2959 ό
831 2908 1208 2980 συναγορεύων
1253 2908 1316 2960 τὸ
1356 2902 1493 2960 εἷναί
1538 2925 1660 2962 τινα

87 2998 174 3050 τοῦ
204 2999 458 3052 διαϐόλου
488 2999 720 3071 πατέρα,
743 2993 803 3054 οὗ
831 3001 978 3063 υἱοὺς
1008 2999 1146 3066 δόξει
1168 2999 1348 3067 λέγειν
1368 3000 1493 3062 τοὺς
1525 2999 1661 3070 πρὸς

86 3089 174 3152 οὓς
197 3093 226 3142 ὁ
243 3091 408 3158 λόγος
429 3091 569 3153 ἐστὶ,
589 3091 848 3162 χρήσεται
867 3090 944 3161 τῷ
966 3091 1344 3162 ἐπιφερομένῳ
1357 3090 1527 3152 οὕτως
1547 3090 1658 3160 (21)

88 3184 291 3254 ἔχοντι·
341 3184 530 3237 ’Ὅταν
565 3183 728 3254 λιι.λῇ
784 3183 851 3238 τὸ
893 3183 1153 3252 ψεῦδος,
1199 3184 1269 3237 ἐκ
1327 3183 1444 3235 τῶν
1499 3182 1662 3235 ἰδίων
1689 3203 1729 3260 C

87 3276 276 3338 λαλεῖ,
305 3275 400 3328 ὅτι
425 3277 697 3344 ψεύστης
721 3275 871 3338 ἐστὶ,
900 3276 997 3329 καὶ
1027 3279 1060 3329 ό
1094 3273 1288 3341 πατὴρ
1318 3272 1530 3328 αὐτοῦ’
1566 3274 1659 3326 καὶ

89 3368 215 3436 φησι
246 3366 367 3437 (2‘2)
408 3365 600 3434 ψεῦδος
637 3366 733 3436 μὲν
778 3362 916 3419 εἶναι
968 3365 1058 3418 τὸν
1099 3362 1360 3425 διάῦολον,
1403 3361 1559 3414 ἄλλον
1602 3361 1660 3413 δὲ

89 3459 233 3529 παρὰ
262 3458 461 3511 τοῦτον
492 3453 627 3523 εἶναι
657 3459 746 3511 τὸν
772 3458 865 3511 τοῦ
888 3456 1116 3527 ψεύδους
1144 3454 1384 3525 πατέρα’
1420 3453 1536 3505 ἀλλ’
1561 3452 1660 3521 οὐχ

89 3551 249 3618 ὑγιῶς
275 3549 441 3602 τοῦτο
461 3549 776 3620 λεχθήσεται
793 3567 808 3580 ο
845 3549 1042 3620 μᾶλλον
1065 3547 1173 3618 γὰρ
1194 3547 1256 3599 τὸ
1275 3544 1467 3615 ψεῦδος
1497 3546 1660 3614 ἐφαρ-

91 3644 238 3712 μόσει
263 3643 345 3713 τῷ
366 3643 593 3714 ἐναντίῳ
609 3645 702 3696 τοῦ
724 3643 987 3705 εἰπόντος·
1017 3639 1162 3709 Ἐγώ
1181 3642 1296 3708 ειμι
1324 3641 1362 3702 ἡ
1393 3637 1656 3704 ἀλήθεια·

91 3734 303 3804 λέγωδὲ
341 3734 424 3804 τῷ
446 3734 668 3804 ἐναντίῳ
698 3733 953 3805 Χριστοῦ,
1055 3731 1168 3803 (25)
1200 3731 1437 3800 ψεύστης
1466 3730 1612 3783 ἐστὶν
1634 3730 1663 3780 ὁ

91 3828 290 3898 πατὴρ,
341 3829 375 3879 ὁ
407 3824 650 3887 διάϐολος
685 3823 779 3877 ὢν.
839 3824 976 3876 Ἀλλ’
1011 3825 1155 3886 εἰκός
1185 3839 1306 3876 τινα
1336 3819 1662 3892 προσκόψειν

88 3918 160 3989 τῷ
205 3918 411 3989 ψεῦδος
461 3913 598 3970 εἶναι
643 3916 734 3968 τὸν
779 3915 1139 3987 ἀντίχριστον,
1188 3916 1288 3967 οὐκ
1342 3912 1420 3965 ἔτι
1465 3912 1662 3982 ψεκτὸν

89 4011 367 4080 ἐσσύμενον,
396 4009 493 4062 ἐὰν
524 4011 589 4080 τῇ
637 4009 928 4061 ὑποστάσει
957 4007 1144 4078 ἕτερον
1180 4006 1346 4078 μηδὲν
1373 4004 1565 4074 ψεῦδος
1589 4001 1621 4078 ᾖ
1643 4021 1658 4034 ο

91 4102 219 4171 πρὸς
246 4102 311 4154 ὃν
338 4099 718 4169 παραθέμενος
743 4098 828 4151 τό’
873 4096 1148 4150 Ἀπώλεια
1171 4094 1399 4164 ἐγένου,
1425 4092 1520 4145 καὶ
1550 4095 1663 4159 οὐχ

89 4194 379 4263 ὑπάρξεις
403 4196 488 4258 εὶς
514 4192 618 4246 τὸν
647 4190 847 4253 αἰῶνα,
873 4189 1176 4261 (εἰρημένον
1207 4191 1263 4241 ἐν
1288 4186 1366 4257 τῷ
1407 4182 1664 4256 Ἰεζεκιὴλ

91 4286 209 4358 περὶ
253 4302 412 4348 τινος
463 4284 552 4338 διὰ
593 4283 692 4355 τὴν
734 4283 932 4338 κακίαν
979 4279 1440 4353 μεταϐεϐληκότος
1477 4279 1555 4340 εἰς
1602 4276 1664 4329 τὸ

91 4379 342 4446 γενέσθαι
376 4376 538 4431 αὐτὸν
569 4375 886 4446 άπώλειαν,)
913 4375 1032 4428 καθ’
1075 4371 1366 4442 ὁμοιότητα
1409 4386 1666 4439 παραμυ-

90 4472 221 4544 Θήτῃ
238 4471 360 4541 (24)
378 4471 471 4522 xui.
488 4469 549 4522 τὸ
569 4469 700 4540 ’περὶ⁸
713 4467 804 4522 τοῦ
823 4466 1046 4536 ψεύδους
1060 4465 1160 4518 οὐκ
1179 4460 1313 4518 εἶναι
1329 4478 1450 4516 τινα
1467 4462 1578 4533 (25)
1593 4463 1658 4532 τῇ

1754 623 1948 671 meum,
1976 625 2041 662 an
2093 610 2344 678 quoniam
2389 625 2484 665 vos
2523 627 2588 664 ex
2637 619 2788 680 patre
2825 612 3038 668 diabolo
3067 616 3249 669 estis?

1755 698 1876 767 (pro
1899 714 1964 753 eo
1994 701 2138 767 quod
2183 709 2290 764 est,
2318 715 2383 753 ex
2409 701 2645 755 essentia
2689 701 2914 770 diaboli)
2961 703 3314 759 manifestans

1753 788 1820 840 de
1847 798 2040 841 caetero
2069 798 2311 842 naturam
2342 789 2599 857 ipsorum,
2628 806 2749 845 cum
2784 791 3120 860 prtedixlsset
3173 793 3314 862 ipsos

1756 890 1929 943 neque
1975 876 2242 931 Abraham
2298 894 2420 934 esse
2457 879 2596 935 ﬁlios
2619 922 2634 947 ,
2680 882 2820 936 haud
2859 883 3004 936 enim
3040 885 3164 938 odio
3192 900 3314 952 per-

1755 978 2110 1035 sequerentur
2137 969 2286 1023 illum
2313 986 2328 1035 ;
2385 988 2560 1042 neque
2615 973 2730 1040 Dei,
2763 990 2830 1029 ex
2859 991 2966 1044 quo
2994 992 3100 1031 non
3127 977 3316 1047 dilige-

1755 1062 1883 1116 bant
1923 1061 2092 1116 illum.
2145 1062 2410 1118 Caeterum
2453 1065 2498 1119 si
2552 1066 2709 1131 illud,
2735 1085 2819 1123 vos
2844 1087 2907 1124 ex
2929 1075 3075 1138 patre
3100 1071 3315 1125 diabolo

1754 1154 1899 1217 estis,
1943 1155 2300 1224 exposuisset,
2354 1166 2412 1210 ut
2453 1157 2506 1210 in
2563 1159 2931 1227 superioribus
2969 1163 3316 1229 exposuimus

1758 1256 1880 1306 nos,
1937 1253 1990 1296 et
2036 1243 2265 1300 dixisset
2305 1247 2488 1312 :Quia
2547 1250 2724 1304 adhuc
2775 1266 2842 1304 ex
2890 1252 3104 1308 diabolo
3160 1256 3312 1320 estis,

1757 1350 1862 1388 non
1931 1339 2150 1405 potestis
2216 1339 2402 1394 audire
2459 1353 2763 1397 sermonem
2832 1360 3031 1409 meum,
3071 1348 3319 1404 admisis-

1755 1438 1936 1480 semus
2004 1427 2169 1480 etiam
2239 1427 2380 1482 illius
2435 1433 2836 1489 enarrationem
2880 1452 2898 1500 ;
2942 1451 3088 1492 nunc
3151 1438 3312 1510 333

1755 1524 1932 1569 autem
1975 1526 2158 1586 aperte
2209 1517 2341 1572 dicit
2388 1521 2646 1587 quosdam
2705 1525 2948 1581 homines
3003 1541 3124 1584 esse
3161 1528 3317 1602 [ὁμο-

1753 1606 1986 1678 ουσῐους,
2037 1607 2140 1664 lioc
2191 1609 2305 1682 est]
2349 1610 2592 1680 ejusdem
2656 1617 2966 1673 substantiae
3016 1633 3135 1674 eum
3197 1622 3315 1677 dia-

1756 1698 1900 1763 bolo,
1966 1702 2056 1769 qui
2089 1701 2312 1756 alterius
2371 1713 2455 1759 est
2512 1706 2848 1775 substantiae,
2901 1720 2960 1762 ut
3001 1712 3317 1768 existimant

1758 1790 1898 1845 illius
1918 1792 2081 1845 etiam
2105 1803 2424 1859 sectatores,
2455 1795 2523 1850 ab
2551 1797 2635 1851 bis
2657 1812 2794 1868 quos
2813 1809 3004 1854 vocant
3029 1803 3312 1870 animales,

1691 1867 1729 1922 Β
1761 1881 1841 1934 vel
1871 1882 2200 1949 spirituales.

1830 1974 1915 2028 19.
1964 1973 2061 2028 Vos
2083 1991 2146 2028 ex
2165 1987 2312 2043 patre
2331 1977 2543 2032 diabolo
2572 1980 2719 2044 estis,
2747 1989 2795 2034 et
2843 1981 3105 2037 desideria
3145 1987 3313 2053 patris

1757 2067 1913 2119 res-tri
1944 2067 2098 2120 vultis
2133 2069 2306 2138 facere
2338 2070 2452 2125 θ’θ’.
2502 2071 2800 2140 Ambiguus
2847 2084 2928 2128 est
2974 2086 3261 2133 contextus
3298 2097 3314 2136 :

1759 2155 1780 2227 {
1802 2158 2022 2226 proinde
2050 2176 2262 2229 quoque
2284 2161 2479 2231 duplex
2502 2179 2565 2217 ex
2590 2178 2655 2218 eo
2681 2164 2805 2219 elici
2841 2177 3023 2235 potest
3054 2183 3243 2225 sensus
3263 2169 3314 2243 ;]

1761 2249 1920 2312 alter,
1953 2251 2106 2317 quasi
2139 2250 2387 2305 diabolus
2411 2252 2607 2307 habeat
2641 2261 2872 2320 patrem,
2900 2271 2967 2309 ex
2999 2271 3106 2325 quo
3139 2269 3314 2326 patro,

1757 2350 2016 2408 quantum
2047 2342 2114 2395 ad
2149 2353 2458 2397 contextum
2481 2345 2696 2409 attinet,
2719 2347 3074 2402 ostendantur
3098 2350 3150 2403 bi
3173 2364 3314 2414 esse,

1759 2432 1824 2504 ad
1856 2447 1992 2502 quos
2021 2443 2104 2488 est
2138 2449 2352 2499 sermo;
2385 2435 2544 2501 alter,
2571 2438 2663 2504 qui
2686 2439 2849 2491 etiam
2875 2439 3065 2493 melior
3089 2449 3193 2505 est,
3215 2437 3322 2494 Vos

1757 2537 1824 2578 ex
1854 2524 1959 2579 boe
1985 2535 2138 2595 patre
2159 2528 2312 2591 estis,
2350 2527 2417 2582 de
2441 2543 2551 2595 quo
2574 2529 2898 2596 praedicatur
2935 2533 3192 2588 diabolus.
3223 2532 3319 2586 At-

1758 2629 1864 2684 que
1889 2616 2178 2686 ambiguus
2224 2619 2440 2686 quidem
2481 2620 2696 2675 iuturus
2736 2630 2855 2675 erat
2889 2622 2978 2676 bic
3007 2633 3317 2686 contextus.

1759 2708 1803 2762 si
1835 2707 2024 2775 etiam,
2054 2710 2259 2764 omisso
2305 2711 2480 2777 primo
2519 2711 2748 2766 articulo
2778 2711 3100 2774 roG,dictum
3129 2713 3318 2769 fuisset

1759 2814 1824 2851 ex
1849 2811 2016 2867 putre,
2041 2807 2096 2853 et
2121 2814 2225 2853 non
2255 2815 2321 2854 ea:
2353 2800 2445 2854 illo
2474 2812 2665 2868 patre;
2691 2811 2928 2856 attamen
2957 2805 3199 2872 apertius
3223 2821 3323 2876 ap—

1761 2891 2032 2960 paruisset
2065 2891 2318 2947 voluntas
2353 2903 2664 2948 contextus.
2700 2894 2764 2947 Et
2785 2895 3000 2963 quidem
3027 2897 3119 2965 qui
3161 2897 3316 2951 fave-

1762 2994 1844 3039 ret
1869 2985 2110 3039 credenti
2144 2999 2265 3040 esse
2305 2985 2537 3054 aliquem
2567 2986 2765 3041 diaboli
2797 2999 3027 3055 patrem,
3064 2990 3218 3059 cujus
3249 2991 3315 3044 li-

1762 3076 1862 3132 lios
1886 3077 2136 3131 videatur
2160 3077 2344 3132 dicere
2375 3079 2474 3131 bos
2498 3078 2563 3132 ad
2593 3093 2729 3146 quos
2769 3087 2857 3132 est
2903 3093 3102 3145 sermo,
3137 3081 3319 3137 verbis

1764 3183 1884 3235 quae
1926 3167 2322 3238 subiunguntur
2361 3184 2558 3224 usurus
2598 3179 2682 3223 est
2724 3170 2803 3224 sic
2847 3184 2907 3224 se
2952 3170 3314 3230 habentibus:

1764 3259 1894 3314 Cum
1922 3260 2156 3330 loquitur
2179 3260 2528 3325 mendacium,
2561 3276 2626 3313 ea:
2661 3263 2884 3330 propriis
2916 3261 3166 3331 loquitur,
3184 3282 3319 3334 quo-

1765 3353 1906 3405 niam
1928 3351 2157 3406 mendax
2177 3360 2278 3412 est,
2305 3361 2352 3403 et
2375 3361 2525 3418 pater
2548 3352 2661 3420 ejus
2685 3353 2763 3418 “;
2803 3353 3052 3424 dicetque
3097 3357 3318 3412 menda-

1763 3443 1904 3496 cium
1955 3455 2077 3496 esse
2112 3441 2404 3506 diabolum,
2440 3441 2710 3498 diversum
2758 3457 2887 3498 vero
2937 3446 3004 3500 ab
3057 3447 3161 3500 hoc
3198 3462 3324 3503 esse

1765 3534 2030 3590 mendacii
2055 3544 2261 3604 patrem
2287 3555 2300 3589 :
2335 3536 2428 3588 sed
2457 3551 2560 3590 non
2586 3547 2731 3591 recte
2748 3537 2850 3591 hoc
2870 3539 3170 3605 diceretur;
3197 3556 3320 3594 nam

1766 3628 1936 3697 magis
1987 3628 2275 3682 conveniet
2330 3628 2665 3682 mendacium
2720 3631 2996 3684 contrario
3045 3631 3318 3686 dicentis:

1765 3721 1878 3790 Ego
1905 3737 2024 3775 sum
2053 3721 2240 3774 ueritas
2257 3721 2336 3784 ‘7;
2367 3722 2489 3776 dico
2533 3733 2710 3776 autem
2764 3723 3038 3777 contrario
3093 3724 3322 3793 Christi,

1764 3811 1848 3865 cui
1883 3810 2113 3864 mendax
2145 3820 2231 3865 est
2258 3819 2433 3879 pater,
2475 3814 2567 3879 qni
2595 3811 2841 3865 diabolus
2882 3821 2984 3866 est.
3039 3813 3144 3867 Sed
3191 3830 3334 3869 cono-

1766 3911 2082 3956 sentaneum
2119 3910 2204 3955 est
2243 3901 2475 3969 aliquem
2508 3899 2767 3954 offensum
2792 3900 2882 3962 iri,
2905 3914 2970 3955 eo
2995 3903 3140 3969 quod
3163 3904 3328 3958 dixev

1766 3991 1935 4044 rimus
1957 3990 2346 4045 Antichristum
2375 4002 2495 4044 esse
2525 3988 2892 4052 mendacium,
2915 3989 3318 4059 vituperabilem

1768 4096 1876 4136 non
1903 4080 2140 4151 amplius
2164 4079 2426 4143 futurum,
2473 4080 2516 4132 si
2555 4078 2832 4148 hypostasi
2869 4087 2925 4132 et
2969 4082 3202 4136 essentia
3247 4084 3322 4137 nil

1767 4173 1911 4227 aliud
1939 4173 2009 4227 sit
2034 4171 2412 4236 mendacium;
2445 4179 2634 4224 contra
2662 4183 2819 4238 quem
2847 4185 2968 4225 cum
3005 4172 3249 4228 attuleris
3270 4174 3326 4230 in

1768 4264 2006 4320 medium
2057 4264 2187 4318 illud
2223 4281 2235 4316 :
2279 4261 2515 4316 Perdilio
2553 4262 2726 4330 factus
2771 4279 2862 4329 es,
2901 4273 2949 4318 et
2987 4281 3090 4319 non
3126 4270 3228 4321 eris
3266 4267 3327 4321 in

1765 4357 2015 4412 amulum
2037 4355 2082 4388 ιδ
2105 4355 2269 4425 (quod
2295 4355 2347 4408 in
2363 4353 2649 4410 Ezechiele
2664 4355 2868 4410 dictum
2895 4364 2979 4411 est
3003 4357 3070 4412 de
3091 4360 3324 4427 quodam

1767 4451 1857 4520 qui
1886 4461 2106 4521 propter
2134 4449 2323 4502 vitium
2363 4449 2678 4502 immutatus
2708 4447 2906 4512 fuerat,
2941 4457 3002 4503 ut
3038 4461 3180 4504 esset
3209 4452 3324 4520 ipsa

91 4540 392 4616 ὐτοατάσει
429 4561 496 4614 ἐκ
532 4559 895 4630 κατασκευῆς,
935 4557 1070 4612 ἀλλὰ
1112 4556 1178 4608 ἐκ
1213 4554 1534 4627 μεταϐολῆς,
1575 4554 1657 4606 acati

1772 4543 2048 4612 perditio).
2080 4551 2132 4594 tu
2161 4541 2414 4595 similiter
2447 4540 2608 4596 etiam
2662 4541 2908 4610 proferes
2939 4542 3172 4610 aliquem
3219 4557 3328 4597 non

93 4658 218 4720 ιδίας
269 4654 671 4727 προαιρέσεως,
713 4650 950 4705 τοιοῦτον
990 4649 1046 4702 δὲ
1091 4647 1517 4718 γεγεννημένον,
1567 4644 1660 4697 καὶ

89 4751 273 4814 οὕτως,
306 4750 404 4802 ἵνα
431 4745 633 4809 καινῶς
663 4745 931 4815 ὀνομάσω,
967 4740 1399 4811 πεφυσιωμένον.
1429 4738 1501 4790 Οὐ
1534 4734 1662 4804 φεύ-

90 4859 190 4908 γων
214 4842 335 4911 (26)
364 4839 496 4907 γοῦν
523 4854 608 4900 τις
629 4837 702 4900 ὡς
726 4836 920 4890 ἄτοπον
955 4835 1016 4887 τὸ
1052 4833 1282 4902 φάσκειν
1311 4827 1446 4883 εἶναι
1473 4827 1664 4898 ψεῦδος

90 4934 171 4984 τον
210 4932 591 5001 ἀντίχριστον,
645 4929 760 5000 ἐρεῖ
810 4925 904 4979 καὶ
951 4926 1117 4978 πᾶσιν
1167 4917 1497 4992 ἐφαρμόζειν
1553 4917 1666 4977 τοῖς

1765 4647 1888 4688 esse
1918 4643 2106 4687 natura
2152 4632 2514 4695 mendacium,
2560 4647 2624 4686 ex
2661 4633 2961 4694 creatione,
2990 4633 3082 4687 sed
3112 4648 3180 4687 ex
3208 4649 3328 4686 mu—

1771 4730 1990 4793 latione,
2021 4737 2077 4781 et
2104 4727 2324 4796 proprio
2355 4727 2634 4796 proposito
2674 4726 2838 4780 talem
2885 4723 3083 4777 factum
3133 4723 3322 4785 fuisse.

1766 4828 1822 4872 et
1851 4819 1952 4882 sic,
1985 4828 2044 4872 ut
2077 4833 2212 4872 nove
2237 4818 2435 4878 dicam.
2470 4826 2796 4871 naturatum.
2827 4814 3187 4882 Quamobrem
3212 4827 3325 4870 non

1770 4909 1982 4980 fugiens
2021 4909 2143 4977 quis
2191 4922 2289 4962 ceu
2345 4908 2642 4962 absurdum
2693 4908 2876 4961 dicere
2934 4903 3324 4959 Antichristum

91 4995 445 5096 μυδομέᾴὁὶς
494 5022 588 5074 τό·
641 4995 822 5074 ὀταν
850 5015 1012 5087 ,λαλῇ
1049 5016 1116 5071 τὸ
1161 5013 1407 5084 ψεῦδος,
1442 5010 1511 5064 ἐκ
1547 5005 1657 5061 τῶν

1770 4999 2111 5056 mendacium
2147 5014 2289 5066 esse,
2332 4999 2478 5055 dicet
2516 4997 2770 5053 omnibus
2819 4995 2982 5051 etiam
3027 5007 3328 5062 congruere

152 5188 246 5219 '°“
273 5184 447 5242 Joan.
475 5186 608 5252 ίνιιι,
650 5182 742 5240 44.
817 5181 863 5214 ⁸⁸
899 5181 1030 5235 ibid.
1105 5179 1148 5209 ’⁵⁷
1181 5175 1336 5231 δοεη·
1375 5189 1486 5238 Χινν
1529 5171 1582 5227 6-

1764 5166 1928 5224 '.zech.
1958 5180 2149 5232 xxvut,
2178 5163 2266 5220 19.

153 5346 266 5412 (l9)
306 5344 500 5400 Codex
552 5339 1200 5412 Bodleianus,<pavep&iv-
1243 5339 1460 5408 Regius,
1522 5334 1662 5389 male

87 5432 718 5556 ῗαέὥοῖλμφιϐολοςὴ
743 5482 1095 5556 λέξιςᾷἐᾳτί,
1112 5491 1216 5556 etc.
1249 5479 1511 5556 Ambigua
1539 5487 1664 5532 sunt

89 5549 294 5615 Grieca.
347 5549 565 5625 ἔκίτοῦ
618 5549 822 5625 πατρὸς
851 5553 944 5606 τοῦ
975 5551 1220 5625 διαϐόλου
1247 5549 1404 5625 ἐστέ,
1431 5550 1528 5625 hoc
1558 5559 1661 5625 est,

90 5643 117 5675 α
148 5637 302 5689 patre
332 5624 554 5676 diabolo
576 5618 844 5686 estisfvel,
863 5642 893 5676 ιι
919 5635 1063 5689 patre
1081 5621 1276 5674 diaboli
1309 5620 1452 5672 estis.
1476 5618 1660 5672 Latina

91 5708 264 5768 autem
301 5693 518 5768 nullam
552 5694 754 5768 _baben_t
775 5691 1202 5768 ambiguitatem.
1233 5690 1490 5768 Hostius:
1605 5758 1615 5768 .

157 5765 268 5832 (at)
294 5763 524 5827 οὕτως.
552 5765 710 5818 Deest
734 5764 786 5816 in
810 5760 997 5817 codice
1020 5760 1209 5831 Regio,
1264 5761 1358 5816 sed
1387 5760 1578 5829 legitur
1605 5760 1655 5811 in

95 5833 414 5890 Bodleiano.

387 5924 664 5985 PATROL.
711 5922 829 5984 Gn.
875 5921 1048 5982 XIV.

1840 5329 1952 5400 (22)
1981 5329 2156 5398 Φησι.
2183 5327 2469 5400 Ferrarius
2507 5324 2718 5400 legebat
2746 5324 2929 5394 φήσει.

1839 5392 1951 5468 (⁸2.5)
1993 5392 2268 5460 Ἐἰοαντίῳ
2295 5392 2580 5468 Χριστοῦ,
2596 5394 2658 5459 ᾦ.
2685 5397 2760 5448 Ita
2788 5392 2953 5468 codex
2985 5392 3326 5468 Bodleianus,

1767 5480 1820 5523 et
1847 5462 2090 5560 sic’legit
2115 5462 2430 5531 Ferrarius;
2463 5466 2632 5520 codex
2660 5482 2788 5519 vero
2821 5463 3044 5534 Regius,
3077 5462 3321 5535 ἀντιχρε-

1769 5557 1900 5610 στῳ.
1922 5557 2002 5594 ου.

1839 5612 1953 5677 (24)
1987 5609 2164 5664 Codex
2198 5608 2416 5676 Regius,
2453 5605 2850 5678 παραμυθήσει.

1804 5674 1954 5767 ⁸(ἓ5)
2007 5680 2126 5732 Οὐκ
2190 5674 2341 5730 εἷνᾰί
2394 5674 2546 5735 τινα,
2607 5674 2664 5730 1η
2725 5674 2911 5730 codice
2964 5674 3128 5742 Regio
3174 5674 3328 5728 deest

1764 5769 1950 5893 “li-6)
1983 5819 2064 5873 οὐ
2093 5819 2346 5889 φεύγων.
2370 5820 2427 5876 ln
2452 5819 2639 5877 eodem
2671 5820 2854 5876 codice
2880 5818 3045 5886 Regio
3070 5809 3314 5870 deesth-

3011 5908 3089 5968 20
