4082 6540
620 398 729 457 619

2045 388 2359 448 οιιιοεδιε

624 515 1010 574 mentientibus
1025 512 1130 570 boc
1149 515 1356 570 dictum
1376 530 1393 568 :
1419 513 1551 570 Cum
1574 513 1809 584 loquitur
1828 514 2171 576 mendacium,

2282 509 2444 562 ἰδίων
2490 506 2694 562 λαλεῒο
2746 504 2808 558 τὸ
2848 503 2958 577 γὰρ
2998 504 3057 558 ἐν
3101 504 3321 574 ἐκάστῳ
3351 502 3468 556 τῶν
3503 501 3840 572 ψευδομένων

623 627 688 666 ea:
716 610 942 679 propriis
967 608 1203 679 loquitur
1215 609 1284 663 δ’.
1311 608 1446 664 Cum
1473 607 1616 662 enim
1645 605 2009 668 mendacium,
2035 605 2178 665 quod

623 705 678 760 in
703 702 930 774 singulis
955 700 1340 757 mentientibus
1371 699 1529 765 inest,
1564 697 1820 767 loquitur,
1848 712 1914 751 ex
1942 695 2179 766 propriis

623 793 920 852 mendaciis
938 794 1194 865 loquitur.
1207 792 1346 859 Quin
1375 793 1535 848 etiam
1568 790 1616 845 si
1647 793 1760 845 haec
1786 788 1950 844 verba
1981 805 1996 841 :
2035 787 2178 842 Hen-

623 888 732 942 daa:
763 896 860 952 est,
885 895 935 941 et
962 896 1111 955 pater
1135 885 1247 954 ejus
1272 884 1338 949 ⁸⁸,
1375 897 1442 939 eo
1479 883 1706 946 referas,
1733 890 1793 934 ut
1820 893 2180 949 unumquem-

624 997 728 1052 que
757 981 1122 1052 proferentem
1152 977 1494 1032 mendacium
1523 991 1588 1030 ex
1617 989 1716 1029 suo
1742 974 1910 1043 ipsius
1939 986 2055 1038 ore,
2095 970 2178 1024 di-

623 1089 715 1128 cas
747 1087 867 1128 esse
893 1081 1102 1140 patrem
1127 1068 1244 1136 ejus
1268 1067 1530 1122 mendacii
1583 1066 1725 1137 quod
1765 1064 2026 1134 loquitur,
2077 1061 2178 1116 bu-

622 1164 850 1231 iusmodi
875 1176 1006 1217 sane
1033 1160 1324 1230 assignatio
1353 1158 1584 1214 absurda
1623 1173 1726 1212 non
1754 1157 1896 1212 erit.’
1909 1155 2013 1210 Sed
2033 1154 2176 1210 dicta

625 1259 736 1310 haec
766 1253 928 1325 335
955 1261 1115 1306 sunto
1151 1251 1311 1304 veluti
1342 1248 1641 1320 adiacentia
1679 1246 2018 1317 amphiboliae
2045 1262 2177 1303 cou-

624 1356 803 1402 lextus
840 1345 995 1399 nobis
1025 1341 1278 1409 expositi.

685 1435 774 1490 20.
803 1433 1076 1506 [Sequitur
1098 1435 1231 1506 (26‘)
1251 1453 1265 1488 :
1285 1435 1353 1489 Et
1373 1435 1634 1490 desideria
1657 1438 1825 1504 patris
1844 1437 2004 1492 uestri
2021 1435 2178 1491 uultis

620 1526 790 1594 facere
818 1524 910 1596 ¹¹.]
937 1526 1263 1580 Enarrantes
1303 1525 1393 1579 illa
1424 1525 1587 1580 verba
1615 1541 1630 1578 :
1665 1521 1766 1579 Vos
1808 1524 1986 1594 facitis
2021 1541 2178 1596 Opera

617 1618 784 1683 putris
810 1617 971 1672 vestri
989 1618 1058 1682 υ,
1088 1617 1472 1672 antevertimus
1495 1617 1654 1672 etiam
1679 1616 1734 1671 in
1764 1618 1864 1672 bos
1889 1617 2176 1686 disserere,

621 1708 930 1779 frequenter
974 1709 1172 1779 alioqui
1211 1709 1522 1780 colligentes
1561 1724 1681 1779 qua:
1706 1709 1863 1766 nobis
1892 1710 2042 1765 utilia
2064 1711 2176 1766 visa

621 1800 835 1854 fuerant
877 1800 944 1855 ad
987 1801 1412 1866 enarrationem;
1443 1799 1667 1869 proinde
1692 1800 1808 1855 sine
1846 1815 2007 1855 causa
2032 1815 2178 1856 nunc

620 1891 722 1943 hoc
753 1888 808 1943 in
839 1887 961 1944 loco
992 1903 1098 1943 non
1129 1888 1567 1946 immorabimur.
1604 1889 1758 1958 Quod
1787 1891 1832 1946 si
1865 1891 1987 1960 quis
2023 1900 2175 1947 ortus

619 1981 785 2036 fuerit
813 1996 880 2036 ex
907 1980 1148 2045 diabolo,
1176 1995 1242 2036 eo
1267 1981 1410 2051 quod
1440 1982 1752 2037 committat
1782 1991 2084 2053 peccatum,
2119 1993 2175 2038 et

615 2072 852 2128 bunc'ab
880 2072 970 2127 illo
1008 2081 1186 2127 ortum
1221 2087 1328 2127 non
1359 2073 1678 2138 aboleverit,
1714 2075 1806 2130 hic
1837 2089 1943 2129 non
1984 2089 2172 2141 unum,

612 2163 705 2218 sed
731 2162 885 2232 plura
917 2163 1185 2219 desideria
1219 2163 1345 2218 talis
1365 2164 1537 2234 patris
1566 2165 1682 2219 vult
1701 2165 1916 2232 facere;
1941 2181 2174 2237 cumque

612 2251 876 2307 desideria
900 2267 1019 2322 qua:
1044 2260 1169 2308 sunt
1200 2252 1252 2306 in
1273 2253 1526 2309 omnibus
1551 2253 1675 2310 filiis
1703 2255 1920 2320 diaboli,
1947 2272 2174 2312 nascan-

612 2351 747 2396 tura
765 2343 1046 2398 desideriis
1074 2358 1193 2414 qua:
1217 2352 1344 2398 sunt
1365 2344 1419 2398 in
1453 2344 1690 2410 diabolo,
1716 2347 2059 2416 perspicuum
2091 2357 2173 2405 est

611 2435 877 2491 desideria
923 2435 1066 2490 illius
1105 2449 1228 2490 esse
1272 2433 1613 2504 prudentiam
1664 2438 1910 2492 materia:
1951 2447 2005 2494 et
2045 2453 2172 2498 cor-

612 2528 905 2598 ruptionis,
923 2541 1058 2596 quas
1086 2527 1306 2596 proprie
1334 2525 1581 2582 inimicas
1606 2527 1804 2583 dixerit
1833 2527 2028 2599 aliquis
2051 2545 2174 2587 esse

611 2619 869 2674 adversus
897 2617 1086 2673 Deum.
1116 2617 1294 2686 Atque
1319 2617 1493 2672 cedes
1515 2617 1753 2688 quidem,
1774 2628 1831 2674 et
1861 2620 2169 2690 injustitias,

609 2720 666 2766 et
695 2708 996 2772 avaritiam,
1026 2710 1070 2762 si
1103 2708 1227 2777 quis
1253 2708 1399 2763 dicat
1422 2708 1566 2763 illius
1584 2722 1705 2764 esse
1725 2709 2018 2778 desideria,
2051 2727 2173 2781 quas

607 2810 870 2874 generent
899 2800 1165 2856 desideria
1189 2801 1276 2856 bis
1303 2801 1500 2857 similia
1536 2802 1590 2858 in
1614 2802 1740 2860 filiis
1766 2803 1906 2873 ejus,
1929 2820 2036 2861 non
2061 2807 2174 2862 dis-

606 2901 865 2948 sentanea
912 2891 1186 2963 loquitur;
1223 2903 1388 2960 atque
1432 2893 1596 2952 etiam
1630 2895 1957 2965 generaliter
1987 2897 2173 2956 dicere

607 2983 1002 3048 immunditias,
1035 2991 1245 3038 natura:
1283 2982 1358 3037 illi
1392 2982 1696 3054 purissimae
1723 2987 2026 3042 contrarias
2069 3002 2169 3043 ex-

605 3076 885 3138 sistentes,
927 3086 1054 3128 esse
1085 3071 1229 3126 illius
1271 3071 1560 3137 desideria,
1593 3086 1622 3125 a
1665 3075 1863 3142 quibus
1895 3076 2168 3132 desideria

607 3167 993 3238 ingenerentur
1039 3164 1236 3220 diaboli
1283 3163 1410 3220 ﬁliis
1451 3165 1518 3219 ad
1568 3179 1656 3220 res
1696 3165 2018 3235 immundae,
2063 3185 2166 3226 non

606 3265 830 3328 gravate
861 3255 1255 3310 admittendum
1284 3263 1401 3318 est;
1433 3253 1617 3310 dicere
1650 3257 1814 3310 etiam
1842 3257 2168 3315 fornicatio-

606 3365 754 3416 nem,
780 3347 868 3403 vel
893 3348 1239 3413 adulterium,
1271 3346 1354 3401 vel
1378 3362 1616 3405 amorem
1641 3349 1931 3406 obscenum
1955 3352 2012 3408 in
2042 3369 2172 3425 pue-

605 3457 720 3507 ros,
748 3439 832 3496 vel
854 3438 1158 3503 mollitiem,
1186 3453 1310 3495 esse
1331 3440 1470 3496 illius
1496 3441 1844 3510 desiderium,
1870 3443 2025 3500 facile
2045 3448 2168 3516 quis

607 3534 772 3587 etiam
803 3531 1098 3586 admiserit.
1123 3528 1276 3597 Quod
1302 3531 1346 3586 si
1370 3531 1578 3586 dubitet
1603 3531 1726 3602 quis
1747 3548 1978 3606 quonam
2013 3546 2170 3606 pacto

611 3627 727 3680 base
775 3623 1042 3679 desideria
1084 3625 1137 3678 in
1189 3623 1499 3680 hominibus
1545 3626 1795 3682 oriantur
1823 3641 1853 3681 a
1885 3628 2168 3687 desideriis

609 3728 732 3786 quae
753 3723 882 3770 sunt
907 3715 958 3769 in
991 3713 1104 3777 illo,
1151 3722 1411 3778 quantum
1453 3715 1522 3768 ad
1565 3716 1729 3770 verba
1757 3716 1969 3782 attinet,
2001 3720 2164 3775 veluti

607 3807 864 3879 quiddam
888 3805 1189 3862 universale
1208 3803 1468 3862 doceatur
1482 3806 1547 3861 de
1575 3806 1855 3862 desideriis
1883 3824 2004 3879 qua:
2039 3820 2168 3866 sunt

605 3900 663 3957 in
693 3897 1019 3968 hominibus,
1047 3898 1190 3970 quod
1220 3897 1391 3954 velint
1410 3899 1659 3954 homines
1688 3899 1952 3955 desideria
1997 3903 2167 3973 patris

605 3994 691 4050 sui
716 3994 916 4061 facere,
933 3992 1059 4063 quia
1082 3993 1261 4048 omnia
1284 4007 1404 4062 quae
1427 3993 1816 4070 praeteriegem
1835 3993 2164 4065 desiderant,

604 4097 766 4142 antea
803 4083 1000 4141 fuerint
1029 4085 1353 4140 desiderium
1390 4085 1561 4154 patris
1588 4088 1671 4140 sui
1722 4085 1854 4157 (tale
1895 4087 2040 4142 enim
2080 4097 2169 4144 est

603 4180 747 4248 quod
773 4177 1010 4233 dicitur:
1039 4173 1107 4230 Et
1129 4176 1388 4231 desideria
1407 4177 1575 4244 patris
1591 4178 1747 4231 uestri
1768 4178 1923 4232 uultis
1945 4179 2165 4249 facere),

606 4271 672 4323 ad
704 4270 819 4323 haec
841 4267 1128 4322 dicendum
1163 4275 1248 4321 est
1283 4266 1554 4321 diabolum
1605 4267 1919 4325 desiderare
1951 4280 2011 4324 ut
2045 4285 2168 4328 cor-

605 4364 910 4424 rumpatur,
941 4354 1089 4409 verbi
1137 4354 1331 4424 gratia,
1379 4353 1467 4412 hic
1510 4370 1665 4426 puer,
1707 4357 1797 4413 illa
1841 4358 2164 4415 adulterium

603 4447 926 4510 committat,
955 4444 1010 4499 bi
1040 4443 1418 4513 fornicentur;
1458 4456 1514 4501 et
1543 4449 1656 4503 haec
1684 4449 2041 4505 desiderando
2084 4451 2168 4506 in-

2281 600 2472 671 ψεῦδος
2500 599 2637 653 ἐπὰν
2664 598 2822 670 λαλῇ,
2860 599 2925 651 ἐκ
2952 597 3059 651 τῶν
3096 597 3244 649 ἰδίων
3269 595 3364 648 τοῦ
3404 594 3638 664 ψεύδους
3675 593 3836 646 λαλεῖ.

2295 693 2453 747 Ἀλλά
2481 694 2575 746 καὶ
2601 691 2692 744 τό·
2733 691 3010 757 Ψεύστης
3038 689 3210 742 ἐστὶν
3242 691 3275 741 d
3314 687 3514 754 πατὴρ
3543 685 3747 745 αὐτοῦ,
3777 685 3839 736 ἂν

2283 787 2480 859 ἐνέγκῃ
2507 785 2615 855 (27)
2642 784 2734 836 sui.
2766 782 2827 835 τὸ
2856 783 3084 836 ἕκαστον
3106 781 3197 834 τὸν
3225 778 3636 850 προφερόμενον
3659 775 3840 843 ψεΜ

2283 881 2347 932 ἐκ
2372 879 2635 947 στόματος
2674 874 2866 928 ἐαυτοῦ
2915 873 3125 944 πατέρα
3156 868 3296 925 εἶναι
3321 864 3385 923 οὗ
3413 869 3568 922 λαλεῖ
3601 867 3837 936 ψεύδους,

2281 973 2376 1026 καὶ
2402 973 2502 1026 οὐκ
2542 969 2800 1034 ἀπίθανός
2835 985 2895 1021 τε
2933 968 3085 1020 ἔσται
3113 967 3146 1034 ἡ
3170 964 3396 1034 τοιαύτη
3428 961 3709 1022 ἀπόδοσις.
3739 960 3841 1011 Καὶ

2281 1062 2451 1117 ταῦτα
2489 1061 2585 1133 μὲν
2616 1060 2692 1123 ὼς
2721 1057 3101 1132 παρακείμενα
3132 1059 3200 1126 τῇ
3225 1053 3527 1125 ἀμφιϐολία
3545 1049 3644 1104 τοῦ
3671 1052 3838 1103 ἐκκειο

2285 1155 2443 1226 μένου
2467 1155 2600 1224 ἡμῖν
2629 1150 2791 1223 ῥητοῦ
2823 1149 2935 1220 (28)
2960 1147 3217 1220 εἰρήσθω.

2346 1424 2439 1480 20.
2481 1423 2633 1479 Ἐπεὶ
2674 1423 2733 1478 δέ
2779 1420 3124 1493 διηγούμενοι
3153 1421 3246 1474 τόο
3298 1419 3485 1489 Ὑμεῖς
3530 1417 3752 1472 ποιεῖτε
3775 1418 3839 1470 τὰ

2278 1512 2421 1582 ἔργα
2451 1512 2558 1566 τοῦ
2586 1511 2806 1578 πατρὸς
2845 1509 3033 1580 ὑμῶν,
3068 1497 3427 1580 προλαϐόντες
3449 1508 3549 1561 καὶ
3577 1510 3661 1571 είς
3697 1506 3841 1560 τοῦτο

2279 1605 2596 1675 εἰρήκαμεν,
2644 1601 2968 1671 πολλαχόθεν
3021 1601 3090 1655 τά
3139 1600 3379 1670 φανέντα
3423 1601 3562 1670 ἡμῖν
3618 1601 3700 1662 εἰς
3748 1599 3838 1668 τὴν

2278 1697 2527 1768 διήγησιν
2569 1695 2815 1767 χρήσιμα
2857 1692 3272 1761 συναγαγόντες,
3317 1691 3419 1744 οὐκ
3471 1690 3713 1758 εὐλόγως
3753 1689 3836 1743 νῦν

2279 1789 2768 1861 προσδιατρίψομεν
2793 1786 2872 1858 τῷ
2893 1787 3062 1859 τόπῳ.
3091 1787 3236 1858 Πλὴν
3264 1786 3319 1838 el
3335 1804 3419 1850 τις
3446 1784 3529 1856 τῷ
3559 1787 3733 1837 ποιεῖν
3750 1784 3838 1855 τὴν

2204 1873 2248 1929 Β
2277 1881 2545 1954 ἁμαρτίαν
2573 1884 2638 1935 ἐκ
2663 1881 2756 1934 τοῦ
2783 1879 3026 1934 διαϐόλου
3049 1879 3389 1950 γεγέννηται,
3417 1879 3514 1931 καὶ
3541 1876 3619 1948 μὴ
3649 1877 3840 1946 κατήρ-

2273 1991 2409 2046 γησε
2443 1974 2541 2046 τὴν
2581 1975 2678 2028 ἀπ’
2719 1973 2929 2027 ἐκείνου
2975 1972 3188 2042 γένεσιν
3224 1973 3285 2037 ἐξ
3324 1969 3547 2034 ἐαυτοῦ,
3595 1963 3748 2031 οὗτος
3783 1968 3838 2022 οὐ

2275 2069 2427 2139 μίαν,
2458 2067 2595 2121 ἀλλὰ
2623 2066 2873 2130 πλείονας
2915 2064 3206 2136 ἐπιθυμίας
3239 2065 3334 2118 τοῦ
3366 2062 3620 2118 τοιούτου
3646 2060 3838 2134 πατρὸς

2272 2159 2446 2211 ποιεῖν
2468 2155 2662 2218 ἐθέλει,
2690 2155 2786 2209 καὶ
2822 2154 2933 2208 τῶν
2966 2156 3024 2207 ἐν
3052 2153 3214 2207 παντὶ
3245 2151 3346 2224 υἱῷ
3373 2151 3631 2206 διαϐόλου
3664 2149 3838 2203 ἐπιθυ-

2275 2247 2412 2320 μιῶν
2433 2246 2542 2301 ἀπὺ
2567 2246 2676 2300 τῶν
2700 2248 2757 2301 ἐν
2779 2245 2857 2316 τῷ
2881 2245 3106 2316 διαϐόλῳ
3127 2243 3432 2316 ἐπιθυμιῶν
3467 2244 3839 2316 γεννωμένων,

2274 2340 2464 2411 σαφὲς,
2493 2341 2577 2394 δτι
2622 2341 2682 2393 ai
2719 2339 2929 2393 ἐκείνου
2965 2339 3250 2410 ἐπιθυμίαι
3289 2337 3551 2411 φρόνημα
3580 2337 3715 2409 ῦλης
3740 2337 3841 2390 εἰσὶ

2271 2434 2364 2489 καὶ⁵
2387 2433 2611 2506 φθορᾶς,
2639 2433 2707 2498 ἀς
2730 2431 2935 2505 κυρίως
2957 2431 3154 2503 ἔχθρας
3177 2433 3316 2484 εῐποι
3337 2447 3423 2494 τις
3444 2431 3514 2484 ἀν
3543 2425 3687 2484 εἶναι
3712 2430 3840 2501 πρὸς

2271 2525 2424 2579 Θεόν.
2453 2525 2650 2590 Φόνους
2693 2525 2791 2596 μέν
2841 2520 2936 2578 οὖν
2974 2524 3070 2578 καὶ
3115 2522 3347 2589 ἀδικίας,
3384 2523 3483 2578 καὶ
3535 2522 3843 2587 πλεονεξίας

2272 2617 2498 2687 φάσκειν
2523 2616 2632 2687 (Ξ9)
2661 2611 2800 2670 εἶναι
2825 2615 2924 2679 τὰς
2956 2614 3163 2669 ἐκείνου
3206 2614 3529 2686 ἐπιθυμίας,
3571 2613 3842 2684 γεννώσας

2272 2711 2330 2764 ἐν
2363 2710 2496 2772 υῑοίς
2535 2707 2698 2762 αὐτοῦ
2737 2706 3122 2779 παραπλησίας
3145 2704 3370 2768 ταύταις
3398 2705 3722 2776 ἐπιθυμίας,
3747 2707 3844 2759 οὐκ

2271 2801 2621 2872 ἀπἐμφαίνει,
2646 2801 2782 2855 ἀλλά
2809 2800 2906 2854 καὶ
2941 2798 3174 2868 γενικῶς
3203 2797 3553 2875 ἀκαθαρσίας
3577 2803 3645 2870 τῇ
3688 2799 3843 2869 φύσει

2271 2893 2517 2958 ἐναντίας
2542 2893 2916 2963 τυγχανούσας
2941 2895 3007 2963 τῇ
3031 2891 3359 2963 καθαρότητι
3380 2891 3564 2960 λέγειν
3592 2889 3729 2946 εἶναι
3746 2893 3845 2957 τὰς

2270 2985 2480 3037 ἐκείνου
2506 2983 2820 3056 ἐπιθυμίας,
2846 2985 2937 3054 ἀφ’
2964 2977 3039 3039 ὧν
3069 2987 3126 3038 αί
3152 2984 3287 3056 πρὸς
3313 2983 3383 3036 τὰ
3404 2983 3700 3056 ἀκάθαρτα
3728 2985 3845 3036 ἐπι-

2270 3077 2459 3148 θυμίαι
2491 3076 2730 3146 γίνονται
2770 3076 2979 3140 τέκνοις
3007 3075 3104 3130 τοῦ
3145 3076 3418 3144 διαϐόλου,
3469 3078 3532 3130 οὐ
3566 3077 3846 3149 δυσπαράο

2270 3167 2458 3222 δεκτόν
2480 3168 2596 3220 ἐστι
2618 3167 2761 3220 τόδε·
2791 3168 2885 3221 καὶ
2916 3167 3168 3239 πορνείαν
3196 3167 3374 3238 λέγειν
3403 3163 3547 3222 εἶναι
3581 3170 3684 3241 τὴν
3713 3169 3846 3222 ἐκείο

2270 3276 2362 3314 νου
2391 3257 2704 3330 ἐπιθυμίαν,
2735 3259 2770 3331 ἢ
2806 3260 3072 3330 μοιχείαν,
3097 3259 3130 3331 ἢ
3173 3259 3589 3331 παιδοφθορίαν,
3617 3261 3652 3332 ἢ
3679 3260 3844 3332 μαλα-

2267 3351 2392 3406 κίαν
2404 3351 2534 3421 (50),
2550 3352 2651 3405 οὐκ
2675 3351 2914 3423 εὐχερῶς
2936 3351 3002 3406 ἀν
3014 3369 3097 3415 τις
3117 3352 3490 3423 παραδέξοιτο.
3514 3353 3635 3406 Κάν
3666 3355 3843 3425 ἀπορῇ

2267 3442 2385 3507 πῶς
2415 3443 2473 3498 αἱ
2510 3442 2795 3514 ἐπιθυμίαι
2838 3439 2999 3498 αὗται
3040 3444 3099 3498 ἐν
3130 3443 3442 3517 ἀνθρώποις
3493 3443 3605 3497 ἀπὸ
3647 3443 3757 3497 τῶν
3787 3447 3844 3496 ἐν

2267 3530 2457 3602 ἐκείνῳ
2481 3529 2720 3599 γίνονται
2743 3531 3066 3603 ἐπιθυμιῶν,
3095 3533 3218 3586 ὅσον
3243 3535 3336 3586 ἐπὶ
3361 3538 3430 3607 τῇ
3469 3534 3641 3600 λέξει,
3682 3536 3845 3588 οἱονεὶ

2265 3622 2552 3677 καθολικοῦ
2567 3640 2710 3688 τινος
2728 3625 3132 3696 παρισταμένου
3151 3625 3261 3696 (5|)
3279 3627 3409 3697 περὶ
3427 3627 3540 3680 τῶν
3563 3629 3623 3680 ἐν
3639 3627 3846 3700 ἀνθρὼ-

2266 3731 2389 3778 ποις
2417 3713 2737 3785 ἐπιθυμιῶν,
2783 3716 2860 3780 ὡς
2901 3717 3010 3788 ἄρα
3051 3716 3294 3770 θέλουσιν
3339 3719 3390 3771 oi
3434 3718 3722 3791 ἄνθρωποι
3745 3721 3843 3784 τὰς

2267 3804 2561 3876 ἐπιθυμίας
2594 3805 2686 3860 τοῦ
2725 3807 2931 3879 πατρὸς
2961 3808 3141 3863 αὐτῶν
3185 3813 3377 3875 ποιεῖν,
3409 3810 3556 3864 ὥστε
3589 3813 3771 3867 πάντα
3807 3813 3844 3867 ἃ

2265 3899 2589 3971 ἐπιθυμοῦσι
2609 3899 2957 3972 παρανόμως,
2983 3901 3244 3973 πρότερον
3273 3903 3572 3975 ἐπιθυμίας
3593 3902 3736 3960 εἷναι
3751 3905 3844 3960 τοῦ

2266 3987 2473 4059 πατρὸς
2500 3987 2708 4042 αὐτῶνο
2741 3989 2980 4045 τοιοῦτον
3014 3991 3122 4062 γάρ
3153 3992 3268 4046 ἐστι
3314 3993 3396 4047 τό·
3433 3995 3546 4049 Kal
3580 3997 3694 4063 τὰς
3720 3999 3846 4052 ἐει-

2265 4079 2480 4148 θυμιας
2510 4079 2616 4134 τοῦ
2657 4080 2881 4150 πατρὸς
2906 4080 3073 4152 ὑμῶν
3111 4083 3313 4139 θέλετε
3351 4086 3550 4141 ποιεῖν
3567 4104 3586 4119 ο
3627 4088 3846 4144 λεκτέον

2263 4173 2322 4228 δέ
2361 4173 2497 4245 πρὸς
2539 4173 2732 4239 ταῦτα,
2775 4175 2858 4229 ὅτι
2899 4178 2927 4229 ὁ
2973 4175 3217 4242 διάϐολος
3265 4177 3530 4250 ἐπιθυμεῖ
3569 4182 3844 4255 φθαρῆναι

2263 4264 2435 4330 τόνδε,
2472 4264 2605 4337 φέρε
2629 4267 2824 4332 εἰπεῖν,
2839 4267 2933 4322 τὸν
2953 4268 3138 4333 παῖδα,
3159 4269 3256 4324 καὶ
3277 4271 3639 4343 μοιχευθῆναι
3659 4275 3844 4345 τήνδε,

2265 4359 2359 4411 καὶ
2380 4356 2673 4430 πορνεῦσαι
2704 4359 2913 4428 τούσδε,
2947 4362 3044 4416 καὶ
3074 4362 3278 4416 τούτων
3313 4363 3604 4436 ἐπιθυμῶν
3627 4368 3850 4438 ἐμποιεῖ

2263 4452 2377 4512 τοῖς
2416 4450 2732 4522 δυναμένοις
2759 4452 2908 4524 αὐτῷ
2939 4454 3383 4528 ὑπηρετήσασθαι
3420 4457 3723 4530 ἐπιθυμίαν
3749 4461 3845 4514 τοῦ

603 4552 865 4608 generare
896 4537 982 4592 bis
1005 4538 1097 4608 qui
1129 4536 1311 4593 valent
1348 4537 1426 4592 illi
1458 4540 1706 4610 obsequi,
1730 4542 2055 4599 desiderium
2089 4543 2166 4599 fa-

2270 4539 2508 4610 ποιῆσαι,
2548 4541 2693 4614 ἅπερ
2725 4545 2928 4608 ἐκεῖνος
2967 4547 3258 4618 ἐνεργῆσαι
3301 4547 3582 4618 βούλεται’
3611 4552 3748 4607 ὥστ’
3781 4555 3849 4610 ἂν

603 4629 780 4685 ciendi
827 4640 947 4698 quae
975 4627 1065 4683 ille
1109 4629 1295 4699 cupiat
1335 4629 1513 4688 eﬂici:
1555 4639 1616 4685 ut
1647 4631 1748 4686 bac
1776 4633 1994 4689 ratione
2023 4635 2169 4691 dicat

602 4724 799 4795 aliquis
823 4721 1099 4776 diabolum
1127 4723 1561 4778 committentem
1603 4722 2044 4791 fornicationem,
2072 4736 2168 4782 aut

602 4816 949 4879 adulterium,
1003 4815 1158 4886 prius
1214 4813 1473 4869 fornicari
1529 4825 1588 4870 et
1632 4816 1784 4886 prius
1836 4817 2164 4874 adulterium

602 4910 941 4964 committere
972 4923 1136 4978 quam
1164 4908 1457 4966 hominem.
1500 4905 1648 4963 idem
1688 4908 1854 4963 etiam
1902 4908 2052 4966 dices
2099 4911 2168 4966 de

603 5001 746 5054 omni
775 5008 1037 5068 peccato:
1074 4999 1223 5054 verbi
1246 4999 1441 5069 gratia,
1476 4997 1719 5054 diabolus
1747 5008 2029 5069 argentum
2060 5016 2165 5056 nou

603 5089 894 5150 desiderat,
926 5097 982 5140 at
1003 5098 1148 5142 amat
1165 5089 1374 5158 argenti
1403 5089 1627 5160 cupidos
1653 5085 1850 5152 facere,
1877 5087 2166 5160 facereque

605 5180 853 5235 homines
908 5193 1087 5234 rerum
1133 5181 1496 5237 materialium
1537 5179 1823 5237 affectibus
1850 5183 2114 5239 obnoxios
2148 5200 2163 5237 :

712 5321 758 5352 δ’
784 5319 942 5378 «ιοοη.
980 5335 1107 5388 vltt,
1142 5320 1234 5377 44.
1308 5322 1355 5356 ⁵⁸
1386 5323 1521 5380 ibid.
1595 5322 1640 5355 "
1661 5321 1796 5381 ibid.
1866 5322 1915 5355 ⁸’
1941 5324 2072 5380 ibid.
2102 5323 2193 5381 41.

683 5458 817 5538 (39:)
831 5435 1079 5538 pncinis
1087 5460 1290 5538 inclusa
1310 5463 1363 5519 in
1385 5465 1571 5523 Graeco
1595 5482 1704 5538 non
1723 5465 1992 5538 leguntur.
2015 5468 2165 5526 Εοιτ.

613 5529 797 5652 avg?
811 5527 1008 5652 gods:
1041 5529 1377 5601 Bodleianus,
1409 5546 1574 5604 recte,
1603 5537 1668 5591 ἂν
1694 5527 1924 5610 ἐνέγκτγ
1949 5538 2166 5611 Regius,

622 5736 626 5737 ί
686 5615 808 5737 (εὸἶ
827 5640 1008 5726 Codex
1046 5670 1396 5737 Bodleianus.
1438 5678 1674 5737 Optime.
1722 5678 1919 5737 ῥητοῦο
1950 5679 2166 5737 Retzius.

618 5736 631 5752 ο
686 5667 798 5753 (ιβ)
827 5667 1008 5753 codex
1032 5670 1396 5753 .Bodleianus,
1438 5678 1640 5748 optime
1659 5719 1674 5744 ,
1721 5678 1884 5751 ῥητοῦ
1904 5696 1919 5712 ο
1950 5679 2169 5753 Regius,

616 5738 841 5805 insulse,
878 5741 942 5793 ἐκ
967 5741 1082 5798 τοῦ.

689 5809 800 5882 (29)
826 5809 1008 5869 Codex
1035 5812 1372 5884 Bodleianus,
1399 5817 1645 5886 φάσκειν*
1670 5817 1888 5891 Regius,
1922 5820 2123 5892 φάσκῃ.

2268 4633 2409 4687 κατά
2432 4634 2587 4688 τοῦτο
2613 4636 2703 4689 τὸν
2736 4636 3058 4708 ἐνεργοῦντα
3099 4640 3200 4712 τὴν
3231 4642 3509 4712 πορνείαν,
3536 4643 3569 4714 ἢ
3599 4645 3702 4719 τὴν
3730 4665 3848 4718 μοι·

2267 4727 2418 4798 χείαν
2449 4729 2709 4800 πρότερον
2750 4729 2926 4799 λέγειν
2964 4731 3057 4785 τοῦ
3094 4733 3380 4805 ἀνθρώπου
3419 4738 3714 4808 πορνεύειν
3754 4743 3848 4795 καὶ

2272 4817 2563 4888 μοιχεύειν.
2590 4819 2663 4873 Τὸ
2687 4821 2730 4874 δ’
2752 4822 2883 4875 αὐτὸ
2906 4824 2999 4877 καὶ
3021 4824 3148 4894 περὶ¹
3169 4825 3350 4897 πάσης
3371 4827 3651 4901 ἁμαρτίας
3672 4833 3846 4903 ἐρεῖςο

2265 4905 2379 4964 οἷον
2419 4911 2662 4977 διάϐολος
2700 4915 2976 4987 ἀργυρίων
3005 4916 3103 4987 μὲν
3138 4918 3239 4970 οὐκ
3267 4919 3543 4990 ἐπιθυμεῖ,
3580 4923 3851 4994 ἐπιθυμεῖ

2268 5001 2326 5056 δὲ
2351 5003 2711 5077 φιλαργύρους
2734 5009 2952 5078 ποιῆσαι
2969 5025 2985 5039 ο
3019 5009 3115 5061 καὶ
3137 5009 3471 5081 προσπαθεῖς
3495 5015 3609 5077 τοῖς
3636 5014 3851 5080 dilucet;

2271 5097 2587 5168 πράγμασν
2631 5098 2830 5169 ταύτην
2870 5100 2926 5154 δέ
2971 5100 3070 5172 τὴν
3111 5102 3405 5174 ἐπιθυμίαν
3427 5103 3593 5158 αὑτοῦ
3623 5105 3853 5163 θέλουσι

2272 5191 2445 5242 ποιεῖν
2476 5190 2525 5244 oi
2547 5191 2648 5244 οὐκ
2685 5189 2858 5256 ἄλλως
2891 5190 2926 5262 ἢ
2964 5190 3043 5263 τῷ
3070 5190 3245 5248 θέλειν
3283 5193 3563 5264 φιλοῦντες
3581 5197 3646 5252 τὸ
3667 5201 3856 5273 ἀργύ-

2341 5461 2456 5530 (30)
2484 5463 2661 5537 codex
2690 5463 3032 5537 Bodleianus,
3071 5462 3361 5537 μαλακίαν·
3395 5464 3626 5537 Regius,
3665 5470 3856 5537 μαλε-

2269 5533 2645 5614 temnamus
2673 5549 2770 5614 pro
2797 5533 3181 5614 oOxJedxsptb;
3225 5535 3508 5614 legendum
3544 5537 3606 5590 οὑ
3642 5533 3856 5614 δυσχε-

2271 5602 2400 5674 ρῶς,
2429 5604 2511 5674 vel
2543 5602 2766 5659 delenda
2802 5602 3060 5674 particula
3075 5602 3329 5671 'uegativa
3356 5605 3478 5659 οὐκ.

2339 5672 2449 5746 (3i)
2471 5675 2661 5746 οἱονεί
2685 5673 3006 5746 καθολικοῦ
3022 5743 3033 5746 Δ
3050 5676 3715 5746 τινος-παρισταμένου.
3743 5679 3856 5736 Pe-

2270 5742 2476 5800 rio'nius
2501 5744 2616 5799 hinc
2648 5745 2808 5799 verba
2839 5744 2921 5801 sic
2944 5743 3140 5811 reddit,
3187 5742 3256 5799 Ut
3289 5746 3338 5800 si
3381 5742 3683 5804 catholicus
3747 5752 3859 5805 ati-

2267 5816 2383 5882 quis
2409 5814 2617 5871 doceret
2645 5815 2732 5882 de,
2764 5822 2869 5871 etc.
