3804 6540
76 376 184 434 σει

1151 384 1505 441 COMMENT.
1544 386 1607 440 IN
1640 385 1832 444 ιοΑΝ.
1860 387 2096 444 τοιιυε
2128 390 2246 446 XX.

3213 385 3319 442 69.1

77 512 218 568 ρισυ.
249 495 452 568 Διόπερ
474 496 766 564 ἀναγκαῖόν
796 499 941 551 ἐστιν
969 498 1274 569 ἐφιστάνειν
1313 502 1457 571 ἡμᾶς
1495 504 1649 556 πᾶσιν

1760 499 1902 568 quod
1926 501 2093 570 ipsius
2126 501 2450 556 desiderium
2478 500 2658 556 facere
2688 499 2876 555 volunt
2911 497 2967 554 hi
3008 497 3098 568 qui
3123 513 3320 568 argen-

71 582 155 650 οἷς
179 587 419 658 θέλομεν
455 590 647 649 ποιεῖν,
679 588 771 640 καὶ
798 587 1090 654 ἐξετάζειν,
1122 593 1333 662 μήποτε
1371 592 1400 644 δ
1437 591 1658 663 θέλομεν

71 683 255 732 ποιεῖν
286 682 356 733 ὲκ
397 680 505 732 τῶν
551 679 644 733 τοῦ
670 680 916 734 διαϐόλου
946 681 1250 753 ἐπιθυμιῶν
1272 686 1448 738 ἐστιν’
1486 685 1572 738 ἵνα
1595 687 1660 738 ὲκ

67 772 164 824 τοῦ
191 772 601 842 τεθεωρηκέναι
640 771 706 824 τὰ
747 773 812 824 ὲκ
841 772 948 825 τῶν
974 774 1066 826 τοῦ
1085 773 1328 828 διαὸόλου
1358 776 1660 848 ἐπιθυμιῶν

70 863 423 934 παυσώμεθα
462 864 634 917 θέλειν
675 868 848 918 ποιεῖν
877 867 1080 930 ἐκεῖνα,
1125 868 1322 931 εἰδότες
1362 869 1538 922 πάντα
1570 869 1659 924 τὸν

69 954 304 1009 θέλοντα
332 957 509 1009 ποιεῖν
534 955 633 1020 τὰς
654 955 748 1009 τοῦ
779 957 1024 1012 διαϐόλου
1050 961 1341 1031 ἐπιθυμίας
1363 965 1428 1016 ὲκ
1453 965 1661 1037 πατρὸς

69 1052 170 1122 μὲν
216 1050 483 1121 οὐδαμῶς
525 1045 662 1104 εἶναι
701 1049 859 1114 Θεοῦ,
890 1051 1136 1105 διαϐόλου
1165 1052 1220 1107 δὲ
1257 1056 1536 1123 γεγονέναι
1575 1057 1662 1110 τέ-

69 1161 218 1206 κνον,
251 1143 355 1197 καὶ
390 1144 498 1197 ἀπὸ
527 1144 622 1196 τοῦ
669 1143 840 1197 θέλειν
883 1149 1054 1199 ποιεῖν
1089 1147 1188 1210 τὰς
1229 1149 1522 1220 ἐπιθυμίας
1565 1151 1658 1204 τοῦ

68 1238 323 1308 χείρονος
369 1236 765 1308 μορφοόμενον,
792 1239 886 1292 καὶ
913 1239 1030 1292 κατ’
1057 1239 1241 1294 εἰκόνα
1266 1243 1543 1312 γινόμενον
1565 1242 1657 1296 τοῦ

73 1328 320 1401 πονηροῦ
350 1331 582 1401 πατρὸς,
607 1330 701 1399 ἀφ’
728 1323 787 1383 οῦ
821 1329 1090 1402 ἔρχονται,
1116 1333 1208 1386 καὶ
1229 1335 1517 1389 τυποῦνται
1561 1337 1659 1406 μὲν

71 1423 284 1474 ἐκείνου
313 1420 431 1492 (52)
462 1420 554 1474 τοῦ
593 1420 777 1490 χοϊκοῦ
813 1423 1018 1487 εἰκόνες
1037 1441 1050 1454 '
1092 1425 1304 1496 πρῶτος
1345 1425 1453 1498 γὰρ
1480 1429 1660 1497 χοῖκὸς

68 1514 280 1576 ἐκεῖνος
320 1513 408 1583 τῷ
455 1514 667 1585 πρῶτος
712 1515 1127 1580 ἀποπεπτωκὼς
1166 1518 1272 1570 τῶν
1315 1522 1656 1590 κρειττόνων,

72 1606 164 1659 καὶ
205 1604 640 1676 ἐπιτεθυμηκὼς
684 1607 876 1680 ἐτέρας
909 1608 1057 1678 παρὰ
1087 1607 1178 1678 τὴν
1215 1611 1494 1681 κρείττονα
1517 1611 1660 1683 ζωῆς

73 1695 243 1765 ζωὴν,
289 1694 454 1759 ἄξιος
495 1695 775 1764 γεγονέναι
812 1696 904 1750 τοῦ
937 1697 1110 1769 ἀρχὴν
1155 1699 1315 1753 αὑτὸν
1359 1696 1495 1756 εἶναι
1526 1703 1657 1774 (55).

70 1786 191 1839 οὔτε
241 1787 586 1857 κτίσματος,
637 1787 760 1842 οὔτε
801 1790 1121 1861 ποιήματος,
1158 1791 1294 1845 ἀλλὰ
1345 1791 1659 1864 πλάσματος

71 1880 300 1952 Κυρίου,
327 1882 700 1952 πεποιημένον
725 1883 1216 1952 ὲγκαταπαίζεσθαι
1246 1885 1348 1939 ὑπὸ
1367 1887 1473 1940 τῶν
1493 1888 1656 1958 ἀγγέ-

73 1973 175 2025 λων
218 1972 423 2026 αὐτοῦ.
459 1974 574 2027 Καὶ
604 1977 636 2045 ἡ
647 1974 762 2045 μῶν
793 1975 848 2028 δὲ
887 1977 920 2047 ἠ
953 1980 1334 2050 προηγουμένη
1366 1981 1654 2046 ὑπόστασίς

75 2068 216 2118 ἐστιν
262 2068 325 2118 ὲν
361 2064 444 2135 τῷ
482 2065 599 2119 κατ’
634 2065 815 2121 εἰκόνα
854 2067 948 2121 τοῦ
989 2069 1300 2133 κτίσαντος·
1332 2072 1444 2142 ἠδὲ
1474 2073 1534 2138 ἐξ
1567 2077 1653 2128 αἰ·-

72 2158 189 2220 τίας
219 2160 281 2210 ὲν
312 2156 401 2227 τῷ
432 2158 688 2226 ληφθέντι
712 2159 818 2212 ἀπὸ
851 2159 942 2213 τοῦ
969 2159 1185 2232 χοῦῠτῆς
1221 2162 1325 2232 γῆς
1349 2163 1650 2236 πλάσματιο

74 2249 162 2300 καὶ
188 2249 238 2300 εἰ
289 2248 421 2317 μὲν,
456 2245 644 2316 ὥσπερ
682 2246 1056 2316 ἐπιλαθόμενοι
1085 2251 1183 2320 τῆς
1209 2250 1268 2302 ὲν
1311 2252 1441 2322 ἡμῖν
1469 2254 1653 2323 κρείτ-ι-

72 2354 218 2401 τονος
251 2337 475 2402 οὐσίας,
517 2337 870 2409 ὑποτάξωμεν
915 2339 1139 2406 ἑαυτοὺς
1182 2341 1257 2412 τῷ
1289 2344 1394 2397 ἀπὸ
1434 2345 1525 2399 τοῦ
1556 2345 1651 2416 χοῦ

75 2429 388 2500 πλάσματι,
430 2431 523 2484 καὶ
561 2431 622 2485 τὸ
661 2435 906 2504 κρεῖττον
954 2434 1053 2506 τὴν
1103 2435 1286 2489 εἰκόνα
1336 2435 1428 2489 τοῦ
1471 2438 1652 2507 χοϊκοῦ

72 2518 300 2590 λήψεται
320 2539 337 2552 ο
379 2525 427 2575 εἰ
457 2523 534 2587 δὲ,
556 2523 804 2587 συνέντες
831 2525 891 2578 τὸ
918 2525 1139 2596 ποιηθὲν
1175 2529 1292 2580 κατ’
1317 2528 1503 2582 εἰκόνα
1520 2529 1652 2600 (54),

75 2615 162 2665 καὶ
184 2614 246 2666 τὶ
276 2613 495 2686 ληφθὲν
519 2616 627 2669 ἀπὸ
660 2615 753 2669 τοῦ
789 2616 884 2687 χοῦ
926 2618 1026 2689 τῆς
1064 2619 1186 2690 γῆς,
1216 2619 1325 2673 ὅλοι
1350 2621 1657 2692 προσνεύω-

75 2723 169 2774 μεν
193 2707 342 2776 πρὸς
365 2706 555 2761 τοῦτον
577 2709 714 2779 (55),
739 2703 800 2764 οὗ
829 2713 950 2763 κατ’
979 2712 1161 2765 εἰκόνα
1185 2711 1507 2782 γεγόναμεν,
1537 2714 1656 2768 ὲσό-

81 2797 211 2864 μεθα
258 2797 367 2849 καὶ
409 2797 530 2852 καθ’
554 2798 808 2870 ὁμοίωσιν
834 2799 990 2867 Θεοῦ,
1017 2803 1195 2856 πᾶσαν
1223 2803 1322 2873 τὴν
1351 2803 1486 2875 πρὸς
1524 2803 1656 2874 ῦλην

73 2886 162 2938 καὶ
198 2887 444 2956 σώματα
490 2889 886 2959 προσπαθειαν,
933 2889 1025 2945 καὶ
1070 2891 1168 2962 τὴν
1213 2891 1350 2963 πρός
1390 2910 1512 2946 τινα
1549 2893 1656 2946 τῶν

73 2978 190 3031 καθ’
230 2979 508 3048 ὁμοίωσιν
547 2981 957 3049 ἀπολείψαντες.
1015 2983 1166 3036 Ἐπεὶ
1213 2983 1268 3036 δὲ
1312 2983 1452 3037 κατὰ
1506 2984 1656 3049 θείας

71 3066 293 3137 reges;
315 3071 354 3140 ἠ
388 3069 646 3141 ἐπιθυμία
667 3071 776 3142 (56)
800 3072 908 3125 τῶν
937 3072 1116 3143 μέσων
1141 3074 1307 3136 ἐστὶν,
1335 3075 1432 3128 οὐκ
1455 3075 1654 3138 εἰδυίας

1763 599 1876 644 tum
1913 607 2015 645 non
2044 593 2200 647 aliter
2229 607 2388 660 quam
2411 591 2570 662 335
2593 591 2866 646 voluntate
2896 597 3098 644 amant.
3121 590 3318 657 Quam-

1757 679 1941 736 obrem
1989 683 2170 737 omnia
2214 699 2332 750 quae
2373 684 2544 736 acturi
2574 697 2780 745 sumus,
2807 680 3150 750 inspiciamus
3170 695 3320 746 opor-

1761 784 1835 831 tet
1866 785 1921 830 et
1953 777 2351 844 examinemus,
2383 790 2450 830 ne
2479 774 2618 830 forte
2647 775 2791 844 quod
2833 775 3011 829 facere
3049 773 3320 834 volumus.

1759 868 1828 922 sit
1852 882 1920 922 ex
1971 868 2251 922 desideriis
2287 868 2525 922 diaboli:
2553 877 2611 922 ut
2643 883 2763 920 cum
2800 866 3090 921 viderimus
3123 865 3321 920 diaboli

1759 961 2050 1024 desideria,
2082 962 2394 1016 desinamus
2423 959 2558 1016 Velle
2591 975 2652 1015 ea
2682 960 2881 1022 facere,
2928 958 3158 1012 scientes
3205 971 3322 1007 om-

1759 1069 1883 1110 nem
1914 1054 2004 1124 qui
2037 1053 2242 1108 diaboli
2289 1047 2558 1108 desideria
2615 1053 2797 1106 iacere
2829 1050 3078 1113 voluerit,
3115 1064 3180 1103 ex
3211 1050 3321 1103 Deo

1758 1148 1920 1202 Patre
1947 1147 2362 1218 haudquaquam
2394 1161 2511 1202 esse
2541 1161 2722 1216 posse.
2757 1145 2849 1200 sed
2903 1143 3106 1199 factum
3156 1142 3319 1197 fuisse

1759 1239 1958 1294 diaboli
1995 1238 2182 1302 ﬁlium,
2209 1248 2372 1309 atque
2392 1239 2554 1294 etiam
2587 1237 2876 1294 formatum
2908 1244 2963 1291 et
3010 1235 3208 1290 factum
3252 1233 3318 1286 ad

1759 1331 2046 1400 imaginem
2081 1330 2203 1384 mali
2233 1329 2423 1400 patris,
2447 1343 2512 1384 eo
2541 1328 2682 1398 quod
2715 1328 2841 1381 velit
2870 1327 3071 1396 pejoris
3108 1325 3321 1380 deside-

1759 1423 1838 1474 ria
1875 1421 2078 1486 facere,
2109 1436 2138 1474 a
2164 1436 2271 1490 quo
2305 1418 2720 1490 proﬁciscuntur
2759 1417 3169 1484 formauturque
3207 1423 3316 1468 ter-

1761 1515 1952 1569 restris
1981 1513 2126 1568 illius
2154 1513 2420 1581 imagines
2450 1529 2463 1565 :
2495 1509 2702 1579 primus
2735 1510 2878 1564 enim
2917 1519 3168 1561 terrenus
3203 1506 3316 1567 ille,

1759 1619 1826 1659 eo
1851 1604 1990 1672 quod
2017 1603 2225 1674 primus
2253 1604 2506 1673 delapsus
2541 1601 2702 1655 fuerit
2725 1615 2754 1653 a
2793 1600 2953 1654 rebus
2979 1595 3317 1662 melioribus,

1759 1709 1811 1753 et
1841 1698 2228 1753 desideraverit
2259 1697 2486 1751 alteram
2514 1695 2681 1748 vitam
2726 1703 2924 1763 praeter
2966 1693 3130 1746 vitam
3181 1706 3320 1760 prae-

1762 1789 2101 1852 stantiorem,
2131 1787 2324 1856 dignus
2353 1785 2528 1840 factus
2557 1783 2736 1838 fuitut
2756 1791 2899 1837 esset
2929 1783 3251 1852 principium
3269 1781 3319 1814 ”

1761 1898 1864 1937 non
1897 1889 2181 1947 creaturae,
2206 1893 2308 1932 non
2339 1877 2542 1947 operis,
2567 1876 2660 1930 sed
2683 1873 2921 1945 ﬁgmenti
2943 1871 3174 1936 Domini,
3203 1872 3318 1926 fac-

1756 1986 1843 2030 tus
1871 1982 1930 2029 ut
1952 1973 2266 2028 illuderetur
2299 1970 2366 2025 ab
2395 1969 2603 2040 angelis
2634 1967 2770 2037 ejus.
2806 1966 2998 2021 Nostra
3020 1979 3148 2020 vero
3174 1966 3321 2032 priu-

1752 2063 1940 2133 cipalis
1969 2061 2271 2117 substantia
2304 2061 2356 2114 in
2381 2075 2442 2114 ea
2473 2067 2625 2127 parte
2654 2065 2758 2123 est,
2784 2071 2904 2126 quae
2951 2057 3018 2110 ad
3063 2055 3316 2110 similitu-

1751 2157 1932 2212 dinem
1963 2167 2046 2212 est
2084 2153 2392 2217 Creatoris;
2421 2152 2586 2206 altera
2629 2166 2758 2206 vero
2811 2166 2875 2205 ex
2925 2150 3079 2220 culpa
3127 2148 3182 2201 in
3218 2149 3317 2216 ﬁg-

1755 2259 1960 2313 mento,
1993 2251 2136 2319 quod
2178 2264 2207 2302 e
2240 2247 2459 2318 pulvere
2496 2253 2654 2298 terra
2681 2252 2764 2298 est
2795 2252 3089 2312 sumptum.
3141 2239 3318 2308 Atque

1755 2340 2002 2410 equidem
2035 2340 2077 2394 si
2109 2337 2261 2394 obliti
2291 2337 2455 2392 veluti
2487 2335 2804 2393 substantia:
2830 2334 3088 2397 melioris,
3115 2347 3235 2402 qua:
3263 2333 3316 2384 in

1756 2433 1913 2487 nobis
1935 2440 2042 2496 est,
2066 2431 2114 2485 ei
2152 2431 2407 2499 ﬁgmento
2426 2431 2569 2499 quod
2605 2437 2687 2483 est
2711 2441 2742 2481 e
2768 2425 3009 2496 pulvere,
3057 2423 3316 2479 subdidea

1754 2525 1925 2578 rimus
1949 2538 2047 2578 nos
2081 2524 2248 2592 ipsos,
2288 2536 2416 2590 pars
2444 2521 2608 2575 etiam
2641 2516 2980 2590 praestantior
3025 2515 3314 2584 imaginem

1758 2616 1957 2670 terreni
1983 2622 2193 2678 sumet;
2225 2614 2307 2668 sin
2343 2627 2475 2668 vero
2519 2611 2884 2681 inteliigentes
2924 2609 3064 2678 Quod
3111 2605 3313 2662 factum

1754 2717 1838 2762 est
1866 2707 1932 2760 ad
1975 2706 2290 2772 imaginem,
2317 2702 2541 2773 etquod
2585 2708 2856 2768 sumptum
2903 2710 3049 2754 este
3091 2698 3318 2768 pulvere

1758 2796 2392 2864 terrae,inclinaverimns
2423 2795 2490 2848 ad
2541 2795 2681 2848 hunc
2725 2793 2790 2846 ad
2830 2791 2982 2859 cujus
3026 2791 3315 2858 imaginem

1757 2889 1885 2945 facti
1937 2904 2145 2952 sumus,
2195 2887 2398 2940 erimus
2430 2885 2590 2941 etiam
2619 2884 2684 2938 ad
2711 2883 3122 2938 similitudinem
3169 2883 3260 2937 Dei
3296 2901 3311 2945 ;

1755 2978 1902 3034 omni
1957 2979 2238 3033 aﬂectione
2285 2991 2410 3047 erga
2466 2975 2748 3030 materiam
2797 2983 2851 3028 et
2898 2988 3024 3042 erga
3065 2988 3312 3044 corpora,

1760 3081 1919 3141 atque
1947 3071 2108 3126 etiam
2139 3083 2269 3140 erga
2293 3068 2526 3136 aliquem
2551 3081 2738 3122 eorum
2773 3065 2860 3134 qui
2902 3073 3025 3119 sunt
3053 3065 3116 3117 ad
3160 3065 3314 3118 simi-

73 3158 164 3229 τὴν
217 3159 552 3232 Ἑλληνικὴν
590 3163 700 3216 τῶν
743 3163 1152 3235 σημαινομένων
1206 3147 1360 3237 παρὰ
1414 3168 1526 3230 τοῖς
1583 3166 1649 3220 τὰ

1758 3163 2067 3227 litudinem,
2093 3161 2315 3215 abolita.
2349 3158 2614 3226 Quoniam
2659 3168 2836 3213 autem
2885 3155 3146 3228 ἐπιθυμία
3190 3154 3318 3228 [ιιοε

74 3252 293 3306 τοιαῦτα
340 3253 694 3326 διαρθροῦσιν
751 3256 1054 3327 ἀκρίϐειαν,
1109 3257 1184 3321 ὥς
1225 3257 1274 3310 τ’
1320 3258 1386 3312 ἂν
1438 3258 1499 3312 τὸ
1559 3260 1654 3330 μὲν

76 3344 286 3396 ἀστεῖον
320 3344 582 3414 βούλησιν
607 3346 871 3416 ὀνομάσαι
896 3348 1028 3418 (57),
1054 3349 1120 3420 ἢν
1151 3349 1418 3420 ὁρίζονται
1439 3350 1654 3420 εὔλογον

74 3435 280 3506 ἰΒρεξιν-
314 3437 388 3500 τὺ
422 3437 481 3490 δὲ
517 3437 717 3505 φαῦλον
751 3439 1064 3510 ἐπιθυμίαν,
1088 3442 1154 3511 ἥν
1177 3459 1338 3510 φασιν
1363 3442 1476 3513 (58)
1516 3439 1654 3497 εἰναι

75 3527 260 3595 ἄλογον
287 3528 558 3601 δρεξιν,ἢ
596 3529 832 3602 σφοδρὰν
873 3530 1072 3602 ὄρεξιν,
1109 3532 1346 3598 λεκτέον,
1388 3535 1470 3586 ὅτι
1508 3536 1656 3588 πᾶσα

75 3621 302 3691 γεννητὴ
332 3620 502 3689 φύσις
528 3621 626 3686 τὰς
651 3623 944 3695 ἐπιθυμίας
981 3622 1076 3677 τοῦ
1115 3624 1242 3679 ἰδίου
1279 3626 1486 3697 πατρὸς
1513 3627 1654 3681 θέλει

74 3718 236 3767 ’ποιεῖν
254 3732 270 3745 ·
308 3714 510 3787 ὥσπερ
547 3717 640 3769 καὶ
665 3719 812 3769 πᾶσα
836 3717 977 3770 ποιεῖ
998 3717 1067 3769 τὰ
1098 3717 1233 3788 ἔργα
1261 3717 1354 3771 τοῦ
1395 3719 1525 3772 ἰδίου
1552 3738 1655 3774 πα-

74 3807 212 3875 τρὸς,
243 3807 350 3861 τοῦ
395 3808 493 3877 μὲν
527 3807 756 3878 πρώτως
784 3809 893 3878 (‘59)
925 3809 1078 3878 ἁγίου
1118 3811 1332 3882 Πατρδς
1359 3811 1653 3882 ἀγεννήτου

73 3900 464 3968 τυγχᾶνοντος·
495 3893 648 3962 οὗτος
683 3900 740 3952 δέ
777 3901 922 3954 ἐστιν
953 3903 980 3954 ό
1006 3901 1168 3965 Θεόςο
1203 3900 1298 3955 τοῦ
1339 3901 1394 3955 δὲ
1425 3899 1654 3974 πρώτως

74 3989 307 4059 πονηροῦ
348 3989 581 4061 πατρὸς,
616 3989 675 4055 ἐξ
711 3991 922 4055 οὐδενὸς
949 3992 1100 4056 ὄντος
1128 3993 1360 4065 πατρός
1392 3993 1510 4046 οὐδὲ
1544 3993 1653 4063 γὰρ

75 4079 352 4150 ὕπέστησέ
399 4099 484 4144 τις
515 4084 574 4135 ὲν
617 4081 764 4152 αὐτῷ
810 4083 991 4154 πατὴρ
1026 4083 1125 4154 τὴν
1165 4084 1446 4155 πονηρίαν,
1480 4083 1650 4153 ἀλλ’ἢ

74 4172 170 4224 ἀπὸ
198 4174 345 4226 Θεοῦ
378 4174 616 4245 ὲκτροπὴ
644 4175 970 4245 γεγέννηκεν
998 4176 1184 4246 αὐτήν.
1216 4176 1288 4228 Τὸ
1317 4177 1415 4246 μὲν
1438 4172 1531 4230 οῦν
1556 4176 1651 4230 νῦν

75 4263 464 4334 ἐξεταζόμενον
490 4265 630 4320 κατὰ
662 4265 753 4318 τό·
785 4267 893 4320 Καὶ
925 4268 1031 4333 τὰς
1056 4268 1372 4336 ἐπιθυμίας
1395 4267 1501 4321 τοῦ
1535 4284 1648 4322 πα-

72 4357 200 4424 τρὸς
240 4358 426 4428 ὑμῶν
458 4359 657 4413 θέλετε
689 4359 901 4423 ποιεῖν,
949 4359 1156 4430 σαφῶς,
1190 4361 1272 4413 ὅτι
1319 4359 1649 4432 ἀναφέρεται

75 4447 198 4517 πρὸς
225 4449 324 4502 τὸν
357 4448 626 4511 διάϐολον,
655 4450 1048 4522 προειρημένου
1068 4450 1160 4504 τοῦ
1179 4467 1193 4481 ⁸
1229 4450 1423 4521 ’Υμεῖς
1447 4452 1516 4506 ἐκ
1543 4453 1650 4507 τοῦ

1755 3267 1840 3312 est
1874 3251 2224 3324 desiderium]
2278 3250 2592 3307 indiderens
2623 3259 2708 3306 est
2747 3251 2799 3304 in
2834 3249 3131 3318 Scripturis
3176 3249 3316 3301 divi-

1757 3350 1861 3413 nis,
1893 3365 1999 3403 non
2033 3346 2453 3416 agnoscentibus
2483 3350 2789 3399 accuratam
2818 3342 3198 3398 vocabulorum
3242 3341 3315 3394 si-

1756 3441 2156 3511 gniﬁcationem
2189 3455 2220 3495 a
2251 3441 2527 3510 gentibus,
2559 3439 2648 3507 qui
2674 3437 2958 3506 diligenter
2988 3434 3314 3495 disseruere,

1759 3533 2031 3598 traditam,
2083 3534 2175 3602 qui
2235 3535 2297 3586 τὸ
2340 3533 2550 3586 ἀστεῖον
2586 3530 2732 3604 {hoc
2783 3537 2897 3591 est,
2961 3527 3101 3596 quod
3160 3526 3318 3578 indu-

1756 3625 1968 3686 strium,
2007 3625 2416 3694 studiosumque
2445 3621 2550 3694 est]
2575 3622 2850 3676 nominent
2883 3618 3126 3689 βούλημα
3186 3616 3314 3688 [hoc

1755 3728 1838 3770 cst
1866 3716 2244 3788 voluntatem],
2273 3729 2392 3771 eam
2417 3714 2739 3769 deﬁnientes
2768 3712 3063 3781 appetitum
3118 3706 3311 3766 ratiot-i

1754 3817 2213 3871 consentaneum;
2252 3806 2399 3876 quod
2461 3818 2591 3858 vero
2636 3802 2833 3856 malum
2897 3811 3000 3864 est,
3052 3798 3310 3867 ἐπιθυμία

1755 3898 1883 3970 [hoc
1913 3908 1996 3952 est
2018 3894 2393 3967 desiderium,]
2420 3895 2560 3964 quod
2586 3894 2777 3948 dicunt
2807 3905 2926 3946 esse
2955 3891 3248 3957 appetitum
3281 3905 3312 3940 ιι

1756 3991 1969 4044 ratione
2016 3988 2274 4050 alienum,
2307 3986 2391 4041 vel
2436 3986 2807 4040 vehementem
2851 3981 3182 4050 appetitum;
3233 3978 3315 4032 di-

1753 4083 1980 4138 cendum
2010 4089 2096 4134 est
2122 4094 2336 4134 omnem
2369 4087 2616 4131 naturam
2643 4073 2876 4144 genitam
2912 4070 3177 4126 desideria
3215 4084 3310 4136 pa-

1753 4177 1852 4228 tris
1887 4172 1970 4228 sui
2004 4171 2140 4227 velle
2183 4171 2402 4225 facere:
2453 4165 2904 4236 quemadmodum
2934 4163 3096 4217 etiam
3136 4161 3320 4215 omnis.

1753 4279 1944 4324 natura
1992 4267 2119 4322 facit
2161 4279 2322 4334 opera
2359 4263 2528 4332 patris
2563 4260 2670 4324 sui,
2703 4259 2756 4312 in
2784 4257 2974 4326 primis
3002 4255 3218 4326 quidem
3247 4253 3313 4306 il-

1753 4361 1856 4416 lius
1869 4359 2046 4415 Patris
2070 4357 2264 4423 sancti,
2301 4354 2525 4425 ingeniti
2543 4351 2882 4417 exsistentis,
2903 4349 2994 4417 qui
3022 4359 3104 4404 est
3133 4347 3307 4412 Deus;

1754 4456 1902 4509 illius
1935 4469 2064 4508 vero
2099 4453 2150 4506 in
2186 4449 2379 4520 primis
2411 4447 2537 4502 mali
2570 4446 2760 4515 patris,
2788 4444 2952 4515 336
2977 4442 3066 4512 qui
3097 4456 3162 4495 ex
3195 4441 3312 4493 nul-

75 4539 292 4606 πατρὸς
325 4540 439 4593 τοῦ
469 4539 747 4596 διαϐόλου
777 4540 936 4605 ἐστὲ,
971 4542 1066 4595 καὶ
1095 4543 1488 4613 ἐπιφερομένου
1517 4543 1610 4597 τοῦ
1629 4561 1644 4575 ·

1757 4547 1803 4600 lo
1842 4555 1924 4599 est
1959 4555 2134 4613 patre.
2167 4543 2366 4612 quippe
2412 4542 2466 4595 in
2520 4553 2626 4607 quo
2654 4537 2834 4591 nullus
2861 4545 3014 4606 pater
3045 4533 3310 4600 eﬂ‘ecerit,

83 4630 348 4695 Ἐκεῖνος
371 4632 859 4699 ἀνθρωποκτόνος
892 4629 970 4702 ἦν
1002 4634 1102 4688 ἀπ’
1137 4633 1349 4703 ἀρχῆς.
1378 4635 1488 4686 Καὶ
1514 4635 1649 4707 πρὸς

1757 4646 1809 4692 ιιι
1859 4634 2180 4690 subsisteret
2204 4633 2465 4699 pravitas,
2501 4629 2596 4684 sed
2626 4627 2840 4682 aversio
2862 4641 2892 4680 ιι
2922 4626 3030 4680 Deo
3060 4625 3310 4695 genuerit

72 4723 296 4778 ἕκαστον
325 4724 445 4776 οὐδ’
481 4723 546 4777 ἂν
579 4725 637 4778 οὗ
668 4725 826 4795 μόνον
862 4724 970 4779 τῶν
1009 4727 1072 4779 ὲκ
1095 4726 1188 4780 τοῦ
1215 4726 1480 4791 διαϐόλου,
1514 4728 1649 4782 ἀλλὰ

1757 4746 1890 4786 eam.
1920 4727 2288 4795 Quod-igitur
2318 4740 2460 4779 nunc
2512 4723 2875 4777 examinatum
2916 4735 2945 4770 a
2993 4718 3147 4772 nobis
3201 4723 3305 4778 est,

75 4816 156 4866 καὶ
184 4816 302 4868 τῶν
335 4817 406 4867 ἐκ
430 4816 522 4869 τοῦ
548 4816 704 4879 Θεοῦ,
744 4816 911 4885 ὑγιῶς
939 4816 1150 4888 λεχθείη
1181 4817 1270 4871 τόο
1302 4817 1416 4884 Τὰς
1448 4817 1649 4873 ἐπιθυ-

1757 4835 1982 4888 nempe:
2025 4818 2093 4873 Et
2133 4818 2394 4871 desideria
2431 4815 2600 4883 patris
2646 4814 2800 4868 vestri
2834 4810 2992 4865 vultis
3037 4809 3206 4877 facere
3237 4807 3305 4870 “,

67 4906 198 4974 μίας
241 4905 365 4961 τοῦ
413 4907 636 4975 πατρὸς
670 4907 837 4976 ὑμῶν
883 4910 1086 4962 θέλετε
1137 4907 1344 4964 ποιεῖν.
1388 4909 1646 4977 Λέγονται

1757 4910 2088 4983 perspicuum
2117 4917 2202 4965 est
2234 4907 2303 4961 ad
2331 4906 2600 4963 diabolum
2644 4903 2856 4966 referri,
2905 4915 3027 4957 cum
3056 4898 3306 4967 superius

166 5044 213 5078 ³³
241 5043 356 5098 Job
385 5061 472 5107 XL,
494 5045 580 5099 M.
655 5044 865 5101 “Joan.
894 5062 1012 5106 vut.
1042 5045 1132 5102 44.

134 5154 245 5227 ('52)
274 5155 470 5236 (ξοπιες
495 5153 718 5226 Regius,
746 5153 1037 5208 τυποῦνται
1056 5155 1106 5207 οἱ
1128 5155 1357 5218 ἐκείνου,
1383 5155 1634 5212 Bodleia-

71 5242 162 5277 nus
200 5236 260 5278 ιιι
292 5234 349 5276 in
383 5234 554 5278 textu.

133 5297 243 5362 (3%)
278 5295 437 5348 Idem
481 5295 647 5348 codex
681 5295 900 5357 Regius,
937 5293 1100 5348 αὐτοῦ
1120 5289 1279 5348 εἶναι.

273 5364 395 5417 Τοῦ
453 5365 662 5433 χοϊκοῦ
705 5354 981 5433 λήψεται·
1009 5366 1060 5416 εἰ
1098 5363 1183 5425 δὲ,
1234 5364 1520 5431 συνέντες
1575 5365 1641 5419 τὸ

1757 5354 1842 5418 lib‘.
1877 5378 1934 5415 ιιι
1966 5381 1979 5416 :
2022 5354 2500 5433 Alleritrcupidita's,
2547 5374 2663 5427 quia
2697 5368 2828 5433 reris
2867 5354 3158 5433 vet_libido
3196 5357 3303 5433 dici

71 5425 320 5502 ποιηθὲν
352 5425 490 5488 και3
513 5437 733 5489 εἰκόνα.
771 5425 895 5489 Haec
933 5435 1307 5488 desiderantur
1352 5437 1403 5489 iu
1438 5425 1642 5491 codici-

1757 5447 1932 5499 polest,
1962 5448 2075 5501 qua:
2101 5442 2178 5502 est
2210 5425 2568 5502 immodegata'
2596 5426 2850 5502 appetitio
2889 5425 3088 5502 opinati
3123 5427 3300 5494 magni

72 5506 160 5557 bus
183 5491 379 5572 'Regio
414 5515 471 5559 et
496 5505 813 5560 Barlteriuo.
1749 5491 1897 5572 'bnni,
1923 5491 2242 5572 rationirtou
2270 5491 3002 5572 obtemperans'L'Laer‘titts_in
3042 5491 3250 5548 Zenone
3281 5511 3302 5548 :

134 5575 250 5647 (35)
279 5565 474 5630 Codex
506 5575 725 5647 ﬁegius,
757 5572 1139 5647 gpoavstiwpev
1171 5573 1268 5647 ὲπί
1285 5575 1490 5628 τοῦτον.

1759 5569 2131 5647 Ἐπιθυμίᾳ-δέ
2154 5567 2507 5647 ἐστιν-ἄλογος
2533 5566 2737 5646 ὄρεξιςσ
2799 5565 3072 5647 capiditas
3123 5573 3296 5619 autem

135 5637 248 5716 (56)
275 5647 466 5697 Codex
501 5637 719 5712 Regius,
760 5637 825 5716 ἦν
860 5637 1144 5716 ἐπιθυμία,
1171 5646 1328 5716 male.
1590 5713 1599 5716 _

1757 5654 1816 5696 est
1837 5637 2100 5716 _.qmietitio
2128 5639 2319 5716 rationi
2354 5653 2454 5716 non
2478 5637 2822 5716 consentiens.
2853 5637 2927 5688 lo.

133 5702 243 5783 (375
278 5702 610 5784 Βούλησινῖ
655 5702 966 5784 ὀνοῂάο-αι,
999 5702 1094 5776 ἥν,
1126 5702 1230 5767 etc.
1285 5714 1532 5769 Laertius
1583 5713 1637 5766 in

1816 5702 2214 5784 (59)’Πρὼςως.
2242 5709 2294 5760 ιιι
2325 5707 2514 5784 codice
2541 5704 2708 5784 iicgio
2741 5707 2824 5784 hic
2862 5715 2915 5757 et
2960 5702 3117 5784 infra.
3165 5704 3300 5783 srri-

72 5772 269 5856 Ζξιιοήε
302 5789 376 5838 de
407 5772 859 5856 Stoicisrmuuiuts
1083 5772 1158 5836 ’δὲ
1192 5784 1459 5856 ἐπιθυμία,
1486 5787 1635 5856 ἐναν-

1757 5772 2235 5856 stltitiast-“119010;,
2264 5777 2419 5832 male.
2447 5772 2648 5832 Ibidem
2660 5793 2758 5847 pro
2787 5775 3078 5846 ἁγεννήτου
3103 5772 3301 5841 legitur

73 5855 177 5908 τίαν
204 5858 384 5926 φασιν
409 5851 546 5910 εἶναι
573 5855 669 5926 τὴν
701 5842 970 5926 βούλησιν,
1004 5842 1164 5910 ὦσαν
1190 5842 1406 5922 εῠλογὸν
1429 5842 1630 5926 '5955W'
1737 5842 2019 5922 ἆγενὴτου⁹

1740 5155 2028 5218 Cupiditati
2062 5163 2235 5205 autem
2264 5152 2582 5205 contrariam
2614 5165 2721 5202 esse
2749 5147 2928 5218 dicunt
2965 5145 3306 5210 voluntatem,

1741 5215 1857 5296 quin
1879 5223 2236 5296 estgppetitio
2261 5221 2452 5296 rationi
2484 5215 3142 5296 consentanea.ﬂlhts'rtu3.

1813 5293 1925 5364 (58)
1968 5285 2310 5364 ‘Eattﬂvplar
2447 5305 2654 5358 φασιν,
2689 5298 2791 5340 etc.
2841 5286 3054 5364 Cicerri“
3077 5285 3297 5364 fuscat,
