  <div class='ocr_page' id='page_1' title='image "/cluster/home/n/w/nwhite01/storage/ocr_20150623/14/hvd.32044024333478/319.png"; bbox 0 0 3804 6548; ppageno 0'>
   <div class='ocr_carea' id='block_1_1' title="bbox 478 422 587 482">
    <p class='ocr_par' dir='ltr' id='par_1_1' title="bbox 478 422 587 482">
     <span class='ocr_line' id='line_1_1' title="bbox 478 422 587 482; baseline -0.009 0"><span class='ocrx_word' id='word_1_1' title='bbox 478 422 587 482; x_wconf 72' lang='lat'><strong>59.5</strong></span> 
     </span>
    </p>
   </div>
   <div class='ocr_carea' id='block_1_2' title="bbox 1890 418 2213 477">
    <p class='ocr_par' dir='ltr' id='par_1_2' title="bbox 1890 418 2213 477">
     <span class='ocr_line' id='line_1_2' title="bbox 1890 418 2213 477; baseline -0.006 0"><span class='ocrx_word' id='word_1_2' title='bbox 1890 418 2051 477; x_wconf 78' lang='lat' dir='ltr'><strong>ORIG</strong></span> <span class='ocrx_word' id='word_1_3' title='bbox 2060 419 2213 475; x_wconf 76' lang='lat' dir='ltr'><strong>ENIS</strong></span> 
     </span>
    </p>
   </div>
   <div class='ocr_carea' id='block_1_3' title="bbox 3626 430 3730 486">
    <p class='ocr_par' dir='ltr' id='par_1_3' title="bbox 3626 430 3730 486">
     <span class='ocr_line' id='line_1_3' title="bbox 3626 430 3730 486; baseline 0 -3"><span class='ocrx_word' id='word_1_4' title='bbox 3626 430 3730 486; x_wconf 66' lang='grc' dir='ltr'><strong>εει</strong></span> 
     </span>
    </p>
   </div>
   <div class='ocr_carea' id='block_1_4' title="bbox 476 541 2039 620">
    <p class='ocr_par' dir='ltr' id='par_1_4' title="bbox 476 541 2039 613">
     <span class='ocr_line' id='line_1_4' title="bbox 476 541 2039 613; baseline -0.005 -12"><span class='ocrx_word' id='word_1_5' title='bbox 476 547 679 601; x_wconf 86' lang='lat' dir='ltr'><strong>dictum</strong></span> <span class='ocrx_word' id='word_1_6' title='bbox 705 544 811 601; x_wconf 90' lang='lat' dir='ltr'><strong>sit:</strong></span> <span class='ocrx_word' id='word_1_7' title='bbox 857 542 958 599; x_wconf 80' lang='lat' dir='ltr'><strong>Vos</strong></span> <span class='ocrx_word' id='word_1_8' title='bbox 981 560 1045 599; x_wconf 75' lang='lat' dir='ltr'><strong>ea:</strong></span> <span class='ocrx_word' id='word_1_9' title='bbox 1066 551 1214 613; x_wconf 84' lang='lat' dir='ltr'><strong>patre</strong></span> <span class='ocrx_word' id='word_1_10' title='bbox 1240 541 1452 596; x_wconf 76' lang='lat' dir='ltr'><strong>diabolo</strong></span> <span class='ocrx_word' id='word_1_11' title='bbox 1492 542 1638 608; x_wconf 77' lang='lat' dir='ltr'><strong>estis,</strong></span> <span class='ocrx_word' id='word_1_12' title='bbox 1674 549 1728 596; x_wconf 90' lang='lat' dir='ltr'><strong>et</strong></span> <span class='ocrx_word' id='word_1_13' title='bbox 1752 541 2039 612; x_wconf 70' lang='lat' dir='ltr'><strong>subiunga-</strong></span> 
     </span>
    </p>
   </div>
   <div class='ocr_carea' id='block_1_5' title="bbox 2204 541 3734 620">
    <p class='ocr_par' dir='ltr' id='par_1_5' title="bbox 2204 542 3734 620">
     <span class='ocr_line' id='line_1_5' title="bbox 2204 542 3734 620; baseline 0.004 -25"><span class='ocrx_word' id='word_1_14' title='bbox 2204 543 2257 615; x_wconf 78' lang='lat' dir='ltr'><strong>ip</strong></span> <span class='ocrx_word' id='word_1_15' title='bbox 2289 560 2434 608; x_wconf 89' lang='grc' dir='ltr'>τινες</span> <span class='ocrx_word' id='word_1_16' title='bbox 2480 542 2621 599; x_wconf 76' lang='grc' dir='ltr'>εἶναι</span> <span class='ocrx_word' id='word_1_17' title='bbox 2652 546 2748 600; x_wconf 77' lang='grc' dir='ltr'>καὶ</span> <span class='ocrx_word' id='word_1_18' title='bbox 2786 545 2922 600; x_wconf 88' lang='grc' dir='ltr'>Θεοῦ</span> <span class='ocrx_word' id='word_1_19' title='bbox 2962 543 3270 619; x_wconf 70' lang='grc' dir='ltr'><strong>ἐπιθυμίαι,</strong></span> <span class='ocrx_word' id='word_1_20' title='bbox 3309 546 3734 620; x_wconf 77' lang='grc' dir='ltr'><strong>ὀνομαζομένων</strong></span> 
     </span>
    </p>
   </div>
   <div class='ocr_carea' id='block_1_6' title="bbox 479 635 2051 702">
    <p class='ocr_par' dir='ltr' id='par_1_6' title="bbox 479 635 2051 702">
     <span class='ocr_line' id='line_1_6' title="bbox 479 635 2051 702; baseline -0.004 -8"><span class='ocrx_word' id='word_1_21' title='bbox 479 652 599 696; x_wconf 81' lang='lat' dir='ltr'><strong>tur:</strong></span> <span class='ocrx_word' id='word_1_22' title='bbox 628 637 731 693; x_wconf 82' lang='lat' dir='ltr'><strong><em>Ille</em></strong></span> <span class='ocrx_word' id='word_1_23' title='bbox 747 637 1009 692; x_wconf 75' lang='lat' dir='ltr'><strong>homicida</strong></span> <span class='ocrx_word' id='word_1_24' title='bbox 1026 646 1140 691; x_wconf 86' lang='lat' dir='ltr'><strong>erat</strong></span> <span class='ocrx_word' id='word_1_25' title='bbox 1161 638 1225 690; x_wconf 84' lang='lat' dir='ltr'><strong>ab</strong></span> <span class='ocrx_word' id='word_1_26' title='bbox 1242 635 1416 689; x_wconf 82' lang='lat' dir='ltr'><strong>initio.</strong></span> <span class='ocrx_word' id='word_1_27' title='bbox 1436 635 1576 702; x_wconf 87' lang='lat' dir='ltr'><strong>Quin</strong></span> <span class='ocrx_word' id='word_1_28' title='bbox 1595 635 1761 690; x_wconf 88' lang='lat' dir='ltr'><strong>etiam</strong></span> <span class='ocrx_word' id='word_1_29' title='bbox 1780 636 1846 690; x_wconf 90' lang='lat' dir='ltr'><strong>ad</strong></span> <span class='ocrx_word' id='word_1_30' title='bbox 1864 650 2051 688; x_wconf 86' lang='lat' dir='ltr'><strong>unum-</strong></span> 
     </span>
    </p>
   </div>
   <div class='ocr_carea' id='block_1_7' title="bbox 474 727 2045 804">
    <p class='ocr_par' dir='ltr' id='par_1_7' title="bbox 474 727 2045 804">
     <span class='ocr_line' id='line_1_7' title="bbox 474 727 2045 804; baseline -0.004 -17"><span class='ocrx_word' id='word_1_31' title='bbox 474 746 770 804; x_wconf 83' lang='lat' dir='ltr'><strong>quemque,</strong></span> <span class='ocrx_word' id='word_1_32' title='bbox 800 730 914 785; x_wconf 83' lang='lat' dir='ltr'><strong>sive</strong></span> <span class='ocrx_word' id='word_1_33' title='bbox 954 730 1001 784; x_wconf 90' lang='lat' dir='ltr'><strong>is</strong></span> <span class='ocrx_word' id='word_1_34' title='bbox 1044 728 1208 785; x_wconf 74' lang='lat' dir='ltr'><strong>fuerit</strong></span> <span class='ocrx_word' id='word_1_35' title='bbox 1255 744 1321 785; x_wconf 81' lang='lat' dir='ltr'><strong>ex</strong></span> <span class='ocrx_word' id='word_1_36' title='bbox 1366 727 1603 792; x_wconf 87' lang='lat' dir='ltr'><strong>diabolo,</strong></span> <span class='ocrx_word' id='word_1_37' title='bbox 1643 727 1753 783; x_wconf 84' lang='lat' dir='ltr'><strong>sive</strong></span> <span class='ocrx_word' id='word_1_38' title='bbox 1793 742 1860 781; x_wconf 81' lang='lat' dir='ltr'><strong>ex</strong></span> <span class='ocrx_word' id='word_1_39' title='bbox 1917 727 2045 793; x_wconf 89' lang='lat' dir='ltr'><strong>Deo,</strong></span> 
     </span>
    </p>
   </div>
   <div class='ocr_carea' id='block_1_8' title="bbox 474 819 2047 894">
    <p class='ocr_par' dir='ltr' id='par_1_8' title="bbox 474 819 2047 894">
     <span class='ocr_line' id='line_1_8' title="bbox 474 819 2047 894; baseline -0.001 -16"><span class='ocrx_word' id='word_1_40' title='bbox 474 833 627 878; x_wconf 79' lang='lat' dir='ltr'><strong>recte</strong></span> <span class='ocrx_word' id='word_1_41' title='bbox 655 822 901 877; x_wconf 76' lang='lat' dir='ltr'><strong>dicetur:</strong></span> <span class='ocrx_word' id='word_1_42' title='bbox 934 820 1206 876; x_wconf 78' lang='lat' dir='ltr'><strong>Desideria</strong></span> <span class='ocrx_word' id='word_1_43' title='bbox 1243 823 1411 894; x_wconf 79' lang='lat' dir='ltr'><strong>patris</strong></span> <span class='ocrx_word' id='word_1_44' title='bbox 1460 821 1617 876; x_wconf 79' lang='lat' dir='ltr'><strong>vestri</strong></span> <span class='ocrx_word' id='word_1_45' title='bbox 1657 819 1811 875; x_wconf 72' lang='lat' dir='ltr'><strong>cultis</strong></span> <span class='ocrx_word' id='word_1_46' title='bbox 1850 819 2047 883; x_wconf 81' lang='lat' dir='ltr'><strong>facere.</strong></span> 
     </span>
    </p>
   </div>
   <div class='ocr_carea' id='block_1_9' title="bbox 473 911 2046 984">
    <p class='ocr_par' dir='ltr' id='par_1_9' title="bbox 473 911 2046 984">
     <span class='ocr_line' id='line_1_9' title="bbox 473 911 2046 984; baseline -0.004 -13"><span class='ocrx_word' id='word_1_47' title='bbox 473 914 743 971; x_wconf 80' lang='lat' dir='ltr'><strong>Dicuntur</strong></span> <span class='ocrx_word' id='word_1_48' title='bbox 772 914 915 969; x_wconf 85' lang='lat' dir='ltr'><strong>enim</strong></span> <span class='ocrx_word' id='word_1_49' title='bbox 941 913 1105 968; x_wconf 89' lang='lat' dir='ltr'><strong>etiam</strong></span> <span class='ocrx_word' id='word_1_50' title='bbox 1140 913 1235 968; x_wconf 87' lang='lat' dir='ltr'><strong>Dei</strong></span> <span class='ocrx_word' id='word_1_51' title='bbox 1283 914 1530 984; x_wconf 65' lang='lat' dir='ltr'><strong>quaedam</strong></span> <span class='ocrx_word' id='word_1_52' title='bbox 1580 927 1703 969; x_wconf 88' lang='lat' dir='ltr'><strong>esse</strong></span> <span class='ocrx_word' id='word_1_53' title='bbox 1752 911 2046 979; x_wconf 87' lang='lat' dir='ltr'><strong>desideria,</strong></span> 
     </span>
    </p>
   </div>
   <div class='ocr_carea' id='block_1_10' title="bbox 474 1003 2047 1076">
    <p class='ocr_par' dir='ltr' id='par_1_10' title="bbox 474 1003 2047 1076">
     <span class='ocr_line' id='line_1_10' title="bbox 474 1003 2047 1076; baseline -0.004 -13"><span class='ocrx_word' id='word_1_54' title='bbox 474 1009 583 1064; x_wconf 89' lang='lat' dir='ltr'><strong>isto</strong></span> <span class='ocrx_word' id='word_1_55' title='bbox 631 1009 791 1064; x_wconf 91' lang='lat' dir='ltr'><strong>modo</strong></span> <span class='ocrx_word' id='word_1_56' title='bbox 822 1008 902 1063; x_wconf 91' lang='lat' dir='ltr'><strong>sic</strong></span> <span class='ocrx_word' id='word_1_57' title='bbox 934 1008 1095 1063; x_wconf 88' lang='lat' dir='ltr'><strong>dictis</strong></span> <span class='ocrx_word' id='word_1_58' title='bbox 1136 1006 1504 1062; x_wconf 72' lang='lat' dir='ltr'><strong>voluntatibus</strong></span> <span class='ocrx_word' id='word_1_59' title='bbox 1547 1005 1756 1076; x_wconf 88' lang='lat' dir='ltr'><strong>ipsius;</strong></span> <span class='ocrx_word' id='word_1_60' title='bbox 1810 1004 1954 1058; x_wconf 88' lang='lat' dir='ltr'><strong>unde</strong></span> <span class='ocrx_word' id='word_1_61' title='bbox 1996 1003 2047 1057; x_wconf 90' lang='lat' dir='ltr'><strong>in</strong></span> 
     </span>
    </p>
   </div>
   <div class='ocr_carea' id='block_1_11' title="bbox 479 1098 2048 1172">
    <p class='ocr_par' dir='ltr' id='par_1_11' title="bbox 479 1098 2048 1172">
     <span class='ocr_line' id='line_1_11' title="bbox 479 1098 2048 1172; baseline -0.004 -14"><span class='ocrx_word' id='word_1_62' title='bbox 479 1103 691 1158; x_wconf 86' lang='lat' dir='ltr'><strong>decimo</strong></span> <span class='ocrx_word' id='word_1_63' title='bbox 738 1112 930 1158; x_wconf 89' lang='lat' dir='ltr'><strong>octavo</strong></span> <span class='ocrx_word' id='word_1_64' title='bbox 975 1100 1180 1172; x_wconf 83' lang='lat' dir='ltr'><strong>psalmo</strong></span> <span class='ocrx_word' id='word_1_65' title='bbox 1206 1101 1252 1133; x_wconf 74' lang='grc'>³⁸</span> <span class='ocrx_word' id='word_1_66' title='bbox 1293 1101 1493 1155; x_wconf 88' lang='lat' dir='ltr'><strong>dictum</strong></span> <span class='ocrx_word' id='word_1_67' title='bbox 1531 1110 1614 1156; x_wconf 86' lang='lat' dir='ltr'><strong>est</strong></span> <span class='ocrx_word' id='word_1_68' title='bbox 1642 1114 1658 1153; x_wconf 91' lang='lat'><strong>:</strong></span> <span class='ocrx_word' id='word_1_69' title='bbox 1687 1098 1901 1154; x_wconf 74' lang='lat' dir='ltr'><strong>Iudicia</strong></span> <span class='ocrx_word' id='word_1_70' title='bbox 1938 1098 2048 1152; x_wconf 88' lang='lat' dir='ltr'><strong>Do-</strong></span> 
     </span>
    </p>
   </div>
   <div class='ocr_carea' id='block_1_12' title="bbox 476 1191 2052 1266">
    <p class='ocr_par' dir='ltr' id='par_1_12' title="bbox 476 1191 2052 1266">
     <span class='ocr_line' id='line_1_12' title="bbox 476 1191 2052 1266; baseline -0.005 -14"><span class='ocrx_word' id='word_1_71' title='bbox 476 1197 605 1252; x_wconf 80' lang='lat' dir='ltr'><strong>mini</strong></span> <span class='ocrx_word' id='word_1_72' title='bbox 637 1213 782 1262; x_wconf 86' lang='lat' dir='ltr'><strong>vera,</strong></span> <span class='ocrx_word' id='word_1_73' title='bbox 812 1194 1109 1266; x_wconf 71' lang='lat' dir='ltr'><strong>justi/irata</strong></span> <span class='ocrx_word' id='word_1_74' title='bbox 1171 1194 1227 1248; x_wconf 86' lang='lat' dir='ltr'><strong>in</strong></span> <span class='ocrx_word' id='word_1_75' title='bbox 1288 1193 1547 1264; x_wconf 74' lang='lat' dir='ltr'><strong>idipsum;</strong></span> <span class='ocrx_word' id='word_1_76' title='bbox 1601 1191 1860 1247; x_wconf 79' lang='lat' dir='ltr'><strong>desideria</strong></span> <span class='ocrx_word' id='word_1_77' title='bbox 1895 1205 2052 1260; x_wconf 81' lang='lat' dir='ltr'><strong>super</strong></span> 
     </span>
    </p>
   </div>
   <div class='ocr_carea' id='block_1_13' title="bbox 477 1282 2047 1358">
    <p class='ocr_par' dir='ltr' id='par_1_13' title="bbox 477 1282 2047 1358">
     <span class='ocr_line' id='line_1_13' title="bbox 477 1282 2047 1358; baseline -0.003 -16"><span class='ocrx_word' id='word_1_78' title='bbox 477 1304 667 1342; x_wconf 88' lang='lat' dir='ltr'><strong>aurum</strong></span> <span class='ocrx_word' id='word_1_79' title='bbox 702 1296 752 1341; x_wconf 86' lang='lat' dir='ltr'><strong>et</strong></span> <span class='ocrx_word' id='word_1_80' title='bbox 781 1288 1007 1358; x_wconf 83' lang='lat' dir='ltr'><strong>lapidem</strong></span> <span class='ocrx_word' id='word_1_81' title='bbox 1034 1286 1319 1356; x_wconf 78' lang='lat' dir='ltr'><strong>pretiosum</strong></span> <span class='ocrx_word' id='word_1_82' title='bbox 1342 1285 1593 1339; x_wconf 85' lang='lat' dir='ltr'><strong>multum.</strong></span> <span class='ocrx_word' id='word_1_83' title='bbox 1628 1282 1781 1352; x_wconf 85' lang='lat' dir='ltr'><strong>Quod</strong></span> <span class='ocrx_word' id='word_1_84' title='bbox 1808 1284 1851 1338; x_wconf 89' lang='lat' dir='ltr'><strong>si</strong></span> <span class='ocrx_word' id='word_1_85' title='bbox 1878 1284 2047 1348; x_wconf 80' lang='lat' dir='ltr'><strong>legas,</strong></span> 
     </span>
    </p>
   </div>
   <div class='ocr_carea' id='block_1_14' title="bbox 476 1376 2052 1447">
    <p class='ocr_par' dir='ltr' id='par_1_14' title="bbox 476 1376 2052 1447">
     <span class='ocr_line' id='line_1_14' title="bbox 476 1376 2052 1447; baseline -0.003 -13"><span class='ocrx_word' id='word_1_86' title='bbox 476 1379 845 1434; x_wconf 72' lang='lat' dir='ltr'><strong>desiderabilia</strong></span> <span class='ocrx_word' id='word_1_87' title='bbox 865 1394 1023 1447; x_wconf 78' lang='lat' dir='ltr'><strong>super</strong></span> <span class='ocrx_word' id='word_1_88' title='bbox 1058 1393 1246 1431; x_wconf 86' lang='lat' dir='ltr'><strong>aurum</strong></span> <span class='ocrx_word' id='word_1_89' title='bbox 1273 1384 1322 1431; x_wconf 85' lang='lat' dir='ltr'><strong>et</strong></span> <span class='ocrx_word' id='word_1_90' title='bbox 1354 1376 1578 1447; x_wconf 87' lang='lat' dir='ltr'><strong>lapidem</strong></span> <span class='ocrx_word' id='word_1_91' title='bbox 1599 1378 1883 1445; x_wconf 82' lang='lat' dir='ltr'><strong>pretiosum</strong></span> <span class='ocrx_word' id='word_1_92' title='bbox 1914 1377 2052 1432; x_wconf 80' lang='lat' dir='ltr'><strong>mul-</strong></span> 
     </span>
    </p>
   </div>
   <div class='ocr_carea' id='block_1_15' title="bbox 478 1466 2049 1538">
    <p class='ocr_par' dir='ltr' id='par_1_15' title="bbox 478 1466 2049 1538">
     <span class='ocr_line' id='line_1_15' title="bbox 478 1466 2049 1538; baseline -0.001 -14"><span class='ocrx_word' id='word_1_93' title='bbox 478 1481 610 1536; x_wconf 78' lang='lat' dir='ltr'><strong>tum,</strong></span> <span class='ocrx_word' id='word_1_94' title='bbox 638 1478 698 1524; x_wconf 95' lang='lat' dir='ltr'><strong>ut</strong></span> <span class='ocrx_word' id='word_1_95' title='bbox 737 1470 983 1538; x_wconf 79' lang='lat' dir='ltr'><strong>quaedam</strong></span> <span class='ocrx_word' id='word_1_96' title='bbox 1019 1466 1221 1521; x_wconf 82' lang='lat' dir='ltr'><strong>habent</strong></span> <span class='ocrx_word' id='word_1_97' title='bbox 1246 1467 1602 1536; x_wconf 79' lang='lat' dir='ltr'><strong><em>exemplaria,</em></strong></span> <span class='ocrx_word' id='word_1_98' title='bbox 1640 1468 1787 1523; x_wconf 89' lang='lat' dir='ltr'><strong>dices</strong></span> <span class='ocrx_word' id='word_1_99' title='bbox 1836 1468 2049 1523; x_wconf 89' lang='lat' dir='ltr'><strong>deside-</strong></span> 
     </span>
    </p>
   </div>
   <div class='ocr_carea' id='block_1_16' title="bbox 477 1541 2048 1631">
    <p class='ocr_par' dir='ltr' id='par_1_16' title="bbox 477 1541 2048 1631">
     <span class='ocr_line' id='line_1_16' title="bbox 477 1541 2048 1631; baseline -0.003 -14"><span class='ocrx_word' id='word_1_100' title='bbox 477 1541 667 1618; x_wconf 67' lang='lat' dir='ltr'><strong>rabilia</strong></span> <span class='ocrx_word' id='word_1_101' title='bbox 699 1561 861 1628; x_wconf 87' lang='lat' dir='ltr'><strong>digna</strong></span> <span class='ocrx_word' id='word_1_102' title='bbox 883 1575 1004 1616; x_wconf 91' lang='lat' dir='ltr'><strong>esse</strong></span> <span class='ocrx_word' id='word_1_103' title='bbox 1029 1568 1086 1614; x_wconf 95' lang='lat' dir='ltr'><strong>ut</strong></span> <span class='ocrx_word' id='word_1_104' title='bbox 1113 1557 1315 1631; x_wconf 76' lang='lat' dir='ltr'><strong>aliquis</strong></span> <span class='ocrx_word' id='word_1_105' title='bbox 1339 1560 1607 1615; x_wconf 79' lang='lat' dir='ltr'><strong>desideret</strong></span> <span class='ocrx_word' id='word_1_106' title='bbox 1634 1575 1731 1627; x_wconf 87' lang='lat' dir='ltr'><strong>ea;</strong></span> <span class='ocrx_word' id='word_1_107' title='bbox 1765 1560 1905 1615; x_wconf 86' lang='lat' dir='ltr'><strong>sicut</strong></span> <span class='ocrx_word' id='word_1_108' title='bbox 1935 1558 2048 1613; x_wconf 90' lang='lat' dir='ltr'><strong>lau-</strong></span> 
     </span>
    </p>
   </div>
   <div class='ocr_carea' id='block_1_17' title="bbox 478 1644 2045 1722">
    <p class='ocr_par' dir='ltr' id='par_1_17' title="bbox 478 1644 2045 1722">
     <span class='ocr_line' id='line_1_17' title="bbox 478 1644 2045 1722; baseline -0.004 -11"><span class='ocrx_word' id='word_1_109' title='bbox 478 1644 696 1720; x_wconf 87' lang='lat' dir='ltr'><strong>dabilia,</strong></span> <span class='ocrx_word' id='word_1_110' title='bbox 730 1664 791 1709; x_wconf 91' lang='lat' dir='ltr'><strong>ut</strong></span> <span class='ocrx_word' id='word_1_111' title='bbox 821 1652 1144 1718; x_wconf 83' lang='lat' dir='ltr'><strong>laudentur;</strong></span> <span class='ocrx_word' id='word_1_112' title='bbox 1189 1659 1245 1705; x_wconf 82' lang='lat' dir='ltr'><strong>et</strong></span> <span class='ocrx_word' id='word_1_113' title='bbox 1275 1651 1583 1722; x_wconf 85' lang='lat' dir='ltr'><strong>diligibilia,</strong></span> <span class='ocrx_word' id='word_1_114' title='bbox 1629 1662 1687 1707; x_wconf 91' lang='lat' dir='ltr'><strong>ut</strong></span> <span class='ocrx_word' id='word_1_115' title='bbox 1730 1652 2045 1722; x_wconf 89' lang='lat' dir='ltr'><strong>diligantur.</strong></span> 
     </span>
    </p>
   </div>
   <div class='ocr_carea' id='block_1_18' title="bbox 477 1743 2049 1817">
    <p class='ocr_par' dir='ltr' id='par_1_18' title="bbox 477 1743 2049 1817">
     <span class='ocr_line' id='line_1_18' title="bbox 477 1743 2049 1817; baseline -0.002 -15"><span class='ocrx_word' id='word_1_116' title='bbox 477 1746 549 1807; x_wconf 81' lang='lat' dir='ltr'><strong>Ut</strong></span> <span class='ocrx_word' id='word_1_117' title='bbox 577 1747 743 1817; x_wconf 82' lang='lat' dir='ltr'><strong>igitur</strong></span> <span class='ocrx_word' id='word_1_118' title='bbox 771 1744 1060 1801; x_wconf 86' lang='lat' dir='ltr'><strong>benedicta</strong></span> <span class='ocrx_word' id='word_1_119' title='bbox 1099 1743 1270 1815; x_wconf 88' lang='lat' dir='ltr'><strong>magis</strong></span> <span class='ocrx_word' id='word_1_120' title='bbox 1312 1759 1343 1798; x_wconf 88' lang='lat' dir='ltr'><strong>a</strong></span> <span class='ocrx_word' id='word_1_121' title='bbox 1383 1744 1494 1799; x_wconf 86' lang='lat' dir='ltr'><strong>Deo</strong></span> <span class='ocrx_word' id='word_1_122' title='bbox 1538 1744 1951 1809; x_wconf 90' lang='lat' dir='ltr'><strong>benedicuntur,</strong></span> <span class='ocrx_word' id='word_1_123' title='bbox 1993 1752 2049 1799; x_wconf 90' lang='lat' dir='ltr'><strong>et</strong></span> 
     </span>
    </p>
   </div>
   <div class='ocr_carea' id='block_1_19' title="bbox 478 1835 2046 1909">
    <p class='ocr_par' dir='ltr' id='par_1_19' title="bbox 478 1835 2046 1909">
     <span class='ocr_line' id='line_1_19' title="bbox 478 1835 2046 1909; baseline -0.004 -15"><span class='ocrx_word' id='word_1_124' title='bbox 478 1836 763 1909; x_wconf 88' lang='lat' dir='ltr'><strong>diligibilia</strong></span> <span class='ocrx_word' id='word_1_125' title='bbox 816 1837 988 1908; x_wconf 83' lang='lat' dir='ltr'><strong>magis</strong></span> <span class='ocrx_word' id='word_1_126' title='bbox 1017 1851 1047 1891; x_wconf 90' lang='lat' dir='ltr'><strong>a</strong></span> <span class='ocrx_word' id='word_1_127' title='bbox 1085 1837 1197 1891; x_wconf 87' lang='lat' dir='ltr'><strong>Deo</strong></span> <span class='ocrx_word' id='word_1_128' title='bbox 1227 1835 1547 1907; x_wconf 87' lang='lat' dir='ltr'><strong>diliguntur,</strong></span> <span class='ocrx_word' id='word_1_129' title='bbox 1577 1835 1658 1890; x_wconf 91' lang='lat' dir='ltr'><strong>sic</strong></span> <span class='ocrx_word' id='word_1_130' title='bbox 1686 1835 1850 1891; x_wconf 88' lang='lat' dir='ltr'><strong>etiam</strong></span> <span class='ocrx_word' id='word_1_131' title='bbox 1902 1836 2046 1892; x_wconf 82' lang='lat' dir='ltr'><strong>desi-</strong></span> 
     </span>
    </p>
   </div>
   <div class='ocr_carea' id='block_1_20' title="bbox 2149 633 3731 711">
    <p class='ocr_par' dir='ltr' id='par_1_20' title="bbox 2149 633 3731 711">
     <span class='ocr_line' id='line_1_20' title="bbox 2149 633 3731 711; baseline 0.004 -24"><span class='ocrx_word' id='word_1_132' title='bbox 2149 633 2315 688; x_wconf 82' lang='grc' dir='ltr'>αὐτοῦ</span> <span class='ocrx_word' id='word_1_133' title='bbox 2339 634 2446 687; x_wconf 79' lang='grc' dir='ltr'>τῶν</span> <span class='ocrx_word' id='word_1_134' title='bbox 2487 634 2812 708; x_wconf 81' lang='grc' dir='ltr'><strong>βουλήσεων.</strong></span> <span class='ocrx_word' id='word_1_135' title='bbox 2857 638 2944 690; x_wconf 83' lang='grc' dir='ltr'>Ἑν</span> <span class='ocrx_word' id='word_1_136' title='bbox 2980 637 3108 707; x_wconf 81' lang='grc' dir='ltr'>γοῦν</span> <span class='ocrx_word' id='word_1_137' title='bbox 3140 637 3209 710; x_wconf 81' lang='grc' dir='ltr'><strong>ιη’</strong></span> <span class='ocrx_word' id='word_1_138' title='bbox 3236 637 3437 710; x_wconf 66' lang='grc' dir='ltr'>ψαλμῷ</span> <span class='ocrx_word' id='word_1_139' title='bbox 3471 639 3731 711; x_wconf 69' lang='grc' dir='ltr'>εἴρηται·</span> 
     </span>
    </p>
   </div>
   <div class='ocr_carea' id='block_1_21' title="bbox 2155 726 3736 801">
    <p class='ocr_par' dir='ltr' id='par_1_21' title="bbox 2155 726 3736 801">
     <span class='ocr_line' id='line_1_21' title="bbox 2155 726 3736 801; baseline 0.003 -20"><span class='ocrx_word' id='word_1_140' title='bbox 2155 727 2233 781; x_wconf 82' lang='grc' dir='ltr'><strong>Τὰ</strong></span> <span class='ocrx_word' id='word_1_141' title='bbox 2278 726 2531 797; x_wconf 79' lang='grc' dir='ltr'>κρίματα</span> <span class='ocrx_word' id='word_1_142' title='bbox 2579 729 2799 797; x_wconf 74' lang='grc' dir='ltr'>Κυρίου</span> <span class='ocrx_word' id='word_1_143' title='bbox 2834 728 3253 801; x_wconf 69' lang='grc' dir='ltr'><strong>(41)(ὶῖίηθινὰ,</strong></span> <span class='ocrx_word' id='word_1_144' title='bbox 3300 729 3736 800; x_wconf 74' lang='grc' dir='ltr'>δεδικαιωμένα</span> 
     </span>
    </p>
   </div>
   <div class='ocr_carea' id='block_1_22' title="bbox 2148 818 3736 892">
    <p class='ocr_par' dir='ltr' id='par_1_22' title="bbox 2148 818 3736 892">
     <span class='ocr_line' id='line_1_22' title="bbox 2148 818 3736 892; baseline 0.002 -19"><span class='ocrx_word' id='word_1_145' title='bbox 2148 819 2247 873; x_wconf 77' lang='grc' dir='ltr'>ἐπὶ</span> <span class='ocrx_word' id='word_1_146' title='bbox 2280 818 2345 873; x_wconf 84' lang='grc' dir='ltr'>τὸ</span> <span class='ocrx_word' id='word_1_147' title='bbox 2369 819 2543 874; x_wconf 85' lang='grc' dir='ltr'>αὑτό·</span> <span class='ocrx_word' id='word_1_148' title='bbox 2575 820 2905 892; x_wconf 79' lang='grc' dir='ltr'><strong>ἐπιθυμητὰ</strong></span> <span class='ocrx_word' id='word_1_149' title='bbox 2949 819 3102 890; x_wconf 73' lang='grc' dir='ltr'>ὑπὲρ</span> <span class='ocrx_word' id='word_1_150' title='bbox 3132 822 3394 890; x_wconf 75' lang='grc' dir='ltr'>χρυσίον</span> <span class='ocrx_word' id='word_1_151' title='bbox 3424 822 3527 876; x_wconf 72' lang='grc' dir='ltr'><strong>καί</strong></span> <span class='ocrx_word' id='word_1_152' title='bbox 3561 824 3736 878; x_wconf 74' lang='grc' dir='ltr'>λίθον</span> 
     </span>
    </p>
   </div>
   <div class='ocr_carea' id='block_1_23' title="bbox 2149 912 3735 987">
    <p class='ocr_par' dir='ltr' id='par_1_23' title="bbox 2149 912 3735 987">
     <span class='ocr_line' id='line_1_23' title="bbox 2149 912 3735 987; baseline 0.003 -23"><span class='ocrx_word' id='word_1_153' title='bbox 2149 912 2342 981; x_wconf 79' lang='grc' dir='ltr'>τίμιον</span> <span class='ocrx_word' id='word_1_154' title='bbox 2381 915 2608 966; x_wconf 72' lang='grc' dir='ltr'>πολύνσ</span> <span class='ocrx_word' id='word_1_155' title='bbox 2663 912 2785 980; x_wconf 83' lang='grc' dir='ltr'><strong>κᾶν,</strong></span> <span class='ocrx_word' id='word_1_156' title='bbox 2832 912 2906 978; x_wconf 83' lang='grc' dir='ltr'>ὥς</span> <span class='ocrx_word' id='word_1_157' title='bbox 2951 931 3073 967; x_wconf 90' lang='grc' dir='ltr'>τινα</span> <span class='ocrx_word' id='word_1_158' title='bbox 3118 912 3176 967; x_wconf 84' lang='grc' dir='ltr'><strong>δὲ</strong></span> <span class='ocrx_word' id='word_1_159' title='bbox 3218 913 3326 967; x_wconf 85' lang='grc' dir='ltr'><strong>τῶν</strong></span> <span class='ocrx_word' id='word_1_160' title='bbox 3373 915 3735 987; x_wconf 72' lang='grc' dir='ltr'><strong>ἀντιγράφων</strong></span> 
     </span>
    </p>
   </div>
   <div class='ocr_carea' id='block_1_24' title="bbox 2150 1001 3735 1078">
    <p class='ocr_par' dir='ltr' id='par_1_24' title="bbox 2150 1001 3735 1078">
     <span class='ocr_line' id='line_1_24' title="bbox 2150 1001 3735 1078; baseline 0.004 -21"><span class='ocrx_word' id='word_1_161' title='bbox 2150 1003 2263 1075; x_wconf 75' lang='grc' dir='ltr'>ἔχει</span> <span class='ocrx_word' id='word_1_162' title='bbox 2297 1003 2432 1077; x_wconf 75' lang='grc'><strong>(42),</strong></span> <span class='ocrx_word' id='word_1_163' title='bbox 2578 1005 2661 1061; x_wconf 83' lang='grc' dir='ltr'><strong><em>Τὰ</em></strong></span> <span class='ocrx_word' id='word_1_164' title='bbox 2686 1005 3100 1076; x_wconf 79' lang='grc' dir='ltr'>ἐπιθυμήματα</span> <span class='ocrx_word' id='word_1_165' title='bbox 3126 1007 3278 1078; x_wconf 75' lang='grc' dir='ltr'>ὑπὲρ</span> <span class='ocrx_word' id='word_1_166' title='bbox 3329 1008 3609 1078; x_wconf 81' lang='grc' dir='ltr'>χρυσίον</span> <span class='ocrx_word' id='word_1_167' title='bbox 3641 1008 3735 1063; x_wconf 76' lang='grc' dir='ltr'><strong>καὶ</strong></span> 
     </span>
    </p>
   </div>
   <div class='ocr_carea' id='block_1_25' title="bbox 2148 1098 3736 1173">
    <p class='ocr_par' dir='ltr' id='par_1_25' title="bbox 2148 1098 3736 1173">
     <span class='ocr_line' id='line_1_25' title="bbox 2148 1098 3736 1173; baseline 0.001 -22"><span class='ocrx_word' id='word_1_168' title='bbox 2148 1099 2322 1153; x_wconf 69' lang='grc' dir='ltr'>λίθον</span> <span class='ocrx_word' id='word_1_169' title='bbox 2344 1099 2537 1169; x_wconf 78' lang='grc' dir='ltr'>τίμιον</span> <span class='ocrx_word' id='word_1_170' title='bbox 2567 1098 2783 1164; x_wconf 77' lang='grc' dir='ltr'>πολὺν,</span> <span class='ocrx_word' id='word_1_171' title='bbox 2816 1101 3027 1172; x_wconf 78' lang='grc' dir='ltr'><strong>φήσεις,</strong></span> <span class='ocrx_word' id='word_1_172' title='bbox 3068 1101 3149 1155; x_wconf 87' lang='grc' dir='ltr'><strong>ὃτι</strong></span> <span class='ocrx_word' id='word_1_173' title='bbox 3187 1101 3256 1156; x_wconf 77' lang='grc' dir='ltr'>τὰ</span> <span class='ocrx_word' id='word_1_174' title='bbox 3285 1100 3619 1173; x_wconf 73' lang='grc' dir='ltr'>ἐπιθυμητὰ</span> <span class='ocrx_word' id='word_1_175' title='bbox 3635 1100 3736 1171; x_wconf 66' lang='grc'><strong>(63)</strong></span> 
     </span>
    </p>
   </div>
   <div class='ocr_carea' id='block_1_26' title="bbox 2149 1190 3734 1267">
    <p class='ocr_par' dir='ltr' id='par_1_26' title="bbox 2149 1190 3734 1267">
     <span class='ocr_line' id='line_1_26' title="bbox 2149 1190 3734 1267; baseline 0.001 -23"><span class='ocrx_word' id='word_1_176' title='bbox 2149 1191 2245 1246; x_wconf 90' lang='grc' dir='ltr'><strong>τοῦ</strong></span> <span class='ocrx_word' id='word_1_177' title='bbox 2264 1190 2597 1267; x_wconf 85' lang='grc' dir='ltr'>ἐπιθυμῆσαί</span> <span class='ocrx_word' id='word_1_178' title='bbox 2646 1209 2768 1245; x_wconf 90' lang='grc' dir='ltr'>τινα</span> <span class='ocrx_word' id='word_1_179' title='bbox 2803 1192 2979 1246; x_wconf 74' lang='grc' dir='ltr'>αὐτῶν</span> <span class='ocrx_word' id='word_1_180' title='bbox 3009 1190 3134 1258; x_wconf 76' lang='grc' dir='ltr'><strong>ἄξιά</strong></span> <span class='ocrx_word' id='word_1_181' title='bbox 3162 1194 3328 1256; x_wconf 86' lang='grc' dir='ltr'>ἐστιν,</span> <span class='ocrx_word' id='word_1_182' title='bbox 3355 1193 3433 1256; x_wconf 84' lang='grc' dir='ltr'><strong>ὡς</strong></span> <span class='ocrx_word' id='word_1_183' title='bbox 3479 1193 3555 1247; x_wconf 73' lang='grc' dir='ltr'>τὰ</span> <span class='ocrx_word' id='word_1_184' title='bbox 3588 1192 3734 1246; x_wconf 79' lang='grc' dir='ltr'>εὐλο-</span> 
     </span>
    </p>
   </div>
   <div class='ocr_carea' id='block_1_27' title="bbox 2147 1281 3731 1356">
    <p class='ocr_par' dir='ltr' id='par_1_27' title="bbox 2147 1281 3731 1356">
     <span class='ocr_line' id='line_1_27' title="bbox 2147 1281 3731 1356; baseline 0.004 -21"><span class='ocrx_word' id='word_1_185' title='bbox 2147 1281 2291 1355; x_wconf 74' lang='grc' dir='ltr'><strong>γητὰ</strong></span> <span class='ocrx_word' id='word_1_186' title='bbox 2311 1281 2402 1336; x_wconf 88' lang='grc' dir='ltr'><strong>τοῦ</strong></span> <span class='ocrx_word' id='word_1_187' title='bbox 2429 1282 2770 1355; x_wconf 80' lang='grc' dir='ltr'>εὐλογῆσθαι,</span> <span class='ocrx_word' id='word_1_188' title='bbox 2793 1283 2886 1337; x_wconf 73' lang='grc' dir='ltr'><strong>καὶ</strong></span> <span class='ocrx_word' id='word_1_189' title='bbox 2908 1284 2974 1339; x_wconf 78' lang='grc' dir='ltr'>τὰ</span> <span class='ocrx_word' id='word_1_190' title='bbox 2995 1282 3253 1356; x_wconf 61' lang='grc' dir='ltr'><strong>ἀγαπητὰ</strong></span> <span class='ocrx_word' id='word_1_191' title='bbox 3272 1284 3365 1339; x_wconf 89' lang='grc' dir='ltr'><strong>τοῦ</strong></span> <span class='ocrx_word' id='word_1_192' title='bbox 3384 1285 3731 1353; x_wconf 72' lang='grc' dir='ltr'><strong>ἀγαπᾶσθαι.</strong></span> 
     </span>
    </p>
   </div>
   <div class='ocr_carea' id='block_1_28' title="bbox 2152 1371 3733 1450">
    <p class='ocr_par' dir='ltr' id='par_1_28' title="bbox 2152 1371 3733 1450">
     <span class='ocr_line' id='line_1_28' title="bbox 2152 1371 3733 1450; baseline 0.002 -23"><span class='ocrx_word' id='word_1_193' title='bbox 2152 1375 2360 1446; x_wconf 85' lang='grc' dir='ltr'>Ὠσπερ</span> <span class='ocrx_word' id='word_1_194' title='bbox 2395 1371 2488 1429; x_wconf 83' lang='grc' dir='ltr'><strong>οὖν</strong></span> <span class='ocrx_word' id='word_1_195' title='bbox 2511 1376 2580 1431; x_wconf 84' lang='grc' dir='ltr'><strong>τὰ</strong></span> <span class='ocrx_word' id='word_1_196' title='bbox 2609 1375 2877 1448; x_wconf 78' lang='grc' dir='ltr'>εὐλογητὰ</span> <span class='ocrx_word' id='word_1_197' title='bbox 2897 1377 3007 1450; x_wconf 64' lang='lat' dir='ltr'><strong>(ﬂ)</strong></span> <span class='ocrx_word' id='word_1_198' title='bbox 3042 1377 3241 1449; x_wconf 76' lang='grc' dir='ltr'>μᾶλλον</span> <span class='ocrx_word' id='word_1_199' title='bbox 3270 1376 3374 1431; x_wconf 80' lang='grc' dir='ltr'><strong>ὑπὸ</strong></span> <span class='ocrx_word' id='word_1_200' title='bbox 3400 1377 3547 1431; x_wconf 89' lang='grc' dir='ltr'>Θεοῦ</span> <span class='ocrx_word' id='word_1_201' title='bbox 3583 1377 3733 1431; x_wconf 70' lang='grc' dir='ltr'>εὐλο-</span> 
     </span>
    </p>
   </div>
   <div class='ocr_carea' id='block_1_29' title="bbox 2149 1467 3733 1541">
    <p class='ocr_par' dir='ltr' id='par_1_29' title="bbox 2149 1467 3733 1541">
     <span class='ocr_line' id='line_1_29' title="bbox 2149 1467 3733 1541; baseline 0.001 -21"><span class='ocrx_word' id='word_1_202' title='bbox 2149 1469 2342 1537; x_wconf 84' lang='grc' dir='ltr'>γεῖται,</span> <span class='ocrx_word' id='word_1_203' title='bbox 2372 1467 2467 1522; x_wconf 78' lang='grc' dir='ltr'><strong>καὶ</strong></span> <span class='ocrx_word' id='word_1_204' title='bbox 2497 1467 2566 1522; x_wconf 70' lang='grc' dir='ltr'>τὰ</span> <span class='ocrx_word' id='word_1_205' title='bbox 2594 1469 2847 1541; x_wconf 78' lang='grc' dir='ltr'>ἀγαπητὰ</span> <span class='ocrx_word' id='word_1_206' title='bbox 2892 1469 3089 1541; x_wconf 75' lang='grc' dir='ltr'>μᾶλλον</span> <span class='ocrx_word' id='word_1_207' title='bbox 3123 1469 3227 1522; x_wconf 67' lang='grc' dir='ltr'>ὑπὸ</span> <span class='ocrx_word' id='word_1_208' title='bbox 3254 1469 3389 1523; x_wconf 83' lang='grc' dir='ltr'><strong>Θεοῦ</strong></span> <span class='ocrx_word' id='word_1_209' title='bbox 3420 1470 3733 1539; x_wconf 78' lang='grc' dir='ltr'>ἀγαπᾶται,</span> 
     </span>
    </p>
   </div>
   <div class='ocr_carea' id='block_1_30' title="bbox 2147 1553 3734 1630">
    <p class='ocr_par' dir='ltr' id='par_1_30' title="bbox 2147 1553 3734 1630">
     <span class='ocr_line' id='line_1_30' title="bbox 2147 1553 3734 1630; baseline 0.003 -23"><span class='ocrx_word' id='word_1_210' title='bbox 2147 1553 2286 1607; x_wconf 78' lang='grc' dir='ltr'>οὕτω</span> <span class='ocrx_word' id='word_1_211' title='bbox 2314 1556 2406 1608; x_wconf 80' lang='grc' dir='ltr'><strong>καὶ</strong></span> <span class='ocrx_word' id='word_1_212' title='bbox 2433 1554 2501 1609; x_wconf 81' lang='grc' dir='ltr'>τὰ</span> <span class='ocrx_word' id='word_1_213' title='bbox 2526 1556 2834 1628; x_wconf 75' lang='grc' dir='ltr'><strong>ἐπιθυμητὰ</strong></span> <span class='ocrx_word' id='word_1_214' title='bbox 2863 1558 3061 1630; x_wconf 80' lang='grc' dir='ltr'>μᾶλλον</span> <span class='ocrx_word' id='word_1_215' title='bbox 3086 1558 3151 1612; x_wconf 80' lang='grc' dir='ltr'>ἂν</span> <span class='ocrx_word' id='word_1_216' title='bbox 3186 1559 3288 1612; x_wconf 75' lang='grc' dir='ltr'><strong>ὑπὸ</strong></span> <span class='ocrx_word' id='word_1_217' title='bbox 3317 1558 3459 1614; x_wconf 83' lang='grc' dir='ltr'>Θεοῦ</span> <span class='ocrx_word' id='word_1_218' title='bbox 3500 1561 3734 1629; x_wconf 72' lang='grc' dir='ltr'>εὐλογώ-</span> 
     </span>
    </p>
   </div>
   <div class='ocr_carea' id='block_1_31' title="bbox 2146 1645 3735 1725">
    <p class='ocr_par' dir='ltr' id='par_1_31' title="bbox 2146 1645 3735 1725">
     <span class='ocr_line' id='line_1_31' title="bbox 2146 1645 3735 1725; baseline 0.006 -26"><span class='ocrx_word' id='word_1_219' title='bbox 2146 1662 2301 1717; x_wconf 83' lang='grc' dir='ltr'>τερον</span> <span class='ocrx_word' id='word_1_220' title='bbox 2311 1645 2669 1721; x_wconf 84' lang='grc' dir='ltr'>ἐπιθυμηθείη</span> <span class='ocrx_word' id='word_1_221' title='bbox 2686 1649 2817 1721; x_wconf 71' lang='grc'><strong>(45),</strong></span> <span class='ocrx_word' id='word_1_222' title='bbox 2834 1652 3735 1725; x_wconf 74' lang='grc' dir='ltr'>εὐγνωμονέστερονήμῶνάκουόν-</span> 
     </span>
    </p>
   </div>
   <div class='ocr_carea' id='block_1_32' title="bbox 2144 1739 3733 1818">
    <p class='ocr_par' dir='ltr' id='par_1_32' title="bbox 2144 1739 3733 1818">
     <span class='ocr_line' id='line_1_32' title="bbox 2144 1739 3733 1818; baseline 0.008 -27"><span class='ocrx_word' id='word_1_223' title='bbox 2144 1755 2273 1803; x_wconf 90' lang='grc' dir='ltr'>των,</span> <span class='ocrx_word' id='word_1_224' title='bbox 2306 1739 2383 1803; x_wconf 83' lang='grc' dir='ltr'><strong>ὡς</strong></span> <span class='ocrx_word' id='word_1_225' title='bbox 2411 1742 2841 1814; x_wconf 80' lang='grc' dir='ltr'>προειρήκαμεν,</span> <span class='ocrx_word' id='word_1_226' title='bbox 2870 1743 2971 1814; x_wconf 82' lang='grc' dir='ltr'>τῆς</span> <span class='ocrx_word' id='word_1_227' title='bbox 2995 1743 3317 1816; x_wconf 79' lang='grc' dir='ltr'>ἐπιθυμίαςο</span> <span class='ocrx_word' id='word_1_228' title='bbox 3352 1745 3447 1799; x_wconf 74' lang='grc' dir='ltr'><strong>καὶ</strong></span> <span class='ocrx_word' id='word_1_229' title='bbox 3481 1747 3514 1800; x_wconf 84' lang='grc' dir='ltr'>ὁ</span> <span class='ocrx_word' id='word_1_230' title='bbox 3542 1746 3733 1818; x_wconf 75' lang='grc' dir='ltr'>Σωτὴρ</span> 
     </span>
    </p>
   </div>
   <div class='ocr_carea' id='block_1_33' title="bbox 2146 1829 3734 1910">
    <p class='ocr_par' dir='ltr' id='par_1_33' title="bbox 2146 1829 3734 1910">
     <span class='ocr_line' id='line_1_33' title="bbox 2146 1829 3734 1910; baseline 0.005 -26"><span class='ocrx_word' id='word_1_231' title='bbox 2146 1829 2202 1884; x_wconf 82' lang='grc' dir='ltr'>δέ</span> <span class='ocrx_word' id='word_1_232' title='bbox 2231 1849 2425 1904; x_wconf 77' lang='grc' dir='ltr'>φησιν’</span> <span class='ocrx_word' id='word_1_233' title='bbox 2473 1834 2775 1904; x_wconf 77' lang='grc' dir='ltr'><strong>Ἐπιθυμίᾳ</strong></span> <span class='ocrx_word' id='word_1_234' title='bbox 2818 1836 3165 1907; x_wconf 81' lang='grc' dir='ltr'>ἐπεθύμησα</span> <span class='ocrx_word' id='word_1_235' title='bbox 3192 1838 3368 1893; x_wconf 85' lang='grc' dir='ltr'>τοῦτο</span> <span class='ocrx_word' id='word_1_236' title='bbox 3402 1838 3477 1893; x_wconf 86' lang='grc' dir='ltr'>τὸ</span> <span class='ocrx_word' id='word_1_237' title='bbox 3515 1840 3734 1910; x_wconf 79' lang='grc' dir='ltr'>Πάσχα</span> 
     </span>
    </p>
   </div>
   <div class='ocr_carea' id='block_1_34' title="bbox 476 1913 2039 2005">
    <p class='ocr_par' dir='ltr' id='par_1_34' title="bbox 476 1926 2039 1996">
     <span class='ocr_line' id='line_1_34' title="bbox 476 1926 2039 1996; baseline -0.004 -9"><span class='ocrx_word' id='word_1_238' title='bbox 476 1930 740 1987; x_wconf 88' lang='lat' dir='ltr'><strong>derabilia</strong></span> <span class='ocrx_word' id='word_1_239' title='bbox 786 1928 1169 1984; x_wconf 86' lang='lat' dir='ltr'><strong>rationabilius</strong></span> <span class='ocrx_word' id='word_1_240' title='bbox 1201 1926 1370 1982; x_wconf 88' lang='lat' dir='ltr'><strong>multo</strong></span> <span class='ocrx_word' id='word_1_241' title='bbox 1413 1941 1444 1981; x_wconf 91' lang='lat' dir='ltr'><strong>a</strong></span> <span class='ocrx_word' id='word_1_242' title='bbox 1496 1927 1606 1982; x_wconf 88' lang='lat' dir='ltr'><strong>Deo</strong></span> <span class='ocrx_word' id='word_1_243' title='bbox 1642 1926 2039 1996; x_wconf 79' lang='lat' dir='ltr'><strong>desiderantur,</strong></span> 
     </span>
    </p>
   </div>
   <div class='ocr_carea' id='block_1_35' title="bbox 2204 1913 3733 2005">
    <p class='ocr_par' dir='ltr' id='par_1_35' title="bbox 2204 1923 3733 2005">
     <span class='ocr_line' id='line_1_35' title="bbox 2204 1923 3733 2005; baseline 0.005 -28"><span class='ocrx_word' id='word_1_244' title='bbox 2204 1923 2358 1995; x_wconf 67' lang='grc' dir='ltr'>κγεῖν</span> <span class='ocrx_word' id='word_1_245' title='bbox 2378 1928 2507 1995; x_wconf 80' lang='grc' dir='ltr'>μεθ’</span> <span class='ocrx_word' id='word_1_246' title='bbox 2536 1925 2722 1997; x_wconf 78' lang='grc' dir='ltr'>ὑμῶν,</span> <span class='ocrx_word' id='word_1_247' title='bbox 2744 1927 2859 1996; x_wconf 81' lang='grc' dir='ltr'>πρὸ</span> <span class='ocrx_word' id='word_1_248' title='bbox 2886 1928 2992 1983; x_wconf 87' lang='grc' dir='ltr'><strong>τοῦ</strong></span> <span class='ocrx_word' id='word_1_249' title='bbox 3015 1947 3092 1999; x_wconf 83' lang='grc' dir='ltr'><strong>με</strong></span> <span class='ocrx_word' id='word_1_250' title='bbox 3116 1930 3345 1986; x_wconf 79' lang='grc' dir='ltr'>παθεῖν.</span> <span class='ocrx_word' id='word_1_251' title='bbox 3378 1932 3455 1985; x_wconf 87' lang='grc' dir='ltr'>Πε</span> <span class='ocrx_word' id='word_1_252' title='bbox 3466 1932 3526 2005; x_wconf 67' lang='lat' dir='ltr'><strong>pi</strong></span> <span class='ocrx_word' id='word_1_253' title='bbox 3556 1932 3619 1986; x_wconf 80' lang='grc' dir='ltr'><strong>δέ</strong></span> <span class='ocrx_word' id='word_1_254' title='bbox 3646 1931 3733 1985; x_wconf 72' lang='grc' dir='ltr'><strong>τοῦ</strong></span> 
     </span>
    </p>
   </div>
   <div class='ocr_carea' id='block_1_36' title="bbox 475 2020 2046 2093">
    <p class='ocr_par' dir='ltr' id='par_1_36' title="bbox 475 2020 2046 2093">
     <span class='ocr_line' id='line_1_36' title="bbox 475 2020 2046 2093; baseline -0.004 -10"><span class='ocrx_word' id='word_1_255' title='bbox 475 2026 780 2092; x_wconf 80' lang='lat' dir='ltr'><strong>candidius,</strong></span> <span class='ocrx_word' id='word_1_256' title='bbox 808 2034 861 2080; x_wconf 90' lang='lat' dir='ltr'><strong>et</strong></span> <span class='ocrx_word' id='word_1_257' title='bbox 886 2024 937 2077; x_wconf 93' lang='lat' dir='ltr'><strong>in</strong></span> <span class='ocrx_word' id='word_1_258' title='bbox 963 2024 1179 2086; x_wconf 85' lang='lat' dir='ltr'><strong>bonam,</strong></span> <span class='ocrx_word' id='word_1_259' title='bbox 1205 2030 1263 2075; x_wconf 94' lang='lat' dir='ltr'><strong>ut</strong></span> <span class='ocrx_word' id='word_1_260' title='bbox 1284 2020 1517 2076; x_wconf 78' lang='lat' dir='ltr'><strong>diximus</strong></span> <span class='ocrx_word' id='word_1_261' title='bbox 1545 2022 1815 2092; x_wconf 85' lang='lat' dir='ltr'><strong>superius,</strong></span> <span class='ocrx_word' id='word_1_262' title='bbox 1837 2031 2046 2093; x_wconf 90' lang='lat' dir='ltr'><strong>partem</strong></span> 
     </span>
    </p>
   </div>
   <div class='ocr_carea' id='block_1_37' title="bbox 476 2115 2052 2191">
    <p class='ocr_par' dir='ltr' id='par_1_37' title="bbox 476 2115 2052 2191">
     <span class='ocr_line' id='line_1_37' title="bbox 476 2115 2052 2191; baseline -0.002 -17"><span class='ocrx_word' id='word_1_263' title='bbox 476 2118 807 2190; x_wconf 86' lang='lat' dir='ltr'><strong>accipientes</strong></span> <span class='ocrx_word' id='word_1_264' title='bbox 854 2116 1153 2189; x_wconf 82' lang='grc' dir='ltr'><strong>ἐπιθυμίαν</strong></span> <span class='ocrx_word' id='word_1_265' title='bbox 1220 2115 1356 2190; x_wconf 83' lang='grc' dir='ltr'>[Ιιοο</span> <span class='ocrx_word' id='word_1_266' title='bbox 1419 2127 1505 2172; x_wconf 89' lang='lat' dir='ltr'><strong>est</strong></span> <span class='ocrx_word' id='word_1_267' title='bbox 1535 2115 1923 2191; x_wconf 88' lang='lat' dir='ltr'><strong>desiderium,]</strong></span> <span class='ocrx_word' id='word_1_268' title='bbox 1965 2116 2052 2172; x_wconf 84' lang='lat' dir='ltr'><strong>di-</strong></span> 
     </span>
    </p>
   </div>
   <div class='ocr_carea' id='block_1_38' title="bbox 476 2207 2047 2267">
    <p class='ocr_par' dir='ltr' id='par_1_38' title="bbox 476 2207 2047 2267">
     <span class='ocr_line' id='line_1_38' title="bbox 476 2207 2047 2267; baseline -0.003 0"><span class='ocrx_word' id='word_1_269' title='bbox 476 2222 634 2267; x_wconf 82' lang='lat' dir='ltr'><strong>cente</strong></span> <span class='ocrx_word' id='word_1_270' title='bbox 683 2211 849 2265; x_wconf 87' lang='lat' dir='ltr'><strong>etiam</strong></span> <span class='ocrx_word' id='word_1_271' title='bbox 906 2210 1239 2264; x_wconf 86' lang='lat' dir='ltr'><strong>Servatore:</strong></span> <span class='ocrx_word' id='word_1_272' title='bbox 1290 2207 1566 2263; x_wconf 83' lang='lat' dir='ltr'><strong>Desiderio</strong></span> <span class='ocrx_word' id='word_1_273' title='bbox 1608 2209 1899 2264; x_wconf 71' lang='lat' dir='ltr'><strong>desideravi</strong></span> <span class='ocrx_word' id='word_1_274' title='bbox 1948 2207 2047 2264; x_wconf 81' lang='lat' dir='ltr'><strong>hoc</strong></span> 
     </span>
    </p>
   </div>
   <div class='ocr_carea' id='block_1_39' title="bbox 480 2299 2043 2369">
    <p class='ocr_par' dir='ltr' id='par_1_39' title="bbox 480 2299 2043 2369">
     <span class='ocr_line' id='line_1_39' title="bbox 480 2299 2043 2369; baseline 0.002 -15"><span class='ocrx_word' id='word_1_275' title='bbox 480 2299 688 2355; x_wconf 77' lang='lat' dir='ltr'><strong>Pascha</strong></span> <span class='ocrx_word' id='word_1_276' title='bbox 736 2299 1060 2354; x_wconf 81' lang='lat' dir='ltr'><strong>manducare</strong></span> <span class='ocrx_word' id='word_1_277' title='bbox 1100 2299 1389 2367; x_wconf 78' lang='lat' dir='ltr'><strong>vobiscum,</strong></span> <span class='ocrx_word' id='word_1_278' title='bbox 1435 2308 1715 2369; x_wconf 81' lang='lat' dir='ltr'><strong>antequam</strong></span> <span class='ocrx_word' id='word_1_279' title='bbox 1753 2300 1934 2369; x_wconf 86' lang='lat' dir='ltr'><strong>patiar</strong></span> <span class='ocrx_word' id='word_1_280' title='bbox 1977 2299 2043 2357; x_wconf 82' lang='grc'><strong>⁸⁸.</strong></span> 
     </span>
    </p>
   </div>
   <div class='ocr_carea' id='block_1_40' title="bbox 478 2389 2046 2460">
    <p class='ocr_par' dir='ltr' id='par_1_40' title="bbox 478 2389 2046 2460">
     <span class='ocr_line' id='line_1_40' title="bbox 478 2389 2046 2460; baseline 0.002 -15"><span class='ocrx_word' id='word_1_281' title='bbox 478 2391 631 2459; x_wconf 86' lang='lat' dir='ltr'><strong>Quod</strong></span> <span class='ocrx_word' id='word_1_282' title='bbox 656 2405 786 2445; x_wconf 88' lang='lat' dir='ltr'><strong>vero</strong></span> <span class='ocrx_word' id='word_1_283' title='bbox 808 2391 971 2446; x_wconf 89' lang='lat' dir='ltr'><strong>etiam</strong></span> <span class='ocrx_word' id='word_1_284' title='bbox 1004 2390 1058 2444; x_wconf 89' lang='lat' dir='ltr'><strong>in</strong></span> <span class='ocrx_word' id='word_1_285' title='bbox 1087 2389 1281 2445; x_wconf 89' lang='lat' dir='ltr'><strong>malam</strong></span> <span class='ocrx_word' id='word_1_286' title='bbox 1313 2402 1525 2460; x_wconf 88' lang='lat' dir='ltr'><strong>partem</strong></span> <span class='ocrx_word' id='word_1_287' title='bbox 1561 2402 1809 2446; x_wconf 88' lang='lat' dir='ltr'><strong>sumatur</strong></span> <span class='ocrx_word' id='word_1_288' title='bbox 1837 2392 2046 2448; x_wconf 84' lang='lat' dir='ltr'><strong>deside-</strong></span> 
     </span>
    </p>
   </div>
   <div class='ocr_carea' id='block_1_41' title="bbox 479 2481 2044 2552">
    <p class='ocr_par' dir='ltr' id='par_1_41' title="bbox 479 2481 2044 2552">
     <span class='ocr_line' id='line_1_41' title="bbox 479 2481 2044 2552; baseline 0.003 -17"><span class='ocrx_word' id='word_1_289' title='bbox 479 2481 640 2546; x_wconf 89' lang='lat' dir='ltr'><strong>rium,</strong></span> <span class='ocrx_word' id='word_1_290' title='bbox 670 2481 885 2536; x_wconf 89' lang='lat' dir='ltr'><strong>etiamsi</strong></span> <span class='ocrx_word' id='word_1_291' title='bbox 925 2482 1175 2539; x_wconf 81' lang='lat' dir='ltr'><strong>sumcere</strong></span> <span class='ocrx_word' id='word_1_292' title='bbox 1226 2489 1407 2552; x_wconf 88' lang='lat' dir='ltr'><strong>potest</strong></span> <span class='ocrx_word' id='word_1_293' title='bbox 1450 2497 1692 2552; x_wconf 65' lang='lat' dir='ltr'><strong>praesens</strong></span> <span class='ocrx_word' id='word_1_294' title='bbox 1733 2494 2044 2550; x_wconf 80' lang='lat' dir='ltr'><strong>contextus,</strong></span> 
     </span>
    </p>
   </div>
   <div class='ocr_carea' id='block_1_42' title="bbox 476 2576 2043 2645">
    <p class='ocr_par' dir='ltr' id='par_1_42' title="bbox 476 2576 2043 2645">
     <span class='ocr_line' id='line_1_42' title="bbox 476 2576 2043 2645; baseline 0.005 -17"><span class='ocrx_word' id='word_1_295' title='bbox 476 2588 636 2645; x_wconf 83' lang='lat' dir='ltr'><strong>quem</strong></span> <span class='ocrx_word' id='word_1_296' title='bbox 669 2590 814 2631; x_wconf 92' lang='lat' dir='ltr'><strong>nunc</strong></span> <span class='ocrx_word' id='word_1_297' title='bbox 842 2582 1163 2642; x_wconf 88' lang='lat' dir='ltr'><strong>tractamus,</strong></span> <span class='ocrx_word' id='word_1_298' title='bbox 1189 2576 1542 2633; x_wconf 83' lang='lat' dir='ltr'><strong>nihilominus</strong></span> <span class='ocrx_word' id='word_1_299' title='bbox 1569 2586 1746 2633; x_wconf 89' lang='lat' dir='ltr'><strong>tamen</strong></span> <span class='ocrx_word' id='word_1_300' title='bbox 1774 2577 1861 2634; x_wconf 89' lang='lat' dir='ltr'><strong>ille</strong></span> <span class='ocrx_word' id='word_1_301' title='bbox 1882 2580 2043 2636; x_wconf 90' lang='lat' dir='ltr'><strong>etiam</strong></span> 
     </span>
    </p>
   </div>
   <div class='ocr_carea' id='block_1_43' title="bbox 477 2665 2047 2736">
    <p class='ocr_par' dir='ltr' id='par_1_43' title="bbox 477 2665 2047 2736">
     <span class='ocr_line' id='line_1_43' title="bbox 477 2665 2047 2736; baseline 0.003 -16"><span class='ocrx_word' id='word_1_302' title='bbox 477 2665 755 2721; x_wconf 85' lang='lat' dir='ltr'><strong>addendus</strong></span> <span class='ocrx_word' id='word_1_303' title='bbox 783 2674 899 2721; x_wconf 85' lang='lat' dir='ltr'><strong>est:</strong></span> <span class='ocrx_word' id='word_1_304' title='bbox 934 2665 1038 2733; x_wconf 83' lang='lat' dir='ltr'><strong>Qui</strong></span> <span class='ocrx_word' id='word_1_305' title='bbox 1079 2666 1363 2736; x_wconf 74' lang='lat' dir='ltr'><strong>inspexerit</strong></span> <span class='ocrx_word' id='word_1_306' title='bbox 1404 2666 1678 2723; x_wconf 79' lang='lat' dir='ltr'><strong>mulierem</strong></span> <span class='ocrx_word' id='word_1_307' title='bbox 1718 2669 1788 2723; x_wconf 88' lang='lat' dir='ltr'><strong>ad</strong></span> <span class='ocrx_word' id='word_1_308' title='bbox 1837 2672 2047 2725; x_wconf 77' lang='lat' dir='ltr'><strong>deside-</strong></span> 
     </span>
    </p>
   </div>
   <div class='ocr_carea' id='block_1_44' title="bbox 476 2755 2045 2825">
    <p class='ocr_par' dir='ltr' id='par_1_44' title="bbox 476 2755 2045 2825">
     <span class='ocr_line' id='line_1_44' title="bbox 476 2755 2045 2825; baseline 0.004 -17"><span class='ocrx_word' id='word_1_309' title='bbox 476 2757 704 2811; x_wconf 85' lang='lat' dir='ltr'><strong>raudum</strong></span> <span class='ocrx_word' id='word_1_310' title='bbox 744 2772 881 2823; x_wconf 88' lang='lat' dir='ltr'><strong>eam,</strong></span> <span class='ocrx_word' id='word_1_311' title='bbox 906 2755 1024 2825; x_wconf 87' lang='lat' dir='ltr'><strong>jam</strong></span> <span class='ocrx_word' id='word_1_312' title='bbox 1052 2756 1375 2812; x_wconf 83' lang='lat' dir='ltr'><strong>adulterium</strong></span> <span class='ocrx_word' id='word_1_313' title='bbox 1404 2758 1459 2811; x_wconf 88' lang='lat' dir='ltr'><strong>in</strong></span> <span class='ocrx_word' id='word_1_314' title='bbox 1504 2758 1662 2813; x_wconf 78' lang='lat' dir='ltr'><strong>corde</strong></span> <span class='ocrx_word' id='word_1_315' title='bbox 1696 2775 1793 2814; x_wconf 77' lang='lat' dir='ltr'><strong>suo</strong></span> <span class='ocrx_word' id='word_1_316' title='bbox 1825 2777 1946 2814; x_wconf 88' lang='lat' dir='ltr'><strong>cum</strong></span> <span class='ocrx_word' id='word_1_317' title='bbox 1983 2779 2045 2816; x_wconf 92' lang='lat' dir='ltr'><strong><em>ea</em></strong></span> 
     </span>
    </p>
   </div>
   <div class='ocr_carea' id='block_1_45' title="bbox 476 2845 2046 2920">
    <p class='ocr_par' dir='ltr' id='par_1_45' title="bbox 476 2845 2046 2920">
     <span class='ocr_line' id='line_1_45' title="bbox 476 2845 2046 2920; baseline 0.004 -18"><span class='ocrx_word' id='word_1_318' title='bbox 476 2847 731 2903; x_wconf 76' lang='lat' dir='ltr'><strong>commisit</strong></span> <span class='ocrx_word' id='word_1_319' title='bbox 755 2849 826 2904; x_wconf 86' lang='lat'><strong>&quot;.</strong></span> <span class='ocrx_word' id='word_1_320' title='bbox 866 2845 1038 2905; x_wconf 87' lang='lat' dir='ltr'><strong>Porro</strong></span> <span class='ocrx_word' id='word_1_321' title='bbox 1067 2848 1160 2920; x_wconf 91' lang='lat' dir='ltr'><strong>qui</strong></span> <span class='ocrx_word' id='word_1_322' title='bbox 1209 2848 1505 2919; x_wconf 87' lang='lat' dir='ltr'><strong>desiderat,</strong></span> <span class='ocrx_word' id='word_1_323' title='bbox 1553 2867 1660 2907; x_wconf 93' lang='lat' dir='ltr'><strong>non</strong></span> <span class='ocrx_word' id='word_1_324' title='bbox 1717 2855 1941 2909; x_wconf 91' lang='lat' dir='ltr'><strong>omnino</strong></span> <span class='ocrx_word' id='word_1_325' title='bbox 1992 2854 2046 2908; x_wconf 87' lang='lat' dir='ltr'><strong>id</strong></span> 
     </span>
    </p>
   </div>
   <div class='ocr_carea' id='block_1_46' title="bbox 474 2943 2044 3017">
    <p class='ocr_par' dir='ltr' id='par_1_46' title="bbox 474 2943 2044 3017">
     <span class='ocr_line' id='line_1_46' title="bbox 474 2943 2044 3017; baseline 0.003 -19"><span class='ocrx_word' id='word_1_326' title='bbox 474 2943 618 3015; x_wconf 88' lang='lat' dir='ltr'><strong>quod</strong></span> <span class='ocrx_word' id='word_1_327' title='bbox 637 2943 793 2999; x_wconf 91' lang='lat' dir='ltr'><strong>abest</strong></span> <span class='ocrx_word' id='word_1_328' title='bbox 809 2943 1099 3011; x_wconf 89' lang='lat' dir='ltr'><strong>desiderat,</strong></span> <span class='ocrx_word' id='word_1_329' title='bbox 1123 2944 1576 3014; x_wconf 86' lang='lat' dir='ltr'><strong>quemadmodum</strong></span> <span class='ocrx_word' id='word_1_330' title='bbox 1605 2961 1779 3017; x_wconf 87' lang='lat' dir='ltr'><strong>neque</strong></span> <span class='ocrx_word' id='word_1_331' title='bbox 1799 2948 1890 3017; x_wconf 90' lang='lat' dir='ltr'><strong>qui</strong></span> <span class='ocrx_word' id='word_1_332' title='bbox 1910 2947 2044 3016; x_wconf 87' lang='lat' dir='ltr'><strong>vult,</strong></span> 
     </span>
    </p>
   </div>
   <div class='ocr_carea' id='block_1_47' title="bbox 477 3039 2044 3112">
    <p class='ocr_par' dir='ltr' id='par_1_47' title="bbox 477 3039 2044 3112">
     <span class='ocr_line' id='line_1_47' title="bbox 477 3039 2044 3112; baseline 0.003 -18"><span class='ocrx_word' id='word_1_333' title='bbox 477 3040 524 3096; x_wconf 81' lang='lat' dir='ltr'><strong>is</strong></span> <span class='ocrx_word' id='word_1_334' title='bbox 549 3041 771 3096; x_wconf 86' lang='lat' dir='ltr'><strong>omnino</strong></span> <span class='ocrx_word' id='word_1_335' title='bbox 794 3040 1038 3096; x_wconf 83' lang='lat' dir='ltr'><strong>absentia</strong></span> <span class='ocrx_word' id='word_1_336' title='bbox 1068 3040 1203 3095; x_wconf 84' lang='lat' dir='ltr'><strong>vult.</strong></span> <span class='ocrx_word' id='word_1_337' title='bbox 1232 3039 1344 3097; x_wconf 84' lang='lat' dir='ltr'><strong>Hoc</strong></span> <span class='ocrx_word' id='word_1_338' title='bbox 1368 3052 1549 3096; x_wconf 89' lang='lat' dir='ltr'><strong>autem</strong></span> <span class='ocrx_word' id='word_1_339' title='bbox 1579 3043 2044 3112; x_wconf 64' lang='lat' dir='ltr'><strong>praemunivinms,</strong></span> 
     </span>
    </p>
   </div>
   <div class='ocr_carea' id='block_1_48' title="bbox 476 3130 2041 3202">
    <p class='ocr_par' dir='ltr' id='par_1_48' title="bbox 476 3130 2041 3202">
     <span class='ocr_line' id='line_1_48' title="bbox 476 3130 2041 3202; baseline 0.003 -17"><span class='ocrx_word' id='word_1_340' title='bbox 476 3140 701 3201; x_wconf 85' lang='lat' dir='ltr'><strong>propter</strong></span> <span class='ocrx_word' id='word_1_341' title='bbox 745 3130 1016 3187; x_wconf 87' lang='lat' dir='ltr'><strong>desideria</strong></span> <span class='ocrx_word' id='word_1_342' title='bbox 1070 3130 1164 3186; x_wconf 86' lang='lat' dir='ltr'><strong>Dei</strong></span> <span class='ocrx_word' id='word_1_343' title='bbox 1216 3139 1272 3186; x_wconf 89' lang='lat' dir='ltr'><strong>et</strong></span> <span class='ocrx_word' id='word_1_344' title='bbox 1325 3130 1692 3202; x_wconf 80' lang='lat' dir='ltr'><strong>perfectorum</strong></span> <span class='ocrx_word' id='word_1_345' title='bbox 1747 3131 2041 3189; x_wconf 87' lang='lat' dir='ltr'><strong>desideria.</strong></span> 
     </span>
    </p>
   </div>
   <div class='ocr_carea' id='block_1_49' title="bbox 475 3221 2113 3322">
    <p class='ocr_par' dir='ltr' id='par_1_49' title="bbox 475 3221 2113 3322">
     <span class='ocr_line' id='line_1_49' title="bbox 475 3221 2113 3322; baseline -0.001 -43"><span class='ocrx_word' id='word_1_346' title='bbox 475 3223 734 3295; x_wconf 83' lang='lat' dir='ltr'><strong>Quisquis</strong></span> <span class='ocrx_word' id='word_1_347' title='bbox 765 3238 899 3294; x_wconf 86' lang='lat' dir='ltr'><strong>ergo</strong></span> <span class='ocrx_word' id='word_1_348' title='bbox 928 3222 1161 3294; x_wconf 87' lang='lat' dir='ltr'><strong>alicujus</strong></span> <span class='ocrx_word' id='word_1_349' title='bbox 1188 3221 1331 3277; x_wconf 79' lang='lat' dir='ltr'><strong>illius</strong></span> <span class='ocrx_word' id='word_1_350' title='bbox 1361 3221 1547 3290; x_wconf 81' lang='lat' dir='ltr'><strong>fuerit,</strong></span> <span class='ocrx_word' id='word_1_351' title='bbox 1588 3223 1635 3278; x_wconf 92' lang='lat' dir='ltr'><strong>is</strong></span> <span class='ocrx_word' id='word_1_352' title='bbox 1665 3223 1829 3278; x_wconf 90' lang='lat' dir='ltr'><strong>etiam</strong></span> <span class='ocrx_word' id='word_1_353' title='bbox 1873 3226 2044 3294; x_wconf 84' lang='lat' dir='ltr'><strong>patris</strong></span> <span class='ocrx_word' id='word_1_354' title='bbox 2073 3263 2113 3322; x_wconf 62' lang='grc' dir='ltr'>ο</span> 
     </span>
    </p>
   </div>
   <div class='ocr_carea' id='block_1_50' title="bbox 478 3314 2040 3388">
    <p class='ocr_par' dir='ltr' id='par_1_50' title="bbox 478 3314 2040 3388">
     <span class='ocr_line' id='line_1_50' title="bbox 478 3314 2040 3388; baseline -0.001 -14"><span class='ocrx_word' id='word_1_355' title='bbox 478 3319 559 3376; x_wconf 89' lang='lat' dir='ltr'><strong>sui</strong></span> <span class='ocrx_word' id='word_1_356' title='bbox 586 3316 856 3372; x_wconf 86' lang='lat' dir='ltr'><strong>desideria</strong></span> <span class='ocrx_word' id='word_1_357' title='bbox 885 3316 998 3370; x_wconf 89' lang='lat' dir='ltr'><strong>vult</strong></span> <span class='ocrx_word' id='word_1_358' title='bbox 1042 3314 1259 3383; x_wconf 76' lang='lat' dir='ltr'><strong>facere;</strong></span> <span class='ocrx_word' id='word_1_359' title='bbox 1298 3316 1492 3386; x_wconf 88' lang='lat' dir='ltr'><strong>suique</strong></span> <span class='ocrx_word' id='word_1_360' title='bbox 1540 3316 1712 3386; x_wconf 84' lang='lat' dir='ltr'><strong>patris</strong></span> <span class='ocrx_word' id='word_1_361' title='bbox 1751 3331 1916 3388; x_wconf 82' lang='lat' dir='ltr'><strong>Opera</strong></span> <span class='ocrx_word' id='word_1_362' title='bbox 1959 3315 2040 3372; x_wconf 74' lang='lat' dir='ltr'><strong>fa-</strong></span> 
     </span>
    </p>
   </div>
   <div class='ocr_carea' id='block_1_51' title="bbox 477 3406 2042 3482">
    <p class='ocr_par' dir='ltr' id='par_1_51' title="bbox 477 3406 2042 3482">
     <span class='ocr_line' id='line_1_51' title="bbox 477 3406 2042 3482; baseline 0.003 -18"><span class='ocrx_word' id='word_1_363' title='bbox 477 3410 572 3465; x_wconf 87' lang='lat' dir='ltr'><strong>cit.</strong></span> <span class='ocrx_word' id='word_1_364' title='bbox 604 3408 755 3482; x_wconf 75' lang='grc'><strong>[(40)</strong></span> <span class='ocrx_word' id='word_1_365' title='bbox 791 3408 883 3464; x_wconf 85' lang='lat' dir='ltr'><strong>Sic</strong></span> <span class='ocrx_word' id='word_1_366' title='bbox 909 3408 1054 3463; x_wconf 89' lang='lat' dir='ltr'><strong>enim</strong></span> <span class='ocrx_word' id='word_1_367' title='bbox 1096 3407 1266 3463; x_wconf 88' lang='lat' dir='ltr'><strong>etiam</strong></span> <span class='ocrx_word' id='word_1_368' title='bbox 1310 3406 1592 3473; x_wconf 88' lang='lat' dir='ltr'><strong>Servator,</strong></span> <span class='ocrx_word' id='word_1_369' title='bbox 1640 3419 1696 3465; x_wconf 91' lang='lat' dir='ltr'><strong>et</strong></span> <span class='ocrx_word' id='word_1_370' title='bbox 1740 3408 1918 3465; x_wconf 87' lang='lat' dir='ltr'><strong>Patris</strong></span> <span class='ocrx_word' id='word_1_371' title='bbox 1960 3412 2042 3468; x_wconf 89' lang='lat' dir='ltr'><strong>sui</strong></span> 
     </span>
    </p>
   </div>
   <div class='ocr_carea' id='block_1_52' title="bbox 482 3498 2046 3573">
    <p class='ocr_par' dir='ltr' id='par_1_52' title="bbox 482 3498 2046 3573">
     <span class='ocr_line' id='line_1_52' title="bbox 482 3498 2046 3573; baseline -0.001 -16"><span class='ocrx_word' id='word_1_372' title='bbox 482 3502 754 3558; x_wconf 87' lang='lat' dir='ltr'><strong>desideria</strong></span> <span class='ocrx_word' id='word_1_373' title='bbox 805 3498 921 3554; x_wconf 90' lang='lat' dir='ltr'><strong>vult</strong></span> <span class='ocrx_word' id='word_1_374' title='bbox 968 3501 1254 3569; x_wconf 81' lang='lat' dir='ltr'><strong>perﬁcere,</strong></span> <span class='ocrx_word' id='word_1_375' title='bbox 1296 3509 1352 3555; x_wconf 89' lang='lat' dir='ltr'><strong>et</strong></span> <span class='ocrx_word' id='word_1_376' title='bbox 1399 3500 1639 3568; x_wconf 82' lang='lat' dir='ltr'><strong>ejusdem</strong></span> <span class='ocrx_word' id='word_1_377' title='bbox 1674 3516 1838 3570; x_wconf 87' lang='lat' dir='ltr'><strong>opera</strong></span> <span class='ocrx_word' id='word_1_378' title='bbox 1885 3503 2046 3573; x_wconf 88' lang='lat' dir='ltr'><strong>perti-</strong></span> 
     </span>
    </p>
   </div>
   <div class='ocr_carea' id='block_1_53' title="bbox 477 3591 2043 3663">
    <p class='ocr_par' dir='ltr' id='par_1_53' title="bbox 477 3591 2043 3663">
     <span class='ocr_line' id='line_1_53' title="bbox 477 3591 2043 3663; baseline 0.001 -14"><span class='ocrx_word' id='word_1_379' title='bbox 477 3594 573 3649; x_wconf 91' lang='lat' dir='ltr'><strong>cit.</strong></span> <span class='ocrx_word' id='word_1_380' title='bbox 627 3593 873 3663; x_wconf 86' lang='lat' dir='ltr'><strong>Itemque</strong></span> <span class='ocrx_word' id='word_1_381' title='bbox 938 3592 1148 3662; x_wconf 86' lang='lat' dir='ltr'><strong>peccati</strong></span> <span class='ocrx_word' id='word_1_382' title='bbox 1197 3591 1375 3656; x_wconf 84' lang='lat' dir='ltr'><strong>ﬁlius,</strong></span> <span class='ocrx_word' id='word_1_383' title='bbox 1426 3601 1483 3648; x_wconf 88' lang='lat' dir='ltr'><strong>et</strong></span> <span class='ocrx_word' id='word_1_384' title='bbox 1533 3592 1853 3662; x_wconf 89' lang='lat' dir='ltr'><strong>perditionis</strong></span> <span class='ocrx_word' id='word_1_385' title='bbox 1901 3594 2043 3650; x_wconf 84' lang='lat' dir='ltr'><strong>[ilius</strong></span> 
     </span>
    </p>
   </div>
   <div class='ocr_carea' id='block_1_54' title="bbox 475 3684 2044 3757">
    <p class='ocr_par' dir='ltr' id='par_1_54' title="bbox 475 3684 2044 3757">
     <span class='ocr_line' id='line_1_54' title="bbox 475 3684 2044 3757; baseline 0.001 -16"><span class='ocrx_word' id='word_1_386' title='bbox 475 3685 650 3757; x_wconf 87' lang='lat' dir='ltr'><strong>patris</strong></span> <span class='ocrx_word' id='word_1_387' title='bbox 699 3685 783 3741; x_wconf 90' lang='lat' dir='ltr'><strong>sui</strong></span> <span class='ocrx_word' id='word_1_388' title='bbox 836 3684 1225 3755; x_wconf 85' lang='lat' dir='ltr'><strong>cupiditatibus</strong></span> <span class='ocrx_word' id='word_1_389' title='bbox 1274 3685 1500 3740; x_wconf 84' lang='lat' dir='ltr'><strong>obedire</strong></span> <span class='ocrx_word' id='word_1_390' title='bbox 1566 3685 1715 3752; x_wconf 84' lang='lat' dir='ltr'><strong>vult,</strong></span> <span class='ocrx_word' id='word_1_391' title='bbox 1765 3686 2044 3756; x_wconf 88' lang='lat' dir='ltr'><strong>patrisque</strong></span> 
     </span>
    </p>
   </div>
   <div class='ocr_carea' id='block_1_55' title="bbox 477 3778 2042 3852">
    <p class='ocr_par' dir='ltr' id='par_1_55' title="bbox 477 3778 2042 3852">
     <span class='ocr_line' id='line_1_55' title="bbox 477 3778 2042 3852; baseline 0.001 -17"><span class='ocrx_word' id='word_1_392' title='bbox 477 3780 561 3836; x_wconf 90' lang='lat' dir='ltr'><strong>sui</strong></span> <span class='ocrx_word' id='word_1_393' title='bbox 603 3794 768 3851; x_wconf 88' lang='lat' dir='ltr'><strong>opera</strong></span> <span class='ocrx_word' id='word_1_394' title='bbox 795 3778 1041 3852; x_wconf 67' lang='lat' dir='ltr'><strong>edicitz]</strong></span> <span class='ocrx_word' id='word_1_395' title='bbox 1073 3779 1406 3850; x_wconf 88' lang='lat' dir='ltr'><strong>omninoque</strong></span> <span class='ocrx_word' id='word_1_396' title='bbox 1452 3780 1502 3833; x_wconf 91' lang='lat' dir='ltr'><strong>in</strong></span> <span class='ocrx_word' id='word_1_397' title='bbox 1551 3790 1818 3849; x_wconf 88' lang='lat' dir='ltr'><strong>potestate</strong></span> <span class='ocrx_word' id='word_1_398' title='bbox 1859 3791 2042 3837; x_wconf 86' lang='lat' dir='ltr'><strong>nostra</strong></span> 
     </span>
    </p>
   </div>
   <div class='ocr_carea' id='block_1_56' title="bbox 475 3872 2040 3944">
    <p class='ocr_par' dir='ltr' id='par_1_56' title="bbox 475 3872 2040 3944">
     <span class='ocr_line' id='line_1_56' title="bbox 475 3872 2040 3944; baseline 0.001 -14"><span class='ocrx_word' id='word_1_399' title='bbox 475 3884 593 3940; x_wconf 84' lang='lat' dir='ltr'><strong>est,</strong></span> <span class='ocrx_word' id='word_1_400' title='bbox 639 3872 731 3944; x_wconf 91' lang='lat' dir='ltr'><strong>qui</strong></span> <span class='ocrx_word' id='word_1_401' title='bbox 789 3888 979 3930; x_wconf 89' lang='lat' dir='ltr'><strong>sumus</strong></span> <span class='ocrx_word' id='word_1_402' title='bbox 1040 3873 1326 3940; x_wconf 88' lang='lat' dir='ltr'><strong>homines,</strong></span> <span class='ocrx_word' id='word_1_403' title='bbox 1380 3873 1465 3928; x_wconf 90' lang='lat' dir='ltr'><strong>vel</strong></span> <span class='ocrx_word' id='word_1_404' title='bbox 1520 3872 1653 3943; x_wconf 89' lang='lat' dir='ltr'><strong>Dei,</strong></span> <span class='ocrx_word' id='word_1_405' title='bbox 1706 3874 1792 3929; x_wconf 89' lang='lat' dir='ltr'><strong>vel</strong></span> <span class='ocrx_word' id='word_1_406' title='bbox 1839 3875 2040 3931; x_wconf 86' lang='lat' dir='ltr'><strong>diaboli</strong></span> 
     </span>
    </p>
   </div>
   <div class='ocr_carea' id='block_1_57' title="bbox 471 3963 2042 4036">
    <p class='ocr_par' dir='ltr' id='par_1_57' title="bbox 471 3963 2042 4036">
     <span class='ocr_line' id='line_1_57' title="bbox 471 3963 2042 4036; baseline 0.002 -15"><span class='ocrx_word' id='word_1_407' title='bbox 471 3980 672 4036; x_wconf 86' lang='lat' dir='ltr'><strong>opera,</strong></span> <span class='ocrx_word' id='word_1_408' title='bbox 715 3972 770 4022; x_wconf 84' lang='lat' dir='ltr'><strong>et</strong></span> <span class='ocrx_word' id='word_1_409' title='bbox 818 3978 1030 4036; x_wconf 64' lang='lat' dir='ltr'><strong>eaquae</strong></span> <span class='ocrx_word' id='word_1_410' title='bbox 1068 3963 1356 4032; x_wconf 88' lang='lat' dir='ltr'><strong>volumus,</strong></span> <span class='ocrx_word' id='word_1_411' title='bbox 1422 3963 1644 4033; x_wconf 79' lang='lat' dir='ltr'><strong>facere,</strong></span> <span class='ocrx_word' id='word_1_412' title='bbox 1706 3967 1824 4023; x_wconf 87' lang='lat' dir='ltr'><strong>sive</strong></span> <span class='ocrx_word' id='word_1_413' title='bbox 1896 3968 2042 4024; x_wconf 87' lang='lat' dir='ltr'><strong>desi-</strong></span> 
     </span>
    </p>
   </div>
   <div class='ocr_carea' id='block_1_58' title="bbox 473 4057 2043 4125">
    <p class='ocr_par' dir='ltr' id='par_1_58' title="bbox 473 4057 2043 4125">
     <span class='ocr_line' id='line_1_58' title="bbox 473 4057 2043 4125; baseline 0 -10"><span class='ocrx_word' id='word_1_414' title='bbox 473 4059 684 4116; x_wconf 88' lang='lat' dir='ltr'><strong>derium</strong></span> <span class='ocrx_word' id='word_1_415' title='bbox 767 4058 842 4114; x_wconf 85' lang='lat' dir='ltr'><strong>sit</strong></span> <span class='ocrx_word' id='word_1_416' title='bbox 915 4057 1098 4115; x_wconf 85' lang='lat' dir='ltr'><strong>Patris</strong></span> <span class='ocrx_word' id='word_1_417' title='bbox 1167 4058 1342 4113; x_wconf 89' lang='lat' dir='ltr'><strong>nostri</strong></span> <span class='ocrx_word' id='word_1_418' title='bbox 1398 4059 1525 4113; x_wconf 90' lang='lat' dir='ltr'><strong>boni</strong></span> <span class='ocrx_word' id='word_1_419' title='bbox 1587 4058 1860 4125; x_wconf 65' lang='lat' dir='ltr'><strong>celestis,</strong></span> <span class='ocrx_word' id='word_1_420' title='bbox 1925 4061 2043 4117; x_wconf 87' lang='lat' dir='ltr'><strong>sive</strong></span> 
     </span>
    </p>
   </div>
   <div class='ocr_carea' id='block_1_59' title="bbox 468 4148 2039 4221">
    <p class='ocr_par' dir='ltr' id='par_1_59' title="bbox 468 4148 2039 4221">
     <span class='ocr_line' id='line_1_59' title="bbox 468 4148 2039 4221; baseline 0.002 -17"><span class='ocrx_word' id='word_1_421' title='bbox 468 4149 631 4221; x_wconf 76' lang='lat'><strong>337</strong></span> <span class='ocrx_word' id='word_1_422' title='bbox 658 4148 879 4213; x_wconf 85' lang='lat' dir='ltr'><strong>diaboli,</strong></span> <span class='ocrx_word' id='word_1_423' title='bbox 927 4148 1020 4218; x_wconf 90' lang='lat' dir='ltr'><strong>qui</strong></span> <span class='ocrx_word' id='word_1_424' title='bbox 1067 4158 1152 4204; x_wconf 89' lang='lat' dir='ltr'><strong>est</strong></span> <span class='ocrx_word' id='word_1_425' title='bbox 1204 4149 1460 4205; x_wconf 90' lang='lat' dir='ltr'><strong>inimicus</strong></span> <span class='ocrx_word' id='word_1_426' title='bbox 1489 4149 1601 4218; x_wconf 87' lang='lat' dir='ltr'><strong>illi;</strong></span> <span class='ocrx_word' id='word_1_427' title='bbox 1642 4158 1698 4206; x_wconf 91' lang='lat' dir='ltr'><strong>et</strong></span> <span class='ocrx_word' id='word_1_428' title='bbox 1733 4150 1779 4206; x_wconf 90' lang='lat' dir='ltr'><strong>si</strong></span> <span class='ocrx_word' id='word_1_429' title='bbox 1820 4152 2039 4221; x_wconf 87' lang='lat' dir='ltr'><strong>quidem</strong></span> 
     </span>
    </p>
   </div>
   <div class='ocr_carea' id='block_1_60' title="bbox 469 4238 2040 4311">
    <p class='ocr_par' dir='ltr' id='par_1_60' title="bbox 469 4238 2040 4311">
     <span class='ocr_line' id='line_1_60' title="bbox 469 4238 2040 4311; baseline 0.003 -16"><span class='ocrx_word' id='word_1_430' title='bbox 469 4240 703 4297; x_wconf 76' lang='lat' dir='ltr'><strong>facimus</strong></span> <span class='ocrx_word' id='word_1_431' title='bbox 728 4254 892 4311; x_wconf 88' lang='lat' dir='ltr'><strong>opera</strong></span> <span class='ocrx_word' id='word_1_432' title='bbox 933 4238 1050 4307; x_wconf 87' lang='lat' dir='ltr'><strong>Dei,</strong></span> <span class='ocrx_word' id='word_1_433' title='bbox 1083 4239 1445 4309; x_wconf 89' lang='lat' dir='ltr'><strong>volutnusque</strong></span> <span class='ocrx_word' id='word_1_434' title='bbox 1483 4239 1601 4310; x_wconf 84' lang='lat' dir='ltr'><strong>ejus</strong></span> <span class='ocrx_word' id='word_1_435' title='bbox 1638 4242 1912 4299; x_wconf 85' lang='lat' dir='ltr'><strong>desideria</strong></span> <span class='ocrx_word' id='word_1_436' title='bbox 1956 4242 2040 4298; x_wconf 79' lang='lat' dir='ltr'><strong>ia-</strong></span> 
     </span>
    </p>
   </div>
   <div class='ocr_carea' id='block_1_61' title="bbox 468 4330 2035 4406">
    <p class='ocr_par' dir='ltr' id='par_1_61' title="bbox 468 4330 2035 4406">
     <span class='ocr_line' id='line_1_61' title="bbox 468 4330 2035 4406; baseline -0.001 -17"><span class='ocrx_word' id='word_1_437' title='bbox 468 4347 621 4398; x_wconf 87' lang='lat' dir='ltr'><strong>cere,</strong></span> <span class='ocrx_word' id='word_1_438' title='bbox 649 4331 744 4386; x_wconf 83' lang='lat' dir='ltr'><strong>tilii</strong></span> <span class='ocrx_word' id='word_1_439' title='bbox 765 4345 955 4386; x_wconf 89' lang='lat' dir='ltr'><strong>sumus</strong></span> <span class='ocrx_word' id='word_1_440' title='bbox 979 4330 1113 4397; x_wconf 87' lang='lat' dir='ltr'><strong>Dei;</strong></span> <span class='ocrx_word' id='word_1_441' title='bbox 1138 4330 1223 4386; x_wconf 90' lang='lat' dir='ltr'><strong>sin</strong></span> <span class='ocrx_word' id='word_1_442' title='bbox 1250 4338 1382 4387; x_wconf 80' lang='lat' dir='ltr'><strong>vero</strong></span> <span class='ocrx_word' id='word_1_443' title='bbox 1411 4346 1531 4400; x_wconf 75' lang='lat' dir='ltr'><strong>qua:</strong></span> <span class='ocrx_word' id='word_1_444' title='bbox 1552 4331 1749 4388; x_wconf 88' lang='lat' dir='ltr'><strong>diaboli</strong></span> <span class='ocrx_word' id='word_1_445' title='bbox 1776 4343 1902 4388; x_wconf 91' lang='lat' dir='ltr'><strong>sunt</strong></span> <span class='ocrx_word' id='word_1_446' title='bbox 1923 4336 2035 4406; x_wconf 83' lang='lat' dir='ltr'><strong>agi-</strong></span> 
     </span>
    </p>
   </div>
   <div class='ocr_carea' id='block_1_62' title="bbox 469 4421 2041 4496">
    <p class='ocr_par' dir='ltr' id='par_1_62' title="bbox 469 4421 2041 4496">
     <span class='ocr_line' id='line_1_62' title="bbox 469 4421 2041 4496; baseline 0.002 -15"><span class='ocrx_word' id='word_1_447' title='bbox 469 4440 594 4481; x_wconf 87' lang='lat' dir='ltr'><strong>mus</strong></span> <span class='ocrx_word' id='word_1_448' title='bbox 623 4423 870 4479; x_wconf 79' lang='lat' dir='ltr'><strong>volentes</strong></span> <span class='ocrx_word' id='word_1_449' title='bbox 901 4436 1023 4491; x_wconf 75' lang='lat' dir='ltr'><strong>quae</strong></span> <span class='ocrx_word' id='word_1_450' title='bbox 1066 4421 1158 4476; x_wconf 87' lang='lat' dir='ltr'><strong>ille</strong></span> <span class='ocrx_word' id='word_1_451' title='bbox 1189 4422 1462 4479; x_wconf 89' lang='lat' dir='ltr'><strong>desiderat</strong></span> <span class='ocrx_word' id='word_1_452' title='bbox 1516 4422 1730 4492; x_wconf 81' lang='lat' dir='ltr'><strong>facere,</strong></span> <span class='ocrx_word' id='word_1_453' title='bbox 1772 4441 1838 4482; x_wconf 81' lang='lat' dir='ltr'><strong>ex</strong></span> <span class='ocrx_word' id='word_1_454' title='bbox 1887 4437 2041 4496; x_wconf 86' lang='lat' dir='ltr'><strong>patre</strong></span> 
     </span>
    </p>
   </div>
   <div class='ocr_carea' id='block_1_63' title="bbox 466 4512 2036 4594">
    <p class='ocr_par' dir='ltr' id='par_1_63' title="bbox 466 4512 2036 4594">
     <span class='ocr_line' id='line_1_63' title="bbox 466 4512 2036 4594; baseline 0.003 -23"><span class='ocrx_word' id='word_1_455' title='bbox 466 4513 684 4572; x_wconf 84' lang='lat' dir='ltr'><strong>diabolo</strong></span> <span class='ocrx_word' id='word_1_456' title='bbox 702 4528 919 4594; x_wconf 78' lang='lat' dir='ltr'><strong>sumus.</strong></span> <span class='ocrx_word' id='word_1_457' title='bbox 952 4512 1317 4580; x_wconf 86' lang='lat' dir='ltr'><strong>Quamobrem</strong></span> <span class='ocrx_word' id='word_1_458' title='bbox 1345 4515 1693 4586; x_wconf 88' lang='lat' dir='ltr'><strong>inspiciamus</strong></span> <span class='ocrx_word' id='word_1_459' title='bbox 1731 4532 1837 4573; x_wconf 89' lang='lat' dir='ltr'><strong>non</strong></span> <span class='ocrx_word' id='word_1_460' title='bbox 1864 4519 2036 4575; x_wconf 89' lang='lat' dir='ltr'><strong>solum</strong></span> 
     </span>
    </p>
   </div>
   <div class='ocr_carea' id='block_1_64' title="bbox 2147 2013 3735 2092">
    <p class='ocr_par' dir='ltr' id='par_1_64' title="bbox 2147 2013 3735 2092">
     <span class='ocr_line' id='line_1_64' title="bbox 2147 2013 3735 2092; baseline 0.004 -24"><span class='ocrx_word' id='word_1_461' title='bbox 2147 2016 2242 2069; x_wconf 71' lang='grc' dir='ltr'><strong>κα)¹</strong></span> <span class='ocrx_word' id='word_1_462' title='bbox 2293 2016 2503 2088; x_wconf 78' lang='grc' dir='ltr'><strong>φαύλην</strong></span> <span class='ocrx_word' id='word_1_463' title='bbox 2548 2013 2687 2071; x_wconf 74' lang='grc' dir='ltr'>εἶναι</span> <span class='ocrx_word' id='word_1_464' title='bbox 2733 2017 3031 2089; x_wconf 80' lang='grc' dir='ltr'><strong>ἐπιθυμίαν</strong></span> <span class='ocrx_word' id='word_1_465' title='bbox 3073 2020 3234 2092; x_wconf 85' lang='grc' dir='ltr'>ἀρκεῖ</span> <span class='ocrx_word' id='word_1_466' title='bbox 3276 2020 3375 2092; x_wconf 82' lang='grc' dir='ltr'><strong>μὲν</strong></span> <span class='ocrx_word' id='word_1_467' title='bbox 3421 2021 3527 2075; x_wconf 70' lang='grc' dir='ltr'><strong>καὶ</strong></span> <span class='ocrx_word' id='word_1_468' title='bbox 3577 2022 3644 2074; x_wconf 79' lang='grc' dir='ltr'>τὸ</span> <span class='ocrx_word' id='word_1_469' title='bbox 3681 2023 3735 2074; x_wconf 85' lang='grc' dir='ltr'><strong>ἐν</strong></span> 
     </span>
    </p>
   </div>
   <div class='ocr_carea' id='block_1_65' title="bbox 2147 2104 3735 2184">
    <p class='ocr_par' dir='ltr' id='par_1_65' title="bbox 2147 2104 3735 2184">
     <span class='ocr_line' id='line_1_65' title="bbox 2147 2104 3735 2184; baseline 0.005 -25"><span class='ocrx_word' id='word_1_470' title='bbox 2147 2106 2305 2178; x_wconf 75' lang='grc' dir='ltr'>χερσὶ</span> <span class='ocrx_word' id='word_1_471' title='bbox 2337 2107 2527 2179; x_wconf 75' lang='grc' dir='ltr'>ρητόνο</span> <span class='ocrx_word' id='word_1_472' title='bbox 2559 2110 2711 2165; x_wconf 83' lang='grc' dir='ltr'>οὐδὲν</span> <span class='ocrx_word' id='word_1_473' title='bbox 2742 2110 2801 2165; x_wconf 82' lang='grc' dir='ltr'><strong>δὲ</strong></span> <span class='ocrx_word' id='word_1_474' title='bbox 2826 2104 2990 2183; x_wconf 88' lang='grc' dir='ltr'>ἦττον</span> <span class='ocrx_word' id='word_1_475' title='bbox 3018 2112 3354 2184; x_wconf 86' lang='grc' dir='ltr'>παραθετέον</span> <span class='ocrx_word' id='word_1_476' title='bbox 3383 2115 3483 2167; x_wconf 67' lang='grc' dir='ltr'>καὶ</span> <span class='ocrx_word' id='word_1_477' title='bbox 3504 2114 3568 2167; x_wconf 86' lang='grc' dir='ltr'><strong>τό</strong></span> <span class='ocrx_word' id='word_1_478' title='bbox 3585 2132 3602 2145; x_wconf 86' lang='grc'><strong>·</strong></span> <span class='ocrx_word' id='word_1_479' title='bbox 3630 2116 3735 2181; x_wconf 63' lang='lat'><strong>&#39;0;-</strong></span> 
     </span>
    </p>
   </div>
   <div class='ocr_carea' id='block_1_66' title="bbox 2149 2198 3730 2276">
    <p class='ocr_par' dir='ltr' id='par_1_66' title="bbox 2149 2198 3730 2276">
     <span class='ocr_line' id='line_1_66' title="bbox 2149 2198 3730 2276; baseline 0.006 -24"><span class='ocrx_word' id='word_1_480' title='bbox 2149 2198 2225 2253; x_wconf 84' lang='grc' dir='ltr'><strong>ἂν</strong></span> <span class='ocrx_word' id='word_1_481' title='bbox 2243 2200 2538 2271; x_wconf 70' lang='grc' dir='ltr'>ἐπιϐλέψῃ</span> <span class='ocrx_word' id='word_1_482' title='bbox 2561 2203 2815 2273; x_wconf 77' lang='grc' dir='ltr'>γυναῖκα</span> <span class='ocrx_word' id='word_1_483' title='bbox 2834 2203 2983 2273; x_wconf 78' lang='grc' dir='ltr'>πρὸς</span> <span class='ocrx_word' id='word_1_484' title='bbox 3013 2204 3080 2259; x_wconf 83' lang='grc' dir='ltr'>τὸ</span> <span class='ocrx_word' id='word_1_485' title='bbox 3107 2206 3474 2276; x_wconf 78' lang='grc' dir='ltr'>ἐπιθυμῆσαι</span> <span class='ocrx_word' id='word_1_486' title='bbox 3508 2206 3730 2275; x_wconf 72' lang='grc' dir='ltr'>αὐτὴν,</span> 
     </span>
    </p>
   </div>
   <div class='ocr_carea' id='block_1_67' title="bbox 2149 2292 3732 2369">
    <p class='ocr_par' dir='ltr' id='par_1_67' title="bbox 2149 2292 3732 2369">
     <span class='ocr_line' id='line_1_67' title="bbox 2149 2292 3732 2369; baseline 0.006 -23"><span class='ocrx_word' id='word_1_487' title='bbox 2149 2292 2264 2363; x_wconf 80' lang='grc' dir='ltr'><strong>ἤδη</strong></span> <span class='ocrx_word' id='word_1_488' title='bbox 2310 2296 2668 2365; x_wconf 80' lang='grc' dir='ltr'><strong>ἐμοίχευσεν</strong></span> <span class='ocrx_word' id='word_1_489' title='bbox 2707 2297 2901 2368; x_wconf 83' lang='grc' dir='ltr'>αὐτὴν</span> <span class='ocrx_word' id='word_1_490' title='bbox 2924 2300 2996 2353; x_wconf 78' lang='grc' dir='ltr'>ἐν</span> <span class='ocrx_word' id='word_1_491' title='bbox 3032 2298 3110 2369; x_wconf 78' lang='grc' dir='ltr'>τῇ</span> <span class='ocrx_word' id='word_1_492' title='bbox 3158 2299 3369 2369; x_wconf 77' lang='grc' dir='ltr'><strong>καρδίᾳ</strong></span> <span class='ocrx_word' id='word_1_493' title='bbox 3402 2301 3623 2356; x_wconf 81' lang='grc' dir='ltr'>αὑτοῦ.</span> <span class='ocrx_word' id='word_1_494' title='bbox 3660 2303 3732 2355; x_wconf 70' lang='grc' dir='ltr'><strong>Οὔ</strong></span> 
     </span>
    </p>
   </div>
   <div class='ocr_carea' id='block_1_68' title="bbox 2148 2386 3736 2463">
    <p class='ocr_par' dir='ltr' id='par_1_68' title="bbox 2148 2386 3736 2463">
     <span class='ocr_line' id='line_1_68' title="bbox 2148 2386 3736 2463; baseline 0.005 -24"><span class='ocrx_word' id='word_1_495' title='bbox 2148 2386 2365 2451; x_wconf 83' lang='grc' dir='ltr'>πάντως</span> <span class='ocrx_word' id='word_1_496' title='bbox 2392 2387 2449 2441; x_wconf 84' lang='grc' dir='ltr'><strong>δὲ</strong></span> <span class='ocrx_word' id='word_1_497' title='bbox 2475 2388 2504 2441; x_wconf 84' lang='grc' dir='ltr'><strong>ὁ</strong></span> <span class='ocrx_word' id='word_1_498' title='bbox 2527 2388 2810 2461; x_wconf 75' lang='grc' dir='ltr'><strong>ἐπιθυμῶν</strong></span> <span class='ocrx_word' id='word_1_499' title='bbox 2847 2389 3078 2454; x_wconf 76' lang='grc' dir='ltr'>ἀπόντος</span> <span class='ocrx_word' id='word_1_500' title='bbox 3116 2391 3402 2463; x_wconf 85' lang='grc' dir='ltr'>ἐπιθυμεῖ·</span> <span class='ocrx_word' id='word_1_501' title='bbox 3445 2392 3529 2458; x_wconf 85' lang='grc' dir='ltr'>ὡς</span> <span class='ocrx_word' id='word_1_502' title='bbox 3558 2392 3685 2447; x_wconf 78' lang='grc' dir='ltr'>οὐδὲ</span> <span class='ocrx_word' id='word_1_503' title='bbox 3706 2395 3736 2446; x_wconf 79' lang='grc' dir='ltr'><strong>ὁ</strong></span> 
     </span>
    </p>
   </div>
   <div class='ocr_carea' id='block_1_69' title="bbox 2150 2477 3733 2555">
    <p class='ocr_par' dir='ltr' id='par_1_69' title="bbox 2150 2477 3733 2555">
     <span class='ocr_line' id='line_1_69' title="bbox 2150 2477 3733 2555; baseline 0.004 -22"><span class='ocrx_word' id='word_1_504' title='bbox 2150 2477 2468 2551; x_wconf 86' lang='grc' dir='ltr'>βουλόμενος</span> <span class='ocrx_word' id='word_1_505' title='bbox 2508 2481 2724 2546; x_wconf 82' lang='grc' dir='ltr'>πάντως</span> <span class='ocrx_word' id='word_1_506' title='bbox 2765 2482 2837 2535; x_wconf 80' lang='grc' dir='ltr'>τὰ</span> <span class='ocrx_word' id='word_1_507' title='bbox 2880 2482 3085 2537; x_wconf 81' lang='grc' dir='ltr'>ἀπόντα</span> <span class='ocrx_word' id='word_1_508' title='bbox 3140 2482 3406 2555; x_wconf 82' lang='grc' dir='ltr'>βούλεται.</span> <span class='ocrx_word' id='word_1_509' title='bbox 3442 2484 3629 2539; x_wconf 81' lang='grc' dir='ltr'>Τοῦτο</span> <span class='ocrx_word' id='word_1_510' title='bbox 3678 2486 3733 2539; x_wconf 73' lang='grc' dir='ltr'><strong>δὲ</strong></span> 
     </span>
    </p>
   </div>
   <div class='ocr_carea' id='block_1_70' title="bbox 2150 2571 3731 2647">
    <p class='ocr_par' dir='ltr' id='par_1_70' title="bbox 2150 2571 3731 2647">
     <span class='ocr_line' id='line_1_70' title="bbox 2150 2571 3731 2647; baseline 0.003 -23"><span class='ocrx_word' id='word_1_511' title='bbox 2150 2571 2706 2645; x_wconf 80' lang='grc' dir='ltr'>προεθεραπεὺσαμεν</span> <span class='ocrx_word' id='word_1_512' title='bbox 2743 2574 2829 2629; x_wconf 79' lang='grc' dir='ltr'><strong>διὰ</strong></span> <span class='ocrx_word' id='word_1_513' title='bbox 2861 2576 2929 2629; x_wconf 78' lang='grc' dir='ltr'>τὰ</span> <span class='ocrx_word' id='word_1_514' title='bbox 2958 2574 3267 2647; x_wconf 75' lang='grc' dir='ltr'>ἐπιθυμητὰ</span> <span class='ocrx_word' id='word_1_515' title='bbox 3290 2575 3400 2647; x_wconf 71' lang='grc'><strong>(46)</strong></span> <span class='ocrx_word' id='word_1_516' title='bbox 3437 2575 3538 2630; x_wconf 87' lang='grc' dir='ltr'><strong>τοῦ</strong></span> <span class='ocrx_word' id='word_1_517' title='bbox 3568 2576 3731 2641; x_wconf 84' lang='grc' dir='ltr'>Θεοῦ,</span> 
     </span>
    </p>
   </div>
   <div class='ocr_carea' id='block_1_71' title="bbox 2149 2665 3732 2739">
    <p class='ocr_par' dir='ltr' id='par_1_71' title="bbox 2149 2665 3732 2739">
     <span class='ocr_line' id='line_1_71' title="bbox 2149 2665 3732 2739; baseline 0.003 -20"><span class='ocrx_word' id='word_1_518' title='bbox 2149 2666 2243 2719; x_wconf 78' lang='grc' dir='ltr'><strong>καὶ</strong></span> <span class='ocrx_word' id='word_1_519' title='bbox 2270 2665 2369 2730; x_wconf 80' lang='grc' dir='ltr'>τὰς</span> <span class='ocrx_word' id='word_1_520' title='bbox 2394 2665 2503 2721; x_wconf 84' lang='grc' dir='ltr'>τῶν</span> <span class='ocrx_word' id='word_1_521' title='bbox 2529 2665 2747 2721; x_wconf 83' lang='grc' dir='ltr'>τελείων</span> <span class='ocrx_word' id='word_1_522' title='bbox 2796 2666 3115 2739; x_wconf 87' lang='grc' dir='ltr'>ἐπιθυμίας.</span> <span class='ocrx_word' id='word_1_523' title='bbox 3152 2670 3268 2734; x_wconf 80' lang='grc' dir='ltr'><strong>Πᾶς</strong></span> <span class='ocrx_word' id='word_1_524' title='bbox 3312 2665 3406 2723; x_wconf 80' lang='grc' dir='ltr'>οὖν</span> <span class='ocrx_word' id='word_1_525' title='bbox 3435 2669 3559 2733; x_wconf 79' lang='grc' dir='ltr'>υἱός</span> <span class='ocrx_word' id='word_1_526' title='bbox 3587 2686 3732 2733; x_wconf 79' lang='grc' dir='ltr'>τινος</span> 
     </span>
    </p>
   </div>
   <div class='ocr_carea' id='block_1_72' title="bbox 2145 2756 3736 2833">
    <p class='ocr_par' dir='ltr' id='par_1_72' title="bbox 2145 2756 3736 2833">
     <span class='ocr_line' id='line_1_72' title="bbox 2145 2756 3736 2833; baseline 0.004 -23"><span class='ocrx_word' id='word_1_527' title='bbox 2145 2756 2244 2822; x_wconf 82' lang='grc' dir='ltr'><strong>τὰς</strong></span> <span class='ocrx_word' id='word_1_528' title='bbox 2272 2757 2568 2831; x_wconf 76' lang='grc' dir='ltr'>ἐπιθυμίας</span> <span class='ocrx_word' id='word_1_529' title='bbox 2611 2758 2705 2815; x_wconf 87' lang='grc' dir='ltr'><strong>τοῦ</strong></span> <span class='ocrx_word' id='word_1_530' title='bbox 2750 2761 2951 2833; x_wconf 77' lang='grc' dir='ltr'>πατρὸς</span> <span class='ocrx_word' id='word_1_531' title='bbox 2989 2760 3186 2816; x_wconf 79' lang='grc' dir='ltr'>ἐαυτοῦ</span> <span class='ocrx_word' id='word_1_532' title='bbox 3221 2762 3364 2816; x_wconf 86' lang='grc' dir='ltr'>θέλει</span> <span class='ocrx_word' id='word_1_533' title='bbox 3404 2765 3609 2825; x_wconf 83' lang='grc' dir='ltr'>ποιεῖν,</span> <span class='ocrx_word' id='word_1_534' title='bbox 3643 2763 3736 2817; x_wconf 72' lang='grc' dir='ltr'><strong>καὶ</strong></span> 
     </span>
    </p>
   </div>
   <div class='ocr_carea' id='block_1_73' title="bbox 2148 2851 3735 2928">
    <p class='ocr_par' dir='ltr' id='par_1_73' title="bbox 2148 2851 3735 2928">
     <span class='ocr_line' id='line_1_73' title="bbox 2148 2851 3735 2928; baseline 0.003 -24"><span class='ocrx_word' id='word_1_535' title='bbox 2148 2852 2256 2915; x_wconf 83' lang='grc' dir='ltr'>πᾶς</span> <span class='ocrx_word' id='word_1_536' title='bbox 2282 2851 2396 2917; x_wconf 86' lang='grc' dir='ltr'>υίὸς</span> <span class='ocrx_word' id='word_1_537' title='bbox 2421 2869 2564 2918; x_wconf 88' lang='grc' dir='ltr'>τινος</span> <span class='ocrx_word' id='word_1_538' title='bbox 2585 2855 2728 2907; x_wconf 91' lang='grc' dir='ltr'>ποιεῖ</span> <span class='ocrx_word' id='word_1_539' title='bbox 2751 2852 2820 2907; x_wconf 84' lang='grc' dir='ltr'>τὰ</span> <span class='ocrx_word' id='word_1_540' title='bbox 2846 2853 2980 2926; x_wconf 80' lang='grc' dir='ltr'><strong>ἔργα</strong></span> <span class='ocrx_word' id='word_1_541' title='bbox 3002 2853 3094 2908; x_wconf 91' lang='grc' dir='ltr'><strong>τοῦ</strong></span> <span class='ocrx_word' id='word_1_542' title='bbox 3118 2856 3319 2928; x_wconf 83' lang='grc' dir='ltr'>πατρὸς</span> <span class='ocrx_word' id='word_1_543' title='bbox 3345 2854 3541 2910; x_wconf 75' lang='grc' dir='ltr'>αὐτοῦ.</span> <span class='ocrx_word' id='word_1_544' title='bbox 3574 2854 3735 2909; x_wconf 76' lang='grc' dir='ltr'>Οῦτω</span> 
     </span>
    </p>
   </div>
   <div class='ocr_carea' id='block_1_74' title="bbox 2147 2944 3732 3020">
    <p class='ocr_par' dir='ltr' id='par_1_74' title="bbox 2147 2944 3732 3020">
     <span class='ocr_line' id='line_1_74' title="bbox 2147 2944 3732 3020; baseline 0.002 -22"><span class='ocrx_word' id='word_1_545' title='bbox 2147 2945 2255 3017; x_wconf 83' lang='grc' dir='ltr'>γὰρ</span> <span class='ocrx_word' id='word_1_546' title='bbox 2287 2944 2436 2999; x_wconf 83' lang='grc' dir='ltr'><strong>καὶὸ</strong></span> <span class='ocrx_word' id='word_1_547' title='bbox 2466 2944 2655 3018; x_wconf 85' lang='grc' dir='ltr'>Σωτὴρ</span> <span class='ocrx_word' id='word_1_548' title='bbox 2687 2945 2787 3009; x_wconf 84' lang='grc' dir='ltr'>τὰς</span> <span class='ocrx_word' id='word_1_549' title='bbox 2825 2946 3120 3018; x_wconf 77' lang='grc' dir='ltr'>ἐπιθυμίας</span> <span class='ocrx_word' id='word_1_550' title='bbox 3150 2947 3242 3001; x_wconf 88' lang='grc' dir='ltr'><strong>τοῦ</strong></span> <span class='ocrx_word' id='word_1_551' title='bbox 3282 2946 3499 3020; x_wconf 84' lang='grc' dir='ltr'>Πατρδς</span> <span class='ocrx_word' id='word_1_552' title='bbox 3536 2946 3732 3002; x_wconf 80' lang='grc' dir='ltr'>ἐαυτοῦ</span> 
     </span>
    </p>
   </div>
   <div class='ocr_carea' id='block_1_75' title="bbox 2148 3036 3735 3112">
    <p class='ocr_par' dir='ltr' id='par_1_75' title="bbox 2148 3036 3735 3112">
     <span class='ocr_line' id='line_1_75' title="bbox 2148 3036 3735 3112; baseline 0.002 -21"><span class='ocrx_word' id='word_1_553' title='bbox 2148 3036 2291 3091; x_wconf 81' lang='grc' dir='ltr'>θέλει</span> <span class='ocrx_word' id='word_1_554' title='bbox 2316 3039 2507 3104; x_wconf 85' lang='grc' dir='ltr'>ποιεῖν,</span> <span class='ocrx_word' id='word_1_555' title='bbox 2526 3038 2619 3092; x_wconf 73' lang='grc' dir='ltr'>καὶ</span> <span class='ocrx_word' id='word_1_556' title='bbox 2646 3041 2789 3091; x_wconf 88' lang='grc' dir='ltr'>ποιεῖ</span> <span class='ocrx_word' id='word_1_557' title='bbox 2806 3037 2873 3091; x_wconf 86' lang='grc' dir='ltr'><strong>τὰ</strong></span> <span class='ocrx_word' id='word_1_558' title='bbox 2897 3037 3029 3112; x_wconf 76' lang='grc' dir='ltr'>ἔργα</span> <span class='ocrx_word' id='word_1_559' title='bbox 3045 3038 3137 3092; x_wconf 90' lang='grc' dir='ltr'><strong>τοῦ</strong></span> <span class='ocrx_word' id='word_1_560' title='bbox 3157 3039 3369 3112; x_wconf 79' lang='grc' dir='ltr'>[ἰατρὸς</span> <span class='ocrx_word' id='word_1_561' title='bbox 3384 3039 3610 3094; x_wconf 86' lang='grc' dir='ltr'>ἐαυτοῦ.</span> <span class='ocrx_word' id='word_1_562' title='bbox 3626 3041 3735 3094; x_wconf 78' lang='grc' dir='ltr'><strong>Καὶ</strong></span> 
     </span>
    </p>
   </div>
   <div class='ocr_carea' id='block_1_76' title="bbox 2146 3126 3733 3202">
    <p class='ocr_par' dir='ltr' id='par_1_76' title="bbox 2146 3126 3733 3202">
     <span class='ocr_line' id='line_1_76' title="bbox 2146 3126 3733 3202; baseline 0.003 -20"><span class='ocrx_word' id='word_1_563' title='bbox 2146 3129 2175 3182; x_wconf 82' lang='grc' dir='ltr'><strong>ὁ</strong></span> <span class='ocrx_word' id='word_1_564' title='bbox 2222 3126 2506 3200; x_wconf 75' lang='grc' dir='ltr'>ἄνθρωπος</span> <span class='ocrx_word' id='word_1_565' title='bbox 2551 3128 2650 3199; x_wconf 81' lang='grc' dir='ltr'>τῆς</span> <span class='ocrx_word' id='word_1_566' title='bbox 2698 3129 2996 3202; x_wconf 86' lang='grc' dir='ltr'>ἁμαρτίας,</span> <span class='ocrx_word' id='word_1_567' title='bbox 3049 3130 3078 3184; x_wconf 83' lang='grc' dir='ltr'>ὁ</span> <span class='ocrx_word' id='word_1_568' title='bbox 3128 3130 3240 3194; x_wconf 80' lang='grc' dir='ltr'>υίὸς</span> <span class='ocrx_word' id='word_1_569' title='bbox 3293 3131 3394 3202; x_wconf 81' lang='grc' dir='ltr'>τῆς</span> <span class='ocrx_word' id='word_1_570' title='bbox 3442 3130 3733 3198; x_wconf 79' lang='grc' dir='ltr'>ἀπωλείας</span> 
     </span>
    </p>
   </div>
   <div class='ocr_carea' id='block_1_77' title="bbox 2147 3218 3737 3294">
    <p class='ocr_par' dir='ltr' id='par_1_77' title="bbox 2147 3218 3737 3294">
     <span class='ocr_line' id='line_1_77' title="bbox 2147 3218 3737 3294; baseline 0.005 -22"><span class='ocrx_word' id='word_1_571' title='bbox 2147 3218 2243 3285; x_wconf 76' lang='grc' dir='ltr'><strong>τὰς</strong></span> <span class='ocrx_word' id='word_1_572' title='bbox 2275 3220 2569 3293; x_wconf 82' lang='grc' dir='ltr'>ἐπιθυμίας</span> <span class='ocrx_word' id='word_1_573' title='bbox 2606 3221 2700 3275; x_wconf 88' lang='grc' dir='ltr'><strong>τοῦ</strong></span> <span class='ocrx_word' id='word_1_574' title='bbox 2742 3222 2948 3294; x_wconf 83' lang='grc' dir='ltr'>πατρὸς</span> <span class='ocrx_word' id='word_1_575' title='bbox 2993 3221 3186 3276; x_wconf 87' lang='grc' dir='ltr'>ἐαυτοῦ</span> <span class='ocrx_word' id='word_1_576' title='bbox 3221 3222 3363 3277; x_wconf 84' lang='grc' dir='ltr'>θέλει</span> <span class='ocrx_word' id='word_1_577' title='bbox 3401 3229 3604 3292; x_wconf 80' lang='grc' dir='ltr'>ποιεῖν,</span> <span class='ocrx_word' id='word_1_578' title='bbox 3642 3228 3737 3282; x_wconf 75' lang='grc' dir='ltr'><strong>καὶ</strong></span> 
     </span>
    </p>
   </div>
   <div class='ocr_carea' id='block_1_78' title="bbox 2150 3313 3733 3392">
    <p class='ocr_par' dir='ltr' id='par_1_78' title="bbox 2150 3313 3733 3392">
     <span class='ocr_line' id='line_1_78' title="bbox 2150 3313 3733 3392; baseline 0.006 -26"><span class='ocrx_word' id='word_1_579' title='bbox 2150 3317 2291 3368; x_wconf 90' lang='grc' dir='ltr'>ποιεῖ</span> <span class='ocrx_word' id='word_1_580' title='bbox 2323 3314 2393 3369; x_wconf 80' lang='grc' dir='ltr'>τὰ</span> <span class='ocrx_word' id='word_1_581' title='bbox 2438 3313 2575 3388; x_wconf 79' lang='grc' dir='ltr'>ἔργα</span> <span class='ocrx_word' id='word_1_582' title='bbox 2616 3315 2710 3370; x_wconf 87' lang='grc' dir='ltr'><strong>τοῦ</strong></span> <span class='ocrx_word' id='word_1_583' title='bbox 2742 3316 2949 3389; x_wconf 84' lang='grc' dir='ltr'>πατρὸς</span> <span class='ocrx_word' id='word_1_584' title='bbox 2981 3318 3208 3372; x_wconf 87' lang='grc' dir='ltr'>ἐαυτοῦ·</span> <span class='ocrx_word' id='word_1_585' title='bbox 3243 3318 3336 3372; x_wconf 77' lang='grc' dir='ltr'>κα).</span> <span class='ocrx_word' id='word_1_586' title='bbox 3363 3318 3449 3389; x_wconf 78' lang='grc' dir='ltr'><strong>ἐφ’</strong></span> <span class='ocrx_word' id='word_1_587' title='bbox 3482 3320 3649 3392; x_wconf 76' lang='grc' dir='ltr'>ἡμῶν</span> <span class='ocrx_word' id='word_1_588' title='bbox 3676 3322 3733 3375; x_wconf 77' lang='grc' dir='ltr'><strong>δὲ</strong></span> 
     </span>
    </p>
   </div>
   <div class='ocr_carea' id='block_1_79' title="bbox 2144 3406 3732 3484">
    <p class='ocr_par' dir='ltr' id='par_1_79' title="bbox 2144 3406 3732 3484">
     <span class='ocr_line' id='line_1_79' title="bbox 2144 3406 3732 3484; baseline 0.004 -25"><span class='ocrx_word' id='word_1_589' title='bbox 2144 3406 2253 3460; x_wconf 84' lang='grc' dir='ltr'><strong>τῶν</strong></span> <span class='ocrx_word' id='word_1_590' title='bbox 2301 3406 2600 3481; x_wconf 78' lang='grc' dir='ltr'>ἀνθρώπων</span> <span class='ocrx_word' id='word_1_591' title='bbox 2643 3408 2861 3472; x_wconf 83' lang='grc' dir='ltr'>πάντως</span> <span class='ocrx_word' id='word_1_592' title='bbox 2903 3408 2972 3463; x_wconf 84' lang='grc' dir='ltr'>τὰ</span> <span class='ocrx_word' id='word_1_593' title='bbox 3020 3410 3159 3482; x_wconf 73' lang='grc' dir='ltr'>ἔργα</span> <span class='ocrx_word' id='word_1_594' title='bbox 3207 3411 3325 3484; x_wconf 78' lang='grc' dir='ltr'>ἦτοι</span> <span class='ocrx_word' id='word_1_595' title='bbox 3363 3410 3504 3465; x_wconf 87' lang='grc' dir='ltr'>Θεοῦ</span> <span class='ocrx_word' id='word_1_596' title='bbox 3555 3415 3732 3479; x_wconf 71' lang='grc' dir='ltr'>ἐστιν,</span> 
     </span>
    </p>
   </div>
   <div class='ocr_carea' id='block_1_80' title="bbox 2144 3496 3733 3572">
    <p class='ocr_par' dir='ltr' id='par_1_80' title="bbox 2144 3496 3733 3572">
     <span class='ocr_line' id='line_1_80' title="bbox 2144 3496 3733 3572; baseline 0.003 -22"><span class='ocrx_word' id='word_1_597' title='bbox 2144 3498 2179 3570; x_wconf 81' lang='grc' dir='ltr'>ἢ</span> <span class='ocrx_word' id='word_1_598' title='bbox 2237 3496 2505 3555; x_wconf 81' lang='grc' dir='ltr'>διαϐόλου.</span> <span class='ocrx_word' id='word_1_599' title='bbox 2566 3496 2661 3552; x_wconf 76' lang='grc' dir='ltr'><strong>καὶ</strong></span> <span class='ocrx_word' id='word_1_600' title='bbox 2709 3496 2745 3551; x_wconf 80' lang='grc' dir='ltr'><strong>ἃ</strong></span> <span class='ocrx_word' id='word_1_601' title='bbox 2801 3496 3027 3569; x_wconf 83' lang='grc' dir='ltr'>θέλομεν</span> <span class='ocrx_word' id='word_1_602' title='bbox 3076 3502 3284 3565; x_wconf 83' lang='grc' dir='ltr'>ποιεῖν,</span> <span class='ocrx_word' id='word_1_603' title='bbox 3348 3500 3468 3572; x_wconf 64' lang='grc' dir='ltr'>ἦτοι</span> <span class='ocrx_word' id='word_1_604' title='bbox 3534 3501 3733 3555; x_wconf 78' lang='grc' dir='ltr'>ἐπιθυ-</span> 
     </span>
    </p>
   </div>
   <div class='ocr_carea' id='block_1_81' title="bbox 2147 3589 3728 3669">
    <p class='ocr_par' dir='ltr' id='par_1_81' title="bbox 2147 3589 3728 3669">
     <span class='ocr_line' id='line_1_81' title="bbox 2147 3589 3728 3669; baseline 0.003 -25"><span class='ocrx_word' id='word_1_605' title='bbox 2147 3591 2244 3664; x_wconf 90' lang='grc' dir='ltr'>μία</span> <span class='ocrx_word' id='word_1_606' title='bbox 2281 3592 2397 3645; x_wconf 77' lang='grc' dir='ltr'>ἐστὶ</span> <span class='ocrx_word' id='word_1_607' title='bbox 2432 3589 2527 3643; x_wconf 87' lang='grc' dir='ltr'><strong>τοῦ</strong></span> <span class='ocrx_word' id='word_1_608' title='bbox 2575 3590 2778 3660; x_wconf 78' lang='grc' dir='ltr'>ἀγαθοῦ</span> <span class='ocrx_word' id='word_1_609' title='bbox 2823 3593 2880 3645; x_wconf 86' lang='grc' dir='ltr'><strong>ἐν</strong></span> <span class='ocrx_word' id='word_1_610' title='bbox 2920 3593 3167 3665; x_wconf 84' lang='grc' dir='ltr'>οὐρανοῖς</span> <span class='ocrx_word' id='word_1_611' title='bbox 3209 3594 3419 3666; x_wconf 79' lang='grc' dir='ltr'>Πατρὸς</span> <span class='ocrx_word' id='word_1_612' title='bbox 3458 3595 3647 3667; x_wconf 72' lang='grc' dir='ltr'>ἡμῶν,</span> <span class='ocrx_word' id='word_1_613' title='bbox 3694 3598 3728 3669; x_wconf 80' lang='grc' dir='ltr'>ἢ</span> 
     </span>
    </p>
   </div>
   <div class='ocr_carea' id='block_1_82' title="bbox 2142 3680 3733 3759">
    <p class='ocr_par' dir='ltr' id='par_1_82' title="bbox 2142 3680 3733 3759">
     <span class='ocr_line' id='line_1_82' title="bbox 2142 3680 3733 3759; baseline 0.004 -22"><span class='ocrx_word' id='word_1_614' title='bbox 2142 3682 2236 3737; x_wconf 90' lang='grc' dir='ltr'><strong>τοῦ</strong></span> <span class='ocrx_word' id='word_1_615' title='bbox 2282 3680 2478 3756; x_wconf 80' lang='grc' dir='ltr'>ἐχθροῦ</span> <span class='ocrx_word' id='word_1_616' title='bbox 2508 3682 2655 3753; x_wconf 70' lang='grc' dir='ltr'>αὐτῷ</span> <span class='ocrx_word' id='word_1_617' title='bbox 2700 3682 2974 3738; x_wconf 71' lang='grc' dir='ltr'>διαϐόλουο</span> <span class='ocrx_word' id='word_1_618' title='bbox 3010 3685 3105 3739; x_wconf 73' lang='grc' dir='ltr'><strong>καὶ</strong></span> <span class='ocrx_word' id='word_1_619' title='bbox 3138 3687 3187 3738; x_wconf 80' lang='grc' dir='ltr'><strong>εί</strong></span> <span class='ocrx_word' id='word_1_620' title='bbox 3224 3686 3322 3756; x_wconf 83' lang='grc' dir='ltr'>μὲν</span> <span class='ocrx_word' id='word_1_621' title='bbox 3356 3685 3630 3759; x_wconf 81' lang='grc' dir='ltr'>ποιοῦμεν</span> <span class='ocrx_word' id='word_1_622' title='bbox 3661 3689 3733 3742; x_wconf 64' lang='grc' dir='ltr'><strong>τὰ</strong></span> 
     </span>
    </p>
   </div>
   <div class='ocr_carea' id='block_1_83' title="bbox 2143 3778 3731 3853">
    <p class='ocr_par' dir='ltr' id='par_1_83' title="bbox 2143 3778 3731 3853">
     <span class='ocr_line' id='line_1_83' title="bbox 2143 3778 3731 3853; baseline 0.004 -20"><span class='ocrx_word' id='word_1_623' title='bbox 2143 3779 2278 3853; x_wconf 78' lang='grc' dir='ltr'>ἔργα</span> <span class='ocrx_word' id='word_1_624' title='bbox 2310 3778 2403 3833; x_wconf 89' lang='grc' dir='ltr'><strong>τοῦ</strong></span> <span class='ocrx_word' id='word_1_625' title='bbox 2434 3778 2591 3844; x_wconf 83' lang='grc' dir='ltr'>Θεοῦ,</span> <span class='ocrx_word' id='word_1_626' title='bbox 2642 3779 2735 3833; x_wconf 76' lang='grc' dir='ltr'><strong>καὶ</strong></span> <span class='ocrx_word' id='word_1_627' title='bbox 2781 3778 3005 3852; x_wconf 81' lang='grc' dir='ltr'>θέλομεν</span> <span class='ocrx_word' id='word_1_628' title='bbox 3058 3780 3159 3845; x_wconf 83' lang='grc' dir='ltr'>τὰς</span> <span class='ocrx_word' id='word_1_629' title='bbox 3203 3782 3501 3853; x_wconf 84' lang='grc' dir='ltr'>ἐπιθυμίας</span> <span class='ocrx_word' id='word_1_630' title='bbox 3557 3787 3731 3840; x_wconf 81' lang='grc' dir='ltr'>αὐτοῦ</span> 
     </span>
    </p>
   </div>
   <div class='ocr_carea' id='block_1_84' title="bbox 2144 3871 3726 3941">
    <p class='ocr_par' dir='ltr' id='par_1_84' title="bbox 2144 3871 3726 3941">
     <span class='ocr_line' id='line_1_84' title="bbox 2144 3871 3726 3941; baseline 0.004 -14"><span class='ocrx_word' id='word_1_631' title='bbox 2144 3875 2339 3939; x_wconf 87' lang='grc' dir='ltr'>ποιεῖν,</span> <span class='ocrx_word' id='word_1_632' title='bbox 2379 3871 2485 3926; x_wconf 79' lang='grc' dir='ltr'>υἱοί</span> <span class='ocrx_word' id='word_1_633' title='bbox 2535 3874 2701 3941; x_wconf 84' lang='grc' dir='ltr'>ἐσμεν</span> <span class='ocrx_word' id='word_1_634' title='bbox 2748 3871 2841 3928; x_wconf 89' lang='grc' dir='ltr'><strong>τοῦ</strong></span> <span class='ocrx_word' id='word_1_635' title='bbox 2873 3872 3008 3928; x_wconf 87' lang='grc' dir='ltr'>Θεοῦ</span> <span class='ocrx_word' id='word_1_636' title='bbox 3028 3890 3042 3904; x_wconf 91' lang='grc'><strong>·</strong></span> <span class='ocrx_word' id='word_1_637' title='bbox 3070 3876 3121 3927; x_wconf 81' lang='grc' dir='ltr'>ει</span> <span class='ocrx_word' id='word_1_638' title='bbox 3151 3873 3209 3927; x_wconf 86' lang='grc' dir='ltr'><strong>δέ</strong></span> <span class='ocrx_word' id='word_1_639' title='bbox 3244 3874 3314 3929; x_wconf 80' lang='grc' dir='ltr'>τὰ</span> <span class='ocrx_word' id='word_1_640' title='bbox 3343 3875 3437 3930; x_wconf 89' lang='grc' dir='ltr'><strong>τοῦ</strong></span> <span class='ocrx_word' id='word_1_641' title='bbox 3467 3876 3726 3933; x_wconf 76' lang='grc' dir='ltr'>διαὸόλου</span> 
     </span>
    </p>
   </div>
   <div class='ocr_carea' id='block_1_85' title="bbox 2143 3965 3727 4039">
    <p class='ocr_par' dir='ltr' id='par_1_85' title="bbox 2143 3965 3727 4039">
     <span class='ocr_line' id='line_1_85' title="bbox 2143 3965 3727 4039; baseline 0.004 -19"><span class='ocrx_word' id='word_1_642' title='bbox 2143 3967 2478 4039; x_wconf 82' lang='grc' dir='ltr'>πράττομεν,</span> <span class='ocrx_word' id='word_1_643' title='bbox 2510 3965 2756 4030; x_wconf 82' lang='grc' dir='ltr'>θέλοντες</span> <span class='ocrx_word' id='word_1_644' title='bbox 2782 3966 2818 4020; x_wconf 79' lang='grc' dir='ltr'>ἃ</span> <span class='ocrx_word' id='word_1_645' title='bbox 2852 3967 3057 4030; x_wconf 87' lang='grc' dir='ltr'>ἐκεῖνος</span> <span class='ocrx_word' id='word_1_646' title='bbox 3095 3965 3354 4039; x_wconf 87' lang='grc' dir='ltr'>ἐπιθυμεῖ</span> <span class='ocrx_word' id='word_1_647' title='bbox 3403 3972 3608 4035; x_wconf 76' lang='grc' dir='ltr'>ποιεῖν,</span> <span class='ocrx_word' id='word_1_648' title='bbox 3657 3972 3727 4026; x_wconf 83' lang='grc' dir='ltr'>ἐκ</span> 
     </span>
    </p>
   </div>
   <div class='ocr_carea' id='block_1_86' title="bbox 2140 4056 3728 4131">
    <p class='ocr_par' dir='ltr' id='par_1_86' title="bbox 2140 4056 3728 4131">
     <span class='ocr_line' id='line_1_86' title="bbox 2140 4056 3728 4131; baseline 0.004 -20"><span class='ocrx_word' id='word_1_649' title='bbox 2140 4056 2235 4111; x_wconf 87' lang='grc' dir='ltr'><strong>τοῦ</strong></span> <span class='ocrx_word' id='word_1_650' title='bbox 2274 4056 2479 4130; x_wconf 83' lang='grc' dir='ltr'>πατρὸς</span> <span class='ocrx_word' id='word_1_651' title='bbox 2525 4056 2617 4110; x_wconf 90' lang='grc' dir='ltr'><strong>τοῦ</strong></span> <span class='ocrx_word' id='word_1_652' title='bbox 2649 4056 2894 4111; x_wconf 76' lang='grc' dir='ltr'>διαϐόλου</span> <span class='ocrx_word' id='word_1_653' title='bbox 2942 4057 3127 4127; x_wconf 83' lang='grc' dir='ltr'>ἐσμέν.</span> <span class='ocrx_word' id='word_1_654' title='bbox 3170 4056 3584 4131; x_wconf 80' lang='grc' dir='ltr'>Ἐπιστήσωμεν</span> <span class='ocrx_word' id='word_1_655' title='bbox 3627 4057 3728 4117; x_wconf 79' lang='grc' dir='ltr'><strong>οὖν</strong></span> 
     </span>
    </p>
   </div>
   <div class='ocr_carea' id='block_1_87' title="bbox 2144 4144 3729 4224">
    <p class='ocr_par' dir='ltr' id='par_1_87' title="bbox 2144 4144 3729 4224">
     <span class='ocr_line' id='line_1_87' title="bbox 2144 4144 3729 4224; baseline 0.001 -19"><span class='ocrx_word' id='word_1_656' title='bbox 2144 4151 2219 4224; x_wconf 80' lang='grc' dir='ltr'>μὴ</span> <span class='ocrx_word' id='word_1_657' title='bbox 2252 4150 2411 4222; x_wconf 89' lang='grc' dir='ltr'>μόνον</span> <span class='ocrx_word' id='word_1_658' title='bbox 2452 4144 2533 4215; x_wconf 71' lang='grc' dir='ltr'>οἷς</span> <span class='ocrx_word' id='word_1_659' title='bbox 2576 4149 2859 4222; x_wconf 84' lang='grc' dir='ltr'>ποιοῦμεν,</span> <span class='ocrx_word' id='word_1_660' title='bbox 2889 4150 3026 4206; x_wconf 81' lang='grc' dir='ltr'>ἀλλὰ</span> <span class='ocrx_word' id='word_1_661' title='bbox 3075 4151 3169 4204; x_wconf 76' lang='grc' dir='ltr'>καὶ</span> <span class='ocrx_word' id='word_1_662' title='bbox 3210 4146 3292 4217; x_wconf 79' lang='grc' dir='ltr'>οἷς</span> <span class='ocrx_word' id='word_1_663' title='bbox 3335 4150 3583 4224; x_wconf 84' lang='grc' dir='ltr'>θέλομεν.</span> <span class='ocrx_word' id='word_1_664' title='bbox 3609 4152 3729 4207; x_wconf 74' lang='grc' dir='ltr'><strong>Λῦ-</strong></span> 
     </span>
    </p>
   </div>
   <div class='ocr_carea' id='block_1_88' title="bbox 2138 4238 3724 4317">
    <p class='ocr_par' dir='ltr' id='par_1_88' title="bbox 2138 4238 3724 4317">
     <span class='ocr_line' id='line_1_88' title="bbox 2138 4238 3724 4317; baseline 0.001 -19"><span class='ocrx_word' id='word_1_665' title='bbox 2138 4261 2338 4317; x_wconf 87' lang='grc' dir='ltr'>ταρκες</span> <span class='ocrx_word' id='word_1_666' title='bbox 2368 4243 2477 4316; x_wconf 81' lang='grc' dir='ltr'><strong>γὰρ</strong></span> <span class='ocrx_word' id='word_1_667' title='bbox 2508 4244 2588 4307; x_wconf 79' lang='grc' dir='ltr'>εις</span> <span class='ocrx_word' id='word_1_668' title='bbox 2620 4244 2682 4297; x_wconf 88' lang='grc' dir='ltr'>τὸ</span> <span class='ocrx_word' id='word_1_669' title='bbox 2732 4238 2870 4297; x_wconf 82' lang='grc' dir='ltr'>εἶναι</span> <span class='ocrx_word' id='word_1_670' title='bbox 2918 4243 3012 4297; x_wconf 89' lang='grc' dir='ltr'><strong>τοῦ</strong></span> <span class='ocrx_word' id='word_1_671' title='bbox 3056 4243 3301 4299; x_wconf 78' lang='grc' dir='ltr'>διαϐόλου</span> <span class='ocrx_word' id='word_1_672' title='bbox 3349 4244 3464 4299; x_wconf 83' lang='grc' dir='ltr'>υίὺν</span> <span class='ocrx_word' id='word_1_673' title='bbox 3497 4247 3561 4299; x_wconf 78' lang='grc' dir='ltr'>τὸ</span> <span class='ocrx_word' id='word_1_674' title='bbox 3612 4248 3724 4300; x_wconf 70' lang='grc' dir='ltr'>κᾶν</span> 
     </span>
    </p>
   </div>
   <div class='ocr_carea' id='block_1_89' title="bbox 2142 4335 3725 4409">
    <p class='ocr_par' dir='ltr' id='par_1_89' title="bbox 2142 4335 3725 4409">
     <span class='ocr_line' id='line_1_89' title="bbox 2142 4335 3725 4409; baseline 0.001 -17"><span class='ocrx_word' id='word_1_675' title='bbox 2142 4337 2317 4392; x_wconf 87' lang='grc' dir='ltr'>θέλειν</span> <span class='ocrx_word' id='word_1_676' title='bbox 2362 4336 2527 4391; x_wconf 82' lang='grc' dir='ltr'>αὐτοῦ</span> <span class='ocrx_word' id='word_1_677' title='bbox 2579 4339 2753 4391; x_wconf 88' lang='grc' dir='ltr'>ποιεῖν</span> <span class='ocrx_word' id='word_1_678' title='bbox 2795 4335 2895 4399; x_wconf 75' lang='grc' dir='ltr'><strong>τὰς</strong></span> <span class='ocrx_word' id='word_1_679' title='bbox 2948 4337 3272 4409; x_wconf 52' lang='grc' dir='ltr'>ἐπιθυμίας</span> <span class='ocrx_word' id='word_1_680' title='bbox 3309 4338 3404 4391; x_wconf 72' lang='grc' dir='ltr'><strong>καὶ</strong></span> <span class='ocrx_word' id='word_1_681' title='bbox 3435 4338 3580 4409; x_wconf 77' lang='grc' dir='ltr'>τάχα</span> <span class='ocrx_word' id='word_1_682' title='bbox 3631 4337 3725 4394; x_wconf 65' lang='grc' dir='ltr'>διὰ</span> 
     </span>
    </p>
   </div>
   <div class='ocr_carea' id='block_1_90' title="bbox 2138 4428 3725 4500">
    <p class='ocr_par' dir='ltr' id='par_1_90' title="bbox 2138 4428 3725 4500">
     <span class='ocr_line' id='line_1_90' title="bbox 2138 4428 3725 4500; baseline 0 -16"><span class='ocrx_word' id='word_1_683' title='bbox 2138 4430 2295 4484; x_wconf 86' lang='grc' dir='ltr'>τοῦτο</span> <span class='ocrx_word' id='word_1_684' title='bbox 2324 4430 2463 4500; x_wconf 81' lang='grc' dir='ltr'>μετὰ</span> <span class='ocrx_word' id='word_1_685' title='bbox 2485 4429 2546 4484; x_wconf 87' lang='grc' dir='ltr'><strong>τό</strong></span> <span class='ocrx_word' id='word_1_686' title='bbox 2564 4446 2579 4460; x_wconf 70' lang='grc'><strong><em>⁸</em></strong></span> <span class='ocrx_word' id='word_1_687' title='bbox 2614 4429 2797 4499; x_wconf 60' lang='grc' dir='ltr'><strong>ἸἎεῖς</strong></span> <span class='ocrx_word' id='word_1_688' title='bbox 2826 4428 3046 4483; x_wconf 81' lang='grc' dir='ltr'>ποιεῖτε</span> <span class='ocrx_word' id='word_1_689' title='bbox 3073 4430 3146 4485; x_wconf 84' lang='grc' dir='ltr'>τὰ</span> <span class='ocrx_word' id='word_1_690' title='bbox 3178 4432 3321 4500; x_wconf 71' lang='grc' dir='ltr'>ἔργα</span> <span class='ocrx_word' id='word_1_691' title='bbox 3344 4429 3449 4485; x_wconf 85' lang='grc' dir='ltr'><strong>τοῦ</strong></span> <span class='ocrx_word' id='word_1_692' title='bbox 3487 4431 3725 4500; x_wconf 71' lang='grc' dir='ltr'>πατρὸς</span> 
     </span>
    </p>
   </div>
   <div class='ocr_carea' id='block_1_91' title="bbox 2136 4521 3725 4595">
    <p class='ocr_par' dir='ltr' id='par_1_91' title="bbox 2136 4521 3725 4595">
     <span class='ocr_line' id='line_1_91' title="bbox 2136 4521 3725 4595; baseline 0 -18"><span class='ocrx_word' id='word_1_693' title='bbox 2136 4521 2322 4594; x_wconf 79' lang='grc' dir='ltr'>ὑμῶν,</span> <span class='ocrx_word' id='word_1_694' title='bbox 2380 4523 2592 4595; x_wconf 81' lang='grc' dir='ltr'>εἴρηται</span> <span class='ocrx_word' id='word_1_695' title='bbox 2648 4522 2740 4576; x_wconf 87' lang='grc' dir='ltr'>τό·</span> <span class='ocrx_word' id='word_1_696' title='bbox 2789 4526 2897 4589; x_wconf 84' lang='grc' dir='ltr'><strong>Τὰς</strong></span> <span class='ocrx_word' id='word_1_697' title='bbox 2959 4522 3275 4594; x_wconf 77' lang='grc' dir='ltr'>ἐπιθυμίας</span> <span class='ocrx_word' id='word_1_698' title='bbox 3327 4524 3433 4579; x_wconf 80' lang='grc' dir='ltr'><strong>τοῦ</strong></span> <span class='ocrx_word' id='word_1_699' title='bbox 3489 4525 3725 4594; x_wconf 74' lang='grc' dir='ltr'>πατρὸς</span> 
     </span>
    </p>
   </div>
   <div class='ocr_carea' id='block_1_92' title="bbox 466 4596 2039 4686">
    <p class='ocr_par' dir='ltr' id='par_1_92' title="bbox 466 4596 2030 4676">
     <span class='ocr_line' id='line_1_92' title="bbox 466 4596 2030 4676; baseline 0.004 -17"><span class='ocrx_word' id='word_1_700' title='bbox 466 4620 591 4676; x_wconf 71' lang='lat' dir='ltr'><strong>quae</strong></span> <span class='ocrx_word' id='word_1_701' title='bbox 613 4603 846 4675; x_wconf 83' lang='lat' dir='ltr'><strong>agimus,</strong></span> <span class='ocrx_word' id='word_1_702' title='bbox 883 4596 1072 4657; x_wconf 76' lang='lat' dir='ltr'><strong>verum</strong></span> <span class='ocrx_word' id='word_1_703' title='bbox 1102 4604 1267 4658; x_wconf 88' lang='lat' dir='ltr'><strong>etiam</strong></span> <span class='ocrx_word' id='word_1_704' title='bbox 1300 4620 1421 4674; x_wconf 78' lang='lat' dir='ltr'><strong>qua:</strong></span> <span class='ocrx_word' id='word_1_705' title='bbox 1445 4605 1716 4665; x_wconf 90' lang='lat' dir='ltr'><strong>volumus.</strong></span> <span class='ocrx_word' id='word_1_706' title='bbox 1765 4607 1836 4665; x_wconf 87' lang='lat' dir='ltr'><strong>Ut</strong></span> <span class='ocrx_word' id='word_1_707' title='bbox 1884 4612 2030 4666; x_wconf 89' lang='lat' dir='ltr'><strong>enim</strong></span> 
     </span>
    </p>
   </div>
   <div class='ocr_carea' id='block_1_93' title="bbox 2204 4596 3726 4686">
    <p class='ocr_par' dir='ltr' id='par_1_93' title="bbox 2204 4611 3726 4684">
     <span class='ocr_line' id='line_1_93' title="bbox 2204 4611 3726 4684; baseline -0.001 -15"><span class='ocrx_word' id='word_1_708' title='bbox 2204 4613 2304 4669; x_wconf 85' lang='grc' dir='ltr'><strong>ιῶν</strong></span> <span class='ocrx_word' id='word_1_709' title='bbox 2335 4612 2537 4668; x_wconf 80' lang='grc' dir='ltr'>θέλετε</span> <span class='ocrx_word' id='word_1_710' title='bbox 2571 4612 2792 4666; x_wconf 79' lang='grc' dir='ltr'>ποιεῖν’</span> <span class='ocrx_word' id='word_1_711' title='bbox 2828 4612 2914 4665; x_wconf 80' lang='grc' dir='ltr'>ἵνα</span> <span class='ocrx_word' id='word_1_712' title='bbox 2950 4611 3230 4684; x_wconf 83' lang='grc' dir='ltr'>μάθωμεν,</span> <span class='ocrx_word' id='word_1_713' title='bbox 3272 4613 3375 4675; x_wconf 82' lang='grc' dir='ltr'>ὃτι,</span> <span class='ocrx_word' id='word_1_714' title='bbox 3409 4612 3457 4665; x_wconf 77' lang='grc' dir='ltr'><strong>εί</strong></span> <span class='ocrx_word' id='word_1_715' title='bbox 3485 4613 3584 4667; x_wconf 75' lang='grc' dir='ltr'><strong>καὶ</strong></span> <span class='ocrx_word' id='word_1_716' title='bbox 3618 4615 3726 4684; x_wconf 71' lang='grc' dir='ltr'>μό-</span> 
     </span>
    </p>
   </div>
   <div class='ocr_carea' id='block_1_94' title="bbox 466 4696 2032 4772">
    <p class='ocr_par' dir='ltr' id='par_1_94' title="bbox 466 4696 2032 4772">
     <span class='ocr_line' id='line_1_94' title="bbox 466 4696 2032 4772; baseline 0 -15"><span class='ocrx_word' id='word_1_717' title='bbox 466 4700 665 4772; x_wconf 88' lang='lat' dir='ltr'><strong>aliquis</strong></span> <span class='ocrx_word' id='word_1_718' title='bbox 686 4696 980 4755; x_wconf 90' lang='lat' dir='ltr'><strong>sitdiaboli</strong></span> <span class='ocrx_word' id='word_1_719' title='bbox 1010 4697 1180 4765; x_wconf 77' lang='lat' dir='ltr'><strong>(ilius,</strong></span> <span class='ocrx_word' id='word_1_720' title='bbox 1216 4696 1415 4754; x_wconf 82' lang='lat' dir='ltr'><strong>suﬂicit</strong></span> <span class='ocrx_word' id='word_1_721' title='bbox 1444 4701 1528 4754; x_wconf 86' lang='lat' dir='ltr'><strong>vel</strong></span> <span class='ocrx_word' id='word_1_722' title='bbox 1559 4700 1737 4757; x_wconf 89' lang='lat' dir='ltr'><strong>solum</strong></span> <span class='ocrx_word' id='word_1_723' title='bbox 1788 4701 1926 4757; x_wconf 86' lang='lat' dir='ltr'><strong>velle</strong></span> <span class='ocrx_word' id='word_1_724' title='bbox 1964 4702 2032 4757; x_wconf 91' lang='lat' dir='ltr'><strong>il-</strong></span> 
     </span>
    </p>
   </div>
   <div class='ocr_carea' id='block_1_95' title="bbox 464 4792 2032 4860">
    <p class='ocr_par' dir='ltr' id='par_1_95' title="bbox 464 4792 2032 4860">
     <span class='ocr_line' id='line_1_95' title="bbox 464 4792 2032 4860; baseline 0 -7"><span class='ocrx_word' id='word_1_725' title='bbox 464 4796 568 4855; x_wconf 84' lang='lat' dir='ltr'><strong>lius</strong></span> <span class='ocrx_word' id='word_1_726' title='bbox 594 4794 859 4852; x_wconf 81' lang='lat' dir='ltr'><strong>desideria</strong></span> <span class='ocrx_word' id='word_1_727' title='bbox 886 4793 1097 4860; x_wconf 80' lang='lat' dir='ltr'><strong>facere;</strong></span> <span class='ocrx_word' id='word_1_728' title='bbox 1128 4804 1183 4848; x_wconf 91' lang='lat' dir='ltr'><strong>et</strong></span> <span class='ocrx_word' id='word_1_729' title='bbox 1204 4792 1459 4849; x_wconf 77' lang='lat' dir='ltr'><strong>fortassis</strong></span> <span class='ocrx_word' id='word_1_730' title='bbox 1476 4796 1637 4850; x_wconf 90' lang='lat' dir='ltr'><strong>etiam</strong></span> <span class='ocrx_word' id='word_1_731' title='bbox 1658 4796 1759 4850; x_wconf 90' lang='lat' dir='ltr'><strong>hac</strong></span> <span class='ocrx_word' id='word_1_732' title='bbox 1779 4797 1847 4853; x_wconf 90' lang='lat' dir='ltr'><strong>de</strong></span> <span class='ocrx_word' id='word_1_733' title='bbox 1867 4812 2032 4853; x_wconf 88' lang='lat' dir='ltr'><strong>causa</strong></span> 
     </span>
    </p>
   </div>
   <div class='ocr_carea' id='block_1_96' title="bbox 465 4887 2032 4962">
    <p class='ocr_par' dir='ltr' id='par_1_96' title="bbox 465 4887 2032 4962">
     <span class='ocr_line' id='line_1_96' title="bbox 465 4887 2032 4962; baseline -0.001 -15"><span class='ocrx_word' id='word_1_734' title='bbox 465 4902 585 4962; x_wconf 84' lang='lat' dir='ltr'><strong>post</strong></span> <span class='ocrx_word' id='word_1_735' title='bbox 613 4891 779 4946; x_wconf 86' lang='lat' dir='ltr'><strong>illud:</strong></span> <span class='ocrx_word' id='word_1_736' title='bbox 815 4887 918 4942; x_wconf 81' lang='lat' dir='ltr'><strong>Vos</strong></span> <span class='ocrx_word' id='word_1_737' title='bbox 946 4887 1126 4957; x_wconf 73' lang='lat' dir='ltr'><strong>facitis</strong></span> <span class='ocrx_word' id='word_1_738' title='bbox 1160 4902 1319 4956; x_wconf 87' lang='lat' dir='ltr'><strong>opera</strong></span> <span class='ocrx_word' id='word_1_739' title='bbox 1344 4888 1511 4955; x_wconf 80' lang='lat' dir='ltr'><strong>patris</strong></span> <span class='ocrx_word' id='word_1_740' title='bbox 1556 4892 1709 4941; x_wconf 80' lang='lat' dir='ltr'><strong>vestri</strong></span> <span class='ocrx_word' id='word_1_741' title='bbox 1730 4887 1799 4957; x_wconf 82' lang='grc'>⁵⁸,</span> <span class='ocrx_word' id='word_1_742' title='bbox 1831 4888 2032 4945; x_wconf 87' lang='lat' dir='ltr'><strong>dictum</strong></span> 
     </span>
    </p>
   </div>
   <div class='ocr_carea' id='block_1_97' title="bbox 463 4976 2032 5049">
    <p class='ocr_par' dir='ltr' id='par_1_97' title="bbox 463 4976 2032 5049">
     <span class='ocr_line' id='line_1_97' title="bbox 463 4976 2032 5049; baseline -0.003 -10"><span class='ocrx_word' id='word_1_743' title='bbox 463 4995 586 5039; x_wconf 84' lang='lat' dir='ltr'><strong>est:</strong></span> <span class='ocrx_word' id='word_1_744' title='bbox 618 4981 896 5037; x_wconf 76' lang='lat' dir='ltr'><strong>Desideria</strong></span> <span class='ocrx_word' id='word_1_745' title='bbox 930 4979 1096 5049; x_wconf 78' lang='lat' dir='ltr'><strong>patris</strong></span> <span class='ocrx_word' id='word_1_746' title='bbox 1118 4978 1274 5033; x_wconf 77' lang='lat' dir='ltr'><strong>vestri</strong></span> <span class='ocrx_word' id='word_1_747' title='bbox 1300 4976 1455 5032; x_wconf 77' lang='lat' dir='ltr'><strong>vultis</strong></span> <span class='ocrx_word' id='word_1_748' title='bbox 1483 4977 1655 5048; x_wconf 73' lang='lat' dir='ltr'><strong>facere</strong></span> <span class='ocrx_word' id='word_1_749' title='bbox 1679 4978 1762 5045; x_wconf 83' lang='grc'><strong>⁵⁹;</strong></span> <span class='ocrx_word' id='word_1_750' title='bbox 1801 4989 1857 5035; x_wconf 93' lang='lat' dir='ltr'><strong>ut</strong></span> <span class='ocrx_word' id='word_1_751' title='bbox 1907 4981 2032 5037; x_wconf 85' lang='lat' dir='ltr'><strong>hinc</strong></span> 
     </span>
    </p>
   </div>
   <div class='ocr_carea' id='block_1_98' title="bbox 462 5070 2029 5137">
    <p class='ocr_par' dir='ltr' id='par_1_98' title="bbox 462 5070 2029 5137">
     <span class='ocr_line' id='line_1_98' title="bbox 462 5070 2029 5137; baseline -0.001 -7"><span class='ocrx_word' id='word_1_752' title='bbox 462 5076 742 5132; x_wconf 87' lang='lat' dir='ltr'><strong>discamus</strong></span> <span class='ocrx_word' id='word_1_753' title='bbox 769 5089 869 5130; x_wconf 90' lang='lat' dir='ltr'><strong>nos</strong></span> <span class='ocrx_word' id='word_1_754' title='bbox 901 5086 1026 5128; x_wconf 91' lang='lat' dir='ltr'><strong>esse</strong></span> <span class='ocrx_word' id='word_1_755' title='bbox 1059 5070 1263 5127; x_wconf 88' lang='lat' dir='ltr'><strong>diaboli</strong></span> <span class='ocrx_word' id='word_1_756' title='bbox 1298 5070 1461 5137; x_wconf 80' lang='lat' dir='ltr'><strong>ﬁlios,</strong></span> <span class='ocrx_word' id='word_1_757' title='bbox 1501 5071 1547 5125; x_wconf 91' lang='lat' dir='ltr'><strong>si</strong></span> <span class='ocrx_word' id='word_1_758' title='bbox 1579 5070 1660 5127; x_wconf 91' lang='lat' dir='ltr'><strong>vel</strong></span> <span class='ocrx_word' id='word_1_759' title='bbox 1686 5070 1859 5127; x_wconf 89' lang='lat' dir='ltr'><strong>solum</strong></span> <span class='ocrx_word' id='word_1_760' title='bbox 1893 5072 2029 5128; x_wconf 88' lang='lat' dir='ltr'><strong>veli-</strong></span> 
     </span>
    </p>
   </div>
   <div class='ocr_carea' id='block_1_99' title="bbox 463 5162 2030 5237">
    <p class='ocr_par' dir='ltr' id='par_1_99' title="bbox 463 5162 2030 5237">
     <span class='ocr_line' id='line_1_99' title="bbox 463 5162 2030 5237; baseline 0 -14"><span class='ocrx_word' id='word_1_761' title='bbox 463 5162 807 5224; x_wconf 78' lang='lat' dir='ltr'><strong>mus&#39;iacere</strong></span> <span class='ocrx_word' id='word_1_762' title='bbox 836 5181 958 5237; x_wconf 69' lang='lat' dir='ltr'><strong>quae</strong></span> <span class='ocrx_word' id='word_1_763' title='bbox 988 5164 1238 5221; x_wconf 88' lang='lat' dir='ltr'><strong>diabolus</strong></span> <span class='ocrx_word' id='word_1_764' title='bbox 1282 5162 1579 5221; x_wconf 85' lang='lat' dir='ltr'><strong>desiderat.</strong></span> <span class='ocrx_word' id='word_1_765' title='bbox 1628 5167 1700 5218; x_wconf 82' lang='lat' dir='ltr'><strong>At</strong></span> <span class='ocrx_word' id='word_1_766' title='bbox 1747 5164 2030 5234; x_wconf 88' lang='lat' dir='ltr'><strong>aptissime</strong></span> 
     </span>
    </p>
   </div>
   <div class='ocr_carea' id='block_1_100' title="bbox 2139 4702 3729 4777">
    <p class='ocr_par' dir='ltr' id='par_1_100' title="bbox 2139 4702 3729 4777">
     <span class='ocr_line' id='line_1_100' title="bbox 2139 4702 3729 4777; baseline -0.006 -15"><span class='ocrx_word' id='word_1_767' title='bbox 2139 4705 2483 4777; x_wconf 61' lang='grc' dir='ltr'>νονεθέλομεν</span> <span class='ocrx_word' id='word_1_768' title='bbox 2531 4706 2703 4758; x_wconf 84' lang='grc' dir='ltr'>ποιεῖν</span> <span class='ocrx_word' id='word_1_769' title='bbox 2733 4703 2878 4777; x_wconf 76' lang='grc' dir='ltr'>ἅπερ</span> <span class='ocrx_word' id='word_1_770' title='bbox 2918 4705 3176 4777; x_wconf 85' lang='grc' dir='ltr'>ἐπιθυμεῖ</span> <span class='ocrx_word' id='word_1_771' title='bbox 3206 4706 3234 4758; x_wconf 85' lang='grc' dir='ltr'>ὁ</span> <span class='ocrx_word' id='word_1_772' title='bbox 3282 4702 3550 4768; x_wconf 75' lang='grc' dir='ltr'>διάϐολος,</span> <span class='ocrx_word' id='word_1_773' title='bbox 3582 4722 3729 4776; x_wconf 66' lang='grc' dir='ltr'><strong>χρη.</strong></span> 
     </span>
    </p>
   </div>
   <div class='ocr_carea' id='block_1_101' title="bbox 2143 4796 3725 4872">
    <p class='ocr_par' dir='ltr' id='par_1_101' title="bbox 2143 4796 3725 4872">
     <span class='ocr_line' id='line_1_101' title="bbox 2143 4796 3725 4872; baseline -0.003 -18"><span class='ocrx_word' id='word_1_774' title='bbox 2143 4799 2441 4872; x_wconf 85' lang='grc' dir='ltr'>ματιοῦμεν</span> <span class='ocrx_word' id='word_1_775' title='bbox 2466 4797 2710 4853; x_wconf 74' lang='grc' dir='ltr'>διαϐόλου</span> <span class='ocrx_word' id='word_1_776' title='bbox 2751 4798 2875 4851; x_wconf 88' lang='grc' dir='ltr'>υἱοί.</span> <span class='ocrx_word' id='word_1_777' title='bbox 2910 4796 3265 4853; x_wconf 84' lang='grc' dir='ltr'>Πιθανὼτατα</span> <span class='ocrx_word' id='word_1_778' title='bbox 3292 4797 3337 4850; x_wconf 87' lang='grc' dir='ltr'>δ’</span> <span class='ocrx_word' id='word_1_779' title='bbox 3362 4798 3427 4851; x_wconf 79' lang='grc' dir='ltr'>ἂν</span> <span class='ocrx_word' id='word_1_780' title='bbox 3452 4814 3541 4861; x_wconf 85' lang='grc' dir='ltr'><strong>τις</strong></span> <span class='ocrx_word' id='word_1_781' title='bbox 3581 4798 3725 4870; x_wconf 70' lang='grc' dir='ltr'>πρὸς</span> 
     </span>
    </p>
   </div>
   <div class='ocr_carea' id='block_1_102' title="bbox 2137 4882 3728 4960">
    <p class='ocr_par' dir='ltr' id='par_1_102' title="bbox 2137 4882 3728 4960">
     <span class='ocr_line' id='line_1_102' title="bbox 2137 4882 3728 4960; baseline -0.003 -16"><span class='ocrx_word' id='word_1_782' title='bbox 2137 4891 2312 4946; x_wconf 84' lang='grc' dir='ltr'>ταῦτα</span> <span class='ocrx_word' id='word_1_783' title='bbox 2350 4890 2530 4958; x_wconf 83' lang='grc' dir='ltr'>λέγοι,</span> <span class='ocrx_word' id='word_1_784' title='bbox 2557 4888 2631 4953; x_wconf 85' lang='grc' dir='ltr'>ὡς</span> <span class='ocrx_word' id='word_1_785' title='bbox 2672 4887 2782 4960; x_wconf 79' lang='grc' dir='ltr'>ἄρα</span> <span class='ocrx_word' id='word_1_786' title='bbox 2810 4888 2971 4958; x_wconf 84' lang='grc' dir='ltr'>ἀρκεῖ</span> <span class='ocrx_word' id='word_1_787' title='bbox 3013 4887 3151 4960; x_wconf 82' lang='grc' dir='ltr'>πρὸς</span> <span class='ocrx_word' id='word_1_788' title='bbox 3185 4887 3245 4940; x_wconf 83' lang='grc' dir='ltr'><strong>τὸ</strong></span> <span class='ocrx_word' id='word_1_789' title='bbox 3281 4882 3419 4940; x_wconf 74' lang='grc' dir='ltr'>εἶναι</span> <span class='ocrx_word' id='word_1_790' title='bbox 3452 4886 3572 4941; x_wconf 74' lang='grc' dir='ltr'>υἱὸν</span> <span class='ocrx_word' id='word_1_791' title='bbox 3605 4887 3728 4959; x_wconf 71' lang='grc'><strong>(47)</strong></span> 
     </span>
    </p>
   </div>
   <div class='ocr_carea' id='block_1_103' title="bbox 2139 4978 3724 5059">
    <p class='ocr_par' dir='ltr' id='par_1_103' title="bbox 2139 4978 3724 5059">
     <span class='ocr_line' id='line_1_103' title="bbox 2139 4978 3724 5059; baseline -0.003 -23"><span class='ocrx_word' id='word_1_792' title='bbox 2139 4981 2272 5036; x_wconf 84' lang='grc' dir='ltr'>Θεοῦ</span> <span class='ocrx_word' id='word_1_793' title='bbox 2314 4982 2376 5036; x_wconf 83' lang='grc' dir='ltr'><strong>τὸ</strong></span> <span class='ocrx_word' id='word_1_794' title='bbox 2414 4980 2587 5035; x_wconf 86' lang='grc' dir='ltr'>θέλειν</span> <span class='ocrx_word' id='word_1_795' title='bbox 2626 4979 2790 5035; x_wconf 83' lang='grc' dir='ltr'>αὐτοῦ</span> <span class='ocrx_word' id='word_1_796' title='bbox 2819 4982 2991 5034; x_wconf 86' lang='grc' dir='ltr'>ποιεῖν</span> <span class='ocrx_word' id='word_1_797' title='bbox 3016 4978 3117 5059; x_wconf 82' lang='grc' dir='ltr'>τὰς</span> <span class='ocrx_word' id='word_1_798' title='bbox 3152 4979 3463 5050; x_wconf 86' lang='grc' dir='ltr'>ἐπιθυμίας,</span> <span class='ocrx_word' id='word_1_799' title='bbox 3492 4978 3598 5032; x_wconf 77' lang='grc' dir='ltr'>κᾶν</span> <span class='ocrx_word' id='word_1_800' title='bbox 3642 4979 3724 5051; x_wconf 78' lang='grc' dir='ltr'>μὴ</span> 
     </span>
    </p>
   </div>
   <div class='ocr_carea' id='block_1_104' title="bbox 2137 5070 3727 5149">
    <p class='ocr_par' dir='ltr' id='par_1_104' title="bbox 2137 5070 3727 5149">
     <span class='ocr_line' id='line_1_104' title="bbox 2137 5070 3727 5149; baseline -0.003 -18"><span class='ocrx_word' id='word_1_801' title='bbox 2137 5079 2316 5149; x_wconf 78' lang='grc' dir='ltr'>προσῇ</span> <span class='ocrx_word' id='word_1_802' title='bbox 2344 5074 2519 5149; x_wconf 80' lang='grc' dir='ltr'>τούτῳ</span> <span class='ocrx_word' id='word_1_803' title='bbox 2568 5078 2746 5130; x_wconf 83' lang='grc' dir='ltr'>ποιεῖν</span> <span class='ocrx_word' id='word_1_804' title='bbox 2783 5075 2852 5129; x_wconf 82' lang='grc' dir='ltr'>τὰ</span> <span class='ocrx_word' id='word_1_805' title='bbox 2883 5073 3021 5146; x_wconf 77' lang='grc' dir='ltr'><strong>ἔργα</strong></span> <span class='ocrx_word' id='word_1_806' title='bbox 3068 5071 3164 5126; x_wconf 88' lang='grc' dir='ltr'><strong>τοῦ</strong></span> <span class='ocrx_word' id='word_1_807' title='bbox 3210 5070 3385 5124; x_wconf 80' lang='grc' dir='ltr'>Θεοῦ·</span> <span class='ocrx_word' id='word_1_808' title='bbox 3436 5070 3578 5126; x_wconf 71' lang='grc' dir='ltr'>ἀλλὰ</span> <span class='ocrx_word' id='word_1_809' title='bbox 3628 5071 3727 5126; x_wconf 82' lang='grc' dir='ltr'>λε-</span> 
     </span>
    </p>
   </div>
   <div class='ocr_carea' id='block_1_105' title="bbox 2138 5164 3729 5242">
    <p class='ocr_par' dir='ltr' id='par_1_105' title="bbox 2138 5164 3729 5242">
     <span class='ocr_line' id='line_1_105' title="bbox 2138 5164 3729 5242; baseline -0.004 -17"><span class='ocrx_word' id='word_1_810' title='bbox 2138 5171 2313 5238; x_wconf 82' lang='grc' dir='ltr'>κτέον,</span> <span class='ocrx_word' id='word_1_811' title='bbox 2341 5170 2425 5224; x_wconf 79' lang='grc' dir='ltr'>ὅτι</span> <span class='ocrx_word' id='word_1_812' title='bbox 2455 5169 2668 5242; x_wconf 80' lang='grc' dir='ltr'><strong>ἀνάγκη</strong></span> <span class='ocrx_word' id='word_1_813' title='bbox 2700 5170 2792 5225; x_wconf 79' lang='grc' dir='ltr'><strong>τὸν</strong></span> <span class='ocrx_word' id='word_1_814' title='bbox 2824 5169 3044 5223; x_wconf 87' lang='grc' dir='ltr'>θέλοντα</span> <span class='ocrx_word' id='word_1_815' title='bbox 3073 5169 3245 5222; x_wconf 88' lang='grc' dir='ltr'>ποιεῖν</span> <span class='ocrx_word' id='word_1_816' title='bbox 3269 5165 3370 5229; x_wconf 78' lang='grc' dir='ltr'>τὰς</span> <span class='ocrx_word' id='word_1_817' title='bbox 3417 5164 3729 5237; x_wconf 75' lang='grc' dir='ltr'>ἐπιθυμίας</span> 
     </span>
    </p>
   </div>
   <div class='ocr_carea' id='block_1_106' title="bbox 524 5304 2039 5377">
    <p class='ocr_par' dir='ltr' id='par_1_106' title="bbox 524 5304 2039 5374">
     <span class='ocr_line' id='line_1_106' title="bbox 524 5304 2039 5374; baseline 0.005 -14"><span class='ocrx_word' id='word_1_818' title='bbox 524 5307 573 5341; x_wconf 82' lang='grc'><strong><em>³⁸</em></strong></span> <span class='ocrx_word' id='word_1_819' title='bbox 589 5305 744 5364; x_wconf 82' lang='lat' dir='ltr'><strong>Vers.</strong></span> <span class='ocrx_word' id='word_1_820' title='bbox 767 5306 854 5373; x_wconf 78' lang='grc'>10,</span> <span class='ocrx_word' id='word_1_821' title='bbox 873 5308 962 5363; x_wconf 76' lang='grc' dir='ltr'>Η.</span> <span class='ocrx_word' id='word_1_822' title='bbox 1038 5307 1085 5340; x_wconf 84' lang='grc'><strong>⁵⁸</strong></span> <span class='ocrx_word' id='word_1_823' title='bbox 1106 5305 1244 5363; x_wconf 87' lang='lat' dir='ltr'><strong>Luc.</strong></span> <span class='ocrx_word' id='word_1_824' title='bbox 1274 5320 1412 5371; x_wconf 78' lang='lat' dir='ltr'><strong>uti,</strong></span> <span class='ocrx_word' id='word_1_825' title='bbox 1431 5304 1520 5361; x_wconf 82' lang='grc'><strong>15.</strong></span> <span class='ocrx_word' id='word_1_826' title='bbox 1594 5305 1640 5337; x_wconf 87' lang='grc'><strong>⁵⁷</strong></span> <span class='ocrx_word' id='word_1_827' title='bbox 1658 5305 1846 5362; x_wconf 81' lang='lat' dir='ltr'><strong>Matth.</strong></span> <span class='ocrx_word' id='word_1_828' title='bbox 1880 5322 1934 5374; x_wconf 93' lang='lat' dir='ltr'><strong>v,</strong></span> <span class='ocrx_word' id='word_1_829' title='bbox 1955 5308 2039 5368; x_wconf 75' lang='lat'><strong>28.</strong></span> 
     </span>
    </p>
   </div>
   <div class='ocr_carea' id='block_1_107' title="bbox 2204 5304 3000 5377">
    <p class='ocr_par' dir='ltr' id='par_1_107' title="bbox 2204 5311 3000 5377">
     <span class='ocr_line' id='line_1_107' title="bbox 2204 5311 3000 5377; baseline 0.003 -12"><span class='ocrx_word' id='word_1_830' title='bbox 2204 5311 2339 5369; x_wconf 84' lang='lat' dir='ltr'><strong>loan.</strong></span> <span class='ocrx_word' id='word_1_831' title='bbox 2366 5329 2482 5377; x_wconf 84' lang='lat' dir='ltr'><strong>vtu,</strong></span> <span class='ocrx_word' id='word_1_832' title='bbox 2510 5312 2603 5368; x_wconf 71' lang='lat' dir='ltr'><strong>ﬂ.</strong></span> <span class='ocrx_word' id='word_1_833' title='bbox 2678 5314 2724 5347; x_wconf 81' lang='grc'><strong>⁸³</strong></span> <span class='ocrx_word' id='word_1_834' title='bbox 2753 5313 2883 5368; x_wconf 89' lang='lat' dir='ltr'><strong>ibid.</strong></span> <span class='ocrx_word' id='word_1_835' title='bbox 2912 5312 3000 5368; x_wconf 74' lang='grc' dir='ltr'><strong>ιι.</strong></span> 
     </span>
    </p>
   </div>
   <div class='ocr_carea' id='block_1_108' title="bbox 497 5444 2027 5574">
    <p class='ocr_par' dir='ltr' id='par_1_108' title="bbox 497 5444 2027 5574">
     <span class='ocr_line' id='line_1_108' title="bbox 497 5444 2027 5574; baseline -0.001 -71"><span class='ocrx_word' id='word_1_836' title='bbox 497 5449 646 5574; x_wconf 56' lang='grc' dir='ltr'><strong>¹(λιιι)</strong></span> <span class='ocrx_word' id='word_1_837' title='bbox 676 5448 802 5574; x_wconf 49' lang='lat' dir='ltr'><strong>liae</strong></span> <span class='ocrx_word' id='word_1_838' title='bbox 830 5463 861 5503; x_wconf 91' lang='lat' dir='ltr'><strong>a</strong></span> <span class='ocrx_word' id='word_1_839' title='bbox 883 5446 1136 5506; x_wconf 86' lang='lat' dir='ltr'><strong>Ferrario</strong></span> <span class='ocrx_word' id='word_1_840' title='bbox 1165 5449 1553 5521; x_wconf 67' lang='lat' dir='ltr'><strong>praetermissa,</strong></span> <span class='ocrx_word' id='word_1_841' title='bbox 1570 5459 1601 5503; x_wconf 82' lang='grc' dir='ltr'><strong>ο</strong></span> <span class='ocrx_word' id='word_1_842' title='bbox 1624 5444 1876 5503; x_wconf 84' lang='lat' dir='ltr'><strong>Perionio</strong></span> <span class='ocrx_word' id='word_1_843' title='bbox 1898 5460 2027 5517; x_wconf 87' lang='lat' dir='ltr'><strong>sup-</strong></span> 
     </span>
     <span class='ocr_line' id='line_1_109' title="bbox 517 5536 743 5574; baseline 0 0"><span class='ocrx_word' id='word_1_844' title='bbox 517 5536 692 5574; x_wconf 67' lang='lat' dir='ltr'><strong>UVIIIIU</strong></span> <span class='ocrx_word' id='word_1_845' title='bbox 729 5558 743 5574; x_wconf 77' lang='grc' dir='ltr'><strong><em>ο</em></strong></span> 
     </span>
    </p>
   </div>
   <div class='ocr_carea' id='block_1_109' title="bbox 517 5534 743 5575">
    <p class='ocr_par' dir='ltr' id='par_1_109' title="bbox 517 5534 743 5575">
     <span class='ocr_line' id='line_1_110' title="bbox 517 5534 743 5575; baseline -0.004 0"><span class='ocrx_word' id='word_1_846' title='bbox 517 5534 743 5575; x_wconf 69' lang='grc' dir='ltr'>υγιιιιυε.</span> 
     </span>
    </p>
   </div>
   <div class='ocr_carea' id='block_1_110' title="bbox 462 5537 1949 5660">
    <p class='ocr_par' dir='ltr' id='par_1_110' title="bbox 462 5537 1949 5660">
     <span class='ocr_line' id='line_1_111' title="bbox 462 5537 1949 5660; baseline -0.003 -16"><span class='ocrx_word' id='word_1_847' title='bbox 462 5537 783 5660; x_wconf 40' lang='lat' dir='ltr'><strong>malini-0</strong></span> <span class='ocrx_word' id='word_1_848' title='bbox 811 5587 1018 5660; x_wconf 78' lang='grc' dir='ltr'>Κυρίου</span> <span class='ocrx_word' id='word_1_849' title='bbox 1041 5589 1209 5660; x_wconf 76' lang='lat' dir='ltr'><strong>codex</strong></span> <span class='ocrx_word' id='word_1_850' title='bbox 1246 5589 1447 5660; x_wconf 76' lang='lat' dir='ltr'><strong>Regius</strong></span> <span class='ocrx_word' id='word_1_851' title='bbox 1476 5588 1639 5660; x_wconf 86' lang='lat' dir='ltr'><strong>habet</strong></span> <span class='ocrx_word' id='word_1_852' title='bbox 1668 5586 1764 5642; x_wconf 86' lang='grc' dir='ltr'><strong>τοῦ</strong></span> <span class='ocrx_word' id='word_1_853' title='bbox 1794 5586 1949 5660; x_wconf 49' lang='grc' dir='ltr'>Θεοῦ,</span> 
     </span>
    </p>
   </div>
   <div class='ocr_carea' id='block_1_111' title="bbox 554 5657 2025 5731">
    <p class='ocr_par' dir='ltr' id='par_1_111' title="bbox 554 5657 2025 5731">
     <span class='ocr_line' id='line_1_112' title="bbox 554 5657 2025 5731; baseline -0.002 -16"><span class='ocrx_word' id='word_1_854' title='bbox 554 5657 645 5731; x_wconf 72' lang='grc'><strong>42)</strong></span> <span class='ocrx_word' id='word_1_855' title='bbox 671 5661 774 5727; x_wconf 86' lang='grc' dir='ltr'>Ὣς</span> <span class='ocrx_word' id='word_1_856' title='bbox 795 5657 928 5731; x_wconf 74' lang='grc' dir='ltr'>τινᾴ</span> <span class='ocrx_word' id='word_1_857' title='bbox 947 5657 1015 5713; x_wconf 81' lang='grc' dir='ltr'><em>δὲ</em></span> <span class='ocrx_word' id='word_1_858' title='bbox 1031 5658 1160 5731; x_wconf 60' lang='grc' dir='ltr'><strong>Δτῶν·</strong></span> <span class='ocrx_word' id='word_1_859' title='bbox 1184 5657 1560 5731; x_wconf 53' lang='lat' dir='ltr'><strong>dra-{priscam</strong></span> <span class='ocrx_word' id='word_1_860' title='bbox 1588 5659 1735 5728; x_wconf 73' lang='grc' dir='ltr'>ἔχει,</span> <span class='ocrx_word' id='word_1_861' title='bbox 1764 5668 1872 5713; x_wconf 90' lang='lat' dir='ltr'><strong>etc.</strong></span> <span class='ocrx_word' id='word_1_862' title='bbox 1897 5657 2025 5731; x_wconf 18' lang='lat' dir='ltr'><strong>Allo-</strong></span> 
     </span>
    </p>
   </div>
   <div class='ocr_carea' id='block_1_112' title="bbox 460 5727 2024 5799">
    <p class='ocr_par' dir='ltr' id='par_1_112' title="bbox 460 5727 2024 5799">
     <span class='ocr_line' id='line_1_113' title="bbox 460 5727 2024 5799; baseline -0.003 -12"><span class='ocrx_word' id='word_1_863' title='bbox 460 5727 552 5787; x_wconf 80' lang='lat' dir='ltr'><strong>die</strong></span> <span class='ocrx_word' id='word_1_864' title='bbox 579 5727 815 5785; x_wconf 78' lang='lat' dir='ltr'><strong>universi</strong></span> <span class='ocrx_word' id='word_1_865' title='bbox 845 5728 955 5783; x_wconf 84' lang='grc' dir='ltr'>τῶν</span> <span class='ocrx_word' id='word_1_866' title='bbox 988 5727 1044 5785; x_wconf 88' lang='lat'><strong>0’</strong></span> <span class='ocrx_word' id='word_1_867' title='bbox 1092 5732 1306 5785; x_wconf 84' lang='lat' dir='ltr'><strong>codices</strong></span> <span class='ocrx_word' id='word_1_868' title='bbox 1328 5727 1549 5785; x_wconf 71' lang='lat' dir='ltr'><strong>habent</strong></span> <span class='ocrx_word' id='word_1_869' title='bbox 1606 5727 1939 5799; x_wconf 77' lang='grc' dir='ltr'>ἐπιθυμητὰ,</span> <span class='ocrx_word' id='word_1_870' title='bbox 1969 5736 2024 5782; x_wconf 89' lang='lat' dir='ltr'><strong>et</strong></span> 
     </span>
    </p>
   </div>
   <div class='ocr_carea' id='block_1_113' title="bbox 462 5801 2025 5871">
    <p class='ocr_par' dir='ltr' id='par_1_113' title="bbox 462 5801 2025 5871">
     <span class='ocr_line' id='line_1_114' title="bbox 462 5801 2025 5871; baseline -0.002 -14"><span class='ocrx_word' id='word_1_871' title='bbox 462 5804 941 5871; x_wconf 86' lang='lat' dir='ltr'><strong>interpretationes</strong></span> <span class='ocrx_word' id='word_1_872' title='bbox 961 5816 1168 5867; x_wconf 88' lang='lat' dir='ltr'><strong>omnes,</strong></span> <span class='ocrx_word' id='word_1_873' title='bbox 1201 5816 1306 5855; x_wconf 88' lang='lat' dir='ltr'><strong>una</strong></span> <span class='ocrx_word' id='word_1_874' title='bbox 1341 5809 1562 5870; x_wconf 83' lang='lat' dir='ltr'><strong>excepta</strong></span> <span class='ocrx_word' id='word_1_875' title='bbox 1593 5801 1823 5854; x_wconf 85' lang='lat' dir='ltr'><strong>Arabica</strong></span> <span class='ocrx_word' id='word_1_876' title='bbox 1844 5840 1859 5866; x_wconf 90' lang='lat'><strong>,</strong></span> <span class='ocrx_word' id='word_1_877' title='bbox 1905 5814 2025 5870; x_wconf 63' lang='lat' dir='ltr'><strong>quae</strong></span> 
     </span>
    </p>
   </div>
   <div class='ocr_carea' id='block_1_114' title="bbox 463 5872 1800 5929">
    <p class='ocr_par' dir='ltr' id='par_1_114' title="bbox 463 5872 1800 5929">
     <span class='ocr_line' id='line_1_115' title="bbox 463 5872 1800 5929; baseline 0 -2"><span class='ocrx_word' id='word_1_878' title='bbox 463 5888 583 5927; x_wconf 87' lang='lat' dir='ltr'><strong>cum</strong></span> <span class='ocrx_word' id='word_1_879' title='bbox 616 5874 784 5928; x_wconf 85' lang='lat' dir='ltr'><strong>altera</strong></span> <span class='ocrx_word' id='word_1_880' title='bbox 816 5874 918 5928; x_wconf 87' lang='lat' dir='ltr'><strong>hac</strong></span> <span class='ocrx_word' id='word_1_881' title='bbox 949 5872 1178 5929; x_wconf 76' lang='lat' dir='ltr'><strong>lectione</strong></span> <span class='ocrx_word' id='word_1_882' title='bbox 1204 5872 1496 5928; x_wconf 87' lang='lat' dir='ltr'><strong>consentit.</strong></span> <span class='ocrx_word' id='word_1_883' title='bbox 1545 5872 1800 5927; x_wconf 75' lang='lat' dir='ltr'><strong>llumws.</strong></span> 
     </span>
    </p>
   </div>
   <div class='ocr_carea' id='block_1_115' title="bbox 2208 5448 3726 5522">
    <p class='ocr_par' dir='ltr' id='par_1_115' title="bbox 2208 5448 3726 5522">
     <span class='ocr_line' id='line_1_116' title="bbox 2208 5448 3726 5522; baseline -0.001 -16"><span class='ocrx_word' id='word_1_884' title='bbox 2208 5448 2320 5522; x_wconf 71' lang='grc' dir='ltr'>(ιδ)</span> <span class='ocrx_word' id='word_1_885' title='bbox 2372 5448 2551 5522; x_wconf 75' lang='lat' dir='ltr'><strong>codex</strong></span> <span class='ocrx_word' id='word_1_886' title='bbox 2609 5450 2831 5522; x_wconf 70' lang='lat' dir='ltr'><strong>Regius,</strong></span> <span class='ocrx_word' id='word_1_887' title='bbox 2888 5448 3280 5521; x_wconf 81' lang='grc' dir='ltr'>ἐπιθυμήματα</span> <span class='ocrx_word' id='word_1_888' title='bbox 3312 5489 3328 5516; x_wconf 91' lang='grc'><strong>,</strong></span> <span class='ocrx_word' id='word_1_889' title='bbox 3385 5449 3576 5509; x_wconf 84' lang='lat' dir='ltr'><strong>Bodlei</strong></span> <span class='ocrx_word' id='word_1_890' title='bbox 3654 5467 3726 5506; x_wconf 92' lang='lat' dir='ltr'><strong>us</strong></span> 
     </span>
    </p>
   </div>
   <div class='ocr_carea' id='block_1_116' title="bbox 2135 5519 2650 5594">
    <p class='ocr_par' dir='ltr' id='par_1_116' title="bbox 2135 5519 2650 5594">
     <span class='ocr_line' id='line_1_117' title="bbox 2135 5519 2650 5594; baseline 0.004 -20"><span class='ocrx_word' id='word_1_891' title='bbox 2135 5519 2286 5594; x_wconf 75' lang='lat' dir='ltr'><strong>vero,</strong></span> <span class='ocrx_word' id='word_1_892' title='bbox 2318 5519 2650 5594; x_wconf 79' lang='grc' dir='ltr'>ἐπιθυμητὰ.</span> 
     </span>
    </p>
   </div>
   <div class='ocr_carea' id='block_1_117' title="bbox 2212 5590 3335 5663">
    <p class='ocr_par' dir='ltr' id='par_1_117' title="bbox 2212 5590 3335 5663">
     <span class='ocr_line' id='line_1_118' title="bbox 2212 5590 3335 5663; baseline 0 -18"><span class='ocrx_word' id='word_1_893' title='bbox 2212 5591 2317 5663; x_wconf 68' lang='grc'><strong>[44)</strong></span> <span class='ocrx_word' id='word_1_894' title='bbox 2344 5590 2683 5648; x_wconf 33' lang='lat' dir='ltr'><strong>ldem‘codex</strong></span> <span class='ocrx_word' id='word_1_895' title='bbox 2710 5591 2933 5659; x_wconf 73' lang='lat' dir='ltr'><strong>Regius,</strong></span> <span class='ocrx_word' id='word_1_896' title='bbox 2965 5590 3335 5663; x_wconf 82' lang='grc' dir='ltr'>εὐλογήματα.</span> 
     </span>
    </p>
   </div>
   <div class='ocr_carea' id='block_1_118' title="bbox 2226 5661 3377 5733">
    <p class='ocr_par' dir='ltr' id='par_1_118' title="bbox 2226 5661 3377 5733">
     <span class='ocr_line' id='line_1_119' title="bbox 2226 5661 3377 5733; baseline 0.001 -16"><span class='ocrx_word' id='word_1_897' title='bbox 2226 5661 2315 5733; x_wconf 65' lang='lat' dir='ltr'><strong>i5)</strong></span> <span class='ocrx_word' id='word_1_898' title='bbox 2338 5663 2479 5733; x_wconf 75' lang='lat' dir='ltr'><strong>idem</strong></span> <span class='ocrx_word' id='word_1_899' title='bbox 2508 5665 2676 5718; x_wconf 75' lang='lat' dir='ltr'><strong>codex</strong></span> <span class='ocrx_word' id='word_1_900' title='bbox 2708 5663 2930 5733; x_wconf 79' lang='lat' dir='ltr'><strong>Regius,</strong></span> <span class='ocrx_word' id='word_1_901' title='bbox 2965 5661 3377 5733; x_wconf 80' lang='grc' dir='ltr'>ἐπιθυμήματα.</span> 
     </span>
    </p>
   </div>
   <div class='ocr_carea' id='block_1_119' title="bbox 2200 5732 3724 5806">
    <p class='ocr_par' dir='ltr' id='par_1_119' title="bbox 2200 5732 3724 5806">
     <span class='ocr_line' id='line_1_120' title="bbox 2200 5732 3724 5806; baseline 0.003 -5"><span class='ocrx_word' id='word_1_902' title='bbox 2200 5732 2481 5806; x_wconf 60' lang='lat'><strong>(491118!&quot;</strong></span> <span class='ocrx_word' id='word_1_903' title='bbox 2538 5735 2721 5806; x_wconf 52' lang='lat' dir='ltr'><strong>sodes</strong></span> <span class='ocrx_word' id='word_1_904' title='bbox 2742 5732 2978 5806; x_wconf 67' lang='grc' dir='ltr'>κειίυες,</span> <span class='ocrx_word' id='word_1_905' title='bbox 3012 5732 3318 5806; x_wconf 60' lang='lat' dir='ltr'><strong>pernetam»</strong></span> <span class='ocrx_word' id='word_1_906' title='bbox 3350 5733 3724 5806; x_wconf 56' lang='grc' dir='ltr'>ἐπεμήματαο</span> 
     </span>
    </p>
   </div>
   <div class='ocr_carea' id='block_1_120' title="bbox 2202 5802 3457 5874">
    <p class='ocr_par' dir='ltr' id='par_1_120' title="bbox 2202 5802 3457 5874">
     <span class='ocr_line' id='line_1_121' title="bbox 2202 5802 3457 5874; baseline 0.001 -17"><span class='ocrx_word' id='word_1_907' title='bbox 2202 5802 2315 5874; x_wconf 71' lang='grc'><strong>(47)</strong></span> <span class='ocrx_word' id='word_1_908' title='bbox 2337 5803 2518 5861; x_wconf 79' lang='lat' dir='ltr'><strong>Codex</strong></span> <span class='ocrx_word' id='word_1_909' title='bbox 2541 5802 2867 5861; x_wconf 87' lang='lat' dir='ltr'><strong>Bodleiauus</strong></span> <span class='ocrx_word' id='word_1_910' title='bbox 2900 5802 3037 5870; x_wconf 70' lang='grc' dir='ltr'>υἱόν,</span> <span class='ocrx_word' id='word_1_911' title='bbox 3076 5804 3296 5874; x_wconf 70' lang='lat' dir='ltr'><strong>Regius,</strong></span> <span class='ocrx_word' id='word_1_912' title='bbox 3328 5802 3457 5858; x_wconf 77' lang='grc' dir='ltr'>υἱοί.</span> 
     </span>
    </p>
   </div>
  </div>
