3804 6534
101 385 203 444 625

1144 390 1498 445 COMMENT.
1544 391 1605 444 ΙΝ
1644 389 1833 447 JOAN.
1872 389 2107 446 TOMUS
2142 389 2257 445 XX.

3213 385 3318 440 626

95 501 185 553 τοῦ
215 499 350 553 Θεοῦ
385 501 482 555 κα)⁵
517 504 691 555 ποιεῖν
720 503 786 556 τὰ
821 504 954 576 ἔργα
990 504 1083 558 τοῦ
1117 505 1282 560 Θεοῦ·
1323 509 1384 560 οὐ
1431 509 1540 581 γάρ
1572 509 1640 580 μό

1766 508 1890 577 quis
1927 509 1994 560 ad
2036 508 2150 560 inec
2191 505 2394 559 diceret
2421 501 2665 557 sufficere
2697 501 2967 563 ctiam,nt
3009 496 3176 554 simus
3225 501 3318 554 lilii

95 610 180 645 νον
219 592 280 646 τὸ
313 592 508 654 θέλειν,
556 594 692 648 ἀλλὰ
731 596 824 649 καὶ
872 597 933 650 τὸ
983 599 1254 670 ἐνεργεῖν,
1300 601 1375 662 ὣς
1425 616 1588 670 φησιν
1631 603 1644 653 ί

1765 600 1882 662 Dei,
1906 598 2042 654 velle
2069 596 2332 652 desideria
2361 595 2506 649 illius
2535 593 2734 656 facere,
2757 591 2970 646 etiamsi
2991 604 3151 660 opera
3180 590 3323 645 illius

92 685 320 748 Παῦλος,
367 688 432 740 ἐκ
478 686 570 740 τοῦ
621 687 753 741 Θεοῦ
799 691 967 754 ἐστιν,
1017 691 1281 761 ἑπομένου
1326 693 1540 754 πάντως
1581 692 1660 763 τῷ

92 775 237 847 καλῷ
280 777 458 832 θέλειν
492 778 588 832 τοῦ
630 779 862 850 συζύγου
915 783 1064 854 αὐτῷ
1115 783 1225 854 (68)
1255 785 1527 853 ἐνεργεῖν·
1565 787 1658 838 καὶ

89 869 192 938 γάρ
215 867 344 935 τοῖς
380 869 655 939 ἀγαπῶσι
678 871 784 925 τὸν
815 872 962 926 Θεὸν
998 873 1194 927 πάντα
1235 875 1519 945 συνεργεῖ
1545 875 1656 946 (49)

88 961 167 1024 είς
200 960 453 1028 ἀγαθὸν,
489 964 581 1016 καὶ
627 963 726 1018 οὐκ
766 963 832 1018 ἂν
867 965 1030 1018 καλὸν
1070 965 1242 1020 θέλειν
1273 967 1459 1030 ἀτελὲς
1496 968 1656 1020 ἐᾶσαι

84 1053 111 1104 ὁ
149 1050 323 1106 ποιῶν
368 1054 547 1107 πάντα
589 1054 730 1107 καλά
765 1055 906 1110 λίαν.
954 1057 1092 1110 Ἀλλ’
1137 1057 1258 1111 οὐδὲ
1307 1059 1655 1130 ἐπινοηθῆναι

85 1142 300 1196 δύναται
352 1145 518 1198 καλὸν
562 1145 732 1200 θέλειν
777 1149 852 1218 μὴ
893 1149 1322 1221 συνεζευγμένης
1370 1151 1470 1222 τῆς
1515 1153 1656 1206 κατὰ

81 1234 137 1285 τὸ
173 1233 320 1287 οὕτω
359 1235 537 1290 θέλειν
575 1238 853 1309 ἐνεργείας
882 1240 1051 1310 καλῆς
1076 1241 1152 1312 τῷ
1178 1241 1328 1312 καλῷ
1355 1243 1547 1296 θέλειν.
1591 1245 1654 1296 Ἦ

85 1324 328 1394 μέντοιγε
378 1329 514 1398 πρὸς
539 1329 616 1400 τῷ
649 1329 821 1384 θέλειν
859 1332 1130 1403 ἐνέργεια,
1169 1333 1271 1387 κᾶν
1311 1335 1655 1405 ἐμποδίζοιτο

83 1416 179 1468 ὑπὸ
216 1417 318 1486 τῆς
351 1418 617 1489 Προνοίας
646 1421 877 1490 εὐλόγως
911 1423 1191 1490 πολλάκις,
1219 1426 1307 1479 ὅτε
1342 1427 1483 1498 ὺπέρ
1511 1445 1653 1492 τινος

80 1507 382 1573 καθολικῶς
414 1511 765 1584 χρησίμου,ἢ
810 1514 958 1578 ὅπως
1004 1517 1132 1568 ποτὲ
1181 1519 1450 1589 χρησίμου
1495 1519 1653 1590 χρεία

80 1600 478 1656 ἀνακόπτεσθαι
500 1603 560 1655 τὸ
594 1604 734 1657 κατὰ
766 1605 826 1658 τὸ
847 1605 1019 1660 θέλειν
1047 1608 1106 1660 τὸ
1133 1611 1312 1681 χεῖρον
1345 1611 1523 1682 ἔργον.
1559 1612 1652 1676 Είς

80 1691 237 1744 ταῦτα
269 1693 332 1745 δὲ
388 1697 416 1747 ὁ
457 1695 765 1764 ’Πρακλέων
809 1698 971 1769 φησί·
1026 1719 1044 1750 ι
1078 1701 1220 1772 Πρὸς
1270 1701 1362 1767 οὓς
1403 1706 1432 1757 ό
1471 1703 1648 1774 λόγος,

79 1785 134 1834 ἐκ
164 1784 263 1852 τῆς
295 1785 493 1848 οὐσίας
535 1786 627 1840 τοῦ
669 1788 913 1841 διαϐόλου
950 1784 1122 1859 ἦσαν·
1146 1812 1164 1844 ι
1198 1793 1272 1858 ὡς
1323 1795 1514 1868 ἐτέρας
1558 1796 1650 1849 οὕ-

1764 704 1868 744 non
1911 688 2175 742 faciamus
2205 703 2220 752 ;
2251 686 2343 740 sed
2371 685 2658 739 dicendum
2687 694 2771 739 est
2800 682 2944 751 qttod
2987 695 3210 735 necesse
3251 682 3324 735 sit

1764 781 1812 837 ei
1866 779 1957 850 qui
2001 780 2130 836 velit
2161 778 2434 834 desideria
2475 777 2570 830 Dei
2619 775 2821 838 facere,
2866 783 2924 828 ut
2963 774 3129 827 etiam
3161 771 3324 829 faciat

1761 886 1929 940 opera
1962 869 2092 934 Dei;
2125 885 2232 924 non
2280 868 2426 923 enim
2481 865 2656 921 solum
2707 865 2862 928 velle,
2912 878 3098 917 verum
3156 863 3321 917 etiam

1761 966 2042 1037 perﬁcere,
2091 973 2149 1018 ut
2177 963 2347 1034 inquit
2387 960 2744 1020 Panlns“,ex
2776 960 2884 1016 Deo
2915 969 3035 1024 est;
3070 973 3192 1013 cum
3219 959 3323 1013 hoc

1761 1057 1962 1112 bonum
1990 1055 2130 1110 velle
2163 1064 2424 1123 sequatur
2452 1055 2671 1110 omnino
2699 1053 2963 1123 operatio,
3003 1051 3170 1106 veluti
3198 1064 3317 1116 sua,

1760 1156 1819 1200 nt
1858 1149 1928 1203 ita
1959 1147 2160 1210 dicant,
2188 1147 2383 1216 conjux
2410 1163 2426 1202 :
2462 1146 2806 1214 Diligentibus
2831 1143 2978 1200 enim
3013 1141 3178 1194 Deum
3205 1157 3318 1193 om-

1761 1236 1850 1289 nia
1878 1245 2225 1302 conparantur
2244 1236 2301 1290 in
2329 1235 2522 1290 bonum
2542 1236 2584 1267 ⁶¹
2613 1253 2628 1300 ;
2658 1251 2758 1290 nec
2792 1237 2932 1290 Dens
2961 1231 3190 1288 omnino
3225 1230 3322 1286 bo-

1759 1342 1888 1382 num
1935 1327 2095 1392 velle,
2141 1327 2519 1396 imperfectum
2579 1328 2741 1392 sinet,
2803 1328 2892 1394 qui
2946 1325 3076 1380 facit
3135 1325 3317 1377 omnia

1757 1433 1917 1487 opera
1955 1419 2108 1474 valde
2138 1421 2275 1473 bona
2303 1420 2367 1471 ".
2393 1419 2532 1486 Quin
2568 1433 2635 1474 ne
2660 1418 2956 1489 excogitari
2983 1417 3200 1488 quidem
3222 1431 3319 1488 po-

1759 1519 1865 1566 test
1910 1511 2106 1566 bonum
2152 1512 2314 1575 velle.
2354 1526 2459 1566 non
2499 1511 2787 1579 conjuncta
2820 1512 2871 1565 in
2905 1511 2995 1566 tali
3040 1509 3317 1565 voluntate

1755 1601 2070 1670 operatione
2100 1601 2240 1657 bona
2260 1601 2402 1660 bono
2422 1602 2580 1660 velle.
2609 1603 2751 1657 Sane
2775 1603 3015 1669 operatio
3036 1601 3170 1656 velle
3188 1616 3316 1656 con-

1751 1691 1937 1762 juncta
1966 1704 2070 1758 est,
2093 1694 2306 1750 etiamsi
2343 1695 2663 1763 plerumque
2690 1693 2886 1748 rationi
2933 1692 3318 1748 convenienter

1757 1785 2083 1856 impediatur
2109 1802 2137 1840 a
2166 1786 2535 1852 Providentia,
2564 1787 2778 1856 quando
2819 1801 2918 1855 pro
2971 1785 3150 1854 aliqua
3191 1783 3315 1839 uni-

81 1891 167 1942 σης
192 1875 305 1944 (50)
335 1877 442 1946 τῆς
463 1878 552 1932 τοῦ
581 1880 826 1934 διαϐόλου
853 1883 1042 1949 οὐσίας
1066 1891 1212 1959 παρὰ
1231 1887 1328 1960 τὴν
1347 1888 1455 1940 τῶν
1485 1889 1644 1958 ἁγίων

1758 1881 1948 1934 versali
1981 1881 2235 1948 utilitate,
2273 1881 2354 1936 vel
2379 1897 2478 1951 pro
2501 1881 2868 1950 qualicunque
2894 1878 3150 1941 utilitate,
3181 1893 3317 1948 opus

74 1967 296 2043 λογικῶν
329 1969 554 2029 οὐσίαν·
586 1972 768 2046 ὅμοιον
799 1973 855 2030 δὲ
886 1978 944 2029 ὲν
974 1977 1147 2048 τούτῳ
1195 1997 1285 2048 μοι
1330 1979 1651 2034 πεπονθέναι

78 2067 318 2134 φαίνεται
352 2066 432 2136 τῷ
467 2066 659 2137 ἑτέραν
683 2065 872 2118 οὐσίαν
904 2057 1470 2138 φάσκοντιόφθαλμοῦ
1508 2084 1649 2136 παρ-

75 2157 334 2227 ορῶντος,
388 2159 484 2210 καὶ
531 2159 722 2231 ἑτέραν
772 2158 1034 2228 ὁρῶντος·
1076 2159 1169 2212 καὶ
1220 2159 1409 2230 ἑτέραν
1465 2159 1649 2212 οὐσίαν

76 2251 230 2319 ἀκοῆς
265 2251 716 2322 παρακουούσης,
747 2251 838 2304 καί
867 2249 1034 2319 ὑγιῶς
1060 2249 1381 2322 ἀκουούσης.
1423 2251 1511 2313 Ὠς
1541 2250 1648 2322 γὰρ

75 2341 122 2390 ἑν
156 2341 377 2403 τούτοις
428 2342 612 2414 οὐχὶή
657 2342 813 2396 οὐσία
859 2342 1143 2414 διάφορος,
1193 2342 1326 2395 ἀλλά
1375 2359 1428 2394 τι
1479 2342 1649 2395 αῖτιον

74 2433 485 2504 ὲπισυμϐέὸηκε
541 2434 633 2488 τοῦ
688 2434 1043 2506 παρακούειν,
1088 2437 1183 2488 καὶ
1225 2435 1318 2487 τοῦ
1377 2437 1644 2506 παρορᾷν,

73 2526 232 2591 οὕτως
261 2528 474 2591 παντδς
509 2529 600 2582 τοῦ
639 2529 938 2598 πεφυκότος
978 2529 1119 2598 λόγῳ
1159 2528 1582 2600 παρακολουθεῖν
1613 2529 1646 2597 ἡ

71 2619 514 2690 παρακολουθικὴ
550 2621 702 2673 οὐσία
744 2622 776 2692 ἡ
815 2623 948 2693 αὐτή
997 2623 1164 2687 ἐστιν,
1208 2621 1316 2674 εἴτε
1351 2619 1648 2692 παραδέχε-

71 2728 148 2763 ται
191 2711 287 2763 τὸν
337 2710 522 2779 λόγον,
572 2711 682 2764 εἴτε
732 2711 980 2765 ἀνανεύει
1027 2713 1160 2785 πρὸς
1205 2713 1396 2765 αὐτόν·
1441 2711 1496 2764 τί
1537 2713 1646 2784 γὰρ

70 2801 310 2872 διαφέρει
366 2801 453 2870 ἐφ’
499 2801 656 2871 ἡμῶν
701 2801 810 2855 τῶν
860 2801 1160 2874 ἀνθρώπων
1202 2801 1262 2856 τὸ
1303 2803 1645 2874 παρακολου-

71 2889 228 2959 θῆσαν
258 2890 364 2944 τοῦ
400 2892 473 2962 μὴ
516 2891 1062 2964 παρακολουθοῦντος,
1091 2894 1190 2946 οὐκ
1224 2893 1289 2946 ἂν
1320 2894 1536 2966 ἔχοιμεν
1568 2896 1646 2948 εί-

68 2985 198 3045 πεῖν,
225 2985 277 3035 εί
319 2983 422 3035 καὶ
463 2982 602 3052 μετὰ
628 2984 689 3035 τὸ
724 2984 957 3038 συνιέναι
986 2984 1094 3037 τῶν
1123 2985 1446 3056 εἰρημένων,
1487 2988 1516 3040 ό
1545 2985 1645 3057 μέν

69 3089 141 3135 τις
171 3075 472 3145 ἐπικρίνας
517 3074 874 3142 συγκατέθετο
910 3075 989 3146 τῷ
1034 3075 1307 3146 λεγομένῳ
1343 3077 1474 3146 (51),
1520 3079 1550 3131 ό
1587 3077 1643 3130 δὲ

67 3165 318 3219 ἀνένευσε
368 3167 507 3237 πρὸς
536 3166 686 3219 αὐτό.
731 3166 997 3230 Πολλάκις
1023 3167 1079 3220 δὲ
1111 3166 1336 3238 εἴπομεν
1368 3167 1502 3239 (52),
1534 3169 1636 3231 ὅτι,

67 3253 153 3305 ἐὰν
186 3254 526 3326 συγχωρηθῇ
560 3252 715 3306 τοῦτο
746 3253 806 3306 τὸ
849 3253 1126 3316 ἀδύνατον,
1156 3253 1296 3323 λέγω
1323 3255 1378 3308 δὲ
1413 3255 1474 3308 τὸ
1503 3252 1639 3308 εἶναι

66 3348 241 3410 οὐσίας
283 3346 511 3417 ἑτέρας,
538 3348 631 3400 καὶ
662 3346 1008 3401 ἀνεπίδεκτον
1042 3347 1148 3399 τῶν
1187 3347 1506 3417 κρειττόνων
1550 3347 1641 3401 τὸν

65 3436 326 3498 διάϐολον,
367 3436 500 3508 περὶ
541 3437 638 3505 μὲν
681 3435 885 3489 ἐκείνου
929 3435 1406 3506 άπελογησάμεθα,
1441 3437 1516 3500 ὡς
1553 3437 1644 3489 οὐ-

65 3529 225 3597 δαμοῦ
257 3526 443 3581 αἰτίου
471 3527 568 3597 τῆς
597 3525 880 3596 πονηρίας,
911 3525 972 3577 τὸ
1001 3524 1057 3576 δὲ
1087 3523 1336 3595 ἔγκλημα
1362 3525 1441 3596 τῷ
1478 3527 1643 3580 αὐτὸν

64 3621 393 3674 οιῦσιὼσαντι
437 3619 534 3672 καὶ
575 3619 1037 3689 δημιουργήσαντι
1090 3617 1460 3688 προσάψομεν,
1506 3620 1641 3690 ὅπερ

65 3713 168 3766 ἐστὶ
193 3713 427 3766 πάντων
459 3708 825 3764 ἀτοπώτατον.
859 3707 1127 3780 Πρόδηλον
1155 3707 1212 3760 δὲ
1247 3708 1308 3762 τὸ
1333 3710 1641 3780 παράλογον

65 3805 202 3856 ἔσται
247 3803 333 3874 τῷ
378 3802 770 3872 κατανοήσαντι
813 3802 998 3873 ψυχῶν
1038 3801 1392 3875 ἀνθρωπίνων
1429 3803 1638 3867 οὐσίαν,

64 3896 146 3946 καὶ
190 3893 466 3954 ὲνιδόντι,
509 3892 589 3944 ὅτι
635 3892 913 3962 ἀμήχανόν
962 3894 1130 3955 ἐστιν,
1182 3891 1371 3962 ὥσπερ
1417 3891 1640 3963 σώματα

64 3987 203 4056 παρὰ
250 3984 493 4053 σώματα
539 3978 676 4036 εἶναι
718 3982 1029 4055 ἀνθρώπινα
1077 3984 1268 4055 ἐτέρας
1315 3984 1409 4036 καὶ
1451 3985 1642 4055 ἑτέρας

61 4077 262 4140 οὐσίας,
308 4074 462 4127 οὕτω
504 4074 597 4128 καὶ
625 4073 803 4144 ψυχὰς
835 4075 983 4146 παρὰ
1021 4074 1222 4145 ψυχὰς,
1266 4075 1359 4127 καὶ
1396 4075 1641 4144 νοητικὸν

63 4170 206 4238 παρὰ
248 4167 316 4220 τὸ
351 4165 622 4235 νοητικὸν,
659 4167 752 4219 καλ¹
778 4166 840 4219 τὸ
873 4166 1208 4237 διανοητικόν
1244 4165 1394 4237 παρὰ
1423 4165 1484 4219 τὸ
1527 4167 1643 4220 δια-

60 4260 328 4330 νοητικόν.
381 4258 454 4310 Τὸ
489 4257 545 4310 δὲ
583 4259 764 4328 ὅμοιον
811 4259 955 4328 ἐρεῖς
1009 4258 1101 4312 καὶ
1134 4258 1226 4310 ἐπὶ
1255 4257 1352 4311 τοῦ
1400 4258 1637 4328 λογικοῦ,

59 4354 141 4403 καὶ
160 4351 256 4404 ἐπὶ
280 4349 399 4403 τῶν
424 4350 483 4402 ὲν
508 4352 572 4420 τῇ
602 4349 745 4419 ψυχῇ
769 4349 1070 4420 δυνάμεων,
1093 4349 1193 4418 τῆς
1214 4365 1273 4402 τε
1301 4365 1406 4419 μνη
1415 4351 1641 4421 μονικῆς

58 4445 141 4493 καὶ
184 4443 291 4513 τῆς
331 4439 512 4504 οὕτως
555 4441 949 4511 φανταστικῆς·
998 4441 1210 4511 ἀνάγκη
1259 4440 1396 4512 γὰρ,
1439 4442 1488 4493 εί
1520 4444 1637 4496 ἐτε-

1750 1980 1834 2025 est
1856 1971 2172 2042 interrumpi
2199 1987 2334 2040 opus
2356 1972 2616 2038 deterius,
2641 1972 2944 2025 εοοιιιιιιιιηιι
2958 1969 3314 2026 voluntatem.

1753 2059 1857 2117 Sed
1891 2061 1943 2115 in
1991 2060 2108 2116 haec
2163 2062 2343 2130 inquit
2384 2058 2726 2116 Heracleon:
2765 2079 2782 2113 t
2809 2059 2897 2127 Hi,
2953 2059 3018 2114 ad
3058 2074 3194 2128 quos
3233 2071 3316 2115 est

1749 2168 1949 2214 sermo.
1976 2167 2041 2207 ex
2072 2153 2376 2208 substantia
2407 2152 2607 2208 diaboli
2635 2160 2825 2219 erant;
2857 2171 2876 2204 ι
2908 2151 3134 2221 perinde
3159 2149 3314 2219 quasi

1750 2245 1947 2301 diaboli
1970 2247 2268 2302 substantia
2296 2247 2508 2302 diversa
2539 2245 2610 2301 sit
2641 2247 2709 2300 ab
2738 2244 2975 2299 essentia
2999 2253 3311 2299 sanctorum

1749 2339 2062 2406 angelorum
2098 2339 2326 2394 rationis
2355 2349 2620 2406 compote.
2663 2338 2741 2392 Ac
2782 2335 2916 2390 mihi
2949 2335 3127 2390 simile
3153 2334 3314 2404 quid-

1749 2435 1872 2485 dam
1899 2431 1951 2484 in
1984 2432 2083 2484 hoc
2112 2445 2302 2498 passus
2336 2428 2504 2484 fuisse
2524 2428 2760 2491 videtur,
2789 2437 2952 2496 atque
2983 2426 3072 2482 ille
3106 2427 3196 2496 qni
3227 2425 3315 2480 di.

1747 2537 1961 2578 versam
1993 2523 2288 2578 essentiam
2323 2523 2457 2578 dicit
2483 2537 2602 2577 esse
2631 2521 2770 2576 oculi
2799 2521 2912 2576 sani
2945 2530 3002 2574 et
3025 2519 3165 2575 oculi
3194 2533 3315 2588 per-

1749 2630 1934 2683 peram
1962 2615 2228 2680 videntis;
2267 2624 2318 2668 et
2349 2613 2578 2669 alteram
2615 2628 2738 2668 esse
2768 2613 3059 2668 essentiam
3095 2611 3313 2667 auditus

1745 2705 1944 2768 vitiati.
1984 2706 2212 2759 alteram
2259 2704 2476 2758 auditus
2530 2705 2671 2758 sani.
2707 2703 2777 2759 Ut
2805 2703 2949 2757 enim
2983 2704 3035 2756 in
3067 2701 3151 2756 bis
3202 2715 3310 2754 non

1745 2798 1984 2853 essentia
2017 2796 2252 2859 diversa,
2295 2795 2388 2850 sed
2435 2809 2601 2849 causa
2655 2795 2898 2863 quaedam
2953 2791 3200 2861 contigit,
3253 2800 3314 2844 ut

1745 2889 1963 2943 auditus
1989 2885 2286 2959 oculusque
2315 2887 2672 2952 vitiarentur;
2708 2885 2788 2939 sic
2819 2883 3189 2952 cujuscunque
3219 2897 3310 2936 na-

1747 2991 1868 3035 tura
1895 2980 2006 3051 apti
2054 2980 2120 3034 ad
2153 2979 2548 3049 assequendam
2585 2979 2856 3032 rationem
2886 2975 3117 3030 essentia
3157 2988 3310 3028 asse-

1744 3072 1947 3138 cutiva,
1993 3071 2183 3126 eadem
2236 3081 2354 3134 est;
2412 3070 2524 3124 sive
2572 3069 2834 3123 rationem
2883 3069 3153 3132 admittat,
3197 3065 3314 3121 sive

1745 3177 1862 3217 eam
1895 3170 2108 3218 renuat.
2139 3161 2279 3229 Quid
2303 3164 2444 3216 enim
2478 3162 2530 3214 in
2563 3161 2717 3214 nobis
2742 3160 3050 3214 hominibus
3093 3157 3313 3213 diﬂ‘erat

1746 3255 1828 3308 vis
1857 3253 1944 3308 illa
1973 3268 2092 3323 qua:
2123 3262 2367 3306 assecuta
2385 3262 2491 3314 est,
2517 3251 2582 3305 ab
2613 3264 2675 3304 ea
2702 3264 2821 3319 quae
2851 3264 2953 3303 non
2981 3250 3308 3318 assequitur,

1746 3347 1888 3400 haud
1917 3345 2164 3414 equidem
2209 3343 2388 3398 dicere
2423 3355 2649 3412 queam;
2702 3341 2918 3396 etiamsi
2971 3338 3137 3410 338
3185 3347 3309 3409 post

1744 3434 2012 3488 dictorum
2053 3433 2462 3502 intelligentiam
2519 3432 2656 3486 alter
2707 3431 2926 3500 quidem
2966 3446 3030 3485 ea
3085 3431 3310 3485 laudans

1744 3525 2060 3594 acquiescat
2092 3525 2259 3589 dicto,
2293 3524 2431 3578 alter
2473 3537 2600 3578 vero
2645 3521 2776 3576 illud
2823 3532 3033 3577 renuat.
3085 3521 3156 3576 At
3201 3521 3311 3576 fre-

1743 3626 1974 3686 quenter
2031 3617 2303 3682 diximus,
2354 3617 2397 3672 si
2449 3630 2766 3670 concessum
2822 3614 2985 3670 fuerit
3041 3616 3313 3671 essential

1744 3724 1865 3764 esse
1894 3709 2159 3773 diversas,
2189 3709 2332 3779 quod
2366 3709 2481 3763 ﬁeri
2511 3710 2723 3777 nequit,
2763 3708 3092 3777 minimeque
3128 3722 3308 3762 rerum

1744 3803 2117 3870 praestantium
2148 3815 2399 3871 capacem
2430 3801 2700 3856 diabolum
2733 3816 2874 3864 esse,
2901 3800 3137 3854 futurum
3166 3815 3308 3862 esse,

1745 3901 1802 3946 ut
1841 3892 1929 3947 ille
1959 3907 1988 3946 a
2030 3893 2186 3948 nobis
2221 3891 2552 3955 defendatur,
2585 3892 2807 3961 perinde
2838 3891 2991 3959 quasi
3027 3891 3310 3961 pravitatis

1745 3999 1850 4037 non
1887 3984 1958 4038 sit
1983 3994 2204 4050 auctor;
2237 3991 2419 4037 notam
2461 3982 2704 4052 alioquin
2735 3983 3002 4038 inusturis
3031 3983 3080 4036 ei
3116 3983 3206 4051 qui
3239 3981 3306 4034 il-

1743 4075 1852 4128 lum
1873 4075 2100 4139 creavit,
2131 4075 2335 4144 quique
2367 4076 2467 4145 ipsi
2509 4075 2805 4130 essentiam
2840 4085 2924 4130 est
2953 4075 3182 4143 largitus
3208 4091 3222 4139 ;
3250 4074 3304 4127 id

1742 4167 1883 4235 quod
1909 4167 2147 4221 omnium
2180 4168 2628 4222 absurdissimum
2670 4176 2772 4222 est.
2810 4166 3092 4221 Manifesta
3123 4177 3306 4220 autem

1742 4259 1849 4312 erit
1882 4259 2188 4313 absurditas
2219 4260 2449 4314 intuenti
2487 4261 2843 4314 humanarum
2878 4261 3182 4314 animarum
3216 4274 3307 4314 es-

1743 4350 1993 4413 sentiam,
2041 4360 2098 4404 et
2143 4351 2446 4422 inspicienti
2493 4353 2634 4419 quod
2689 4353 3141 4422 quemadmodum
3191 4351 3307 4406 fieri

1743 4444 1927 4509 nequit
1952 4453 2009 4494 ut
2037 4456 2264 4512 corpora
2297 4443 2528 4497 humana
2556 4445 2723 4512 magis
2747 4459 2908 4513 quam
2935 4444 3037 4498 alia
3071 4445 3306 4498 humana

60 4534 298 4600 FiO'JS'Ié;
348 4532 465 4601 (55)
511 4534 658 4586 ἐστιν
706 4532 989 4602 ἄνθρωπός
1018 4550 1102 4596 τις
1147 4533 1273 4604 παρ’
1303 4534 1510 4604 ἕτερον,
1547 4535 1638 4586 καὶ

1748 4545 1987 4600 corpora,
2024 4532 2136 4586 sint
2181 4532 2404 4587 alterius
2435 4543 2488 4587 et
2519 4533 2742 4590 alterius
2761 4537 3036 4600 essentiae,
3071 4536 3144 4590 ita
3185 4535 3302 4590 fieri

58 4626 397 4694 stega-(avsi;
441 4619 581 4676 εἶναι
609 4623 708 4686 τὰς
738 4625 835 4693 τῆς
868 4623 1047 4693 ψυχῆς
1081 4623 1356 4693 δυνάμεις,
1394 4623 1490 4676 καὶ
1521 4625 1636 4676 ἐτε-

58 4714 247 4783 ρογενῆ
288 4711 462 4777 εἶναι,
505 4712 635 4782 φέρε
671 4712 863 4771 εἰπεῖν,
889 4714 988 4780 τὴν
1020 4712 1377 4781 μνημονικὴν,
1409 4713 1500 4764 καὶ
1533 4714 1634 4782 τὴν

56 4804 431 4877 διανοητικὴν,
459 4803 608 4874 παρὰ
649 4803 747 4872 τὴν
785 4802 1144 4872 διανοητικὴν.
1185 4803 1548 4868 Ἐξεταζέσθω
1577 4803 1631 4856 δὲ

57 4898 82 4949 ό
109 4899 269 4968 λόγος
302 4897 692 4968 περὶτούτων,
734 4896 770 4949 ἃ
811 4897 1006 4967 ὁμοίως
1045 4896 1111 4950 ἂν
1143 4897 1333 4967 νοήσαι
1376 4896 1471 4948 καὶ
1515 4896 1634 4948 δια-

54 4992 266 5062 νοηθείη
290 5009 307 5022 ·
363 4989 506 5040 ὥστε
553 4988 646 5041 καὶ
680 4987 1071 5058 παραπλησίως
1116 4985 1570 5054 συγκαταθέσθαι,
1601 4987 1634 5056 ἦ

53 5087 321 5155 ἐπισχεῖν,
352 5082 388 5152 ἦ
422 5081 710 5134 ἀνανεῦσαι
738 5081 797 5132 ὃν
829 5096 990 5148 φασιν
1030 5081 1224 5132 ἐκεῖνοι
1253 5078 1635 5148 πνευματικὸν,

116 5220 158 5250 ⁸⁸
195 5220 412 5289 Philip.
446 5235 505 5281 ιι,
537 5219 624 5276 l3.

113 5336 233 5408 (48)
260 5335 529 5408 Codices
557 5336 880 5408 Bodleianns
926 5346 979 5389 et
1030 5335 1395 5408 Barliet'intts,
1446 5335 1625 5406 αὐτῷ·

55 5405 478 5476 Ηεξειιιεηαύτό,
509 5406 648 5476 forte
682 5407 962 5476 legendum
995 5405 1180 5460 αὐτοῦ.

113 5475 230 5545 (ιο)
266 5475 460 5530 Codex
514 5475 750 5546 Regius.
783 5479 1058 5546 συνεργεῖν
1084 5493 1097 5506 ·
1146 5477 1483 5542 Bodleianus,
1519 5496 1634 5532 συν-

49 5550 218 5600 cani.

272 5616 378 5680 Ὠς
406 5615 610 5681 ἑτέρας
640 5616 848 5683 οὔσης.
873 5627 980 5670 etc.
1014 5615 1260 5684 Ejusdem
1307 5618 1489 5682 οὐσίας
1513 5635 1632 5673 esse

50 5690 312 5751 opinatus
339 5697 425 5738 est
484 5688 745 5755 Origenes
794 5702 1126 5755 quaecunque
1173 5691 1394 5754 pratdita
1451 5701 1631 5741 essent

53 5758 288 5811 ratione.
329 5756 592 5824 Corporis
615 5757 786 5810 solum
814 5758 1102 5811 discrimen
1141 5758 1356 5824 aliquod
1410 5760 1628 5826 angelos

56 5827 191 5880 inter
222 5835 285 5882 ct
319 5828 599 5881 dzemones
627 5827 930 5893 constituit,
959 5838 1015 5881 ut
1061 5831 1114 5881 in
1165 5826 1496 5896 Origeniauis
1539 5832 1625 5884 dc-

733 5220 775 5255 ⁶ι
808 5219 964 5274 llom.
1000 5234 1116 5286 νιιι,
1150 5219 1240 5276 28.
1317 5221 1361 5250 θ’
1394 5220 1530 5275 Gen.
1563 5236 1611 5282 ι,
1645 5221 1734 5275 51.

1743 4637 1847 4676 non
1877 4638 2034 4692 posse
2059 4632 2116 4676 ut
2141 4626 2336 4679 anima:
2369 4627 2539 4695 magis
2562 4641 2722 4696 quam
2757 4629 2876 4682 alia:
2901 4628 3116 4691 animae,
3143 4636 3196 4680 et
3219 4641 3307 4682 res

1742 4715 1807 4766 ad
1837 4715 2164 4769 intellectum
2199 4726 2454 4786 spectans
2501 4719 2670 4785 magis
2697 4734 2860 4789 quam
2905 4735 2994 4773 res
3023 4719 3089 4772 ad
3141 4719 3294 4773 intel-

1738 4804 1938 4858 lectum
1989 4817 2260 4874 spectans,
2301 4818 2358 4862 et
2403 4809 2486 4863 vis
2525 4809 2794 4878 cogitandi
2822 4811 2990 4879 magis
3018 4825 3178 4878 qnam
3213 4809 3292 4862 vis

1740 4894 2031 4963 cogitandi,
2059 4897 2130 4950 sit
2161 4896 2385 4952 alterius
2403 4900 2668 4952 essentiam.
2704 4899 2848 4952 Idem
2873 4900 3020 4954 dices
3049 4900 3210 4952 etiam
3237 4899 3305 4953 de

1740 4999 1806 5036 eo
1833 4985 1976 5053 quod
2019 4989 2244 5042 rationis
2285 5000 2368 5044 est
2407 5006 2646 5057 compos,
2687 5001 2742 5044 et
2783 4993 2849 5045 de
2892 4991 3149 5057 polentiis
3187 5007 3306 5060 quas

1743 5087 1869 5130 sunt
1899 5078 1952 5131 in
1981 5079 2198 5146 anima;
2237 5096 2426 5152 nempe
2462 5085 2527 5136 de
2558 5082 2792 5152 potentia
2829 5083 3120 5148 memoriae,
3152 5091 3207 5136 et
3240 5083 3306 5136 de

1743 5336 2179 5390 monstravimus.
2211 5336 2343 5390 Cum
2383 5349 2512 5404 ergo
2545 5335 2638 5390 lib.
2668 5352 2747 5398 ιιι,
2779 5355 2924 5390 num.
2976 5339 3064 5400 57,
3121 5351 3304 5395 contra

1740 5405 1950 5459 Celsum
1981 5408 2092 5460 haec.
2117 5407 2316 5474 scripta
2345 5406 2658 5475 reliquerit:
2684 5406 2747 5461 Οἱ
2785 5406 2839 5460 δὲ
2872 5407 2964 5460 τοῦ
2998 5409 3132 5462 Θεοῦ
3169 5409 3302 5464 θεῖοι

1739 5477 1832 5529 καὶ
1864 5475 2008 5543 ἅγιοι
2035 5475 2253 5552 άγγελοι
2279 5475 2443 5552 άλλης
2458 5478 2590 5552 ᾗείσὶ
2631 5477 2854 5552 Δφύσεως
2904 5481 2996 5552 καὶ
3046 5481 3285 5552 προαιρέ-

1742 5563 1876 5608 σεως
1909 5545 2058 5620 παρὰ
2079 5548 2236 5620 Δ,τοὺς
2265 5547 2368 5620 Δἐπὶ
2402 5545 2538 5620 γῆς
2573 5545 2776 5620 πάντας
2827 5545 3100 5620 δαίμονας,
3155 5545 3302 5606 Vtile-

1743 5629 1828 5669 tnr
1863 5615 2024 5684 φύσιν
2059 5617 2368 5688 distinxisse
2397 5615 2667 5688 οὺόὐσία.
2706 5615 2963 5676 Hunnus.

1813 5688 1923 5760 (5i)
1951 5688 2128 5760 Qndcx
2146 5687 2498 5760 liotlleianus,
2533 5687 2651 5758 είρη
2661 5689 2824 5760 μένῳ.

1809 5758 1922 5824 (5'2,
1943 5757 2115 5828 {Index
2144 5756 2360 5825 llcgitts,
2388 5756 2840 5828 εἴποιμεν,ἰιι;ιΙο.

1809 5828 1920 5896 (55)
1949 5825 2093 5880 Ideni
2119 5832 2286 5882 codex
2314 5825 2549 5897 Regius,‘
2567 5829 2890 5895 έτερούσιος.
