4082 6536
643 407 750 468 697

2077 395 2396 455 ORIGENIS

3758 397 3861 453 628

647 526 890 600 potentia
932 525 1011 580 sic
1044 521 1393 592 imaginandi.
1439 518 1494 575 Si
1545 520 1688 573 enim
1738 519 1898 573 homo
1945 533 2055 586 prae
2103 517 2197 568 alio

2307 515 2401 566 καὶ
2425 513 2484 565 ὃν
2511 512 2752 579 λέγουσιν
2777 507 2913 566 εἶναι
2943 513 3118 581 χοῖκόν
3144 512 3256 582 (54)
3278 529 3292 542 °
3327 507 3435 582 ἆρα
3465 510 3574 584 γὰρ
3599 510 3662 564 τδ
3691 529 3854 583 παραο

645 621 868 678 homine
905 619 1128 672 alterius
1150 628 1234 671 est
1258 615 1596 679 substantiae,
1625 613 1847 666 alterius
1873 623 2084 679 quoque
2113 624 2203 676 ge-

645 713 795 770 neris
829 727 1051 768 necesse
1079 719 1162 764 est
1191 724 1312 764 esse
1355 707 1544 761 animae
1580 705 1868 775 potentias,
1900 712 1954 756 et
1983 714 2202 770 genere,

645 817 704 856 ut
728 803 802 858 ita
835 803 1035 865 dicam,
1072 799 1290 855 diﬁ‘erre
1321 798 1595 853 memoria:
1625 795 1914 864 potentiam
1946 807 1976 844 a
2009 805 2205 844 memo-

648 895 744 948 riae
787 893 1023 960 potentia
1065 901 1119 944 et
1163 889 1501 945 discnrrendi
1551 886 1843 956 potentiam
1881 899 1912 937 a
1965 880 2201 950 potentia

647 982 1004 1036 discurrendi.
1054 980 1156 1034 Sed
1204 979 1369 1034 certis
1404 992 1652 1045 agamus,
1697 973 1946 1042 exemplo
1988 980 2203 1025 utentes

645 1087 832 1128 eorum
866 1087 982 1142 qua:
1010 1070 1264 1126 similiter
1296 1068 1600 1138 intelligunt
1645 1075 1701 1120 et
1747 1065 2090 1120 discurrunt:
2124 1060 2198 1114 ita

646 1172 708 1217 ut
738 1177 874 1216 unus
912 1161 1212 1229 spiritualis
1239 1161 1376 1214 alter
1408 1159 1716 1222 terrestris,
1769 1164 1827 1210 ut
1868 1154 1941 1209 illi
1976 1153 2203 1222 loquun—

645 1267 757 1316 tur,
790 1254 1036 1308 similiter
1082 1251 1470 1313 assentiantur,
1518 1249 1599 1303 vel
1643 1246 2011 1302 assensionem
2063 1241 2203 1297 inbi-

647 1346 834 1405 beant,
866 1352 955 1396 aut
990 1343 1266 1405 abnuant;
1303 1354 1479 1394 utrum
1523 1339 1636 1394 haec
1669 1337 1963 1392 similitudo
2007 1334 2119 1388 fuit
2147 1333 2200 1386 in

645 1433 879 1487 diversis
903 1431 1176 1493 essentiis,
1209 1446 1274 1483 an
1301 1430 1480 1500 potius
1505 1429 1680 1498 passio
1703 1427 1898 1482 similis
1928 1425 2048 1487 fuit,
2069 1437 2201 1492 quo.

645 1525 789 1578 niam
811 1524 862 1578 id
891 1521 976 1577 cui
1001 1520 1482 1590 contingitpassio,
1506 1526 1626 1572 erat
1646 1517 1888 1587 ejusdem
1920 1512 2201 1570 essentia?

644 1617 822 1685 Atque
856 1615 1105 1685 equidem
1138 1614 1185 1667 si
1216 1614 1470 1667 dixerunt
1500 1611 1716 1665 easdem
1763 1609 1964 1679 ﬁguras
2011 1605 2203 1676 imagi-

646 1709 946 1769 nationum,
993 1716 1048 1760 et
1105 1703 1500 1767 assensionum,
1550 1713 1604 1758 et
1648 1701 2098 1761 recordationum,
2147 1708 2201 1751 et

645 1799 990 1853 discnrsnum
1041 1796 1215 1850 factas
1259 1795 1430 1849 fuisse
1472 1793 1525 1847 in
1571 1793 1658 1848 his
1685 1807 1805 1862 qua:
1833 1792 2066 1846 essentia
2097 1787 2199 1844 dif-

2305 604 2527 671 πλήσιον
2551 605 2608 657 ὲν
2629 602 2902 674 διαφόροις
2928 601 3392 672 γέγονεν-οὐσίαις,
3414 602 3446 672 ἢ
3471 602 3558 655 διὰ
3581 601 3732 655 τοῦτο
3755 603 3853 673 (55)

2303 696 2682 768 παραπλήσιον
2731 695 2920 765 γέγονε
2969 698 3029 749 τὸ
3078 696 3277 759 πάθος,
3319 697 3442 748 ἐπεὶ
3482 695 3764 765 όμοούσιον
3794 693 3856 767 ἣν

2302 785 2459 840 τοῦτο
2482 786 2593 856 (56)
2623 779 2667 854 ᾧ
2696 786 3003 857 συμϐέϐηκε
3028 787 3088 840 τὸ
3117 787 3319 853 πάθος;
3355 787 3428 839 Τὸ
3458 787 3558 857 μὲν
3585 782 3678 839 οὖν
3707 789 3859 856 φάναι

2302 880 2425 940 τοὺς
2449 879 2643 942 αὐτοὺς
2669 877 2872 941 τύπους
2905 879 3228 946 φαντασιῶν,
3270 880 3364 932 καὶ
3394 877 3856 946 συγκαταθέσεων,

2303 971 2397 1023 καὶ
2416 971 2760 1042 διανοήσεων,
2788 973 2883 1024 κα)⁸
2915 989 3016 1042 μνη
3025 970 3328 1042 μονεύσεων
3355 972 3637 1040 γεγονέναι
3672 974 3730 1024 ὲν
3755 976 3856 1035 τοῖς

2303 1061 2650 1132 ἑτεροουσίοις
2676 1061 2786 1130 (57)
2824 1060 3012 1128 ἄλογον
3031 1077 3044 1090 ·
3075 1060 3134 1112 τὸ
3156 1061 3214 1113 δὲ
3242 1060 3300 1111 ὲν
3332 1061 3442 1122 τοῖς
3469 1061 3775 1129 όμοουσίοις
3800 1062 3858 1112 ἐκ

2305 1153 2498 1224 μέρους
2535 1152 2609 1214 ὼς
2649 1152 2799 1222 παρὰ
2835 1151 3009 1203 ταῦτα
3038 1145 3173 1203 εἶναί
3206 1165 3327 1202 τινα
3355 1148 3450 1202 καὶ
3490 1148 3659 1218 ἄλλην
3682 1148 3858 1201 οὐσίαν

2300 1245 2357 1296 ὲν
2393 1242 2572 1304 αὐτοῖς
2609 1240 2829 1310 ήλίθιον.
2871 1239 3380 1310 Παραστησάτωσαν
3423 1234 3534 1306 γὰρ
3578 1235 3730 1306 παρὰ
3767 1235 3858 1299 τὰς

2297 1337 2553 1407 δυνάμεις
2598 1334 2795 1398 ταύτας
2850 1333 3040 1404 ἑτέραν
3085 1332 3206 1386 τινὰ
3250 1331 3436 1385 οὐσίαν
3487 1329 3565 1402 μὴ
3619 1330 3856 1395 νοοῦσαν,

2302 1426 2434 1497 μηδὲ
2462 1423 2858 1494 διανοουμένην,
2904 1422 3038 1492 μηδὲ.
3080 1421 3452 1492 μεμνημένην,
3485 1420 3622 1491 μηδὲ
3670 1438 3858 1489 φαντα-

2301 1517 2604 1589 σιουμένην,
2643 1517 2700 1568 ἐν
2740 1510 2819 1578 οἷς
2863 1531 3024 1582 φασιν
3067 1508 3206 1566 εἶναι
3247 1516 3641 1584 πνευματικοῖς
3684 1514 3857 1585 κρείτ-

2298 1627 2422 1663 τονα
2454 1609 2552 1678 τῆς
2589 1606 2831 1676 νοούσης,
2872 1607 2964 1660 καὶ
2994 1605 3402 1676 διανοουμένης⁸
3437 1605 3472 1676 ἢ
3507 1607 3566 1657 ὲν
3601 1606 3714 1667 τοῖς
3757 1609 3857 1674 χοῖ-

2299 1704 2416 1763 κοῖς
2474 1701 2591 1771 ήτοι
2643 1698 2852 1768 ὁμοίαν,
2905 1697 2938 1766 ἢ
2986 1695 3234 1767 χείρονα’
3279 1695 3402 1748 οὐδὲ
3462 1694 3574 1766 γὰρ
3635 1696 3856 1764 φήσουσι

2298 1789 2595 1862 κρείττονα.
2630 1786 2767 1839 Ἀλλ’
2809 1784 2954 1848 είκὺς
2992 1784 3186 1846 αὐτοὺς
3231 1783 3397 1852 ὲρεϊν,
3424 1781 3529 1845 ὃτι,
3561 1781 3749 1852 ὥσπερ
3787 1781 3859 1832 ἒν-

647 1890 846 1955 l'erant,
884 1889 1114 1942 alienum
1142 1895 1226 1942 est
1258 1901 1287 1938 a
1317 1881 1561 1949 ratione;
1598 1885 1683 1939 sin
1713 1900 1842 1939 vero
1880 1883 2059 1936 dicent
2108 1896 2197 1936 eos

2299 1852 2508 1948 δέχεται
2537 1876 2644 1929 ἀπὸ
2672 1875 2770 1945 τῆς
2794 1873 2959 1944 αὐτῆς
2987 1871 3278 1943 σφραγῖδος
3309 1871 3510 1942 ὁμοίως
3543 1872 3854 1942 τυπωθῆναι

646 1983 736 2051 qni
767 1990 892 2035 sunt
917 1978 1158 2050 ejusdem
1189 1979 1459 2045 essentia,
1489 1977 1774 2047 quamdam
1801 1984 1855 2029 et
1881 1974 2040 2028 aliam
2067 1974 2119 2028 in
2142 1988 2201 2028 se

646 2075 848 2128 habere
897 2071 1188 2127 essentiam
1236 2069 1615 2140 particularem
1662 2069 1731 2123 ab
1768 2067 1874 2122 illis
1906 2067 2194 2128 diversam,

646 2163 854 2216 fatuum
883 2163 1004 2217 erit.
1037 2160 1337 2216 Ostendant
1379 2162 1522 2214 enim
1567 2168 1766 2228 praeter
1802 2160 1898 2212 bas
1930 2157 2196 2226 potentias

645 2253 871 2306 alteram
901 2253 1184 2320 quamdam
1219 2252 1510 2306 essentiam
1541 2265 1644 2304 non
1678 2249 2080 2318 intelligentem,
2105 2263 2200 2303 ne-

644 2359 751 2411 que
780 2344 1236 2408 eonsiderantem,
1289 2359 1462 2413 neque
1524 2342 1980 2406 reminiscentem,
2024 2354 2199 2408 neque

646 2435 1054 2503 imaginantem,
1076 2449 1196 2489 esse
1224 2434 1276 2487 in
1305 2434 1390 2488 bis
1416 2450 1551 2502 quos
1573 2431 1878 2502 spirituales
1907 2430 2195 2500 appellant,

646 2534 702 2580 et
728 2527 780 2578 in
809 2526 895 2580 bis
919 2541 1056 2595 quos
1082 2536 1386 2590 terrestres,
1424 2526 1696 2580 meliorem
1726 2525 1966 2594 potentia
1995 2523 2198 2579 intelli-

642 2617 827 2687 gendi,
859 2625 1021 2685 atque
1058 2619 1352 2687 c0gitandi,
1403 2617 1486 2670 vel
1531 2617 1786 2680 similem,
1812 2617 1895 2669 vel
1923 2614 2195 2686 peiorem;

644 2719 820 2774 neque
848 2706 990 2760 enim
1021 2706 1216 2760 dicturi
1247 2715 1372 2760 sunt
1402 2705 1701 2760 meliorem.
1747 2705 1853 2760 Sed
1911 2714 2196 2760 consenta-

642 2809 801 2850 neum
827 2803 910 2850 est
937 2809 1031 2849 eos
1058 2796 1314 2860 dicturos,
1345 2794 1794 2864 quemadmodum
1825 2795 2113 2860 contingit,
2143 2803 2200 2847 nt

643 2900 709 2938 ex
747 2885 936 2939 eodem
967 2883 1144 2954 sigillo
1169 2885 1420 2940 similiter
1453 2885 1795 2954 imprimatnr
1813 2885 2088 2939 dissimilis
2113 2898 2198 2938 es-

643 2977 838 3039 sentia,
869 2986 997 3046 puta
1025 2977 1164 3040 auri,
1191 2978 1420 3046 argenti,
1455 2977 1658 3039 stanni.
1695 2977 1921 3048 plumbi.
1950 2989 2006 3032 et
2037 2991 2194 3041 cera,

640 3066 720 3118 sic
760 3063 918 3119 facile
947 3064 1088 3118 factu
1139 3080 1259 3119 esse
1288 3076 1350 3118 ut
1383 3081 1447 3120 ex
1497 3067 1687 3120 iisdem
1722 3067 2198 3135 imaginationibus

2297 1966 2397 2037 τὴν
2429 1965 2680 2034 ἀνόμοιον
2715 1962 2900 2016 οὐσίαν
2943 1961 3140 2033 χρυσοῦ
3187 1962 3280 2015 καὶ
3311 1961 3576 2033 ἀργύρου,
3607 1963 3701 2015 καὶ
3732 1979 3854 2014 κασ⁴

2300 2058 2530 2129 σιτέρου.
2561 2057 2654 2110 καὶ
2689 2055 2954 2126 μολίϐδου,
2983 2055 3076 2108 καὶ
3114 2053 3306 2124 κηροῦ,
3333 2053 3476 2106 οὕτω
3501 2054 3727 2108 δυνατὸν
3758 2055 3856 2108 ἀπὸ

2295 2149 2403 2204 τῶν
2444 2147 2621 2202 αὐτῶν
2656 2147 2768 2216 (58)
2814 2146 3120 2216 φαντασιῶν
3150 2147 3275 2210 τοὺς
3324 2146 3739 2218 παραπλησίους
3768 2149 3855 2214 έγ-

2296 2239 2546 2306 γενέσθαι
2575 2240 2776 2300 τύπους
2832 2240 2943 2301 τοῖς
2987 2238 3043 2291 ὲν
3087 2237 3360 2308 διαφόροις
3406 2237 3621 2299 οὐσίαις
3663 2239 3855 2307 τυγχα-

2295 2348 2478 2394 νουσι,
2523 2330 2618 2383 καὶ
2669 2329 3176 2399 φαντασιουμένοιςο
3212 2329 3272 2383 τὸ
3318 2329 3362 2382 δ’
3402 2329 3590 2400 ὅμοιον
3625 2331 3720 2383 καὶ
3769 2330 3853 2382 ἐπὶ

2294 2421 2550 2484 διανοίας,
2577 2422 2672 2474 καὶ
2699 2421 2954 2492 νοήσεως,
2990 2421 3083 2472 καὶ
3118 2419 3534 2490 μνημονεύσεως
3578 2421 3850 2491 φήσουσιν.

2308 2515 2443 2568 Ἀλλ’
2481 2515 2582 2584 ὅρα
2626 2514 2863 2585 μήποτε,
2898 2512 2998 2566 κᾶν
3026 2513 3163 2566 πάνυ
3200 2511 3420 2576 πιθανὸς
3462 2505 3602 2566 εἶναι
3641 2514 3669 2564 ό
3707 2512 3852 2579 λόγος

2294 2605 2447 2672 οὗτος
2499 2609 2662 2679 δοκῇ,
2715 2593 3076 2679 συναρπάζειν
3137 2605 3355 2676 μᾶλλον,
3397 2604 3491 2657 καὶ
3546 2605 3852 2673 σοφίζεσθαι

2295 2701 2515 2754 δύναται
2551 2699 2616 2753 ἂν
2647 2700 2847 2770 ὁμοίως
2878 2699 2986 2767 (59)
3017 2696 3521 2768 παραϐεϐλημένος,
3567 2698 3713 2766 ἢπερ
3754 2699 3853 2750 πεξ-

2296 2792 2408 2846 θειν
2442 2791 2531 2846 τὸν
2577 2790 2818 2862 ἀκριϐῶς
2867 2789 2944 2860 τῷ
2997 2788 3395 2861 παραδείγματι
3453 2789 3848 2858 ἐπιστήσαντα·

2295 2883 2387 2936 ἐπὶ
2423 2883 2522 2953 μὲν
2549 2882 2657 2955 γὰρ
2685 2882 2783 2951 τῆς
2811 2881 3014 2943 είκόνος
3047 2880 3152 2949 ἔχω
3191 2879 3380 2944 δεῖξαι,
3423 2879 3504 2930 ὅτι
3543 2879 3603 2930 ὲν
3625 2878 3805 2948 χρυσῷ
3826 2879 3854 2929 ό

2293 2973 2460 3036 τύπος
2488 2972 2659 3044 (60),0
2697 2973 2753 3024 ὲν
2782 2972 3025 3042 ἀργύρῳ,
3135 2971 3230 3040 μὲν
3255 2972 3283 3024 ό
3318 2969 3518 3032 τύπος,
3568 2970 3852 3040 παραπλή-

2297 3081 2411 3128 σιος
2451 3063 2724 3118 δείκνυται
2754 3062 2850 3132 τὴν
2901 3063 3133 3132 ίδιότητα
3177 3060 3269 3114 τοῦ
3315 3063 3372 3112 ὲν
3404 3059 3593 3132 χρυσῷ
3644 3059 3852 3129 γεγονέ-

641 3153 1019 3222 imprimantur
1045 3153 1225 3222 ﬁgurae
1255 3153 1309 3206 in
1333 3153 1575 3208 diversas
1603 3154 1766 3224 339
1789 3159 2056 3210 essentias
2098 3157 2194 3210 ba-

2297 3174 2404 3220 vat,
2441 3155 2591 3225 παρὰ
2632 3155 2709 3226 τῷ
2754 3157 2810 3208 ὲν
2841 3154 3065 3226 ἀργύρῳ
3108 3152 3487 3217 τετυπῶσθαι,
3530 3155 3566 3224 ἢ
3601 3157 3721 3217 ταῖς
3749 3154 3852 3207 λοι-

643 3245 894 3297 Ιιειιιίὺυε
915 3254 970 3297 et
994 3243 1434 3312 imaginantibus,
1461 3244 1637 3298 simile
1659 3247 1818 3300 etiam
1841 3247 1908 3300 de
1929 3247 2193 3314 discursu,

641 3337 707 3390 oe
743 3335 1093 3402 intelligentia
1123 3343 1180 3388 et
1213 3334 1609 3389 reminiscentia
1645 3337 1860 3391 dicturi.
1898 3338 1968 3392 At
1989 3338 2110 3393 vide
2131 3353 2198 3394 ne

641 3426 803 3488 forte,
830 3426 1044 3480 etiamsi
1075 3425 1366 3479 admodum
1403 3425 1780 3494 persuasibilis
1810 3428 1923 3483 haec
1954 3429 2198 3483 videatur

643 3517 843 3580 oratio,
866 3515 1141 3585 corripere
1162 3516 1330 3585 magis
1357 3531 1421 3571 ac
1467 3516 1717 3586 decipere
1746 3519 1822 3572 sic
1853 3518 2043 3574 collata
2072 3535 2197 3589 pos-

645 3609 912 3675 sitquam
960 3608 1283 3673 persuadere
1334 3607 1407 3660 illi
1451 3608 1544 3676 qui
1597 3609 1901 3678 exemplum
1948 3622 2199 3667 accurate

644 3698 936 3752 adnotarit.
969 3697 1048 3752 Ac
1085 3698 1149 3750 de
1172 3696 1403 3766 imagine
1439 3698 1566 3752 illud
1605 3700 1819 3769 quidem
1850 3717 2065 3771 possum
2108 3720 2200 3760 os-

646 3785 864 3840 tendere
889 3787 1028 3853 quod
1059 3785 1223 3852 ﬁgura
1251 3786 1302 3839 in
1343 3801 1492 3848 auro,
1529 3801 1633 3857 qua
1661 3790 1869 3844 ratione
1897 3791 2065 3861 ﬁgura
2087 3803 2193 3857 est,

642 3877 834 3932 similis
862 3877 934 3931 illi
959 3877 1142 3946 ﬁgurae
1167 3892 1285 3946 qua:
1313 3887 1395 3933 est
1427 3879 1478 3932 in
1521 3889 1766 3950 argento,
1807 3885 2192 3953 praprietatem

639 3969 905 4036 ostendat,
931 3983 1026 4022 cur
1049 3967 1188 4031 facta
1216 3969 1288 4023 sit
1311 3970 1488 4039 potius
1514 3971 1566 4026 in
1590 3988 1722 4028 auro
1746 3989 1907 4042 quam
1933 3976 2193 4045 impressa

641 4063 711 4114 sit
739 4061 792 4114 in
821 4070 1042 4131 argento
1068 4061 1152 4115 vel
1187 4061 1241 4114 in
1272 4062 1484 4116 caeteris
1515 4064 2000 4132 materiis.'Quare
2033 4067 2194 4122 vicis-

641 4153 741 4206 sim
768 4151 925 4205 nobis
958 4151 1242 4205 ostendant
1274 4150 1348 4205 illi
1379 4153 1761 4221 proprietatem
1789 4155 1906 4222 ejus
1932 4158 2074 4224 quod
2099 4157 2194 4210 ad-

643 4242 788 4300 misit
819 4241 1073 4311 majorem
1096 4241 1345 4311 ﬁguram,
1373 4244 1458 4298 vel
1479 4244 1762 4308 minorem,
1797 4246 1879 4300 vel
1910 4246 2146 4301 inﬁmam
2177 4266 2190 4314 ;

641 4348 706 4388 ac
735 4341 942 4390 tentent
974 4332 1162 4388 saltem
1204 4335 1414 4405 nugari,
1442 4350 1506 4388 ac
1540 4337 1895 4408 circumloqui
1922 4340 2192 4393 diversam

641 4423 934 4478 essentiam
988 4425 1276 4496 ﬁgurarum
1326 4427 1736 4497 suscipientium
1801 4430 2052 4487 similiter
2091 4432 2193 4484 im-

2297 3251 2426 3312 παίς
2488 3246 2673 3310 ὕλαιςο
2723 3243 2869 3299 οὕτω
2919 3245 3096 3298 τοίνυν
3159 3245 3290 3314 ἡμῖν
3346 3245 3851 3316 παραπησάτωσαν

2299 3339 2490 3409 ίδίωμα
2535 3338 2628 3391 τοῦ
2671 3337 2956 3408 δεξαμένου
2991 3335 3155 3388 τύπον
3193 3333 3412 3405 μείζονα
3444 3336 3557 3402 (61)
3579 3337 3656 3407 ,ἢ
3703 3335 3851 3388 ἐλάτ-

2294 3453 2440 3497 τονα,
2469 3434 2502 3504 ἢ
2535 3432 2946 3503 ὑποδεέστερον’
2987 3431 3081 3483 καὶ
3111 3429 3528 3501 πειραθήτωσαν
3556 3427 3659 3482 κᾶν
3703 3445 3849 3499 περιο

2294 3525 2514 3596 λαλῆσαι
2545 3523 2642 3594 τὴν
2681 3523 2788 3576 τῶν
2831 3519 3132 3590 δεξαμένων
3172 3522 3269 3592 τὴν
3302 3518 3574 3590 ἀνάμαξιν
3614 3519 3722 3571 τῶν
3760 3517 3849 3570 τύ-

2295 3634 2411 3670 πων
2447 3614 2836 3696 παραπλησίως
2884 3613 3134 3683 διάφορον
3173 3611 3390 3664 οὐσίαν·
3441 3611 3520 3680 μὴ
3565 3611 3675 3680 γὰρ
3716 3626 3850 3678 παρ-

2300 3708 2573 3769 ιστάντες,
2621 3703 3019 3774 ἀποφανοῦνται
3075 3702 3191 3772 μὲν,
3241 3703 3339 3754 οὐκ
3389 3700 3731 3766 ἀποδείξουσι
3775 3699 3849 3751 δέ.

2295 3798 2540 3854 Τοσαῦτα
2583 3798 2674 3850 καὶ
2707 3798 2842 3867 πρὸς
2882 3796 2976 3848 τὸν
3017 3794 3384 3866 Ἡρακλέωνος
3417 3792 3577 3860 λόγον
3620 3793 3851 3853 simium;

2295 3891 2380 3944 τό·
2425 3891 2519 3943 Ἐκ
2556 3889 2662 3942 τοῦ
2712 3887 2933 3955 πατρὸς
2969 3887 3074 3941 τοῦ
3121 3887 3423 3950 διαϐόλου,
3468 3885 3591 3936 ἀντὶ
3642 3883 3751 3946 τοῦ,
3791 3886 3852 3934 ἐκ

2295 3981 2394 4050 τῆς
2433 3981 2619 4042 οὐσίας
2646 3979 2739 4032 τοῦ
2769 3981 2972 4051 πατρὸς
3020 3979 3113 4032 τοῦ
3142 3977 3389 4031 διαϐόλου
3436 3976 3548 4046 (62)
3603 3974 3846 4046 εἰρήσθω·

2293 4073 2462 4126 Πάλιν
2510 4074 2589 4134 είς
2626 4071 2722 4125 τό·
2774 4072 2883 4137 Τὰς
2922 4071 3224 4139 ἐπιθυμίας
3279 4068 3384 4122 τοῦ
3431 4069 3658 4133 πατρὸς
3698 4064 3851 4133 ὑμῶν

2294 4163 2492 4215 θέλετε
2523 4159 2730 4223 ποιεῖν,
2765 4159 3118 4212 διαστέλλεται
3149 4156 3324 4225 λέγων
3357 4155 3449 4209 τὸν
3491 4154 3734 4208 διάϐολον
3777 4151 3849 4221 μὴ

2294 4250 2434 4320 ἔχειν
2476 4248 2702 4319 θέλημα,
2747 4248 2858 4302 ἀλλ’
2890 4246 3212 4317 ἐπιθυμίας·
3251 4245 3346 4298 κα)⁹
3388 4243 3713 4314 ἐμφαίνεται
3754 4240 3849 4291 αύ-

2293 4339 2444 4394 τόθεν
2468 4340 2527 4393 τὸ
2554 4339 2864 4410 ἀδιανόητον
2894 4337 3004 4408 (65)
3044 4336 3136 4390 τοῦ
3178 4337 3368 4404 λόγου·
3419 4334 3597 4387 θέλειν
3642 4333 3745 4402 7&9
3783 4332 3852 4382 τὰ

2297 4432 2506 4504 πονηρὰ
2533 4434 2639 4497 πᾶς
2671 4433 2736 4486 ἄν
2761 4448 2844 4494 τις
2879 4430 3206 4501 ὁμολογήσαι
3251 4429 3477 4481 ἐκεῖνον.
3509 4424 3758 4490 Συνάξεις
3794 4423 3854 4475 δὲ

645 4515 1012 4581 pressionem;
1058 4515 1200 4584 quod
1247 4531 1372 4571 cum
1406 4532 1510 4577 non
1539 4518 1903 4585 exhibuerint,
1939 4523 2188 4576 enuntia-

2297 4523 2390 4577 καὶ
2417 4521 2597 4587 αὐτὸς,
2631 4524 2679 4574 εί
2710 4523 2803 4576 καὶ
2827 4521 2918 4574 ἐπὶ
2942 4519 3033 4573 τοῦ
3058 4519 3168 4590 (64)
3201 4519 3469 4588 παρόντος
3502 4520 3561 4570 ὲν
3591 4514 3852 4588 προχείρῳ

643 4611 776 4662 bnnt
801 4608 1036 4676 quidem,
1063 4609 1156 4663 sed
1196 4625 1302 4664 non
1337 4609 1804 4667 demonstrabunt.
1837 4610 2110 4672 llactenus
2129 4615 2194 4668 de

644 4699 990 4764 lleracleone,
1021 4700 1110 4769 qui
1150 4701 1420 4770 exposuit,
1451 4717 1516 4760 ea;
1535 4710 1688 4769 patre
1729 4692 1964 4765 diabolo,
1999 4717 2097 4771 pro
2127 4718 2193 4757 eo

638 4791 781 4859 quod
805 4800 910 4855 est,
941 4805 1005 4844 ex
1030 4792 1328 4847 substantia
1355 4791 1524 4860 patris
1547 4789 1782 4856 diaboli;
1807 4792 1897 4859 qui
1924 4807 2110 4847 rursus
2139 4793 2190 4846 in

642 4884 746 4942 hoc
773 4883 996 4950 dictum,
1024 4884 1285 4938 desideria
1306 4885 1476 4952 patris
1505 4883 1660 4939 vestri
1687 4884 1840 4938 vultis
1869 4883 2063 4952 facere,
2095 4883 2198 4938 dis-

641 4983 790 5042 putat
813 4976 1000 5030 dicens
1029 4974 1302 5030 diabolum
1330 4989 1432 5028 non
1472 4974 1673 5034 habere
1703 4975 2057 5038 voluntatem.
2098 4976 2192 5030 sed

638 5066 943 5130 desideria;
967 5065 1118 5133 cujus
1137 5066 1266 5120 dicti
1297 5065 1603 5121 absurditas
1631 5077 1851 5134 apparet
1874 5082 1938 5122 ex
1963 5080 2042 5131 se,
2069 5069 2194 5121 dum

709 5159 824 5233 (.54)
845 5161 1079 5233 Χοϊκόν.
1100 5159 1267 5233 Quem
1295 5169 1350 5214 et
1371 5160 1553 5214 ὑλικόν
1582 5160 1958 5230 appellabant,
1985 5170 2041 5216 et
2067 5177 2195 5233 σαρ-

639 5228 811 5299 κικόν,
839 5239 890 5282 et
912 5231 1114 5299 γήϊνον.
1145 5228 1407 5284 Ηυετιυε.

711 5246 810 5290 ιον,
839 5246 890 5282 et
951 5247 1114 5299 ηινον.
1145 5246 1407 5284 HUETIUS.

711 5295 824 5361 (55)
849 5246 949 5352 Διέ
973 5298 1165 5352 τοῦτο.
1197 5301 1356 5355 Deest
1381 5301 1432 5354 in
1473 5300 1658 5354 codice
1683 5299 1992 5364 Bodleiano.

710 5367 824 5440 (66)
849 5368 1030 5440 Qodex
1057 5369 1378 5440 Bodleianns
1401 5369 1562 5423 habet
1588 5368 1780 5440 τούτῳ.

674 5447 690 5457 '
848 5436 1027 5510 Cede}
1054 5439 1273 5510 Regius,
1297 5440 1640 5510 ὲτερουσίοις.

642 5506 1071 5628 [δι’(ῇξξὸᾒὲτὼκ
1098 5509 1256 5562 Deest
1283 5510 1336 5562 in
1367 5506 1550 5562 codice
1577 5510 1763 5582 ltegio,
1790 5512 1882 5565 sed
1907 5511 2102 5580 legitur
2136 5512 2192 5572 in,

684 5592 950 5630 mtlelano.

709 5647 820 5720 (59)
873 5649 978 5720 “Apf
1022 5646 1256 5720 r590th
1314 5647 1474 5720 Forte
1521 5647 1800 5720 legendum
1831 5690 1846 5714 ,
1903 5651 2188 5720 ἀνομοίως.

639 5713 865 5801 ibidem,
889 5717 984 5801 ub'i.
1011 5713 1191 5801 codex.
1221 5715 1541 5801 Bodleianntts
1569 5713 1720 5772 liabet
1772 5719 1913 5801 ηπερ
1962 5713 2188 5785 πείθειν,

641 5785 832 5852 legitur
855 5786 905 5836 in
943 5784 1114 5852 Regio
1140 5785 1295 5854 εἴπερ
1329 5785 1522 5837 πείθει.

708 5854 1266 5928 ((ξΟγΌτιὲνχρ-υσῷ
1295 5859 1326 5908 ό
1363 5857 1567 5924 τύπος,
1609 5869 1712 5912 etc.
1771 5859 1892 5914 Haec
1940 5860 2188 5916 iutricata

2296 4615 2397 4667 οὐκ
2432 4613 2626 4684 ἔχομεν
2651 4612 3005 4683 παραθέσθαι,
3036 4611 3089 4664 εἴ
3119 4627 3224 4662 που
3263 4611 3321 4663 ὲν
3349 4611 3416 4680 τῇ
3447 4609 3640 4679 Γραφῇ
3678 4606 3735 4659 τὸ
3765 4605 3853 4656 θέ-

2293 4709 2426 4759 λειν
2454 4705 2544 4758 ἐπὶ
2575 4703 2668 4758 τοῦ
2700 4703 2940 4757 διαϐόλου
2979 4703 3254 4755 τέτακται.
3297 4699 3454 4753 Μετὰ
3490 4699 3667 4752 ταῦτὰ
3697 4713 3852 4766 φησιν

2294 4798 2323 4848 ὁ
2361 4795 2673 4867 Ἡρακλέων
2717 4794 2792 4858 ὼς
2841 4794 2948 4864 ἄρα
2991 4792 3163 4846 ταῦτα
3216 4793 3430 4862 εἴρηται
3465 4791 3528 4843 οὐ
3571 4791 3705 4861 πρὸς
3733 4788 3854 4848 τοὺς

2297 4887 2453 4955 φύσει
2485 4886 2578 4939 τοῦ
2614 4886 2860 4940 διαϐόλου
2895 4886 3064 4947 υἱοὺς,
3102 4885 3230 4946 τοὺς
3262 4883 3509 4954 χοῖκοὺς,
3556 4881 3691 4936 ἀλλὰ
3722 4877 3854 4950 προς

2295 4981 2418 5042 τοὺς
2443 4978 2704 5048 ψυχικοὺς
2736 4978 2878 5032 θέσει
2909 4978 3056 5040 υἱοὺς
3087 4977 3334 5030 διαϐόλου
3373 4973 3729 5044 γενομένους·
3763 4971 3854 5038 ἀφ’

2293 5061 2366 5129 ὧν
2394 5071 2460 5140 τῇ
2500 5069 2656 5138 φύσει
2688 5069 2937 5124 δύνανταί
2965 5085 3107 5130 τινες
3134 5069 3230 5121 καὶ
3263 5066 3407 5120 θέσει
3430 5066 3540 5118 υίοὶ
3568 5062 3701 5118 Θεοῦ
3735 5078 3857 5133 χρη·

2301 5171 2447 5222 sunt.
2474 5178 2594 5231 qua:
2631 5164 2710 5218 sic
2735 5165 2925 5232 legisse
2946 5164 3150 5216 videtur
3183 5161 3500 5232 Ferrarius,
3546 5161 3668 5212 ὐτι
3725 5158 3755 5209 ό
3802 5157 3854 5207 ὲν

2300 5226 2696 5353 χρυσῷπύπος,
2732 5226 2813 5304 τῷ
2844 5236 2901 5287 ὲν
2940 5232 3160 5304 ἀργύρῳ
3184 5271 3199 5294 ,
3305 5231 3404 5301 μὲν
3437 5230 3626 5292 τύπος,
3684 5244 3856 5299 παρα-

2300 5321 2340 5353 π
2374 5304 2526 5353 ήσιος
2577 5302 2866 5353 δείκνυται.
2900 5315 3033 5353 etc..
3065 5318 3182 5353 una:
3217 5304 3347 5353 mihi
3400 5310 3581 5353 tamen
3626 5314 3730 5350 non
3775 5314 3855 5350 εει-

2300 5302 2526 5374 πλήσιος
2577 5302 2867 5374 δείκνυται,
2900 5302 3033 5366 ete.,
3065 5302 3182 5374 qua:
3217 5302 3347 5356 mihi
3400 5310 3581 5354 tamen
3608 5314 3733 5374 En
3775 5314 3855 5350 εει-

2295 5366 2588 5426 tislaciunt.
2614 5374 2719 5427 Nos
2739 5366 2909 5426 locum
2938 5366 3101 5439 hunc,
3127 5373 3253 5426 dum
3286 5381 3569 5428 succurrat
3600 5366 3854 5437 (Edipus,

2294 5458 2401 5495 non
2439 5453 2736 5506 tangemus.
2771 5442 3030 5498 HUE‘I‘IUS.

2388 5510 2477 5580 61)
2512 5511 2689 5583 Codex
2719 5512 2932 5577 Regius.
2963 5513 3270 5583 κρείττονα.

2387 5576 2475 5648 6‘2)
2514 5581 2620 5635 Τοῦ
2653 5576 2953 5636 διαϐόλου.
2986 5576 3144 5636 Deest
3194 5583 3250 5635 in
3287 5581 3468 5636 codice
3527 5580 3719 5649 Regio,
3766 5576 3855 5632 scd

2295 5651 2491 5718 legitur
2521 5653 2568 5705 in
2598 5653 2911 5706 Bodleiano.

2368 5723 2477 5790 (65)
2503 5724 2679 5776 (Index
2712 5723 2925 5792 llegins.
2959 5721 3253 5791 διανόητον,
3293 5721 3452 5792 male.

2368 5786 2477 5868 (ﬁl)
2509 5793 2647 5854 Idem
2682 5786 2846 5848 codEx
2883 5792 3100 5863 Regius,
3131 5786 3186 5848 ἐξ
3214 5791 3302 5844 ἐπὶ
3332 5789 3449 5854 τοῦ,
3475 5789 3677 5854 omisso
3701 5786 3811 5841 καί.
