3804 6540
97 384 202 438 629

1149 385 1504 442 COMMENT.
1546 384 1612 440 IN
1652 384 1822 442 JOAN

1889 386 2130 445 TOMUS
2167 390 2280 444 XX.
3226 401 3331 458 ϐω

97 503 343 572 partem.
374 502 484 556 Καί
519 503 652 574 φησί
682 520 767 572 γε.
796 504 878 558 ὅτι
909 503 1061 576 παρά
1092 505 1170 576 τῷ
1198 505 1544 578 ἠγαπηκέναι
1576 505 1669 570 τὰς

1779 510 2026 566 omnibus
2053 509 2106 565 in
2133 510 2384 568 confesso
2421 521 2505 570 est
2533 513 2684 568 illum
2728 516 2866 571 maia
2897 515 3048 578 velle.
3102 519 3335 590 Colliges

92 593 395 663 ἐπιθυμίας
425 593 520 647 τοῦ
563 596 830 660 διαϐόλου,
864 597 958 650 καὶ
989 601 1181 662 ποιεῖν,
1210 599 1374 652 τέκνα
1401 592 1546 654 οὗτοι
1576 601 1672 655 τοῦ

89 684 334 737 διαϐόλου
380 684 637 751 γίνονται,
670 687 729 740 οὐ
760 686 918 756 φύσει
945 687 1176 742 τοιοῦτοι
1216 689 1396 753 ὄντες·
1429 691 1522 744 καὶ
1558 691 1674 744 δια-

90 775 372 826 στέλλεται
400 777 477 839 ὡς
506 775 614 848 ἄρα
635 778 838 851 τριχῶς
864 779 946 832 δεῖ
966 779 1182 834 ἀκούειν
1213 781 1312 850 τῆς
1346 781 1485 836 κατά
1509 782 1673 837 τέκνα

89 866 416 936 ὀνομασίας,
449 868 667 939 πρῶτον
706 870 898 939 φύσει,
948 871 1198 945 δεύτερον
1229 873 1450 946 γνώμῃ,
1492 876 1672 948 τρίτον

89 958 233 1030 ἀξίᾳ.
291 979 311 1010 ι
344 960 458 1013 Καὶ
491 959 649 1030 φύσει
685 963 804 1033 μὲν,
835 965 998 1035 φησὶ,
1039 965 1152 1019 ἐστὶ
1190 966 1251 1019 τὸ
1280 968 1532 1040 γεννηθὲν
1569 967 1673 1022 ὑπό

86 1069 228 1116 τινος
290 1053 588 1126 γεννητοῦ,
634 1055 663 1108 δ
716 1057 811 1112 καὶ
867 1057 1069 1128 κυρίως
1141 1058 1330 1113 τέκνον
1387 1060 1668 1114 καλεῖταιο

87 1144 281 1217 γνώμῃ
321 1146 404 1209 δὲ,
450 1148 539 1200 ὅτε
569 1148 631 1202 τδ
679 1148 888 1220 θέλημά
931 1167 1015 1214 τις
1051 1149 1220 1203 ποιῶν
1266 1168 1410 1214 τινος
1448 1151 1535 1205 διά
1573 1154 1671 1224 τήν

87 1235 282 1289 ἑαυτοῦ
331 1237 584 1310 γνώμην,
613 1241 800 1296 τέκνον
830 1244 1040 1297 ἐκείνου
1081 1237 1142 1302 οῦ
1175 1247 1318 1296 ποιεῖ
1365 1245 1424 1297 τὸ
1463 1244 1672 1317 θέλημα

88 1329 331 1384 καλεῖται
357 1348 373 1361 ·
421 1333 548 1403 ἀξία
602 1333 688 1400 δὲ,
736 1335 859 1388 καθ’
905 1336 934 1389 ὂ
975 1335 1191 1406 λέγεταί
1243 1354 1386 1401 τινες
1446 1337 1672 1410 γεέννης

86 1420 278 1483 τέκνα,
332 1424 431 1477 καὶ
479 1426 734 1491 σκότους,
784 1429 878 1480 και)⁸
911 1429 1171 1500 ἀνομίας,
1200 1431 1294 1484 κα).
1335 1431 1530 1500 δφεων,
1579 1432 1672 1485 καὶ

87 1513 308 1581 ὲχιδθῶν
359 1519 695 1588 γεννήματα.
743 1520 816 1571 Ού
863 1519 970 1592 γὰρ
1014 1523 1197 1591 γεννᾷ,
1239 1523 1406 1590 φησὶ,
1446 1523 1674 1577 τοιαῦτά

86 1621 202 1658 τινα
253 1607 377 1677 (65)
423 1611 490 1679 τῇ
547 1609 752 1662 ἑαυτῶν
804 1609 991 1678 φύσειο
1044 1611 1344 1682 φθοροποιά
1399 1615 1530 1686 γὰρ,
1579 1615 1672 1669 καὶ

87 1697 454 1753 ἀναλίσκοντα
495 1702 620 1764 τοὺς
662 1701 1030 1770 έμϐληθέντας
1063 1704 1140 1766 είς
1180 1705 1352 1758 αύτά·
1391 1706 1507 1760 ἀλλ’
1549 1707 1671 1760 ἐπεὶ

84 1787 330 1858 ἔπραξαν
390 1788 459 1842 τὰ
510 1791 732 1844 ἐκείνων
785 1793 940 1863 ἔργα,
995 1794 1158 1849 τέκνα
1205 1799 1382 1853 αὐτῶν
1405 1800 1668 1874 εἴρηται.»

1775 601 1936 656 etiam
1968 609 2026 654 tu
2054 603 2190 671 ipse,
2213 601 2424 657 etiamsi
2462 603 2514 658 in
2542 606 2832 675 pmsentia
2861 623 2967 662 non
2994 608 3063 663 sit
3089 610 3240 665 nobis
3268 615 3337 667 ad

1777 706 1972 746 manus
1996 693 2138 762 quod
2172 693 2224 746 in
2258 693 2494 749 medium
2523 697 2876 762 adducamus,
2928 713 2994 753 an
3043 699 3240 756 alicubi
3284 703 3336 757 in

1775 781 2055 852 Scriptura
2091 784 2326 852 positum
2355 785 2428 840 sit
2460 788 2808 857 vocabulum,
2836 791 2982 856 velle,
3014 791 3080 844 de
3101 790 3336 848 diabolo.

1776 873 1954 944 Inquit
1981 875 2145 930 etiam
2183 885 2300 944 post
2337 879 2452 932 haec
2475 877 2770 934 Heracleon
2808 882 2921 936 haec
2955 881 3096 938 dicta
3141 883 3338 947 fuisse,

1775 980 1883 1020 non
1922 968 1988 1021 ad
2023 976 2271 1024 terrenos
2312 978 2505 1023 natura
2545 968 2868 1028 exsistenles
2920 973 3118 1030 diaboli
3177 975 3336 1039 ﬁlios,

1774 1060 1868 1113 sed
1907 1061 1974 1114 ad
2002 1076 2098 1116 eos
2125 1061 2220 1130 qui
2257 1072 2384 1116 sunt
2416 1061 2701 1128 animales,
2747 1065 2923 1120 factos
2973 1067 3166 1122 diaboli
3201 1066 3340 1124 ﬁlios

1776 1149 2078 1218 positione;
2107 1166 2174 1206 ex
2202 1152 2401 1222 quibus
2424 1164 2651 1223 possunt
2678 1155 2898 1224 quidam
2929 1165 3119 1211 natura
3157 1168 3212 1212 et
3240 1173 3338 1227 po-

1775 1243 1971 1299 sitione
2009 1245 2102 1300 lilii
2136 1244 2230 1300 Dei
2265 1260 2403 1302 esse.
2446 1245 2626 1316 luquit
2648 1256 2904 1316 praeterea
2933 1250 3032 1304 llos
3076 1250 3190 1304 fieri
3223 1251 3338 1305 dia-

1777 1337 1909 1404 boli,
1933 1352 2000 1392 eo
2028 1337 2170 1408 quod
2201 1337 2491 1394 dilexerint
2543 1338 2852 1409 faciantque
2891 1340 3089 1396 diaboli
3119 1341 3336 1396 deside-

1777 1430 1878 1494 ria,
1907 1445 2029 1484 cum
2058 1440 2247 1484 natura
2278 1431 2587 1500 huiusmodi
2615 1447 2719 1488 non
2747 1433 2874 1489 sint.
2907 1433 3150 1503 Disputat
3172 1434 3333 1488 etiam

1775 1521 2101 1577 vocabulum
2131 1521 2362 1577 liiiorum
2389 1523 2656 1578 trifariam
2701 1524 2923 1595 intelligi
2955 1525 3150 1581 debere
3179 1543 3195 1592 ;
3225 1528 3338 1595 pri-

1776 1628 1922 1668 mum
1954 1623 2168 1677 natura,
2195 1613 2426 1670 alterum
2453 1620 2752 1680 voluntate,
2787 1617 3002 1672 tertium
3053 1617 3330 1689 dignitate.

1781 1723 1800 1758 ι
1834 1704 2055 1771 Natura,
2107 1706 2303 1776 inquit,
2361 1707 2492 1762 illud
2515 1709 2751 1778 estquod
2783 1710 3023 1778 genitum
3046 1719 3128 1766 est
3152 1725 3181 1763 a
3204 1725 3338 1779 quo—

1775 1797 1897 1850 dam
1926 1798 2131 1868 genito,
2165 1801 2309 1869 quod
2340 1799 2502 1855 etiam
2535 1801 2755 1870 proprie
2790 1801 2929 1856 filius
2955 1810 3216 1866 vocatur;
3243 1817 3339 1857 vo-

87 1880 366 1953 Τοιαύτην
424 1882 480 1934 δὲ
541 1861 824 1956 διαστολὴν
863 1861 1115 1950 δεδωκὼς
1133 1929 1148 1951 ,
1195 1889 1317 1942 οὐδὲ
1369 1861 1487 1942 καθ’
1509 1861 1520 1874 1
1540 1892 1669 1944 ὁπό-

1779 1887 1981 1947 |untate
2012 1903 2163 1952 vero,
2193 1905 2314 1944 cum
2343 1890 2467 1959 quis
2492 1891 2825 1946 voluntatem
2857 1891 3060 1948 faciens
3087 1892 3336 1960 alicujus,

89 1990 176 2024 σον
206 1973 327 2044 (66)
369 1974 477 2028 ἀπὸ
522 1976 630 2030 τῶν
675 1977 904 2049 Γραφῶν
948 1981 1371 2052 παρεμυθήσατο
1404 1982 1500 2056 τὴν
1536 1985 1670 2040 ἰδίαν

86 2068 367 2138 διήγησιν.
402 2069 666 2141 Εἴποιμεν
711 2071 756 2124 δ’
794 2071 860 2125 ἂν
912 2073 1046 2143 πρὸς
1094 2073 1287 2138 αύτδν,
1331 2075 1444 2142 ὅτι,
1495 2077 1544 2129 εί
1593 2077 1668 2149 μὴ

86 2160 279 2227 φύσει,
331 2161 469 2216 ἀλλὰ
522 2161 649 2234 ἀξία
697 2163 920 2234 γεέννης
961 2163 1127 2218 τέκνα
1178 2165 1533 2238 ὀνομάζεται,
1572 2168 1671 2221 καὶ

89 2253 354 2317 σκότους,
395 2255 488 2308 κα).
522 2255 776 2325 ἀνομίας,
815 2253 1135 2326 (φθοροποιά
1180 2256 1289 2326 γὰρ
1331 2256 1534 2321 ταῦτα,
1575 2257 1670 2312 κα).

87 2345 454 2400 ἀναλίσκοντα
482 2347 679 2417 μᾶλλον
703 2348 848 2418 ήπερ
873 2347 1249 2417 συνιστάνταῆ
1276 2348 1392 2412 πῶς
1412 2348 1440 2400 ὁ
1461 2348 1670 2414 nam;

89 2439 221 2509 φησί
256 2456 365 2492 που
397 2439 490 2492 τό*
528 2440 744 2508 Ἠμεθα
787 2438 968 2506 φύσει
1005 2439 1185 2494 τέκνα
1213 2438 1422 2508 ὀργῆς,
1455 2442 1536 2508 ὠς
1570 2443 1668 2496 καὶ

87 2533 136 2581 cl
185 2530 429 2593 λωιτοὴ
462 2530 532 2582 Ἦ
571 2529 875 2598 λεγέτωσαν
906 2532 1060 2601 ἡμῖν,
1099 2530 1176 2595 ὡς
1211 2531 1312 2585 οὐκ
1354 2531 1500 2586 ἔστιν
1539 2534 1671 2588 ἀνα-

86 2620 319 2674 λωτικὸν
338 2662 354 2685 ,
413 2621 508 2675 καὶ
571 2620 800 2692 μάλιστα
865 2621 985 2674 κατ’
1032 2621 1194 2674 αὑτὸν
1265 2621 1582 2694 φθοροποιὸν
1635 2626 1667 2695 ή

87 2711 249 2782 ὀργὴ,
291 2706 363 2782 ἧς
393 2711 561 2782 ὀργῆς
596 2711 708 2782 (67)
741 2711 906 2764 τέκνα
940 2710 1138 2782 ἥμεθα.
1171 2712 1339 2765 Πάλιν
1371 2714 1552 2784 φησὶν,
1587 2713 1668 2766 ὅτι

88 2804 254 2857 τέκνα
280 2802 380 2856 τοῦ
418 2803 661 2856 διαϐόλου
687 2802 834 2871 λέγει
865 2802 960 2856 νῦν
988 2803 1237 2868 τούτους,
1267 2805 1367 2875 οὐχ
1393 2805 1474 2858 ὅτι
1508 2806 1669 2876 γεννᾷ

88 2913 242 2958 τινας
290 2897 321 2948 6
359 2895 633 2959 διάϐολος,
689 2894 804 2948 ἀλλ’
833 2895 914 2949 ὅτι
966 2896 1034 2950 τά
1090 2895 1228 2966 ἔργα
1278 2895 1372 2948 τοῦ
1423 2895 1666 2949 διαϐόλου

1777 1977 1939 2032 animi
1965 1980 2048 2034 sui
2071 1979 2299 2048 judicio.
2345 1979 2492 2035 illius
2533 1981 2700 2042 Illius,
2731 1978 2886 2048 cujus
2917 1979 3046 2035 facit
3091 1980 3337 2035 volunta-

1777 2078 1910 2135 tem,
1951 2079 2219 2136 vocatur;
2261 2079 2536 2140 postremo
2570 2071 2853 2141 dignitate,
2884 2071 3039 2140 iuxta
3073 2069 3212 2140 quod
3251 2068 3338 2125 di-

1776 2171 1972 2216 cuntur
2004 2162 2226 2230 quidam
2261 2163 2517 2232 gehennae
2571 2162 2700 2226 filii,
2750 2171 2807 2218 et
2865 2161 3237 2226 tenebrarum,
3283 2171 3336 2215 et

1777 2252 2096 2322 iniquitatis,
2128 2261 2186 2306 et
2211 2257 2565 2322 serpentium,
2599 2261 2654 2310 et
2696 2253 3002 2322 viperarum
3030 2252 3333 2322 progenies.

1776 2345 1890 2401 Non
1920 2346 2076 2404 enim»
2093 2357 2355 2417 generant
2382 2348 2519 2411 haec,
2548 2345 2741 2415 inquit,
2774 2345 2898 2400 talia
2942 2346 3188 2415 quaedam
3236 2360 3333 2400 sua

1777 2437 2014 2506 ipsorum
2043 2447 2232 2493 natura
2253 2455 2268 2505 ;
2296 2435 2458 2508 35.0
2479 2452 2601 2492 cum
2629 2436 2808 2506 potius
2824 2444 3196 2504 corrumpant,
3216 2450 3339 2490 con-

1775 2537 2096 2597 sumantque
2120 2543 2217 2585 eos
2244 2530 2336 2598 qui
2359 2530 2410 2582 in
2437 2544 2498 2584 se
2526 2527 2753 2596 coniecti
2791 2530 2992 2585 fuerint
3020 2545 3036 2595 ;
3070 2528 3163 2583 sed
3195 2540 3333 2597 quo-

1777 2619 1919 2672 niam
1946 2618 2222 2674 elfecerint
2246 2620 2459 2675 illorum
2485 2637 2667 2689 opera,
2695 2637 2882 2678 eorum
2908 2623 2999 2678 filii
3021 2631 3330 2678 vocantur.»

1777 2709 1927 2764 lianc
1957 2721 2138 2766 autem
2173 2711 2534 2768 diﬂ’erentiam
2570 2730 2692 2769 cum
2741 2715 2973 2778 dederit,
3006 2728 3235 2784 cumque
3268 2728 3334 2768 ne

1777 2801 2041 2855 tantulum
2089 2802 2306 2871 quidem
2349 2819 2501 2858 suam
2533 2805 2905 2860 narrationem
2939 2821 3004 2858 ex
3034 2805 3332 2874 Scripturis

1773 2891 2128 2958 coniirmarit,
2179 2894 2624 2963 respondebimus
2669 2895 2742 2948 illi
2784 2914 2797 2949 :
2850 2894 2908 2948 Si
2953 2910 3058 2949 non
3108 2907 3328 2960 natura,

1773 2982 1868 3037 sed
1889 2982 2149 3053 dignitate
2178 2995 2443 3038 vocantur
2470 2985 2729 3054 gehennae
2755 2986 2848 3040 lilii
2880 2999 2935 3041 et
2965 2985 3331 3048 tenebrarum,

1773 3083 1829 3129 et
1856 3074 2162 3144 iniquitatis
2190 3078 2337 3147 (nam
2371 3077 2485 3131 haec
2511 3088 2882 3146 corrumpunt.
2916 3087 2971 3132 et
3010 3086 3334 3132 consumunt

89 3171 311 3234 νεσθαι,
363 3170 438 3234 ὡς
487 3171 856 3242 ὁμοιουμένων
903 3170 1052 3241 αὐτῷ
1098 3170 1177 3242 τῷ
1222 3171 1393 3223 ποιεῖν
1423 3169 1492 3222 τά
1532 3170 1668 3242 ἔργα

1779 3167 1949 3236 magis
1979 3181 2138 3236 quam
2173 3171 2540 3238 conﬁrmant),
2570 3172 2841 3239 quomodo
2869 3169 3062 3225 Paulus
3099 3170 3330 3239 quodam

89 3261 276 3323 αὑτοῦ,
319 3261 417 3314 καὶ
445 3260 505 3314 οὐ
539 3259 628 3314 διά
665 3261 764 3333 τὴν
793 3262 1000 3327 οὐσίαν,
1032 3260 1128 3316 καὶ
1167 3259 1265 3332 τὴν
1303 3246 1667 3332 κατασκευὴν,

1779 3256 1892 3312 loco
1919 3257 1967 3289 “
1999 3258 2103 3313 hoc
2133 3259 2310 3328 inquit
2334 3278 2348 3316 :
2388 3259 2599 3316 Natura
2619 3278 2831 3316 eramus
2855 3262 2954 3329 ﬁlii
2977 3261 3093 3324 irit,
3122 3260 3254 3314 sicut
3281 3268 3332 3313 et

90 3356 184 3426 τήν
249 3355 423 3426 χωρὶς
483 3352 696 3425 ἔργων,
745 3353 948 3408 τέκνων
1010 3352 1254 3407 διαϐόλου
1305 3353 1668 3426 χρηματιζόν-

1779 3351 1998 3406 cwteri?
2044 3351 2297 3420 Alioquin
2351 3353 2537 3408 dicant
2587 3355 2742 3410 nobis
2788 3356 2920 3408 iram
2964 3355 3136 3418 illam,
3176 3351 3332 3420 cuius

90 3463 237 3510 τωνς
1777 3456 1879 3497 nos
1911 3454 2110 3498 natura
2145 3444 2239 3499 lilii
2265 3460 2504 3510 eramus,
2535 3461 2639 3500 non
2681 3461 3014 3513 consumere,
3065 3457 3119 3502 et
3156 3459 3224 3499 ex
3273 3457 3334 3498 se

92 3540 333 3595 maxime
383 3555 489 3595 non
549 3555 918 3611 corrumpere.
949 3540 1185 3596 Rursum
1231 3538 1403 3608 inquit
1443 3537 1645 3592 diaboli
1696 3537 1838 3593 illius
1872 3553 1902 3591 a
1935 3537 2062 3594 Jesu
2109 3539 2213 3595 hoc
2255 3539 2374 3595 loco
2418 3542 2516 3595 hos
2568 3543 2694 3606 dici,
2750 3557 2856 3596 non
2903 3543 3044 3611 quod
3091 3541 3335 3598 diabolus

89 2986 376 3050 ποιοῦντες
406 2985 765 3057 ὡμοιώθησαν
821 2985 989 3057 αὐτῷ.
1021 2985 1179 3057 Πόσῳ
1217 2985 1272 3039 δὲ
1309 2985 1514 3056 βέλτιον
1541 2989 1668 3059 περὶ

91 3077 311 3132 πάντων
359 3077 469 3131 τῶν
519 3076 612 3130 τοῦ
661 3078 908 3132 διαϐόλου
975 3077 1178 3131 τέκνων
1230 3077 1386 3130 τοῦτο
1432 3079 1667 3147 ἀποφαί-

89 3631 305 3702 aliquos
349 3640 594 3702 generet,
643 3635 734 3686 sed
783 3618 927 3702 quod
973 3632 1170 3687 diaboli
1237 3647 1401 3702 opera
1443 3629 1706 3684 facientes
1758 3631 2041 3685 assimilati
2085 3631 2286 3686 fuerint
2344 3633 2466 3701 ipsi.
2519 3635 2584 3686 At
2629 3649 2756 3687 vero
2797 3643 2994 3702 quanto
3037 3634 3228 3688 melius
3269 3637 3336 3690 de

85 3722 348 3776 omnibus
374 3722 574 3776 diaboli
623 3721 750 3777 filiis
796 3723 899 3779 hoc
941 3721 1266 3788 censuisset,
1314 3721 1519 3796 idcirco
1546 3734 1642 3776 eos
1666 3720 1863 3776 diaboli
1890 3721 2030 3777 tilios
2061 3723 2275 3786 haberi,
2317 3725 2442 3793 quia
2501 3723 2577 3777 illi
2619 3722 2884 3778 assimiles
2927 3723 3037 3778 sint
3087 3723 3336 3778 faciendo

90 3833 258 3887 c-pera
285 3818 431 3886 ejus,
463 3832 568 3870 non
595 3833 689 3885 per
719 3818 1036 3883 essentiam,
1088 3833 1262 3887 neque
1303 3832 1402 3888 per
1429 3817 1781 3880 creationem,
1813 3816 1866 3872 in
1897 3833 2002 3887 qua
2031 3817 2174 3870 nulla
2198 3827 2328 3872 sunt
2349 3818 2552 3886 opera?

155 3912 253 3966 2|.
292 3910 553 3976 Ἐκεῖνος
580 3910 1064 3977 ἀνθρωποκτόνος
1094 3906 1173 3980 ἦν
1193 3909 1293 3963 ἀπ’
1322 3907 1536 3978 ἀρχῆς,
1572 3907 1669 3960 καὶ

1847 3909 1938 3962 21.
1981 3907 2082 3962 Ille
2103 3908 2370 3962 homicida
2405 3919 2516 3962 erat
2543 3909 2607 3961 ab
2641 3908 2811 3972 initio,
2838 3907 2960 3961 etin
2986 3907 3201 3960 veritate
3231 3921 3335 3960 non

91 4005 156 4059 ἐν
187 4004 268 4072 τῇ
298 4005 558 4071 ἀληθείᾳ
587 4005 698 4071 οὺχ
729 4001 1005 4070 ἕστηκεν,
1042 4001 1130 4055 ὅτι
1159 4003 1270 4056 οὐκ
1315 4002 1486 4056 ἔστιν
1530 4000 1669 4070 ἀλή-

1779 3997 1934 4062 stetit,
1958 3998 2085 4068 quia
2115 4015 2216 4051 non
2257 4007 2333 4051 est
2371 3999 2558 4052 veritas
2585 3998 2641 4050 in
2669 4014 2729 4052 eo
2757 3997 2824 4051 “.
2865 3996 3128 4063 Quoniam
3171 4011 3336 4066 gene-

93 4104 220 4153 θεία
257 4099 330 4151 ἐν
355 4095 537 4162 αὐτῷ.
577 4094 727 4149 Ἐπεί
769 4094 885 4149 έστί
916 4112 1001 4158 τις
1040 4095 1342 4165 κοινότερον
1385 4093 1669 4165 ἀνθρωπο-

1779 4087 1935 4141 ratim
1969 4085 2232 4140 homicida
2261 4094 2350 4140 est
2379 4086 2468 4140 ille
2497 4088 2587 4156 qui
2633 4089 3122 4155 quomodocunque
3161 4087 3335 4140 homi-

93 4192 308 4254 κτόνος,
359 4187 645 4243 όπώσποτε
682 4185 998 4251 ἀπεκτονὼς
1037 4185 1340 4257 ἄνθρωπον,
1379 4185 1524 4249 ὅστις
1555 4184 1669 4237 ἐστὶ

1779 4193 1902 4234 nem
1929 4178 2260 4233 interfecerit
2288 4195 2302 4243 ;
2331 4179 2420 4248 qui
2457 4179 2723 4234 homicida
2747 4178 3042 4248 aliquando
3068 4179 3229 4231 etiam
3251 4188 3336 4232 est

93 4284 186 4335 καὶ
227 4282 425 4352 μέσος,
467 4279 587 4332 καθ’
627 4279 655 4332 ὃ
690 4279 784 4331 καὶ
823 4277 969 4348 ζήλῳ
1010 4276 1144 4330 Θεοῦ
1195 4276 1491 4348 πεποίηκεν
1519 4277 1548 4329 δ
1578 4276 1671 4328 Φι-

92 4376 207 4438 νεξ
259 4371 592 4435 ἀποκτείνας
641 4371 731 4423 τὸν
778 4369 1118 4441 Ἰσραηλίτην
1171 4367 1528 4441 πορνεύοντα,
1574 4367 1670 4419 κα)⁹

1777 4270 2113 4336 indiﬂerens,
2145 4271 2292 4340 juxta
2332 4273 2380 4325 id
2411 4271 2554 4340 quod
2585 4271 2746 4325 etiam
2777 4270 2903 4325 fecit
2943 4269 3194 4335 Phinees,
3239 4271 3334 4344 qui

1775 4363 1894 4418 zelo
1918 4363 2010 4418 Dei
2035 4379 2316 4427 accensus,
2349 4362 2644 4418 lsraelitam
2669 4361 2938 4416 interfecit
2954 4360 3333 4426 fornicantem,

93 4469 190 4539 τὴν
218 4464 566 4527 Μαδιανῖτιν,
593 4462 1036 4534 ἀνθρωποκτόνος
1078 4460 1140 4514 οὗ
1177 4460 1393 4530 ψεκτῶς
1431 4459 1542 4530 (68)
1572 4461 1669 4531 ρη-

1779 4465 1825 4512 et
1859 4455 2201 4511 Madianitam
2231 4457 2310 4520 ⁶¹;
2339 4453 2493 4523 juxta
2546 4454 2688 4525 quod
2719 4463 2774 4509 et
2824 4453 2988 4508 David
3018 4456 3180 4510 etiam
3213 4455 3338 4508 abs-
3413 4460 3433 4528 f.

94 4559 319 4628 θήσεται
366 4558 463 4609 καὶ
500 4557 528 4608 ὁ
558 4553 718 4606 Δαυτδ
756 4555 813 4606 ὲν
850 4553 1072 4624 ὀνόματι
1124 4552 1330 4624 Κυρίου
1379 4552 1486 4604 τῶν
1519 4549 1670 4604 δυνά-

94 4669 238 4721 μεων
268 4648 409 4703 Θεοῦ
450 4648 543 4700 ἐπὶ
571 4647 666 4710 τῆς
705 4645 1055 4718 παρατάξεως
1089 4643 1304 4716 Ἰσραὴλ
1329 4644 1420 4697 τὸν
1452 4641 1666 4704 Γολιάθ,

94 4742 360 4815 ζητητέον
406 4741 508 4812 τὴν
562 4738 818 4810 ἀληθινὴν
875 4735 1161 4808 ἀνθρώπου
1211 4735 1388 4806 ζωὴν,
1436 4734 1531 4787 καὶ
1577 4733 1668 4787 τὸν

96 4835 341 4887 ἐναντίον
377 4832 551 4904 ταύτῃ
586 4831 811 4884 θάνατον
841 4827 1008 4883 αὐτοῦ
1030 4845 1042 4857 ⁸
1088 4829 1176 4882 ἵνα
1214 4826 1378 4898 νοηθῇ
1420 4828 1448 4879 ό
1472 4824 1670 4894 ψεκτὸς

99 4923 564 4997 ἀνθρωποκτόνος.
594 4923 702 4975 Καὶ
730 4922 852 4975 ὅσον
889 4920 986 4992 μὲν
1025 4921 1120 4973 ἐπὶ
1157 4921 1255 4992 τῆς
1285 4917 1521 4989 ἱστορίας
1561 4917 1670 4988 φή-

99 5035 208 5080 σεις
245 5019 340 5070 τὸν
376 5004 578 5086 Ἀδάμ,
612 5014 705 5067 κα)⁹
733 5013 829 5084 τὴν
871 5011 1014 5066 Εὕαν
1052 5013 1173 5066 ὅσον
1211 5011 1307 5081 οὐχ
1337 5009 1671 5082 ήμαρτήκει-

99 5122 198 5159 σαν
247 5107 327 5176 μὴ
372 5103 711 5176 ἀνῃρῆσθαι·
835 5103 890 5188 δὲὲ
945 5103 1126 5180 ἡμέρᾳ
1173 5100 1370 5170 ἔφαγον
1424 5099 1528 5153 ἀπὸ
1579 5098 1672 5188 τοῦ

98 5189 554 5262 ἀπηγορευμένον
600 5189 778 5254 ξύλου,
823 5187 1023 5252 εὐθέως
1072 5189 1166 5242 καὶ
1204 5188 1543 5259 τεθνηκέναι,
1574 5187 1674 5241 οὐκ

99 5281 258 5335 ἄλλου
299 5282 450 5344 τινὸς
493 5281 913 5346 ἀποκτείναντος
959 5282 1156 5345 αὐτοὺς
1193 5281 1348 5354 ἢτοῦ
1394 5281 1675 5353 ἀνθρωπο-

100 5374 292 5428 κτόνου
325 5373 596 5438 διαϐόλου,
638 5373 726 5426 ὅτε
757 5373 857 5448 τήν
885 5373 1029 5429 Εὕαν
1067 5375 1156 5430 διὰ
1184 5372 1278 5428 τοῦ
1327 5373 1504 5444 ὄφεως
1529 5373 1673 5444 ήπά-

175 5517 222 5548 ιι
246 5515 448 5585 Ephes.
486 5531 545 5579 ιι,
584 5513 638 5568 3.

148 5630 292 5754 ‘(_65)‘
319 5630 502 5753 codex
541 5629 741 5700 Regius
764 5671 782 5699 ,
829 5630 1000 5687 ταῦτά
1024 5649 1174 5686 τιναο
1201 5631 1522 5689 Bodleianus
1545 5647 1672 5691 vero

195 5719 247 5754 1η
297 5717 361 5754 ex
394 5717 446 5753 ll.

107 5717 166 5754 [il
195 5719 247 5754 ιη
277 5717 446 5754 ιεκιιι.

178 5770 290 5840 (66)
325 5771 504 5825 Codex
529 5771 866 5838 Bodleianus,
893 5772 1032 5840 κατᾲ
1061 5772 1123 5826 τὸ
1155 5772 1336 5828 πόσον.

180 5838 294 5911 (67)
325 5842 685 5911 Mope-xoth
713 5845 751 5912 ἠ
776 5841 942 5912 ὀργὴ,
996 5838 1068 5914 ἧς
1115 5843 1314 5914 ὀργῆς.
1365 5843 1422 5900 In
1480 5843 1663 5900 codice

49 6513 417 6540 -τι--ν-μ-ν
462 6521 576 6530 ..--
625 6521 634 6524 -

1773 4562 1881 4617 que
1935 4549 2330 4618 vituperatione
2358 4547 2566 4602 dicetur
2594 4547 2889 4611 homicida,
2909 4546 3000 4618 qui
3037 4547 3092 4600 in
3119 4547 3336 4601 nomine

1775 4640 1983 4696 Domini
2029 4639 2121 4694 Dei
2155 4641 2414 4694 virtutum
2444 4653 2630 4693 coram
2661 4640 2780 4694 acie
2804 4640 3021 4694 lsraelis
3060 4637 3336 4692 interfecit

1773 4732 1989 4789 Goliath
2018 4732 2087 4800 “,
2122 4733 2468 4799 quaerendum
2524 4743 2606 4790 est
2651 4749 2898 4805 quaenam
2964 4731 3034 4786 sit
3099 4731 3334 4786 hominis

1773 4839 1901 4879 vera
1951 4825 2103 4890 vita;
2161 4834 2216 4879 et
2270 4839 2484 4879 rursum
2523 4840 2643 4894 quae
2677 4827 2748 4880 sit
2799 4823 2957 4892 hujus
2989 4838 3155 4884 mors,
3193 4836 3332 4875 veru!

1773 4916 1898 4971 vitae
1929 4917 2200 4972 contraria
2228 4934 2244 4983 ;
2272 4925 2327 4970 ut
2352 4916 2716 4986 intelligamus
2749 4917 3001 4986 quisnam
3029 4913 3099 4967 sit
3124 4913 3333 4981 vitupe-

1777 5008 1964 5064 rabilis
1997 5009 2289 5067 homicida.
2319 5009 2389 5064 Et
2418 5005 2676 5079 quantum
2706 5006 2922 5076 quidem
2951 5005 3015 5058 ad
3046 5004 3329 5059 historiam

1775 5102 2032 5173 pertinet,
2081 5103 2230 5158 dices
2261 5101 2433 5157 Adam
2473 5112 2526 5156 et
2568 5099 2734 5154 Evam
2779 5097 2965 5152 tandiu
3013 5095 3335 5152 interfectos

1773 5208 1877 5247 non
1902 5193 2334 5264 fuisse,quandiu
2360 5208 2463 5247 non
2483 5198 2870 5262 peccaverunt;
2899 5202 3024 5242 mox
3052 5201 3181 5242 vero
3203 5203 3332 5257 per-

1772 5284 1900 5339 iisse
1947 5284 2001 5338 in
2041 5299 2108 5339 ea
2145 5285 2232 5339 die
2291 5299 2393 5353 qua
2439 5283 2505 5337 de
2548 5281 2691 5351 ligno
2729 5278 2897 5335 vetito
2945 5276 3329 5341 comederunt;

1771 5376 1919 5430 nullo
1951 5377 2056 5432 alio
2089 5373 2450 5431 interﬁciente
2474 5389 2588 5441 eos,
2614 5389 2777 5446 quam
2801 5372 3070 5430 homicida
3098 5371 3191 5428 illo
3219 5373 3333 5426 diuo

748 5512 961 5570 “Joan.
983 5530 1098 5578 vni,
1116 5513 1206 5569 Η.
1283 5513 1328 5546 ⁵⁸
1356 5513 1514 5569 Num.
1533 5528 1662 5581 xxv,

1779 5509 1816 5566 ἰ.
1893 5509 2136 5582 “lReg.
2183 5527 2315 5580 xvn,
2354 5511 2446 5579 ‘5,
2476 5509 2567 5568 51.

1779 5633 1953 5713 Regio
1972 5633 2126 5713 deest
2161 5631 2194 5711 ή
2216 5631 2449 5713 ὀρχήκοι
2477 5646 2572 5713 pro
2590 5623 2659 5713 ἧς
2684 5629 2876 5713 legitur

1847 5699 1959 5770 (68)
1997 5699 2458 5766 Ψεκσῶςζϐόόρι
2481 5699 2713 5770 Regius,
2740 5699 2958 5770 ψεκτός,
2992 5707 3046 5753 (ιλ
3081 5711 3205 5754 mox
3230 5707 3331 5764 pro

1778 5769 1869 5831 ἐπὶ
1901 5773 1997 5846 τῆς
2026 5770 2380 5845 παρατάξεως
2404 5769 2740 5846 ὴθὶηιίπαρά
2757 5769 2978 5835 τάξεως.
