3804 6546
471 369 570 427 651

1931 367 2255 426 ORIGENIS

3596 366 3702 423 632

474 487 618 558 bolo,
648 488 867 567 quando
904 489 1069 545 Evam
1104 489 1314 561 decepit
1344 506 1441 569 per.
1465 499 1796 565 serpentem,
1829 500 1883 547 et
1922 492 2030 547 Eva

2135 507 2296 562 τησε,
2344 489 2437 544 καὶ
2479 491 2513 560 ἡ
2548 487 2661 542 Εὕα
2704 488 2904 543 δέδωκε
2934 487 3013 561 τῷ
3045 485 3200 558 ἀνδρὶ
3229 484 3339 540 ἀπὸ
3378 482 3473 541 τοῦ
3520 481 3699 549 ξύλου,

473 583 623 638 dedit
659 583 777 637 viro
804 580 870 637 de
894 582 1061 654 ligno,
1087 593 1141 637 et
1174 583 1413 638 comedit
1457 584 1562 639 vir.
1594 583 1864 651 Quantum
1905 599 2032 641 viero

475 675 541 729 ad
569 673 917 744 prolundiora
951 676 1225 744 dogmata,
1274 676 1321 731 si
1368 676 1800 732 consideraveris
1827 676 2031 733 dictum

474 765 637 822 illud:
674 767 801 821 Non
831 769 1144 832 moriar,sed
1172 768 1360 833 vivam,
1383 777 1430 822 et
1453 769 1709 823 enarrabo
1733 785 1892 838 opera
1930 770 2036 823 Do-

472 859 604 912 mini
626 858 691 921 '7,
724 867 779 912 et
806 858 934 912 illud
967 874 996 913 a
1023 859 1315 914 Servatore
1345 859 1545 915 dictum
1582 862 1646 915 ad
1679 860 2030 924 Saddncmos.

471 932 834 1006 occultissime
878 950 981 1014 his,
1032 950 1121 1020 qui
1153 950 1299 1020 quod
1331 950 1533 1005 dictum
1582 962 1704 1006 erat
1738 953 2035 1024 intelligere

476 1040 717 1109 quirent,
750 1040 802 1094 in
835 1037 1129 1109 Evangelia
1164 1056 1194 1092 a
1237 1039 1489 1095 Matthaao
1517 1041 1715 1096 tradito
1735 1042 1780 1074 ⁸⁸
1804 1058 1818 1096 :
1846 1042 1925 1097 De
1947 1060 2031 1098 re-

474 1133 798 1187 surrectione
827 1144 1152 1187 mortuorum
1188 1149 1365 1187 annon
1411 1133 1609 1205 legistis
1649 1136 1791 1204 quod
1835 1136 2033 1207 dictum

473 1231 548 1277 est
574 1222 716 1277 vobis
746 1242 777 1277 a
806 1223 938 1290 Deo,
972 1224 1061 1293 qui
1097 1225 1211 1279 ait:
1256 1224 1367 1294 Ego
1406 1242 1521 1279 sum
1576 1226 1711 1283 Deus
1744 1228 2031 1294 Abraham,

473 1312 628 1384 341
663 1323 711 1367 et
735 1313 874 1367 Deus
905 1313 1083 1378 Isaac,
1111 1325 1157 1368 et
1190 1315 1327 1369 Deus
1374 1316 1540 1372 Iacob
1576 1320 1602 1374 7
1635 1317 1775 1372 Deus
1807 1335 1911 1375 non
1960 1329 2034 1374 est

473 1404 613 1457 Deus
634 1415 984 1472 mortuorum,
1021 1408 1113 1459 sed
1146 1407 1463 1475 viventium;
1505 1418 1562 1463 et
1597 1409 1647 1462 in
1681 1408 1972 1483 Evangelia
2004 1427 2031 1463 ιι

471 1491 618 1550 Luca
644 1496 838 1551 tradito
867 1498 910 1530 θ’
945 1515 960 1552 :
992 1496 1145 1564 Quod
1177 1515 1294 1553 vero
1330 1512 1602 1572 resurgant
1631 1505 1852 1565 mortui,
1875 1504 2034 1559 etiam

474 1585 651 1642 Moses
697 1590 921 1644 ostendit
959 1591 1119 1660 juxta
1154 1591 1363 1655 rubum,
1415 1610 1532 1648 cum
1567 1595 1698 1648 dicit
1730 1595 2032 1659 Dominum,

474 1678 643 1734 Deum
686 1682 975 1748 Abraham,
1001 1693 1049 1739 et
1099 1683 1268 1739 Deum
1321 1684 1499 1749 Isaac,
1533 1697 1579 1743 et
1627 1687 1788 1741 Deum
1827 1686 2034 1745 Jacob:

476 1772 617 1826 Deus
648 1785 820 1829 autem
854 1792 957 1830 non
980 1788 1054 1831 est
1090 1788 1439 1844 mortuorum,
1464 1784 1552 1833 sed
1577 1780 1853 1835 viventium
1876 1798 1896 1847 ;
1931 1798 2037 1837 om-

2133 583 2226 638 καὶ
2253 582 2382 652 ἔφη
2396 599 2451 636 εν
2475 584 2505 635 ὁ
2541 581 2698 653 ἁνήρ.
2732 581 2890 636 Κατὰ
2922 581 3170 652 μέντοιγε
3193 577 3262 632 τὰ
3290 576 3566 650 βαθύτερα
3595 576 3699 630 τῶν

2132 674 2436 746 δογμάτων,
2484 674 2683 745 νοήσας
2731 673 2824 726 τό·
2880 675 3001 728 Οὐκ
3051 669 3497 740 ἀποθανοῦμαι,
3542 668 3702 722 ἀλλὰ

2135 766 2401 838 ζήσομαι.
2429 766 2528 820 καὶ
2559 765 2918 838 διηγήσομαι
2946 765 3020 818 τὰ
3054 764 3199 834 ἔργα
3228 762 3474 831 Κιιρίου,
3502 760 3597 814 καὶ
3642 759 3702 813 τὸ

2134 859 2240 912 ὑπὸ
2263 857 2356 913 τοῦ
2385 858 2637 930 Σωτῆρος
2673 859 2809 932 πρὸς
2838 860 2963 923 τοὺς
3005 855 3409 919 Σαδδουκαίους,
3458 854 3700 931 an“???

2132 955 2332 1008 τότατα
2375 955 2485 1017 τοῖς
2531 951 2768 1005 συνιέναι
2793 949 2886 1004 τοῦ
2934 948 3223 1020 λεγομένου
3260 945 3586 1017 δυναμένοις
3628 946 3701 997 εἰ·-

2137 1064 2241 1119 ρημ
2252 1047 2368 1100 ένον
2408 1048 2465 1100 ἐν
2496 1044 2575 1117 τῷ
2609 1043 2749 1097 κατά
2788 1042 3062 1096 Ματθαῖον
3081 1058 3094 1071 °
3124 1040 3263 1109 Περὶ
3291 1037 3398 1107 τῆς
3439 1035 3700 1091 ἀναστὰσ

2136 1154 2290 1204 σεως
2330 1134 2449 1189 τῶν
2488 1135 2715 1205 νεκρῶν
2746 1138 2857 1190 οὐκ
2902 1131 3193 1202 ἀνέγνωτε
3236 1129 3300 1183 τὸ
3337 1125 3535 1196 ῥηθὲν
3565 1123 3699 1194 ὑμῖν

2135 1226 2252 1282 ὑπὸ
2277 1224 2382 1280 τοῦ
2410 1225 2555 1281 Θεοῦ
2575 1223 2857 1295 λέγοντος
2872 1240 2884 1253 ·
2905 1220 3043 1291 Ἐγώ
3065 1223 3179 1291 εἰμι
3206 1223 3238 1273 ὀ
3263 1218 3405 1284 Θεὸς
3432 1215 3699 1284 Ἀϐραὰμ,

2136 1318 2233 1374 καὶ
2265 1321 2297 1374 ὁ
2334 1318 2476 1385 Θεὸς
2507 1317 2724 1381 Ἰσαὰκ,
2754 1317 2851 1371 καὶ
2874 1318 2906 1370 ό
2935 1315 3078 1381 Θεὸς
3108 1311 3306 1369 Ἰακώϐ
3323 1327 3344 1376 ;
3380 1311 3509 1364 Οὐκ
3536 1308 3704 1362 ἐστιν

2137 1414 2169 1467 ό
2206 1409 2351 1477 Θεὸς
2412 1408 2555 1477 Θεὸς
2603 1406 2846 1477 νεκρῶν,
2893 1405 3054 1461 ἀλλὰ
3107 1403 3364 1466 ζώντων·
3411 1402 3513 1455 καὶ
3539 1402 3600 1454 ὲν
3630 1398 3702 1470 τῷ

2135 1502 2276 1559 κατὰ
2303 1504 2546 1557 Λουκᾶν·
2576 1503 2696 1555 Ὅτι
2744 1500 2812 1554 δὲ
2851 1499 3176 1567 ἐγείρονται
3218 1498 3273 1550 oi
3322 1493 3555 1562 νεκροὶ,
3582 1492 3700 1549 ..καὶ

2135 1593 2359 1663 Μωσῆς
2379 1592 2703 1664 ἐμήνυσεν,
2727 1592 2808 1658 ὡς
2833 1590 3014 1660 λέγει,
3054 1589 3151 1642 ἐπὶ
3186 1586 3295 1656 τῆς
3341 1584 3545 1651 βάτου
3589 1586 3701 1638 Κύ-

2128 1704 2264 1757 ριον
2290 1687 2395 1741 τὸν
2427 1686 2573 1741 Θεὸν
2595 1683 2859 1753 Ἀϐραὰμ,
2892 1682 2990 1736 καὶ
3009 1680 3157 1736 Θεὸν
3184 1675 3399 1742 Ἰσαὰκ,
3425 1676 3532 1730 καὶ
3562 1675 3704 1728 Θεὸν

2147 1776 2348 1832 Ἰακώϐ
2362 1796 2375 1807 ·
2418 1778 2529 1831 οὐκ
2553 1775 2722 1828 ἐστιν
2751 1775 2782 1827 ό
2815 1771 2957 1838 Θεὸς
2984 1767 3230 1838 νεκρῶν,
3254 1766 3413 1822 ἀλλὰ
3439 1764 3700 1827 ζώντωνο

475 1878 565 1918 nes
587 1864 722 1917 enim
754 1867 925 1920 vivunt
956 1867 1036 1921 illi
1063 1883 1082 1923 :
1113 1869 1289 1924 adhuc
1321 1879 1501 1925 autem
1542 1881 1598 1926 et
1646 1871 1699 1926 in
1748 1871 2030 1941 Evangelia

2138 1867 2358 1932 πάντες
2410 1866 2519 1938 γὰρ
2572 1863 2731 1930 αὑτῷ
2775 1861 2982 1924 ζῶσιν·
3014 1860 3095 1914 ἔτι
3135 1859 3193 1911 δὲ
3224 1860 3314 1911 καὶ
3354 1860 3409 1911 ὲν
3443 1855 3527 1928 τῷ
3567 1854 3705 1909 κατὰ

475 1955 773 2008 secundum
823 1955 1060 2013 Marcum
1089 1959 1179 2012 7°:
1232 1958 1310 2013 De
1354 1962 1596 2026 mortuis,
1630 1964 1768 2031 quod
1812 1966 2035 2017 resusci-

475 2054 674 2112 tentur,
703 2062 804 2101 non
833 2048 1029 2115 legistis
1056 2049 1110 2102 in
1154 2049 1287 2104 libro
1330 2051 1487 2116 Mosi,
1526 2054 1787 2121 quomodo
1828 2054 1881 2107 in
1908 2058 2036 2109 rubo

472 2134 679 2191 locutus
702 2140 771 2192 sit
797 2139 879 2193 illi
909 2139 1046 2194 Deus
1075 2143 1282 2196 dicens:
1302 2142 1410 2211 Ego
1443 2161 1558 2196 sum
1589 2144 1724 2198 Deus
1748 2145 2033 2211 Abraham,

471 2236 523 2284 et
557 2227 693 2283 Deus
735 2228 913 2296 Isaac,
939 2241 987 2286 et
1028 2232 1168 2288 Deus
1198 2233 1362 2288 Jacob
1391 2238 1416 2289 ?
1451 2234 1576 2288 Non
1613 2248 1686 2290 est
1721 2236 1859 2291 Deus
1893 2254 2027 2291 mor-

474 2331 703 2386 tuorum,
744 2323 833 2377 sed
867 2325 1141 2378 viventium
1166 2338 1185 2377 :
1210 2324 1277 2396 [si
1323 2327 1463 2389 haec,
1495 2326 1736 2393 inquam.
1791 2328 2038 2383 conside-

475 2413 730 2485 raveris,]
759 2415 993 2481 videbis,
1029 2416 1074 2471 si
1129 2431 1269 2472 nunc
1323 2417 1481 2482 vivit,
1513 2418 1641 2486 quia
1693 2433 1758 2474 ex
1809 2420 2036 2475 mortuis

473 2505 832 2581 resurrexerit
859 2506 1154 2571 Abraham,
1177 2517 1232 2561 et
1257 2506 1423 2570 Isaac,
1448 2518 1501 2564 et
1528 2507 1715 2572 Jacoh,
1744 2509 1841 2565 hos
1871 2510 2036 2567 fuisse

474 2603 744 2661 mortuos,
775 2608 1064 2666 antequam
1103 2599 1365 2652 viverent.
1411 2597 1579 2654 Nemo
1611 2611 1793 2654 autem
1823 2603 2036 2670 preprie

475 2685 673 2741 dicitur
707 2699 972 2755 mortuus,
1007 2688 1096 2768 qui
1126 2696 1248 2743 ante
1274 2705 1380 2743 non
1422 2690 1637 2744 vixerit.
1668 2692 1874 2761 Inspice
1910 2707 2036 2747 vero

472 2777 634 2831 etiam
667 2778 769 2835 hoc
797 2795 811 2831 :
844 2779 912 2834 In
946 2781 1113 2834 Adam
1142 2798 1316 2847 omnes
1336 2786 1652 2849 moriuntur,
1682 2796 1728 2839 et
1755 2787 1810 2841 in
1832 2786 2034 2841 Christo

473 2884 649 2924 omnes
698 2871 1096 2942 viviﬁcabuntur
1117 2873 1161 2907 "
1198 2874 1415 2944 (quibus
1469 2877 1647 2933 verbis
1675 2892 1849 2948 neque
1889 2893 2035 2934 mors

473 2959 652 3014 media
688 2959 1027 3032 signiﬁcatur
1053 2964 1158 3019 hoc
1202 2965 1348 3019 dicto
1373 2983 1386 3019 :
1411 2963 1479 3019 In
1525 2968 1693 3021 Adam
1729 2984 1903 3023 omnes
1933 2986 2037 3023 rno-

471 3050 718 3117 n'untur;
744 3068 914 3122 neque
948 3054 1261 3111 indili‘erens
1296 3058 1438 3122 vita,
1469 3075 1589 3127 qua:
1630 3074 1802 3128 neque
1833 3061 2032 3114 bonum

471 3154 569 3210 per
590 3156 649 3198 se
677 3151 780 3213 est,
814 3158 989 3214 neque
1015 3147 1238 3214 malum,
1263 3149 1314 3202 in
1339 3149 1432 3204 illo
1466 3169 1478 3205 :
1512 3150 1580 3204 In
1608 3149 1818 3204 Christo
1854 3166 2029 3205 omnes

472 3233 978 3304 viviﬁcabuntur),et
1005 3237 1216 3295 videbis
1254 3239 1421 3294 vitam
1470 3240 1700 3297 hominis
1725 3241 1820 3311 qui
1851 3249 1934 3296 est
1965 3240 2031 3295 ad

474 3323 759 3395 imaginem
790 3342 807 3393 ;
840 3329 990 3395 cujus
1041 3329 1148 3383 vita
1193 3332 1531 3386 considerata
1552 3371 1568 3396 ,
1605 3332 1870 3401 intelliges
1898 3347 2032 3402 quo-

474 3429 596 3470 nam
629 3427 787 3487 pacto
823 3419 1092 3475 homicida
1141 3420 1229 3476 ille
1269 3422 1599 3480 interfecerit
1636 3424 1904 3493 viventem
1937 3424 2034 3479 ho-

476 3505 714 3579 minem;
754 3518 901 3563 recte
930 3509 1191 3566 dicendus
1234 3512 1524 3581 homicida,
1557 3530 1663 3571 non
1711 3519 1836 3587 quia
1867 3536 2032 3577 unum

475 3599 781 3668 quempiam
840 3600 1092 3669 privatim
1148 3601 1504 3670 interfecerit,
1537 3607 1632 3662 sed
1663 3619 1884 3677 propter
1907 3614 2032 3669 uni-

472 3701 686 3744 versum
712 3704 880 3758 genus
909 3706 938 3744 a
968 3705 1027 3747 se
1050 3694 1390 3750 inlerfectum
1421 3712 1440 3759 ς
1471 3697 1611 3752 unde
1641 3698 1695 3752 in
1723 3700 1896 3756 Adam
1917 3717 2035 3758 0m-

474 3793 572 3834 nes
595 3782 923 3839 moriuntur.
962 3784 1073 3841 Hoc
1102 3800 1232 3841 vero
1274 3786 1621 3843 homicidium
1648 3802 1900 3860 operatus
1927 3806 2031 3864 est,

471 3884 593 3925 cum
624 3871 934 3941 incmpisset
961 3875 1029 3932 ab
1074 3876 1228 3932 initio
1263 3890 1523 3949 :proptcr
1545 3883 1686 3950 quod
1739 3883 1898 3953 hujus
1938 3887 2034 3943 ho-

471 3962 745 4021 micidium
812 3970 1186 4040 unusquisque
1239 3986 1351 4027 rem
1407 3972 1579 4041 ipsam
1633 3979 2029 4051 considerans,

469 4069 734 4127 suumque
756 4060 1028 4129 proprium
1069 4076 1284 4132 corpus,
1317 4072 1370 4118 et
1424 4064 1510 4119 cui
1565 4070 2028 4128 accommodatum

469 4149 563 4215 sit,
591 4149 696 4206 hoc
742 4151 985 4207 dicturus
1016 4164 1097 4207 est
1146 4157 1382 4225 seipsum
1434 4161 1622 4217 dicens
1653 4163 1933 4230 miserum,
1965 4181 2031 4220 eo

467 4239 610 4307 quod
643 4240 694 4295 in
716 4241 886 4296 Atlatn
914 4244 1135 4311 perierit
1167 4262 1183 4298 :
1212 4248 1411 4316 Infelix
1434 4268 1527 4320 ego
1576 4253 1750 4319 homo,
1793 4254 1910 4320 quis
1950 4271 2030 4310 me

468 4330 709 4387 liberabit
752 4349 817 4388 ea:
866 4336 963 4389 hoc
993 4352 1207 4407 corpore
1247 4344 1406 4396 morti
1451 4346 1674 4400 obnoxio
1698 4348 1743 4379 ⁷³
1781 4347 1805 4400 ?
1842 4349 2030 4403 videns

465 4422 629 4477 etiam
649 4439 879 4493 quonam
907 4436 1067 4495 pacto
1091 4429 1291 4485 dictum
1323 4433 1393 4487 sit
1418 4434 1640 4489 illud":
1665 4437 1735 4493 In
1769 4439 2028 4508 pulverem

2138 1961 2361 2032 Μάρκον
2384 1975 2397 1988 °
2457 1955 2597 2026 Περὶ
2654 1955 2774 2010 τῶν
2809 1951 3039 2022 νεκρῶν
3088 1954 3201 2005 οὐκ
3246 1949 3595 2025 ἀνέτνωτεη
3620 1947 3703 1999 ὅτι

2137 2052 2465 2122 ἐγείρονται
2511 2051 2580 2103 ἐν
2610 2047 2685 2116 τῇ
2729 2047 2924 2111 βίϐλῳ
2954 2042 3231 2110 Μωσέως,
3265 2043 3344 2108 ὡς
3387 2041 3566 2095 εἶπεν
3610 2038 3704 2093 ἐστι

2138 2144 2247 2211 τῆς
2286 2142 2482 2209 ,βάτου
2515 2139 2673 2206 αὐτῷ
2706 2143 2738 2192 ὀ
2762 2139 2904 2203 Θεὸς
2922 2134 3146 2204 λέγων·
3194 2133 3331 2203 Ἐγώ
3350 2134 3467 2200 ειμι
3496 2134 3531 2185 ό
3560 2130 3702 2195 Θεὸς

2150 2237 2413 2303 Ἀϐραὰμ,
2445 2232 2543 2287 καὶ
2576 2235 2609 2286 ό
2661 2229 2803 2295 Θεὸς
2837 2227 3060 2291 Ἰσαὰκ,
3084 2224 3181 2279 καὶ
3213 2227 3244 2279 ὁ
3292 2224 3437 2289 Θεὸς
3475 2222 3703 2283 Ἰακώός

2141 2331 2261 2384 Οὐκ
2308 2329 2479 2382 ἔστιν
2510 2328 2543 2379 ὀ
2582 2324 2726 2391 Θεὸς
2764 2319 3012 2390 νεκρῶν,
3043 2319 3204 2373 ἀλλὰ
3261 2315 3514 2381 ζώντων,
3564 2313 3702 2384 ὕψει,

2136 2420 2237 2484 ὅτι,
2295 2421 2343 2473 εξ
2390 2417 2482 2471 νῦν
2528 2415 2593 2488 ζῇ
2652 2417 2718 2470 ὲκ
2758 2415 2965 2485 νεκρῶν
3009 2410 3242 2472 ἀναστὰς
3284 2406 3559 2479 Ἀϐραὰμ,
3617 2406 3701 2459 καὶ

2150 2512 2352 2575 Ἰσαὰκ,
2393 2510 2486 2565 καὶ
2526 2507 2740 2571 Ἰακὼϐ,
2774 2508 2956 2579 νεκροὶ
2992 2501 3132 2577 ἦσαν
3165 2503 3293 2574 πρὶν
3324 2500 3535 2574 ζήσωσι
3560 2517 3577 2530 ·
3623 2517 3692 2554 νε.

2137 2606 2268 2675 κρὺς
2310 2604 2367 2658 δὲ
2402 2602 2604 2675 κυρίως
2632 2600 2806 2664 οὐδεὶς
2843 2599 3059 2670 λέγεται
3101 2596 3177 2669 μὴ
3206 2595 3470 2668 πρότερον
3510 2592 3703 2665 ζήσας.

2148 2698 2470 2768 Ἐπίστησον
2503 2694 2561 2749 δὲ
2588 2694 2682 2748 καὶ
2709 2691 2788 2765 τῷ
2810 2709 2824 2724 ’
2875 2693 2970 2745 Ἐν
2997 2689 3075 2757 τῷ
3112 2688 3285 2757 Ἀδὰμ
3309 2688 3535 2753 πάντες
3554 2688 3702 2742 ἁπο-

2136 2788 2493 2859 ᾂνήσκουσι,
2521 2787 2619 2841 καὶ
2644 2786 2713 2840 ὲν
2740 2785 2820 2852 τῷ
2840 2783 3072 2853 Χριστῷ
3088 2781 3309 2848 πάντες
3345 2778 3704 2857 ζωοποιηθή-

2134 2896 2375 2937 σονταισ
2420 2881 2502 2954 (ἐν
2533 2875 2615 2944 οἷς
2644 2877 2767 2935 οὔτε
2797 2880 2827 2933 ὁ
2878 2876 3043 2949 μέσος
3098 2875 3326 2938 θάνατος
3379 2872 3705 2943 σημαίνεται

2135 2971 2276 3026 κατὰ
2321 2970 2415 3024 τό·
2462 2971 2559 3023 Ἐν
2596 2967 2677 3034 τῷ
2708 2967 2889 3035 Ἀδὰμ
2927 2965 3147 3031 πάντες
3177 2960 3703 3027 ἀποθνήσκουσιν,

2134 3063 2259 3119 οὔτε
2289 3065 2322 3126 ἡ
2348 3063 2640 3134 ἀδιάφορος
2670 3059 2805 3131 ζωὴ,
2832 3058 2927 3112 καὶ
2980 3058 3117 3128 μήτε
3160 3055 3362 3124 ἀγαθὸν
3396 3050 3534 3108 οὖσα
3583 3053 3706 3106 καθ’

2136 3155 2305 3227 αὐτὴν
2343 3155 2476 3226 μήτε
2513 3152 2699 3216 κακὸν,
2731 3150 2871 3205 κατὰ
2919 3149 2978 3202 τό
3002 3164 3016 3178 ⁸
3060 3148 3165 3201 Ἐν
3192 3147 3273 3213 τῷ
3294 3144 3532 3216 Χριστῷ
3554 3144 3706 3198 πάν-

2138 3265 2238 3313 τες
2281 3243 2868 3312 ζωοποιηθήσονται.)
2898 3240 2992 3294 καὶ
3019 3238 3139 3309 ὄψει
3170 3239 3269 3310 τὴν
3294 3237 3436 3309 ζωὴν
3455 3236 3554 3291 τοῦ
3587 3235 3707 3291 κατ’

2138 3340 2322 3395 εἰκόνα
2354 3335 2662 3409 ἀνθρώπου.
2693 3336 2914 3406 Νοήσας
2939 3333 2992 3385 δὲ
3015 3331 3179 3385 αὑτοῦ
3203 3333 3301 3402 τὴν
3341 3332 3512 3401 ζωὴν,
3541 3338 3707 3401 συνη-

2141 3445 2254 3492 σεις
2307 3427 2429 3480 τινα
2474 3425 2675 3496 τρόπον
2724 3425 2752 3477 ό
2787 3410 3230 3493 ἀνθρωποκτόνος
3282 3419 3570 3473 ἀπέκτεινε
3617 3418 3707 3471 τὸν

2138 3519 2316 3586 ζῶντα
2343 3517 2645 3591 ἄνθρωπον,
2674 3516 2735 3569 οὐ
2772 3515 2861 3569 διά
2886 3526 3007 3568 τινα
3037 3513 3131 3566 ἕνα
3175 3512 3319 3574 ἰδίως
3360 3510 3539 3571 ποιδν,
3569 3511 3707 3565 em

2136 3612 2203 3666 δι’
2236 3611 2353 3665 ὅλον
2374 3611 2434 3663 τὸ
2458 3609 2633 3676 γένος,
2663 3607 2692 3662 ὃ
2737 3607 3046 3669 ἀπέκτεινε,
3088 3604 3207 3659 καθ’
3256 3603 3285 3656 ὅ
3332 3605 3391 3656 ἐν
3423 3601 3503 3673 τῷ
3536 3603 3708 3672 Ἀδὰμ

2136 3703 2335 3767 πάντες
2371 3699 2822 3771 ἀποθνήσκουσιν,
2864 3695 3032 3766 ὑγιῶς
3061 3694 3455 3767 λεχθησόμενος
3498 3692 3707 3764 ἀνθρω-

2135 3793 2413 3856 ποκτόνος.
2439 3790 2650 3862 Ταύτην
2669 3789 2726 3843 δὲ
2756 3789 2854 3860 τὴν
2889 3786 3354 3860 ἀνθρωποκτονίαν
3383 3785 3703 3857 εἰργάσατο,

2135 3886 2438 3959 ἀρξάμενος
2490 3883 2585 3938 ἀπ’
2621 3881 2828 3954 ἀρχῆς’
2868 3880 2934 3934 δι’
2979 3882 3043 3951 ἣν
3086 3876 3563 3952 ἀνθρωποκτονίαν
3606 3876 3705 3930 αὐ-

2132 3978 2224 4031 τοῦ
2256 3977 2480 4040 ἕκαστος
2501 3973 2607 4027 τῶν
2631 3972 2890 4027 νοούντων
2918 3971 3068 4038 αὐτὸ,
3098 3969 3194 4023 καὶ
3217 3968 3277 4022 τὸ
3303 3966 3499 4022 ἑαυτοῦ
3521 3966 3701 4038 σῶμα,

2132 4071 2228 4126 καὶ
2259 4070 2363 4123 τινι
2395 4067 2592 4122 οἰκεῖόν
2633 4068 2771 4130 ἐστι,
2817 4063 2976 4118 τοῦτο
3008 4065 3125 4137 ἐρεῖ
3170 4057 3472 4126 ταλανίζων
3509 4060 3701 4114 ἑαυτὸν

2131 4164 2224 4221 ἐπὶ
2250 4163 2312 4217 τὸ
2345 4164 2401 4216 ὲν
2428 4160 2505 4232 τῷ
2552 4159 2722 4230 Ἀδὰμ
2770 4157 3218 4229 ἀποτεθνηκέναι,
3263 4155 3356 4209 τό·
3399 4155 3701 4209 Ταλαίπωο

2123 4273 2234 4326 ρος
2265 4253 2380 4326 ἐγὼ
2408 4253 2737 4321 ἄνθρωπος,
2770 4251 2862 4318 τίς
2879 4267 2958 4320 με
2974 4250 3227 4318 ῥύσεται
3255 4248 3325 4301 ἐκ
3365 4246 3473 4301 τοῦ
3500 4246 3701 4315 σώμα-

2120 4352 2233 4413 τος
2257 4343 2364 4399 τοῦ
2397 4342 2655 4399 θανάτου
2683 4342 2935 4405 τούτου;
2980 4337 3189 4411 βλέπων
3215 4337 3309 4390 καὶ
3341 4335 3463 4389 τίνα
3497 4335 3700 4406 τρόπον

2131 4438 2344 4511 εἴρηται
2374 4436 2433 4489 τό
2453 4452 2469 4464 '
2498 4438 2603 4503 Εἰς
2634 4434 2787 4505 χοῦν
2810 4430 3068 4487 θανάτου
3111 4427 3438 4499 κατήγαγές
3471 4444 3574 4498 με,
3604 4426 3697 4480 καὶ

465 4513 650 4567 mortis
681 4515 947 4569 deduxisti
978 4534 1058 4572 me
1080 4560 1097 4585 ,
1126 4530 1181 4575 et
1214 4522 1404 4578 illud“
1439 4542 1456 4580 :
1504 4524 1809 4582 Humiliasti
1848 4546 1944 4585 nos
1972 4531 2026 4584 in

2135 4532 2218 4584 τόο
2274 4529 2713 4593 Ἐταπείνωσας
2738 4524 2894 4597 ἡμᾶς
2924 4526 2996 4579 ἐν
3023 4524 3181 4590 τόπῳ
3221 4520 3560 4587 κακώσεως,
3605 4521 3697 4572 καὶ

463 4601 579 4658 loco
607 4604 920 4675 afﬂictionis,
945 4617 999 4662 et
1021 4608 1150 4664 illud
1174 4611 1218 4642 "
1244 4629 1260 4667 :
1293 4612 1492 4683 Corpus
1529 4628 1759 4673 nostrum
1807 4619 2024 4678 humile.

468 4694 564 4751 Est
591 4684 1047 4755 etiam'oécultins
1073 4701 1344 4771 quiddam,
1375 4717 1595 4778 propter
1628 4711 1769 4778 quod
1797 4711 2025 4769 homici-

461 4789 533 4846 da
556 4789 646 4845 ille
684 4792 752 4845 ab
778 4790 933 4846 initio
955 4794 1204 4864 princeps
1234 4797 1302 4851 sit
1339 4796 1495 4865 hujus
1523 4801 1730 4865 mundi,
1766 4801 1867 4857 hoc
1918 4811 2022 4867 est,

459 4883 736 4940 terrestris
788 4883 915 4950 loci,
961 4887 1052 4941 ubi
1098 4896 1223 4942 sunt
1264 4889 1508 4946 homines
1546 4907 1682 4962 quos
1726 4893 2018 4953 interfecit.

459 4976 637 5046 Atque
687 4977 954 5033 homicida
991 4979 1206 5049 quidem
1255 4981 1525 5039 interfecit
1569 5000 1669 5041 nos
1703 5001 1718 5040 :
1750 5002 1850 5042 nos
1893 5003 2025 5043 vero

459 5066 555 5122 Dei
583 5071 758 5138 gratia
791 5073 1089 5143 consepulti
1119 5090 1304 5131 sumus
1333 5075 1569 5141 Christo,
1597 5087 1652 5132 et
1679 5080 2022 5134 consurrexi-

463 5173 583 5214 mus
611 5160 709 5224 illi,
747 5164 1060 5220 conl'ormes
1111 5165 1237 5220 facti
1293 5168 1670 5223 resurrectioni
1698 5167 1833 5234 ejus,
1865 5178 1919 5225 et
1966 5170 2019 5223 in

459 5249 697 5305 novitate
726 5252 849 5308 vitae
880 5254 1221 5310 ambulantes
1250 5256 1314 5310 ⁷⁸.
1354 5258 1422 5310 At
1452 5272 1584 5313 vero
1632 5258 1901 5315 homicida
1936 5259 2021 5317 ille

459 5340 712 5411 princeps
756 5353 840 5397 est
902 5345 1307 5403 interfectorum
1366 5348 1602 5420 itemque
1657 5359 2020 5419 mortuorum,

460 5428 657 5484 nullius
683 5431 915 5489 viventis
937 5437 1119 5493 valens
1150 5441 1396 5510 princeps
1435 5456 1574 5496 esse.
1607 5441 1759 5508 Quod
1787 5442 1831 5497 si
1862 5442 2021 5497 latins

458 5522 893 5581 consideraveris
935 5544 1053 5597 quae
1102 5533 1306 5602 scripta
1333 5542 1459 5587 sunt
1483 5535 1551 5589 de
1581 5535 1827 5599 mortuis,
1854 5535 2019 5590 veluti

525 5736 568 5811 ξτ
598 5736 737 5791 Psal.
771 5753 934 5811 cxvn,
968 5742 1079 5811 17η
1130 5744 1174 5774 ⁸⁸
1206 5744 1393 5799 Matth.
1422 5761 1550 5801 χχιι.
1582 5748 1670 5811 51,
1700 5747 1787 5802 5'2.

1890 5747 1933 5778 °’
1960 5746 2088 5803 Luc.
2125 5764 2217 5809 xv,
2244 5748 2310 5800 57
2332 5789 2344 5807 ,
2375 5747 2465 5803 58.

2132 4621 2223 4676 τό·
2275 4619 2450 4690 Σῶμα
2477 4617 2587 4687 τῆς
2634 4614 3041 4682 ταπεινώσεως
3084 4610 3269 4684 ἡμῶν.
3299 4613 3453 4665 Ἔστι
3507 4611 3567 4663 δὲ
3606 4612 3699 4663 καὶ

2132 4712 2565 4788 ἀπορρητότερόν
2596 4729 2670 4778 τι,
2698 4709 2764 4763 δι’
2816 4709 2844 4762 ὃ
2874 4710 2904 4763 ὸ
2934 4708 3029 4762 ἀπ’
3059 4707 3234 4779 ἀρχῆς
3256 4703 3699 4775 ἀνθρωποκτόνος

2129 4806 2310 4878 ἅρχων
2340 4806 2456 4859 ἐστὶ
2491 4802 2586 4857 τοῦ
2633 4802 2836 4873 κόσμου
2879 4800 3088 4864 τούτου,
3142 4798 3282 4865 λέγω
3313 4797 3369 4850 δὲ
3408 4794 3504 4848 τοῦ
3544 4812 3700 4867 περι-

2130 4898 2280 4965 γείου
2313 4896 2501 4960 τόπου,
2553 4896 2686 4950 ὅπου
2719 4895 2856 4947 εἰσὶν
2891 4891 2985 4956 οὓς
3032 4890 3350 4945 ἀπέκτεινεν
3395 4887 3694 4959 ἄνθρωποι.

2141 4987 2199 5041 '0
2240 4987 2337 5058 μὲν
2377 4983 2468 5041 οὖν
2511 4984 2949 5058 ἀνθρωποκτόνος
2983 4982 3295 5039 ἀπέκτεινεν
3326 4982 3503 5051 ἡμᾶς’
3538 4981 3698 5052 ἡμεῖς

2125 5078 2183 5132 δὲ
2216 5080 2396 5152 χάριτι
2429 5078 2564 5133 Θεοῦ
2593 5077 2970 5147 συνετάφημεν
3000 5074 3078 5144 τῷ
3105 5072 3345 5146 Χριστῷ,
3375 5074 3470 5127 καὶ
3500 5089 3697 5127 συναν-

2128 5171 2365 5245 έστημεν
2408 5171 2577 5243 αὐτῷ,
2605 5174 2742 5240 εἴγε
2780 5176 3091 5246 σύμμορφοι
3128 5170 3429 5240 γεγόναμεν
3467 5170 3535 5238 τῇ
3568 5167 3697 5219 ἀνα-

2130 5262 2316 5318 στάσει
2348 5262 2534 5327 αὺτοῢ,
2569 5264 2660 5317 καὶ
2683 5266 2741 5316 ὲν
2774 5264 3049 5333 καινότητι
3076 5260 3222 5330 ζωῆς
3264 5256 3693 5330 περιπατοῦμεν.

2139 5356 2196 5408 ’0
2247 5356 2303 5411 δὲ
2328 5356 2789 5428 ἀνθρωποκτόνος
2839 5356 2995 5428 ἄρχει
3040 5354 3147 5419 τῶν
3192 5352 3557 5424 ἀνῃρημένων
3604 5348 3697 5403 καὶ

2128 5447 2282 5518 ἄρχει
2300 5448 2408 5503 τῶν
2430 5445 2639 5518 νεκρῶν
2657 5464 2669 5479 ·
2708 5448 2908 5511 ξῶντος
2934 5446 2989 5499 δὲ
3011 5444 3225 5508 οὐδενὸς
3256 5441 3508 5515 ἡγεῖσθαι
3540 5441 3699 5495 δύναρ

2124 5556 2230 5596 ται.
2280 5540 2405 5594 Ἐὰν
2437 5541 2495 5594 δὲ
2523 5538 2800 5595 ὲπιπλεῖον
2833 5539 3131 5610 ἐπιστήσῃς
3159 5536 3254 5589 καὶ
3281 5538 3394 5598 τοῖς
3423 5534 3557 5605 περὶ
3587 5531 3694 5589 τῶν

2567 5748 2612 5780 ⁷⁸
2644 5748 2803 5801 Marc.
2862 5761 2958 5806 xu.
2998 5745 3089 5799 26.
3191 5744 3236 5775 ⁷¹
3274 5743 3292 5797 l
3324 5742 3455 5799 Cor.
3489 5761 3575 5803 sv.
3602 5741 3689 5798 Ἡ.

455 5807 499 5840 ⁷³
520 5806 676 5862 liont.
704 5825 797 5876 vn,
832 5809 917 5865 9.6.
990 5812 1035 5843 "
1058 5810 1201 5867 Paul.
1228 5829 1342 5881 ut,
1374 5818 1459 5872 16.
1537 5819 1580 5850 ⁷³
1608 5806 1745 5873 l’sal.
1792 5834 1948 5884 xuii,
1999 5818 2030 5872 2

2161 5806 2216 5850 7“
2247 5806 2440 5890 Philip.
2500 5834 2575 5886 ιιι,
2620 5817 2709 5873 21.
2786 5817 2832 5848 ⁷⁸
2863 5816 3018 5871 Rulli.
3057 5832 3125 5883 VI,
3177 5814 3230 5868 ι.
