3804 6528
117 394 222 452 653

1169 388 1522 444 COMMENT.
1564 386 1632 441 IN
1661 383 1855 442 JOAN.
1893 385 2131 441 TOMUS
2163 383 2281 439 XX.

3251 381 3360 432 6224

116 514 325 588 νεκρῶν
355 515 782 588 γεγραμμένοις,
817 508 927 568 οἷον
976 511 1132 566 τοῦτο
1165 511 1306 583 (69)·
1359 515 1463 577 Εἰς
1512 509 1681 564 τοῦτο

1795 511 1895 564 hoc
1922 510 1966 541 "
1995 525 2009 563 :
2043 506 2109 560 In
2133 515 2231 559 hoc
2251 503 2389 558 enim
2425 498 2588 572 342
2622 499 2866 555 Christus
2896 507 2944 552 et
2983 507 3220 550 mortuus
3259 506 3358 561 est,

116 609 227 676 γὰρ
261 604 516 673 Χριστὸς
565 603 848 667 ἀπέθανε,
881 602 981 656 καὶ
1025 602 1274 667 ἀνέστη,
1316 600 1414 654 ἵνα
1451 600 1550 653 καὶ
1591 616 1688 653 νε·-

115 697 272 764 ιφῶν
325 698 423 750 καὶ
463 695 691 757 ᾇῦντων
728 696 1040 763 κυριεύσῃ,
1063 694 1181 763 ὕψει
1227 694 1347 747 τίνα
1378 693 1573 765 τρόπον
1599 691 1686 746 διὰ

112 791 202 842 τὸν
231 789 462 843 θάνατον
515 788 608 842 τοῦ
641 787 816 860 Ἰησοῦ
851 788 971 841 οὐδὲ
1021 786 1129 840 τῶν
1186 785 1397 858 νεκρῶν
1447 784 1687 856 κυριεύει

110 881 191 933 ἔτι
211 906 225 917 -
259 880 500 933 ἀπέθανε
523 879 633 952 γὰρ
676 882 705 934 ὁ
739 879 966 951 Ἰησοῦς,
996 880 1082 933 ἵνα
1109 879 1203 934 καὶ
1234 878 1441 952 νεκρῶν
1469 877 1689 950 κυριεύ-

112 991 207 1043 σῃ·
240 973 368 1026 ὅσον
407 973 503 1042 μὲν
526 967 618 1026 οῦν
663 971 729 1044 ζῇ
759 974 787 1026 ὁ
817 971 1122 1044 ἄνθρωπος,
1171 972 1232 1026 οὐ
1267 974 1422 1043 φορεῖ
1465 969 1564 1041 τὴν
1590 969 1684 1024 τοῦ

108 1063 294 1134 χοϊκοῦ
351 1065 562 1118 εἰκόνα·
616 1064 974 1135 ἀποθνήσκων
1022 1063 1102 1127 δὲ,
1152 1061 1246 1116 καὶ
1298 1060 1686 1133 ἀναιρούμενος

109 1159 215 1210 ὑπὸ
252 1157 348 1212 τοῦ
376 1157 843 1227 ἀνθρωποκτόνου,
881 1155 996 1226 ἅμα
1018 1171 1078 1207 τε
1117 1155 1178 1206 οὐ
1209 1153 1420 1224 συνέχει
1455 1152 1562 1224 (70)
1588 1151 1686 1224 τὴν

109 1249 201 1303 τοῦ
258 1249 397 1303 Θεοῦ
431 1249 635 1316 εἰκόνα,
677 1250 773 1302 καὶ
806 1247 1177 1319 ἀναλαμϐάνει
1220 1245 1319 1316 τὴν
1363 1244 1456 1298 τοῦ
1499 1243 1684 1314 χοϊκοῦ

108 1342 204 1394 καὶ
257 1339 491 1412 νεκροῦ·
534 1340 728 1412 νεκρὸς
770 1339 880 1412 γὰρ
929 1341 958 1393 ὁ
1010 1338 1211 1410 χοῖκὸς,
1263 1335 1452 1406 ὥσπερ
1501 1333 1609 1398 ζῶν
1657 1335 1687 1387 ὁ

109 1434 434 1504 ἐπουράνιος
453 1450 468 1464 ·
509 1432 601 1487 καὶ
627 1434 656 1486 ό
686 1433 818 1496 Θεὸς
849 1433 948 1486 οὐκ
983 1430 1096 1484 ἐστι
1118 1429 1344 1501 νεκρῶν,
1381 1427 1518 1482 ἀλλὰ
1552 1426 1685 1492 ζών-

109 1543 214 1579 των
251 1526 423 1589 Θεός·
457 1525 646 1598 διόπερ
677 1527 725 1578 εξ
765 1525 862 1597 μὲν
892 1523 1294 1593 συνανέστημεν
1328 1522 1386 1573 ὲν
1407 1519 1684 1589 καινότητι

107 1617 255 1689 ζωῆς
289 1617 740 1690 περιπατοῦντες,
769 1619 797 1671 ό
833 1616 967 1680 Θεός
1010 1618 1156 1668 ἐστιν
1183 1613 1373 1686 ήμῶν·
1405 1615 1453 1666 εἰ
1500 1612 1557 1665 δὲ
1604 1612 1683 1665 ἔτι

108 1710 273 1781 ἐσμὲν
304 1713 366 1764 ἐν
392 1714 625 1780 νεκροῖς,
654 1713 683 1763 ὁ
725 1709 859 1773 Θεὸς
887 1709 942 1762 δὲ
981 1709 1042 1761 ού
1070 1706 1301 1779 νεκρῶν,
1349 1707 1442 1760 καὶ
1469 1708 1497 1759 ὁ
1526 1708 1557 1776 ἡ
1568 1705 1683 1775 μῶν

109 1802 204 1855 οὐκ
236 1801 394 1856 ἔσται
424 1802 574 1866 Θεός.
615 1799 1022 1874 Παράκειταιδὲ
1051 1799 1129 1870 τῷ
1163 1796 1433 1862 ἐξετάζειν
1457 1798 1525 1850 τὰ
1554 1797 1682 1867 περὶ

108 1893 196 1946 τοῦ
232 1894 331 1947 ἀπ’
365 1895 539 1965 ἀρχῆς
587 1893 1057 1962 ἁνθρωποκτόνου,
1106 1892 1202 1944 καὶ
1247 1889 1308 1944 τὸ
1361 1891 1488 1943 ἰδεῖν
1535 1889 1685 1952 τίνας
1718 1874 1758 1930 Β

108 1987 340 2056 νεκροὺς
377 1986 494 2057 μὲν,
524 1986 624 2039 οὐκ
667 1987 724 2038 ὲν
752 1984 896 2055 άλλῳ
933 1985 993 2039 δὲ
1023 1987 1057 2056 ἢ
1087 1986 1145 2038 ὲν
1182 1981 1402 2055 Χριστῷ
1435 1983 1682 2053 νεκροὺς,

107 2077 151 2129 οἳ
185 2079 282 2131 καὶ
336 2079 554 2149 πρῶτον
604 2079 998 2150 ἀναστήσονται
1018 2096 1032 2109 ·
1073 2067 1220 2149 δπερὶ
1261 2070 1335 2130 ὧν
1369 2077 1426 2129 ὲν
1479 2077 1576 2146 μὲν
1619 2078 1683 2146 τῇ

107 2171 245 2240 πρὸς
271 2169 594 2241 Κορινθίους
625 2169 766 2222 οῦτω
790 2169 1046 2238 λέγεται·
1077 2170 1369 2240 Σαλπίσει
1423 2168 1554 2238 γὰρ,
1589 2167 1687 2221 καὶ

108 2264 161 2315 al
188 2261 398 2328 νεκροὶ
425 2260 870 2327 ἀναστήσονται
900 2261 1206 2330 ἄφθαρτοι,
1255 2260 1352 2314 καὶ
1382 2259 1552 2328 ἡμεῖς
1578 2260 1687 2314 ἀλ-

106 2353 520 2423 λαγησόμεθα·
558 2355 614 2406 ὲν
659 2353 715 2406 δὲ
747 2357 811 2424 τῇ
853 2355 991 2424 πρὸς
1019 2353 1464 2416 Θεσσαλονικεῖς·
1506 2351 1687 2406 Τοῦτο

108 2446 215 2514 τὰρ
245 2445 394 2514 ὑμῖν
413 2445 670 2516 λέγομεν
691 2445 760 2498 ἐν
779 2447 940 2514 λόγῳ
971 2446 1080 2516 (7i)
1108 2447 1348 2514 Kvplov,
1391 2445 1480 2498 ὅτι
1519 2445 1689 2514 ἡμεῖς

108 2537 159 2587 οἱ
186 2533 426 2600 ζῶντες,
459 2539 512 2589 ol
565 2535 1037 2603 περιλειπόμενοι
1081 2538 1168 2602 εὶς
1199 2535 1313 2604 τὴν
1348 2536 1690 2603 παρουσίαν

107 2627 210 2680 τοῦ
235 2628 485 2694 Kvplov,
516 2628 588 2680 οὐ
612 2625 698 2696 μὴ
730 2627 1053 2696 φθάσωμεν
1087 2628 1229 2693 τοὺς
1260 2627 1646 2697 κοιμηθέντας
1670 2645 1683 2657 ·

109 2717 191 2771 ὅτι
229 2718 418 2783 αὐτὸς
447 2721 480 2772 ό
507 2719 724 2786 Κύριος
765 2719 834 2770 ἐν
863 2721 1245 2789 κελεύσματι,
1284 2720 1355 2772 ἐν
1390 2718 1560 2788 φωνῇ
1592 2719 1690 2786 ἀρ-

109 2809 436 2878 χαγγέλου,
491 2809 588 2862 καὶ
634 2811 706 2862 ἐν
749 2809 1038 2881 σάλπιγγι
1092 2811 1240 2865 Θεοῦ
1296 2811 1689 2878 καταϐήσεται

107 2899 204 2952 ἀπ’
233 2897 522 2967 οὐρανοῦ,
547 2901 643 2953 καὶ
665 2903 719 2954 οἱ
743 2900 943 2968 νεκροὶ
972 2901 1041 2953 ἐν
1063 2900 1294 2968 Χριστῷ
1311 2900 1690 2966 ἀναστήσον-

110 3010 198 3045 ται
225 2991 488 3059 πρῶτον,
517 2992 720 3046 ἔπειτα
743 2991 912 3062 ἡμεῖς
934 2996 987 3046 ol
1015 2993 1244 3059 ζῶντες,
1275 2997 1328 3048 οἱ
1357 2997 1691 3064 περιλειπό-

103 3100 273 3150 μενοι
301 3083 425 3151 ᾶμα
450 3083 572 3138 σὺν
593 3084 796 3150 αὐτοῖς
829 3085 1293 3156 ἁρπαγησόμεθα
1317 3087 1386 3139 ἐν
1409 3087 1690 3157 νεφέλαις

107 3179 190 3240 εἰς
237 3175 589 3242 ἀπάντησιν
615 3176 721 3230 τοῦ
775 3177 1000 3244 Κυρίου
1041 3181 1129 3243 εὶς
1175 3175 1342 3245 ἀέρα,
1391 3179 1488 3232 καὶ
1539 3180 1689 3232 οὕτω

107 3264 372 3318 πάντοτε
409 3264 531 3316 σὺν
560 3265 755 3332 Κυρίῳ
786 3265 1064 3334 ἐσόμεθα.
1089 3266 1200 3318 Καὶ
1225 3267 1461 3337 ἠγοῦμαι
1483 3266 1690 3332 ζῶντας

111 3354 206 3426 μὲν
228 3350 379 3407 εἶναι
409 3354 468 3406 ὲν
494 3352 713 3424 Χριστῷ
743 3355 867 3416 τοὺς
900 3353 1369 3424 τετελειωμένους,
1404 3357 1497 3409 καὶ
1524 3357 1692 3428 μηδα-

113 3448 223 3517 μῶς
275 3447 364 3499 ἔτι
426 3447 702 3516 ἁμαρτίαν
758 3444 1196 3516 ἐργαζομένους·
1253 3450 1478 3519 νεκροὺς
1528 3448 1584 3501 δὲ
1631 3451 1689 3502 ἐν

107 3541 331 3612 Χριστῷ
357 3541 486 3602 τοὺς
511 3538 890 3610 διακειμένους
929 3540 1027 3610 μὲν
1068 3541 1210 3594 κατά
1244 3541 1343 3612 τὴν
1377 3543 1432 3596 ὲν
1468 3542 1690 3614 Χριστῷ

109 3632 314 3696 πίστιν,
370 3630 466 3683 καὶ
515 3629 982 3701 προαιρουμένους
1027 3629 1176 3700 βιοῦν
1223 3631 1424 3696 καλῶς,
1466 3633 1524 3685 οὐ
1583 3633 1688 3704 μὴν

106 3724 200 3795 ἥδη
228 3721 695 3794 κατωρθωκότας,
727 3721 840 3774 ἀλλ’
870 3721 951 3776 ἔτι
981 3723 1392 3796 ἁμαρτάνοντας
1428 3725 1543 3796 ἦτοι
1568 3727 1686 3779 κατ’

104 3815 333 3884 ἄγνοιαν
369 3813 462 3867 τοῦ
492 3813 753 3885 ἀκριϐοῦς
799 3814 927 3886 περὶ
953 3813 1294 3888 δικαιοσύνης
1321 3817 1553 3887 ἀληθοῦς
1602 3818 1689 3872 λό-

106 3923 221 3974 γου,
258 3905 322 3976 ἢ,
371 3905 514 3959 κατὰ
549 3904 828 3958 ἀσθένειαν
869 3908 1184 3978 νικωμένων
1227 3909 1334 3964 τῶν
1380 3910 1682 3981 κριμάτων,

106 3998 210 4052 ἀπὸ
234 3997 344 4068 τῆς
376 3995 749 4068 ἐπιθυμούσης
798 3996 938 4051 κατὰ
980 3999 1074 4052 τοῦ
1111 4000 1416 4072 πνεύματος
1461 4004 1680 4074 σαρκός.

105 4089 213 4143 Καὶ
241 4088 463 4150 τούτοις
485 4104 550 4156 γε
573 4087 863 4141 ἀκόλουθόν
893 4090 1010 4142 ἐστι
1048 4090 1139 4144 τὸν
1168 4092 1400 4155 Παῦλον,
1432 4093 1688 4147 αἰσθανό-

107 4196 264 4249 μενον
301 4175 527 4240 ἑαυτοῦ,
561 4175 758 4246 λέγειν,
788 4177 876 4230 διὰ
897 4177 959 4230 τὸ
981 4177 1081 4248 ἤδη
1114 4179 1552 4252 κατωρθωκέναι,
1580 4182 1640 4234 τό
1667 4196 1682 4213 ·

112 4269 306 4339 Ἡμεῖς
353 4271 408 4321 ol
445 4266 678 4334 ζῶντες,
720 4272 772 4322 οἱ
804 4269 1278 4338 περιλειπόμενοι
1313 4270 1446 4340 (72).
1473 4271 1582 4336 Οὓς
1626 4271 1683 4325 δὲ

102 4364 413 4433 εἰρήκαμεν
439 4361 686 4430 νεκροὺς,
717 4354 860 4414 οὗτοι
899 4362 1131 4433 μάλιστα
1162 4362 1371 4417 δέονται
1409 4364 1510 4434 τῆς
1553 4365 1684 4418 ἀνα-

104 4453 374 4517 στάσεως,
405 4451 526 4505 οὐδὲ
554 4451 662 4504 τῶν
682 4451 898 4517 ζώντων
924 4454 1237 4525 δυναμένων
1271 4456 1586 4528 ἁρπαγῆναι
1623 4458 1682 4509 ὲν

99 4545 359 4615 νεφέλαις
389 4546 469 4607 εἰς
503 4545 805 4616 ἀπάντησιν
841 4545 936 4599 τοῦ
987 4547 1194 4618 Κυρίου
1239 4548 1317 4610 εἰς
1348 4548 1507 4619 ἀέρα,
1550 4550 1678 4621 πρὶν

99 4638 322 4708 πρῶτον
356 4637 487 4699 τοὺς
513 4638 571 4691 ὲν
599 4637 814 4709 Χριστῷ
845 4638 1071 4708 νεκροὺς
1106 4638 1433 4709 ἀναστῆναι·
1467 4639 1546 4693 διὸ
1585 4641 1678 4709 γέ-

97 4744 379 4799 γραπται·
434 4729 500 4779 Οἱ
568 4729 770 4795 νεκροὶ
819 4728 890 4783 ὲν
941 4728 1175 4797 Χριστῷ
1232 4729 1680 4795 ἀναστήσονται

96 4817 359 4885 πρῶτον,
395 4817 602 4872 ἔπειτα
627 4819 799 4888 ἡμεῖς
827 4823 880 4872 οἱ
916 4817 1125 4885 ζῶντες
1152 4818 1285 4892 (75),
1312 4822 1404 4874 καὶ
1429 4823 1496 4875 τὰ
1530 4823 1674 4893 ἑξῆς.

109 4911 464 4982 Ἐπιστήσεις
492 4912 550 4964 δὲ
579 4914 626 4965 εἰ
660 4913 753 4967 καὶ
782 4913 870 4966 διὰ
894 4913 990 4985 τὴν
1017 4913 1487 4986 ἁνθρωποκτονίαν
1514 4915 1676 4969 αὐτοῦ

96 5003 189 5056 οῦκ
215 5003 290 5058 ἂν
331 5004 609 5057 συστάντα
653 5005 722 5057 τὰ
754 5005 846 5058 ἐπὶ
875 5005 974 5074 τῆς
1014 5007 1413 5080 ὲπικαταράτου
1462 5009 1583 5078 γῆς,
1619 5009 1678 5062 ἐν

94 5099 200 5159 τοῖς
239 5097 434 5168 ἔργοις
472 5095 564 5149 τοῦ
595 5097 947 5169 ἐκϐληθέντος
980 5099 1086 5151 ἀπὸ
1109 5098 1200 5151 τοῦ
1238 5099 1560 5169 παραδείσου
1581 5102 1677 5171 τῆς

93 5188 308 5257 τρυςρῆς
360 5184 551 5257 Ἀδὰμ,
577 5187 825 5255 συνέστη.
855 5188 1002 5260 Πλὴν
1039 5190 1479 5262 ἀνθρωποκτόνος
1524 5187 1676 5254 οὗτος

91 5277 197 5331 ἀπὺ
234 5279 343 5347 τῆς
373 5277 484 5330 τῶν
513 5279 880 5350 ἐνεστηκότων
911 5280 1132 5350 γέγονεν
1160 5282 1332 5354 ἀρχῆς
1353 5299 1366 5313 ·
1402 5283 1569 5348 ὅστις,
1601 5279 1678 5336 οῖ-

95 5387 209 5437 μαι,
242 5372 546 5444 γενόμενος
590 5374 733 5447 ἀρχὴ
779 5374 1094 5446 πλάσματος
1139 5375 1368 5447 Κυρίου,
1414 5375 1676 5447 ἐφθόνησε

1789 616 1836 658 et
1867 608 2244 664 resurrexttmt
2267 606 2592 651 marmorum
2617 611 2680 648 ac
2705 593 2982 647 viventium
3007 592 3076 646 sit
3101 591 3360 658 princeps,

1787 689 2296 762 videbis'quomodo
2326 701 2424 756 per
2470 695 2701 740 mortem
2730 683 2855 739 Jesu
2912 697 2978 737 ne
3025 692 3360 736 mortuorum

1786 786 2002 856 quidem
2035 782 2266 852 amplius
2299 781 2368 836 sit
2394 780 2481 834 ille
2529 779 2800 850 princeps.
2839 775 3083 830 Mortuus
3105 786 3187 830 est
3220 776 3363 829 enim

1787 876 1963 943 Jesns,
1994 886 2052 930 ut
2076 871 2303 929 mortuis
2339 871 2506 925 etiam
2537 871 2848 925 dominetur
2879 885 2893 921 :
2919 878 3085 938 atque
3123 866 3363 936 quandiu

1784 969 1918 1022 vivit
1956 971 2136 1031 homo,
2189 978 2298 1018 non
2326 962 2466 1032 gerit
2495 961 2786 1032 imaginem
2829 960 3028 1015 terreni
3057 977 3072 1022 ;
3107 959 3200 1013 sed
3239 973 3362 1014 cum

1789 1063 2038 1128 moritur,
2076 1061 2511 1131 interticiturque
2542 1059 2610 1112 ab
2659 1056 2933 1112 homicida
2965 1054 3080 1120 illo,
3106 1065 3216 1109 tum
3247 1067 3368 1124 per-

1785 1154 1864 1208 dit
1895 1155 1985 1208 Dei
2023 1153 2332 1224 imaginem,
2364 1161 2479 1205 tum
2513 1149 2704 1219 recipit
2737 1149 3028 1218 imaginem
3061 1146 3368 1208 terreni.et

1785 1246 2181 1313 mortiﬁcatur;
2220 1255 2466 1300 mortuus
2505 1243 2650 1299 enim
2681 1252 2764 1296 est
2794 1251 3066 1302 terrenus.
3091 1239 3366 1309 quomodo

1785 1341 1940 1394 vivus
1968 1349 2051 1394 est
2083 1338 2518 1408 supercazlestis;
2543 1345 2598 1390 et
2631 1335 2770 1388 Deus
2801 1348 2906 1388 non
2935 1342 3018 1388 est
3048 1333 3187 1386 Dens
3218 1346 3366 1384 mor-

1786 1443 2022 1497 tuorum,
2059 1431 2151 1486 sed
2176 1431 2468 1485 viventium
2499 1446 2513 1495 ;
2542 1445 2674 1499 ergo
2692 1429 2734 1483 si
2768 1426 2982 1496 quidem
3017 1426 3368 1479 consurrexi-

1787 1539 1904 1578 mus
1935 1525 1986 1578 in
2027 1524 2271 1578 novitate
2296 1524 2420 1577 vitae
2445 1520 2809 1584 ambulantes,
2849 1518 2991 1573 Deus
3021 1523 3107 1571 est
3134 1525 3360 1582 noster;

1783 1618 1922 1686 quod
1959 1619 2004 1672 si
2056 1631 2187 1671 vero
2234 1615 2410 1669 adhuc
2475 1615 2617 1668 inter
2680 1621 2922 1666 mortuos
2975 1625 3194 1673 sumus,
3240 1624 3364 1664 eum

1783 1710 1926 1764 Dens
1949 1723 2053 1764 non
2082 1710 2152 1762 sit
2175 1718 2533 1770 mortuorum,
2562 1721 2628 1760 ne
2651 1706 2824 1761 nostri
2848 1703 3062 1774 quidem
3077 1703 3180 1756 erit
3201 1702 3362 1756 Deus.

1783 1800 2047 1856 Ca-terum
2093 1800 2355 1854 instituta:
2395 1798 2742 1867 disputationi
2777 1796 2844 1851 de
2876 1811 2940 1850 eo
2968 1795 3058 1863 qui
3105 1803 3223 1849 erat
3263 1793 3364 1848 ho-

1788 1893 1980 1949 micida
2007 1891 2074 1945 ab
2105 1889 2280 1952 initio,
2306 1889 2612 1959 proximum
2637 1896 2741 1950 est,
2765 1895 2823 1940 ut
2849 1886 3128 1940 videamus
3157 1885 3366 1955 aliquos

1786 1984 2000 2054 quidem
2035 1989 2276 2034 mortuos
2307 1993 2450 2044 esse,
2475 1976 2566 2031 sed
2608 1992 2714 2031 non
2761 1975 2814 2030 in
2847 1974 2975 2039 alio,
3007 1987 3363 2045 pneterquam

1787 2077 1840 2130 iu
1888 2075 2149 2134 Christo;
2179 2071 2270 2142 qui
2311 2072 2472 2126 etiam
2511 2072 2741 2139 primum
2796 2070 3160 2124 resurrecturi
3189 2078 3360 2134 sunt;

1788 2169 1852 2221 de
1876 2166 2069 2235 quibus
2101 2164 2154 2217 in
2188 2162 2422 2232 Epismla
2473 2163 2538 2216 ad
2585 2161 2900 2216 Corinthios
2941 2160 3020 2215 sic
3049 2161 3245 2216 dicitur
3269 2161 3315 2192 ⁷⁸
3345 2178 3363 2217 :

1788 2259 2000 2328 Cltmget
2018 2259 2153 2312 enim
2179 2257 2325 2322 tuba,
2340 2264 2387 2309 et
2409 2255 2608 2308 mortui
2630 2263 2897 2323 resurgent
2915 2253 3363 2320 incorruptibiles,

1787 2362 1831 2402 et
1856 2367 1948 2402 nos
1981 2348 2398 2402 immutabimur.
2439 2344 2496 2399 ln
2535 2345 2773 2414 Epistola
2803 2361 2935 2399 vero
2968 2348 3034 2398 ad
3071 2343 3367 2400 Thessalo-

1790 2442 2034 2500 nicenses
2049 2440 2094 2470 "
2119 2457 2134 2495 :
2155 2437 2267 2491 Hoc
2296 2438 2436 2492 enim
2457 2437 2600 2490 vobis
2624 2437 2848 2490 dicimus
2871 2437 2926 2490 in
2949 2436 3099 2490 verba
3128 2435 3364 2503 Domini,

1786 2534 1924 2600 quod
1955 2549 2046 2584 nos
2077 2532 2166 2600 qui
2199 2532 2446 2595 vivemus,
2479 2531 2569 2598 qui
2605 2529 2793 2598 reliqui
2823 2531 3016 2582 erimus
3054 2529 3108 2582 in
3136 2529 3365 2581 adventu

1791 2623 2026 2685 Domini,
2057 2637 2382 2691 nequaquam
2407 2621 2782 2688 prmiseniemus
2809 2635 2894 2672 eos
2919 2619 3009 2688 qui
3052 2618 3320 2671 dormiunt
3345 2631 3366 2671 :

1788 2717 2037 2784 quoniam
2066 2714 2173 2780 ipse
2198 2712 2456 2765 Dominus
2486 2727 2601 2763 cum
2630 2711 2868 2772 hortatu,
2899 2718 2947 2763 et
2982 2724 3104 2762 voce
3134 2709 3364 2761 archan-

1789 2805 1912 2874 geli,
1942 2820 2005 2855 ac
2031 2805 2154 2856 tuba
2191 2803 2312 2868 Dei,
2353 2802 2630 2855 descendet
2669 2801 2735 2852 de
2786 2799 2938 2864 caelo,
2982 2808 3030 2853 et
3077 2798 3271 2850 mortui
3309 2797 3366 2850 in

1789 2896 1996 2950 Christo
2032 2904 2300 2964 resurgent
2345 2895 2593 2960 primum,
2639 2892 2827 2946 deinde
2865 2907 2957 2944 nos
2980 2890 3068 2961 qui
3111 2891 3363 2952 vivemus,

1788 2989 1878 3057 qui
1902 2987 2085 3056 reliqui
2112 2988 2329 3048 erimus,
2357 2983 2517 3037 simul
2554 2999 2672 3035 cum
2712 2982 2816 3036 illis
2845 2981 3107 3050 rapientur
3129 2981 3183 3032 in
3210 2978 3368 3031 nubi.

1792 3079 1907 3142 bus,
1933 3078 1988 3131 in
2013 3093 2287 3131 occursum
2317 3074 2534 3129 Domini
2559 3077 2610 3128 in
2643 3091 2790 3142 aera,
2825 3085 2871 3127 et
2911 3076 2987 3126 sic
3027 3087 3227 3140 semper
3245 3085 3365 3124 cum

1793 3172 2016 3225 Domino
2037 3171 2258 3226 erimus.
2286 3169 2471 3238 Itaque
2496 3169 2738 3222 arbitror
2761 3166 3029 3236 perfectos
3057 3173 3114 3219 et
3149 3163 3239 3234 qui
3273 3179 3366 3217 ne-

1792 3279 2063 3332 quaquam
2091 3263 2322 3332 amplius
2347 3272 2564 3333 peccata
2593 3259 2956 3324 committant,
2976 3256 3223 3311 viventes
3244 3268 3365 3309 esse

1791 3358 1842 3412 in
1877 3356 2140 3422 Christo;
2176 3365 2420 3411 mortuos
2463 3370 2596 3410 vero
2652 3354 2704 3407 in
2733 3351 2954 3406 Christo
2991 3364 3086 3405 eos
3117 3363 3238 3402 esse
3269 3349 3364 3418 qui

1788 3447 1964 3504 allecti
1990 3449 2205 3519 quidem
2236 3449 2345 3503 sint
2366 3447 2663 3503 secundum
2705 3459 2824 3500 eam
2860 3443 3015 3498 tidem
3049 3457 3170 3512 quae
3197 3443 3364 3511 estjn

1788 3541 2027 3606 Christo,
2064 3542 2270 3612 quique
2308 3541 2613 3595 deliberant
2642 3537 2845 3606 optime
2874 3541 3077 3600 vivere,
3111 3535 3253 3595 haud
3283 3544 3365 3588 la-

1787 3648 1910 3687 men
1965 3633 2094 3687 illud
2153 3633 2386 3687 assecuti
2423 3631 2535 3700 jam
2595 3630 2818 3696 fuerint,
2863 3629 2957 3684 sed
2995 3629 3174 3682 adhuc
3201 3627 3362 3681 etiam

1787 3735 2048 3794 peccant;
2081 3725 2165 3778 vel
2200 3735 2418 3794 prepter
2444 3723 2802 3793 ignorantiam
2844 3729 3113 3776 accuratae
3142 3728 3196 3774 et
3220 3733 3363 3774 verte

1789 3819 2014 3872 rationis
2057 3820 2122 3873 de
2149 3818 2380 3886 justitia,
2417 3818 2499 3870 vel
2535 3827 2754 3886 propter
2797 3814 3170 3869 inﬁrmitatem
3214 3811 3362 3879 judi-

1787 3912 1991 3966 ciorum
2033 3926 2156 3980 qum
2215 3911 2353 3964 victa
2403 3908 2620 3964 luerunt
2655 3925 2684 3962 a
2726 3921 2892 3962 carne
2938 3903 3362 3974 ctmcupiscente

1786 4004 2044 4057 adversus
2074 4002 2346 4070 Spiritum.
2386 4003 2461 4056 Ac
2485 3999 2730 4070 profecto
2774 3999 2857 4054 his
2901 4010 3242 4066 consequens
3277 4004 3361 4049 est

1789 4095 2008 4148 Paulum
2046 4093 2371 4162 sihimetipsi
2417 4094 2694 4148 conscium
2719 4092 2830 4162 jam
2863 4089 3122 4162 praeclare
3149 4101 3207 4141 se
3236 4102 3360 4157 ges-

1784 4189 1942 4253 sisse,
1973 4187 2154 4241 dicere
2189 4186 2341 4253 illud,
2372 4203 2466 4240 nos
2488 4186 2577 4256 qui
2608 4187 2848 4251 vivimus,
2889 4185 2978 4254 qui
3017 4183 3202 4253 reliqui
3251 4180 3357 4235 eri-

1783 4294 1917 4332 mus.
1947 4277 2234 4342 Czeterum,
2270 4294 2405 4348 quos
2451 4279 2693 4332 diximus
2727 4287 2989 4343 mortuos,
3028 4276 3079 4329 hi
3124 4274 3360 4329 maxime

1785 4370 2023 4440 indigent
2079 4371 2502 4438 resurrectione,
2548 4387 2671 4426 cum
2727 4386 2796 4426 ne
2853 4371 3093 4424 viventes
3141 4368 3358 4437 quidem

1783 4462 1894 4531 rapi
1927 4464 2134 4531 possint
2164 4463 2216 4516 in
2248 4463 2481 4518 nubibus
2506 4464 2556 4517 in
2580 4479 2868 4518 occursqu
2906 4461 3112 4515 Domini
3147 4463 3198 4514 in
3231 4475 3357 4514 aera

1782 4562 2069 4621 antequam
2120 4555 2352 4623 primum
2404 4563 2689 4626 resurgant
2743 4553 2940 4608 mortui
2989 4553 3041 4607 iu
3090 4550 3355 4612 Christo;

1788 4645 2040 4714 quocirca
2074 4647 2333 4714 scriptum
2359 4654 2440 4701 est
2479 4664 2493 4700 :
2524 4646 2723 4700 Mortui
2750 4651 2802 4701 in
2837 4647 3045 4701 Christo
3091 4651 3356 4712 resurgent

1784 4741 2030 4808 primum,
2063 4740 2248 4794 deinde
2271 4757 2362 4794 nos
2393 4743 2484 4810 qui
2509 4743 2764 4804 vivemus.
2794 4754 2847 4797 et
2877 4757 2996 4813 quae
3033 4750 3352 4808 sequuntur.

1785 4828 2043 4898 Inspicies
2092 4839 2270 4884 autem
2306 4830 2466 4902 343
2497 4849 2623 4885 num
2668 4835 2830 4887 etiam
2873 4841 3093 4902 propter
3127 4827 3353 4882 homicio

1786 4920 1930 4974 dium
1965 4937 2122 4976 suum
2151 4921 2412 4986 effecerit,
2449 4931 2504 4976 ut
2549 4932 2734 4978 essent
2783 4939 2846 4977 ea
2881 4936 3000 4993 qua!
3051 4935 3155 4975 non
3198 4925 3356 4971 erant

1785 5027 1949 5081 super
1995 5022 2198 5068 terram
2240 5016 2612 5080 maledictam,
2645 5025 2864 5085 propter
2911 5029 3076 5084 Opera
3130 5010 3284 5076 eiecti
3318 5025 3352 5064 ξι

1783 5106 2035 5174 paradiso
2067 5107 2380 5162 deliciarum
2414 5111 2608 5162 Adam.
2633 5107 3018 5163 Verumtamen
3052 5106 3227 5160 factus
3253 5101 3356 5159 fuit

1783 5197 2049 5251 homicida
2095 5198 2184 5253 hic
2219 5198 2285 5252 ab
2332 5198 2486 5253 initio
2536 5215 2714 5254 rerum
2761 5196 3142 5251 cxsislentium
3179 5211 3193 5259 ;
3232 5193 3349 5263 qui,

1780 5289 1999 5356 Opinor,
2040 5289 2216 5344 factus
2248 5291 2567 5360 principium
2599 5291 2835 5361 ﬁgmenti
2869 5288 3079 5342 Domini
3104 5287 3171 5351 ⁸⁸,
3206 5287 3351 5339 iuvi-

1782 5382 1859 5436 dit
1891 5384 1972 5438 his
1996 5399 2117 5453 quae
2144 5393 2321 5438 creata
2344 5383 2498 5438 fuere
2530 5393 2586 5438 ut
2611 5393 2814 5438 essent.
2842 5383 2933 5438 Sic
2973 5382 3170 5436 invidia
3207 5394 3353 5433 mors

152 5507 200 5540 ⁷⁷
236 5507 412 5562 Rom.
448 5522 561 5574 stv,
596 5507 651 5563 9.
724 5508 770 5540 ⁷⁸
799 5507 818 5562 1
845 5508 970 5564 Cor.
997 5524 1088 5575 xv,
1120 5509 1210 5565 52.
1287 5511 1333 5542 "
1360 5509 1379 5564 ι
1404 5510 1596 5567 Thess.
1630 5527 1681 5566 ιν

1786 5513 1800 5566 ι
1831 5530 1945 5586 seq.
2028 5518 2074 5550 ⁸⁰
2112 5516 2212 5572 Job
2237 5534 2325 5584 XL,
2356 5517 2443 5571 Μ.

153 5649 274 5726 (69)
311 5649 492 5726 Cede}
519 5651 861 5726 Bodleianus,
892 5654 1083 5726 τούτῳ.
1115 5654 1236 5709 Mox
1267 5659 1435 5711 codex
1471 5655 1670 5725 Regius

87 5719 362 5796 ὶιιιιςιεῐς
377 5721 546 5796 τοῦτο
568 5724 820 5796 Χριστός,
849 5719 1060 5796 alisque
1090 5725 1217 5796 γάρ.

153 5791 272 5866 (ξφ)
314 5795 398 5866 (ζύ
426 5791 692 5866 συνέχει,
728 5795 781 5846 In
816 5791 1002 5849 codice
1034 5791 1201 5864 negat)
1230 5797 1380 5850 deest
1409 5798 1491 5851 οὐ.

155 5862 274 5933 ςῖΙ)
321 5862 418 5916 Ἑν
458 5863 638 5934 λόγῳ.
673 5862 728 5918 Ιιι
760 5870 947 5922 eodem
977 5862 1164 5924 codice
1192 5867 1358 5938 Regio
1391 5870 1539 5924 deest
1579 5871 1654 5928 ἐν.

1775 5730 1789 5784 1
1829 5662 1960 5744 ,(72)
1995 5665 2057 5716 Ol
2107 5663 2599 5732 περιλειπόμενοι.
2657 5661 2818 5718 Deest
2865 5664 2918 5717 in
2973 5661 3160 5717 codice
3199 5657 3344 5717 Bede

1793 5749 1970 5784 θΙᾶΙΙΙΟ-

1793 5749 1971 5790 θιειιιι),

1851 5802 1964 5873 (73)
1995 5805 2059 5857 Οἱ
2087 5801 2317 5872 ζῶντες.
2351 5805 2510 5861 Deest
2532 5805 2582 5860 iu
2607 5805 2790 5862 codice
2820 5804 3008 5875 Regio.
