  <div class='ocr_page' id='page_1' title='image "/cluster/home/n/w/nwhite01/storage/ocr_20150623/14/hvd.32044024333478/325.png"; bbox 0 0 3804 6536; ppageno 0'>
   <div class='ocr_carea' id='block_1_1' title="bbox 475 411 579 466">
    <p class='ocr_par' dir='ltr' id='par_1_1' title="bbox 475 411 579 466">
     <span class='ocr_line' id='line_1_1' title="bbox 475 411 579 466; baseline 0.029 -3"><span class='ocrx_word' id='word_1_1' title='bbox 475 411 579 466; x_wconf 68' lang='lat'><strong>63-3</strong></span> 
     </span>
    </p>
   </div>
   <div class='ocr_carea' id='block_1_2' title="bbox 1940 402 3638 466">
    <p class='ocr_par' dir='ltr' id='par_1_2' title="bbox 1940 402 3638 466">
     <span class='ocr_line' id='line_1_2' title="bbox 1940 402 3638 466; baseline 0.002 -6"><span class='ocrx_word' id='word_1_2' title='bbox 1940 402 2258 460; x_wconf 80' lang='lat' dir='ltr'><strong>ORIGENIS</strong></span> <span class='ocrx_word' id='word_1_3' title='bbox 3555 409 3638 466; x_wconf 78' lang='lat'><strong>636</strong></span> 
     </span>
    </p>
   </div>
   <div class='ocr_carea' id='block_1_3' title="bbox 476 512 2042 594">
    <p class='ocr_par' dir='ltr' id='par_1_3' title="bbox 476 522 2029 594">
     <span class='ocr_line' id='line_1_3' title="bbox 476 522 2029 594; baseline -0.005 -11"><span class='ocrx_word' id='word_1_4' title='bbox 476 527 718 583; x_wconf 88' lang='lat' dir='ltr'><strong>introivit</strong></span> <span class='ocrx_word' id='word_1_5' title='bbox 763 529 815 582; x_wconf 91' lang='lat' dir='ltr'><strong>in</strong></span> <span class='ocrx_word' id='word_1_6' title='bbox 862 530 1116 582; x_wconf 91' lang='lat' dir='ltr'><strong>mundum</strong></span> <span class='ocrx_word' id='word_1_7' title='bbox 1140 527 1227 590; x_wconf 66' lang='grc' dir='ltr'><strong>δίς</strong></span> <span class='ocrx_word' id='word_1_8' title='bbox 1264 539 1477 594; x_wconf 84' lang='lat' dir='ltr'><strong>semper</strong></span> <span class='ocrx_word' id='word_1_9' title='bbox 1519 522 1767 578; x_wconf 83' lang='lat' dir='ltr'><strong>homines</strong></span> <span class='ocrx_word' id='word_1_10' title='bbox 1817 522 2029 578; x_wconf 81' lang='lat' dir='ltr'><strong>diabolo</strong></span> 
     </span>
    </p>
   </div>
   <div class='ocr_carea' id='block_1_4' title="bbox 2146 512 3638 594">
    <p class='ocr_par' dir='ltr' id='par_1_4' title="bbox 2146 512 3638 589">
     <span class='ocr_line' id='line_1_4' title="bbox 2146 512 3638 589; baseline -0.003 -15"><span class='ocrx_word' id='word_1_11' title='bbox 2146 523 2239 584; x_wconf 75' lang='grc' dir='ltr'>τοῖς</span> <span class='ocrx_word' id='word_1_12' title='bbox 2265 519 2556 574; x_wconf 79' lang='grc' dir='ltr'><strong>κτισθεῖσιν</strong></span> <span class='ocrx_word' id='word_1_13' title='bbox 2582 519 2661 582; x_wconf 83' lang='grc' dir='ltr'><strong>είς</strong></span> <span class='ocrx_word' id='word_1_14' title='bbox 2688 519 2749 572; x_wconf 85' lang='grc' dir='ltr'>τὸ</span> <span class='ocrx_word' id='word_1_15' title='bbox 2773 512 2930 572; x_wconf 80' lang='grc' dir='ltr'>εἶναι.</span> <span class='ocrx_word' id='word_1_16' title='bbox 2963 516 3118 572; x_wconf 76' lang='grc' dir='ltr'>Οὕτω</span> <span class='ocrx_word' id='word_1_17' title='bbox 3139 517 3311 589; x_wconf 80' lang='grc' dir='ltr'>φθόνῳ</span> <span class='ocrx_word' id='word_1_18' title='bbox 3329 518 3528 585; x_wconf 80' lang='grc' dir='ltr'>θάνατος</span> <span class='ocrx_word' id='word_1_19' title='bbox 3548 525 3638 578; x_wconf 73' lang='grc' dir='ltr'>εἰσ.</span> 
     </span>
    </p>
   </div>
   <div class='ocr_carea' id='block_1_5' title="bbox 473 616 2034 690">
    <p class='ocr_par' dir='ltr' id='par_1_5' title="bbox 473 616 2034 690">
     <span class='ocr_line' id='line_1_5' title="bbox 473 616 2034 690; baseline -0.004 -15"><span class='ocrx_word' id='word_1_20' title='bbox 473 622 778 686; x_wconf 83' lang='lat' dir='ltr'><strong>occidente,</strong></span> <span class='ocrx_word' id='word_1_21' title='bbox 820 621 872 675; x_wconf 91' lang='lat' dir='ltr'><strong>in</strong></span> <span class='ocrx_word' id='word_1_22' title='bbox 920 622 1118 690; x_wconf 85' lang='lat' dir='ltr'><strong>quibus</strong></span> <span class='ocrx_word' id='word_1_23' title='bbox 1164 621 1473 674; x_wconf 75' lang='lat' dir='ltr'><strong>viventibus</strong></span> <span class='ocrx_word' id='word_1_24' title='bbox 1505 618 1672 671; x_wconf 85' lang='lat' dir='ltr'><strong>vitam</strong></span> <span class='ocrx_word' id='word_1_25' title='bbox 1721 616 2034 680; x_wconf 87' lang='lat' dir='ltr'><strong>invenerit,</strong></span> 
     </span>
    </p>
   </div>
   <div class='ocr_carea' id='block_1_6' title="bbox 473 706 2035 778">
    <p class='ocr_par' dir='ltr' id='par_1_6' title="bbox 473 706 2035 778">
     <span class='ocr_line' id='line_1_6' title="bbox 473 706 2035 778; baseline -0.004 -11"><span class='ocrx_word' id='word_1_26' title='bbox 473 714 646 767; x_wconf 89' lang='lat' dir='ltr'><strong>donec</strong></span> <span class='ocrx_word' id='word_1_27' title='bbox 673 713 924 766; x_wconf 85' lang='lat' dir='ltr'><strong>omnibus</strong></span> <span class='ocrx_word' id='word_1_28' title='bbox 958 711 1191 765; x_wconf 89' lang='lat' dir='ltr'><strong>inimicis</strong></span> <span class='ocrx_word' id='word_1_29' title='bbox 1237 709 1424 778; x_wconf 79' lang='lat' dir='ltr'><strong>positis</strong></span> <span class='ocrx_word' id='word_1_30' title='bbox 1455 709 1553 762; x_wconf 89' lang='lat' dir='ltr'><strong>sub</strong></span> <span class='ocrx_word' id='word_1_31' title='bbox 1582 709 1744 776; x_wconf 84' lang='lat' dir='ltr'><strong>pedes</strong></span> <span class='ocrx_word' id='word_1_32' title='bbox 1769 706 1886 762; x_wconf 85' lang='lat' dir='ltr'><strong>Filii</strong></span> <span class='ocrx_word' id='word_1_33' title='bbox 1921 707 2035 772; x_wconf 86' lang='lat' dir='ltr'><strong>Dei,</strong></span> 
     </span>
    </p>
   </div>
   <div class='ocr_carea' id='block_1_7' title="bbox 475 802 1657 873">
    <p class='ocr_par' dir='ltr' id='par_1_7' title="bbox 475 802 1657 873">
     <span class='ocr_line' id='line_1_7' title="bbox 475 802 1657 873; baseline -0.002 -14"><span class='ocrx_word' id='word_1_34' title='bbox 475 804 697 860; x_wconf 88' lang='lat' dir='ltr'><strong>ultimus</strong></span> <span class='ocrx_word' id='word_1_35' title='bbox 722 804 896 859; x_wconf 85' lang='lat' dir='ltr'><strong>hostis</strong></span> <span class='ocrx_word' id='word_1_36' title='bbox 927 803 1044 873; x_wconf 80' lang='lat' dir='ltr'><strong>ejus</strong></span> <span class='ocrx_word' id='word_1_37' title='bbox 1074 818 1219 857; x_wconf 92' lang='lat' dir='ltr'><strong>mors</strong></span> <span class='ocrx_word' id='word_1_38' title='bbox 1262 802 1565 858; x_wconf 84' lang='lat' dir='ltr'><strong>abolebitur</strong></span> <span class='ocrx_word' id='word_1_39' title='bbox 1591 802 1657 857; x_wconf 80' lang='grc'><strong>⁸³.</strong></span> 
     </span>
    </p>
   </div>
   <div class='ocr_carea' id='block_1_8' title="bbox 545 986 2038 1050">
    <p class='ocr_par' dir='ltr' id='par_1_8' title="bbox 545 986 2038 1050">
     <span class='ocr_line' id='line_1_8' title="bbox 545 986 2038 1050; baseline 0 -8"><span class='ocrx_word' id='word_1_40' title='bbox 545 987 636 1042; x_wconf 72' lang='lat'><strong>22.</strong></span> <span class='ocrx_word' id='word_1_41' title='bbox 655 987 944 1044; x_wconf 80' lang='lat' dir='ltr'><strong>Videamus</strong></span> <span class='ocrx_word' id='word_1_42' title='bbox 961 1000 1088 1041; x_wconf 90' lang='lat' dir='ltr'><strong>vero</strong></span> <span class='ocrx_word' id='word_1_43' title='bbox 1105 986 1263 1042; x_wconf 90' lang='lat' dir='ltr'><strong>etiam</strong></span> <span class='ocrx_word' id='word_1_44' title='bbox 1283 987 1348 1040; x_wconf 91' lang='lat' dir='ltr'><strong>de</strong></span> <span class='ocrx_word' id='word_1_45' title='bbox 1363 986 1486 1050; x_wconf 88' lang='lat' dir='ltr'><strong>hoc,</strong></span> <span class='ocrx_word' id='word_1_46' title='bbox 1528 989 1585 1038; x_wconf 89' lang='lat' dir='ltr'><strong>et</strong></span> <span class='ocrx_word' id='word_1_47' title='bbox 1627 986 1682 1040; x_wconf 87' lang='lat' dir='ltr'><strong>in</strong></span> <span class='ocrx_word' id='word_1_48' title='bbox 1703 987 1917 1041; x_wconf 71' lang='lat' dir='ltr'><strong>veritate</strong></span> <span class='ocrx_word' id='word_1_49' title='bbox 1937 1002 2038 1042; x_wconf 79' lang='lat' dir='ltr'><strong>non</strong></span> 
     </span>
    </p>
   </div>
   <div class='ocr_carea' id='block_1_9' title="bbox 476 1078 2036 1148">
    <p class='ocr_par' dir='ltr' id='par_1_9' title="bbox 476 1078 2036 1148">
     <span class='ocr_line' id='line_1_9' title="bbox 476 1078 2036 1148; baseline -0.001 -14"><span class='ocrx_word' id='word_1_50' title='bbox 476 1081 613 1134; x_wconf 86' lang='lat' dir='ltr'><strong>stetit</strong></span> <span class='ocrx_word' id='word_1_51' title='bbox 638 1079 705 1132; x_wconf 80' lang='grc'><strong>⁸⁸.</strong></span> <span class='ocrx_word' id='word_1_52' title='bbox 738 1080 910 1146; x_wconf 87' lang='lat' dir='ltr'><strong>Atque</strong></span> <span class='ocrx_word' id='word_1_53' title='bbox 941 1078 1117 1133; x_wconf 91' lang='lat' dir='ltr'><strong>omnis</strong></span> <span class='ocrx_word' id='word_1_54' title='bbox 1149 1079 1361 1146; x_wconf 85' lang='lat' dir='ltr'><strong>quidem</strong></span> <span class='ocrx_word' id='word_1_55' title='bbox 1393 1093 1456 1132; x_wconf 89' lang='lat' dir='ltr'><strong>ac</strong></span> <span class='ocrx_word' id='word_1_56' title='bbox 1476 1079 1622 1133; x_wconf 79' lang='lat' dir='ltr'><strong>solus</strong></span> <span class='ocrx_word' id='word_1_57' title='bbox 1657 1078 1745 1132; x_wconf 91' lang='lat' dir='ltr'><strong>ille</strong></span> <span class='ocrx_word' id='word_1_58' title='bbox 1771 1079 1860 1148; x_wconf 82' lang='lat' dir='ltr'><strong>qui</strong></span> <span class='ocrx_word' id='word_1_59' title='bbox 1895 1087 2036 1133; x_wconf 84' lang='lat' dir='ltr'><strong>recta</strong></span> 
     </span>
    </p>
   </div>
   <div class='ocr_carea' id='block_1_10' title="bbox 479 1170 2040 1240">
    <p class='ocr_par' dir='ltr' id='par_1_10' title="bbox 479 1170 2040 1240">
     <span class='ocr_line' id='line_1_10' title="bbox 479 1170 2040 1240; baseline 0.001 -15"><span class='ocrx_word' id='word_1_60' title='bbox 479 1172 709 1226; x_wconf 82' lang='lat' dir='ltr'><strong>ﬁrmiter</strong></span> <span class='ocrx_word' id='word_1_61' title='bbox 743 1171 905 1225; x_wconf 80' lang='lat' dir='ltr'><strong>habet</strong></span> <span class='ocrx_word' id='word_1_62' title='bbox 947 1171 1220 1240; x_wconf 79' lang='lat' dir='ltr'><strong>dogmata,</strong></span> <span class='ocrx_word' id='word_1_63' title='bbox 1247 1178 1303 1224; x_wconf 91' lang='lat' dir='ltr'><strong>et</strong></span> <span class='ocrx_word' id='word_1_64' title='bbox 1349 1182 1568 1239; x_wconf 83' lang='lat' dir='ltr'><strong>propter</strong></span> <span class='ocrx_word' id='word_1_65' title='bbox 1605 1170 1912 1224; x_wconf 83' lang='lat' dir='ltr'><strong>ﬁrmitatem</strong></span> <span class='ocrx_word' id='word_1_66' title='bbox 1945 1171 2040 1226; x_wconf 87' lang='lat' dir='ltr'><strong>d0-</strong></span> 
     </span>
    </p>
   </div>
   <div class='ocr_carea' id='block_1_11' title="bbox 2135 608 3639 686">
    <p class='ocr_par' dir='ltr' id='par_1_11' title="bbox 2135 608 3639 686">
     <span class='ocr_line' id='line_1_11' title="bbox 2135 608 3639 686; baseline 0.003 -20"><span class='ocrx_word' id='word_1_67' title='bbox 2135 613 2296 686; x_wconf 82' lang='grc' dir='ltr'>ῆλθεν</span> <span class='ocrx_word' id='word_1_68' title='bbox 2324 615 2404 677; x_wconf 81' lang='grc' dir='ltr'><strong>είς</strong></span> <span class='ocrx_word' id='word_1_69' title='bbox 2439 613 2533 667; x_wconf 82' lang='grc' dir='ltr'><strong>τὸν</strong></span> <span class='ocrx_word' id='word_1_70' title='bbox 2556 613 2779 683; x_wconf 86' lang='grc' dir='ltr'><strong>κόσμον,</strong></span> <span class='ocrx_word' id='word_1_71' title='bbox 2809 613 2896 666; x_wconf 72' lang='grc' dir='ltr'><strong>ἀεὶ</strong></span> <span class='ocrx_word' id='word_1_72' title='bbox 2925 615 2984 666; x_wconf 81' lang='grc' dir='ltr'>ἐν</span> <span class='ocrx_word' id='word_1_73' title='bbox 3016 608 3099 676; x_wconf 73' lang='grc' dir='ltr'>οἷς</span> <span class='ocrx_word' id='word_1_74' title='bbox 3126 612 3218 664; x_wconf 73' lang='grc' dir='ltr'><strong>ἐὰν</strong></span> <span class='ocrx_word' id='word_1_75' title='bbox 3243 611 3374 685; x_wconf 83' lang='grc' dir='ltr'>εὐρῃ</span> <span class='ocrx_word' id='word_1_76' title='bbox 3403 613 3544 677; x_wconf 77' lang='grc' dir='ltr'>ζῶσιν</span> <span class='ocrx_word' id='word_1_77' title='bbox 3569 620 3639 672; x_wconf 82' lang='grc' dir='ltr'><strong>ἁν-</strong></span> 
     </span>
    </p>
   </div>
   <div class='ocr_carea' id='block_1_12' title="bbox 2137 702 3639 778">
    <p class='ocr_par' dir='ltr' id='par_1_12' title="bbox 2137 702 3639 778">
     <span class='ocr_line' id='line_1_12' title="bbox 2137 702 3639 778; baseline 0.001 -20"><span class='ocrx_word' id='word_1_78' title='bbox 2137 704 2660 778; x_wconf 82' lang='grc' dir='ltr'>θρωποκτονοῦντος,</span> <span class='ocrx_word' id='word_1_79' title='bbox 2702 705 2804 766; x_wconf 80' lang='grc' dir='ltr'>ἕως</span> <span class='ocrx_word' id='word_1_80' title='bbox 2832 703 2896 757; x_wconf 82' lang='grc' dir='ltr'><strong>ἂν</strong></span> <span class='ocrx_word' id='word_1_81' title='bbox 2925 703 3140 756; x_wconf 81' lang='grc' dir='ltr'>πάντων</span> <span class='ocrx_word' id='word_1_82' title='bbox 3171 702 3275 756; x_wconf 84' lang='grc' dir='ltr'><strong>τῶν</strong></span> <span class='ocrx_word' id='word_1_83' title='bbox 3306 703 3495 775; x_wconf 76' lang='grc' dir='ltr'>ἐχθρῶν</span> <span class='ocrx_word' id='word_1_84' title='bbox 3535 706 3639 758; x_wconf 78' lang='grc' dir='ltr'>ὐπο-</span> 
     </span>
    </p>
   </div>
   <div class='ocr_carea' id='block_1_13' title="bbox 2135 791 3640 865">
    <p class='ocr_par' dir='ltr' id='par_1_13' title="bbox 2135 791 3640 865">
     <span class='ocr_line' id='line_1_13' title="bbox 2135 791 3640 865; baseline -0.003 -15"><span class='ocrx_word' id='word_1_85' title='bbox 2135 796 2398 850; x_wconf 81' lang='grc' dir='ltr'><strong>τεθέντων</strong></span> <span class='ocrx_word' id='word_1_86' title='bbox 2427 798 2537 859; x_wconf 83' lang='grc' dir='ltr'>τοίς</span> <span class='ocrx_word' id='word_1_87' title='bbox 2560 796 2686 848; x_wconf 77' lang='grc' dir='ltr'>ποσὶ</span> <span class='ocrx_word' id='word_1_88' title='bbox 2709 793 2801 848; x_wconf 83' lang='grc' dir='ltr'>τοῦ</span> <span class='ocrx_word' id='word_1_89' title='bbox 2819 792 2948 846; x_wconf 87' lang='grc' dir='ltr'>Υίοῦ</span> <span class='ocrx_word' id='word_1_90' title='bbox 2962 793 3057 846; x_wconf 78' lang='grc' dir='ltr'>τοῦ</span> <span class='ocrx_word' id='word_1_91' title='bbox 3078 792 3231 858; x_wconf 81' lang='grc' dir='ltr'>Θεοῦ,</span> <span class='ocrx_word' id='word_1_92' title='bbox 3263 791 3471 863; x_wconf 74' lang='grc' dir='ltr'>ἔσχατος</span> <span class='ocrx_word' id='word_1_93' title='bbox 3491 794 3640 865; x_wconf 79' lang='grc' dir='ltr'>ἐχθρὸς</span> 
     </span>
    </p>
   </div>
   <div class='ocr_carea' id='block_1_14' title="bbox 2136 887 2952 959">
    <p class='ocr_par' dir='ltr' id='par_1_14' title="bbox 2136 887 2952 959">
     <span class='ocr_line' id='line_1_14' title="bbox 2136 887 2952 959; baseline -0.005 -16"><span class='ocrx_word' id='word_1_94' title='bbox 2136 888 2323 953; x_wconf 81' lang='grc' dir='ltr'>αὐτοῦ,</span> <span class='ocrx_word' id='word_1_95' title='bbox 2355 887 2585 951; x_wconf 81' lang='grc' dir='ltr'>θάνατος</span> <span class='ocrx_word' id='word_1_96' title='bbox 2614 887 2952 959; x_wconf 80' lang='grc' dir='ltr'><strong>καταργηθῇ.</strong></span> 
     </span>
    </p>
   </div>
   <div class='ocr_carea' id='block_1_15' title="bbox 2205 974 3642 1052">
    <p class='ocr_par' dir='ltr' id='par_1_15' title="bbox 2205 974 3642 1052">
     <span class='ocr_line' id='line_1_15' title="bbox 2205 974 3642 1052; baseline -0.005 -17"><span class='ocrx_word' id='word_1_97' title='bbox 2205 981 2298 1036; x_wconf 71' lang='lat'><strong>22.</strong></span> <span class='ocrx_word' id='word_1_98' title='bbox 2334 980 2561 1052; x_wconf 85' lang='grc' dir='ltr'>Ἴδωμεν</span> <span class='ocrx_word' id='word_1_99' title='bbox 2583 979 2640 1032; x_wconf 82' lang='grc' dir='ltr'>δὲ</span> <span class='ocrx_word' id='word_1_100' title='bbox 2678 980 2923 1050; x_wconf 76' lang='grc' dir='ltr'>καὶπερὶ</span> <span class='ocrx_word' id='word_1_101' title='bbox 2955 977 3080 1032; x_wconf 75' lang='grc' dir='ltr'>τοῦο</span> <span class='ocrx_word' id='word_1_102' title='bbox 3104 977 3212 1032; x_wconf 79' lang='grc' dir='ltr'><strong>Καὶ</strong></span> <span class='ocrx_word' id='word_1_103' title='bbox 3235 974 3306 1029; x_wconf 80' lang='grc' dir='ltr'><strong>ἐν</strong></span> <span class='ocrx_word' id='word_1_104' title='bbox 3345 974 3414 1044; x_wconf 80' lang='grc' dir='ltr'>τῇ</span> <span class='ocrx_word' id='word_1_105' title='bbox 3442 976 3642 1044; x_wconf 69' lang='grc' dir='ltr'>ἀληθείᾳ</span> 
     </span>
    </p>
   </div>
   <div class='ocr_carea' id='block_1_16' title="bbox 2137 1065 3642 1142">
    <p class='ocr_par' dir='ltr' id='par_1_16' title="bbox 2137 1065 3642 1142">
     <span class='ocr_line' id='line_1_16' title="bbox 2137 1065 3642 1142; baseline -0.007 -15"><span class='ocrx_word' id='word_1_106' title='bbox 2137 1074 2250 1142; x_wconf 82' lang='grc' dir='ltr'>οὐχ</span> <span class='ocrx_word' id='word_1_107' title='bbox 2276 1071 2515 1138; x_wconf 80' lang='grc' dir='ltr'>ἕστηκε.</span> <span class='ocrx_word' id='word_1_108' title='bbox 2541 1070 2657 1133; x_wconf 75' lang='grc' dir='ltr'><strong>Πᾶς</strong></span> <span class='ocrx_word' id='word_1_109' title='bbox 2689 1069 2790 1141; x_wconf 84' lang='grc' dir='ltr'>μὲν</span> <span class='ocrx_word' id='word_1_110' title='bbox 2817 1069 2910 1123; x_wconf 74' lang='grc' dir='ltr'><strong>καὶ</strong></span> <span class='ocrx_word' id='word_1_111' title='bbox 2941 1069 3100 1140; x_wconf 86' lang='grc' dir='ltr'><strong>μόνος</strong></span> <span class='ocrx_word' id='word_1_112' title='bbox 3132 1070 3160 1121; x_wconf 88' lang='grc' dir='ltr'><strong>ό</strong></span> <span class='ocrx_word' id='word_1_113' title='bbox 3181 1067 3305 1137; x_wconf 81' lang='grc' dir='ltr'>ὑγιῆ</span> <span class='ocrx_word' id='word_1_114' title='bbox 3336 1065 3438 1136; x_wconf 66' lang='grc'><strong>(74)</strong></span> <span class='ocrx_word' id='word_1_115' title='bbox 3459 1066 3642 1136; x_wconf 76' lang='grc' dir='ltr'>βεόαίως</span> 
     </span>
    </p>
   </div>
   <div class='ocr_carea' id='block_1_17' title="bbox 2138 1154 3644 1232">
    <p class='ocr_par' dir='ltr' id='par_1_17' title="bbox 2138 1154 3644 1232">
     <span class='ocr_line' id='line_1_17' title="bbox 2138 1154 3644 1232; baseline -0.006 -17"><span class='ocrx_word' id='word_1_116' title='bbox 2138 1163 2275 1232; x_wconf 81' lang='grc' dir='ltr'>έχων</span> <span class='ocrx_word' id='word_1_117' title='bbox 2299 1162 2560 1232; x_wconf 81' lang='grc' dir='ltr'><strong>δόγματα,</strong></span> <span class='ocrx_word' id='word_1_118' title='bbox 2583 1160 2678 1214; x_wconf 72' lang='grc' dir='ltr'><strong>καὶ</strong></span> <span class='ocrx_word' id='word_1_119' title='bbox 2708 1159 2794 1213; x_wconf 80' lang='grc' dir='ltr'>διὰ</span> <span class='ocrx_word' id='word_1_120' title='bbox 2808 1160 2906 1231; x_wconf 86' lang='grc' dir='ltr'>τὴν</span> <span class='ocrx_word' id='word_1_121' title='bbox 2933 1157 3252 1229; x_wconf 75' lang='grc' dir='ltr'>βεϐαιότητα</span> <span class='ocrx_word' id='word_1_122' title='bbox 3281 1154 3387 1208; x_wconf 87' lang='grc' dir='ltr'>τῶν</span> <span class='ocrx_word' id='word_1_123' title='bbox 3414 1154 3644 1225; x_wconf 76' lang='grc' dir='ltr'>δογμάτων</span> 
     </span>
    </p>
   </div>
   <div class='ocr_carea' id='block_1_18' title="bbox 480 1245 2042 1329">
    <p class='ocr_par' dir='ltr' id='par_1_18' title="bbox 480 1260 2042 1329">
     <span class='ocr_line' id='line_1_18' title="bbox 480 1260 2042 1329; baseline 0.003 -18"><span class='ocrx_word' id='word_1_124' title='bbox 480 1269 715 1329; x_wconf 81' lang='lat' dir='ltr'><strong>gmatum</strong></span> <span class='ocrx_word' id='word_1_125' title='bbox 749 1269 1009 1328; x_wconf 88' lang='lat' dir='ltr'><strong>perpetuo</strong></span> <span class='ocrx_word' id='word_1_126' title='bbox 1037 1260 1334 1314; x_wconf 77' lang='lat' dir='ltr'><strong>constantis</strong></span> <span class='ocrx_word' id='word_1_127' title='bbox 1363 1269 1445 1314; x_wconf 89' lang='lat' dir='ltr'><strong>est</strong></span> <span class='ocrx_word' id='word_1_128' title='bbox 1463 1261 1764 1324; x_wconf 73' lang='lat' dir='ltr'><strong>sententiae,</strong></span> <span class='ocrx_word' id='word_1_129' title='bbox 1795 1261 1939 1316; x_wconf 93' lang='lat' dir='ltr'><strong>nullo</strong></span> <span class='ocrx_word' id='word_1_130' title='bbox 1961 1263 2042 1316; x_wconf 82' lang='lat' dir='ltr'><strong>iu-</strong></span> 
     </span>
    </p>
   </div>
   <div class='ocr_carea' id='block_1_19' title="bbox 2146 1245 3644 1329">
    <p class='ocr_par' dir='ltr' id='par_1_19' title="bbox 2146 1245 3644 1325">
     <span class='ocr_line' id='line_1_19' title="bbox 2146 1245 3644 1325; baseline -0.007 -18"><span class='ocrx_word' id='word_1_131' title='bbox 2146 1255 2384 1316; x_wconf 66' lang='grc' dir='ltr'>ισειστος</span> <span class='ocrx_word' id='word_1_132' title='bbox 2403 1256 2514 1316; x_wconf 78' lang='grc' dir='ltr'>τοῖς</span> <span class='ocrx_word' id='word_1_133' title='bbox 2540 1252 2773 1325; x_wconf 88' lang='grc' dir='ltr'>κρίμασι</span> <span class='ocrx_word' id='word_1_134' title='bbox 2799 1249 3080 1320; x_wconf 79' lang='grc' dir='ltr'>τυγχάνων</span> <span class='ocrx_word' id='word_1_135' title='bbox 3113 1249 3172 1301; x_wconf 84' lang='grc' dir='ltr'><strong>ὲν</strong></span> <span class='ocrx_word' id='word_1_136' title='bbox 3195 1247 3356 1299; x_wconf 75' lang='grc' dir='ltr'>παντὶ</span> <span class='ocrx_word' id='word_1_137' title='bbox 3381 1245 3553 1316; x_wconf 84' lang='grc' dir='ltr'>καιρῷ,</span> <span class='ocrx_word' id='word_1_138' title='bbox 3576 1247 3644 1298; x_wconf 75' lang='grc' dir='ltr'><strong>καὶ</strong></span> 
     </span>
    </p>
   </div>
   <div class='ocr_carea' id='block_1_20' title="bbox 480 1336 2042 1419">
    <p class='ocr_par' dir='ltr' id='par_1_20' title="bbox 480 1350 2042 1419">
     <span class='ocr_line' id='line_1_20' title="bbox 480 1350 2042 1419; baseline 0.001 -14"><span class='ocrx_word' id='word_1_139' title='bbox 480 1352 739 1414; x_wconf 79' lang='lat' dir='ltr'><strong>fortunio,</strong></span> <span class='ocrx_word' id='word_1_140' title='bbox 761 1351 908 1404; x_wconf 92' lang='lat' dir='ltr'><strong>nullo</strong></span> <span class='ocrx_word' id='word_1_141' title='bbox 933 1350 1196 1418; x_wconf 88' lang='lat' dir='ltr'><strong>corporali</strong></span> <span class='ocrx_word' id='word_1_142' title='bbox 1230 1360 1488 1419; x_wconf 65' lang='lat' dir='ltr'><strong>praetextu</strong></span> <span class='ocrx_word' id='word_1_143' title='bbox 1515 1366 1834 1417; x_wconf 88' lang='lat' dir='ltr'><strong>concussus,</strong></span> <span class='ocrx_word' id='word_1_144' title='bbox 1869 1353 1914 1405; x_wconf 87' lang='lat' dir='ltr'><strong>is</strong></span> <span class='ocrx_word' id='word_1_145' title='bbox 1937 1363 2042 1407; x_wconf 91' lang='lat' dir='ltr'><strong>ste-</strong></span> 
     </span>
    </p>
   </div>
   <div class='ocr_carea' id='block_1_21' title="bbox 2146 1336 3640 1419">
    <p class='ocr_par' dir='ltr' id='par_1_21' title="bbox 2146 1336 3640 1417">
     <span class='ocr_line' id='line_1_21' title="bbox 2146 1336 3640 1417; baseline -0.007 -18"><span class='ocrx_word' id='word_1_146' title='bbox 2146 1346 2247 1400; x_wconf 79' lang='grc' dir='ltr'>ὑπὺ</span> <span class='ocrx_word' id='word_1_147' title='bbox 2280 1345 2546 1417; x_wconf 79' lang='grc' dir='ltr'><strong>μηδεμιᾶς</strong></span> <span class='ocrx_word' id='word_1_148' title='bbox 2570 1342 2959 1415; x_wconf 83' lang='grc' dir='ltr'>περιστάσεως,</span> <span class='ocrx_word' id='word_1_149' title='bbox 2995 1340 3029 1411; x_wconf 80' lang='grc' dir='ltr'>ἦ</span> <span class='ocrx_word' id='word_1_150' title='bbox 3058 1355 3199 1401; x_wconf 87' lang='grc' dir='ltr'>τινος</span> <span class='ocrx_word' id='word_1_151' title='bbox 3226 1336 3521 1408; x_wconf 76' lang='grc' dir='ltr'>σωματικῆς</span> <span class='ocrx_word' id='word_1_152' title='bbox 3543 1354 3640 1407; x_wconf 85' lang='grc' dir='ltr'>προ-</span> 
     </span>
    </p>
   </div>
   <div class='ocr_carea' id='block_1_22' title="bbox 480 1427 2042 1512">
    <p class='ocr_par' dir='ltr' id='par_1_22' title="bbox 480 1442 2042 1512">
     <span class='ocr_line' id='line_1_22' title="bbox 480 1442 2042 1512; baseline 0.003 -17"><span class='ocrx_word' id='word_1_153' title='bbox 480 1443 546 1496; x_wconf 90' lang='lat' dir='ltr'><strong>tit</strong></span> <span class='ocrx_word' id='word_1_154' title='bbox 573 1443 624 1496; x_wconf 92' lang='lat' dir='ltr'><strong>in</strong></span> <span class='ocrx_word' id='word_1_155' title='bbox 679 1443 942 1509; x_wconf 89' lang='lat' dir='ltr'><strong>veritate;</strong></span> <span class='ocrx_word' id='word_1_156' title='bbox 974 1442 1064 1512; x_wconf 91' lang='lat' dir='ltr'><strong>qui</strong></span> <span class='ocrx_word' id='word_1_157' title='bbox 1111 1457 1243 1497; x_wconf 91' lang='lat' dir='ltr'><strong>vero</strong></span> <span class='ocrx_word' id='word_1_158' title='bbox 1290 1442 1583 1496; x_wconf 86' lang='lat' dir='ltr'><strong>etiamnum</strong></span> <span class='ocrx_word' id='word_1_159' title='bbox 1613 1445 1846 1512; x_wconf 88' lang='lat' dir='ltr'><strong>appetitu</strong></span> <span class='ocrx_word' id='word_1_160' title='bbox 1879 1447 2042 1500; x_wconf 77' lang='lat' dir='ltr'><strong>velte-</strong></span> 
     </span>
    </p>
   </div>
   <div class='ocr_carea' id='block_1_23' title="bbox 2146 1427 3643 1512">
    <p class='ocr_par' dir='ltr' id='par_1_23' title="bbox 2146 1427 3643 1506">
     <span class='ocr_line' id='line_1_23' title="bbox 2146 1427 3643 1506; baseline -0.007 -16"><span class='ocrx_word' id='word_1_161' title='bbox 2146 1437 2376 1506; x_wconf 79' lang='grc' dir='ltr'>φάσεως,</span> <span class='ocrx_word' id='word_1_162' title='bbox 2429 1434 2591 1488; x_wconf 78' lang='grc' dir='ltr'>οἱονεὶ</span> <span class='ocrx_word' id='word_1_163' title='bbox 2641 1434 2734 1487; x_wconf 88' lang='grc' dir='ltr'><strong>δύο</strong></span> <span class='ocrx_word' id='word_1_164' title='bbox 2780 1431 3059 1503; x_wconf 82' lang='grc' dir='ltr'>ὑπομένει,</span> <span class='ocrx_word' id='word_1_165' title='bbox 3115 1429 3220 1482; x_wconf 83' lang='grc' dir='ltr'>τῶν</span> <span class='ocrx_word' id='word_1_166' title='bbox 3262 1427 3431 1481; x_wconf 83' lang='grc' dir='ltr'>πόνων</span> <span class='ocrx_word' id='word_1_167' title='bbox 3472 1427 3582 1498; x_wconf 81' lang='lat'><strong>(75),</strong></span> <span class='ocrx_word' id='word_1_168' title='bbox 3618 1429 3643 1498; x_wconf 75' lang='grc' dir='ltr'>ἦ</span> 
     </span>
    </p>
   </div>
   <div class='ocr_carea' id='block_1_24' title="bbox 477 1517 2042 1604">
    <p class='ocr_par' dir='ltr' id='par_1_24' title="bbox 477 1531 2042 1604">
     <span class='ocr_line' id='line_1_24' title="bbox 477 1531 2042 1604; baseline 0 -16"><span class='ocrx_word' id='word_1_169' title='bbox 477 1535 742 1588; x_wconf 77' lang='lat' dir='ltr'><strong>mentiare</strong></span> <span class='ocrx_word' id='word_1_170' title='bbox 775 1548 954 1588; x_wconf 88' lang='lat' dir='ltr'><strong>rerum</strong></span> <span class='ocrx_word' id='word_1_171' title='bbox 981 1547 1356 1597; x_wconf 88' lang='lat' dir='ltr'><strong>venerearnm,</strong></span> <span class='ocrx_word' id='word_1_172' title='bbox 1380 1531 1462 1586; x_wconf 89' lang='lat' dir='ltr'><strong>vel</strong></span> <span class='ocrx_word' id='word_1_173' title='bbox 1494 1532 1859 1602; x_wconf 89' lang='lat' dir='ltr'><strong>qualicunque</strong></span> <span class='ocrx_word' id='word_1_174' title='bbox 1884 1535 2042 1604; x_wconf 88' lang='lat' dir='ltr'><strong>culpa</strong></span> 
     </span>
    </p>
   </div>
   <div class='ocr_carea' id='block_1_25' title="bbox 2146 1517 3646 1604">
    <p class='ocr_par' dir='ltr' id='par_1_25' title="bbox 2146 1517 3646 1597">
     <span class='ocr_line' id='line_1_25' title="bbox 2146 1517 3646 1597; baseline -0.007 -19"><span class='ocrx_word' id='word_1_175' title='bbox 2146 1525 2503 1597; x_wconf 80' lang='grc' dir='ltr'>σφοδροτέρας</span> <span class='ocrx_word' id='word_1_176' title='bbox 2555 1522 2786 1595; x_wconf 79' lang='grc' dir='ltr'>ὀρέξεως</span> <span class='ocrx_word' id='word_1_177' title='bbox 2833 1520 3178 1593; x_wconf 80' lang='grc' dir='ltr'>ἀφροδισίων,</span> <span class='ocrx_word' id='word_1_178' title='bbox 3205 1519 3239 1590; x_wconf 77' lang='grc' dir='ltr'>ἢ</span> <span class='ocrx_word' id='word_1_179' title='bbox 3269 1517 3450 1581; x_wconf 79' lang='grc' dir='ltr'>ὁποίας</span> <span class='ocrx_word' id='word_1_180' title='bbox 3493 1518 3646 1587; x_wconf 78' lang='grc' dir='ltr'>δήποτε</span> 
     </span>
    </p>
   </div>
   <div class='ocr_carea' id='block_1_26' title="bbox 480 1610 2042 1695">
    <p class='ocr_par' dir='ltr' id='par_1_26' title="bbox 480 1622 2042 1692">
     <span class='ocr_line' id='line_1_26' title="bbox 480 1622 2042 1692; baseline 0.002 -14"><span class='ocrx_word' id='word_1_181' title='bbox 480 1625 809 1689; x_wconf 89' lang='lat' dir='ltr'><strong>concutitur,</strong></span> <span class='ocrx_word' id='word_1_182' title='bbox 849 1624 921 1678; x_wconf 90' lang='lat' dir='ltr'><strong>ita</strong></span> <span class='ocrx_word' id='word_1_183' title='bbox 956 1633 1015 1678; x_wconf 93' lang='lat' dir='ltr'><strong>ut</strong></span> <span class='ocrx_word' id='word_1_184' title='bbox 1051 1622 1442 1692; x_wconf 88' lang='lat' dir='ltr'><strong>aliquantulum</strong></span> <span class='ocrx_word' id='word_1_185' title='bbox 1469 1624 1815 1680; x_wconf 87' lang='lat' dir='ltr'><strong>dimoveatur</strong></span> <span class='ocrx_word' id='word_1_186' title='bbox 1851 1627 1919 1681; x_wconf 89' lang='lat' dir='ltr'><strong>ab</strong></span> <span class='ocrx_word' id='word_1_187' title='bbox 1950 1626 2042 1681; x_wconf 87' lang='lat' dir='ltr'><strong>lto-</strong></span> 
     </span>
    </p>
   </div>
   <div class='ocr_carea' id='block_1_27' title="bbox 2146 1610 3648 1695">
    <p class='ocr_par' dir='ltr' id='par_1_27' title="bbox 2146 1610 3648 1685">
     <span class='ocr_line' id='line_1_27' title="bbox 2146 1610 3648 1685; baseline -0.006 -16"><span class='ocrx_word' id='word_1_188' title='bbox 2146 1616 2318 1680; x_wconf 78' lang='grc' dir='ltr'>αἰτίας</span> <span class='ocrx_word' id='word_1_189' title='bbox 2349 1615 2721 1685; x_wconf 82' lang='grc' dir='ltr'>σαλευόμενος,</span> <span class='ocrx_word' id='word_1_190' title='bbox 2751 1613 2876 1667; x_wconf 79' lang='grc' dir='ltr'>ὥστ’</span> <span class='ocrx_word' id='word_1_191' title='bbox 2907 1611 2972 1666; x_wconf 82' lang='grc' dir='ltr'><strong>ἂν</strong></span> <span class='ocrx_word' id='word_1_192' title='bbox 2999 1612 3093 1665; x_wconf 74' lang='grc' dir='ltr'><strong>καὶ</strong></span> <span class='ocrx_word' id='word_1_193' title='bbox 3118 1611 3210 1664; x_wconf 77' lang='grc' dir='ltr'>ἐπὶ</span> <span class='ocrx_word' id='word_1_194' title='bbox 3238 1610 3397 1663; x_wconf 85' lang='grc' dir='ltr'>ποσὸν</span> <span class='ocrx_word' id='word_1_195' title='bbox 3421 1625 3648 1679; x_wconf 76' lang='grc' dir='ltr'>μετακινη-</span> 
     </span>
    </p>
   </div>
   <div class='ocr_carea' id='block_1_28' title="bbox 478 1702 2042 1783">
    <p class='ocr_par' dir='ltr' id='par_1_28' title="bbox 478 1716 2040 1783">
     <span class='ocr_line' id='line_1_28' title="bbox 478 1716 2040 1783; baseline 0.001 -12"><span class='ocrx_word' id='word_1_196' title='bbox 478 1729 654 1783; x_wconf 86' lang='lat' dir='ltr'><strong>nesto,</strong></span> <span class='ocrx_word' id='word_1_197' title='bbox 679 1718 722 1771; x_wconf 90' lang='lat' dir='ltr'><strong>is</strong></span> <span class='ocrx_word' id='word_1_198' title='bbox 745 1717 937 1772; x_wconf 89' lang='lat' dir='ltr'><strong>merito</strong></span> <span class='ocrx_word' id='word_1_199' title='bbox 966 1731 1070 1769; x_wconf 91' lang='lat' dir='ltr'><strong>non</strong></span> <span class='ocrx_word' id='word_1_200' title='bbox 1104 1716 1318 1770; x_wconf 86' lang='lat' dir='ltr'><strong>stetisse</strong></span> <span class='ocrx_word' id='word_1_201' title='bbox 1341 1717 1682 1772; x_wconf 79' lang='lat' dir='ltr'><strong>existimetur</strong></span> <span class='ocrx_word' id='word_1_202' title='bbox 1703 1718 1758 1772; x_wconf 93' lang='lat' dir='ltr'><strong>in</strong></span> <span class='ocrx_word' id='word_1_203' title='bbox 1791 1719 2040 1774; x_wconf 84' lang='lat' dir='ltr'><strong>veritate.</strong></span> 
     </span>
    </p>
   </div>
   <div class='ocr_carea' id='block_1_29' title="bbox 2146 1702 3645 1783">
    <p class='ocr_par' dir='ltr' id='par_1_29' title="bbox 2146 1702 3645 1780">
     <span class='ocr_line' id='line_1_29' title="bbox 2146 1702 3645 1780; baseline -0.006 -18"><span class='ocrx_word' id='word_1_204' title='bbox 2146 1709 2302 1780; x_wconf 82' lang='grc' dir='ltr'>θῆναι</span> <span class='ocrx_word' id='word_1_205' title='bbox 2327 1709 2435 1762; x_wconf 78' lang='grc' dir='ltr'><strong>ἀπὸ</strong></span> <span class='ocrx_word' id='word_1_206' title='bbox 2457 1707 2551 1762; x_wconf 77' lang='grc' dir='ltr'>τοῦ</span> <span class='ocrx_word' id='word_1_207' title='bbox 2590 1705 2780 1770; x_wconf 78' lang='grc' dir='ltr'>καλοῦ,</span> <span class='ocrx_word' id='word_1_208' title='bbox 2823 1704 3062 1773; x_wconf 82' lang='grc' dir='ltr'>εὐλόγως</span> <span class='ocrx_word' id='word_1_209' title='bbox 3105 1703 3172 1756; x_wconf 82' lang='grc' dir='ltr'>ἂν</span> <span class='ocrx_word' id='word_1_210' title='bbox 3224 1702 3496 1774; x_wconf 87' lang='grc' dir='ltr'>έστηκέναι</span> <span class='ocrx_word' id='word_1_211' title='bbox 3528 1702 3575 1753; x_wconf 80' lang='grc' dir='ltr'>ἐν</span> <span class='ocrx_word' id='word_1_212' title='bbox 3599 1704 3645 1769; x_wconf 77' lang='grc' dir='ltr'><strong>τῇ</strong></span> 
     </span>
    </p>
   </div>
   <div class='ocr_carea' id='block_1_30' title="bbox 480 1793 2042 1881">
    <p class='ocr_par' dir='ltr' id='par_1_30' title="bbox 480 1809 2042 1881">
     <span class='ocr_line' id='line_1_30' title="bbox 480 1809 2042 1881; baseline 0.002 -18"><span class='ocrx_word' id='word_1_213' title='bbox 480 1809 584 1864; x_wconf 92' lang='lat' dir='ltr'><strong>Sed</strong></span> <span class='ocrx_word' id='word_1_214' title='bbox 616 1810 730 1863; x_wconf 66' lang='lat' dir='ltr'><strong>haec</strong></span> <span class='ocrx_word' id='word_1_215' title='bbox 761 1809 936 1862; x_wconf 82' lang='lat' dir='ltr'><strong>oratio</strong></span> <span class='ocrx_word' id='word_1_216' title='bbox 959 1809 1238 1877; x_wconf 86' lang='lat' dir='ltr'><strong>perveniat</strong></span> <span class='ocrx_word' id='word_1_217' title='bbox 1265 1810 1329 1863; x_wconf 90' lang='lat' dir='ltr'><strong>ad</strong></span> <span class='ocrx_word' id='word_1_218' title='bbox 1359 1824 1451 1865; x_wconf 87' lang='lat' dir='ltr'><strong>eas</strong></span> <span class='ocrx_word' id='word_1_219' title='bbox 1483 1810 1644 1865; x_wconf 86' lang='lat' dir='ltr'><strong>etiam</strong></span> <span class='ocrx_word' id='word_1_220' title='bbox 1685 1822 1906 1866; x_wconf 88' lang='lat' dir='ltr'><strong>naturas</strong></span> <span class='ocrx_word' id='word_1_221' title='bbox 1927 1827 2042 1881; x_wconf 66' lang='lat' dir='ltr'><strong>quae</strong></span> 
     </span>
    </p>
   </div>
   <div class='ocr_carea' id='block_1_31' title="bbox 2146 1793 3648 1881">
    <p class='ocr_par' dir='ltr' id='par_1_31' title="bbox 2146 1793 3648 1875">
     <span class='ocr_line' id='line_1_31' title="bbox 2146 1793 3648 1875; baseline -0.009 -16"><span class='ocrx_word' id='word_1_222' title='bbox 2146 1804 2371 1875; x_wconf 76' lang='grc' dir='ltr'><strong>ἀληθείᾳ</strong></span> <span class='ocrx_word' id='word_1_223' title='bbox 2407 1800 2697 1874; x_wconf 78' lang='grc' dir='ltr'>νομίζοιτο.</span> <span class='ocrx_word' id='word_1_224' title='bbox 2735 1793 2901 1863; x_wconf 76' lang='grc' dir='ltr'>Οὗτος</span> <span class='ocrx_word' id='word_1_225' title='bbox 2947 1799 3004 1852; x_wconf 80' lang='grc' dir='ltr'>δὲ</span> <span class='ocrx_word' id='word_1_226' title='bbox 3044 1799 3072 1850; x_wconf 90' lang='grc' dir='ltr'><strong>ό</strong></span> <span class='ocrx_word' id='word_1_227' title='bbox 3116 1797 3275 1866; x_wconf 85' lang='grc' dir='ltr'>λόγος</span> <span class='ocrx_word' id='word_1_228' title='bbox 3322 1794 3545 1866; x_wconf 83' lang='grc' dir='ltr'>φθανέτω</span> <span class='ocrx_word' id='word_1_229' title='bbox 3581 1795 3648 1847; x_wconf 78' lang='grc' dir='ltr'>καὶ</span> 
     </span>
    </p>
   </div>
   <div class='ocr_carea' id='block_1_32' title="bbox 478 1875 2042 1972">
    <p class='ocr_par' dir='ltr' id='par_1_32' title="bbox 478 1902 2040 1972">
     <span class='ocr_line' id='line_1_32' title="bbox 478 1902 2040 1972; baseline 0.001 -17"><span class='ocrx_word' id='word_1_230' title='bbox 478 1911 602 1955; x_wconf 87' lang='lat' dir='ltr'><strong>sunt</strong></span> <span class='ocrx_word' id='word_1_231' title='bbox 628 1909 780 1955; x_wconf 81' lang='lat' dir='ltr'><strong>extra</strong></span> <span class='ocrx_word' id='word_1_232' title='bbox 825 1915 1040 1956; x_wconf 88' lang='lat' dir='ltr'><strong>carnem</strong></span> <span class='ocrx_word' id='word_1_233' title='bbox 1083 1911 1136 1957; x_wconf 90' lang='lat' dir='ltr'><strong>et</strong></span> <span class='ocrx_word' id='word_1_234' title='bbox 1183 1903 1532 1972; x_wconf 83' lang='lat' dir='ltr'><strong>sanguinem;</strong></span> <span class='ocrx_word' id='word_1_235' title='bbox 1565 1910 1648 1954; x_wconf 92' lang='lat' dir='ltr'><strong>est</strong></span> <span class='ocrx_word' id='word_1_236' title='bbox 1695 1902 1838 1956; x_wconf 91' lang='lat' dir='ltr'><strong>enim</strong></span> <span class='ocrx_word' id='word_1_237' title='bbox 1883 1902 2040 1957; x_wconf 89' lang='lat' dir='ltr'><strong>etiam</strong></span> 
     </span>
    </p>
   </div>
   <div class='ocr_carea' id='block_1_33' title="bbox 2146 1875 3649 1972">
    <p class='ocr_par' dir='ltr' id='par_1_33' title="bbox 2146 1887 3649 1967">
     <span class='ocr_line' id='line_1_33' title="bbox 2146 1887 3649 1967; baseline -0.009 -15"><span class='ocrx_word' id='word_1_238' title='bbox 2146 1899 2236 1952; x_wconf 79' lang='grc' dir='ltr'>ἐπὶ</span> <span class='ocrx_word' id='word_1_239' title='bbox 2267 1897 2366 1962; x_wconf 74' lang='grc' dir='ltr'>τὰς</span> <span class='ocrx_word' id='word_1_240' title='bbox 2423 1895 2528 1962; x_wconf 79' lang='grc' dir='ltr'>ἐξω</span> <span class='ocrx_word' id='word_1_241' title='bbox 2575 1894 2775 1967; x_wconf 80' lang='grc' dir='ltr'>σαρκὸς</span> <span class='ocrx_word' id='word_1_242' title='bbox 2821 1893 2914 1947; x_wconf 79' lang='grc' dir='ltr'><strong>καὶ</strong></span> <span class='ocrx_word' id='word_1_243' title='bbox 2939 1893 3168 1963; x_wconf 76' lang='grc' dir='ltr'>αἵματος</span> <span class='ocrx_word' id='word_1_244' title='bbox 3196 1889 3412 1960; x_wconf 74' lang='grc' dir='ltr'>φύσειςο</span> <span class='ocrx_word' id='word_1_245' title='bbox 3445 1887 3649 1956; x_wconf 70' lang='grc' dir='ltr'>ἔστιγὰρ</span> 
     </span>
    </p>
   </div>
   <div class='ocr_carea' id='block_1_34' title="bbox 479 1989 2040 2062">
    <p class='ocr_par' dir='ltr' id='par_1_34' title="bbox 479 1989 2040 2062">
     <span class='ocr_line' id='line_1_34' title="bbox 479 1989 2040 2062; baseline 0.002 -17"><span class='ocrx_word' id='word_1_246' title='bbox 479 1991 532 2045; x_wconf 90' lang='lat' dir='ltr'><strong>in</strong></span> <span class='ocrx_word' id='word_1_247' title='bbox 567 1990 778 2044; x_wconf 88' lang='lat' dir='ltr'><strong>illarum</strong></span> <span class='ocrx_word' id='word_1_248' title='bbox 807 1989 913 2043; x_wconf 89' lang='lat' dir='ltr'><strong>vita</strong></span> <span class='ocrx_word' id='word_1_249' title='bbox 941 1990 1245 2046; x_wconf 85' lang='lat' dir='ltr'><strong>necessario</strong></span> <span class='ocrx_word' id='word_1_250' title='bbox 1281 1991 1591 2059; x_wconf 90' lang='lat' dir='ltr'><strong>dicendum,</strong></span> <span class='ocrx_word' id='word_1_251' title='bbox 1629 2007 1724 2048; x_wconf 87' lang='lat' dir='ltr'><strong>eas</strong></span> <span class='ocrx_word' id='word_1_252' title='bbox 1751 2007 1875 2062; x_wconf 70' lang='lat' dir='ltr'><strong>quae</strong></span> <span class='ocrx_word' id='word_1_253' title='bbox 1902 2009 2040 2062; x_wconf 68' lang='lat' dir='ltr'><strong>prae-</strong></span> 
     </span>
    </p>
   </div>
   <div class='ocr_carea' id='block_1_35' title="bbox 478 2083 2044 2151">
    <p class='ocr_par' dir='ltr' id='par_1_35' title="bbox 478 2083 2044 2151">
     <span class='ocr_line' id='line_1_35' title="bbox 478 2083 2044 2151; baseline 0.001 -14"><span class='ocrx_word' id='word_1_254' title='bbox 478 2083 622 2137; x_wconf 88' lang='lat' dir='ltr'><strong>clare</strong></span> <span class='ocrx_word' id='word_1_255' title='bbox 651 2097 710 2138; x_wconf 89' lang='lat' dir='ltr'><strong>se</strong></span> <span class='ocrx_word' id='word_1_256' title='bbox 755 2083 1041 2151; x_wconf 76' lang='lat' dir='ltr'><strong>gesserint,</strong></span> <span class='ocrx_word' id='word_1_257' title='bbox 1081 2094 1228 2139; x_wconf 89' lang='lat' dir='ltr'><strong>stare</strong></span> <span class='ocrx_word' id='word_1_258' title='bbox 1259 2084 1311 2137; x_wconf 91' lang='lat' dir='ltr'><strong>in</strong></span> <span class='ocrx_word' id='word_1_259' title='bbox 1347 2084 1615 2150; x_wconf 88' lang='lat' dir='ltr'><strong>veritate;</strong></span> <span class='ocrx_word' id='word_1_260' title='bbox 1661 2083 1746 2138; x_wconf 90' lang='lat' dir='ltr'><strong>sin</strong></span> <span class='ocrx_word' id='word_1_261' title='bbox 1782 2098 1910 2139; x_wconf 92' lang='lat' dir='ltr'><strong>vero</strong></span> <span class='ocrx_word' id='word_1_262' title='bbox 1943 2085 2044 2138; x_wconf 88' lang='lat' dir='ltr'><strong>ali-</strong></span> 
     </span>
    </p>
   </div>
   <div class='ocr_carea' id='block_1_36' title="bbox 478 2173 2035 2241">
    <p class='ocr_par' dir='ltr' id='par_1_36' title="bbox 478 2173 2035 2241">
     <span class='ocr_line' id='line_1_36' title="bbox 478 2173 2035 2241; baseline 0.003 -17"><span class='ocrx_word' id='word_1_263' title='bbox 478 2176 598 2241; x_wconf 90' lang='lat' dir='ltr'><strong>quis</strong></span> <span class='ocrx_word' id='word_1_264' title='bbox 622 2175 762 2230; x_wconf 90' lang='lat' dir='ltr'><strong>hunc</strong></span> <span class='ocrx_word' id='word_1_265' title='bbox 787 2175 838 2229; x_wconf 91' lang='lat' dir='ltr'><strong>in</strong></span> <span class='ocrx_word' id='word_1_266' title='bbox 873 2175 1086 2231; x_wconf 90' lang='lat' dir='ltr'><strong>modum</strong></span> <span class='ocrx_word' id='word_1_267' title='bbox 1132 2190 1237 2228; x_wconf 91' lang='lat' dir='ltr'><strong>non</strong></span> <span class='ocrx_word' id='word_1_268' title='bbox 1284 2173 1500 2237; x_wconf 80' lang='lat' dir='ltr'><strong>vixerit,</strong></span> <span class='ocrx_word' id='word_1_269' title='bbox 1535 2174 1582 2228; x_wconf 89' lang='lat' dir='ltr'><strong>is</strong></span> <span class='ocrx_word' id='word_1_270' title='bbox 1615 2189 1721 2229; x_wconf 89' lang='lat' dir='ltr'><strong>non</strong></span> <span class='ocrx_word' id='word_1_271' title='bbox 1777 2175 1930 2229; x_wconf 83' lang='lat' dir='ltr'><strong>stetit</strong></span> <span class='ocrx_word' id='word_1_272' title='bbox 1979 2176 2035 2230; x_wconf 91' lang='lat' dir='ltr'><strong>iu</strong></span> 
     </span>
    </p>
   </div>
   <div class='ocr_carea' id='block_1_37' title="bbox 478 2262 2045 2332">
    <p class='ocr_par' dir='ltr' id='par_1_37' title="bbox 478 2262 2045 2332">
     <span class='ocr_line' id='line_1_37' title="bbox 478 2262 2045 2332; baseline 0.003 -16"><span class='ocrx_word' id='word_1_273' title='bbox 478 2264 726 2318; x_wconf 85' lang='lat' dir='ltr'><strong>veritate.</strong></span> <span class='ocrx_word' id='word_1_274' title='bbox 779 2263 883 2318; x_wconf 86' lang='lat' dir='ltr'><strong>Sed</strong></span> <span class='ocrx_word' id='word_1_275' title='bbox 918 2264 1152 2319; x_wconf 89' lang='lat' dir='ltr'><strong>observo</strong></span> <span class='ocrx_word' id='word_1_276' title='bbox 1195 2277 1260 2316; x_wconf 89' lang='lat' dir='ltr'><strong>ne</strong></span> <span class='ocrx_word' id='word_1_277' title='bbox 1309 2262 1449 2318; x_wconf 78' lang='lat' dir='ltr'><strong>forte</strong></span> <span class='ocrx_word' id='word_1_278' title='bbox 1489 2277 1655 2316; x_wconf 91' lang='lat' dir='ltr'><strong>unum</strong></span> <span class='ocrx_word' id='word_1_279' title='bbox 1707 2264 1961 2332; x_wconf 84' lang='lat' dir='ltr'><strong>quiddam</strong></span> <span class='ocrx_word' id='word_1_280' title='bbox 1991 2275 2045 2320; x_wconf 90' lang='lat' dir='ltr'><strong>et</strong></span> 
     </span>
    </p>
   </div>
   <div class='ocr_carea' id='block_1_38' title="bbox 479 2351 2044 2418">
    <p class='ocr_par' dir='ltr' id='par_1_38' title="bbox 479 2351 2044 2418">
     <span class='ocr_line' id='line_1_38' title="bbox 479 2351 2044 2418; baseline 0.002 -11"><span class='ocrx_word' id='word_1_281' title='bbox 479 2351 1020 2417; x_wconf 80' lang='lat' dir='ltr'><strong>uniformesit,stare</strong></span> <span class='ocrx_word' id='word_1_282' title='bbox 1050 2352 1102 2406; x_wconf 92' lang='lat' dir='ltr'><strong>in</strong></span> <span class='ocrx_word' id='word_1_283' title='bbox 1127 2351 1388 2418; x_wconf 85' lang='lat' dir='ltr'><strong>veritate;</strong></span> <span class='ocrx_word' id='word_1_284' title='bbox 1418 2352 1628 2407; x_wconf 89' lang='lat' dir='ltr'><strong>varium</strong></span> <span class='ocrx_word' id='word_1_285' title='bbox 1657 2368 1788 2408; x_wconf 88' lang='lat' dir='ltr'><strong>vero</strong></span> <span class='ocrx_word' id='word_1_286' title='bbox 1819 2368 1883 2409; x_wconf 91' lang='lat' dir='ltr'><strong>ac</strong></span> <span class='ocrx_word' id='word_1_287' title='bbox 1909 2356 2044 2410; x_wconf 90' lang='lat' dir='ltr'><strong>mul-</strong></span> 
     </span>
    </p>
   </div>
   <div class='ocr_carea' id='block_1_39' title="bbox 482 2444 2043 2514">
    <p class='ocr_par' dir='ltr' id='par_1_39' title="bbox 482 2444 2043 2514">
     <span class='ocr_line' id='line_1_39' title="bbox 482 2444 2043 2514; baseline 0.003 -16"><span class='ocrx_word' id='word_1_288' title='bbox 482 2444 670 2512; x_wconf 83' lang='lat' dir='ltr'><strong>tiplex,</strong></span> <span class='ocrx_word' id='word_1_289' title='bbox 708 2459 816 2500; x_wconf 91' lang='lat' dir='ltr'><strong>non</strong></span> <span class='ocrx_word' id='word_1_290' title='bbox 860 2453 1006 2500; x_wconf 89' lang='lat' dir='ltr'><strong>stare</strong></span> <span class='ocrx_word' id='word_1_291' title='bbox 1040 2445 1096 2498; x_wconf 90' lang='lat' dir='ltr'><strong>i&#39;n</strong></span> <span class='ocrx_word' id='word_1_292' title='bbox 1141 2459 1241 2511; x_wconf 89' lang='lat' dir='ltr'><strong>ea;</strong></span> <span class='ocrx_word' id='word_1_293' title='bbox 1276 2444 1597 2514; x_wconf 72' lang='lat' dir='ltr'><strong>qui-busdam</strong></span> <span class='ocrx_word' id='word_1_294' title='bbox 1638 2447 1958 2502; x_wconf 90' lang='lat' dir='ltr'><strong>conantibus</strong></span> <span class='ocrx_word' id='word_1_295' title='bbox 1990 2447 2043 2502; x_wconf 92' lang='lat' dir='ltr'><strong>in</strong></span> 
     </span>
    </p>
   </div>
   <div class='ocr_carea' id='block_1_40' title="bbox 478 2535 2047 2609">
    <p class='ocr_par' dir='ltr' id='par_1_40' title="bbox 478 2535 2047 2609">
     <span class='ocr_line' id='line_1_40' title="bbox 478 2535 2047 2609; baseline 0.003 -18"><span class='ocrx_word' id='word_1_296' title='bbox 478 2552 543 2591; x_wconf 88' lang='lat' dir='ltr'><strong>ea</strong></span> <span class='ocrx_word' id='word_1_297' title='bbox 578 2545 762 2602; x_wconf 86' lang='lat' dir='ltr'><strong>stare,</strong></span> <span class='ocrx_word' id='word_1_298' title='bbox 791 2536 886 2591; x_wconf 87' lang='lat' dir='ltr'><strong>sed</strong></span> <span class='ocrx_word' id='word_1_299' title='bbox 923 2536 975 2591; x_wconf 92' lang='lat' dir='ltr'><strong>id</strong></span> <span class='ocrx_word' id='word_1_300' title='bbox 1017 2537 1231 2606; x_wconf 85' lang='lat' dir='ltr'><strong>assequi</strong></span> <span class='ocrx_word' id='word_1_301' title='bbox 1277 2551 1383 2591; x_wconf 91' lang='lat' dir='ltr'><strong>non</strong></span> <span class='ocrx_word' id='word_1_302' title='bbox 1419 2535 1748 2605; x_wconf 79' lang='lat' dir='ltr'><strong>valentibus,</strong></span> <span class='ocrx_word' id='word_1_303' title='bbox 1779 2537 1923 2608; x_wconf 87' lang='lat' dir='ltr'><strong>quod</strong></span> <span class='ocrx_word' id='word_1_304' title='bbox 1961 2555 2047 2609; x_wconf 89' lang='lat' dir='ltr'><strong>pe-</strong></span> 
     </span>
    </p>
   </div>
   <div class='ocr_carea' id='block_1_41' title="bbox 479 2626 2044 2695">
    <p class='ocr_par' dir='ltr' id='par_1_41' title="bbox 479 2626 2044 2695">
     <span class='ocr_line' id='line_1_41' title="bbox 479 2626 2044 2695; baseline 0.001 -12"><span class='ocrx_word' id='word_1_305' title='bbox 479 2628 574 2683; x_wconf 91' lang='lat' dir='ltr'><strong>des</strong></span> <span class='ocrx_word' id='word_1_306' title='bbox 620 2627 854 2682; x_wconf 88' lang='lat' dir='ltr'><strong>habeant</strong></span> <span class='ocrx_word' id='word_1_307' title='bbox 894 2627 1312 2694; x_wconf 83' lang='lat' dir='ltr'><strong>tremebundus,</strong></span> <span class='ocrx_word' id='word_1_308' title='bbox 1351 2635 1410 2680; x_wconf 91' lang='lat' dir='ltr'><strong>ut</strong></span> <span class='ocrx_word' id='word_1_309' title='bbox 1444 2626 1520 2682; x_wconf 89' lang='lat' dir='ltr'><strong>ita</strong></span> <span class='ocrx_word' id='word_1_310' title='bbox 1550 2628 1746 2695; x_wconf 80' lang='lat' dir='ltr'><strong>dicam,</strong></span> <span class='ocrx_word' id='word_1_311' title='bbox 1781 2638 1838 2684; x_wconf 92' lang='lat' dir='ltr'><strong>et</strong></span> <span class='ocrx_word' id='word_1_312' title='bbox 1875 2631 2044 2685; x_wconf 86' lang='lat' dir='ltr'><strong>vacil-</strong></span> 
     </span>
    </p>
   </div>
   <div class='ocr_carea' id='block_1_42' title="bbox 480 2718 2042 2786">
    <p class='ocr_par' dir='ltr' id='par_1_42' title="bbox 480 2718 2042 2786">
     <span class='ocr_line' id='line_1_42' title="bbox 480 2718 2042 2786; baseline 0.003 -14"><span class='ocrx_word' id='word_1_313' title='bbox 480 2720 690 2784; x_wconf 82' lang='lat' dir='ltr'><strong>lantes;</strong></span> <span class='ocrx_word' id='word_1_314' title='bbox 727 2721 847 2776; x_wconf 89' lang='lat' dir='ltr'><strong>aliis</strong></span> <span class='ocrx_word' id='word_1_315' title='bbox 890 2736 1040 2786; x_wconf 83' lang='lat' dir='ltr'><strong>vero,</strong></span> <span class='ocrx_word' id='word_1_316' title='bbox 1105 2719 1320 2776; x_wconf 87' lang='lat' dir='ltr'><strong>etiamsi</strong></span> <span class='ocrx_word' id='word_1_317' title='bbox 1367 2720 1472 2775; x_wconf 89' lang='lat' dir='ltr'><strong>hoc</strong></span> <span class='ocrx_word' id='word_1_318' title='bbox 1507 2722 1665 2776; x_wconf 90' lang='lat' dir='ltr'><strong>modo</strong></span> <span class='ocrx_word' id='word_1_319' title='bbox 1715 2718 1890 2776; x_wconf 81' lang='lat' dir='ltr'><strong>aﬂ&#39;ecti</strong></span> <span class='ocrx_word' id='word_1_320' title='bbox 1936 2738 2042 2776; x_wconf 92' lang='lat' dir='ltr'><strong>non</strong></span> 
     </span>
    </p>
   </div>
   <div class='ocr_carea' id='block_1_43' title="bbox 477 2811 2043 2883">
    <p class='ocr_par' dir='ltr' id='par_1_43' title="bbox 477 2811 2043 2883">
     <span class='ocr_line' id='line_1_43' title="bbox 477 2811 2043 2883; baseline 0.003 -19"><span class='ocrx_word' id='word_1_321' title='bbox 477 2811 699 2876; x_wconf 72' lang='lat' dir='ltr'><strong>fuerint,</strong></span> <span class='ocrx_word' id='word_1_322' title='bbox 747 2813 800 2867; x_wconf 89' lang='lat' dir='ltr'><strong>in</strong></span> <span class='ocrx_word' id='word_1_323' title='bbox 831 2813 1068 2883; x_wconf 82' lang='lat' dir='ltr'><strong>periculo</strong></span> <span class='ocrx_word' id='word_1_324' title='bbox 1101 2822 1278 2869; x_wconf 86' lang='lat' dir='ltr'><strong>tamen</strong></span> <span class='ocrx_word' id='word_1_325' title='bbox 1311 2814 1635 2879; x_wconf 91' lang='lat' dir='ltr'><strong>constitutis,</strong></span> <span class='ocrx_word' id='word_1_326' title='bbox 1667 2827 1733 2866; x_wconf 91' lang='lat' dir='ltr'><strong>ne</strong></span> <span class='ocrx_word' id='word_1_327' title='bbox 1759 2813 1896 2867; x_wconf 89' lang='lat' dir='ltr'><strong>idem</strong></span> <span class='ocrx_word' id='word_1_328' title='bbox 1940 2814 2043 2869; x_wconf 82' lang='lat' dir='ltr'><strong>sibi</strong></span> 
     </span>
    </p>
   </div>
   <div class='ocr_carea' id='block_1_44' title="bbox 477 2898 2047 2976">
    <p class='ocr_par' dir='ltr' id='par_1_44' title="bbox 477 2898 2047 2976">
     <span class='ocr_line' id='line_1_44' title="bbox 477 2898 2047 2976; baseline 0 -18"><span class='ocrx_word' id='word_1_329' title='bbox 477 2905 754 2975; x_wconf 82' lang='lat' dir='ltr'><strong>contingat</strong></span> <span class='ocrx_word' id='word_1_330' title='bbox 785 2923 800 2972; x_wconf 88' lang='lat'><strong>;</strong></span> <span class='ocrx_word' id='word_1_331' title='bbox 835 2906 1010 2975; x_wconf 87' lang='lat' dir='ltr'><strong>qualis</strong></span> <span class='ocrx_word' id='word_1_332' title='bbox 1049 2915 1170 2960; x_wconf 89' lang='lat' dir='ltr'><strong>erat</strong></span> <span class='ocrx_word' id='word_1_333' title='bbox 1205 2905 1296 2976; x_wconf 94' lang='lat' dir='ltr'><strong>qui</strong></span> <span class='ocrx_word' id='word_1_334' title='bbox 1332 2905 1509 2962; x_wconf 87' lang='lat' dir='ltr'><strong>dicit:</strong></span> <span class='ocrx_word' id='word_1_335' title='bbox 1541 2904 1647 2959; x_wconf 77' lang='lat' dir='ltr'><strong>Mei</strong></span> <span class='ocrx_word' id='word_1_336' title='bbox 1699 2898 1879 2960; x_wconf 87' lang='lat' dir='ltr'><strong>autem</strong></span> <span class='ocrx_word' id='word_1_337' title='bbox 1916 2921 2047 2973; x_wconf 83' lang='lat' dir='ltr'><strong>pene</strong></span> 
     </span>
    </p>
   </div>
   <div class='ocr_carea' id='block_1_45' title="bbox 477 2995 2041 3068">
    <p class='ocr_par' dir='ltr' id='par_1_45' title="bbox 477 2995 2041 3068">
     <span class='ocr_line' id='line_1_45' title="bbox 477 2995 2041 3068; baseline 0.001 -20"><span class='ocrx_word' id='word_1_338' title='bbox 477 2996 604 3048; x_wconf 78' lang='lat' dir='ltr'><strong>moti</strong></span> <span class='ocrx_word' id='word_1_339' title='bbox 623 3006 742 3048; x_wconf 77' lang='lat' dir='ltr'><strong>sunt</strong></span> <span class='ocrx_word' id='word_1_340' title='bbox 765 2997 918 3066; x_wconf 83' lang='lat' dir='ltr'><strong>pedes</strong></span> <span class='ocrx_word' id='word_1_341' title='bbox 944 2995 1028 3062; x_wconf 64' lang='grc' dir='ltr'><strong>ἰς</strong></span> <span class='ocrx_word' id='word_1_342' title='bbox 1061 3012 1382 3064; x_wconf 87' lang='lat' dir='ltr'><strong>rursumque</strong></span> <span class='ocrx_word' id='word_1_343' title='bbox 1426 2996 1595 3068; x_wconf 84' lang='lat' dir='ltr'><strong>etiam</strong></span> <span class='ocrx_word' id='word_1_344' title='bbox 1629 2995 1773 3057; x_wconf 85' lang='lat' dir='ltr'><strong>aliis.</strong></span> <span class='ocrx_word' id='word_1_345' title='bbox 1798 2997 1853 3049; x_wconf 92' lang='lat' dir='ltr'><strong>in</strong></span> <span class='ocrx_word' id='word_1_346' title='bbox 1889 3006 2041 3065; x_wconf 89' lang='lat' dir='ltr'><strong>petra</strong></span> 
     </span>
    </p>
   </div>
   <div class='ocr_carea' id='block_1_46' title="bbox 479 3081 2045 3155">
    <p class='ocr_par' dir='ltr' id='par_1_46' title="bbox 479 3081 2045 3155">
     <span class='ocr_line' id='line_1_46' title="bbox 479 3081 2045 3155; baseline 0.001 -19"><span class='ocrx_word' id='word_1_347' title='bbox 479 3081 804 3151; x_wconf 86' lang='lat' dir='ltr'><strong>labentibus,</strong></span> <span class='ocrx_word' id='word_1_348' title='bbox 833 3086 898 3139; x_wconf 90' lang='lat' dir='ltr'><strong>de</strong></span> <span class='ocrx_word' id='word_1_349' title='bbox 921 3086 1117 3154; x_wconf 88' lang='lat' dir='ltr'><strong>quibus</strong></span> <span class='ocrx_word' id='word_1_350' title='bbox 1141 3086 1247 3140; x_wconf 89' lang='lat' dir='ltr'><strong>dici</strong></span> <span class='ocrx_word' id='word_1_351' title='bbox 1269 3087 1462 3153; x_wconf 89' lang='lat' dir='ltr'><strong>opinor</strong></span> <span class='ocrx_word' id='word_1_352' title='bbox 1485 3086 1530 3118; x_wconf 80' lang='grc'><strong>⁸⁸</strong></span> <span class='ocrx_word' id='word_1_353' title='bbox 1563 3101 1579 3138; x_wconf 91' lang='lat'><strong>:</strong></span> <span class='ocrx_word' id='word_1_354' title='bbox 1612 3084 1818 3148; x_wconf 77' lang='lat' dir='ltr'><strong>Omnis,</strong></span> <span class='ocrx_word' id='word_1_355' title='bbox 1841 3086 1930 3155; x_wconf 89' lang='lat' dir='ltr'><strong>qui</strong></span> <span class='ocrx_word' id='word_1_356' title='bbox 1960 3102 2045 3139; x_wconf 86' lang='lat' dir='ltr'><strong>ce-</strong></span> 
     </span>
    </p>
   </div>
   <div class='ocr_carea' id='block_1_47' title="bbox 2142 1978 3649 2061">
    <p class='ocr_par' dir='ltr' id='par_1_47' title="bbox 2142 1978 3649 2061">
     <span class='ocr_line' id='line_1_47' title="bbox 2142 1978 3649 2061; baseline -0.009 -17"><span class='ocrx_word' id='word_1_357' title='bbox 2142 1991 2236 2045; x_wconf 73' lang='lat' dir='ltr'><strong>xal.</strong></span> <span class='ocrx_word' id='word_1_358' title='bbox 2263 1992 2318 2042; x_wconf 81' lang='grc' dir='ltr'>ὲν</span> <span class='ocrx_word' id='word_1_359' title='bbox 2337 1990 2405 2061; x_wconf 76' lang='grc' dir='ltr'>τῇ</span> <span class='ocrx_word' id='word_1_360' title='bbox 2435 1987 2658 2043; x_wconf 74' lang='grc' dir='ltr'>ἐκείνων</span> <span class='ocrx_word' id='word_1_361' title='bbox 2689 1987 2803 2057; x_wconf 79' lang='grc' dir='ltr'><strong>ζωῇ</strong></span> <span class='ocrx_word' id='word_1_362' title='bbox 2835 1982 3302 2055; x_wconf 68' lang='grc' dir='ltr'>τάυκατορθοῦντα</span> <span class='ocrx_word' id='word_1_363' title='bbox 3334 1978 3584 2051; x_wconf 83' lang='grc' dir='ltr'>ὲστηκέναι</span> <span class='ocrx_word' id='word_1_364' title='bbox 3607 1981 3649 2030; x_wconf 76' lang='grc' dir='ltr'><strong>ἐν</strong></span> 
     </span>
    </p>
   </div>
   <div class='ocr_carea' id='block_1_48' title="bbox 2139 2070 3649 2154">
    <p class='ocr_par' dir='ltr' id='par_1_48' title="bbox 2139 2070 3649 2154">
     <span class='ocr_line' id='line_1_48' title="bbox 2139 2070 3649 2154; baseline -0.01 -19"><span class='ocrx_word' id='word_1_365' title='bbox 2139 2085 2205 2154; x_wconf 80' lang='grc' dir='ltr'>τῇ</span> <span class='ocrx_word' id='word_1_366' title='bbox 2235 2081 2458 2153; x_wconf 73' lang='grc' dir='ltr'>ἀληθείᾳ</span> <span class='ocrx_word' id='word_1_367' title='bbox 2490 2078 2715 2142; x_wconf 90' lang='grc' dir='ltr'>δεόντως</span> <span class='ocrx_word' id='word_1_368' title='bbox 2741 2077 2918 2145; x_wconf 88' lang='grc' dir='ltr'>λέγειν</span> <span class='ocrx_word' id='word_1_369' title='bbox 2938 2092 2953 2107; x_wconf 79' lang='grc' dir='ltr'><strong>ο</strong></span> <span class='ocrx_word' id='word_1_370' title='bbox 2991 2076 3040 2128; x_wconf 85' lang='grc' dir='ltr'><strong>εί</strong></span> <span class='ocrx_word' id='word_1_371' title='bbox 3063 2072 3118 2126; x_wconf 87' lang='grc' dir='ltr'><strong>δέ</strong></span> <span class='ocrx_word' id='word_1_372' title='bbox 3145 2090 3228 2136; x_wconf 90' lang='grc' dir='ltr'><strong>τις</strong></span> <span class='ocrx_word' id='word_1_373' title='bbox 3265 2073 3338 2144; x_wconf 84' lang='grc' dir='ltr'>μὴ</span> <span class='ocrx_word' id='word_1_374' title='bbox 3365 2072 3518 2134; x_wconf 76' lang='grc' dir='ltr'>οὕτως</span> <span class='ocrx_word' id='word_1_375' title='bbox 3557 2070 3649 2137; x_wconf 80' lang='grc' dir='ltr'>βιοῖ,</span> 
     </span>
    </p>
   </div>
   <div class='ocr_carea' id='block_1_49' title="bbox 2141 2164 3650 2244">
    <p class='ocr_par' dir='ltr' id='par_1_49' title="bbox 2141 2164 3650 2244">
     <span class='ocr_line' id='line_1_49' title="bbox 2141 2164 3650 2244; baseline -0.01 -15"><span class='ocrx_word' id='word_1_376' title='bbox 2141 2175 2238 2244; x_wconf 86' lang='grc' dir='ltr'>οὐχ</span> <span class='ocrx_word' id='word_1_377' title='bbox 2269 2173 2499 2243; x_wconf 73' lang='grc' dir='ltr'>ἕστηκεν</span> <span class='ocrx_word' id='word_1_378' title='bbox 2557 2173 2614 2224; x_wconf 83' lang='grc' dir='ltr'><strong>ὲν</strong></span> <span class='ocrx_word' id='word_1_379' title='bbox 2642 2173 2707 2241; x_wconf 81' lang='grc' dir='ltr'>τῇ</span> <span class='ocrx_word' id='word_1_380' title='bbox 2740 2166 2985 2240; x_wconf 83' lang='grc' dir='ltr'>ἀληθείᾳ.</span> <span class='ocrx_word' id='word_1_381' title='bbox 3024 2165 3162 2220; x_wconf 82' lang='grc' dir='ltr'>Ἀλλ’</span> <span class='ocrx_word' id='word_1_382' title='bbox 3209 2165 3463 2235; x_wconf 76' lang='grc' dir='ltr'>ὲφίστημι</span> <span class='ocrx_word' id='word_1_383' title='bbox 3489 2164 3650 2233; x_wconf 77' lang='grc' dir='ltr'>μήποτε</span> 
     </span>
    </p>
   </div>
   <div class='ocr_carea' id='block_1_50' title="bbox 2141 2254 3650 2336">
    <p class='ocr_par' dir='ltr' id='par_1_50' title="bbox 2141 2254 3650 2336">
     <span class='ocr_line' id='line_1_50' title="bbox 2141 2254 3650 2336; baseline -0.009 -17"><span class='ocrx_word' id='word_1_384' title='bbox 2141 2266 2199 2319; x_wconf 87' lang='grc' dir='ltr'><strong>ἓν</strong></span> <span class='ocrx_word' id='word_1_385' title='bbox 2234 2265 2334 2336; x_wconf 89' lang='grc' dir='ltr'><strong>μέν</strong></span> <span class='ocrx_word' id='word_1_386' title='bbox 2355 2281 2408 2317; x_wconf 89' lang='grc' dir='ltr'><strong>τι</strong></span> <span class='ocrx_word' id='word_1_387' title='bbox 2430 2265 2524 2317; x_wconf 79' lang='grc' dir='ltr'>καὶ</span> <span class='ocrx_word' id='word_1_388' title='bbox 2555 2261 2824 2334; x_wconf 85' lang='grc' dir='ltr'>μονοειδές</span> <span class='ocrx_word' id='word_1_389' title='bbox 2857 2263 2970 2314; x_wconf 73' lang='grc' dir='ltr'>ἐστι</span> <span class='ocrx_word' id='word_1_390' title='bbox 2999 2259 3060 2312; x_wconf 84' lang='grc' dir='ltr'><strong>τὸ</strong></span> <span class='ocrx_word' id='word_1_391' title='bbox 3085 2257 3374 2328; x_wconf 85' lang='grc' dir='ltr'>έστηκέναι</span> <span class='ocrx_word' id='word_1_392' title='bbox 3395 2258 3450 2308; x_wconf 79' lang='grc' dir='ltr'><strong>ὲν</strong></span> <span class='ocrx_word' id='word_1_393' title='bbox 3472 2258 3529 2326; x_wconf 81' lang='grc' dir='ltr'>τῇ</span> <span class='ocrx_word' id='word_1_394' title='bbox 3553 2254 3650 2322; x_wconf 78' lang='grc' dir='ltr'>ἁλη·</span> 
     </span>
    </p>
   </div>
   <div class='ocr_carea' id='block_1_51' title="bbox 2144 2342 3651 2423">
    <p class='ocr_par' dir='ltr' id='par_1_51' title="bbox 2144 2342 3651 2423">
     <span class='ocr_line' id='line_1_51' title="bbox 2144 2342 3651 2423; baseline -0.007 -18"><span class='ocrx_word' id='word_1_395' title='bbox 2144 2351 2265 2423; x_wconf 73' lang='grc' dir='ltr'>θεία</span> <span class='ocrx_word' id='word_1_396' title='bbox 2283 2369 2298 2385; x_wconf 90' lang='grc'><strong>·</strong></span> <span class='ocrx_word' id='word_1_397' title='bbox 2334 2349 2575 2404; x_wconf 79' lang='grc' dir='ltr'>ποικίλον</span> <span class='ocrx_word' id='word_1_398' title='bbox 2589 2349 2645 2403; x_wconf 89' lang='grc' dir='ltr'><strong>δέ</strong></span> <span class='ocrx_word' id='word_1_399' title='bbox 2664 2366 2716 2402; x_wconf 93' lang='grc' dir='ltr'><strong>τι</strong></span> <span class='ocrx_word' id='word_1_400' title='bbox 2744 2349 2835 2402; x_wconf 71' lang='grc' dir='ltr'>καὶ</span> <span class='ocrx_word' id='word_1_401' title='bbox 2858 2346 3194 2418; x_wconf 85' lang='grc' dir='ltr'>πολύτροπον</span> <span class='ocrx_word' id='word_1_402' title='bbox 3223 2347 3286 2400; x_wconf 84' lang='grc' dir='ltr'><strong>τὸ</strong></span> <span class='ocrx_word' id='word_1_403' title='bbox 3319 2346 3392 2417; x_wconf 81' lang='grc' dir='ltr'>μὴ</span> <span class='ocrx_word' id='word_1_404' title='bbox 3420 2342 3651 2414; x_wconf 80' lang='grc' dir='ltr'>ἐστηκένοι</span> 
     </span>
    </p>
   </div>
   <div class='ocr_carea' id='block_1_52' title="bbox 2145 2435 3650 2513">
    <p class='ocr_par' dir='ltr' id='par_1_52' title="bbox 2145 2435 3650 2513">
     <span class='ocr_line' id='line_1_52' title="bbox 2145 2435 3650 2513; baseline -0.007 -17"><span class='ocrx_word' id='word_1_405' title='bbox 2145 2445 2202 2496; x_wconf 85' lang='grc' dir='ltr'><strong>ὲν</strong></span> <span class='ocrx_word' id='word_1_406' title='bbox 2225 2443 2382 2513; x_wconf 80' lang='grc' dir='ltr'>αὐτῇ,</span> <span class='ocrx_word' id='word_1_407' title='bbox 2415 2441 2577 2494; x_wconf 85' lang='grc' dir='ltr'>τινῶν</span> <span class='ocrx_word' id='word_1_408' title='bbox 2609 2441 2708 2512; x_wconf 84' lang='grc' dir='ltr'>μὲν</span> <span class='ocrx_word' id='word_1_409' title='bbox 2739 2439 3089 2512; x_wconf 83' lang='grc' dir='ltr'>τρεμούσαις,</span> <span class='ocrx_word' id='word_1_410' title='bbox 3134 2438 3200 2492; x_wconf 78' lang='grc' dir='ltr'><strong>ἶν’</strong></span> <span class='ocrx_word' id='word_1_411' title='bbox 3229 2436 3400 2500; x_wconf 77' lang='grc' dir='ltr'>οὕτως</span> <span class='ocrx_word' id='word_1_412' title='bbox 3435 2435 3650 2504; x_wconf 77' lang='grc' dir='ltr'>ὀνομάσω,</span> 
     </span>
    </p>
   </div>
   <div class='ocr_carea' id='block_1_53' title="bbox 2142 2527 3652 2605">
    <p class='ocr_par' dir='ltr' id='par_1_53' title="bbox 2142 2527 3652 2605">
     <span class='ocr_line' id='line_1_53' title="bbox 2142 2527 3652 2605; baseline -0.008 -16"><span class='ocrx_word' id='word_1_413' title='bbox 2142 2538 2260 2599; x_wconf 85' lang='grc' dir='ltr'>ταῖς</span> <span class='ocrx_word' id='word_1_414' title='bbox 2297 2535 2502 2605; x_wconf 84' lang='grc' dir='ltr'>βάσεσι,</span> <span class='ocrx_word' id='word_1_415' title='bbox 2531 2535 2622 2587; x_wconf 77' lang='grc' dir='ltr'><strong>καὶ</strong></span> <span class='ocrx_word' id='word_1_416' title='bbox 2666 2533 2970 2603; x_wconf 86' lang='grc' dir='ltr'>σειομέναις</span> <span class='ocrx_word' id='word_1_417' title='bbox 3003 2530 3339 2602; x_wconf 75' lang='grc' dir='ltr'>βιαζομένων</span> <span class='ocrx_word' id='word_1_418' title='bbox 3387 2529 3577 2581; x_wconf 77' lang='grc' dir='ltr'>ἑστάναι</span> <span class='ocrx_word' id='word_1_419' title='bbox 3612 2527 3652 2578; x_wconf 82' lang='grc' dir='ltr'><strong>ὲν</strong></span> 
     </span>
    </p>
   </div>
   <div class='ocr_carea' id='block_1_54' title="bbox 2145 2616 3654 2698">
    <p class='ocr_par' dir='ltr' id='par_1_54' title="bbox 2145 2616 3654 2698">
     <span class='ocr_line' id='line_1_54' title="bbox 2145 2616 3654 2698; baseline -0.008 -18"><span class='ocrx_word' id='word_1_420' title='bbox 2145 2628 2304 2698; x_wconf 77' lang='grc' dir='ltr'>αὐτῇ,</span> <span class='ocrx_word' id='word_1_421' title='bbox 2335 2627 2429 2679; x_wconf 76' lang='grc' dir='ltr'><strong>καὶ</strong></span> <span class='ocrx_word' id='word_1_422' title='bbox 2463 2625 2687 2697; x_wconf 79' lang='grc' dir='ltr'>μηδέπω</span> <span class='ocrx_word' id='word_1_423' title='bbox 2723 2624 2880 2677; x_wconf 84' lang='grc' dir='ltr'>τοῦτο</span> <span class='ocrx_word' id='word_1_424' title='bbox 2924 2623 3183 2694; x_wconf 76' lang='grc' dir='ltr'>ἑχόντων·</span> <span class='ocrx_word' id='word_1_425' title='bbox 3236 2621 3432 2692; x_wconf 80' lang='grc' dir='ltr'>ἑτέρων</span> <span class='ocrx_word' id='word_1_426' title='bbox 3452 2619 3503 2672; x_wconf 80' lang='grc' dir='ltr'><strong>δὲ</strong></span> <span class='ocrx_word' id='word_1_427' title='bbox 3536 2616 3654 2670; x_wconf 78' lang='grc' dir='ltr'>τοῦτο</span> 
     </span>
    </p>
   </div>
   <div class='ocr_carea' id='block_1_55' title="bbox 2150 2711 3654 2788">
    <p class='ocr_par' dir='ltr' id='par_1_55' title="bbox 2150 2711 3654 2788">
     <span class='ocr_line' id='line_1_55' title="bbox 2150 2711 3654 2788; baseline -0.007 -16"><span class='ocrx_word' id='word_1_428' title='bbox 2150 2719 2248 2788; x_wconf 85' lang='grc' dir='ltr'><strong>μὲν</strong></span> <span class='ocrx_word' id='word_1_429' title='bbox 2279 2719 2339 2770; x_wconf 89' lang='grc' dir='ltr'><strong>οὐ</strong></span> <span class='ocrx_word' id='word_1_430' title='bbox 2374 2717 2735 2782; x_wconf 83' lang='grc' dir='ltr'>πεπονθότων,</span> <span class='ocrx_word' id='word_1_431' title='bbox 2768 2718 2826 2771; x_wconf 83' lang='grc' dir='ltr'>ὲν</span> <span class='ocrx_word' id='word_1_432' title='bbox 2847 2715 3074 2786; x_wconf 84' lang='grc' dir='ltr'>κινδύνῳ</span> <span class='ocrx_word' id='word_1_433' title='bbox 3110 2715 3167 2769; x_wconf 84' lang='grc' dir='ltr'>δὲ</span> <span class='ocrx_word' id='word_1_434' title='bbox 3197 2713 3294 2768; x_wconf 84' lang='grc' dir='ltr'>τοῦ</span> <span class='ocrx_word' id='word_1_435' title='bbox 3325 2716 3384 2766; x_wconf 77' lang='grc' dir='ltr'><strong>ὲν</strong></span> <span class='ocrx_word' id='word_1_436' title='bbox 3407 2711 3560 2780; x_wconf 83' lang='grc' dir='ltr'>τούτῳ</span> <span class='ocrx_word' id='word_1_437' title='bbox 3587 2725 3654 2777; x_wconf 75' lang='grc' dir='ltr'><strong>γε·</strong></span> 
     </span>
    </p>
   </div>
   <div class='ocr_carea' id='block_1_56' title="bbox 2148 2797 3653 2878">
    <p class='ocr_par' dir='ltr' id='par_1_56' title="bbox 2148 2797 3653 2878">
     <span class='ocr_line' id='line_1_56' title="bbox 2148 2797 3653 2878; baseline -0.005 -16"><span class='ocrx_word' id='word_1_438' title='bbox 2148 2809 2330 2862; x_wconf 83' lang='grc' dir='ltr'>νέσθαι</span> <span class='ocrx_word' id='word_1_439' title='bbox 2357 2807 2787 2878; x_wconf 81' lang='grc' dir='ltr'>καθεστηκότων,</span> <span class='ocrx_word' id='word_1_440' title='bbox 2836 2806 3016 2869; x_wconf 82' lang='grc' dir='ltr'>ὁποῖός</span> <span class='ocrx_word' id='word_1_441' title='bbox 3047 2807 3194 2858; x_wconf 79' lang='grc' dir='ltr'>ἐστιν</span> <span class='ocrx_word' id='word_1_442' title='bbox 3229 2807 3258 2858; x_wconf 86' lang='grc' dir='ltr'>ὁ</span> <span class='ocrx_word' id='word_1_443' title='bbox 3282 2803 3477 2872; x_wconf 87' lang='grc' dir='ltr'>λέγων·</span> <span class='ocrx_word' id='word_1_444' title='bbox 3517 2797 3653 2868; x_wconf 73' lang='grc' dir='ltr'><strong>Ἑμοῦ</strong></span> 
     </span>
    </p>
   </div>
   <div class='ocr_carea' id='block_1_57' title="bbox 2145 2890 3654 2971">
    <p class='ocr_par' dir='ltr' id='par_1_57' title="bbox 2145 2890 3654 2971">
     <span class='ocr_line' id='line_1_57' title="bbox 2145 2890 3654 2971; baseline -0.007 -17"><span class='ocrx_word' id='word_1_445' title='bbox 2145 2901 2213 2954; x_wconf 79' lang='grc' dir='ltr'>δὲ</span> <span class='ocrx_word' id='word_1_446' title='bbox 2236 2901 2394 2970; x_wconf 81' lang='grc' dir='ltr'>παρὰ</span> <span class='ocrx_word' id='word_1_447' title='bbox 2417 2901 2633 2971; x_wconf 79' lang='grc' dir='ltr'>μικρὸν</span> <span class='ocrx_word' id='word_1_448' title='bbox 2659 2899 3078 2967; x_wconf 74' lang='grc' dir='ltr'>ὲσαλεύθησαν</span> <span class='ocrx_word' id='word_1_449' title='bbox 3099 2899 3152 2950; x_wconf 80' lang='grc' dir='ltr'>οι</span> <span class='ocrx_word' id='word_1_450' title='bbox 3182 2895 3385 2962; x_wconf 82' lang='grc' dir='ltr'>πόδες,</span> <span class='ocrx_word' id='word_1_451' title='bbox 3416 2895 3500 2947; x_wconf 78' lang='grc' dir='ltr'><strong>καὶ</strong></span> <span class='ocrx_word' id='word_1_452' title='bbox 3523 2890 3654 2945; x_wconf 74' lang='grc' dir='ltr'>ἄλλων</span> 
     </span>
    </p>
   </div>
   <div class='ocr_carea' id='block_1_58' title="bbox 2147 2983 3650 3062">
    <p class='ocr_par' dir='ltr' id='par_1_58' title="bbox 2147 2983 3650 3062">
     <span class='ocr_line' id='line_1_58' title="bbox 2147 2983 3650 3062; baseline -0.008 -15"><span class='ocrx_word' id='word_1_453' title='bbox 2147 2995 2241 3048; x_wconf 79' lang='grc' dir='ltr'>καὶ</span> <span class='ocrx_word' id='word_1_454' title='bbox 2269 2993 2631 3046; x_wconf 87' lang='grc' dir='ltr'>πεπτωκότων</span> <span class='ocrx_word' id='word_1_455' title='bbox 2656 2993 2712 3045; x_wconf 81' lang='grc' dir='ltr'><strong>ὲν</strong></span> <span class='ocrx_word' id='word_1_456' title='bbox 2733 2993 2889 3062; x_wconf 84' lang='grc' dir='ltr'>αὐτῇ,</span> <span class='ocrx_word' id='word_1_457' title='bbox 2925 2991 3052 3062; x_wconf 75' lang='grc' dir='ltr'>περὶ</span> <span class='ocrx_word' id='word_1_458' title='bbox 3078 2983 3153 3043; x_wconf 81' lang='grc' dir='ltr'><strong>ὧν</strong></span> <span class='ocrx_word' id='word_1_459' title='bbox 3177 2985 3329 3059; x_wconf 84' lang='grc' dir='ltr'>οἶμαι</span> <span class='ocrx_word' id='word_1_460' title='bbox 3349 2985 3572 3054; x_wconf 85' lang='grc' dir='ltr'>λέγεσθαι</span> <span class='ocrx_word' id='word_1_461' title='bbox 3593 2999 3650 3035; x_wconf 87' lang='grc' dir='ltr'><strong>το·</strong></span> 
     </span>
    </p>
   </div>
   <div class='ocr_carea' id='block_1_59' title="bbox 2146 3072 3653 3151">
    <p class='ocr_par' dir='ltr' id='par_1_59' title="bbox 2146 3072 3653 3151">
     <span class='ocr_line' id='line_1_59' title="bbox 2146 3072 3653 3151; baseline -0.007 -12"><span class='ocrx_word' id='word_1_462' title='bbox 2146 3084 2271 3151; x_wconf 84' lang='grc' dir='ltr'><strong>Πᾶς</strong></span> <span class='ocrx_word' id='word_1_463' title='bbox 2294 3087 2326 3138; x_wconf 85' lang='grc' dir='ltr'><strong>ό</strong></span> <span class='ocrx_word' id='word_1_464' title='bbox 2358 3082 2562 3137; x_wconf 74' lang='grc' dir='ltr'>πεσὼν</span> <span class='ocrx_word' id='word_1_465' title='bbox 2587 3083 2686 3136; x_wconf 80' lang='grc' dir='ltr'><strong>ἐπὶ</strong></span> <span class='ocrx_word' id='word_1_466' title='bbox 2712 3082 2819 3136; x_wconf 80' lang='grc' dir='ltr'><strong>τὸν</strong></span> <span class='ocrx_word' id='word_1_467' title='bbox 2846 3082 3025 3136; x_wconf 73' lang='grc' dir='ltr'>λίθον</span> <span class='ocrx_word' id='word_1_468' title='bbox 3074 3081 3293 3134; x_wconf 77' lang='grc' dir='ltr'>τοῦτον</span> <span class='ocrx_word' id='word_1_469' title='bbox 3322 3072 3653 3139; x_wconf 71' lang='grc' dir='ltr'><strong>συνθλασθή-</strong></span> 
     </span>
    </p>
   </div>
   <div class='ocr_carea' id='block_1_60' title="bbox 479 3163 2042 3244">
    <p class='ocr_par' dir='ltr' id='par_1_60' title="bbox 479 3173 2040 3244">
     <span class='ocr_line' id='line_1_60' title="bbox 479 3173 2040 3244; baseline 0.005 -20"><span class='ocrx_word' id='word_1_470' title='bbox 479 3173 663 3226; x_wconf 84' lang='lat' dir='ltr'><strong>ciderit</strong></span> <span class='ocrx_word' id='word_1_471' title='bbox 689 3191 846 3244; x_wconf 89' lang='lat' dir='ltr'><strong>super</strong></span> <span class='ocrx_word' id='word_1_472' title='bbox 863 3187 1064 3242; x_wconf 85' lang='lat' dir='ltr'><strong>petram</strong></span> <span class='ocrx_word' id='word_1_473' title='bbox 1110 3176 1262 3240; x_wconf 83' lang='lat' dir='ltr'><strong>hanc,</strong></span> <span class='ocrx_word' id='word_1_474' title='bbox 1282 3187 1596 3232; x_wconf 83' lang='lat' dir='ltr'><strong>conteretur.</strong></span> <span class='ocrx_word' id='word_1_475' title='bbox 1636 3177 1715 3230; x_wconf 84' lang='lat' dir='ltr'><strong>Ad</strong></span> <span class='ocrx_word' id='word_1_476' title='bbox 1761 3177 1864 3232; x_wconf 85' lang='lat' dir='ltr'><strong>ltoc</strong></span> <span class='ocrx_word' id='word_1_477' title='bbox 1895 3186 2040 3232; x_wconf 89' lang='lat' dir='ltr'><strong>stare</strong></span> 
     </span>
    </p>
   </div>
   <div class='ocr_carea' id='block_1_61' title="bbox 2146 3163 3654 3244">
    <p class='ocr_par' dir='ltr' id='par_1_61' title="bbox 2147 3163 3654 3242">
     <span class='ocr_line' id='line_1_61' title="bbox 2147 3163 3654 3242; baseline -0.009 -12"><span class='ocrx_word' id='word_1_478' title='bbox 2147 3191 2335 3230; x_wconf 79' lang='grc' dir='ltr'>σεται.</span> <span class='ocrx_word' id='word_1_479' title='bbox 2377 3175 2498 3227; x_wconf 80' lang='grc' dir='ltr'><strong>Ἐπὶ</strong></span> <span class='ocrx_word' id='word_1_480' title='bbox 2529 3172 2685 3227; x_wconf 86' lang='grc' dir='ltr'>τοῦτο</span> <span class='ocrx_word' id='word_1_481' title='bbox 2706 3174 2766 3226; x_wconf 83' lang='grc' dir='ltr'>τὸ</span> <span class='ocrx_word' id='word_1_482' title='bbox 2797 3172 3015 3227; x_wconf 79' lang='grc' dir='ltr'>ἑστάναι</span> <span class='ocrx_word' id='word_1_483' title='bbox 3038 3173 3095 3225; x_wconf 85' lang='grc' dir='ltr'>ὲν</span> <span class='ocrx_word' id='word_1_484' title='bbox 3127 3173 3192 3242; x_wconf 80' lang='grc' dir='ltr'>τῇ</span> <span class='ocrx_word' id='word_1_485' title='bbox 3232 3167 3452 3241; x_wconf 73' lang='grc' dir='ltr'>ἀληθείᾳ</span> <span class='ocrx_word' id='word_1_486' title='bbox 3474 3163 3654 3237; x_wconf 68' lang='grc' dir='ltr'>προτρέ-</span> 
     </span>
    </p>
   </div>
   <div class='ocr_carea' id='block_1_62' title="bbox 479 3262 2039 3334">
    <p class='ocr_par' dir='ltr' id='par_1_62' title="bbox 479 3262 2039 3334">
     <span class='ocr_line' id='line_1_62' title="bbox 479 3262 2039 3334; baseline 0.003 -16"><span class='ocrx_word' id='word_1_487' title='bbox 479 3262 534 3318; x_wconf 91' lang='lat' dir='ltr'><strong>in</strong></span> <span class='ocrx_word' id='word_1_488' title='bbox 557 3265 781 3318; x_wconf 86' lang='lat' dir='ltr'><strong>veritate</strong></span> <span class='ocrx_word' id='word_1_489' title='bbox 815 3265 1072 3320; x_wconf 90' lang='lat' dir='ltr'><strong>Dominus</strong></span> <span class='ocrx_word' id='word_1_490' title='bbox 1093 3267 1389 3322; x_wconf 88' lang='lat' dir='ltr'><strong>adhortans</strong></span> <span class='ocrx_word' id='word_1_491' title='bbox 1411 3267 1768 3334; x_wconf 83' lang='lat' dir='ltr'><strong>Mosen,dixit</strong></span> <span class='ocrx_word' id='word_1_492' title='bbox 1785 3267 1852 3321; x_wconf 90' lang='lat' dir='ltr'><strong>ad</strong></span> <span class='ocrx_word' id='word_1_493' title='bbox 1881 3282 2039 3322; x_wconf 88' lang='lat' dir='ltr'><strong>eum:</strong></span> 
     </span>
    </p>
   </div>
   <div class='ocr_carea' id='block_1_63' title="bbox 482 3353 2038 3428">
    <p class='ocr_par' dir='ltr' id='par_1_63' title="bbox 482 3353 2038 3428">
     <span class='ocr_line' id='line_1_63' title="bbox 482 3353 2038 3428; baseline 0.005 -22"><span class='ocrx_word' id='word_1_494' title='bbox 482 3353 615 3408; x_wconf 82' lang='lat' dir='ltr'><strong>Ecce</strong></span> <span class='ocrx_word' id='word_1_495' title='bbox 647 3355 792 3410; x_wconf 84' lang='lat' dir='ltr'><strong>locus</strong></span> <span class='ocrx_word' id='word_1_496' title='bbox 817 3359 956 3424; x_wconf 84' lang='lat' dir='ltr'><strong>apud</strong></span> <span class='ocrx_word' id='word_1_497' title='bbox 981 3375 1084 3423; x_wconf 88' lang='lat' dir='ltr'><strong>me,</strong></span> <span class='ocrx_word' id='word_1_498' title='bbox 1111 3368 1160 3412; x_wconf 90' lang='lat' dir='ltr'><strong>et</strong></span> <span class='ocrx_word' id='word_1_499' title='bbox 1198 3359 1360 3413; x_wconf 91' lang='lat' dir='ltr'><strong>stabis</strong></span> <span class='ocrx_word' id='word_1_500' title='bbox 1387 3375 1543 3428; x_wconf 84' lang='lat' dir='ltr'><strong>super</strong></span> <span class='ocrx_word' id='word_1_501' title='bbox 1565 3369 1767 3428; x_wconf 82' lang='lat' dir='ltr'><strong>petram</strong></span> <span class='ocrx_word' id='word_1_502' title='bbox 1794 3360 1841 3392; x_wconf 81' lang='lat'><strong>“</strong></span> <span class='ocrx_word' id='word_1_503' title='bbox 1864 3379 1883 3425; x_wconf 89' lang='lat'><strong>;</strong></span> <span class='ocrx_word' id='word_1_504' title='bbox 1915 3375 2038 3414; x_wconf 89' lang='lat' dir='ltr'><strong>nam</strong></span> 
     </span>
    </p>
   </div>
   <div class='ocr_carea' id='block_1_64' title="bbox 480 3447 2041 3524">
    <p class='ocr_par' dir='ltr' id='par_1_64' title="bbox 480 3447 2041 3524">
     <span class='ocr_line' id='line_1_64' title="bbox 480 3447 2041 3524; baseline 0.006 -26"><span class='ocrx_word' id='word_1_505' title='bbox 480 3447 528 3499; x_wconf 86' lang='lat' dir='ltr'><strong>si</strong></span> <span class='ocrx_word' id='word_1_506' title='bbox 573 3455 720 3513; x_wconf 89' lang='lat' dir='ltr'><strong>petra</strong></span> <span class='ocrx_word' id='word_1_507' title='bbox 756 3447 1005 3504; x_wconf 86' lang='lat' dir='ltr'><strong>Christus</strong></span> <span class='ocrx_word' id='word_1_508' title='bbox 1048 3459 1167 3507; x_wconf 85' lang='lat' dir='ltr'><strong>erat</strong></span> <span class='ocrx_word' id='word_1_509' title='bbox 1193 3451 1258 3517; x_wconf 82' lang='grc'><strong>⁸⁷,</strong></span> <span class='ocrx_word' id='word_1_510' title='bbox 1286 3451 1646 3522; x_wconf 88' lang='lat' dir='ltr'><strong>Christusque</strong></span> <span class='ocrx_word' id='word_1_511' title='bbox 1681 3451 1854 3522; x_wconf 88' lang='lat' dir='ltr'><strong>inquit</strong></span> <span class='ocrx_word' id='word_1_512' title='bbox 1885 3470 1901 3507; x_wconf 91' lang='lat'><strong>:</strong></span> <span class='ocrx_word' id='word_1_513' title='bbox 1928 3451 2041 3524; x_wconf 81' lang='lat' dir='ltr'><strong>Ego</strong></span> 
     </span>
    </p>
   </div>
   <div class='ocr_carea' id='block_1_65' title="bbox 483 3539 2042 3617">
    <p class='ocr_par' dir='ltr' id='par_1_65' title="bbox 483 3539 2042 3617">
     <span class='ocr_line' id='line_1_65' title="bbox 483 3539 2042 3617; baseline 0.008 -28"><span class='ocrx_word' id='word_1_514' title='bbox 483 3551 597 3589; x_wconf 73' lang='lat' dir='ltr'><strong>sum</strong></span> <span class='ocrx_word' id='word_1_515' title='bbox 625 3539 818 3592; x_wconf 81' lang='lat' dir='ltr'><strong>veritas</strong></span> <span class='ocrx_word' id='word_1_516' title='bbox 830 3539 896 3603; x_wconf 81' lang='grc'><strong>⁸⁸,</strong></span> <span class='ocrx_word' id='word_1_517' title='bbox 916 3539 1165 3597; x_wconf 79' lang='lat' dir='ltr'><strong>fortassis</strong></span> <span class='ocrx_word' id='word_1_518' title='bbox 1194 3543 1297 3599; x_wconf 88' lang='lat' dir='ltr'><strong>hoc</strong></span> <span class='ocrx_word' id='word_1_519' title='bbox 1319 3544 1548 3612; x_wconf 87' lang='lat' dir='ltr'><strong>dictum,</strong></span> <span class='ocrx_word' id='word_1_520' title='bbox 1577 3545 1739 3601; x_wconf 79' lang='lat' dir='ltr'><strong>stabis</strong></span> <span class='ocrx_word' id='word_1_521' title='bbox 1763 3563 1920 3614; x_wconf 88' lang='lat' dir='ltr'><strong>super</strong></span> <span class='ocrx_word' id='word_1_522' title='bbox 1948 3563 2042 3617; x_wconf 87' lang='lat' dir='ltr'><strong>pe-</strong></span> 
     </span>
    </p>
   </div>
   <div class='ocr_carea' id='block_1_66' title="bbox 483 3629 2042 3706">
    <p class='ocr_par' dir='ltr' id='par_1_66' title="bbox 483 3629 2042 3706">
     <span class='ocr_line' id='line_1_66' title="bbox 483 3629 2042 3706; baseline 0.008 -26"><span class='ocrx_word' id='word_1_523' title='bbox 483 3638 645 3692; x_wconf 87' lang='lat' dir='ltr'><strong>tram,</strong></span> <span class='ocrx_word' id='word_1_524' title='bbox 670 3629 809 3685; x_wconf 89' lang='lat' dir='ltr'><strong>idem</strong></span> <span class='ocrx_word' id='word_1_525' title='bbox 835 3641 920 3687; x_wconf 84' lang='lat' dir='ltr'><strong>est</strong></span> <span class='ocrx_word' id='word_1_526' title='bbox 946 3642 1107 3703; x_wconf 87' lang='lat' dir='ltr'><strong>atque</strong></span> <span class='ocrx_word' id='word_1_527' title='bbox 1154 3635 1285 3693; x_wconf 89' lang='lat' dir='ltr'><strong>hoc:</strong></span> <span class='ocrx_word' id='word_1_528' title='bbox 1309 3635 1491 3691; x_wconf 88' lang='lat' dir='ltr'><strong>Stabis</strong></span> <span class='ocrx_word' id='word_1_529' title='bbox 1521 3651 1684 3706; x_wconf 87' lang='lat' dir='ltr'><strong>supra</strong></span> <span class='ocrx_word' id='word_1_530' title='bbox 1728 3639 2042 3706; x_wconf 87' lang='lat' dir='ltr'><strong>veritatem;</strong></span> 
     </span>
    </p>
   </div>
   <div class='ocr_carea' id='block_1_67' title="bbox 487 3719 2042 3797">
    <p class='ocr_par' dir='ltr' id='par_1_67' title="bbox 487 3719 2042 3797">
     <span class='ocr_line' id='line_1_67' title="bbox 487 3719 2042 3797; baseline 0.007 -27"><span class='ocrx_word' id='word_1_531' title='bbox 487 3719 539 3771; x_wconf 88' lang='lat' dir='ltr'><strong>id</strong></span> <span class='ocrx_word' id='word_1_532' title='bbox 591 3721 734 3789; x_wconf 91' lang='lat' dir='ltr'><strong>quod</strong></span> <span class='ocrx_word' id='word_1_533' title='bbox 771 3721 860 3775; x_wconf 81' lang='lat' dir='ltr'><strong>vix</strong></span> <span class='ocrx_word' id='word_1_534' title='bbox 915 3734 1038 3793; x_wconf 89' lang='lat' dir='ltr'><strong>post</strong></span> <span class='ocrx_word' id='word_1_535' title='bbox 1067 3725 1235 3780; x_wconf 90' lang='lat' dir='ltr'><strong>multa</strong></span> <span class='ocrx_word' id='word_1_536' title='bbox 1283 3726 1498 3782; x_wconf 88' lang='lat' dir='ltr'><strong>tandem</strong></span> <span class='ocrx_word' id='word_1_537' title='bbox 1551 3727 1816 3797; x_wconf 80' lang='lat' dir='ltr'><strong>contingit</strong></span> <span class='ocrx_word' id='word_1_538' title='bbox 1860 3728 2042 3783; x_wconf 90' lang='lat' dir='ltr'><strong>alicui.</strong></span> 
     </span>
    </p>
   </div>
   <div class='ocr_carea' id='block_1_68' title="bbox 489 3809 2046 3889">
    <p class='ocr_par' dir='ltr' id='par_1_68' title="bbox 489 3809 2046 3889">
     <span class='ocr_line' id='line_1_68' title="bbox 489 3809 2046 3889; baseline 0.007 -25"><span class='ocrx_word' id='word_1_539' title='bbox 489 3809 643 3865; x_wconf 86' lang='lat' dir='ltr'><strong>Unde</strong></span> <span class='ocrx_word' id='word_1_540' title='bbox 675 3813 740 3866; x_wconf 91' lang='lat' dir='ltr'><strong>ad</strong></span> <span class='ocrx_word' id='word_1_541' title='bbox 769 3813 820 3868; x_wconf 91' lang='lat' dir='ltr'><strong>id</strong></span> <span class='ocrx_word' id='word_1_542' title='bbox 849 3815 1013 3870; x_wconf 83' lang='lat' dir='ltr'><strong>etiam</strong></span> <span class='ocrx_word' id='word_1_543' title='bbox 1043 3833 1210 3887; x_wconf 88' lang='lat' dir='ltr'><strong>usque</strong></span> <span class='ocrx_word' id='word_1_544' title='bbox 1259 3821 1542 3889; x_wconf 88' lang='lat' dir='ltr'><strong>temporis,</strong></span> <span class='ocrx_word' id='word_1_545' title='bbox 1574 3834 1681 3889; x_wconf 93' lang='lat' dir='ltr'><strong>quo</strong></span> <span class='ocrx_word' id='word_1_546' title='bbox 1724 3821 1864 3876; x_wconf 87' lang='lat' dir='ltr'><strong>dicta</strong></span> <span class='ocrx_word' id='word_1_547' title='bbox 1897 3819 2046 3876; x_wconf 81' lang='lat' dir='ltr'><strong>fuere</strong></span> 
     </span>
    </p>
   </div>
   <div class='ocr_carea' id='block_1_69' title="bbox 486 3899 2046 3978">
    <p class='ocr_par' dir='ltr' id='par_1_69' title="bbox 486 3899 2046 3978">
     <span class='ocr_line' id='line_1_69' title="bbox 486 3899 2046 3978; baseline 0.007 -24"><span class='ocrx_word' id='word_1_548' title='bbox 486 3899 602 3956; x_wconf 64' lang='lat' dir='ltr'><strong>haec</strong></span> <span class='ocrx_word' id='word_1_549' title='bbox 636 3904 794 3956; x_wconf 89' lang='lat' dir='ltr'><strong>verba</strong></span> <span class='ocrx_word' id='word_1_550' title='bbox 831 3903 961 3958; x_wconf 83' lang='lat' dir='ltr'><strong>Mosi</strong></span> <span class='ocrx_word' id='word_1_551' title='bbox 991 3922 1005 3959; x_wconf 91' lang='lat'><strong>:</strong></span> <span class='ocrx_word' id='word_1_552' title='bbox 1039 3904 1172 3960; x_wconf 85' lang='lat' dir='ltr'><strong>Ecce</strong></span> <span class='ocrx_word' id='word_1_553' title='bbox 1201 3907 1346 3962; x_wconf 89' lang='lat' dir='ltr'><strong>locus</strong></span> <span class='ocrx_word' id='word_1_554' title='bbox 1385 3911 1527 3978; x_wconf 86' lang='lat' dir='ltr'><strong>apud</strong></span> <span class='ocrx_word' id='word_1_555' title='bbox 1563 3925 1643 3964; x_wconf 86' lang='lat' dir='ltr'><strong>me</strong></span> <span class='ocrx_word' id='word_1_556' title='bbox 1680 3919 1781 3976; x_wconf 88' lang='lat' dir='ltr'><strong>est,</strong></span> <span class='ocrx_word' id='word_1_557' title='bbox 1804 3920 1851 3964; x_wconf 89' lang='lat' dir='ltr'><strong>et</strong></span> <span class='ocrx_word' id='word_1_558' title='bbox 1883 3912 2046 3965; x_wconf 84' lang='lat' dir='ltr'><strong>stabis</strong></span> 
     </span>
    </p>
   </div>
   <div class='ocr_carea' id='block_1_70' title="bbox 482 3993 2047 4070">
    <p class='ocr_par' dir='ltr' id='par_1_70' title="bbox 482 3993 2047 4070">
     <span class='ocr_line' id='line_1_70' title="bbox 482 3993 2047 4070; baseline 0.009 -29"><span class='ocrx_word' id='word_1_559' title='bbox 482 4004 642 4056; x_wconf 84' lang='lat' dir='ltr'><strong>super</strong></span> <span class='ocrx_word' id='word_1_560' title='bbox 663 4002 884 4060; x_wconf 84' lang='lat' dir='ltr'><strong>petram,</strong></span> <span class='ocrx_word' id='word_1_561' title='bbox 901 3993 1075 4050; x_wconf 79' lang='lat' dir='ltr'><strong>Moses</strong></span> <span class='ocrx_word' id='word_1_562' title='bbox 1100 4011 1203 4052; x_wconf 90' lang='lat' dir='ltr'><strong>non</strong></span> <span class='ocrx_word' id='word_1_563' title='bbox 1227 4006 1450 4054; x_wconf 87' lang='lat' dir='ltr'><strong>steterat</strong></span> <span class='ocrx_word' id='word_1_564' title='bbox 1471 4014 1632 4070; x_wconf 90' lang='lat' dir='ltr'><strong>super</strong></span> <span class='ocrx_word' id='word_1_565' title='bbox 1651 4000 2047 4068; x_wconf 82' lang='lat' dir='ltr'><strong>petram.Quod</strong></span> 
     </span>
    </p>
   </div>
   <div class='ocr_carea' id='block_1_71' title="bbox 487 4079 2045 4155">
    <p class='ocr_par' dir='ltr' id='par_1_71' title="bbox 487 4079 2045 4155">
     <span class='ocr_line' id='line_1_71' title="bbox 487 4079 2045 4155; baseline 0.01 -24"><span class='ocrx_word' id='word_1_566' title='bbox 487 4079 530 4131; x_wconf 88' lang='lat' dir='ltr'><strong>si</strong></span> <span class='ocrx_word' id='word_1_567' title='bbox 551 4079 672 4147; x_wconf 90' lang='lat' dir='ltr'><strong>quis</strong></span> <span class='ocrx_word' id='word_1_568' title='bbox 692 4081 1004 4150; x_wconf 88' lang='lat' dir='ltr'><strong>diligentius</strong></span> <span class='ocrx_word' id='word_1_569' title='bbox 1031 4084 1326 4155; x_wconf 78' lang='lat' dir='ltr'><strong>inspexerit</strong></span> <span class='ocrx_word' id='word_1_570' title='bbox 1345 4097 1594 4143; x_wconf 86' lang='lat' dir='ltr'><strong>naturam</strong></span> <span class='ocrx_word' id='word_1_571' title='bbox 1618 4089 1907 4145; x_wconf 86' lang='lat' dir='ltr'><strong>humanam</strong></span> <span class='ocrx_word' id='word_1_572' title='bbox 1942 4107 2045 4146; x_wconf 91' lang='lat' dir='ltr'><strong>non</strong></span> 
     </span>
    </p>
   </div>
   <div class='ocr_carea' id='block_1_72' title="bbox 489 4167 2050 4251">
    <p class='ocr_par' dir='ltr' id='par_1_72' title="bbox 489 4167 2050 4251">
     <span class='ocr_line' id='line_1_72' title="bbox 489 4167 2050 4251; baseline 0.01 -31"><span class='ocrx_word' id='word_1_573' title='bbox 489 4167 650 4226; x_wconf 77' lang='lat' dir='ltr'><strong>facile</strong></span> <span class='ocrx_word' id='word_1_574' title='bbox 680 4173 946 4228; x_wconf 86' lang='lat' dir='ltr'><strong>valentem</strong></span> <span class='ocrx_word' id='word_1_575' title='bbox 974 4187 1032 4230; x_wconf 81' lang='lat' dir='ltr'><strong>se</strong></span> <span class='ocrx_word' id='word_1_576' title='bbox 1071 4176 1334 4232; x_wconf 89' lang='lat' dir='ltr'><strong>mundare</strong></span> <span class='ocrx_word' id='word_1_577' title='bbox 1361 4192 1389 4230; x_wconf 91' lang='lat' dir='ltr'><strong>a</strong></span> <span class='ocrx_word' id='word_1_578' title='bbox 1419 4177 1582 4250; x_wconf 64' lang='grc'><strong>344</strong></span> <span class='ocrx_word' id='word_1_579' title='bbox 1613 4180 1760 4235; x_wconf 86' lang='lat' dir='ltr'><strong>falsis</strong></span> <span class='ocrx_word' id='word_1_580' title='bbox 1788 4182 2050 4251; x_wconf 84' lang='lat' dir='ltr'><strong>dogmati-</strong></span> 
     </span>
    </p>
   </div>
   <div class='ocr_carea' id='block_1_73' title="bbox 2145 3256 3655 3335">
    <p class='ocr_par' dir='ltr' id='par_1_73' title="bbox 2145 3256 3655 3335">
     <span class='ocr_line' id='line_1_73' title="bbox 2145 3256 3655 3335; baseline -0.008 -16"><span class='ocrx_word' id='word_1_581' title='bbox 2145 3282 2262 3319; x_wconf 88' lang='grc' dir='ltr'><strong>πων</strong></span> <span class='ocrx_word' id='word_1_582' title='bbox 2281 3266 2310 3316; x_wconf 87' lang='grc' dir='ltr'>ὁ</span> <span class='ocrx_word' id='word_1_583' title='bbox 2329 3262 2530 3335; x_wconf 84' lang='grc' dir='ltr'>Κύριος</span> <span class='ocrx_word' id='word_1_584' title='bbox 2558 3264 2780 3327; x_wconf 86' lang='grc' dir='ltr'>Μωσέα,</span> <span class='ocrx_word' id='word_1_585' title='bbox 2804 3258 2924 3316; x_wconf 78' lang='grc' dir='ltr'>εἷπε</span> <span class='ocrx_word' id='word_1_586' title='bbox 2949 3261 3082 3334; x_wconf 86' lang='grc' dir='ltr'>πρὸς</span> <span class='ocrx_word' id='word_1_587' title='bbox 3111 3261 3278 3314; x_wconf 87' lang='grc' dir='ltr'>αὐτόν</span> <span class='ocrx_word' id='word_1_588' title='bbox 3301 3277 3314 3291; x_wconf 88' lang='grc'><strong>·</strong></span> <span class='ocrx_word' id='word_1_589' title='bbox 3352 3256 3484 3314; x_wconf 84' lang='grc' dir='ltr'>Ἰδοὺ</span> <span class='ocrx_word' id='word_1_590' title='bbox 3515 3256 3655 3318; x_wconf 70' lang='grc' dir='ltr'>τόπος</span> 
     </span>
    </p>
   </div>
   <div class='ocr_carea' id='block_1_74' title="bbox 2141 3345 3652 3427">
    <p class='ocr_par' dir='ltr' id='par_1_74' title="bbox 2141 3345 3652 3427">
     <span class='ocr_line' id='line_1_74' title="bbox 2141 3345 3652 3427; baseline -0.007 -15"><span class='ocrx_word' id='word_1_591' title='bbox 2141 3360 2280 3426; x_wconf 68' lang='grc' dir='ltr'>παρ’</span> <span class='ocrx_word' id='word_1_592' title='bbox 2305 3356 2456 3427; x_wconf 77' lang='grc' dir='ltr'>ἐμοὶ,</span> <span class='ocrx_word' id='word_1_593' title='bbox 2504 3357 2600 3412; x_wconf 76' lang='grc' dir='ltr'>καὶ</span> <span class='ocrx_word' id='word_1_594' title='bbox 2634 3354 2834 3424; x_wconf 81' lang='grc' dir='ltr'>στήσῃ</span> <span class='ocrx_word' id='word_1_595' title='bbox 2879 3353 2979 3407; x_wconf 78' lang='grc' dir='ltr'><strong>ἐπὶ</strong></span> <span class='ocrx_word' id='word_1_596' title='bbox 3010 3351 3117 3421; x_wconf 83' lang='grc' dir='ltr'>τῆς</span> <span class='ocrx_word' id='word_1_597' title='bbox 3154 3351 3403 3420; x_wconf 80' lang='grc' dir='ltr'>πέτρας·</span> <span class='ocrx_word' id='word_1_598' title='bbox 3442 3351 3486 3401; x_wconf 80' lang='grc' dir='ltr'>εἱ</span> <span class='ocrx_word' id='word_1_599' title='bbox 3519 3345 3652 3416; x_wconf 74' lang='grc' dir='ltr'><strong>γὰρὴ</strong></span> 
     </span>
    </p>
   </div>
   <div class='ocr_carea' id='block_1_75' title="bbox 2145 3436 3652 3522">
    <p class='ocr_par' dir='ltr' id='par_1_75' title="bbox 2145 3436 3652 3522">
     <span class='ocr_line' id='line_1_75' title="bbox 2145 3436 3652 3522; baseline -0.008 -18"><span class='ocrx_word' id='word_1_600' title='bbox 2145 3450 2320 3522; x_wconf 84' lang='grc' dir='ltr'>πέτρα</span> <span class='ocrx_word' id='word_1_601' title='bbox 2349 3448 2580 3520; x_wconf 81' lang='grc' dir='ltr'>Χριστὸς</span> <span class='ocrx_word' id='word_1_602' title='bbox 2608 3443 2696 3518; x_wconf 84' lang='grc' dir='ltr'>ἦν,</span> <span class='ocrx_word' id='word_1_603' title='bbox 2728 3446 2959 3520; x_wconf 80' lang='grc' dir='ltr'>Χριστὸς</span> <span class='ocrx_word' id='word_1_604' title='bbox 2989 3445 3044 3498; x_wconf 85' lang='grc' dir='ltr'><strong>δὲ</strong></span> <span class='ocrx_word' id='word_1_605' title='bbox 3079 3445 3272 3515; x_wconf 77' lang='grc' dir='ltr'>φησίνο</span> <span class='ocrx_word' id='word_1_606' title='bbox 3323 3440 3460 3511; x_wconf 62' lang='grc' dir='ltr'>Ἐγώ</span> <span class='ocrx_word' id='word_1_607' title='bbox 3491 3442 3585 3507; x_wconf 80' lang='grc' dir='ltr'>ειμι</span> <span class='ocrx_word' id='word_1_608' title='bbox 3624 3436 3652 3502; x_wconf 77' lang='grc' dir='ltr'><strong><em>ἡ</em></strong></span> 
     </span>
    </p>
   </div>
   <div class='ocr_carea' id='block_1_76' title="bbox 2144 3531 3654 3611">
    <p class='ocr_par' dir='ltr' id='par_1_76' title="bbox 2144 3531 3654 3611">
     <span class='ocr_line' id='line_1_76' title="bbox 2144 3531 3654 3611; baseline -0.008 -16"><span class='ocrx_word' id='word_1_609' title='bbox 2144 3539 2410 3609; x_wconf 72' lang='grc' dir='ltr'>ἀλήθεια,</span> <span class='ocrx_word' id='word_1_610' title='bbox 2441 3540 2648 3611; x_wconf 86' lang='grc' dir='ltr'>μήποτε</span> <span class='ocrx_word' id='word_1_611' title='bbox 2681 3537 2762 3604; x_wconf 84' lang='grc' dir='ltr'>τὸ,</span> <span class='ocrx_word' id='word_1_612' title='bbox 2790 3535 2993 3604; x_wconf 79' lang='grc' dir='ltr'>Στήσῃ</span> <span class='ocrx_word' id='word_1_613' title='bbox 3023 3535 3121 3589; x_wconf 71' lang='grc' dir='ltr'><strong>ἐπὶ</strong></span> <span class='ocrx_word' id='word_1_614' title='bbox 3171 3535 3284 3604; x_wconf 84' lang='grc' dir='ltr'>τῆς</span> <span class='ocrx_word' id='word_1_615' title='bbox 3319 3535 3537 3601; x_wconf 76' lang='grc' dir='ltr'>πέτρας,</span> <span class='ocrx_word' id='word_1_616' title='bbox 3569 3531 3654 3584; x_wconf 72' lang='grc' dir='ltr'>ἴσον</span> 
     </span>
    </p>
   </div>
   <div class='ocr_carea' id='block_1_77' title="bbox 2145 3622 3652 3701">
    <p class='ocr_par' dir='ltr' id='par_1_77' title="bbox 2145 3622 3652 3701">
     <span class='ocr_line' id='line_1_77' title="bbox 2145 3622 3652 3701; baseline -0.009 -18"><span class='ocrx_word' id='word_1_617' title='bbox 2145 3630 2362 3684; x_wconf 91' lang='grc' dir='ltr'>δύναται</span> <span class='ocrx_word' id='word_1_618' title='bbox 2389 3628 2487 3700; x_wconf 84' lang='grc' dir='ltr'><strong>τῷ,</strong></span> <span class='ocrx_word' id='word_1_619' title='bbox 2511 3629 2692 3701; x_wconf 82' lang='grc' dir='ltr'>Στήσῃ</span> <span class='ocrx_word' id='word_1_620' title='bbox 2722 3628 2816 3680; x_wconf 75' lang='grc' dir='ltr'><strong>ἐπὶ</strong></span> <span class='ocrx_word' id='word_1_621' title='bbox 2839 3627 2936 3697; x_wconf 82' lang='grc' dir='ltr'>τῆς</span> <span class='ocrx_word' id='word_1_622' title='bbox 2974 3625 3249 3696; x_wconf 81' lang='grc' dir='ltr'>ἀληθείας.</span> <span class='ocrx_word' id='word_1_623' title='bbox 3280 3626 3448 3692; x_wconf 87' lang='grc' dir='ltr'>Μόγις</span> <span class='ocrx_word' id='word_1_624' title='bbox 3480 3622 3531 3674; x_wconf 84' lang='grc' dir='ltr'><strong>δέ</strong></span> <span class='ocrx_word' id='word_1_625' title='bbox 3556 3635 3652 3672; x_wconf 82' lang='grc' dir='ltr'>ποτε</span> 
     </span>
    </p>
   </div>
   <div class='ocr_carea' id='block_1_78' title="bbox 2145 3706 3654 3787">
    <p class='ocr_par' dir='ltr' id='par_1_78' title="bbox 2145 3706 3654 3787">
     <span class='ocr_line' id='line_1_78' title="bbox 2145 3706 3654 3787; baseline -0.006 -18"><span class='ocrx_word' id='word_1_626' title='bbox 2145 3716 2303 3770; x_wconf 84' lang='grc' dir='ltr'>τοῦτο</span> <span class='ocrx_word' id='word_1_627' title='bbox 2328 3716 2424 3770; x_wconf 73' lang='grc' dir='ltr'><strong>καὶ</strong></span> <span class='ocrx_word' id='word_1_628' title='bbox 2476 3715 2612 3787; x_wconf 76' lang='grc' dir='ltr'>μετὰ</span> <span class='ocrx_word' id='word_1_629' title='bbox 2657 3714 2825 3769; x_wconf 87' lang='grc' dir='ltr'>πολλά</span> <span class='ocrx_word' id='word_1_630' title='bbox 2870 3713 3178 3782; x_wconf 81' lang='grc' dir='ltr'>ὲγγίγνεταί</span> <span class='ocrx_word' id='word_1_631' title='bbox 3202 3731 3331 3768; x_wconf 89' lang='grc' dir='ltr'>τινι.</span> <span class='ocrx_word' id='word_1_632' title='bbox 3374 3713 3533 3783; x_wconf 84' lang='grc' dir='ltr'>Μέχρι</span> <span class='ocrx_word' id='word_1_633' title='bbox 3556 3706 3654 3777; x_wconf 80' lang='grc' dir='ltr'>γοῦν</span> 
     </span>
    </p>
   </div>
   <div class='ocr_carea' id='block_1_79' title="bbox 2146 3795 3655 3874">
    <p class='ocr_par' dir='ltr' id='par_1_79' title="bbox 2146 3795 3655 3874">
     <span class='ocr_line' id='line_1_79' title="bbox 2146 3795 3655 3874; baseline -0.005 -13"><span class='ocrx_word' id='word_1_634' title='bbox 2146 3808 2273 3862; x_wconf 83' lang='grc' dir='ltr'>τοῦ·</span> <span class='ocrx_word' id='word_1_635' title='bbox 2327 3807 2473 3863; x_wconf 85' lang='grc' dir='ltr'>Ἰδοὺ</span> <span class='ocrx_word' id='word_1_636' title='bbox 2513 3809 2697 3872; x_wconf 80' lang='grc' dir='ltr'>τόπος</span> <span class='ocrx_word' id='word_1_637' title='bbox 2724 3806 2856 3874; x_wconf 82' lang='grc' dir='ltr'>παρ’</span> <span class='ocrx_word' id='word_1_638' title='bbox 2887 3805 3038 3874; x_wconf 77' lang='grc' dir='ltr'>ἐμοὶ,</span> <span class='ocrx_word' id='word_1_639' title='bbox 3080 3804 3178 3858; x_wconf 72' lang='grc' dir='ltr'><strong>καί</strong></span> <span class='ocrx_word' id='word_1_640' title='bbox 3210 3804 3410 3872; x_wconf 75' lang='grc' dir='ltr'>στήσῃ</span> <span class='ocrx_word' id='word_1_641' title='bbox 3449 3801 3536 3856; x_wconf 72' lang='grc' dir='ltr'><strong>ἐπὶ</strong></span> <span class='ocrx_word' id='word_1_642' title='bbox 3575 3795 3655 3864; x_wconf 82' lang='grc' dir='ltr'>τῆς</span> 
     </span>
    </p>
   </div>
   <div class='ocr_carea' id='block_1_80' title="bbox 2150 3887 3654 3966">
    <p class='ocr_par' dir='ltr' id='par_1_80' title="bbox 2150 3887 3654 3966">
     <span class='ocr_line' id='line_1_80' title="bbox 2150 3887 3654 3966; baseline -0.007 -15"><span class='ocrx_word' id='word_1_643' title='bbox 2150 3897 2387 3966; x_wconf 82' lang='grc' dir='ltr'>πέτρας,</span> <span class='ocrx_word' id='word_1_644' title='bbox 2409 3897 2614 3966; x_wconf 80' lang='grc' dir='ltr'>Μωσῆς</span> <span class='ocrx_word' id='word_1_645' title='bbox 2635 3895 2844 3949; x_wconf 80' lang='grc' dir='ltr'>οὐδέπω</span> <span class='ocrx_word' id='word_1_646' title='bbox 2863 3896 3082 3966; x_wconf 78' lang='grc' dir='ltr'>ἑστήκει</span> <span class='ocrx_word' id='word_1_647' title='bbox 3108 3895 3200 3948; x_wconf 71' lang='grc' dir='ltr'>ἐπὶ</span> <span class='ocrx_word' id='word_1_648' title='bbox 3226 3895 3328 3965; x_wconf 80' lang='grc' dir='ltr'><strong>τῆς</strong></span> <span class='ocrx_word' id='word_1_649' title='bbox 3355 3893 3558 3964; x_wconf 83' lang='grc' dir='ltr'>πέτρας.</span> <span class='ocrx_word' id='word_1_650' title='bbox 3573 3887 3654 3941; x_wconf 76' lang='grc' dir='ltr'>Καὶ</span> 
     </span>
    </p>
   </div>
   <div class='ocr_carea' id='block_1_81' title="bbox 2150 3980 3654 4057">
    <p class='ocr_par' dir='ltr' id='par_1_81' title="bbox 2150 3980 3654 4057">
     <span class='ocr_line' id='line_1_81' title="bbox 2150 3980 3654 4057; baseline 0 -17"><span class='ocrx_word' id='word_1_651' title='bbox 2150 3989 2203 4041; x_wconf 81' lang='grc' dir='ltr'>ετ</span> <span class='ocrx_word' id='word_1_652' title='bbox 2226 3986 2309 4051; x_wconf 88' lang='grc' dir='ltr'><strong>τίς</strong></span> <span class='ocrx_word' id='word_1_653' title='bbox 2339 4004 2402 4057; x_wconf 87' lang='grc' dir='ltr'>γε</span> <span class='ocrx_word' id='word_1_654' title='bbox 2429 3985 2846 4057; x_wconf 75' lang='grc' dir='ltr'>ἐπιμελέστερον</span> <span class='ocrx_word' id='word_1_655' title='bbox 2879 3985 3039 4038; x_wconf 79' lang='grc' dir='ltr'>ἐνίδοι</span> <span class='ocrx_word' id='word_1_656' title='bbox 3080 3987 3146 4055; x_wconf 81' lang='grc' dir='ltr'><strong>τῇ</strong></span> <span class='ocrx_word' id='word_1_657' title='bbox 3181 3985 3485 4055; x_wconf 79' lang='grc' dir='ltr'>ἀνθρωπίνῃ</span> <span class='ocrx_word' id='word_1_658' title='bbox 3515 3980 3654 4050; x_wconf 70' lang='grc' dir='ltr'><strong>φύσει.</strong></span> 
     </span>
    </p>
   </div>
   <div class='ocr_carea' id='block_1_82' title="bbox 2149 4068 3658 4152">
    <p class='ocr_par' dir='ltr' id='par_1_82' title="bbox 2149 4068 3658 4152">
     <span class='ocr_line' id='line_1_82' title="bbox 2149 4068 3658 4152; baseline -0.006 -18"><span class='ocrx_word' id='word_1_659' title='bbox 2149 4082 2250 4134; x_wconf 89' lang='grc' dir='ltr'><strong>οὐκ</strong></span> <span class='ocrx_word' id='word_1_660' title='bbox 2282 4079 2520 4152; x_wconf 82' lang='grc' dir='ltr'>εὐχερῶς</span> <span class='ocrx_word' id='word_1_661' title='bbox 2547 4078 2658 4149; x_wconf 89' lang='lat'><strong>(76)</strong></span> <span class='ocrx_word' id='word_1_662' title='bbox 2689 4077 2960 4150; x_wconf 84' lang='grc' dir='ltr'>δυναμένῃ</span> <span class='ocrx_word' id='word_1_663' title='bbox 3008 4076 3334 4148; x_wconf 84' lang='grc' dir='ltr'>καθαρεύειν</span> <span class='ocrx_word' id='word_1_664' title='bbox 3365 4075 3466 4129; x_wconf 80' lang='grc' dir='ltr'><strong>ἀπὸ</strong></span> <span class='ocrx_word' id='word_1_665' title='bbox 3491 4068 3658 4143; x_wconf 77' lang='grc' dir='ltr'>ψευδῶν</span> 
     </span>
    </p>
   </div>
   <div class='ocr_carea' id='block_1_83' title="bbox 2148 4163 3654 4244">
    <p class='ocr_par' dir='ltr' id='par_1_83' title="bbox 2148 4163 3654 4244">
     <span class='ocr_line' id='line_1_83' title="bbox 2148 4163 3654 4244; baseline -0.005 -18"><span class='ocrx_word' id='word_1_666' title='bbox 2148 4172 2453 4244; x_wconf 79' lang='grc' dir='ltr'>δογμάτων,</span> <span class='ocrx_word' id='word_1_667' title='bbox 2491 4171 2697 4241; x_wconf 77' lang='grc' dir='ltr'>ὄψεται,</span> <span class='ocrx_word' id='word_1_668' title='bbox 2745 4172 2849 4234; x_wconf 81' lang='grc' dir='ltr'>ὅτι,</span> <span class='ocrx_word' id='word_1_669' title='bbox 2878 4169 3064 4241; x_wconf 82' lang='grc' dir='ltr'>ὥσπερ</span> <span class='ocrx_word' id='word_1_670' title='bbox 3111 4172 3219 4233; x_wconf 83' lang='grc' dir='ltr'><strong>πᾶς</strong></span> <span class='ocrx_word' id='word_1_671' title='bbox 3257 4170 3525 4242; x_wconf 76' lang='grc' dir='ltr'>ἄνθρωπος</span> <span class='ocrx_word' id='word_1_672' title='bbox 3554 4163 3654 4233; x_wconf 57' lang='lat' dir='ltr'><strong>4mi-</strong></span> 
     </span>
    </p>
   </div>
   <div class='ocr_carea' id='block_1_84' title="bbox 490 4255 2042 4336">
    <p class='ocr_par' dir='ltr' id='par_1_84' title="bbox 490 4260 2042 4335">
     <span class='ocr_line' id='line_1_84' title="bbox 490 4260 2042 4335; baseline 0.01 -22"><span class='ocrx_word' id='word_1_673' title='bbox 490 4260 614 4325; x_wconf 86' lang='lat' dir='ltr'><strong>bus,</strong></span> <span class='ocrx_word' id='word_1_674' title='bbox 647 4263 696 4316; x_wconf 94' lang='lat' dir='ltr'><strong>is</strong></span> <span class='ocrx_word' id='word_1_675' title='bbox 723 4267 940 4321; x_wconf 90' lang='lat' dir='ltr'><strong>visurus</strong></span> <span class='ocrx_word' id='word_1_676' title='bbox 969 4277 1051 4321; x_wconf 92' lang='lat' dir='ltr'><strong>est</strong></span> <span class='ocrx_word' id='word_1_677' title='bbox 1083 4269 1528 4335; x_wconf 87' lang='lat' dir='ltr'><strong>quemadmodum</strong></span> <span class='ocrx_word' id='word_1_678' title='bbox 1559 4272 1734 4328; x_wconf 88' lang='lat' dir='ltr'><strong>omnis</strong></span> <span class='ocrx_word' id='word_1_679' title='bbox 1774 4273 1936 4328; x_wconf 86' lang='lat' dir='ltr'><strong>homo</strong></span> <span class='ocrx_word' id='word_1_680' title='bbox 1967 4282 2042 4328; x_wconf 90' lang='lat' dir='ltr'><strong>est</strong></span> 
     </span>
    </p>
   </div>
   <div class='ocr_carea' id='block_1_85' title="bbox 2146 4255 3658 4336">
    <p class='ocr_par' dir='ltr' id='par_1_85' title="bbox 2155 4255 3658 4336">
     <span class='ocr_line' id='line_1_85' title="bbox 2155 4255 3658 4336; baseline -0.005 -19"><span class='ocrx_word' id='word_1_681' title='bbox 2155 4282 2305 4336; x_wconf 88' lang='grc' dir='ltr'>στης,</span> <span class='ocrx_word' id='word_1_682' title='bbox 2335 4263 2508 4327; x_wconf 75' lang='grc' dir='ltr'>οὕτως</span> <span class='ocrx_word' id='word_1_683' title='bbox 2531 4264 2639 4326; x_wconf 79' lang='grc' dir='ltr'>πᾶς</span> <span class='ocrx_word' id='word_1_684' title='bbox 2667 4263 2951 4334; x_wconf 80' lang='grc' dir='ltr'>ἄνθρωπος</span> <span class='ocrx_word' id='word_1_685' title='bbox 2981 4262 3078 4333; x_wconf 90' lang='grc' dir='ltr'>οὐχ</span> <span class='ocrx_word' id='word_1_686' title='bbox 3135 4261 3364 4333; x_wconf 77' lang='grc' dir='ltr'>ἕστηκεν</span> <span class='ocrx_word' id='word_1_687' title='bbox 3396 4263 3451 4313; x_wconf 82' lang='grc' dir='ltr'>ἐν</span> <span class='ocrx_word' id='word_1_688' title='bbox 3477 4260 3534 4328; x_wconf 81' lang='grc' dir='ltr'>τῇ</span> <span class='ocrx_word' id='word_1_689' title='bbox 3556 4255 3658 4322; x_wconf 81' lang='grc' dir='ltr'>ἁλη-</span> 
     </span>
    </p>
   </div>
   <div class='ocr_carea' id='block_1_86' title="bbox 493 4344 2042 4424">
    <p class='ocr_par' dir='ltr' id='par_1_86' title="bbox 493 4351 2042 4420">
     <span class='ocr_line' id='line_1_86' title="bbox 493 4351 2042 4420; baseline 0.011 -19"><span class='ocrx_word' id='word_1_690' title='bbox 493 4351 722 4406; x_wconf 83' lang='lat' dir='ltr'><strong>tnendax</strong></span> <span class='ocrx_word' id='word_1_691' title='bbox 748 4352 817 4420; x_wconf 76' lang='grc'>⁸⁸,</span> <span class='ocrx_word' id='word_1_692' title='bbox 852 4355 923 4408; x_wconf 89' lang='lat' dir='ltr'><strong>ita</strong></span> <span class='ocrx_word' id='word_1_693' title='bbox 962 4356 1128 4411; x_wconf 90' lang='lat' dir='ltr'><strong>etiam</strong></span> <span class='ocrx_word' id='word_1_694' title='bbox 1160 4357 1364 4412; x_wconf 89' lang='lat' dir='ltr'><strong>nullum</strong></span> <span class='ocrx_word' id='word_1_695' title='bbox 1395 4359 1666 4416; x_wconf 86' lang='lat' dir='ltr'><strong>hominem</strong></span> <span class='ocrx_word' id='word_1_696' title='bbox 1695 4373 1844 4418; x_wconf 88' lang='lat' dir='ltr'><strong>stare</strong></span> <span class='ocrx_word' id='word_1_697' title='bbox 1878 4363 1930 4418; x_wconf 95' lang='lat' dir='ltr'><strong>in</strong></span> <span class='ocrx_word' id='word_1_698' title='bbox 1958 4378 2042 4418; x_wconf 84' lang='lat' dir='ltr'><strong>ve-</strong></span> 
     </span>
    </p>
   </div>
   <div class='ocr_carea' id='block_1_87' title="bbox 2146 4344 3658 4424">
    <p class='ocr_par' dir='ltr' id='par_1_87' title="bbox 2152 4344 3658 4424">
     <span class='ocr_line' id='line_1_87' title="bbox 2152 4344 3658 4424; baseline -0.004 -20"><span class='ocrx_word' id='word_1_699' title='bbox 2152 4350 2301 4424; x_wconf 77' lang='grc' dir='ltr'>θείᾳο</span> <span class='ocrx_word' id='word_1_700' title='bbox 2332 4352 2380 4404; x_wconf 86' lang='grc' dir='ltr'><strong>εί</strong></span> <span class='ocrx_word' id='word_1_701' title='bbox 2409 4350 2518 4422; x_wconf 87' lang='grc' dir='ltr'><strong>γάρ</strong></span> <span class='ocrx_word' id='word_1_702' title='bbox 2549 4369 2632 4415; x_wconf 85' lang='grc' dir='ltr'><strong>τις</strong></span> <span class='ocrx_word' id='word_1_703' title='bbox 2661 4352 2808 4404; x_wconf 75' lang='grc' dir='ltr'>ἐστὶν</span> <span class='ocrx_word' id='word_1_704' title='bbox 2843 4351 2904 4403; x_wconf 90' lang='grc' dir='ltr'><strong>οὐ</strong></span> <span class='ocrx_word' id='word_1_705' title='bbox 2935 4351 3172 4421; x_wconf 82' lang='grc' dir='ltr'>ψεύστης</span> <span class='ocrx_word' id='word_1_706' title='bbox 3205 4351 3318 4420; x_wconf 89' lang='lat'><strong>(77)</strong></span> <span class='ocrx_word' id='word_1_707' title='bbox 3346 4350 3444 4411; x_wconf 77' lang='grc' dir='ltr'>ἔτι,</span> <span class='ocrx_word' id='word_1_708' title='bbox 3480 4344 3658 4416; x_wconf 76' lang='grc' dir='ltr'>ἤέπη·</span> 
     </span>
    </p>
   </div>
   <div class='ocr_carea' id='block_1_88' title="bbox 493 4439 2042 4521">
    <p class='ocr_par' dir='ltr' id='par_1_88' title="bbox 493 4440 2042 4521">
     <span class='ocr_line' id='line_1_88' title="bbox 493 4440 2042 4521; baseline 0.01 -28"><span class='ocrx_word' id='word_1_709' title='bbox 493 4440 684 4507; x_wconf 89' lang='lat' dir='ltr'><strong>ritate;</strong></span> <span class='ocrx_word' id='word_1_710' title='bbox 716 4458 838 4497; x_wconf 87' lang='lat' dir='ltr'><strong>nam</strong></span> <span class='ocrx_word' id='word_1_711' title='bbox 872 4445 916 4499; x_wconf 92' lang='lat' dir='ltr'><strong>si</strong></span> <span class='ocrx_word' id='word_1_712' title='bbox 943 4446 1137 4515; x_wconf 87' lang='lat' dir='ltr'><strong>aliquis</strong></span> <span class='ocrx_word' id='word_1_713' title='bbox 1169 4463 1273 4504; x_wconf 90' lang='lat' dir='ltr'><strong>non</strong></span> <span class='ocrx_word' id='word_1_714' title='bbox 1298 4457 1382 4504; x_wconf 89' lang='lat' dir='ltr'><strong>est</strong></span> <span class='ocrx_word' id='word_1_715' title='bbox 1409 4450 1636 4521; x_wconf 90' lang='lat' dir='ltr'><strong>amplius</strong></span> <span class='ocrx_word' id='word_1_716' title='bbox 1669 4453 1920 4517; x_wconf 85' lang='lat' dir='ltr'><strong>mendax,</strong></span> <span class='ocrx_word' id='word_1_717' title='bbox 1957 4463 2042 4508; x_wconf 90' lang='lat' dir='ltr'><strong>aut</strong></span> 
     </span>
    </p>
   </div>
   <div class='ocr_carea' id='block_1_89' title="bbox 2146 4439 3655 4521">
    <p class='ocr_par' dir='ltr' id='par_1_89' title="bbox 2153 4439 3655 4510">
     <span class='ocr_line' id='line_1_89' title="bbox 2153 4439 3655 4510; baseline 0.001 -16"><span class='ocrx_word' id='word_1_718' title='bbox 2153 4457 2247 4494; x_wconf 86' lang='grc' dir='ltr'><strong>κεν</strong></span> <span class='ocrx_word' id='word_1_719' title='bbox 2273 4440 2331 4493; x_wconf 81' lang='grc' dir='ltr'>ὲν</span> <span class='ocrx_word' id='word_1_720' title='bbox 2359 4442 2423 4510; x_wconf 80' lang='grc' dir='ltr'><strong>τῇ</strong></span> <span class='ocrx_word' id='word_1_721' title='bbox 2447 4439 2692 4510; x_wconf 71' lang='grc' dir='ltr'>ἀληθείᾳ,</span> <span class='ocrx_word' id='word_1_722' title='bbox 2731 4442 2759 4493; x_wconf 88' lang='grc' dir='ltr'><strong>ό</strong></span> <span class='ocrx_word' id='word_1_723' title='bbox 2793 4440 3027 4505; x_wconf 80' lang='grc' dir='ltr'>τοιοῦτος</span> <span class='ocrx_word' id='word_1_724' title='bbox 3065 4443 3163 4494; x_wconf 84' lang='grc' dir='ltr'><strong>οὐκ</strong></span> <span class='ocrx_word' id='word_1_725' title='bbox 3194 4441 3343 4494; x_wconf 76' lang='grc' dir='ltr'>ἔστιν</span> <span class='ocrx_word' id='word_1_726' title='bbox 3386 4440 3655 4509; x_wconf 77' lang='grc' dir='ltr'>ἄνθρωπος·</span> 
     </span>
    </p>
   </div>
   <div class='ocr_carea' id='block_1_90' title="bbox 493 4525 2042 4608">
    <p class='ocr_par' dir='ltr' id='par_1_90' title="bbox 493 4533 2042 4608">
     <span class='ocr_line' id='line_1_90' title="bbox 493 4533 2042 4608; baseline 0.006 -24"><span class='ocrx_word' id='word_1_727' title='bbox 493 4539 602 4586; x_wconf 88' lang='lat' dir='ltr'><strong>stat</strong></span> <span class='ocrx_word' id='word_1_728' title='bbox 637 4533 689 4586; x_wconf 91' lang='lat' dir='ltr'><strong>in</strong></span> <span class='ocrx_word' id='word_1_729' title='bbox 715 4534 958 4600; x_wconf 86' lang='lat' dir='ltr'><strong>veritate,</strong></span> <span class='ocrx_word' id='word_1_730' title='bbox 991 4535 1293 4604; x_wconf 72' lang='lat' dir='ltr'><strong>huiusmodi</strong></span> <span class='ocrx_word' id='word_1_731' title='bbox 1323 4554 1454 4594; x_wconf 89' lang='lat' dir='ltr'><strong>sane</strong></span> <span class='ocrx_word' id='word_1_732' title='bbox 1485 4556 1588 4594; x_wconf 90' lang='lat' dir='ltr'><strong>non</strong></span> <span class='ocrx_word' id='word_1_733' title='bbox 1619 4551 1697 4596; x_wconf 91' lang='lat' dir='ltr'><strong>est</strong></span> <span class='ocrx_word' id='word_1_734' title='bbox 1734 4543 1924 4608; x_wconf 87' lang='lat' dir='ltr'><strong>homo;</strong></span> <span class='ocrx_word' id='word_1_735' title='bbox 1961 4543 2042 4594; x_wconf 90' lang='lat' dir='ltr'><strong>ad-</strong></span> 
     </span>
    </p>
   </div>
   <div class='ocr_carea' id='block_1_91' title="bbox 2146 4525 3655 4608">
    <p class='ocr_par' dir='ltr' id='par_1_91' title="bbox 2152 4525 3655 4603">
     <span class='ocr_line' id='line_1_91' title="bbox 2152 4525 3655 4603; baseline -0.004 -21"><span class='ocrx_word' id='word_1_736' title='bbox 2152 4529 2280 4582; x_wconf 77' lang='grc' dir='ltr'>ὥστ’</span> <span class='ocrx_word' id='word_1_737' title='bbox 2299 4529 2365 4582; x_wconf 86' lang='grc' dir='ltr'>ἂν</span> <span class='ocrx_word' id='word_1_738' title='bbox 2395 4530 2565 4582; x_wconf 78' lang='grc' dir='ltr'>εἰπεῖν</span> <span class='ocrx_word' id='word_1_739' title='bbox 2589 4530 2862 4599; x_wconf 85' lang='grc' dir='ltr'>αὐτῷ,κα“ι</span> <span class='ocrx_word' id='word_1_740' title='bbox 2888 4533 2999 4594; x_wconf 85' lang='grc' dir='ltr'>τοῖς</span> <span class='ocrx_word' id='word_1_741' title='bbox 3025 4532 3230 4603; x_wconf 85' lang='grc' dir='ltr'>ὁμοίοις</span> <span class='ocrx_word' id='word_1_742' title='bbox 3261 4531 3406 4602; x_wconf 87' lang='grc' dir='ltr'>αὐτῷ</span> <span class='ocrx_word' id='word_1_743' title='bbox 3425 4531 3506 4582; x_wconf 81' lang='grc' dir='ltr'><strong>τὸν</strong></span> <span class='ocrx_word' id='word_1_744' title='bbox 3529 4525 3655 4580; x_wconf 75' lang='grc' dir='ltr'>Θεόν⁸</span> 
     </span>
    </p>
   </div>
   <div class='ocr_carea' id='block_1_92' title="bbox 489 4618 2042 4698">
    <p class='ocr_par' dir='ltr' id='par_1_92' title="bbox 489 4621 2042 4698">
     <span class='ocr_line' id='line_1_92' title="bbox 489 4621 2042 4698; baseline 0.005 -22"><span class='ocrx_word' id='word_1_745' title='bbox 489 4635 555 4676; x_wconf 83' lang='lat' dir='ltr'><strong>eo</strong></span> <span class='ocrx_word' id='word_1_746' title='bbox 584 4629 646 4674; x_wconf 88' lang='lat' dir='ltr'><strong>ut</strong></span> <span class='ocrx_word' id='word_1_747' title='bbox 672 4621 814 4676; x_wconf 89' lang='lat' dir='ltr'><strong>Deus</strong></span> <span class='ocrx_word' id='word_1_748' title='bbox 847 4622 920 4677; x_wconf 91' lang='lat' dir='ltr'><strong>illi</strong></span> <span class='ocrx_word' id='word_1_749' title='bbox 951 4625 1140 4694; x_wconf 89' lang='lat' dir='ltr'><strong>suique</strong></span> <span class='ocrx_word' id='word_1_750' title='bbox 1156 4627 1424 4683; x_wconf 87' lang='lat' dir='ltr'><strong>similibus</strong></span> <span class='ocrx_word' id='word_1_751' title='bbox 1462 4627 1638 4683; x_wconf 89' lang='lat' dir='ltr'><strong>dicat:</strong></span> <span class='ocrx_word' id='word_1_752' title='bbox 1659 4625 1766 4698; x_wconf 87' lang='lat' dir='ltr'><strong>Ego</strong></span> <span class='ocrx_word' id='word_1_753' title='bbox 1785 4628 1934 4682; x_wconf 79' lang='lat' dir='ltr'><strong>dixi:</strong></span> <span class='ocrx_word' id='word_1_754' title='bbox 1956 4627 2042 4683; x_wconf 86' lang='lat' dir='ltr'><strong>Dii</strong></span> 
     </span>
    </p>
   </div>
   <div class='ocr_carea' id='block_1_93' title="bbox 2146 4618 3656 4698">
    <p class='ocr_par' dir='ltr' id='par_1_93' title="bbox 2163 4618 3656 4695">
     <span class='ocr_line' id='line_1_93' title="bbox 2163 4618 3656 4695; baseline 0.001 -18"><span class='ocrx_word' id='word_1_755' title='bbox 2163 4621 2309 4692; x_wconf 79' lang='grc' dir='ltr'><strong>Ἐγὼ</strong></span> <span class='ocrx_word' id='word_1_756' title='bbox 2334 4618 2494 4675; x_wconf 74' lang='grc' dir='ltr'>εἷπαο</span> <span class='ocrx_word' id='word_1_757' title='bbox 2518 4622 2649 4679; x_wconf 81' lang='grc' dir='ltr'>Θεοί</span> <span class='ocrx_word' id='word_1_758' title='bbox 2675 4623 2834 4690; x_wconf 80' lang='grc' dir='ltr'>ἐστε,</span> <span class='ocrx_word' id='word_1_759' title='bbox 2872 4627 2971 4680; x_wconf 76' lang='grc' dir='ltr'>καὶ</span> <span class='ocrx_word' id='word_1_760' title='bbox 2991 4627 3105 4680; x_wconf 79' lang='grc' dir='ltr'><strong>υἱοὶ</strong></span> <span class='ocrx_word' id='word_1_761' title='bbox 3145 4627 3424 4695; x_wconf 67' lang='grc' dir='ltr'>Ὑψίστου</span> <span class='ocrx_word' id='word_1_762' title='bbox 3458 4622 3656 4683; x_wconf 62' lang='grc' dir='ltr'><strong>πάντες,</strong></span> 
     </span>
    </p>
   </div>
   <div class='ocr_carea' id='block_1_94' title="bbox 487 4711 2042 4788">
    <p class='ocr_par' dir='ltr' id='par_1_94' title="bbox 487 4712 2042 4783">
     <span class='ocr_line' id='line_1_94' title="bbox 487 4712 2042 4783; baseline 0.008 -19"><span class='ocrx_word' id='word_1_763' title='bbox 487 4715 612 4766; x_wconf 85' lang='lat' dir='ltr'><strong>estis</strong></span> <span class='ocrx_word' id='word_1_764' title='bbox 638 4720 688 4766; x_wconf 84' lang='lat' dir='ltr'><strong>et</strong></span> <span class='ocrx_word' id='word_1_765' title='bbox 707 4712 809 4782; x_wconf 82' lang='lat' dir='ltr'><strong>ﬁlii</strong></span> <span class='ocrx_word' id='word_1_766' title='bbox 848 4713 1053 4769; x_wconf 68' lang='lat' dir='ltr'><strong>Eacelsi</strong></span> <span class='ocrx_word' id='word_1_767' title='bbox 1088 4733 1262 4771; x_wconf 88' lang='lat' dir='ltr'><strong>omnes</strong></span> <span class='ocrx_word' id='word_1_768' title='bbox 1283 4719 1330 4750; x_wconf 85' lang='grc'>⁹⁰</span> <span class='ocrx_word' id='word_1_769' title='bbox 1365 4734 1380 4783; x_wconf 75' lang='grc' dir='ltr'><strong>ς</strong></span> <span class='ocrx_word' id='word_1_770' title='bbox 1423 4734 1521 4774; x_wconf 92' lang='lat' dir='ltr'><strong>nec</strong></span> <span class='ocrx_word' id='word_1_771' title='bbox 1557 4721 1685 4776; x_wconf 89' lang='lat' dir='ltr'><strong>illud</strong></span> <span class='ocrx_word' id='word_1_772' title='bbox 1723 4723 1788 4776; x_wconf 91' lang='lat' dir='ltr'><strong>de</strong></span> <span class='ocrx_word' id='word_1_773' title='bbox 1818 4736 1883 4776; x_wconf 91' lang='lat' dir='ltr'><strong>eo</strong></span> <span class='ocrx_word' id='word_1_774' title='bbox 1924 4722 2042 4777; x_wconf 89' lang='lat' dir='ltr'><strong>sub-</strong></span> 
     </span>
    </p>
   </div>
   <div class='ocr_carea' id='block_1_95' title="bbox 2146 4711 3658 4788">
    <p class='ocr_par' dir='ltr' id='par_1_95' title="bbox 2147 4711 3658 4788">
     <span class='ocr_line' id='line_1_95' title="bbox 2147 4711 3658 4788; baseline 0.001 -22"><span class='ocrx_word' id='word_1_775' title='bbox 2147 4713 2246 4767; x_wconf 92' lang='grc' dir='ltr'><strong>οὐκ</strong></span> <span class='ocrx_word' id='word_1_776' title='bbox 2283 4713 2780 4787; x_wconf 82' lang='grc' dir='ltr'>ὲπενεχθησομένου</span> <span class='ocrx_word' id='word_1_777' title='bbox 2812 4717 2960 4787; x_wconf 87' lang='grc' dir='ltr'>αὐτῷ</span> <span class='ocrx_word' id='word_1_778' title='bbox 2998 4717 3121 4770; x_wconf 79' lang='grc' dir='ltr'><strong>τοῦο</strong></span> <span class='ocrx_word' id='word_1_779' title='bbox 3166 4718 3350 4788; x_wconf 83' lang='grc' dir='ltr'>Ὑμεῖς</span> <span class='ocrx_word' id='word_1_780' title='bbox 3387 4717 3450 4771; x_wconf 88' lang='grc' dir='ltr'>δὲ</span> <span class='ocrx_word' id='word_1_781' title='bbox 3489 4714 3554 4783; x_wconf 78' lang='grc' dir='ltr'>δὴ</span> <span class='ocrx_word' id='word_1_782' title='bbox 3598 4711 3658 4775; x_wconf 87' lang='grc' dir='ltr'>ὡς</span> 
     </span>
    </p>
   </div>
   <div class='ocr_carea' id='block_1_96' title="bbox 487 4800 2042 4873">
    <p class='ocr_par' dir='ltr' id='par_1_96' title="bbox 487 4803 2042 4872">
     <span class='ocr_line' id='line_1_96' title="bbox 487 4803 2042 4872; baseline 0.012 -20"><span class='ocrx_word' id='word_1_783' title='bbox 487 4803 780 4872; x_wconf 75' lang='lat' dir='ltr'><strong>iungetur:</strong></span> <span class='ocrx_word' id='word_1_784' title='bbox 824 4803 922 4859; x_wconf 82' lang='lat' dir='ltr'><strong>Vos</strong></span> <span class='ocrx_word' id='word_1_785' title='bbox 967 4817 1140 4860; x_wconf 87' lang='lat' dir='ltr'><strong>autem</strong></span> <span class='ocrx_word' id='word_1_786' title='bbox 1189 4810 1320 4862; x_wconf 88' lang='lat' dir='ltr'><strong>sicut</strong></span> <span class='ocrx_word' id='word_1_787' title='bbox 1357 4811 1590 4865; x_wconf 81' lang='lat' dir='ltr'><strong>homines</strong></span> <span class='ocrx_word' id='word_1_788' title='bbox 1643 4813 1938 4868; x_wconf 75' lang='lat' dir='ltr'><strong>moriemini</strong></span> <span class='ocrx_word' id='word_1_789' title='bbox 1981 4815 2042 4870; x_wconf 71' lang='grc' dir='ltr'><strong>θί.</strong></span> 
     </span>
    </p>
   </div>
   <div class='ocr_carea' id='block_1_97' title="bbox 2146 4800 3657 4873">
    <p class='ocr_par' dir='ltr' id='par_1_97' title="bbox 2149 4800 3657 4873">
     <span class='ocr_line' id='line_1_97' title="bbox 2149 4800 3657 4873; baseline 0.007 -15"><span class='ocrx_word' id='word_1_790' title='bbox 2149 4803 2442 4873; x_wconf 81' lang='grc' dir='ltr'>ἄνθρωποι</span> <span class='ocrx_word' id='word_1_791' title='bbox 2476 4806 2911 4872; x_wconf 78' lang='grc' dir='ltr'>ἁποθνήσκετε.</span> <span class='ocrx_word' id='word_1_792' title='bbox 2942 4809 3008 4862; x_wconf 73' lang='lat' dir='ltr'><strong>Et</strong></span> <span class='ocrx_word' id='word_1_793' title='bbox 3033 4826 3116 4872; x_wconf 91' lang='grc' dir='ltr'><strong>τις</strong></span> <span class='ocrx_word' id='word_1_794' title='bbox 3161 4804 3255 4864; x_wconf 82' lang='grc' dir='ltr'><strong>οὐν</strong></span> <span class='ocrx_word' id='word_1_795' title='bbox 3287 4811 3378 4863; x_wconf 72' lang='grc' dir='ltr'><strong>καὶ</strong></span> <span class='ocrx_word' id='word_1_796' title='bbox 3415 4807 3554 4866; x_wconf 75' lang='grc' dir='ltr'>ἄλλος</span> <span class='ocrx_word' id='word_1_797' title='bbox 3584 4800 3657 4869; x_wconf 71' lang='grc' dir='ltr'><strong>οὐκ</strong></span> 
     </span>
    </p>
   </div>
   <div class='ocr_carea' id='block_1_98' title="bbox 490 4890 2042 4970">
    <p class='ocr_par' dir='ltr' id='par_1_98' title="bbox 490 4893 2042 4966">
     <span class='ocr_line' id='line_1_98' title="bbox 490 4893 2042 4966; baseline 0.01 -23"><span class='ocrx_word' id='word_1_798' title='bbox 490 4893 641 4959; x_wconf 89' lang='lat' dir='ltr'><strong>Quod</strong></span> <span class='ocrx_word' id='word_1_799' title='bbox 669 4898 713 4950; x_wconf 90' lang='lat' dir='ltr'><strong>si</strong></span> <span class='ocrx_word' id='word_1_800' title='bbox 747 4895 910 4966; x_wconf 87' lang='lat' dir='ltr'><strong>igitur</strong></span> <span class='ocrx_word' id='word_1_801' title='bbox 959 4899 1244 4966; x_wconf 89' lang='lat' dir='ltr'><strong>quisquam</strong></span> <span class='ocrx_word' id='word_1_802' title='bbox 1279 4900 1441 4955; x_wconf 90' lang='lat' dir='ltr'><strong>etiam</strong></span> <span class='ocrx_word' id='word_1_803' title='bbox 1472 4902 1610 4957; x_wconf 90' lang='lat' dir='ltr'><strong>alius</strong></span> <span class='ocrx_word' id='word_1_804' title='bbox 1658 4919 1762 4958; x_wconf 92' lang='lat' dir='ltr'><strong>non</strong></span> <span class='ocrx_word' id='word_1_805' title='bbox 1811 4906 1963 4960; x_wconf 89' lang='lat' dir='ltr'><strong>stetit</strong></span> <span class='ocrx_word' id='word_1_806' title='bbox 1995 4907 2042 4959; x_wconf 92' lang='lat' dir='ltr'><strong>in</strong></span> 
     </span>
    </p>
   </div>
   <div class='ocr_carea' id='block_1_99' title="bbox 2146 4890 3658 4970">
    <p class='ocr_par' dir='ltr' id='par_1_99' title="bbox 2147 4890 3658 4970">
     <span class='ocr_line' id='line_1_99' title="bbox 2147 4890 3658 4970; baseline -0.001 -22"><span class='ocrx_word' id='word_1_807' title='bbox 2147 4895 2377 4967; x_wconf 76' lang='grc' dir='ltr'>ἕστηκεν</span> <span class='ocrx_word' id='word_1_808' title='bbox 2403 4899 2461 4952; x_wconf 84' lang='grc' dir='ltr'>ὲν</span> <span class='ocrx_word' id='word_1_809' title='bbox 2492 4900 2557 4968; x_wconf 79' lang='grc' dir='ltr'>τῇ</span> <span class='ocrx_word' id='word_1_810' title='bbox 2585 4898 2831 4969; x_wconf 79' lang='grc' dir='ltr'>ἀληθείᾳ,</span> <span class='ocrx_word' id='word_1_811' title='bbox 2859 4899 3014 4970; x_wconf 87' lang='grc' dir='ltr'>δῆλον</span> <span class='ocrx_word' id='word_1_812' title='bbox 3057 4901 3138 4954; x_wconf 83' lang='grc' dir='ltr'>ὅτι</span> <span class='ocrx_word' id='word_1_813' title='bbox 3173 4900 3266 4954; x_wconf 77' lang='grc' dir='ltr'>καὶ</span> <span class='ocrx_word' id='word_1_814' title='bbox 3314 4903 3342 4953; x_wconf 90' lang='grc' dir='ltr'><strong>ό</strong></span> <span class='ocrx_word' id='word_1_815' title='bbox 3382 4895 3594 4954; x_wconf 77' lang='grc' dir='ltr'>διάϐολος</span> <span class='ocrx_word' id='word_1_816' title='bbox 3637 4890 3658 4939; x_wconf 83' lang='grc' dir='ltr'><strong>ό</strong></span> 
     </span>
    </p>
   </div>
   <div class='ocr_carea' id='block_1_100' title="bbox 492 4980 2042 5064">
    <p class='ocr_par' dir='ltr' id='par_1_100' title="bbox 492 4986 2042 5064">
     <span class='ocr_line' id='line_1_100' title="bbox 492 4986 2042 5064; baseline 0.01 -28"><span class='ocrx_word' id='word_1_817' title='bbox 492 4987 741 5051; x_wconf 84' lang='lat' dir='ltr'><strong>veritate,</strong></span> <span class='ocrx_word' id='word_1_818' title='bbox 778 4986 1020 5057; x_wconf 80' lang='lat' dir='ltr'><strong>profecto</strong></span> <span class='ocrx_word' id='word_1_819' title='bbox 1046 4989 1090 5044; x_wconf 91' lang='lat' dir='ltr'><strong>is</strong></span> <span class='ocrx_word' id='word_1_820' title='bbox 1121 4990 1220 5044; x_wconf 80' lang='lat' dir='ltr'><strong>fuit</strong></span> <span class='ocrx_word' id='word_1_821' title='bbox 1255 4993 1522 5059; x_wconf 87' lang='lat' dir='ltr'><strong>diabolus,</strong></span> <span class='ocrx_word' id='word_1_822' title='bbox 1551 4995 1642 5064; x_wconf 91' lang='lat' dir='ltr'><strong>qui</strong></span> <span class='ocrx_word' id='word_1_823' title='bbox 1671 4994 1739 5049; x_wconf 90' lang='lat' dir='ltr'><strong>ab</strong></span> <span class='ocrx_word' id='word_1_824' title='bbox 1762 4995 1914 5050; x_wconf 85' lang='lat' dir='ltr'><strong>initio</strong></span> <span class='ocrx_word' id='word_1_825' title='bbox 1946 4997 2042 5052; x_wconf 85' lang='lat' dir='ltr'><strong>fuit</strong></span> 
     </span>
    </p>
   </div>
   <div class='ocr_carea' id='block_1_101' title="bbox 2146 4980 3658 5064">
    <p class='ocr_par' dir='ltr' id='par_1_101' title="bbox 2155 4980 3658 5063">
     <span class='ocr_line' id='line_1_101' title="bbox 2155 4980 3658 5063; baseline 0.003 -19"><span class='ocrx_word' id='word_1_826' title='bbox 2155 4991 2250 5044; x_wconf 86' lang='grc' dir='ltr'>ἀπ’</span> <span class='ocrx_word' id='word_1_827' title='bbox 2276 4991 2449 5062; x_wconf 83' lang='grc' dir='ltr'>ἀρχῆς</span> <span class='ocrx_word' id='word_1_828' title='bbox 2487 4989 2964 5060; x_wconf 76' lang='grc' dir='ltr'>ἀνθρωποκτόνοςο</span> <span class='ocrx_word' id='word_1_829' title='bbox 3007 4993 3100 5046; x_wconf 64' lang='lat' dir='ltr'><strong>ita).</strong></span> <span class='ocrx_word' id='word_1_830' title='bbox 3150 4995 3184 5063; x_wconf 80' lang='grc' dir='ltr'><strong>η</strong></span> <span class='ocrx_word' id='word_1_831' title='bbox 3232 4992 3378 5046; x_wconf 84' lang='grc' dir='ltr'>αίτία</span> <span class='ocrx_word' id='word_1_832' title='bbox 3405 5007 3464 5059; x_wconf 92' lang='grc' dir='ltr'>γε</span> <span class='ocrx_word' id='word_1_833' title='bbox 3493 4984 3572 5039; x_wconf 82' lang='grc' dir='ltr'>τοῦ</span> <span class='ocrx_word' id='word_1_834' title='bbox 3601 4980 3658 5052; x_wconf 76' lang='grc' dir='ltr'><strong>μὴ</strong></span> 
     </span>
    </p>
   </div>
   <div class='ocr_carea' id='block_1_102' title="bbox 490 5069 2042 5155">
    <p class='ocr_par' dir='ltr' id='par_1_102' title="bbox 490 5073 2042 5154">
     <span class='ocr_line' id='line_1_102' title="bbox 490 5073 2042 5154; baseline 0.012 -28"><span class='ocrx_word' id='word_1_835' title='bbox 490 5073 799 5142; x_wconf 86' lang='lat' dir='ltr'><strong>homicida;</strong></span> <span class='ocrx_word' id='word_1_836' title='bbox 830 5088 884 5134; x_wconf 89' lang='lat' dir='ltr'><strong>et</strong></span> <span class='ocrx_word' id='word_1_837' title='bbox 915 5094 1076 5135; x_wconf 87' lang='lat' dir='ltr'><strong>causa</strong></span> <span class='ocrx_word' id='word_1_838' title='bbox 1121 5097 1251 5137; x_wconf 91' lang='lat' dir='ltr'><strong>sane</strong></span> <span class='ocrx_word' id='word_1_839' title='bbox 1287 5099 1388 5140; x_wconf 90' lang='lat' dir='ltr'><strong>cur</strong></span> <span class='ocrx_word' id='word_1_840' title='bbox 1438 5086 1550 5154; x_wconf 91' lang='lat' dir='ltr'><strong>ipse</strong></span> <span class='ocrx_word' id='word_1_841' title='bbox 1593 5101 1697 5140; x_wconf 88' lang='lat' dir='ltr'><strong>non</strong></span> <span class='ocrx_word' id='word_1_842' title='bbox 1748 5089 1960 5144; x_wconf 89' lang='lat' dir='ltr'><strong>steterit</strong></span> <span class='ocrx_word' id='word_1_843' title='bbox 1993 5090 2042 5144; x_wconf 92' lang='lat' dir='ltr'><strong>in</strong></span> 
     </span>
    </p>
   </div>
   <div class='ocr_carea' id='block_1_103' title="bbox 2146 5069 3660 5155">
    <p class='ocr_par' dir='ltr' id='par_1_103' title="bbox 2153 5069 3660 5155">
     <span class='ocr_line' id='line_1_103' title="bbox 2153 5069 3660 5155; baseline -0.005 -21"><span class='ocrx_word' id='word_1_844' title='bbox 2153 5083 2435 5154; x_wconf 83' lang='grc' dir='ltr'>έστηκέναι</span> <span class='ocrx_word' id='word_1_845' title='bbox 2460 5082 2618 5136; x_wconf 85' lang='grc' dir='ltr'>αὐτὸν</span> <span class='ocrx_word' id='word_1_846' title='bbox 2649 5084 2706 5139; x_wconf 75' lang='grc' dir='ltr'><strong>ἐν</strong></span> <span class='ocrx_word' id='word_1_847' title='bbox 2726 5083 2948 5155; x_wconf 81' lang='grc' dir='ltr'>ἀληθείᾳ</span> <span class='ocrx_word' id='word_1_848' title='bbox 2975 5082 3161 5137; x_wconf 85' lang='grc' dir='ltr'>τοῦτον</span> <span class='ocrx_word' id='word_1_849' title='bbox 3203 5083 3412 5154; x_wconf 72' lang='grc' dir='ltr'>εἴρηται</span> <span class='ocrx_word' id='word_1_850' title='bbox 3446 5078 3528 5131; x_wconf 84' lang='grc' dir='ltr'><strong>τὸν</strong></span> <span class='ocrx_word' id='word_1_851' title='bbox 3563 5069 3660 5142; x_wconf 79' lang='grc' dir='ltr'>τρό-</span> 
     </span>
    </p>
   </div>
   <div class='ocr_carea' id='block_1_104' title="bbox 493 5166 2042 5248">
    <p class='ocr_par' dir='ltr' id='par_1_104' title="bbox 493 5169 2041 5248">
     <span class='ocr_line' id='line_1_104' title="bbox 493 5169 2041 5248; baseline 0.01 -27"><span class='ocrx_word' id='word_1_852' title='bbox 493 5169 734 5235; x_wconf 89' lang='lat' dir='ltr'><strong>veritate,</strong></span> <span class='ocrx_word' id='word_1_853' title='bbox 762 5171 905 5227; x_wconf 87' lang='lat' dir='ltr'><strong>dicta</strong></span> <span class='ocrx_word' id='word_1_854' title='bbox 932 5183 1016 5228; x_wconf 89' lang='lat' dir='ltr'><strong>est</strong></span> <span class='ocrx_word' id='word_1_855' title='bbox 1053 5173 1194 5230; x_wconf 86' lang='lat' dir='ltr'><strong>hunc</strong></span> <span class='ocrx_word' id='word_1_856' title='bbox 1223 5175 1277 5229; x_wconf 91' lang='lat' dir='ltr'><strong>iu</strong></span> <span class='ocrx_word' id='word_1_857' title='bbox 1308 5177 1522 5231; x_wconf 89' lang='lat' dir='ltr'><strong>modum</strong></span> <span class='ocrx_word' id='word_1_858' title='bbox 1551 5194 1566 5233; x_wconf 88' lang='lat'><strong>:</strong></span> <span class='ocrx_word' id='word_1_859' title='bbox 1595 5179 1721 5248; x_wconf 84' lang='lat' dir='ltr'><strong>quia</strong></span> <span class='ocrx_word' id='word_1_860' title='bbox 1755 5181 1946 5236; x_wconf 81' lang='lat' dir='ltr'><strong>veritas</strong></span> <span class='ocrx_word' id='word_1_861' title='bbox 1986 5185 2041 5237; x_wconf 80' lang='lat' dir='ltr'><strong>in</strong></span> 
     </span>
    </p>
   </div>
   <div class='ocr_carea' id='block_1_105' title="bbox 2146 5166 3660 5248">
    <p class='ocr_par' dir='ltr' id='par_1_105' title="bbox 2149 5166 3660 5245">
     <span class='ocr_line' id='line_1_105' title="bbox 2149 5166 3660 5245; baseline -0.009 -12"><span class='ocrx_word' id='word_1_862' title='bbox 2149 5195 2276 5232; x_wconf 72' lang='grc' dir='ltr'>πονο</span> <span class='ocrx_word' id='word_1_863' title='bbox 2314 5181 2434 5233; x_wconf 88' lang='grc' dir='ltr'>Ὅτι</span> <span class='ocrx_word' id='word_1_864' title='bbox 2473 5181 2585 5233; x_wconf 79' lang='grc' dir='ltr'><strong>οὐκ</strong></span> <span class='ocrx_word' id='word_1_865' title='bbox 2615 5179 2786 5232; x_wconf 73' lang='grc' dir='ltr'>ἐστιν</span> <span class='ocrx_word' id='word_1_866' title='bbox 2819 5177 3069 5245; x_wconf 72' lang='grc' dir='ltr'>ἀλήθεια</span> <span class='ocrx_word' id='word_1_867' title='bbox 3093 5179 3163 5232; x_wconf 77' lang='grc' dir='ltr'><strong>ἐν</strong></span> <span class='ocrx_word' id='word_1_868' title='bbox 3188 5177 3365 5242; x_wconf 84' lang='grc' dir='ltr'>αὐτῷ.</span> <span class='ocrx_word' id='word_1_869' title='bbox 3409 5172 3498 5227; x_wconf 80' lang='grc' dir='ltr'>Διὰ</span> <span class='ocrx_word' id='word_1_870' title='bbox 3535 5166 3660 5221; x_wconf 82' lang='grc' dir='ltr'>τοῦτο</span> 
     </span>
    </p>
   </div>
   <div class='ocr_carea' id='block_1_106' title="bbox 559 5281 2042 5360">
    <p class='ocr_par' dir='ltr' id='par_1_106' title="bbox 559 5281 1996 5360">
     <span class='ocr_line' id='line_1_106' title="bbox 559 5281 1996 5360; baseline 0.009 -25"><span class='ocrx_word' id='word_1_871' title='bbox 559 5284 602 5316; x_wconf 71' lang='grc' dir='ltr'>οι</span> <span class='ocrx_word' id='word_1_872' title='bbox 637 5281 850 5360; x_wconf 77' lang='lat' dir='ltr'><strong>Sap._u,</strong></span> <span class='ocrx_word' id='word_1_873' title='bbox 882 5284 978 5360; x_wconf 52' lang='lat'><strong>“2}.</strong></span> <span class='ocrx_word' id='word_1_874' title='bbox 1015 5289 1093 5360; x_wconf 83' lang='lat'><strong>_&quot;</strong></span> <span class='ocrx_word' id='word_1_875' title='bbox 1126 5287 1142 5342; x_wconf 97' lang='lat' dir='ltr'><strong>l</strong></span> <span class='ocrx_word' id='word_1_876' title='bbox 1175 5289 1302 5344; x_wconf 90' lang='lat' dir='ltr'><strong>Cor.</strong></span> <span class='ocrx_word' id='word_1_877' title='bbox 1317 5305 1407 5353; x_wconf 78' lang='lat' dir='ltr'><strong>xv,</strong></span> <span class='ocrx_word' id='word_1_878' title='bbox 1436 5290 1528 5346; x_wconf 81' lang='lat'><strong>‘25.</strong></span> <span class='ocrx_word' id='word_1_879' title='bbox 1603 5292 1650 5324; x_wconf 85' lang='grc'><strong>⁸³</strong></span> <span class='ocrx_word' id='word_1_880' title='bbox 1672 5291 1830 5349; x_wconf 81' lang='lat' dir='ltr'><strong>Joan.</strong></span> <span class='ocrx_word' id='word_1_881' title='bbox 1875 5310 1996 5358; x_wconf 87' lang='lat' dir='ltr'><strong>vttt,</strong></span> 
     </span>
    </p>
   </div>
   <div class='ocr_carea' id='block_1_107' title="bbox 2146 5281 3656 5360">
    <p class='ocr_par' dir='ltr' id='par_1_107' title="bbox 2213 5284 3656 5360">
     <span class='ocr_line' id='line_1_107' title="bbox 2213 5284 3656 5360; baseline -0.007 -7"><span class='ocrx_word' id='word_1_882' title='bbox 2213 5295 2417 5352; x_wconf 63' lang='lat' dir='ltr'><strong>l&quot;‘Psal.</strong></span> <span class='ocrx_word' id='word_1_883' title='bbox 2468 5296 2720 5358; x_wconf 72' lang='lat' dir='ltr'><strong>Lxstt,2.</strong></span> <span class='ocrx_word' id='word_1_884' title='bbox 2818 5296 2866 5328; x_wconf 85' lang='grc'><strong>⁸⁸</strong></span> <span class='ocrx_word' id='word_1_885' title='bbox 2893 5297 3080 5352; x_wconf 83' lang='lat' dir='ltr'><strong>Matth.</strong></span> <span class='ocrx_word' id='word_1_886' title='bbox 3141 5314 3254 5360; x_wconf 70' lang='lat' dir='ltr'><strong>XXI,</strong></span> <span class='ocrx_word' id='word_1_887' title='bbox 3303 5299 3391 5352; x_wconf 71' lang='grc'><strong>44.</strong></span> <span class='ocrx_word' id='word_1_888' title='bbox 3459 5284 3656 5344; x_wconf 74' lang='lat' dir='ltr'><strong>“Exod.</strong></span> 
     </span>
    </p>
   </div>
   <div class='ocr_carea' id='block_1_108' title="bbox 491 5355 2042 5436">
    <p class='ocr_par' dir='ltr' id='par_1_108' title="bbox 491 5355 2042 5429">
     <span class='ocr_line' id='line_1_108' title="bbox 491 5355 2042 5429; baseline 0.008 -22"><span class='ocrx_word' id='word_1_889' title='bbox 491 5368 686 5419; x_wconf 72' lang='lat' dir='ltr'><strong>sum,</strong></span> <span class='ocrx_word' id='word_1_890' title='bbox 721 5355 811 5409; x_wconf 74' lang='lat' dir='ltr'><strong>2L</strong></span> <span class='ocrx_word' id='word_1_891' title='bbox 884 5356 928 5387; x_wconf 83' lang='grc'><strong>⁸⁷</strong></span> <span class='ocrx_word' id='word_1_892' title='bbox 961 5355 1132 5416; x_wconf 88' lang='lat' dir='ltr'><strong>lCor.</strong></span> <span class='ocrx_word' id='word_1_893' title='bbox 1178 5375 1232 5427; x_wconf 65' lang='grc' dir='ltr'>Χ,</span> <span class='ocrx_word' id='word_1_894' title='bbox 1271 5360 1326 5417; x_wconf 72' lang='grc'>4.</span> <span class='ocrx_word' id='word_1_895' title='bbox 1400 5360 1445 5392; x_wconf 83' lang='grc'><strong>⁸⁸</strong></span> <span class='ocrx_word' id='word_1_896' title='bbox 1464 5360 1618 5418; x_wconf 79' lang='lat' dir='ltr'><strong>Joan.</strong></span> <span class='ocrx_word' id='word_1_897' title='bbox 1653 5379 1765 5429; x_wconf 78' lang='lat' dir='ltr'><strong>x-tv,</strong></span> <span class='ocrx_word' id='word_1_898' title='bbox 1790 5363 1844 5419; x_wconf 87' lang='lat'><strong>6.</strong></span> <span class='ocrx_word' id='word_1_899' title='bbox 1913 5364 1958 5396; x_wconf 72' lang='grc' dir='ltr'>θ’</span> <span class='ocrx_word' id='word_1_900' title='bbox 1983 5355 2042 5421; x_wconf 77' lang='grc' dir='ltr'>Ρι</span> 
     </span>
    </p>
   </div>
   <div class='ocr_carea' id='block_1_109' title="bbox 2146 5355 3369 5436">
    <p class='ocr_par' dir='ltr' id='par_1_109' title="bbox 2157 5355 3369 5436">
     <span class='ocr_line' id='line_1_109' title="bbox 2157 5355 3369 5436; baseline 0.002 -14"><span class='ocrx_word' id='word_1_901' title='bbox 2157 5383 2294 5434; x_wconf 75' lang='lat' dir='ltr'><strong>cxv,</strong></span> <span class='ocrx_word' id='word_1_902' title='bbox 2327 5368 2418 5423; x_wconf 79' lang='grc'><strong>11.</strong></span> <span class='ocrx_word' id='word_1_903' title='bbox 2485 5367 2532 5400; x_wconf 81' lang='grc'><strong>⁹⁰</strong></span> <span class='ocrx_word' id='word_1_904' title='bbox 2565 5355 2708 5422; x_wconf 81' lang='lat' dir='ltr'><strong>Psal.</strong></span> <span class='ocrx_word' id='word_1_905' title='bbox 2735 5382 2916 5436; x_wconf 79' lang='lat' dir='ltr'><strong>Lxsst,</strong></span> <span class='ocrx_word' id='word_1_906' title='bbox 2943 5365 2997 5422; x_wconf 87' lang='lat'><strong>6.</strong></span> <span class='ocrx_word' id='word_1_907' title='bbox 3073 5369 3118 5400; x_wconf 81' lang='grc'><strong>’⁸</strong></span> <span class='ocrx_word' id='word_1_908' title='bbox 3153 5355 3282 5424; x_wconf 83' lang='lat' dir='ltr'><strong>ibid.</strong></span> <span class='ocrx_word' id='word_1_909' title='bbox 3313 5368 3369 5425; x_wconf 85' lang='lat'><strong>7.</strong></span> 
     </span>
    </p>
   </div>
   <div class='ocr_carea' id='block_1_110' title="bbox 501 5470 2047 5594">
    <p class='ocr_par' dir='ltr' id='par_1_110' title="bbox 501 5470 2047 5594">
     <span class='ocr_line' id='line_1_110' title="bbox 564 5470 2047 5552; baseline 0.009 -30"><span class='ocrx_word' id='word_1_910' title='bbox 564 5470 676 5541; x_wconf 67' lang='lat' dir='ltr'><strong>(7t)</strong></span> <span class='ocrx_word' id='word_1_911' title='bbox 720 5471 898 5526; x_wconf 82' lang='lat' dir='ltr'><strong>Codex</strong></span> <span class='ocrx_word' id='word_1_912' title='bbox 948 5472 1297 5544; x_wconf 83' lang='lat' dir='ltr'><strong>Bodleianus,</strong></span> <span class='ocrx_word' id='word_1_913' title='bbox 1365 5489 1543 5546; x_wconf 90' lang='lat' dir='ltr'><strong>recte,</strong></span> <span class='ocrx_word' id='word_1_914' title='bbox 1594 5479 1758 5550; x_wconf 85' lang='grc' dir='ltr'><strong>ὑγιῆ-</strong></span> <span class='ocrx_word' id='word_1_915' title='bbox 1825 5481 2047 5552; x_wconf 79' lang='lat' dir='ltr'><strong>Regius,</strong></span> 
     </span>
     <span class='ocr_line' id='line_1_111' title="bbox 501 5541 1853 5594; baseline 0.003 -1"><span class='ocrx_word' id='word_1_916' title='bbox 501 5541 670 5594; x_wconf 76' lang='grc' dir='ltr'>ὐγιὴς.</span> <span class='ocrx_word' id='word_1_917' title='bbox 700 5541 856 5594; x_wconf 85' lang='lat' dir='ltr'><strong>male.</strong></span> <span class='ocrx_word' id='word_1_918' title='bbox 1847 5548 1853 5558; x_wconf 85' lang='lat'><strong><em>&#39;</em></strong></span> 
     </span>
    </p>
   </div>
   <div class='ocr_carea' id='block_1_111' title="bbox 493 5542 2048 5688">
    <p class='ocr_par' dir='ltr' id='par_1_111' title="bbox 493 5542 2048 5688">
     <span class='ocr_line' id='line_1_112' title="bbox 493 5542 2048 5688; baseline 0.004 -22"><span class='ocrx_word' id='word_1_919' title='bbox 493 5542 675 5681; x_wconf 43' lang='lat' dir='ltr'><strong>of???)</strong></span> <span class='ocrx_word' id='word_1_920' title='bbox 700 5542 1084 5688; x_wconf 54' lang='grc' dir='ltr'>Ἦέξέοάσεως,</span> <span class='ocrx_word' id='word_1_921' title='bbox 1113 5615 1430 5688; x_wconf 14' lang='grc' dir='ltr'>οἱονείίδύο</span> <span class='ocrx_word' id='word_1_922' title='bbox 1450 5618 1763 5688; x_wconf 78' lang='grc' dir='ltr'>ὑπομένει,</span> <span class='ocrx_word' id='word_1_923' title='bbox 1794 5618 1912 5672; x_wconf 84' lang='grc' dir='ltr'><strong>τῶν</strong></span> <span class='ocrx_word' id='word_1_924' title='bbox 1939 5621 2048 5673; x_wconf 79' lang='grc' dir='ltr'>πό-</span> 
     </span>
    </p>
   </div>
   <div class='ocr_carea' id='block_1_112' title="bbox 495 5682 2050 5764">
    <p class='ocr_par' dir='ltr' id='par_1_112' title="bbox 495 5682 2050 5764">
     <span class='ocr_line' id='line_1_113' title="bbox 495 5682 2050 5764; baseline 0.005 -30"><span class='ocrx_word' id='word_1_925' title='bbox 495 5697 636 5745; x_wconf 81' lang='grc' dir='ltr'>νων,</span> <span class='ocrx_word' id='word_1_926' title='bbox 666 5693 773 5764; x_wconf 73' lang='lat' dir='ltr'><strong>etc.</strong></span> <span class='ocrx_word' id='word_1_927' title='bbox 803 5682 1262 5764; x_wconf 63' lang='lat' dir='ltr'><strong>Reprmsentatnus</strong></span> <span class='ocrx_word' id='word_1_928' title='bbox 1300 5687 1436 5742; x_wconf 89' lang='lat' dir='ltr'><strong>bona</strong></span> <span class='ocrx_word' id='word_1_929' title='bbox 1480 5682 1583 5742; x_wconf 79' lang='lat' dir='ltr'><strong>lidé</strong></span> <span class='ocrx_word' id='word_1_930' title='bbox 1623 5692 1866 5764; x_wconf 82' lang='lat' dir='ltr'><strong>codicum</strong></span> <span class='ocrx_word' id='word_1_931' title='bbox 1936 5705 2050 5743; x_wconf 87' lang='lat' dir='ltr'><strong>ma-</strong></span> 
     </span>
    </p>
   </div>
   <div class='ocr_carea' id='block_1_113' title="bbox 502 5760 2047 5824">
    <p class='ocr_par' dir='ltr' id='par_1_113' title="bbox 502 5760 2047 5824">
     <span class='ocr_line' id='line_1_114' title="bbox 502 5760 2047 5824; baseline 0.01 -23"><span class='ocrx_word' id='word_1_932' title='bbox 502 5760 898 5824; x_wconf 66' lang='lat' dir='ltr'><strong>nuscriptormn</strong></span> <span class='ocrx_word' id='word_1_933' title='bbox 930 5760 1152 5822; x_wconf 89' lang='lat' dir='ltr'><strong>apices;</strong></span> <span class='ocrx_word' id='word_1_934' title='bbox 1180 5771 1315 5824; x_wconf 87' lang='lat' dir='ltr'><strong>quos</strong></span> <span class='ocrx_word' id='word_1_935' title='bbox 1348 5767 1524 5812; x_wconf 88' lang='lat' dir='ltr'><strong>tamen</strong></span> <span class='ocrx_word' id='word_1_936' title='bbox 1556 5774 1674 5814; x_wconf 86' lang='lat' dir='ltr'><strong>esse</strong></span> <span class='ocrx_word' id='word_1_937' title='bbox 1714 5760 1928 5815; x_wconf 80' lang='lat' dir='ltr'><strong>luxatos</strong></span> <span class='ocrx_word' id='word_1_938' title='bbox 1956 5775 2047 5816; x_wconf 84' lang='lat' dir='ltr'><strong>sa-</strong></span> 
     </span>
    </p>
   </div>
   <div class='ocr_carea' id='block_1_114' title="bbox 500 5819 2046 5899">
    <p class='ocr_par' dir='ltr' id='par_1_114' title="bbox 500 5819 2046 5899">
     <span class='ocr_line' id='line_1_115' title="bbox 500 5819 2046 5899; baseline 0.008 -26"><span class='ocrx_word' id='word_1_939' title='bbox 500 5819 569 5875; x_wconf 86' lang='lat' dir='ltr'><strong>tis</strong></span> <span class='ocrx_word' id='word_1_940' title='bbox 593 5821 829 5876; x_wconf 85' lang='lat' dir='ltr'><strong>ostendit</strong></span> <span class='ocrx_word' id='word_1_941' title='bbox 860 5819 1177 5880; x_wconf 76' lang='lat' dir='ltr'><strong>Ferrariana</strong></span> <span class='ocrx_word' id='word_1_942' title='bbox 1199 5819 1604 5897; x_wconf 79' lang='lat' dir='ltr'><strong>interpretatio.</strong></span> <span class='ocrx_word' id='word_1_943' title='bbox 1653 5829 1742 5885; x_wconf 83' lang='lat' dir='ltr'><strong>Sic</strong></span> <span class='ocrx_word' id='word_1_944' title='bbox 1778 5831 1936 5899; x_wconf 84' lang='lat' dir='ltr'><strong>paulo</strong></span> <span class='ocrx_word' id='word_1_945' title='bbox 1967 5830 2046 5886; x_wconf 90' lang='lat' dir='ltr'><strong>in-</strong></span> 
     </span>
    </p>
   </div>
   <div class='ocr_carea' id='block_1_115' title="bbox 2153 5475 3660 5558">
    <p class='ocr_par' dir='ltr' id='par_1_115' title="bbox 2153 5475 3660 5558">
     <span class='ocr_line' id='line_1_116' title="bbox 2153 5475 3660 5558; baseline 0.007 -22"><span class='ocrx_word' id='word_1_946' title='bbox 2153 5483 2319 5558; x_wconf 78' lang='lat' dir='ltr'><strong>ferius</strong></span> <span class='ocrx_word' id='word_1_947' title='bbox 2351 5485 2402 5541; x_wconf 84' lang='lat' dir='ltr'><strong>in</strong></span> <span class='ocrx_word' id='word_1_948' title='bbox 2427 5487 2563 5550; x_wconf 89' lang='lat' dir='ltr'><strong>istis,</strong></span> <span class='ocrx_word' id='word_1_949' title='bbox 2594 5486 2828 5554; x_wconf 78' lang='grc' dir='ltr'>εὐλόγως</span> <span class='ocrx_word' id='word_1_950' title='bbox 2856 5485 2922 5558; x_wconf 67' lang='grc' dir='ltr'><strong>ἂν</strong></span> <span class='ocrx_word' id='word_1_951' title='bbox 2954 5486 3243 5558; x_wconf 70' lang='grc' dir='ltr'>έστηκέναι</span> <span class='ocrx_word' id='word_1_952' title='bbox 3275 5487 3330 5538; x_wconf 83' lang='grc' dir='ltr'><strong>ὲν</strong></span> <span class='ocrx_word' id='word_1_953' title='bbox 3470 5475 3660 5558; x_wconf 68' lang='grc' dir='ltr'>ᾲληθείίι</span> 
     </span>
    </p>
   </div>
   <div class='ocr_carea' id='block_1_116' title="bbox 2151 5554 3655 5628">
    <p class='ocr_par' dir='ltr' id='par_1_116' title="bbox 2151 5554 3655 5628">
     <span class='ocr_line' id='line_1_117' title="bbox 2151 5554 3655 5628; baseline -0.007 -20"><span class='ocrx_word' id='word_1_954' title='bbox 2151 5555 2451 5628; x_wconf 76' lang='grc' dir='ltr'>νομίζοιτο,</span> <span class='ocrx_word' id='word_1_955' title='bbox 2485 5558 2709 5628; x_wconf 85' lang='lat' dir='ltr'><strong>negandi</strong></span> <span class='ocrx_word' id='word_1_956' title='bbox 2737 5556 3003 5626; x_wconf 87' lang='lat' dir='ltr'><strong>particula</strong></span> <span class='ocrx_word' id='word_1_957' title='bbox 3038 5554 3321 5612; x_wconf 77' lang='lat' dir='ltr'><strong>uianifesto</strong></span> <span class='ocrx_word' id='word_1_958' title='bbox 3341 5554 3655 5610; x_wconf 84' lang='lat' dir='ltr'><strong>desideratur.</strong></span> 
     </span>
    </p>
   </div>
   <div class='ocr_carea' id='block_1_117' title="bbox 2151 5623 3367 5768">
    <p class='ocr_par' dir='ltr' id='par_1_117' title="bbox 2151 5623 3367 5768">
     <span class='ocr_line' id='line_1_118' title="bbox 2151 5623 2753 5689; baseline 0.007 -12"><span class='ocrx_word' id='word_1_959' title='bbox 2151 5623 2408 5689; x_wconf 76' lang='lat' dir='ltr'><strong>“pertus.</strong></span> <span class='ocrx_word' id='word_1_960' title='bbox 2439 5623 2443 5624; x_wconf 47' lang='grc'><strong><em>⁷</em></strong></span> <span class='ocrx_word' id='word_1_961' title='bbox 2555 5623 2579 5628; x_wconf 64' lang='grc'>⁷</span> <span class='ocrx_word' id='word_1_962' title='bbox 2737 5623 2753 5626; x_wconf 69' lang='grc'><em>’</em></span> 
     </span>
     <span class='ocr_line' id='line_1_119' title="bbox 2223 5694 3367 5768; baseline -0.001 -20"><span class='ocrx_word' id='word_1_963' title='bbox 2223 5696 2333 5767; x_wconf 70' lang='lat'><strong>(76)</strong></span> <span class='ocrx_word' id='word_1_964' title='bbox 2369 5697 2548 5752; x_wconf 79' lang='lat' dir='ltr'><strong>Codex</strong></span> <span class='ocrx_word' id='word_1_965' title='bbox 2578 5697 2796 5768; x_wconf 78' lang='lat' dir='ltr'><strong>Regius,</strong></span> <span class='ocrx_word' id='word_1_966' title='bbox 2831 5711 3138 5768; x_wconf 76' lang='lat' dir='ltr'><strong>perperam,</strong></span> <span class='ocrx_word' id='word_1_967' title='bbox 3168 5694 3367 5768; x_wconf 78' lang='grc' dir='ltr'>εὐρώς.</span> 
     </span>
    </p>
   </div>
   <div class='ocr_carea' id='block_1_118' title="bbox 2225 5765 3328 5842">
    <p class='ocr_par' dir='ltr' id='par_1_118' title="bbox 2225 5765 3328 5842">
     <span class='ocr_line' id='line_1_120' title="bbox 2225 5765 3328 5842; baseline -0.005 -16"><span class='ocrx_word' id='word_1_968' title='bbox 2225 5765 2336 5838; x_wconf 84' lang='lat'><strong>(77)</strong></span> <span class='ocrx_word' id='word_1_969' title='bbox 2366 5769 2545 5826; x_wconf 79' lang='lat' dir='ltr'><strong>Codex</strong></span> <span class='ocrx_word' id='word_1_970' title='bbox 2580 5765 2801 5840; x_wconf 72' lang='lat' dir='ltr'><strong>Regius,</strong></span> <span class='ocrx_word' id='word_1_971' title='bbox 2833 5765 2992 5832; x_wconf 86' lang='lat' dir='ltr'><strong>male,</strong></span> <span class='ocrx_word' id='word_1_972' title='bbox 3021 5767 3050 5824; x_wconf 85' lang='grc' dir='ltr'><strong>ό</strong></span> <span class='ocrx_word' id='word_1_973' title='bbox 3078 5765 3328 5842; x_wconf 69' lang='grc' dir='ltr'>ψεύστης.</span> 
     </span>
    </p>
   </div>
  </div>
