3804 6554
164 432 274 493 657

1214 429 1565 487 (ΞΟΜΜΕΝΤ.
1603 427 1669 483 ιΝ
1701 428 1893 485 JOAN.
1932 427 2168 485 TOMUS
2200 429 2319 488 XX.

3274 439 3379 494 638

162 556 210 608 δ’
234 553 340 608 οὐκ
372 550 517 606 ἔστιν
544 549 770 621 ἀλήθεια
795 551 853 604 ὲν
876 548 1044 621 αὐτῷ,
1067 549 1295 620 ἐπείπερ
1321 550 1615 620 ἠπάτηται,
1632 547 1717 602 καὶ

1825 563 1887 601 eo
1910 564 2014 602 non
2043 557 2118 602 est
2146 550 2215 604 “.
2240 548 2389 603 Hanc
2430 557 2606 604 autem
2637 549 2707 605 ob
2741 565 2959 607 causam
2991 568 3096 608 non
3126 563 3205 609 est
3228 556 3281 609 in
3313 571 3380 612 eo

163 645 341 716 ψευδῆ
369 641 759 713 ὑπολαμϐάνει,
792 644 885 695 καὶ
915 642 1190 713 ἡπάτηται
1217 642 1376 705 αὐτὸς
1398 641 1486 709 ὑφ’
1513 642 1724 707 ἑαυτοῦ,

160 735 375 791 τούτων
405 736 601 807 χείρων
630 731 767 789 εἶναι
791 734 1056 803 λογισθεὶς
1074 734 1182 788 τῶν
1205 734 1404 788 λοιπῶν
1433 735 1727 807 ἀπατωμέ-

160 848 294 892 νων,
329 831 413 883 ὅτι
445 829 641 881 ἐκεῖνοι
674 827 771 899 μὲν
784 826 888 880 ὑπὸ
918 825 1106 879 τούτου
1128 825 1464 889 ἀπατῶνται,
1491 826 1649 889 αὐτὸς
1668 825 1726 880 δὲ

162 921 346 992 ἑαυτῷ
376 917 706 990 δημιουργός
737 920 851 972 ἐστι
872 918 972 988 τῆς
997 918 1230 988 ἀπάτης.
1265 916 1447 985 ’Ᾱξιον
1477 917 1532 971 δὲ
1564 918 1728 989 ζητῆ-

164 1027 257 1064 σαι
283 1009 409 1073 πῶς
430 1010 647 1079 λέγεται
677 1007 738 1061 τό
756 1024 771 1039 ’
811 1005 1082 1074 Ἀλήθεια
1116 1009 1227 1062 οὐκ
1255 1007 1512 1061 ἐστινέν
1545 1006 1722 1073 αὐτῷ·

160 1096 276 1155 οἷον
330 1102 559 1173 πότερον
599 1100 748 1155 οὐδὲν
789 1098 899 1171 (78)
948 1098 1144 1171 ἀληθὲς
1198 1098 1309 1171 ἔχει
1356 1099 1551 1170 δόγμα,
1593 1099 1726 1153 ἀλλά

159 1192 348 1248 πάντα
383 1194 483 1246 ὅσα
512 1192 641 1246 ποτὲ
674 1190 868 1263 δοξάζῃ
901 1191 1011 1263 (79)
1064 1190 1233 1263 ψεύδη
1265 1192 1440 1245 ἐστίν*
1468 1190 1503 1263 ἢ
1550 1191 1631 1245 δτι
1664 1191 1724 1245 ού

165 1283 391 1354 μετέχει
424 1282 531 1354 (80)
573 1282 827 1355 Χριστοῦ,
862 1283 937 1347 ὡς
973 1285 1021 1336 οί
1067 1281 1299 1354 Χριστοῦ
1343 1281 1555 1353 μέτοχοι
1604 1299 1727 1354 μετ-

161 1373 362 1444 έχουσι
390 1374 485 1428 τοῦ
519 1376 789 1439 εἰπόντος’
840 1373 978 1445 Ἐγώ
1004 1375 1120 1443 είμι
1162 1373 1200 1439 ἡ
1231 1371 1498 1437 ἀλήθεια.
1522 1374 1585 1426 Οἱ
1613 1373 1722 1444 γὰρ

164 1466 492 1538 μετέχοντες
521 1466 684 1521 αὐτοῦ
712 1466 1023 1537 μετέχουσιν
1045 1462 1229 1527 αὐτοῦ,
1252 1464 1346 1517 καὶ
1367 1463 1485 1517 καθ’
1523 1464 1552 1517 δ
1580 1466 1726 1517 ἔστιν

157 1557 398 1629 ἀλήθεια
426 1557 559 1629 (8!),
587 1558 681 1611 καὶ
707 1557 796 1611 διά
821 1556 978 1610 τοῦτο
1009 1555 1236 1627 ἀλήθειά
1265 1557 1413 1610 ἐστιν
1436 1557 1493 1609 ὲν
1522 1556 1721 1620 αὐτοῖς.

159 1652 273 1704 Καὶ
296 1652 479 1722 τρίτον
500 1651 544 1704 δ’
562 1650 626 1705 ἂν
642 1652 699 1705 ὲν
711 1650 788 1721 τῷ
810 1650 965 1721 τύπῳ
988 1645 1224 1702 τοιοῦτον
1240 1647 1348 1719 (82)
1369 1664 1724 1721 προσαπορη-

155 1739 305 1812 θείη,
337 1743 740 1813 ὲπιστησόντων
765 1741 925 1796 τινῶν
943 1742 991 1794 εί
1015 1739 1121 1811 χρὴ
1144 1739 1319 1808 λέγειν
1348 1740 1421 1810 μὴ
1440 1737 1576 1793 εἶναι
1596 1740 1726 1812 ἀλή-

156 1830 315 1887 θειαν
363 1836 421 1887 ὲν
462 1833 539 1904 τῷ
582 1830 864 1887 ότιποτοῦν
907 1831 1096 1903 ψεῦδος
1140 1832 1588 1904 ὑπολαμδάνοντι,
1621 1832 1724 1886 κᾶν

1826 639 2048 703 veritas,
2081 640 2340 708 quoniam
2393 640 2653 709 deceptus
2690 650 2777 697 est
2818 640 3064 712 falsaque
3090 645 3375 714 opinatur;

1828 728 2047 799 ipseque
2068 743 2097 784 a
2124 730 2305 800 seipso
2335 730 2588 799 deceptus
2624 742 2727 798 est,
2765 733 2916 804 pejor
2957 735 3004 789 is
3045 736 3257 790 caeteris
3286 738 3380 790 de-

1826 819 2000 888 ceptis
2024 819 2417 889 habitus,qu
2442 819 2517 873 illi
2546 821 2760 890 quidem
2792 824 3134 893 decipiuntur
3161 827 3227 880 ab
3255 827 3377 891 hoc,

1826 910 1940 978 ipse
1965 918 2143 964 autem
2192 910 2295 965 sibi
2342 909 2636 966 fabricator
2671 922 2726 968 et
2763 923 2954 968 auctor
2981 921 3064 969 est
3107 915 3379 983 deceptio-

1826 1005 1930 1058 nis.
1971 1001 2079 1058 Sed
2111 1004 2331 1075 dignum
2373 1006 2598 1075 quaesitu
2627 1016 2710 1061 est
2745 1006 3011 1075 quomodo
3041 1006 3271 1074 dicatur,
3299 1024 3380 1061 ve-

1825 1094 1957 1147 ritas
1999 1093 2052 1147 in
2093 1109 2154 1148 eo
2197 1110 2300 1147 non
2333 1103 2408 1147 est
2433 1109 2455 1149 :
2483 1104 2740 1150 utrumne
2768 1095 2979 1149 tandem
3015 1080 3379 1165 quia'nullum

1826 1184 2015 1255 dogma
2040 1199 2224 1241 verum
2256 1186 2439 1254 habet,
2470 1188 2564 1242 sed
2606 1187 2785 1242 omnia
2817 1203 3151 1258 quaecunque
3191 1189 3382 1258 opina-

1829 1288 1916 1330 tur
1942 1275 2073 1331 falsa
2098 1277 2239 1342 sint;
2272 1294 2339 1332 an
2370 1279 2547 1348 patius
2578 1280 2706 1349 quia
2747 1281 3015 1350 particeps
3038 1280 3242 1336 Christi
3273 1296 3379 1335 non

1823 1376 1927 1433 est,
1971 1368 2009 1423 ii
2048 1372 2138 1438 qui
2190 1378 2317 1424 sunt
2371 1370 2659 1441 participes
2713 1370 2914 1426 Christi
2958 1371 3186 1426 dicentis
3221 1386 3235 1423 :
3270 1370 3380 1440 Ego

1823 1476 1938 1514 sum
1960 1461 2149 1516 veritas
2176 1461 2242 1514 ”.
2259 1461 2361 1527 Qui
2389 1461 2535 1515 enim
2565 1461 2856 1531 participes
2884 1471 3009 1516 sunt
3040 1460 3204 1523 illius,
3237 1460 3381 1516 illius

1823 1561 1945 1606 sunt
1979 1553 2271 1621 participes
2304 1552 2356 1606 in
2400 1561 2664 1622 quantum
2694 1562 2775 1607 est
2819 1553 3040 1620 veritas,
3069 1562 3126 1608 et
3176 1553 3382 1608 idcirco

1822 1643 2021 1698 veritas
2041 1643 2094 1698 in
2122 1643 2200 1698 eis
2223 1652 2321 1701 est.
2352 1643 2585 1699 Rursum
2608 1645 2766 1701 tertio
2784 1645 3185 1701 addubitabitur
3202 1647 3302 1701 hoc
3324 1646 3380 1701 in

1824 1735 1967 1803 loco,
2012 1736 2333 1807 quibusdam
2374 1738 2715 1795 adnotaturis
2757 1755 2886 1793 num
2923 1740 3106 1796 dicere
3132 1750 3379 1811 oporteat

1824 1844 1929 1884 non
1953 1844 2074 1885 esse
2105 1830 2385 1885 veritatem
2418 1830 2472 1885 in
2514 1847 2580 1886 eo
2608 1833 2698 1902 qui
2734 1832 3104 1902 qualecunque
3153 1834 3376 1887 menda-o

162 1925 307 1995 μετά
336 1924 549 1977 πολλῶν
580 1924 793 1996 ἀληθῶν
832 1923 987 1978 τοῦτο
1018 1924 1229 1998 νομίζῃ.
1277 1925 1364 1989 Ὠς
1395 1922 1502 1995 γὰρ
1530 1922 1717 1995 ψεῦδος

1822 1922 1965 1977 cium
1987 1923 2262 1989 opinatur.
2284 1923 2494 1980 etiamsi
2525 1939 2651 1980 cum
2680 1923 2862 1979 multis
2892 1926 3037 1981 veris
3061 1926 3234 1994 ipsum
3259 1927 3381 1995 opi-
3426 1992 3436 2001 κ

154 2015 219 2069 τὺ
241 2017 308 2069 ἐκ
341 2015 552 2088 μυρίων
575 2017 714 2070 ὅσων
740 2014 976 2086 ἀληθῶν,
1003 2015 1098 2069 καὶ
1129 2014 1246 2079 ἑνὸς
1263 2013 1489 2084 ψεύδους
1513 2030 1724 2085 συμπε-

155 2106 490 2177 πλεγμένον,
513 2105 685 2170 οὕτως
706 2107 763 2159 ὲν
795 2106 874 2177 τῷ
903 2105 1178 2172 δοξάζοντι
1207 2105 1342 2175 μετά
1360 2103 1567 2158 πολλῶν
1591 2104 1730 2176 ἀληι

155 2200 265 2253 θῶν
284 2199 346 2252 ἓν
372 2198 588 2269 ψεῦδος,
620 2199 778 2251 οἱονεὶ⁵
807 2199 867 2251 τὸ
895 2197 1133 2252 τοιοῦτόν
1164 2200 1277 2251 ἐστι
1304 2196 1722 2270 συμπεπλεγμέ-

151 2309 263 2353 νον,
288 2290 421 2344 ὥστ’
451 2289 519 2344 ἂν
543 2291 733 2353 είπείν,
767 2291 848 2343 ὅτι
886 2290 943 2343 ὲν
983 2288 1118 2362 τῷδε
1155 2290 1254 2343 οὐκ
1283 2288 1428 2342 ἔστιν
1470 2287 1716 2360 ἀλήθεια.

151 2381 416 2450 Δείκνυμι
447 2380 502 2434 δὲ
525 2380 615 2433 τὸν
639 2379 773 2451 μετά
800 2380 1007 2434 πολλῶν
1032 2379 1245 2453 ἀληθῶν
1270 2379 1328 2434 ἓν
1362 2378 1553 2451 ψεῦδος
1585 2381 1719 2434 ὑπο-

150 2470 504 2542 λαμϐάνοντα
525 2487 540 2502 '
573 2472 665 2525 καὶ
686 2471 760 2526 τά
785 2472 911 2542 τρία
938 2489 1001 2541 γε
1025 2470 1167 2538 δόξει
1203 2470 1346 2542 ἔχειν
1376 2470 1553 2540 λόγον,
1574 2471 1719 2535 τινὸς

155 2562 255 2633 μὲν
277 2562 545 2632 φήσοντος
585 2563 723 2616 κατὰ
762 2561 920 2617 τοῦτο
966 2562 1216 2635 εἰρῆσθαι
1249 2562 1347 2616 τό’
1380 2565 1501 2617 Οὐκ
1550 2562 1722 2618 ἐστιν

149 2651 408 2718 ἀλήθεια
437 2652 509 2706 ἐν
541 2653 720 2720 αὐτῷ,
745 2654 866 2707 ἐπεὶ
889 2655 949 2708 ού
984 2655 1196 2726 μετέχει
1214 2653 1468 2724 Χριστοῦ,
1487 2644 1606 2724 ᾦγε
1626 2656 1720 2709 καὶ

154 2743 564 2815 προπολεμεῖ·
596 2745 779 2817 ἑτέρου
817 2745 893 2811 δὲ,
924 2746 1152 2818 ἐπείπερ
1180 2747 1329 2801 οὐδὲν
1354 2746 1548 2816 ἀληθὲς
1584 2755 1721 2819 ippo-

150 2838 252 2897 νεῖ,
279 2835 399 2888 ἀλλ’
423 2836 482 2889 ὲν
510 2837 642 2889 πᾶσι
670 2835 979 2905 διέψευσται
1005 2839 1098 2891 ttat
1117 2837 1206 2891 διὰ
1226 2836 1383 2891 τοῦτό
1404 2840 1520 2891 ἐστι
1544 2838 1721 2893 διάδο-

152 2925 263 2990 λος,
321 2927 420 2981 καὶ
470 2928 722 2999 πονηρὸς,
780 2928 873 2980 καὶ
915 2928 1113 3000 χείρων
1162 2928 1362 2993 παντὸς
1413 2929 1720 2983 οὑτινοσοῦν

149 3018 462 3083 πταίοντος,
514 3021 595 3074 ὅτι
631 3019 770 3091 τάχα
819 3021 877 3073 ἒν
926 3020 1027 3091 μὲν
1072 3023 1185 3084 τοῖς
1236 3020 1451 3086 πολλοῖς
1503 3021 1617 3075 ἐστι
1664 3038 1716 3074 τι

149 3112 244 3166 καὶ
274 3111 478 3182 ἀληθὲς
504 3110 640 3182 μετά
670 3112 876 3166 πολλῶν
898 3106 973 3167 ὧν
998 3112 1316 3183 σφάλλονται
1334 3128 1348 3143 ·
1375 3113 1433 3165 ὲν
1460 3111 1515 3165 δὲ
1543 3112 1717 3183 τούτῳ

147 3203 299 3257 οὐδὲν
351 3201 571 3273 ἀληθές.
608 3203 716 3257 Καὶ
747 3205 929 3276 τρίτος
974 3203 1031 3258 δέ
1072 3221 1158 3269 τις
1205 3204 1586 3275 συναγορεύσει
1638 3206 1715 3276 τῷ

344 3293 521 3364 λέγων
541 3295 820 3366 ἀμήχανον
847 3291 1210 3366 εἷναιλογικόν
1228 3314 1282 3351 τι
1301 3297 1564 3368 τυγχάνον
1580 3297 1715 3362 ζῶον

148 3389 276 3459 περὶ
291 3389 518 3442 πάντων
540 3388 893 3459 ψευδοδοξεῖν,
914 3390 1008 3443 καὶ
1024 3390 1152 3462 περὶ
1178 3390 1421 3462 μηδενὸς,
1447 3391 1551 3445 κᾶν
1564 3390 1717 3444 ἀσθε-

145 3478 272 3545 νῶς,
302 3479 369 3532 τὸ
384 3478 581 3550 ἀληθὲς
604 3478 1024 3551 ὑπολαμϐάνειν.
1048 3480 1273 3546 Πάντως
1289 3481 1419 3550 γοῦν
1432 3481 1537 3535 κᾶν
1556 3481 1716 3535 τοῦτο

147 3572 259 3643 εχει
282 3574 314 3626 ό
346 3571 590 3636 διάδολος
606 3572 782 3643 δόγμα
805 3573 1020 3643 ἀληθὲς,
1051 3574 1178 3646 περὶ
1209 3573 1372 3628 αὐτοῦ
1398 3574 1610 3640 ἐννοῶν,
1634 3576 1716 3629 ὅτι

147 3662 371 3731 λογικός
401 3664 540 3727 ἐστι,
578 3664 670 3716 καὶ
696 3664 776 3716 ὅτι
813 3663 875 3716 τὸ
902 3663 1100 3718 τοιόνδε
1134 3665 1229 3736 μὲν
1269 3665 1551 3737 ἄνθρωπός
1577 3667 1713 3730 ἐστι,

148 3754 207 3807 τὺ
235 3753 445 3808 τοιόνδε
474 3753 718 3822 ἄγγελος,
749 3755 840 3809 καὶ
863 3756 924 3810 τὸ
946 3755 1088 3811 τοιδν
1120 3756 1216 3827 μὲν
1238 3756 1415 3827 σῶμα,
1444 3757 1537 3810 καὶ
1563 3756 1717 3812 ποιὸν

149 3845 334 3916 σῶμα,
367 3845 497 3899 ἄλλο
513 3845 571 3898 δέ
603 3863 656 3899 τι
682 3846 865 3918 ἕτερον
888 3849 1137 3918 σώματος
1163 3846 1296 3917 (83).
1346 3846 1483 3900 Ἀλλ’
1516 3848 1602 3900 ἵνα
1622 3834 1717 3901 έαι

143 3938 204 3991 τὸ
223 3939 535 3991 τελευταῖον
566 3937 639 4010 μὴ
664 3939 816 4010 λέγῃ,
843 3939 937 3993 καὶ
968 3938 1041 4010 μὴ
1067 3940 1238 4010 ἐννοῇ,
1264 3939 1398 3994 ἀλλά
1427 3957 1492 4009 γε
1518 3940 1718 4013 αὐταρ-

145 4031 212 4099 κῇ
242 4029 313 4081 τὰ
343 4028 536 4099 πρῶτα
576 4029 714 4101 πρὸς
756 4030 818 4084 τὸ
858 4030 932 4102 μὴ
975 4029 1041 4083 ἂν
1068 4029 1323 4084 δύνασθαι
1344 4027 1480 4085 εἶναι
1517 4030 1717 4103 ἀληθὲς

145 4119 273 4189 περὶ
323 4119 492 4172 αὐτοῦ
516 4119 597 4172 τόο
634 4119 762 4173 Ὅτι
793 4120 970 4175 οὐδὲν
997 4120 1220 4190 ἀληθὲς
1267 4122 1491 4192 φρονεῖ.
1529 4123 1717 4195 Ἡμεῖς

146 4209 243 4278 μὲν
263 4205 511 4263 οὖντοῦ·
556 4210 653 4264 Ἐν
692 4210 768 4280 τῇ
796 4212 1043 4280 ἀληθείᾳ
1080 4214 1191 4282 οὐχ
1219 4212 1494 4281 ἔστηκεν,
1524 4213 1717 4268 ἀκούο-

142 4317 243 4370 μεν
268 4300 375 4370 οὐχ
410 4299 486 4363 ὡς
510 4300 668 4369 φύσιν
688 4300 940 4373 τοιαύτην
962 4301 1335 4373 ἐμφαίνοντες,
1356 4302 1479 4357 οὔτε
1506 4302 1568 4357 τὸ
1590 4303 1716 4358 ἀδύ-

139 4407 300 4445 νατον
335 4391 468 4460 περ)⁴
481 4389 573 4443 τοῦ
589 4393 873 4462 ἑστηκέναι
892 4393 1051 4447 αὑτὸν
1079 4395 1138 4448 ὲν
1161 4392 1385 4466 ἀληθείᾳ
1413 4395 1713 4465 παριστάν-

138 4498 245 4547 τεςο
280 4485 313 4536 ό
340 4481 399 4534 δὲ
440 4481 749 4553 Ἡρακλέων
786 4485 867 4548 είς
890 4483 1064 4540 ταῦτά
1104 4502 1237 4557 φησι
1265 4485 1467 4543 τόοιού
1496 4483 1603 4558 γὰρ
1644 4486 1710 4539 ὲκ

1820 2023 1998 2070 netur.
2034 2013 2106 2071 Ut
2137 2016 2280 2070 enim
2333 2014 2464 2072 falsa
2507 2027 2591 2072 est
2623 2017 2925 2087 complexio
2960 2033 3027 2075 ex
3079 2019 3378 2073 innumeris

1818 2120 1949 2174 qua:-
1963 2104 2113 2162 valde
2135 2121 2264 2162 vera
2294 2107 2424 2174 sint,
2456 2117 2513 2164 et
2539 2124 2647 2164 uno
2690 2110 2969 2165 mendacio
2996 2121 3274 2176 constans,
3299 2111 3378 2166 sic

1818 2197 1873 2251 in
1899 2211 1964 2253 eo
1992 2199 2083 2268 qui
2111 2214 2233 2254 cum
2280 2199 2460 2256 multis
2495 2201 2639 2255 veris
2675 2216 2840 2257 unum
2889 2205 3225 2259 mendacium
3262 2208 3379 2275 opi-

1819 2298 1997 2355 natur,
2027 2290 2147 2347 talis
2178 2290 2349 2347 ferme
2375 2301 2461 2349 est
2490 2294 2789 2365 complexio
2830 2307 2883 2353 et
2915 2298 3206 2366 copulatio,
3240 2310 3297 2354 ut
3323 2302 3377 2357 in

1818 2381 1911 2437 illo
1956 2381 2200 2439 dicamus
2252 2383 2531 2439 veritatem
2586 2402 2693 2442 non
2737 2401 2875 2442 esse.
2913 2386 3150 2445 Ostendo
3199 2401 3376 2446 autem

1818 2485 1940 2527 cum
1967 2473 2152 2529 multis
2186 2475 2330 2530 veris
2368 2491 2532 2532 unum
2578 2480 2915 2536 mendacium
2963 2484 3323 2552 suspicantem
3359 2502 3377 2551 ;

1818 2581 1881 2622 ac
1905 2566 2005 2621 tria
2048 2582 2180 2624 sane
2213 2568 2535 2625 videbuntur
2583 2573 2784 2628 habere
2843 2575 3108 2630 rationem
3147 2592 3160 2627 :
3198 2577 3379 2645 aliquo

1818 2659 2033 2728 quidem
2066 2660 2276 2716 dicturo
2298 2671 2521 2731 propter
2550 2663 2651 2719 hoc
2680 2664 2880 2720 dictum
2921 2664 3088 2722 fuisse
3120 2688 3131 2723 :
3174 2665 3377 2725 Veritas

1816 2750 1872 2803 in
1896 2765 1955 2803 eo
1989 2766 2092 2805 non
2146 2762 2252 2820 est,
2285 2754 2538 2822 quoniam
2588 2754 2860 2825 particeps
2892 2772 2996 2812 non
3034 2759 3105 2813 sit
3151 2759 3375 2826 Christi.

1816 2840 2014 2910 quippe
2040 2842 2125 2897 cui
2155 2843 2321 2897 etiam
2363 2842 2557 2898 inferat
2582 2843 2811 2913 bellum;
2832 2845 3005 2903 altero
3030 2857 3379 2921 autem,quo—

1819 2934 1960 2987 niam
1991 2934 2064 2989 nil
2097 2948 2225 2990 vere
2251 2935 2467 3005 cogitet,
2500 2937 2594 2991 sed
2623 2938 2675 2991 in
2701 2940 2948 2995 omnibus
2983 2943 3238 2999 mentitus
3266 2945 3373 3012 sit;

1817 3035 2036 3096 propter
2060 3027 2203 3096 quod
2241 3027 2407 3083 etiam
2446 3028 2692 3085 diabolus
2723 3032 2811 3096 sit,
2839 3043 2894 3087 et
2917 3032 3108 3101 malus,
3136 3045 3189 3089 et
3228 3035 3380 3106 pejor

1817 3133 2138 3189 quocunque
2159 3121 2402 3187 cadente,
2433 3122 2686 3191 quoniam
2734 3122 2979 3179 fortassis
3006 3126 3058 3181 in
3093 3128 3276 3184 multis
3307 3131 3378 3184 sit

1816 3211 1977 3265 etiam
2007 3211 2208 3281 aliquid
2233 3212 2347 3268 veri
2371 3214 2659 3269 adtnistum
2687 3214 2790 3270 illis
2817 3218 3017 3283 multis,
3051 3219 3245 3289 quibus
3274 3218 3377 3276 fal-

1817 3304 2016 3367 luntur,
2037 3305 2087 3359 in
2110 3306 2212 3360 hoc
2231 3322 2361 3361 vero
2388 3308 2516 3363 nihil
2545 3309 2618 3364 sit
2647 3312 3041 3381 verum.Atque
3073 3315 3236 3369 etiam
3265 3324 3376 3369 ter-

1818 3392 1924 3448 tius
1947 3392 2144 3462 aliquis
2167 3394 2604 3464 patrocinabitur
2629 3396 2859 3468 reliquo,
2894 3399 3080 3454 dicens
3127 3398 3241 3454 fieri
3268 3415 3374 3455 non
3476 3402 3482 3417 '

1813 3495 1972 3549 posse
2002 3491 2061 3535 ut
2086 3483 2300 3552 aliquod
2325 3485 2525 3539 animal
2561 3487 2789 3543 rationis
2818 3502 3038 3558 compos
3065 3489 3139 3543 ita
3175 3489 3241 3544 de
3258 3504 3377 3544 om-

1812 3572 1971 3627 nibus
2007 3572 2140 3628 falsa
2163 3574 2434 3643 opinetur,
2476 3585 2536 3632 ut
2584 3576 2651 3633 de
2677 3593 2736 3633 re
2768 3578 2932 3645 nulla,
2976 3579 3168 3634 saltem
3212 3581 3379 3634 imbe-

1812 3663 2029 3728 cilliter,
2047 3665 2246 3735 cogitet
2259 3681 2465 3722 verum.
2491 3665 2627 3722 Nam
2649 3670 2871 3725 omnino
2886 3669 3073 3725 saltem
3097 3672 3195 3727 hoc
3213 3670 3374 3743 355

1810 3755 2056 3811 diabolus
2099 3756 2286 3827 dogma
2325 3772 2507 3812 verum
2529 3758 2870 3829 habet,quod
2887 3761 3122 3832 seipsum
3153 3764 3375 3819 rationis

1812 3859 2111 3918 compotem
2132 3863 2252 3904 esse
2285 3849 2529 3919 intelligit
2551 3867 2566 3916 ;
2614 3852 2868 3922 quodque
2888 3853 3007 3910 talis
3027 3854 3187 3908 etiam
3206 3855 3368 3908 homo

1812 3948 1916 4000 est,
1944 3938 2234 4009 itidemque
2273 3939 2526 4008 angelus;
2557 3944 2809 4011 quodque
2841 3957 3035 4014 corpus
3053 3950 3137 3998 est
3177 3944 3282 3999 tale
3310 3952 3368 4000 et

1812 4028 1974 4100 quale
1998 4044 2226 4099 corpus;
2248 4039 2303 4084 et
2323 4030 2465 4085 aliud
2484 4031 2733 4099 quiddam
2758 4048 2787 4088 a
2819 4048 3044 4104 corpore
3073 4035 3371 4089 diversum.

1814 4122 1918 4178 Sed
1936 4133 1994 4178 ut
2011 4132 2337 4193 postremum
2359 4137 2462 4178 non
2478 4124 2642 4190 dicat.
2660 4141 2757 4182 nec
2770 4128 3093 4195 consideret;
3112 4138 3167 4184 at
3182 4128 3372 4184 saltem

1813 4215 1948 4270 satis
1969 4225 2093 4270 sunt
2111 4215 2304 4286 prima,
2331 4227 2389 4271 ut
2403 4231 2587 4273 verum
2606 4233 2724 4274 esse
2740 4234 2843 4273 non
2863 4223 3032 4289 possit
3048 4221 3112 4275 de
3128 4235 3212 4285 eo,
3236 4220 3375 4292 quod

1825 4308 1958 4366 nihil
1995 4307 2107 4362 veri
2142 4310 2353 4382 cogitat.
2425 4308 2601 4380 Atque
2632 4325 2730 4363 nos
2753 4309 2969 4378 quidem
3005 4310 3108 4365 hoc
3141 4310 3371 4378 dictum,

1812 4395 1867 4449 in
1914 4396 2131 4451 veritate
2173 4413 2278 4452 non
2326 4400 2491 4464 stetit,
2538 4399 2892 4470 intelligimus
2949 4414 3057 4455 nou
3112 4409 3369 4469 tanquam

1812 4487 2157 4541 ostendentes
2201 4498 2448 4544 naturam
2496 4491 2681 4556 talem,
2744 4504 2922 4561 neque
2954 4489 3209 4548 docentes
3253 4488 3369 4544 ﬂeri

135 4572 235 4645 τῆς
267 4573 531 4645 ἀληθείας
559 4576 591 4646 ἡ
622 4575 781 4645 φύσις
808 4577 953 4630 ἐστὶν
981 4577 1166 4640 αὑτοῦ,
1202 4576 1316 4631 ἀλλ’
1345 4577 1412 4631 ὲκ
1438 4576 1534 4629 τοῦ
1555 4578 1708 4630 ὲναν-

1816 4594 1916 4634 non
1944 4593 2102 4648 posse
2125 4590 2183 4634 ut
2208 4580 2322 4649 ipse
2344 4591 2452 4637 stet
2472 4583 2525 4636 in
2559 4581 2810 4639 veritate.
2837 4581 3139 4639 Heracleon
3163 4597 3294 4636 vero
3314 4580 3368 4634 in

134 4665 253 4719 τίου
300 4670 373 4737 τῇ
404 4666 653 4738 ἀληθείᾳ,
704 4670 768 4722 ἐκ
801 4668 1008 4740 πλάνης
1034 4671 1128 4724 καὶ
1156 4670 1397 4739 ἀγνοίαςο
1437 4668 1516 4723 διό
1545 4685 1709 4739 φησιν

134 4754 254 4809 οὔτε
297 4758 494 4828 στῆναι
525 4759 583 4810 ὲν
604 4759 848 4831 ἀληθείᾳ,
876 4759 1001 4814 οὔτε
1031 4763 1175 4831 σχεῖν
1197 4762 1255 4814 ὲν
1277 4759 1425 4830 αύτῷ
1452 4759 1708 4830 ἀλήθειαν

132 4847 385 4912 δύναται,
412 4852 478 4904 ὲκ
501 4851 600 4921 τῆς
628 4851 791 4905 αὑτοῦ
822 4851 1034 4923 φύσεως
1066 4854 1196 4908 ῐδιον
1226 4852 1365 4923 ἔχων
1393 4853 1455 4905 τὸ
1493 4850 1703 4922 ψεῦδος,

133 4943 384 5010 φυσικῶς
408 4943 484 5014 μὴ
503 4944 797 5015 δυνάμενός
815 4963 942 4999 ποτε
959 4946 1211 5019 ἀλήθειαν
1227 4949 1415 4999 εἰπεῖν·
1438 4944 1579 5013 λέγω
1595 4943 1706 5016 (84)

128 5032 173 5087 δ’
201 5036 285 5089 ὃτι
306 5035 374 5088 ού
409 5035 568 5106 μόνος
594 5038 757 5100 αὐτὸς
781 5038 1017 5109 ψεύστης
1040 5038 1211 5105 ἐστὶν,
1240 5037 1375 5093 ἀλλά
1412 5037 1505 5091 καὶ
1540 5038 1569 5091 ὁ
1602 5054 1707 5091 πα·

130 5125 232 5197 τηρ
260 5125 420 5197 αὐτῷ
446 5126 590 5191 ἰδίως
611 5126 825 5199 (πατὴρ
838 5130 1025 5185 αὐτοῦ
1052 5130 1407 5201 ἑκλαμδάνων
1427 5129 1525 5201 τὴν
1545 5128 1705 5200 φύσιν

193 5238 244 5272 ⁸³
273 5237 441 5294 Joan.
471 5255 588 5305 vm,
626 5241 717 5297 44.
790 5243 837 5275 ⁹³
857 5243 1015 5300 Joan.
1070 5259 1182 5311 HV,
1221 5244 1274 5299 6.

340 5330 416 5411 (ξο
440 5336 520 5385 lex
547 5334 765 5411 Regius,
791 5338 1015 5411 πότερόν
1046 5355 1186 5411 ποτε
1208 5337 1380 5411 οὐδέν.

359 5400 500 5483 hiem
533 5400 701 5483 code:
730 5400 946 5483 Regius;
976 5410 1078 5483 ὅσα
1100 5408 1316 5483 δοξάζῃ.

340 5474 710 5549 γρὺςμετέχει.
741 5470 1008 5535 1ηέοάίεε
1040 5470 1204 5549 Ilegiu
1231 5470 1379 5549 d'éest
1420 5478 1503 5549 οὐ.

128 5540 517 5679 {iudex
545 5540 740 5615 Regius
771 5549 912 5605 male
957 5540 1237 5604 babet'xai
1263 5548 1326 5601 οὐ
1357 5547 1477 5601 καθ’
1505 5546 1534 5601 ὅ
1556 5547 1703 5602 ἐστιν

196 5680 317 5744 (82)
343 5680 637 5735 Τοιοῦτον.
674 5685 835 5741 Deest
865 5687 917 5742 in
944 5688 1127 5741 codice
1150 5686 1464 5742 Bodleiano.

197 5749 331 5826 (81⁷1)-
347 5752 456 5826 Καὶ
482 5751 659 5826 accdi:
680 5755 871 5825 σῶμα,
895 5757 1049 5812 ἄλλο
1076 5757 1143 5811 δέ
1172 5774 1225 5812 τι
1260 5757 1465 5825 ἕτερον
1502 5758 1697 5826 adma.
1720 5764 1723 5769 ’

130 5831 247 5896 ξος.
272 5821 516 5896 Diximus
542 5823 593 5874 in
622 5821 952 5893 Origénianis
969 5843 1166 5896 corpus
1190 5821 1394 5896 angelis
1410 5821 1695 5894 aliquando

130 5888 419 5949 detrahere
448 5891 619 5955 visum
650 5888 768 5953 esse
789 5888 1097 5968 Origencni,
1130 5888 1289 5979 quod'
1305 5907 1411 5955 tam
1448 5888 1591 5963 tenui
1627 5918 1690 5957 ac

1813 4670 1927 4725 haec
1959 4670 2134 4741 inquit
2172 4671 2320 4726 hoc:
2357 4690 2376 4725 ι
2415 4672 2618 4729 Natura
2657 4675 2803 4730 enim
2835 4674 3004 4746 ipsius
3044 4690 3110 4729 ex
3144 4672 3371 4727 veritate

1813 4776 1918 4816 non
1948 4771 2052 4824 est.
2082 4762 2175 4817 sed
2216 4777 2280 4817 ex
2330 4778 2395 4818 eo
2434 4765 2576 4834 quod
2629 4767 2968 4821 contrarium
3016 4774 3097 4819 est
3127 4761 3367 4826 veritati,

1811 4852 2065 4908 nimirum
2090 4869 2156 4909 ex
2182 4868 2369 4911 errore
2411 4866 2466 4911 et
2494 4858 2815 4927 ignorantia.
2850 4855 3136 4922 Quocirca,
3169 4853 3367 4922 inquit,

1811 4958 1983 5013 neque
2010 4953 2156 5000 stare
2186 4946 2237 4999 in
2274 4946 2524 5011 veritate,
2568 4961 2744 5016 neque
2791 4946 3075 4998 veritatem
3103 4943 3156 4995 in
3191 4943 3369 5006 seipso

1812 5036 2010 5092 habere
2046 5046 2254 5107 potest;
2308 5052 2375 5092 ex
2428 5048 2617 5092 natura
2669 5052 2766 5092 sua
2816 5036 3094 5105 proprium
3159 5034 3368 5088 habens

1808 5128 2184 5196 mendacium;
2229 5129 2552 5185 naturaliter
2589 5127 2877 5199 aliquando
2905 5142 3010 5182 non
3052 5126 3237 5181 valens
3268 5124 3367 5179 .όὶ-

1802 5329 1989 5389 subtili
2017 5337 2268 5385 constare
2295 5329 2439 5397 ipsos
2460 5325 2745 5397 censuerit
2765 5325 3092 5390 substantia,
3118 5333 3181 5397 ut
3214 5341 3368 5381 cras-

1804 5404 2008 5459 siorum
2048 5399 2256 5453 ratione
2300 5396 2583 5467 corporum
2626 5396 2874 5467 penitus!
2901 5409 3024 5450 esse
3079 5396 3365 5452 videantur
3414 5418 3422 5431 ι

1806 5469 2128 5540 incorporei.
2161 5468 2296 5523 Cum
2321 5465 2411 5540 ait
2441 5482 2571 5540 ergo
2616 5465 2901 5540 ejusmodi
2929 5468 3196 5540 prteditos
3245 5481 3367 5540 esse

1804 5536 2218 5610 ipsos'corpore,
2244 5538 2387 5610 quod
2408 5538 2480 5593 sit
2509 5541 2781 5590 diversum
2812 5536 2941 5603 quid
2970 5551 3000 5589 a
3028 5550 3280 5610 corpore,
3313 5538 3363 5591 id

1803 5607 1906 5666 sibi
1941 5609 2074 5672 vult,
2105 5622 2302 5677 corpus
2334 5607 2572 5676 ipsorum
2599 5617 2761 5660 tanta:
2808 5622 2929 5661 esse
2972 5607 3275 5669 tenuitatis.
3308 5617 3367 5661 ut

1803 5697 1913 5752 pra;
1938 5678 2170 5752 terrenis
2195 5678 2509 5752 corporibus
2540 5677 2767 5744 spiritus
2800 5677 2935 5731 meri
2990 5692 3217 5744 corpore
3276 5692 3366 5732 ca-

1807 5746 1989 5808 rentes
2010 5748 2117 5802 dici
2141 5747 2369 5816 possint.
2397 5746 2657 5803 Ηυετιυε.

1875 5820 1989 5896 (δέ)
2018 5813 2195 5876 Codex
2218 5816 2554 5886 Bodleiauus,
2588 5816 2761 5888 λέγωδ
2788 5815 3008 5888 Regius,
3031 5813 3199 5885 λέγει.
