3804 6540
435 406 542 462 639

1907 405 2230 462 ORIGENIS

3550 407 3640 465 αι

436 536 558 574 cere
596 521 923 595 veritatem;
960 518 1082 574 dico
1119 528 1302 574 autem
1347 519 1491 590 quod
1531 535 1636 574 non
1678 520 1852 575 solum
1886 520 2005 589 ipse

2110 521 2313 594 αὐτοῦ)·
2349 521 2577 595 ἐπείπερ
2609 524 2674 576 ὲκ
2701 522 2913 594 πλάνης·
2938 523 3033 577 καὶ
3047 521 3357 594 ψεύσματος
3377 522 3635 594 συνέστη.»

435 592 665 667 mendax
717 622 826 677 est,
882 626 1070 667 verum
1128 612 1299 666 etiam
1357 620 1511 680 pater
1548 613 1717 683 ipsius
1744 613 1999 683 privatim

434 706 607 773 (pater
635 706 817 773 ipsius.
860 719 1159 774 exponens,
1206 712 1456 758 naturam
1490 704 1709 775 ipsius),
1757 707 2002 776 quando-

433 796 653 866 quidem
682 814 749 852 ει
778 812 962 852 errore
986 807 1043 853 et
1072 795 1314 853 falsitate
1340 807 1574 854 constat.
1612 819 1633 854 ι
1665 799 1795 868 Quae
1818 801 2000 855 omnia

436 884 711 939 diabolum
740 885 971 940 liberant
1005 888 1151 942 omni
1193 887 1610 955 vituperatione,
1648 897 1705 944 et
1736 888 1914 959 culpa,
1944 898 2000 943 et

437 977 823 1032 accusatione:
865 978 1042 1033 nullus
1087 979 1232 1034 enim
1273 976 1398 1047 jure
1424 979 1508 1034 vel
1536 980 1886 1050 vituperaret,
1913 979 2000 1035 vel

440 1066 769 1137 inculparet,
799 1069 883 1123 vel
923 1081 1204 1127 accusaret
1231 1086 1339 1126 non
1366 1082 1553 1126 natum
1584 1082 1769 1141 aptum
1807 1080 1997 1127 natura

437 1160 505 1212 ad
536 1161 937 1228 praestantiora.
985 1162 1345 1229 Quamobrem
1381 1163 1567 1218 infelix
1613 1164 1791 1234 potius
1836 1178 2000 1233 quam

435 1248 805 1322 vituperabilis
862 1261 948 1308 est
1008 1253 1296 1321 diabolus,
1365 1254 1572 1325 judicio
1633 1254 2000 1310 Heracleonis.

436 1342 727 1399 Sciendum
754 1360 880 1401 vero
909 1356 1012 1411 est,
1060 1347 1517 1416 quemadmodum
1554 1346 1801 1415 diabolus
1829 1348 1880 1399 in
1913 1360 2005 1401 ve-

436 1437 597 1489 ritate
621 1451 728 1490 nnn
768 1439 939 1505 stetit,
970 1440 1224 1508 quoniam
1256 1455 1361 1494 non
1396 1449 1484 1494 est
1502 1438 1706 1493 veritas
1730 1437 1783 1491 in
1812 1452 1899 1501 eo,
1925 1436 2006 1490 sic

434 1525 599 1579 etiam
641 1528 731 1597 qui
775 1539 904 1585 sunt
933 1545 1002 1585 ex
1052 1541 1205 1600 patre
1248 1531 1491 1592 diabolo.
1523 1530 1580 1587 in
1615 1529 1853 1585 veritate
1898 1542 2004 1583 non

435 1625 606 1684 stare,
639 1619 893 1689 quoniam
930 1623 1137 1678 veritas
1166 1638 1271 1677 non
1307 1622 1380 1678 sit
1402 1622 1456 1677 in
1488 1622 1621 1692 ipsis
1651 1637 1665 1674 :
1701 1616 2006 1688 cujusmodi

2103 613 2289 668 Ταῦτα
2315 614 2374 669 δὲ
2405 615 2502 669 ὅλα
2523 614 2709 688 ῥύεται
2737 614 2828 669 τὸν
2855 613 3099 669 διάϐολον
3133 613 3332 677 παντὸς
3356 611 3536 682 ψόγου,
3565 616 3641 668 καὶ

2101 702 2463 775 ἐγκλήματος,
2512 705 2607 760 καὶ
2656 705 2931 777 μέμψεως
2976 704 3149 768 οὐδεὶς
3184 703 3291 775 γὰρ
3321 703 3541 771 εὐλόγως
3587 704 3641 759 ἄν

2098 794 2277 865 ψέξαι,
2305 796 2337 867 ἢ
2371 797 2729 869 ὲγκαλέσαι,ἣ
2756 797 3027 869 μέμψαιτο
3046 796 3124 867 τῷ
3145 795 3220 867 μὴ
3246 796 3504 864 πεφυκότι
3527 797 3640 867 πρὸς
3758 830 3759 885 η

2100 882 2170 936 τὰ
2203 884 2502 956 κρείττονα.
2546 886 2774 958 Ἀτυχὴς
2799 882 2892 941 οὖν
2924 885 3121 958 μᾶλλον
3147 885 3180 957 ἢ
3213 884 3409 957 ψεκτὸς
3433 886 3461 938 6
3485 887 3637 940 διάϐο-

2099 975 2189 1041 λος
2235 978 2375 1033 κατὰ
2423 979 2511 1033 τὸν
2554 966 2904 1052 Ἡρακλέωνα
2950 981 3120 1033 ἐστιν.
3164 978 3360 1033 ’ἰστέον
3400 978 3635 1050 μέντοιγε,

2101 1068 2204 1130 ὅτι,
2236 1067 2419 1140 ὥσπερ
2443 1072 2472 1123 ὀ
2493 1070 2734 1136 διάϐολος
2753 1073 2812 1126 ὲν
2828 1074 2894 1143 τῇ
2927 1069 3152 1143 ἀληθείᾳ
3177 1070 3276 1140 οὐχ
3312 1068 3550 1141 ἕστηκεν,
3572 1072 3638 1126 ὅτι

2104 1162 2204 1214 οὐκ
2230 1159 2376 1214 ἔστιν
2411 1160 2636 1233 ἀλήθεια
2669 1164 2726 1217 ὲν
2757 1160 2929 1233 αὐτῷ.
2964 1160 3136 1225 οὕτως
3167 1162 3261 1215 καὶ
3291 1161 3342 1214 oi
3376 1160 3442 1214 ἐκ
3466 1161 3641 1233 πατρὸς

2104 1249 2199 1304 τοῦ
2220 1250 2462 1306 διαϐόλου
2494 1252 2646 1317 ὄντες
2672 1256 2730 1308 ὲν
2757 1257 2823 1326 τῇ
2852 1252 3081 1325 ἀληθείᾳ
3113 1253 3211 1323 οὐχ
3238 1253 3544 1324 ἑστήκασιν,
3576 1255 3642 1307 ὅτι

2108 1340 2335 1413 ἀλήθεια
2375 1344 2474 1399 οὐκ
2527 1345 2676 1400 ἐστιν
2714 1348 2771 1400 ὲν
2798 1347 3002 1411 αὐτοῖςε
3047 1345 3249 1409 πάντες
3277 1345 3336 1399 δὲ
3360 1345 3575 1400 τοιοῦτοι
3608 1348 3647 1400 oi

2109 1432 2190 1487 ἔτι
2219 1434 2496 1501 ποιοῦντες
2523 1438 2816 1511 ἁμαρτίας,
2850 1438 2952 1494 κᾶν
2981 1438 3216 1509 λέγωσιν
3245 1433 3387 1492 εἶναι
3424 1439 3646 1510 Χριστοῦ·

2110 1526 2218 1589 πᾶς
2235 1526 2343 1599 γὰρ
2363 1531 2397 1582 ό
2411 1529 2596 1586 ποιῶν
2620 1531 2735 1600 τὴν
2759 1531 3049 1601 ἁμαρτίαν
3071 1531 3141 1586 ἐκ
3158 1531 3266 1586 τοῦ
3291 1530 3558 1585 διαϐόλου
3574 1548 3645 1601 τε·

2111 1617 2414 1689 Terr-ritas.

435 1721 564 1765 sunt
614 1727 805 1770 omnes
835 1716 1134 1777 etiamnum
1179 1726 1490 1788 peccantes,
1519 1718 1733 1774 etiamsi
1772 1713 1975 1772 Clu-isti
2025 1726 2084 1768 se
2113 1715 2295 1771 dicant
2322 1733 2477 1787 esse;
2528 1718 2707 1776 omnis
2731 1720 2876 1775 enim
2924 1722 3015 1792 qni
3055 1721 3337 1776 committit
3388 1730 3644 1789 peccatum.

436 1817 504 1855 ex
529 1804 738 1859 diabolo
773 1817 849 1861 est
872 1808 945 1864 ".

507 1893 604 1948 25.
626 1894 757 1951 Cum
773 1898 1009 1967 loquitur
1025 1903 1379 1970 mendacium,
1403 1920 1470 1959 ex
1490 1905 1722 1975 propriis
1749 1903 2003 1975 loquitur,

2177 1866 2265 1957 23.
2292 1902 2478 1956 Ὅταν
2499 1901 2665 1972 λαλῇ
2697 1901 2762 1956 τὸ
2791 1901 3038 1972 ψεῦδος,
3060 1901 3131 1956 ἐκ
3148 1902 3274 1957 τῶν
3307 1901 3470 1956 lbitur
3488 1900 3649 1967 Mi,

435 1988 687 2055 quoniam
732 1994 961 2045 mendax
1003 2004 1101 2058 est,
1133 2002 1180 2047 et
1211 2005 1360 2063 pater
1382 1996 1499 2066 ejus
1521 1998 1588 2053 ”.
1618 1997 1883 2064 Quoniam
1911 2009 2008 2050 ex-

439 2089 704 2147 ponentes
734 2081 885 2146 illutl,
918 2100 1009 2138 vos
1040 2102 1106 2140 ex
1124 2097 1271 2155 patre
1293 2088 1507 2142 diabolo
1533 2091 1659 2144 estis
1689 2089 1760 2153 ",
1800 2101 2008 2142 memoo

440 2183 531 2223 res
562 2170 721 2240 hujus
744 2174 872 2228 dicti
913 2178 1340 2246 anticipavimus
1367 2181 1550 2236 dicere
1577 2196 1696 2250 quae
1719 2180 1876 2236 nobis
1895 2188 2008 2235 tum

440 2261 495 2315 in
542 2261 689 2318 hunc
723 2273 929 2321 textum
980 2278 1394 2338 succurrerunt,
1433 2281 1738 2340 quaerentes
1770 2271 1897 2341 quid
1937 2270 2012 2326 sit

442 2353 809 2420 mendacium,
841 2365 895 2410 et
921 2357 1050 2424 quid
1080 2358 1147 2412 sit
1170 2368 1324 2427 pater
1343 2360 1459 2430 ejus
1479 2376 1493 2426 ;
1511 2361 1861 2430 expendenda
1876 2375 2010 2429 quo-

440 2457 551 2512 que
584 2460 729 2500 nunc
759 2456 888 2501 sunt
920 2464 1042 2503 cum
1078 2448 1192 2504 illis
1223 2466 1343 2520 qua:
1373 2466 1402 2505 a
1436 2452 1595 2508 nobis
1639 2453 1913 2507 dicentur.
1946 2452 2012 2507 Et

439 2531 680 2589 arbitror
726 2550 825 2605 ego
858 2553 1074 2594 omnem
1121 2541 1372 2609 spiritum
1402 2544 1602 2598 malum
1652 2553 1708 2600 et
1741 2544 2007 2610 fallacem,

443 2625 782 2682 mendacium
818 2641 958 2696 esse,
1016 2642 1071 2686 et
1125 2649 1562 2705 umnuquemque
1616 2637 1832 2701 borum,
1885 2654 2008 2693 cum

441 2713 703 2784 loquitur,
751 2733 817 2771 ex
860 2722 1098 2789 propriis
1147 2723 1319 2794 loqui,
1373 2742 1479 2781 non
1517 2742 1583 2782 es
1641 2730 1727 2786 his
1759 2746 1879 2799 quae
1914 2730 2009 2785 Dei

440 2814 569 2859 sunt
599 2824 613 2860 :
649 2805 840 2864 borum
873 2823 1054 2867 autem
1105 2818 1333 2872 mendax
1386 2828 1544 2889 pater
1595 2820 1843 2876 diabolus
1902 2834 2007 2877 est.

445 2893 596 2951 Unde
630 2914 758 2953 vero
789 2904 917 2958 moti
949 2903 1213 2963 fuerimus
1240 2918 1298 2963 ut
1325 2910 1634 2967 diceremus
1660 2929 1874 2968 onmem
1898 2930 2011 2968 ma-

439 2988 549 3044 lum
604 2992 852 3060 spiritum
910 2998 1250 3053 mendacium
1296 3015 1438 3065 esse,
1485 3018 1630 3058 nunc
1672 3003 1725 3057 in
1774 3003 2009 3059 medium

440 3084 791 3140 adducemus.
827 3088 1104 3159 Scriptum
1134 3102 1217 3146 est
1240 3092 1406 3166 35.6
1447 3095 1501 3149 in
1531 3094 1671 3150 libro
1697 3097 1858 3152 tertio
1905 3097 2012 3152 Re-

328 3176 333 3195 '
440 3190 565 3245 gum
587 3175 633 3208 "
668 3196 683 3231 :
715 3176 808 3232 Sic
842 3178 977 3235 dixit
1012 3180 1264 3237 Michaeas
1315 3196 1542 3242 vocatus
1572 3189 1643 3242 ab
1669 3188 1855 3244 Achab
1886 3204 2010 3258 pro-

438 3265 697 3337 phetandi
725 3283 913 3336 causa,
946 3282 1128 3326 utrum
1159 3275 1264 3329 sibi
1294 3277 1628 3331 conduceret
1657 3279 1737 3333 ire
1766 3279 1817 3332 in
1845 3276 2013 3333 Ram-

440 3358 589 3413 motlt
618 3358 820 3425 Galaad
845 3363 911 3415 ad
950 3362 1148 3419 bellum
1174 3380 1241 3419 an
1266 3381 1372 3422 uon
1403 3385 1418 3421 :
1451 3366 1575 3423 Vidi
1597 3366 1765 3422 Deum
1795 3368 2014 3425 lsraelis

440 3447 702 3501 sedentem
734 3451 786 3502 in
812 3452 944 3505 solio
967 3470 1087 3521 suo,
1124 3465 1172 3509 et
1204 3456 1375 3511 omnis
1403 3458 1664 3512 exercitus
1695 3458 1811 3512 cosli
1841 3460 2013 3512 stabat

431 3539 594 3610 juxta
637 3556 756 3593 eum
781 3544 849 3595 ad
879 3544 1148 3601 dexteram
1183 3547 1320 3617 ejus,
1352 3558 1403 3604 et
1446 3550 1516 3604 ad
1540 3551 1817 3605 sinistram
1845 3552 1958 3621 ejus
1992 3567 2013 3607 .'

443 3629 679 3700 dixitque
712 3631 964 3691 Dominus
984 3652 1004 3692 :
1022 3637 1154 3703 Quis
1174 3641 1393 3710 decipiet
1418 3641 1598 3697 Achab
1627 3659 1791 3714 regem
1820 3643 2012 3712 Israel,

444 3731 491 3773 cl
520 3728 783 3787 ascendet,
824 3737 872 3781 et
909 3730 1059 3784 cadet
1085 3731 1140 3786 in
1186 3731 1466 3789 Rammotlt
1499 3734 1708 3791 Galaad
1732 3738 1758 3794 γ
1780 3735 2015 3806 Cumque

445 3810 583 3865 alius
636 3815 785 3868 aliud
821 3817 1035 3886 diceret,
1089 3822 1454 3890 egrediebatur
1497 3827 1740 3896 spiritus,
1776 3837 1825 3881 et
1871 3828 2013 3882 stetit

446 3919 626 3960 coram
660 3905 908 3975 Domino,
934 3922 982 3965 et
1004 3912 1078 3966 ait
1104 3931 1123 3970 :
1153 3914 1268 3986 Ego
1302 3917 1561 3986 decipiam
1591 3935 1749 3984 eum;
1783 3920 2015 3989 dixitque

442 3995 514 4049 ad
549 4013 667 4052 eum
698 3998 954 4058 Dominus
982 4021 1001 4061 :
1034 4004 1151 4071 Qua
1194 4007 1251 4060 in
1286 4009 1382 4062 re?
1423 4018 1470 4064 et
1521 4010 1695 4066 dixit:
1730 4011 2014 4081 Egredior,

441 4099 493 4144 et
527 4105 616 4143 ero
650 4092 871 4161 spiritus
899 4098 1160 4152 mendacii
1196 4102 1249 4154 in
1275 4117 1363 4156 ore
1390 4104 1622 4158 omnium
1644 4108 2015 4176 prophetarum

441 4179 582 4250 ejus.
610 4182 676 4237 Et
709 4186 760 4238 in
783 4190 1023 4243 secundo
1040 4188 1490 4259 Paralipomenon
1510 4196 1556 4229 ³⁸
1610 4198 1726 4268 ipse
1767 4199 2016 4256 Michteas

447 4273 516 4325 ad
566 4272 756 4328 Achab
796 4284 851 4330 et
878 4276 1143 4349 Josaphat
1185 4282 1363 4353 inquit
1393 4300 1408 4337 :
1445 4287 1637 4342 Audite
1666 4289 1877 4343 verbum
1911 4288 2017 4344 Do-

445 4364 599 4417 mini.
642 4363 758 4420 Vidi
784 4367 1065 4425 Dominum
1093 4375 1355 4429 sedentem
1384 4379 1437 4431 in
1461 4379 1595 4433 solio
1619 4396 1739 4445 suo,
1765 4390 1814 4435 et
1843 4383 2015 4435 omnis

444 4457 678 4524 potentia
709 4458 823 4513 caeli
854 4463 1024 4516 stabat
1049 4469 1117 4518 ad
1140 4465 1379 4521 dextram
1417 4470 1551 4539 ejus,
1577 4483 1622 4526 et
1651 4473 1719 4528 ad
1748 4475 2015 4530 sinistram

2109 1991 2201 2048 ὅτι
2220 1993 2495 2062 ψεύστης
2512 1992 2665 2059 ἐστὶ,
2692 1994 2788 2048 καὶ
2809 1996 2844 2049 ὁ
2872 1994 3066 2063 πατὴρ
3087 1992 3298 2048 αὑτοῦ.
3321 1992 3651 2066 Προλαϐόντες

2112 2085 2210 2156 μὲν
2258 2086 2339 2150 εἰς
2380 2086 2460 2139 τό·
2518 2086 2704 2157 Ὑμεῖς
2732 2086 2803 2140 ἐκ
2860 2086 2965 2141 τοῦ
2998 2085 3222 2155 πατρὸς
3251 2085 3363 2140 τοῦ
3404 2086 3649 2140 διαϐόλου

2107 2174 2268 2241 ἐστὲ,
2303 2177 2784 2249 ἐμνημονεύσαμεν
2799 2177 2892 2232 τοῦ
2916 2177 3103 2250 ῥητοῦ,
3129 2178 3225 2232 καὶ
3253 2177 3326 2231 τὰ
3350 2178 3652 2232 ὑποπεσόντα

2108 2266 2241 2338 ἡμῖν
2265 2268 2346 2332 είς
2370 2268 2499 2322 αὐτὸ
2528 2271 2849 2341 εἰρήκαμεν,
2871 2268 3162 2340 ζητοῦντες
3180 2270 3237 2324 τί
3265 2269 3330 2325 τὸ
3360 2269 3562 2339 ψεῦδος,
3580 2270 3653 2322 καὶ

2107 2355 2199 2409 τὸν
2247 2355 2459 2428 πατέρα
2500 2357 2681 2423 αὑτοῦ,
2722 2358 3170 2424 συνεξετάζεσθαι
3211 2360 3294 2414 δεῖ
3335 2360 3447 2431 (85)
3481 2360 3565 2414 καὶ
3599 2359 3654 2415 τὰ

2109 2444 2482 2518 λεχθησόμενα
2512 2445 2608 2503 νῦν
2635 2447 2886 2513 ἐκείνοις.
2919 2450 3035 2503 Πᾶν
3069 2448 3289 2521 πνεῦμα
3314 2450 3541 2523 πονηρὸν
3580 2450 3655 2503 καὶ

2109 2540 2386 2611 ἀπατηλὸν
2419 2540 2626 2612 νομίζω
2660 2536 2800 2595 εἶναι
2835 2541 3051 2613 ψεῦδος,
3089 2543 3183 2596 καὶ
3225 2522 3464 2597 ἕκαστον
3485 2541 3654 2597 τούτων
3758 2522 3759 2591 Ῐ

2107 2633 2234 2686 ὅταν
2268 2632 2425 2704 λαλῇ,
2453 2635 2518 2687 ἐκ
2560 2633 2669 2687 τῶν
2700 2633 2865 2698 ἰδίων,
2911 2635 3005 2688 καὶ
3043 2634 3308 2707 μηδαμῶς
3337 2638 3402 2689 ὲκ
3438 2635 3539 2688 τῶν
3580 2633 3653 2688 τοῦ
3758 2642 3759 2645 “

2109 2723 2259 2777 Θεοῦι
2279 2723 2478 2777 λαλεῖν·
2509 2725 2713 2779 τούτων
2754 2726 2812 2779 δὲ
2841 2727 2871 2779 6
2908 2725 3147 2798 ψεύστης
3176 2727 3364 2798 πατὴρ
3390 2727 3420 2779 6
3447 2725 3655 2789 διάϐολός

2109 2815 2246 2870 ἐστι.
2283 2815 2452 2870 Πόθεν
2477 2816 2534 2869 δὲ
2565 2817 2897 2889 ὲκινήθημεν
2925 2820 3005 2883 είς
3028 2818 3089 2873 τὸ
3114 2821 3224 2874 πᾶν
3263 2823 3446 2892 χεῖρον
3475 2819 3654 2891 πνεῦμα

2108 2906 2302 2976 ψευδὲς
2354 2908 2547 2970 εἰπεῖν,
2611 2907 2706 2962 νῦν
2753 2908 3206 2981 παραθησόμεθα.
3265 2910 3569 2982 Γέγραπται
3607 2911 3655 2962 ὲν

2107 3003 2175 3072 τῇ
2230 3006 2280 3069 γ’
2340 3000 2448 3054 τῶν
2497 3000 2823 3068 Βασιλειῶν,
2887 3003 2963 3065 ὡς
3022 3000 3131 3074 ἄρα
3179 3001 3424 3071 Μιχαίας
3472 3000 3657 3073 κληθεὶς

2110 3092 2213 3146 ὑπὸ
2270 3091 2365 3146 τοῦ
2441 3092 2643 3164 Ἀχαὰϐ
2702 3092 2811 3165 (86)
2872 3094 2952 3158 είς
3007 3093 3069 3146 τὸ
3134 3093 3509 3164 προφητεῦσαι
3553 3091 3658 3163 περὶ
3758 3116 3759 3119 η

2110 3183 2232 3244 τοῦ,
2268 3183 2494 3256 πότερον
2555 3184 2705 3257 αὑτῷ
2732 3185 2965 3257 καθήκει
3011 3185 3348 3257 πορευθῆναι
3388 3188 3468 3249 εἰς
3517 3185 3657 3255 Ῥαμ-

2117 3272 2234 3344 μὼθ
2295 3275 2508 3329 Γαλαὰδ
2559 3275 2667 3348 (87)
2723 3279 2804 3341 εἰς
2866 3277 3124 3348 πόλεμον,
3188 3278 3224 3351 ἢ
3285 3280 3544 3350 ἐπισχεῖν,
3591 3273 3659 3329 τόο

2113 3359 2295 3418 Εἶδον
2368 3363 2517 3419 Θεὸν
2592 3364 2830 3435 Ἰσραὴλ
2898 3365 3243 3436 καθήμενον
3311 3368 3412 3422 ἐπὶ
3477 3366 3659 3435 θρόνου

2113 3455 2319 3520 αὑτοῦ,
2351 3458 2450 3511 καὶ
2494 3455 2664 3512 πᾶσα
2692 3459 2730 3526 ἡ
2762 3458 3043 3527 στρατεία
3068 3457 3174 3513 τοῦ
3206 3458 3469 3527 οὐρανοῦ
3491 3454 3661 3521 εἱστή-

2114 3565 2204 3603 κει
2228 3548 2362 3618 περὶ
2378 3549 2564 3606 αὐτὸν
2593 3549 2662 3604 ἐκ
2681 3549 2895 3615 δεξιῶν
2919 3549 3130 3617 αὑτοῦ,
3156 3552 3255 3606 καὶ
3289 3551 3361 3617 ἐξ
3379 3551 3662 3619 abun-oper

2113 3641 2317 3696 αὐτοῦ·
2356 3642 2454 3696 καί
2474 3637 2625 3696 εἴπεο
2666 3643 2763 3710 Τίς
2791 3643 3090 3712 ἀπατήσει
3121 3642 3232 3697 τὸν
3273 3642 3487 3713 Ἄχαὰό
3508 3642 3657 3706 ,βσσιο

2113 3735 2226 3802 λέα
2279 3734 2540 3804 Ἰσραὴλ,
2564 3735 2661 3790 καί
2717 3734 3105 3799 ἀναϐήσεται,
3157 3733 3258 3788 και
3312 3732 3569 3787 πεσεῖται
3606 3728 3660 3783 ἐν

2126 3825 2389 3897 Ῥαμμὼθ
2430 3824 2679 3881 Γαλαάδ
2693 3841 2714 3891 ;
2740 3824 2851 3880 Καὶ
2895 3820 3066 3880 εἶπεν
3101 3824 3292 3891 οὕτως
3321 3824 3393 3879 ἐν
3432 3824 3526 3878 σοι
3550 3820 3657 3891 (88)·

2116 3919 2213 3973 καὶ
2233 3917 2452 3987 ἐξῆλθε
2471 3917 2727 3986 πνεῦμα,
2750 3916 2847 3971 καὶ
2871 3915 3020 3984 ἔστη
3050 3913 3312 3969 ἐνώπιον
3333 3915 3563 3982 Κυρίουτ
3579 3910 3658 3965 καὶ

2116 4003 2303 4061 εἶπεν·
2335 4005 2477 4078 Ἐγὼ
2496 4005 2787 4074 ἀπατήσω
2808 4007 3013 4061 αὐτόν·
3043 4004 3144 4059 καὶ
3170 4001 3303 4059 εἶπε
3329 4004 3478 4073 πρὸς
3507 4005 3663 4057 αὐτον

2117 4102 2350 4170 Κύριος
2410 4102 2509 4154 Ἐν
2550 4101 2701 4167 τίνι;
2730 4100 2829 4154 καί
2872 4099 3060 4153 εἷπεν-υ
3106 4097 3545 4168 Ἐξελεύσομαι,
3580 4092 3659 4148 καί

2114 4194 2327 4264 ἔσομαι
2351 4194 2585 4261 πνεῦμα
2601 4191 2867 4261 ψεύδους
2888 4194 2977 4258 εὶς
3003 4191 3071 4246 τὸ
3102 4194 3297 4261 στόμα
3321 4190 3552 4245 πάντων
3569 4184 3662 4240 τῶν

2118 4283 2435 4354 προφητῶν
2456 4284 2643 4339 αὑτοῦ
2669 4282 2802 4355 (89).
2842 4285 2954 4337 Καὶ
2990 4285 3048 4337 ὲν
3085 4286 3152 4355 τῇ
3189 4283 3421 4355 δευτέρᾳ
3448 4279 3548 4334 τῶν
3572 4278 3661 4335 Πα-

2121 4376 2523 4448 ραλειπομένων
2551 4378 2578 4430 6
2609 4375 2771 4440 αὐτὸς
2802 4375 3041 4445 Μιχαίας
3068 4375 3207 4447 πρὸς
3228 4375 3322 4429 τὸν
3363 4371 3556 4446 Ἀχαάϐ
3576 4386 3661 4439 φη-

2120 4485 2194 4531 σι,
2226 4469 2320 4522 καὶ⁵
2364 4468 2456 4522 τὸν
2517 4466 2805 4536 Ἰωσαφάτ⁹
2871 4468 3186 4522 Ἀκούσατε
3213 4468 3405 4537 λόγον
3451 4463 3658 4532 Κυρίου.

447 4548 561 4643 ejus
586 4566 609 4615 ;
636 4560 686 4606 et
716 4554 855 4609 dixit
892 4556 1144 4614 Dominus
1168 4574 1188 4612 :
1219 4563 1349 4629 Quis
1380 4565 1602 4634 decipiet
1637 4570 1813 4622 Achab
1841 4585 2008 4640 regem

2118 4557 2297 4614 Εἶδον
2329 4559 2438 4614 τὸν
2471 4560 2686 4629 Κύριον
2727 4559 3066 4630 καθήμενον
3098 4558 3196 4613 ἐπὶ
3234 4561 3455 4627 θρόνου
3482 4551 3659 4614 αὐτοῦ,

449 4638 646 4708 Israel,
681 4654 733 4699 et
761 4651 1025 4716 ascendet,
1057 4662 1103 4706 et
1125 4666 1332 4708 corruet
1363 4657 1422 4711 in
1463 4656 1740 4713 Rammoth
1767 4638 1975 4715 Gala'ad
1993 4663 2008 4716 ἓ

2117 4652 2216 4707 καὶ
2250 4651 2419 4707 πᾶσα
2446 4653 2485 4723 ἡ
2506 4652 2756 4722 δύναμις
2774 4653 2881 4709 τοῦ
2921 4651 3181 4720 οὐρανοῦ
3213 4648 3479 4717 εἱστήκει
3500 4648 3562 4702 ἐκ
3583 4643 3661 4698 δε-

448 4730 684 4806 Cumque
714 4739 853 4794 alius
885 4742 1032 4797 aliud
1057 4744 1298 4809 dixisset,
1331 4764 1563 4817 egressus
1590 4759 1668 4804 est
1701 4754 1946 4818 spiritus,
1965 4766 2008 4808 et

2116 4743 2261 4811 ξιῶν
2286 4745 2494 4810 αὐτοῦ,
2513 4745 2611 4799 καὶ
2631 4745 2702 4810 ἐξ
2717 4743 3046 4814 ἀριστερῶν
3066 4741 3273 4797 αὐτοῦ’
3297 4740 3397 4795 καί
3424 4737 3547 4794 εἷπε
3568 4735 3663 4791 Κύ-

446 4828 594 4883 stetit
629 4844 806 4883 coram
835 4830 1077 4900 Domino,
1102 4843 1152 4889 et
1187 4836 1368 4890 dixit:
1405 4837 1519 4907 Ego
1557 4840 1813 4909 decipiam
1848 4857 1964 4894 eum
1995 4858 2008 4906 ;

2110 4853 2260 4905 ριος”
2296 4838 2391 4904 Τις
2418 4835 2861 4904 ἀπατήσεινύν
2894 4834 3108 4904 Ἄχαὰϐ
3125 4833 3405 4898 ,βασιλέα
3432 4825 3659 4898 Ἰσραὴλ,

447 4927 499 4973 et
546 4917 681 4974 dixit
710 4920 966 4977 Dominus
998 4940 1016 4979 :
1049 4922 1166 4989 Qua
1194 4926 1251 4978 in
1281 4941 1337 4979 re
1357 4927 1383 4980 ?
1421 4936 1471 4980 et
1518 4928 1651 4982 dixit
1682 4944 1699 4981 :
1736 4929 2008 4998 Egredior,

2115 4930 2215 4984 καί
2235 4929 2616 4998 ἀναϐήσεται,
2635 4929 2734 4983 καὶ
2748 4927 3016 4983 πεσεῖται
3034 4926 3104 4981 ἐν
3129 4925 3392 4996 Ῥαμμὼθ
3415 4917 3660 4981 Γαιαάδὶ

447 5020 500 5063 et
529 5027 620 5066 ero
651 5013 863 5082 spiritus
902 5016 1133 5071 mendax
1164 5016 1221 5070 in
1256 5032 1344 5070 ore
1380 5018 1614 5072 omnium
1639 5020 2008 5090 prophetarum

2116 5023 2227 5077 Kal
2260 5018 2430 5077 εἶπεν
2473 5019 2667 5089 οὗτος·
2712 5023 2811 5077 καὶ
2856 5020 3077 5090 ἐξῆλθε
3124 5019 3236 5091 (90)
3284 5018 3533 5088 πνεῦμα,
3577 5010 3657 5066 καὶ

447 5100 585 5173 eius.
618 5104 819 5172 Aperte
859 5106 1024 5176 igitur
1070 5121 1135 5160 ex
1159 5106 1256 5184 phis
1311 5108 1624 5163 declaratur
1652 5110 1792 5179 quod
1846 5112 1891 5166 si
1929 5121 2008 5167 est

2119 5114 2268 5183 ἔστη
2297 5113 2555 5169 ἐνώπιον
2594 5115 2836 5184 Κυρίου,
2875 5114 2974 5167 καὶ
3015 5108 3202 5167 εἷπεν-ο
3231 5111 3379 5180 Ἐγὼ
3403 5105 3660 5174 ἀπατήσω

448 5192 646 5263 aliquis
672 5197 894 5264 spiritus
917 5182 1170 5265 mendax,
1198 5201 1424 5273 spiritus
1452 5202 1616 5257 etiam
1655 5201 1881 5267 similes,
1904 5207 2008 5274 spi-

2120 5182 2324 5260 αὐτόν·
2348 5208 2443 5260 καὶ
2471 5204 2601 5261 εἷπε
2624 5182 2859 5275 Κῦριος’
2890 5207 2990 5259 Ἐν
3022 5204 3173 5268 τίνι;
3207 5205 3305 5257 καὶ
3328 5196 3660 5260 εἶπενοῈξε·

449 5283 591 5340 ritus
611 5297 740 5340 sunt
773 5291 1060 5348 mendaces
1089 5311 1101 5346 :
1139 5295 1340 5365 quippe
1377 5294 1468 5363 qui
1498 5310 1528 5349 a
1562 5302 1716 5362 patre
1737 5310 1835 5350 suo
1865 5312 2008 5350 meu-

2122 5301 2434 5369 λεύσομαι,
2482 5299 2582 5355 καὶ
2602 5300 2816 5369 ἔσομαι
2839 5297 3074 5368 πνεῦμα
3100 5296 3323 5366 ψευδὲς
3349 5297 3421 5349 ὲν
3442 5292 3659 5361 στόματι

449 5374 586 5434 (lace
638 5382 950 5462 acceperint
1000 5400 1122 5442 esse
1168 5388 1397 5458 spiritus
1448 5387 1738 5443 mendaces
1792 5398 2008 5459 propter

2123 5390 2363 5447 πάντων
2391 5392 2511 5446 τῶν
2531 5391 2851 5462 προφητῶν
2881 5389 3090 5446 αὐτοῦ.
3114 5389 3306 5459 Σαφῶς
3337 5384 3430 5442 οὖν
3453 5384 3536 5439 διά
3555 5379 3660 5434 τού-

521 5520 571 5556 ⁸⁸
591 5521 614 5579 Ι
638 5522 793 5581 Joan.
825 5544 909 5594 III,
931 5529 986 5585 8.
1083 5535 1130 5567 ⁸⁵
1157 5534 1315 5595 Joan.
1344 5553 1464 5606 νηί,
1492 5537 1583 5592 ﬂ.
1658 5537 1705 5570 "
1728 5536 1857 5593 ibid.
1934 5539 1978 5573 ’⁷
2007 5542 2008 5549 ‘

2110 5543 2248 5615 Reg.
2270 5560 2363 5601 ut
2405 5546 2476 5603 20
2525 5553 2653 5616 seq.‘
2722 5541 2769 5575 ⁸⁸
2800 5540 2847 5597 ll
2868 5540 2993 5596 Par.
3027 5555 3183 5601 svnt,
3216 5538 3282 5594 18
3307 5545 3359 5591 et
3381 5534 3533 5601 seq."

547 5646 832 5735 ξξξςξοιξει
861 5654 1184 5735 Beg‘ius,
1209 5660 1367 5735 male.
1488 5732 1499 5735 _
1603 5734 1607 5735 ν
1641 5733 1647 5735 _

2190 5664 2300 5735 (89)
2329 5668 2511 5719 Codex
2539 5664 2760 5735 Regius,
2790 5662 2984 5733 ψευδὲς
3038 5662 3117 5725 εἰς
3143 5659 3205 5714 sb
3255 5656 3425 5726 στόμα
3469 5652 3659 5706 πάντα»

657 5722 834 5808 (fades
861 5722 1077 5808 Regius,
1119 5730 1537 5808 ’ᾼχαά-μκειξίο
1562 5733 1781 5803 ubique.

2117 5722 2238 5808 τῶν
2258 5722 2551 5808 τέροφητῶν
2578 5722 2844 5808 τούτωνί-
3004 5793 3029 5808 τ
3189 5798 3211 5808 _
3376 5797 3388 5808 .
3407 5793 3456 5808 μ

525 5789 1009 5883 εὲἰὶέιξξιεξεομέκ
1037 5789 1525 5883 ιὲςιίίίεν.ί“ςιὶ-αάθ;
1673 5789 1754 5883 Ii
1837 5879 1847 5883 _
1979 5877 1990 5883 _

2134 5789 2138 5790 ί
2194 5789 2471 5877 (90)Ἰιίέιίι
2510 5807 2677 5861 codex
2718 5805 2937 5873 Regius,
2974 5793 3127 5864 οὗτος
3157 5798 3344 5862 οὕτως,
3373 5791 3570 5866 ἐξῆλθε.

525 5859 640 5935 (88)
664 5859 812 5920 Libri
838 5877 992 5923 antea
1020 5859 1168 5937 editi,
1189 5859 1279 5927 ait
1303 5870 1450 5927 εἶπεν
1471 5869 1622 5939 οὗτος
1642 5873 1812 5942 οὕτως
1835 5879 1890 5934 ὲν
1911 5877 2008 5931 σοί.

2197 5859 2411 5877 ὶ““Ι’”’
2519 5859 2562 5861 “⁷
2625 5859 2636 5860 7
2797 5859 2826 5873 υ
2930 5859 2937 5863 '
3109 5859 3122 5864 '
3310 5859 3338 5862 "
3419 5859 3460 5866 7‘

3451 5893 3460 5902 ι
