3804 6540
493 419 602 477 M5
1943 414 2037 471 0R

2151 414 2264 470 NlS
2330 480 2351 501 κ
3567 425 3647 483 au

490 536 654 592 lixum
688 542 927 605 tempore
953 533 1131 589 Pontii
1174 532 1335 588 Pilati
1361 532 1412 586 in
1446 531 1654 601 Iudaea,
1691 550 1795 589 non
1823 537 2037 592 credunt

2150 532 2356 603 Ἰησοῦν
2389 530 2798 604 ἐσταυρωμένον
2828 531 2886 586 ὲν
2912 532 2978 603 τῇ
2997 529 3242 604 Ἰουδαίᾳ,
3273 532 3344 605 μὴ
3367 537 3651 607 πιστεύοντες

487 636 667 681 autem
699 625 753 678 in
784 641 908 681 eum
943 628 1035 695 qui
1070 632 1226 678 natus
1247 633 1422 680 estex
1454 626 1621 680 Maria
1656 628 1890 695 virgine,
1920 629 2037 683 hi'ir.

2151 624 2207 678 δὲ
2240 627 2319 689 είς
2340 625 2430 679 τὸν
2457 624 2849 696 γεγεννημένον
2875 625 2941 677 ὲκ
2957 625 3173 698 Μαρίας
3196 626 3292 697 τῆς
3318 628 3571 699 παρθένου,
3587 629 3653 687 οὗ.

487 732 612 774 eum
639 718 867 772 credunt
914 728 970 772 et
1001 718 1055 771 in
1085 732 1206 773 eum
1252 734 1357 773 non
1410 721 1660 775 credunt.
1706 719 2037 790 Rursumqut

2150 733 2231 770 τοι
2262 719 2342 782 είς
2362 717 2451 770 τὸν
2477 716 2637 771 αὐτὸν
2668 709 3000 780 πιστεύουσι,
3042 717 3219 771 καὶού
3252 719 3552 774 πιστεύουσι.
3569 723 3650 776 Καὶ

486 808 580 878 qui
614 810 845 863 credunt
880 809 933 863 in
983 807 1192 873 Jesum,
1232 812 1327 878 qui
1355 810 1487 865 fecit
1518 812 1569 866 in
1593 809 1775 867 Judtea
1809 813 1960 882 signa
1996 823 2037 867 cl

2153 809 2315 863 πάλιν
2358 810 2408 863 οἰ
2451 810 2791 873 πιστεύοντες
2833 809 2931 880 μὲν
2964 811 3043 872 εἰς
3074 808 3167 863 τὸν
3199 812 3483 881 ποιήσαντα
3499 812 3588 883 (96)
3610 816 3652 866 ὲν

485 900 729 970 prodigia
760 916 880 970 qua:
913 901 1118 970 scripta
1154 911 1306 966 sunt,
1343 917 1447 957 nou
1481 905 1718 960 credunt
1763 914 1944 959 autem
1989 904 2045 959 in

483 989 668 1047 Jesum
703 991 899 1047 Filium
936 991 1055 1063 ejus
1092 994 1184 1063 qui
1233 992 1360 1049 fecit
1398 996 1596 1050 «mlum
1632 1008 1690 1051 et
1728 1006 1951 1062 terram,
1994 998 2045 1052 in

485 1082 653 1139 Deum
681 1085 908 1139 credunt
927 1095 1105 1139 etnon
1128 1084 1378 1139 credunt.
1400 1087 1477 1141 Ac
1504 1102 1692 1142 rursus
1708 1089 1797 1159 qui
1823 1089 2048 1145 credunt

484 1174 540 1231 in
569 1173 784 1229 Patrem
806 1174 932 1229 Jesu
959 1176 1184 1244 Christi,
1212 1193 1317 1232 non
1338 1179 1564 1234 credunt
1594 1188 1774 1234 autem
1801 1179 1854 1234 iu
1880 1178 2046 1248 Opili-

482 1279 598 1321 cem
624 1267 1016 1337 Factoremquc
1050 1268 1205 1337 hujus
1224 1271 1488 1334 universi,
1515 1271 1566 1325 hi
1594 1274 1643 1325 in
1666 1287 1788 1326 eum
1815 1273 2047 1329 credunt

482 1368 539 1411 et
570 1373 674 1412 non
707 1361 957 1412 credunt.
994 1358 1170 1424 Atque
1197 1360 1449 1428 equidem
1480 1362 1570 1429 qui
1606 1366 1834 1417 credunt
1861 1364 1912 1417 in
1938 1362 2045 1418 Fa-

481 1461 687 1506 ctorem
712 1450 837 1507 caeli
869 1460 924 1507 et
944 1449 1111 1523 35.8
1145 1462 1328 1518 terrae;
1361 1468 1467 1508 non
1498 1455 1729 1509 credunt
1756 1468 1938 1510 autem
1989 1459 2043 1510 in

479 1541 693 1598 Patrem
722 1540 848 1597 Jesu
861 1544 1112 1598 cruciﬁxi
1141 1552 1382 1613 tempore
1400 1544 1574 1599 Pontii
1597 1545 1776 1612 Pilati,
1802 1546 1853 1600 in
1875 1546 2041 1601 Deum

477 1632 705 1686 credunt
741 1640 795 1687 et
831 1647 936 1687 non
981 1633 1228 1687 credunt.
1271 1632 1350 1687 Ne
1382 1634 1544 1704 igitur
1577 1636 1760 1690 statim
1800 1636 1872 1689 sit
1910 1649 2047 1690 con-

482 1724 756 1787 trarietas,
787 1725 1013 1793 perinde
1039 1725 1195 1795 quasi
1233 1725 1324 1795 qui
1361 1725 1470 1781 hoc
1509 1727 1702 1782 scribit
1738 1725 2042 1794 huiusmodi

2148 899 2379 973 Ἰουδαίᾳ
2416 899 2487 954 τὰ
2512 900 2972 972 ἀναγεγραμμένα
2996 900 3222 971 τέρατα,
3255 903 3346 956 καὶ
3376 906 3552 972 σημεῖα
3575 905 3652 975 Ἰη-

2149 991 2295 1056 σοῦν,
2333 992 2407 1064 μὴ
2430 991 2771 1057 πιστεύοντες
2796 992 2853 1046 δὲ
2884 993 2965 1056 εἰς
2993 993 3087 1046 τὸν
3125 992 3251 1048 Υἱὸν
3275 993 3383 1063 (97)
3411 993 3496 1048 τοῦ
3533 999 3653 1069 ποιη-

2146 1101 2337 1149 σαντος
2382 1084 2473 1138 τὸν
2523 1084 2747 1157 οὐρανὸν
2775 1084 2870 1138 καὶ
2905 1084 3004 1156 τὴν
3058 1086 3182 1157 γῆν,
3213 1088 3291 1150 εἰς
3331 1086 3416 1139 τὸν
3444 1086 3560 1143 Θεὸν
3582 1107 3651 1142 πι-

2146 1176 2392 1230 στεύουσι
2426 1177 2557 1247 (98),
2591 1176 2686 1231 καὶ
2718 1176 2779 1231 οὐ
2813 1177 3145 1232 πιστεύουσι.
3180 1179 3346 1233 Πάλιν
3369 1196 3425 1233 τε
3446 1175 3506 1234 αὖ
3528 1181 3654 1235 oin:-

2144 1266 2421 1331 στεύοντες
2439 1267 2538 1337 μὲν
2560 1268 2639 1330 εἰς
2658 1266 2749 1321 τὸν
2769 1268 2986 1339 Πατέρα
3004 1268 3177 1340 Ἰησοῦ
3211 1270 3437 1341 Χριστοῦ
3467 1269 3577 1341 (99),
3596 1270 3651 1342 μὴ

2148 1360 2490 1424 πιστεύοντες
2505 1361 2584 1424 είς
2598 1359 2688 1414 τὸν
2703 1359 3042 1433 Δημιουργδν
3055 1359 3144 1415 καὶ
3158 1359 3393 1431 Ποιητὴν
3406 1360 3539 1414 τοῦδε
3553 1379 3648 1415 mv-

2145 1452 2255 1515 τὸς,
2277 1447 2418 1506 οὗτοι
2452 1454 2532 1517 είς
2564 1451 2655 1506 τὸν
2682 1451 2842 1506 αὑτὸν
2880 1452 3211 1518 πιστεύουσι,
3233 1453 3327 1507 καὶ
3346 1453 3404 1506 ού
3425 1454 3652 1507 πιστεύου-

2148 1559 2252 1597 σιν.
2276 1541 2434 1596 Ἀλλὰ
2456 1544 2548 1597 καὶ
2571 1545 2619 1597 οἱ
2653 1543 2992 1608 πιστεύοντες
3015 1544 3113 1616 μὲν
3134 1546 3215 1608 είς
3245 1543 3336 1598 τὸν
3370 1544 3575 1617 Ποιητὴν
3592 1544 3648 1617 (l)

2147 1634 2373 1706 ούρανοῦ
2403 1635 2497 1689 καὶ
2520 1638 2644 1708 γῆς,
2682 1635 2755 1708 μὴ
2790 1635 3132 1700 πιστεύοντες
3154 1635 3215 1690 δὲ
3248 1638 3328 1701 εἰς
3366 1636 3452 1690 τὸν
3477 1637 3650 1708 Πατέρα

2148 1725 2323 1797 Ἰησοῦ
2358 1725 2451 1779 τοῦ
2490 1725 2905 1799 ἐσταυρωμένον
2942 1725 3035 1779 ἐπὶ
3072 1728 3297 1783 Ποντίου
3335 1728 3562 1793 Πιλάτου,
3592 1732 3650 1792 είς

480 1812 857 1883 Evangelium,
884 1828 989 1868 non
1017 1813 1202 1868 itidem
1232 1814 1334 1869 hoc
1356 1813 1712 1885 perspexerit,
1730 1814 1876 1869 dices
1899 1816 2037 1881 quod

2150 1817 2238 1872 τὸν
2263 1817 2391 1872 Θεὸν
2427 1818 2756 1884 πιστεύουσι,
2788 1819 2881 1873 καὶ
2913 1821 2973 1873 οὐ
3004 1819 3366 1875 πιστεύουσιν.
3390 1821 3479 1875 Ἵν’
3497 1817 3573 1875 οὖν
3597 1820 3652 1890 μὴ
3750 1812 3751 1883 Ἰ

480 1904 668 1960 dicens
699 1905 781 1959 eis
825 1906 920 1975 qui
954 1904 1305 1959 crediderant
1348 1906 1398 1960 ei
1444 1904 1684 1961 Judteis:
1723 1903 1835 1975 Ego
1870 1915 2037 1958 autem

2150 1908 2296 1983 παρὰ
2326 1909 2492 1973 πόδας
2527 1910 2833 1980 ἐναντίωμα
2858 1905 2915 1982 ᾖ,
2943 1908 3018 1971 ὼς
3058 1909 3133 1981 μὴ
3164 1909 3546 1980 συνεωρακότος

478 1997 606 2066 quia
638 1996 903 2052 veritatem
943 1996 1084 2063 dico,
1126 2012 1228 2051 non
1267 1997 1483 2051 creditis
1512 1997 1640 2049 mihi
1661 1996 1704 2060 ⁸,
1745 1995 2040 2051 secundum

479 2103 640 2142 unam
672 2088 1162 2144 considerationem
1180 2087 1855 2154 credentibus,secundum
1879 2087 2040 2141 aliain

479 2180 968 2236 considerationem
1014 2195 1121 2236 non
1170 2180 1524 2236 credentibus
1561 2180 1677 2234 haec
1715 2179 1935 2235 dixerit.
1976 2180 2044 2234 Et

479 2285 631 2328 certe
660 2284 1086 2330 consentaneum
1114 2283 1200 2329 est
1213 2273 1516 2330 credidisse
1538 2273 1755 2343 quidem
1781 2272 2040 2341 eos-juxta

479 2365 852 2434 apparentiam
904 2374 1130 2435 propter
1169 2365 1441 2435 prodigia,
1481 2374 1538 2421 et
1584 2379 1690 2421 non
1740 2365 2043 2421 credidisse

480 2455 642 2511 dictis
675 2456 844 2525 ipsius
875 2455 1339 2526 profundioribus.
1363 2455 1596 2512 Proinde
1648 2457 1753 2512 hoc
1796 2457 1993 2512 dictum
2022 2472 2041 2512 :

482 2546 622 2623 Quia
644 2548 912 2603 veritatsm
939 2548 1084 2613 dico,
1108 2564 1212 2603 non
1229 2549 1447 2604 creditis
1477 2546 1627 2611 mihi,
1652 2548 2039 2604 convenitcum

481 2636 596 2704 illo,
626 2640 918 2705 agnoscatis
948 2638 1220 2694 veritatem
1241 2653 1265 2702 ;
1303 2638 1446 2708 quod
1496 2639 1722 2708 perinde
1757 2647 1865 2703 est,
1900 2653 1964 2692 ac
1991 2637 2037 2694 si

481 2745 586 2785 non
630 2739 991 2798 agnoscerent
1041 2731 1362 2795 veritatem;
1417 2740 1674 2799 tauquam
1721 2729 1767 2785 si
1804 2730 2038 2787 diceret:

479 2822 760 2891 Quatenus
796 2822 1039 2894 prodigia
1083 2823 1249 2888 facio,
1297 2822 1521 2878 creditis
1563 2823 1726 2887 mihi;
1776 2833 2040 2891 quatenus

478 2926 666 2979 autem
697 2916 983 2971 veritatem
1023 2915 1168 2980 dico,
1207 2931 1313 2970 non
1342 2914 1566 2971 creditis
1611 2913 1763 2968 mihi.
1796 2912 1911 2969 Hoc
1953 2929 2043 2968 au-

480 3016 588 3061 tem
616 3023 758 3061 nunc
784 3007 948 3062 etiam
981 3006 1034 3062 in
1069 3006 1255 3062 multis
1282 3021 1505 3062 cernere
1556 3008 1730 3077 possis
1767 3006 2041 3062 admiran-

479 3096 626 3153 tibus
647 3096 865 3167 quidem
887 3096 1091 3161 Jesum.
1121 3113 1243 3152 cum
1271 3097 1413 3153 illius
1440 3098 1683 3153 historia:
1721 3098 2038 3163 intendunt;

2141 2000 2442 2072 γράφοντος
2470 1999 2531 2053 τὸ
2570 1998 2901 2069 Εὐαγγέλιον
2931 1998 2990 2052 τὸ
3013 1998 3274 2064 τοιοῦτον,
3308 2001 3507 2071 φήσεις,
3543 2001 3655 2054 and
3750 1998 3751 2063 ἦ

2140 2088 2312 2159 λέγων
2347 2090 2483 2162 πρὸς
2531 2090 2657 2155 τοὺς
2686 2089 3114 2154 πεπιστευκότας
3132 2090 3284 2162 αὐτῷ
3313 2091 3572 2156 Ἰουδαίους
3591 2091 3652 2145 τόο

2141 2183 2289 2253 Ἐγὼ
2311 2181 2379 2236 δὲ
2406 2183 2495 2237 ὅτι
2516 2181 2629 2251 τὴν
2646 2182 2935 2250 ἀλήθειαν
2956 2181 3130 2253 λέγω,
3154 2184 3228 2237 οὐ
3245 2182 3539 2237 πιστεύετέ
3560 2202 3653 2253 μοι,
3750 2196 3751 2233 1

2142 2274 2455 2330 πιστεύουσι
2486 2274 2628 2329 κατά
2666 2291 2786 2329 τινα
2805 2274 3068 2337 ἐπίνοιαν,
3104 2276 3198 2329 καὶ
3225 2275 3351 2330 καθ’
3380 2276 3553 2344 ἑτέραν
3599 2276 3656 2346 μὴ
3750 2292 3751 2343 3

2141 2364 2453 2421 πιστεύουσι
2501 2364 2673 2420 ταῦτα
2714 2364 2938 2435 ἔφασκε.
2972 2365 3083 2419 Καὶ
3115 2366 3285 2430 είκὸς,
3326 2367 3406 2419 ὅτι
3429 2366 3658 2419 ἐπίστευον

2143 2460 2241 2529 μὲν
2267 2458 2419 2513 αὐτοὶ
2450 2458 2678 2521 κατὰτὸ
2705 2457 2897 2531 ὁρατὸν
2923 2458 3013 2513 διὰ
3043 2459 3113 2513 τὰ
3150 2460 3433 2532 τεράστια,
3455 2461 3543 2515 οὐκ
3576 2459 3659 2511 ὲπί·

2142 2568 2327 2606 στευον
2355 2551 2413 2605 δὲ
2443 2552 2555 2614 τοῖς
2601 2549 2892 2624 βαθύτερον
2924 2551 3015 2603 ὑπ’
3046 2550 3216 2604 αὐτοῦ
3254 2551 3564 2623 λεγομένοις
3589 2551 3660 2603 καὶ

2141 2641 2365 2716 ἁρμόζει
2409 2658 2474 2710 γε
2508 2641 2603 2714 τῷ·
2640 2641 2957 2696 Γνώσεσθε
2996 2639 3114 2709 τὴν
3141 2642 3453 2712 ἀλήθειαν,
3476 2642 3659 2712 λεγομέο

2139 2751 2215 2806 νῳ
2244 2734 2318 2805 (2)
2350 2733 2423 2806 μὴ
2446 2733 2710 2803 ἐγνωκόσι
2732 2732 2828 2804 τὴν
2851 2731 3124 2804 ἀλήθειαν,
3148 2733 3231 2796 τὸ,
3264 2735 3384 2788 Ὅτι
3417 2733 3523 2802 τὴν
3542 2733 3659 2798 ἁλή-
3750 2772 3751 2777 η

2140 2829 2305 2880 θειαν
2330 2825 2504 2896 λέγω,
2531 2826 2603 2879 οὺ
2625 2823 2933 2878 πιστεύετέ
2953 2842 3075 2893 μοι’
3093 2825 3169 2888 ὡς
3188 2824 3368 2893 ἔλεγεο
3392 2825 3518 2879 Καθ’
3537 2825 3563 2878 ὃ
3586 2825 3660 2895 μὲν
3750 2878 3751 2881 η

2140 2917 2396 2989 τεράστια
2426 2916 2588 2984 ποιῶ,
2616 2914 2901 2970 πιστεύετέ
2929 2932 3040 2986 μοι,
3061 2916 3182 2970 καθ’
3212 2915 3316 2970 δδὲ
3345 2916 3440 2989 τὴν
3453 2916 3661 2988 ἀλήθειαν

2138 3003 2302 3075 λέγω,
2323 3005 2385 3058 ού
2426 3004 2709 3059 πιστεύετέ
2738 3023 2847 3078 μοι.
2875 3007 3044 3060 Τοῦτο
3065 3007 3110 3060 δ’
3137 3006 3203 3061 ἂν
3222 3009 3319 3061 καὶ
3345 3007 3440 3061 νῦν
3463 3007 3546 3060 ἐπὶ
3564 3007 3664 3060 πολι
3750 3052 3751 3071 γ

2138 3096 2245 3150 λῶν
2272 3095 2420 3162 ἴδοις,
2446 3095 2827 3168 θαυμαζόντων
2859 3096 2957 3167 μὲν
2986 3097 3076 3151 τὸν
3101 3097 3332 3169 Ἰησοῦν,
3350 3096 3481 3151 ἐπὰν
3510 3095 3666 3168 ἐνορῶ·

481 3189 626 3243 haud
657 3190 733 3244 ita
761 3202 892 3244 vero
934 3188 1306 3253 credentibus,
1336 3189 1499 3244 simul
1526 3198 1690 3258 atque
1725 3188 2037 3258 profundior

2150 3205 2197 3241 σι
2230 3191 2296 3260 τῇ
2339 3186 2468 3260 περὶ
2515 3188 2679 3241 αὐτοῦ
2717 3186 2944 3260 ἱστορίᾳ,
2995 3188 3190 3259 μηκέτι
3234 3189 3295 3243 δὲ
3328 3188 3664 3249 πιστευόντων,
3750 3194 3751 3199 “

479 3295 543 3334 ac
567 3280 757 3348 major,
786 3294 948 3351 quam
969 3294 1065 3349 pro
1090 3291 1251 3348 captu
1284 3280 1546 3350 ipsorum,
1576 3280 1844 3349 explicata
1878 3280 2041 3336 fuerit

488 3371 596 3427 illis
623 3373 788 3436 ratio,
819 3371 915 3427 sed
932 3372 1336 3442 suspicantibus
1355 3371 1499 3426 illam
1521 3385 1642 3426 esse
1656 3371 1870 3426 falsam.
1898 3370 2041 3438 Quo-

477 3463 627 3519 circa
680 3463 1072 3528 intendamus,
1144 3480 1214 3519 ne
1266 3464 1407 3519 forte
1459 3463 1616 3518 nobis
1670 3464 1836 3518 etiam
1899 3464 2043 3518 dicat

485 3552 680 3609 Sermo
706 3554 798 3610 Dei
822 3553 997 3610 Filius
1023 3568 1039 3609 :
1065 3552 1207 3620 Quia
1229 3555 1501 3610 veritatem
1530 3554 1674 3620 dico,
1695 3569 1800 3609 non
1827 3553 2040 3609 creditis

479 3646 633 3699 milii.

554 3737 646 3792 25.
674 3736 807 3803 Quis
847 3753 914 3793 ea:
943 3738 1086 3794 vobis
1115 3739 1288 3809 arguit
1322 3754 1404 3794 me
1434 3738 1500 3794 de
1528 3748 1737 3810 peccato
1761 3738 1820 3794 ’ἲ
1850 3738 2042 3795 Sermo

479 3828 577 3885 Dei
615 3827 810 3896 Filius,
840 3844 964 3885 cum
994 3840 1189 3900 aperte
1218 3830 1553 3886 voluntatem
1581 3847 1733 3886 suam
1763 3831 1833 3887 ob
1859 3829 2042 3886 oculos

481 3921 778 3989 posuisset,
810 3922 882 3976 ita
913 3933 972 3978 ut
1001 3937 1069 3978 ne
1104 3938 1242 3978 unus
1278 3924 1497 3992 quidem
1538 3923 1869 3978 audientium
1911 3938 2040 3978 con-

483 4010 752 4066 tradicere
791 4022 998 4083 posset,
1031 4012 1197 4067 etiam
1236 4014 1353 4068 haec
1386 4013 1539 4074 dicit.
1571 4014 1744 4068 visum
1780 4015 2043 4082 perstrin-

479 4115 615 4170 gens
651 4116 839 4156 eorum
883 4103 973 4170 qui
1013 4103 1115 4158 sibi
1159 4118 1263 4157 non
1306 4104 1739 4159 assentiebautur
1783 4119 1799 4157 :
1841 4102 1896 4159 Si
1933 4120 2039 4159 non

477 4194 771 4248 ostenditis
795 4207 860 4248 ea
885 4209 1005 4263 quae
1030 4194 1285 4249 dicuntur
1326 4207 1548 4264 peccata
1580 4210 1738 4259 esse,
1777 4194 1890 4263 jam
1916 4195 2041 4263 jure

479 4296 512 4334 a
547 4284 698 4336 vobis
720 4283 883 4352 exigo
916 4298 1263 4339 consensum.
1295 4283 1541 4355 Magnam
1571 4292 1748 4339 autem
1786 4283 2037 4339 ﬁduciam

482 4374 648 4430 habet
678 4375 988 4430 Servatoris
1010 4376 1190 4430 oratio
1229 4375 1282 4430 in
1310 4376 1411 4431 hoc
1437 4377 1604 4442 dicto,
1639 4376 1786 4431 nullo
1825 4376 2042 4431 homine

483 4482 608 4522 cum
644 4482 707 4521 ea
748 4468 1079 4523 conﬁdentia
1107 4485 1227 4539 qua;
1251 4471 1495 4526 nascitur
1528 4487 1594 4529 ex
1628 4485 1734 4526 non
1766 4484 2038 4539 peccasse,

2147 3278 2283 3331 ἐπὰν
2314 3278 2626 3350 βαθύτερος,
2652 3278 2746 3332 καὶ
2778 3278 2975 3349 μείζων
2995 3279 3092 3349 τῆς
3126 3278 3297 3344 ἕξεως
3330 3280 3499 3333 αὐτῶν
3522 3280 3665 3341 αὐτοῖς

2146 3367 2553 3439 ἀναπτύσσηται
2581 3366 2755 3437 λόγος,
2780 3366 2893 3421 ἀλλ’
2928 3368 3342 3423 ύποπτευόντων
3375 3369 3524 3422 αὐτὸν
3559 3364 3666 3420 εἶναι

2144 3459 2331 3532 ψευδῆ.
2361 3461 2559 3532 Διόπερ
2578 3460 2930 3533 προσέχωμεν
2962 3460 3037 3531 ('5)
3064 3462 3275 3531 μήποτε
3302 3462 3400 3514 καὶ
3426 3462 3545 3532 ἡμῖν
3566 3459 3667 3531 εἴπῃ

2144 3554 2174 3606 ό
2193 3554 2381 3623 Λόγος·
2414 3554 2532 3607 ’Ότι
2576 3552 2692 3622 τὴν
2743 3550 3030 3619 ἀλήθειαν
3066 3550 3245 3622 λέγω,
3281 3553 3357 3607 οὐ
3406 3548 3667 3606 πιστεύετέ

2140 3660 2263 3712 μοι.

2216 3733 2307 3788 25.
2352 3733 2448 3800 Τίς
2476 3730 2546 3798 ἐξ
2579 3731 2743 3802 ὑμῶν
2765 3731 3001 3803 ἐλέγχει
3033 3749 3111 3801 με
3134 3732 3269 3802 περὶ
3297 3733 3598 3803 ἀμαρτίας;
3624 3730 3670 3783 '0

2144 3826 2315 3895 Λόγος
2344 3824 2481 3878 ἐπὰν
2504 3824 2713 3895 τρανῶς
2743 3822 2905 3876 αὑτοῦ
2933 3823 3238 3896 παριστάνῃ
3263 3823 3329 3877 τὸ
3352 3819 3669 3896 βούλημὼς

2150 3918 2414 3991 μηδαμῶς
2446 3916 2742 3986 ἀντιλέγειν
2776 3914 3032 3969 δύνασθαί
3077 3932 3201 3969 τινα
3247 3917 3360 3970 τῶν
3384 3917 3668 3977 ἀκουόντων,

2146 4012 2241 4065 καὶ
2274 4009 2448 4065 ταῦτα
2478 4008 2545 4063 ἂν
2572 4008 2722 4077 λέγοι
2764 4006 3024 4061 δυσωπῶν
3051 4007 3176 4070 τοὺς
3209 4007 3287 4078 μὴ
3326 4004 3671 4078 συγκατατιθε-

2150 4103 2359 4175 μένους,
2376 4102 2478 4165 ὅτι,
2504 4101 2567 4154 Ei
2590 4099 2664 4171 μὴ
2682 4098 2933 4170 ἐλέγχετε
2949 4097 3017 4151 τὰ
3040 4097 3311 4168 λεγόμενα
3334 4097 3672 4172 ἡμαρτημένα,

2145 4193 2459 4250 ὰπαιτεῖσθε
2496 4190 2562 4245 ἂν
2584 4190 2821 4258 εὐλόγως
2846 4190 2948 4261 ήδη
2984 4190 3081 4262 τὴν
3112 4191 3525 4261 συγκατάθεσιν.
3550 4189 3672 4257 Ἔχει

2144 4288 2200 4341 δὲ
2225 4286 2319 4340 καὶ
2348 4283 2492 4339 κατὰ
2519 4285 2579 4337 τδ
2613 4282 2773 4354 ῥητὸν
2791 4283 3099 4355 παρρησίαν
3117 4283 3213 4337 τοῦ
3229 4285 3478 4357 Σωτῆρος
3500 4279 3672 4354 ἠλέεις,

2149 4376 2371 4449 μηδενὸς
2397 4375 2492 4448 μὲν
2515 4371 2800 4445 ἀνθρώπου
2831 4372 3146 4443 δυνηθέντος
3166 4376 3343 4428 εἰπεῖν
3372 4374 3505 4446 μετὰ
3526 4385 3674 4425 tum

2146 4468 2354 4540 θήσεως
2380 4468 2479 4538 τῆς
2508 4464 2599 4519 ἐπὶ
2622 4463 2700 4536 τῷ
2736 4464 2809 4535 μὴ
2830 4464 3303 4535 ήμαρτηκέναιτό·
3332 4466 3430 4531 Τίς
3456 4463 3522 4529 ἐξ
3540 4459 3676 4531 ὑμῶν

480 4561 662 4617 dicere
695 4562 941 4619 valente:
978 4563 1109 4630 Quis
1136 4580 1203 4620 ea:
1221 4566 1364 4620 vobis
1395 4566 1569 4635 arguit
1599 4581 1678 4619 me
1703 4565 1769 4618 de
1792 4564 2037 4631 peccato?

2150 4559 2375 4631 ἐλέγχει
2412 4575 2489 4627 με
2527 4556 2659 4625 περὶ
2709 4554 3028 4625 ἁμαρτιας-ς
3084 4554 3244 4626 μόνου
3277 4554 3340 4609 δὲ
3367 4554 3461 4609 τοῦ
3506 4550 3674 4623 Κυρίου

482 4653 581 4709 sed
618 4654 734 4709 solo
777 4655 1002 4709 Domino
1031 4664 1220 4712 nostro
1244 4656 1427 4712 dicere
1450 4656 1565 4711 haec
1588 4654 1803 4711 valente
1835 4654 1903 4709 ad
1926 4666 2044 4708 om-

553 4769 753 4829 ‘Joan.
787 4787 907 4838 vm,
934 4773 1024 4829 45.
1105 4774 1126 4806 ⁷
1150 4774 1281 4829 ibid.

553 4894 666 4963 (96)
702 4897 813 4951 Καὶ
851 4895 1038 4952 πάλιν
1090 4899 1143 4951 οἱ
1193 4895 1578 4959 πιστεύοντες
1629 4891 1745 4962 μὲν
1797 4893 1885 4957 εἰς
1929 4890 2037 4944 τὸν

480 4964 841 5042 geniem-ta,
874 4967 1303 5042 etc._lute_t_'__eos
1356 4965 1447 5035 qui
1467 4963 1769 5042 _Ch_ristutn
1796 4976 2035 5042 “uterum

486 5037 780 5103 hominem,
813 5053 917 5092 non
974 5037 1067 5092 Dei
1117 5036 1336 5102 Filium,
1375 5033 1482 5089 sed
1533 5035 1747 5103 virtute‘
1778 5033 2036 5103 divinitus

485 5104 672 5175 illapsa
705 5099 991 5181 pollentem
1019 5099 1386 5181 crediderunt,
1414 5102 1689 5181 PPinCiPeS
1724 5099 1874 5181 “19'2"
1907 5099 2038 5181 (ἒξετο

485 5170 733 5242 νοεὶαιεὲ
754 5188 807 5231 et
835 5178 1146 5233 Cerinthus.
1175 5176 1269 5231 His
1323 5170 1699 5242 successerunt
1752 5170 2036 5233 Ebiouitze,

484 5241 688 5313 aliique
722 5248 1043 5316 complures,
1066 5262 1203 5316 quos
1231 5245 1350 5301 loco
1386 5241 1879 5316 proxime‘laudattl
1898 5253 2042 5292 com-

486 5306 754 5371 memorat
781 5306 1174 5381 Tlieodoretus,
1200 5318 1294 5369 sed
1324 5306 1591 5382 praecipue
1615 5311 1813 5382 Paulus
1845 5306 2042 5382 διηπο-

483 5392 745 5458 εθιιιεηυιι,⁸
783 5387 872 5453 qui
910 5378 1274 5458 cumChristi
1326 5378 1689 5458 tliviu_i:latem_
1717 5378 2047 5458 labefactare,

483 5448 722 5526 conatus
736 5448 906 5526 esset,
931 5455 1503 5526 Autiochentesynodi
1545 5451 1905 5506 anathematis
1932 5448 2039 5501 ful-

485 5523 633 5578 mine
661 5524 878 5593 percelli
907 5528 1129 5579 meritus
1154 5536 1258 5579 est.
1284 5523 1547 5580 llue'rtns.

555 5585 674 5665 (97)
696 5597 801 5661 Εις
821 5594 929 5668 τὸν
954 5596 1108 5668 Υιόν,
1164 5596 1242 5650 Ita
1292 5605 1437 5650 recte
1479 5593 1659 5668 ha_bet_
1689 5590 1860 5668 code;
1887 5585 2041 5668 ~Bod-

482 5659 711 5727 leianus,
749 5659 917 5721 editio
950 5663 1147 5730 Huetii,
1178 5681 1482 5734 perperam,
1508 5664 1588 5725 εἰς
1611 5659 1704 5734 τόν
1744 5659 1970 5734 Ἰησοῦν.

554 5734 665 5806 (98)
690 5739 795 5803 Εἰς
821 5735 930 5791 τὸν
959 5736 1108 5791 Θεὸν
1134 5729 1507 5806 πιστεύουσι.
1535 5735 1624 5806 Ita-
1664 5729 1814 5798 legit
1845 5729 2041 5806 erra-

487 5799 623 5876 gitis,
648 5799 713 5860 'et
736 5799 808 5861 ita
841 5808 1144 5876 legendum,
1178 5809 1260 5861 vel
1282 5809 1360 5869 εἰς
1389 5804 1480 5857 τὸν
1508 5800 1670 5876 αὐτὸν
1702 5799 2035 5876 πιστεύουσι.

481 5872 662 5933 Editio
683 5877 862 5935 Huetii
888 5870 1169 5950 perperam
1194 5877 1355 5933 habet
1375 5877 1456 5939 εἰς
1486 5872 1577 5927 τὸν
1601 5870 1929 5926 πιστεύουσι.

2146 4650 2322 4723 ἡμῶν,
2344 4648 2403 4712 ὃς
2432 4647 2702 4719 ἁμαρτίαν
2722 4644 2823 4698 οὐκ
2843 4642 3085 4715 ἐποίησε,
3105 4645 3537 4715 πεπειραμένος
3555 4638 3675 4697 κατὰ

2212 4886 2322 4958 (99)
2348 4884 2537 4958 Πάλιν
2571 4875 2747 4958 ζει-ἀὖ
2780 4881 3272 4958 οῐ-πιστεύρντες
3478 4873 3677 4958 stertis?

2141 4946 2380 5027 Ildtépa
2393 5025 2401 5027 Α
2412 4951 2915 5027 ἸησοῡΑΧρι-στρῦη
2931 4961 3038 5006 etc.
3091 4952 3128 5027 l_i
3138 5021 3152 5027 Δ
3184 4946 3364 5027 erant
3383 4946 3674 5027 Simoniapi,

2144 5017 2534 5087 Saturniliaui,
2598 5017 2958 5085 Ce'rdnniaui,
3007 5031 3062 5075 et
3109 5021 3462 5085 Marcionita,
3502 5017 3674 5074 Christi

2143 5096 2381 5156 Patrem,
2424 5095 2620 5148 bonum
2660 5093 2858 5157 Deum;
2888 5103 2944 5143 at
2974 5091 3164 5143 muudi
3191 5090 3476 5156 Opiﬁcem,
3505 5089 3673 5144 ferum,

2145 5178 2199 5222 et
2220 5169 2535 5218 damnorum
2564 5170 2840 5215 auctorem
2872 5169 3193 5215 statuentes.
3230 5158 3497 5215 Hunnus.

2218 5235 2294 5305 (l)
2330 5233 2503 5305 Ἀλλὰ
2526 5230 3121 5305 καί-,οἱῂπιστεύονςες
3145 5226 3262 5297 μὲν
3282 5232 3377 5295 εις
3414 5230 3522 5305 gos.
3536 5228 3681 5289 Ποιη-

2147 5299 2285 5373 τήῖν,
2317 5299 2866 5373 etcaQuiChristtun
2915 5299 3345 5373 prodigiosorutn
3409 5301 3678 5373 facinorum

2147 5365 2422 5429 auctorem
2446 5365 2817 5440 hominem,at
2840 5365 2947 5422 non
2977 5365 3283 5440 DeiFilium
3316 5365 3678 5440 agnoscebant.

2146 5441 2443 5513 cujusmodi
2481 5438 3037 5513 erantCarpocrates,
3090 5448 3145 5492 et
3174 5438 3267 5513 alii
3322 5453 3487 5506 supra
3535 5438 3681 5487 nomi-

2147 5506 2283 5580 ua'ti,
2308 5514 2468 5567 iidem
2497 5512 2660 5580 Deum
2693 5510 2898 5580 (ζωῇ-ει
2925 5517 3085 5561 terrae
3114 5506 3450 5580 conditorem
3478 5514 3679 5580 venera-

2146 5573 2365 5646 bantur,
2390 5591 2444 5634 at
2475 5596 2571 5651 pro
2596 5577 2796 5651 Christi
2823 5578 2983 5631 Patre
3015 5592 3145 5651 uou_
3178 5577 3471 5649 habebant.
3500 5573 3678 5651 Horum

2146 5636 2455 5724 opinionem
2475 5636 2545 5704 'de
2569 5649 2786 5704 ChriSto
2813 5662 2971 5716 supra
2995 5647 3203 5716 attigit;
3227 5636 3423 5700 eertum
3466 5656 3601 5699 nunc
3625 5640 3681 5693 de

2146 5724 2258 5778 Deo
2291 5722 2473 5777 mundi
2493 5720 2695 5778 ()pilice
2719 5720 3019 5772 doctrinam
3042 5716 3300 5771 declarat.
3334 5716 3413 5770 In.

2195 5739 2258 5780 to
2291 5738 2473 5777 mnum
2493 5738 2695 5780 Uptuce
2719 5738 3019 5772 uocu'mam
3042 5738 3300 5771 ueuarat.
3334 5738 3413 5770 w.

2215 5739 2258 5780 ro
2291 5736 2473 5777 mnum
2493 5736 2695 5789 Uptuce
2719 5736 3019 5772 uocmuam
3042 5736 3300 5771 declarat.
3334 5736 3413 5770 ιυ.

2215 5796 2293 5864 (2)
2318 5789 2643 5864 Λεγομέγῳ.
2670 5789 2852 5864 (Iudex
2885 5786 3220 5864 liodleianus,
3244 5783 3545 5858 δυναμένῳ.

2322 5856 2497 5918 Editiu
2530 5856 2727 5926 liuetii,
2758 5856 3101 5929 προσχῶμευ,
