4082 6548
245 428 334 484 M5

1282 425 1639 484 COMMENT.
1677 423 1744 480 ΙΝ
1783 421 1974 480 ΙΟΑΝ.
2009 423 2249 480 TOMUS
2301 423 2421 480 XX.

3371 433 3478 490 640

245 545 412 600 πάντα
450 543 586 598 καθ’
637 545 976 614 ὁμοιότητα,
1038 545 1218 614 χωρίς
1269 547 1580 618 ἁμαρτίας,
1632 547 1792 602 ταῦτα

1911 559 2006 598 nes
2039 545 2130 614 qui
2174 559 2414 614 unquam
2452 543 2600 598 illum
2630 555 3037 615 cognoverunt:
3074 548 3166 618 qui
3197 561 3479 618 peccatum

246 637 360 707 πρὸς
373 635 583 699 πάντας
604 637 739 701 τοὺς
770 635 984 691 πώποτε
1004 638 1313 706 ἐγνωκότας
1345 640 1507 694 αὐτὸν
1535 643 1708 694 εἰπεῖν
1718 640 1807 692 δυ-

247 728 471 797 ναμένου.
517 727 738 782 Ἀκούω
767 730 822 783 δὲ
846 730 960 784 τοῦ’
993 732 1087 796 Τίς
1110 731 1179 796 ἐξ
1203 730 1388 801 ὑμῶν,
1417 733 1709 803 λεγομένου
1742 733 1802 787 οὐ

245 821 360 890 apo;
374 820 497 884 τοὺς
519 822 805 892 παρόντας
840 823 1019 893 μόνον,
1044 823 1178 877 ἀλλά
1201 825 1295 878 καὶ
1318 826 1454 896 πρὸς
1481 825 1599 878 ὅλον
1620 825 1680 879 τὸ
1696 825 1803 879 τῶν

244 911 517 980 ἀνθρώπων
543 912 730 978 γένος,
753 915 828 978 ὡς
851 916 900 968 εἰ
916 914 1086 979 οὕτως
1113 916 1484 986 ὲσαφηνίζετο·
1506 917 1602 981 Τίς
1623 919 1687 972 ὲκ
1707 917 1802 972 τοῦ

246 1002 406 1070 γένους
437 1002 618 1072 ὑμῶν,
647 1005 706 1075 ἢ,
745 1005 839 1069 Τίς
870 1008 1051 1070 ὁποῖος
1078 1007 1272 1080 δήποτε
1293 1008 1572 1080 ἄνθρωπος
1594 1010 1803 1078 ἐλέγξαι

247 1110 300 1162 με
323 1093 610 1164 δυνήσεται
648 1098 781 1168 περὶ
811 1099 1118 1170 ἁμαρτίας;
1143 1099 1258 1152 ἀλλ’
1285 1095 1343 1153 εὖ
1373 1095 1468 1154 οἷδ’
1493 1102 1575 1155 ὅτι
1607 1103 1800 1166 οὐδείς.

244 1184 375 1240 Κατά
403 1186 463 1238 τὸ
489 1186 723 1243 δυνατὸν
750 1189 807 1242 δὲ
835 1190 1149 1265 ἀνθρωπίνῃ
1183 1193 1341 1260 φύσει
1375 1193 1463 1246 διά
1495 1195 1574 1247 τόο
1610 1197 1800 1264 Μιμη-

245 1277 323 1331 ταί
329 1296 438 1347 μου
466 1280 742 1348 γίνεσθε,
761 1282 952 1349 καθὼς
970 1284 1128 1353 κάγὼ
1142 1286 1419 1354 Χριστοῦ,
1438 1288 1600 1341 παντὶ
1616 1289 1802 1360 τρόπῳ

246 1369 594 1441 φιλοτιμητέον
623 1374 882 1448 τοιαύτην
909 1377 1192 1430 ἀναλαϐεῖν
1227 1377 1466 1451 καθαροῦ
1504 1381 1801 1446 συνειδότος

245 1458 527 1528 παρρησίαν
566 1459 714 1531 πρὸς
759 1464 964 1528 πάντας
998 1464 1333 1536 ἀνθρώπους,
1376 1467 1504 1522 ὥστ’
1551 1470 1800 1525 ἂνείπεῖν

246 1547 364 1615 ἡμᾶς
382 1551 506 1620 περὶ
520 1550 635 1604 τῶν
661 1553 812 1624 ἑξῆς,
845 1557 938 1609 καὶ
963 1555 1097 1627 μετὰ
1125 1557 1222 1628 τὴν
1241 1558 1414 1630 ἀρχὴν
1445 1559 1546 1630 τῆς
1567 1561 1800 1628 πίστεως

245 1639 391 1710 χρόνῳ
442 1643 581 1713 πρὸς
635 1645 870 1700 ἕκαστον
920 1649 1028 1702 τῶν
1079 1652 1228 1721 ἡμᾶς
1275 1653 1650 1719 γινωσκόντων
1702 1657 1794 1710 τό·

250 1734 325 1798 Τίς
344 1734 407 1798 ἐξ
435 1735 609 1806 ὑμῶν
639 1739 877 1810 ἐλέγχει
901 1759 978 1810 με
1005 1743 1136 1811 περὶ
1177 1746 1496 1813 ἁμαρτίας;
1523 1749 1571 1800 εἰ
1597 1749 1689 1802 καὶ
1722 1750 1797 1822 μὴ

244 1824 435 1878 δυνατὸν
461 1827 644 1891 τοῦτο,
677 1829 740 1895 ἐξ
777 1824 838 1883 οῦ
883 1832 976 1887 τὸν
1008 1834 1164 1903 λόγον
1216 1837 1794 1911 συμπεπληρώκαμεν,

248 1917 414 1970 εἰπεῖν.
452 1921 627 1974 Τοῦτο
652 1922 714 1975 δὲ
739 1925 799 1976 ού
833 1926 969 1996 πρὸς
1001 1926 1319 1999 ἀνθρώπους
1356 1929 1512 2000 μόνον
1549 1931 1614 1985 ἂν
1647 1927 1798 1987 εἷπεν

247 2008 490 2082 όΣωτὴρ,
526 2012 665 2068 ἀλλὰ
717 2017 810 2069 καὶ
850 2019 985 2090 πρὸς
1020 2019 1111 2075 τὸν
1145 2020 1389 2075 διάϐολον
1425 2023 1520 2076 καὶ
1564 2023 1666 2088 τὰς
1706 2025 1798 2078 ὑπ’

246 2101 378 2155 αὑτὸν
424 2103 705 2177 δυνάμεις,
751 2109 918 2180 μηδὲν
955 2111 1182 2182 ἐχούσας
1230 2115 1405 2167 εἰπεῖν
1447 2117 1526 2180 είς
1579 2115 1799 2187 ἔλεγχον

243 2193 314 2246 τὸν
355 2197 482 2268 περὶ
517 2201 804 2271 ἁμαρτίαν
853 2203 1035 2258 αὐτοῦ.
1072 2207 1181 2260 Καὶ
1212 2206 1367 2260 τοῦτό
1409 2225 1472 2277 γε
1510 2209 1798 2265 ἀκόλουθόν

242 2285 336 2338 ἐστι
379 2288 493 2360 τῷο
539 2291 819 2362 Ἔρχεται
851 2297 884 2348 d
914 2296 1116 2365 ἄρχων
1149 2298 1250 2352 τοῦ
1287 2300 1518 2370 κόσμου
1559 2302 1795 2366 τούτου,

243 2375 322 2429 καὶ
351 2378 423 2431 ἐν
449 2379 577 2448 ἐμοὶ
616 2384 887 2451 εὑρίσκει
926 2386 1124 2442 οὐδέν.
1166 2390 1398 2444 Δυνατδν
1439 2391 1496 2444 δὲ
1532 2390 1626 2444 καὶ
1665 2394 1799 2463 ἡμῖν

241 2467 293 2520 ὲκ
309 2468 500 2540 πολλῆς
519 2471 842 2544 ἐπιμελείας
858 2476 957 2547 τὴν
984 2477 1092 2530 ἀπό
1125 2496 1266 2543 τινος
1291 2479 1578 2534 ἀναλαϐεῖν
1605 2482 1796 2554 χρόνου

245 2563 530 2634 παρρησίαν
563 2567 706 2638 πρὸς
754 2568 816 2620 τὸ
881 2571 1052 2623 εἰπεῖν
1085 2573 1232 2641 ἡμᾶς
1275 2572 1352 2644 τῷ
1390 2572 1639 2645 ζητοῦντι
1674 2575 1797 2630 καθ’

246 2653 370 2721 ἡμῶν
423 2656 683 2729 ἀφορμὴν
743 2659 994 2732 διαϐόλῳ,
1041 2664 1138 2716 καὶ
1185 2667 1299 2728 τοῖς
1347 2666 1598 2735 ἀγγέλοις
1630 2668 1795 2722 αὐτοῦ

245 2743 367 2815 παρά
386 2746 476 2801 τδν
505 2749 606 2819 τῆς
638 2749 826 2816 ἐξόδου
869 2753 1085 2824 καιρόν
1122 2756 1218 2822 Τίς
1253 2757 1324 2822 ἐξ
1354 2756 1525 2828 ὑμῶν
1563 2759 1796 2830 ἐλέγχει

240 2850 298 2902 με
321 2837 446 2905 περὶ
480 2838 815 2909 ditantur;

297 2925 373 2981 i6.
415 2933 489 2984 Et
535 2931 835 2998 ἀλήθειαν
875 2935 1064 3003 λέγω,
1111 2937 1209 2992 διὰ
1261 2939 1320 2992 τί
1367 2938 1536 3009 ὑμεῖς
1577 2941 1648 2994 οὐ
1699 2953 1794 2993 πι-

239 3021 453 3076 στεύετέ
501 3039 642 3092 μου
689 3024 875 3090 ’Ἄξιον
928 3026 1054 3080 ἰδεῖν
1098 3029 1151 3082 τί
1199 3030 1555 3100 ὑποφαίνεται
1597 3034 1660 3086 ὲκ
1699 3033 1793 3087 τοῦ

242 3112 495 3182 πύσματος
513 3131 529 3144 ⁸
558 3115 724 3168 τοῦτο
748 3115 806 3169 δὲ
832 3117 1073 3188 ὀψόμεθα
1099 3121 1147 3173 εί
1181 3122 1275 3174 καὶ
1312 3124 1509 3177 ἐκεῖνοι
1543 3125 1675 3196 πρὸς
1701 3125 1796 3190 οὒς

1908 653 2014 693 non
2051 638 2200 703 fecit,
2238 655 2332 707 per
2377 639 2556 692 omnia
2589 647 2820 694 tentatus
2859 641 3016 708 juxta
3053 643 3479 712 similitudinem,

1907 728 2101 798 absque
2135 738 2345 796 peccato
2367 728 2409 782 ⁸.
2451 728 2604 795 Quod
2651 740 2832 786 autem
2869 732 3026 794 dixit,
3065 732 3197 798 Quis
3225 751 3291 788 ea:
3317 740 3480 799 vobis,

1906 819 1986 873 sic
2021 821 2284 889 intelligo,
2318 831 2378 874 ιιι
2411 819 2466 874 id
2507 835 2614 874 non
2654 821 2721 874 ad
2759 835 3061 892 praesentes
3097 833 3337 891 tantum,
3386 827 3482 882 sed

1905 910 1971 964 ad
1997 912 2309 966 universum
2349 911 2628 966 hominum
2653 928 2824 982 genus
2849 915 3052 970 dictum
3083 917 3190 982 sit;
3220 927 3483 987 tauquam

1905 1003 1950 1056 si
1969 1005 2047 1057 sic
2074 1003 2488 1073 explanaretur:
2508 1005 2640 1072 Quis
2658 1020 2722 1060 ex
2756 1016 2941 1062 vestro
2965 1024 3184 1079 genere,
3201 1011 3308 1074 vel,
3327 1012 3479 1077 Quis.

1905 1094 2298 1163 qualiscunque
2327 1098 2545 1152 tandem
2575 1100 2644 1153 sit
2675 1100 2761 1154 ille
2790 1101 2972 1164 homo,
3009 1117 3239 1172 arguere
3282 1102 3485 1172 poterit

1905 1201 1992 1241 me
2023 1187 2091 1240 de
2125 1189 2385 1256 peccato?
2417 1198 2473 1243 at
2502 1201 2650 1245 certe
2677 1207 2859 1247 nemo.
2884 1191 3118 1263 Propter
3149 1206 3330 1248 autem
3377 1197 3483 1252 hoc

1903 1279 2103 1334 dictum
2126 1293 2142 1334 :
2164 1279 2464 1336 Imitatores
2486 1285 2588 1336 mei
2607 1294 2784 1348 estote,
2806 1286 2938 1338 sicut
2966 1295 3015 1339 et
3035 1303 3128 1355 ego
3150 1286 3479 1351 C/iristi’°",

1903 1373 2048 1427 omni
2091 1375 2253 1428 modo
2284 1375 2718 1431 contendendum
2755 1378 2911 1432 nobis
2945 1389 3049 1444 est,
3080 1390 3138 1432 ut
3147 1379 3300 1448 juxta
3331 1382 3480 1438 vires

1905 1463 2158 1519 humanae
2197 1476 2404 1520 natura:
2443 1467 2605 1521 talem
2651 1468 2982 1538 recipiamus
3029 1472 3280 1525 fiduciam
3323 1488 3483 1528 mun-

1902 1555 1982 1609 da;
2012 1559 2362 1613 conscientiae
2402 1575 2532 1630 erga
2575 1576 2764 1615 omnes
2815 1561 3088 1627 homines,
3133 1573 3191 1617 ut
3231 1565 3480 1618 dicamus

1899 1647 2065 1720 35.9
2105 1652 2159 1704 in
2193 1650 2457 1716 futurum,
2486 1668 2549 1708 ac
2580 1663 2702 1722 post
2732 1653 2852 1708 fidei
2886 1657 3233 1726 principium,
3269 1659 3334 1712 ad
3365 1660 3479 1712 sin-

1901 1741 2052 1808 gulos
2101 1757 2200 1797 nos
2246 1755 2602 1813 agnoscentes
2629 1764 2643 1800 :
2670 1746 2800 1812 Quis
2828 1765 2891 1802 ex
2921 1750 3060 1802 vobis
3100 1751 3272 1819 arguit
3309 1766 3391 1806 me
3413 1753 3516 1804 des

1901 1829 2141 1896 peccato?
2157 1831 2370 1886 etiamsi
2428 1832 2570 1887 factu
2620 1835 2776 1888 facile
2823 1851 2928 1890 non
2967 1845 3050 1890 est
3093 1846 3149 1889 ut
3190 1839 3293 1892 hoc
3322 1839 3476 1892 dien-

1903 1935 2025 1974 mus
2058 1935 2180 1976 cum
2215 1924 2604 1993 compleviutus
2631 1928 2922 1981 rationem.
2957 1927 3222 1983 Caeterum
3255 1945 3361 1984 non
3404 1931 3478 1986 ad

1901 2011 2149 2068 homines
2183 2024 2391 2069 tantum
2424 2017 2682 2070 Servator
2718 2019 2858 2073 dixit
2905 2019 3028 2084 hoc,
3073 2022 3167 2076 sed
3200 2023 3364 2076 etiam
3399 2025 3469 2076 ad

1900 2101 2173 2158 diabolum
2221 2115 2385 2175 atque
2436 2108 2502 2162 ad
2558 2107 2833 2165 Potentias
2868 2111 2940 2164 illi
2983 2111 3282 2180 subjectas,
3336 2114 3473 2170 nihil

1899 2193 2164 2259 valentes,
2199 2199 2339 2266 quod
2376 2198 2488 2268 ipse
2519 2212 2792 2269 peccaret,
2826 2204 2926 2272 ipsi
2967 2205 3229 2273 obiicere.
3268 2205 3332 2260 Et
3367 2206 3474 2263 hoc

1899 2300 2033 2341 sane
2080 2303 2416 2360 consequens
2468 2303 2551 2349 est
2609 2295 2683 2350 illi
2728 2313 2743 2349 :
2798 2294 2948 2351 Venit
2997 2301 3232 2366 princeps
3283 2303 3468 2356 mundi

1899 2378 2079 2448 hujus,
2120 2391 2168 2433 et
2212 2382 2266 2434 in
2304 2400 2384 2436 me
2414 2401 2516 2438 non
2539 2386 2693 2440 habet
2721 2387 3028 2458 quidquam,
3060 2403 3106 2444 et
3149 2391 3360 2447 nihil-in
3394 2410 3477 2447 me

1897 2467 2092 2522 invenit
2126 2471 2190 2524 “.
2226 2470 2518 2530 Possumus
2551 2491 2680 2530 vero
2708 2477 2870 2531 etiam
2906 2493 3002 2533 nos
3034 2495 3100 2533 ex
3135 2481 3302 2535 multa
3347 2484 3475 2536 dili-

1899 2560 2082 2627 gentia
2121 2577 2218 2630 per
2267 2563 2486 2633 aliquod
2537 2574 2750 2635 tempus
2805 2569 3060 2625 fiduciam
3114 2571 3359 2640 recipere
3403 2575 3472 2627 ad

1897 2655 2182 2711 dicendum
2219 2657 2437 2713 diabolo
2467 2669 2522 2714 et
2552 2661 2760 2729 angelis
2787 2662 2928 2732 ejus,
2958 2667 3333 2732 quaerentibus
3368 2669 3471 2723 ad—

1898 2760 2114 2802 versum
2163 2763 2263 2803 nos
2305 2751 2654 2805 occasionem
2701 2766 2827 2806 cum
2889 2754 3125 2809 animam
3182 2755 3472 2816 eluamus:

1899 2839 2031 2904 Quis
2059 2855 2125 2893 ea:
2155 2840 2294 2894 vobis
2330 2842 2510 2910 arguit
2543 2857 2625 2895 me
2653 2847 2719 2896 de
2757 2856 2968 2912 peccato
2989 2845 3016 2898 2’

1964 2931 2054 2985 26.
2098 2929 2156 2986 Si
2197 2933 2466 2986 veritatem
2516 2932 2656 2998 dico,
2718 2949 2882 3001 quare
2928 2951 3018 2988 vos
3087 2952 3194 2989 non
3251 2937 3472 2995 creditis

1895 3023 2025 3077 mihi
2059 3023 2155 3078 "‘i
2199 3023 2427 3092 Dignum
2479 3035 2564 3080 est
2598 3034 2658 3080 ιιι
2697 3027 2979 3082 videamus
3034 3029 3161 3096 quid
3215 3031 3472 3085 innuatur

1895 3129 1962 3168 ex
1993 3113 2096 3168 hac
2145 3113 2623 3185 interrogatione;
2664 3125 2717 3169 at
2757 3116 2858 3171 hoc
2899 3116 3206 3173 videbimus
3249 3120 3466 3174 etiamsi

241 3202 420 3272 ὀλόγος
474 3207 577 3259 οὐκ
629 3208 998 3280 ἀπεκρίναντο
1060 3212 1159 3282 τὴν
1223 3212 1446 3268 δέουσαν
1502 3217 1792 3289 ἀπόκρισιν

1898 3203 1970 3258 illi
2008 3205 2074 3258 ad
2119 3220 2256 3274 quos
2295 3214 2416 3259 erat
2461 3221 2667 3272 sermo,
2722 3223 2826 3262 non
2869 3210 3248 3279 responderint
3291 3211 3471 3282 profe-

241 3294 607 3364 ἐξενεγκόντες.
645 3297 810 3353 Εἴποι
848 3300 957 3374 γὰρ
1000 3302 1064 3356 ἄν
1103 3321 1218 3368 τις”
1271 3306 1370 3361 Διά
1412 3308 1568 3361 τοῦτο
1597 3309 1656 3361 ού
1704 3327 1795 3362 πι·

242 3387 491 3458 στεύομεν,
533 3390 660 3443 ἐπεὶ
703 3391 767 3444 ού
811 3390 1120 3464 θεωροῦμεν
1166 3394 1286 3448 τίνα
1335 3397 1536 3469 τρόπον
1579 3399 1607 3452 ὃ
1648 3399 1792 3470 λέγει

241 3475 363 3530 ἐστὶν
403 3479 667 3552 ἀλήθεια·
707 3482 770 3535 οὐ
805 3480 1116 3554 Θεωροῦμεν
1152 3485 1208 3539 δὲ
1245 3486 1322 3558 τῷ
1359 3489 1585 3560 μηδέπω
1626 3510 1794 3547 κεκα-

240 3563 406 3638 θάρθαι
433 3571 590 3642 ἡμῶν
628 3571 735 3636 τάς
773 3575 838 3644 τῇ
873 3574 1030 3643 φύσει
1064 3575 1375 3646 διορατικάς
1409 3581 1508 3652 τῆς
1539 3581 1794 3653 ἀληθείας

241 3658 390 3726 bist?
433 3665 526 3717 καὶ
568 3665 698 3718 ἐπεὶ
745 3665 977 3719 τοιοῦτοί
1019 3668 1208 3739 ἐσμεν,
1238 3670 1338 3723 οὐκ
1383 3672 1548 3743 ἐσμὲν
1581 3675 1646 3728 ὲκ
1698 3675 1792 3728 τοῦ

241 3751 379 3805 Θεοῦ·
413 3756 459 3808 εί
487 3756 708 3810 οὐδέπω
737 3757 906 3828 ἐσμὲν
933 3761 996 3812 ὲκ
1019 3759 1112 3813 τοῦ
1134 3759 1290 3825 Θεοῦ,
1319 3763 1455 3817 ἀλλά
1487 3765 1582 3818 καὶ
1602 3766 1658 3818 αἱ
1687 3766 1790 3838 τῆς

243 3840 465 3911 ἀληθείας
506 3846 662 3917 ὄψεις
708 3847 1042 3920 θεωρητικαὶ⁵
1084 3852 1183 3905 οὐκ
1215 3854 1321 3907 εἰσὶ
1361 3855 1788 3929 κεκαθαρμέναι,

239 3933 301 4004 τῷ
353 3938 810 4009 ὲπικεκαλύφθαι,
869 3942 901 4013 ἢ
959 3945 1323 4016 πεπαχύνθαι,
1379 3947 1411 4019 ἢ
1462 3949 1789 4005 τεθολῶσθαι

241 4026 383 4091 αὐτὰς
409 4030 512 4084 ὑπὸ
537 4031 638 4102 τῆς
660 4032 884 4096 κακίας.
914 4035 1315 4102 Κατανοοῦντες
1341 4038 1397 4092 δὲ
1424 4039 1478 4092 τί
1511 4040 1571 4094 τὸ
1590 4043 1792 4115 κυρίως

244 4118 510 4187 πιστεύεις,
547 4121 675 4174 καθ’
714 4123 774 4175 δ’
805 4122 931 4190 Πᾶς
955 4127 989 4179 d
1016 4130 1334 4193 πιστεύων,
1367 4129 1456 4184 ὅτι
1497 4132 1726 4201 Ἰησοῦς
1759 4138 1792 4189 ό

241 4201 464 4271 Χριστός
493 4208 690 4272 ἐστιν,
724 4209 795 4264 ἐκ
824 4211 929 4265 τοῦ
959 4215 1105 4269 Θεοῦ
1137 4217 1462 4287 γεγένηται,
1489 4222 1582 4276 καὶ
1604 4222 1792 4280 αίσθα-

239 4293 420 4363 νόμενοι
468 4301 580 4372 ὅσῳ
629 4301 726 4355 τοῦ
778 4303 950 4368 οὕτως
1002 4309 1275 4363 πιστεύειν
1341 4313 1783 4388 ἀπολειπόμεθα,

239 4387 380 4442 ταῦτα
415 4392 880 4464 ἀποκρινώμεθα,
932 4399 1372 4470 παρακαλοῦντες
1413 4406 1504 4460 τὸν
1538 4407 1648 4461 τῶν
1689 4409 1790 4479 τῆς

237 4477 386 4572 buxi;
415 4483 591 4554 ὅψεων
619 4487 808 4557 ἰατρὸν
841 4489 907 4559 τῇ
933 4490 1128 4544 ἑαυτοῦ
1173 4495 1334 4566 σοφίᾳ
1365 4498 1460 4552 καὶ
1483 4477 1789 4572 φιλανθρῴ-

1900 3307 2082 3352 rentes
2127 3297 2460 3352 conveniens
2518 3313 2859 3368 responsum.
2917 3299 3268 3370 Respondere
3320 3304 3469 3358 enim

1895 3397 2080 3458 posset
2131 3388 2329 3458 aliquis
2375 3406 2391 3444 :
2433 3388 2583 3446 Hanc
2623 3391 2693 3446 ob
2729 3406 2952 3446 causam
3006 3407 3112 3446 non
3171 3393 3466 3458 credimus,

1895 3480 2150 3549 quoniam
2185 3497 2290 3535 non
2333 3482 2581 3538 videmus
2631 3497 2871 3552 quonam
2931 3494 3092 3554 pacto
3144 3484 3272 3540 illud
3323 3487 3469 3556 quod

1894 3572 2027 3627 dicit
2055 3572 2128 3627 sit
2155 3573 2398 3627 veritas:
2425 3589 2533 3628 non
2560 3575 2810 3629 videmus
2833 3583 3012 3630 autem
3053 3592 3120 3631 eo
3150 3577 3296 3646 quod
3327 3593 3468 3632 non-

1894 3663 2019 3718 dum
2058 3665 2298 3718 mundati
2331 3665 2439 3720 sint
2465 3666 2516 3720 in
2578 3665 2736 3720 nobis
2772 3666 2846 3721 illi
2881 3668 3019 3722 oculi
3059 3669 3151 3739 qui
3209 3671 3314 3725 vim
3345 3685 3471 3740 per-

1895 3757 2188 3827 spicienda:
2220 3757 2466 3812 veritatis
2489 3767 2677 3812 natura
2706 3759 2909 3814 habent
2938 3769 3032 3814 :et
3051 3763 3305 3831 quoniam
3333 3764 3468 3818 tales

1891 3863 2104 3912 sumus,
2141 3863 2246 3904 non
2280 3864 2473 3904 sumus
2516 3865 2582 3904 ex
2622 3849 2730 3903 Deo
2769 3867 2785 3916 ;
2829 3854 2972 3920 quod
3019 3855 3062 3906 si
3120 3853 3355 3907 nondum
3395 3871 3466 3910 ex

1893 3939 2006 3996 Deo
2042 3955 2250 4006 sumus,
2287 3941 2452 3994 etiam
2486 3940 2626 3996 oculi
2656 3941 2763 3994 vim
2799 3943 3187 4011 perspicienda
3219 3931 3466 4002 verititis

1893 4033 2156 4088 habentes
2210 4031 2396 4086 mundi
2443 4045 2548 4086 non
2585 4040 2732 4097 sunt,
2770 4032 2854 4087 vel
2889 4035 3018 4102 quia
3052 4035 3294 4104 cooperti
3327 4035 3461 4106 sint,

1895 4123 1975 4176 vel
2015 4123 2142 4193 quia
2180 4123 2288 4178 sint
2321 4122 2516 4189 crassi,
2561 4123 2645 4177 vel
2697 4124 2822 4194 quia
2852 4125 2964 4180 sint
3004 4128 3206 4183 turbidi
3242 4139 3467 4198 propter

1890 4219 2104 4273 vitium.
2156 4217 2232 4273 Ac
2283 4217 2694 4274 considerantes
2741 4219 3024 4289 diligenter
3058 4223 3274 4291 quidem
3328 4225 3458 4293 quid

1889 4312 1962 4367 sit
1993 4310 2210 4380 proprie
2238 4311 2482 4376 credere,
2509 4313 2666 4380 juxta
2701 4312 2832 4367 illud
2864 4313 3068 4368 dictum
3100 4332 3113 4368 :
3148 4313 3334 4370 Omni)
3367 4317 3461 4385 qui

1890 4406 2052 4459 credit
2086 4405 2224 4474 quod
2247 4403 2406 4458 Iesus
2431 4405 2672 4460 Christus
2701 4414 2799 4472 est,
2829 4422 2892 4460 ea:
2929 4405 3036 4459 Deo
3058 4408 3262 4475 genitus
3289 4417 3365 4461 est
3393 4409 3460 4476 η,

1887 4497 2295 4566 seutientesque
2345 4508 2608 4566 quantum
2661 4499 2904 4553 absimus
2953 4498 3022 4552 ab
3057 4500 3158 4554 hoc
3203 4500 3460 4554 credendi

341 4573 510 4628 πάντα
536 4578 764 4648 ποιῆσαι
800 4579 869 4634 τὰ
903 4582 1043 4654 ὑπὲρ
1065 4581 1160 4638 τοῦ
1185 4585 1636 4660 ἀποκαλυφθῆναι
1659 4569 1785 4657 τοὺς

1895 4588 2075 4651 modo,
2130 4589 2245 4644 haec
2291 4591 2739 4660 respondeamus,
2791 4591 3142 4645 obsecrantes
3191 4593 3458 4646 medicum

235 4657 512 4736 ἀρθαλμοὺς
542 4668 810 4738 ημῶψέτι
841 4674 1283 4746 κεκαλυμμένους
1315 4679 1419 4732 ὑπὸ
1570 4683 1656 4736 διὰ
1685 4684 1783 4755 τὴν

237 4756 401 4844 κακίαν
463 4761 692 4830 ἀτιμίας
749 4763 938 4834 ἡμῶν,
998 4769 1138 4822 κατὰ
1181 4769 1242 4822 τὸ
1292 4773 1580 4844 εἰρημένον
1643 4793 1780 4830 που⁶

245 4842 632 4921 Tituri—ludar
672 4853 834 4924 ἡμᾶς
872 4859 911 4925 ἠ
955 4860 1155 4929 ἀτιμία
1185 4842 1783 4932 ἡμῶκονέπακούσεται

236 4936 317 5008 γὰρ
339 4941 485 5032 ἡμῶν
512 4943 922 5016 ὁμολογούντων
954 4950 1022 5003 τὰ
1058 4953 1204 5005 αἴτια
1250 4954 1344 5008 τοῦ
1379 4957 1601 5029 μηδέπω
1634 4961 1782 5032 ἡμᾶς

235 5031 496 5097 πιστεύειν,
551 5035 649 5088 καὶ
699 5035 778 5100 ὡς
840 5039 1024 5103 κακῶς
1086 5041 1289 5114 έχουσι,
1349 5049 1444 5101 καὶ
1487 5049 1780 5121 χρῄζουσιν

235 5118 386 5192 ἰατροῦ
409 5124 619 5198 βοηθῶν
648 5134 973 5201 συνεργήσει
997 5133 1130 5204 πρὸς
1167 5136 1226 5188 τὸ
1263 5118 1695 5212 χωρῆσαινη-μᾶς
1719 5142 1782 5198 τὸ

1887 4680 2170 4736 oculorum
2208 4682 2422 4747 anima},
2453 4693 2515 4737 ut
2541 4699 2636 4738 sua
2676 4683 2847 4753 ipsius
2869 4692 2980 4736 tum
3014 4687 3299 4752 sapientia,
3345 4694 3458 4738 tum

1887 4786 2095 4838 amore,
2127 4787 2235 4842 quo
2290 4788 2463 4844 genus
2511 4775 2812 4829 lmmauum
2866 4775 3226 4845 prosequitur,
3273 4775 3454 4830 omnia

1884 4861 2068 4928 faciat,
2106 4879 2214 4933 quo
2246 4866 2560 4935 aperiantur
2590 4865 2730 4920 oculi
2767 4868 2940 4921 nostri
2975 4867 3155 4921 adhuc
3181 4866 3354 4920 clausi
3381 4867 3453 4922 ab

1885 4956 2177 5024 ignominia
2212 4968 2442 5024 nostra,
2503 4971 2727 5029 pmpter
2772 4961 2962 5014 vitium
3011 4975 3027 5022 ;
3066 4958 3221 5026 juxta
3280 4959 3450 5016 illud:

1886 5044 2163 5115 Cacperuit
2199 5065 2290 5102 nos
2322 5049 2612 5119 ignominia
2669 5061 2851 5102 nostra
2897 5047 2958 5105 “‘.
2995 5048 3262 5104 Exaudiet
3306 5051 3450 5104 enim

1881 5154 1982 5195 nos
2020 5140 2065 5194 si
2095 5140 2453 5195 confiteantur
2489 5155 2686 5196 causas
2727 5156 2825 5196 cur
2867 5139 3104 5194 nomium
3145 5141 3450 5207 credamus,

233 5213 296 5306 εἰς
319 5215 373 5267 τὸ
398 5219 676 5274 πιστεύειν
702 5223 968 5294 χάρισμα,
993 5227 1175 5300 τρίτον
1204 5232 1355 5304 παρὰ
1387 5234 1465 5305 τῷ
1502 5234 1698 5306 Παύλῳ
1721 5237 1779 5289 ὲν

1895 5243 1936 5288 ιι
1967 5234 2120 5303 quasi
2147 5233 2288 5288 male
2320 5233 2528 5288 allectis
2553 5244 2716 5302 atque
2750 5232 2955 5286 medico
2985 5233 3269 5302 egentibus
3293 5248 3449 5302 opem

232 5301 293 5398 τις»
335 5310 614 5398 καταλόγῳ
667 5313 780 5367 τῶν
835 5319 1188 5388 χαρισμάτων
1235 5301 1584 5396 τεταγμένον,
1635 5301 1776 5398 μετὰ

232 5391 302 5485 τον
332 5397 422 5467 τῆς
465 5403 655 5470 σοφίας
699 5403 878 5472 λόγον,
915 5409 1008 5460 καὶ
1041 5409 1130 5462 τὸν
1162 5410 1262 5482 τῆς
1301 5391 1568 5479 συνέσεως
1596 5391 1775 5485 λόγον,

232 5479 294 5547 οἷς
317 5488 586 5563 ὲπιφέρεν
648 5496 862 5566 Ἐτέρῳ
906 5500 1110 5569 πίστις
1160 5479 1232 5557 ἐκ
1273 5506 1354 5573 τῷ
1392 5509 1554 5575 αὐτῷ

228 5593 368 5674 {latr
418 5587 546 5655 napi.
591 5582 653 5642 οὗ
707 5589 1045 5661 χαρίσματος
1103 5596 1198 5648 καὶ
1246 5598 1305 5653 ἐν
1353 5601 1532 5665 ἄλλοις
1581 5603 1773 5674 φησιν·

233 5670 327 5724 Ὅτι
356 5677 470 5730 ἀπὸ
505 5680 649 5734 Θεοῦ
696 5681 842 5752 ὑμῖν
883 5683 1194 5756 ἐχαρίσθη,
1241 5691 1314 5744 οὐ
1347 5693 1540 5760 μόνον
1581 5670 1653 5748 τὸ⁷
1688 5697 1778 5760 εἰς

1879 5323 2060 5379 ferens
2085 5323 2344 5379 Dominus
2367 5322 2745 5393 cooperabitur
2773 5323 2928 5378 nobis
2952 5325 3016 5377 ad
3042 5324 3451 5394 percipiendum

1882 5417 2079 5472 donum
2111 5417 2385 5481 credendi,
2422 5417 2582 5470 tertio
2604 5417 2724 5471 loco
2755 5417 2894 5484 apud
2931 5415 3161 5470 Paulum
3191 5420 3450 5488 positum,

1883 5511 2010 5563 dum
2043 5517 2289 5564 recenset
2316 5510 2486 5573 dona;
2517 5507 2770 5562 nimirum
2795 5517 2915 5577 post
2945 5510 3146 5563 donum
3173 5511 3453 5581 sapientia:

1883 5612 1936 5656 et
1974 5611 2098 5670 post
2145 5603 2343 5655 donum
2396 5600 2661 5665 scientiae,
2709 5602 2910 5666 quibus
2957 5601 3240 5671 subjungit
3285 5619 3302 5657 :
3345 5603 3452 5656 Atii

1889 5694 2020 5763 ﬁdes
2053 5709 2144 5762 per
2174 5693 2412 5746 eumdem
2436 5693 2680 5761 spiritum
2704 5693 2747 5726 ¹⁸
2773 5711 2788 5762 ;
2831 5693 2896 5749 de
2925 5709 3033 5765 quo
3063 5695 3205 5750 dono
3237 5704 3292 5750 et
3321 5694 3449 5750 alibi

286 5788 586 5884 τίμιοι-ειν,
610 5798 705 5884 μ.
782 5803 877 5836 ⁹·¹⁰
908 5803 928 5859 l
961 5805 1088 5862 Cor.
1113 5822 1154 5874 ι,
1188 5807 1240 5863 l.
1319 5810 1360 5843 “
1383 5810 1538 5869 Joan.
1565 5829 1674 5882 xw,
1702 5812 1792 5870 30.

1895 5818 1914 5848 ³
1935 5814 2094 5874 Joau.
2131 5830 2242 5879 un,
2271 5811 2360 5868 46.
2442 5814 2484 5846 ¹³
2519 5813 2539 5870 l
2569 5814 2726 5872 Joan.
2753 5830 2804 5884 ν,
2829 5816 2877 5870 l.
2957 5817 2998 5848 “
3019 5816 3220 5874 Jerem.
3251 5817 3451 5882 "1,25.

238 5857 270 5887 "
291 5858 306 5912 Ι
340 5863 457 5918 Cor.
495 5857 586 5934 xu,
610 5868 664 5925 9.

1403 6038 1440 6061 μ
