4082 6550
619 392 718 445 847

2065 395 2388 452 ORIGENIS

3733 399 3828 452 648

619 509 792 574 inquit
819 524 834 560 :
870 507 974 573 Qui
1000 525 1032 560 a
1061 507 1167 561 Deo
1195 509 1334 562 vobis
1354 507 1608 561 donatum
1634 518 1733 572 est,
1763 526 1869 563 non
1895 510 2066 564 solum
2114 521 2165 564 ut

2275 512 2530 579 Χριστὸν
2575 513 2911 575 πιστεύειν,
2963 513 3121 567 ἀλλὰ
3169 515 3266 566 καί
3330 515 3394 568 τὸ
3443 514 3598 583 ὑπὲρ
3651 518 3823 571 αὐτοῦ

617 616 673 653 tu
699 596 962 653 Christum
993 601 1238 659 credatis.
1266 615 1444 654 verum
1470 600 1628 652 etiam
1660 608 1717 653 ut
1744 615 1838 666 pro
1871 600 1980 669 ipso
2002 601 2175 667 patia-

618 691 749 742 mini
788 689 850 743 “.
885 690 1058 757 Atque
1081 691 1332 758 equidem
1369 691 1413 744 si
1446 691 1567 758 quis
1597 690 1884 744 eliicaciam
1918 693 2171 746 credendi

620 777 842 839 notarit,
876 779 1079 832 videbit
1107 778 1391 834 manifesto
1417 795 1522 832 nou
1552 780 1769 846 vulgare
1790 779 1952 850 350
1973 781 2171 833 donum

622 870 714 924 Dei
746 885 884 934 esse,
917 871 1061 939 quod
1112 871 1236 940 quis
1281 872 1468 925 credat
1498 871 1626 924 nulli
1661 871 1772 932 alii,
1817 882 2170 939 praeterquam

618 961 721 1013 soli
768 975 912 1024 vero,
966 962 1260 1028 praesertim
1309 977 1431 1014 cum
1482 961 1638 1030 plura
1683 963 1958 1030 dogmata,
2001 975 2172 1029 eaque

617 1056 768 1108 varia
802 1054 1142 1124 divulgentur
1178 1073 1208 1108 a
1249 1054 1430 1108 multis
1462 1070 1589 1108 vera
1620 1069 1679 1108 se
1705 1055 1899 1108 docere
1947 1052 2172 1121 promit-

620 1147 878 1200 teutihus.
915 1144 1028 1200 Hoc
1061 1145 1204 1198 enim
1229 1145 1340 1212 jam
1377 1147 1585 1213 probati
1617 1146 1781 1197 etiam
1825 1142 2170 1197 nummularii

617 1236 846 1290 cilicium
887 1246 989 1299 est,
1028 1251 1188 1304 quem
1235 1237 1278 1290 si
1321 1237 1444 1305 quis
1501 1237 1804 1305 perlectum
1861 1238 2170 1300 nominarit,

619 1329 761 1384 haud
789 1329 1102 1392 aberrahit;
1135 1343 1256 1381 cum
1306 1329 1472 1380 etiam
1516 1327 1570 1380 iu
1626 1327 1966 1382 Hebraeorum
2045 1325 2174 1396 Epi-

612 1421 746 1476 stola
768 1421 1029 1489 scriptum
1072 1419 1143 1472 sit
1176 1436 1189 1472 :
1227 1415 1587 1486 Perfectorum
1639 1429 1814 1472 autem
1852 1431 1927 1472 est
1970 1419 2170 1472 solidus

613 1511 783 1573 cibus,
814 1527 993 1579 nempe
1024 1511 1214 1563 horum
1251 1509 1342 1577 qui
1379 1519 1588 1576 prapter
1630 1512 2018 1565 assuetudinem
2055 1529 2171 1564 sen-

614 1619 703 1656 sus
725 1601 915 1655 habent
966 1601 1281 1655 exercitatos
1309 1599 1380 1652 ad
1413 1600 1776 1656 discretionem
1813 1604 1930 1656 boni
1975 1603 2172 1672 pariter

613 1709 661 1748 et
698 1695 824 1747 mali
853 1695 918 1747 ιτ.

683 1791 773 1845 27.
818 1791 919 1856 Qui
949 1808 1013 1845 ex
1055 1791 1164 1846 Deo
1202 1801 1300 1856 est,
1345 1791 1500 1844 verba
1532 1789 1628 1842 Dei
1669 1789 1864 1852 audit;
1896 1799 2167 1857 propterea

2272 599 2548 670 πάσχειν.
2596 603 2704 655 Καὶ
2763 603 2869 656 ἀπὸ
2914 603 3014 673 τῆς
3058 604 3331 673 ἐνεργείας
3372 605 3430 657 δὲ
3481 607 3824 676 ὲπιστήσαντι

2273 693 2438 759 σαφὲς
2470 692 2618 746 ἔσται
2657 694 2752 763 (4),
2789 695 2868 746 ὃτι
2901 696 2996 764 οὐχ
3031 696 3065 766 ἡ
3111 697 3348 766 τυχοῦσα
3383 696 3565 768 δωρεά
3593 700 3708 750 ὲστι
3740 699 3822 751 τοῦ

2271 783 2434 846 Θεοῦ,
2491 785 2746 837 πλειόνων
2806 786 3086 856 δογμάτων
3139 788 3410 860 διαφόρων
3466 791 3572 843 ὑπὸ
3631 791 3824 845 πολλῶν

2272 875 2691 945 κηρυσσομένων
2733 877 2839 929 τῶν
2882 878 3148 932 διδάσκειν
3184 880 3252 932 τά
3290 880 3463 951 ἀληθῆ
3504 882 3824 950 ἐπαγγελλο-

2274 967 2470 1036 μένων,
2527 967 2586 1020 τὸ
2640 967 2827 1037 μηδενὶ
2869 969 2901 1037 ἢ
2958 969 3105 1040 μόνῳ
3145 969 3222 1040 τῷ
3269 970 3460 1041 ἀληθεῖ
3516 972 3821 1028 πιστεῦσαι·

2269 1055 2425 1108 τοῦτο
2484 1056 2589 1128 γὰρ
2646 1057 2744 1126 ἤδη
2816 1058 2909 1112 καὶ
2984 1059 3205 1129 δοκίμου
3276 1061 3605 1131 τραπεζίτου
3676 1062 3823 1132 ἔργον

2268 1147 2541 1216 τυγχάνει,
2571 1148 2630 1201 ὃν
2665 1150 2865 1202 τέλειον
2905 1150 3182 1222 ὀνομάζων
3227 1152 3326 1205 οὐκ
3364 1153 3430 1206 ἂν
3472 1153 3708 1224 ἁμάρτοι
3732 1154 3820 1225 (5)·

2269 1236 2364 1288 καὶ
2392 1238 2448 1288 ἐν
2489 1240 2555 1308 τῇ
2600 1238 2736 1309 πρὸς
2796 1239 3074 1312 Ἑϐραίους
3127 1243 3512 1314 γεγραμμένου
3559 1245 3687 1297 τοῦ·
3736 1250 3822 1298 Τε-

2267 1328 2445 1380 λείων
2483 1327 2550 1382 δέ
2590 1329 2758 1383 ἐστιν
2803 1331 2841 1397 ἡ
2895 1331 3105 1399 στερεὰ
3147 1331 3357 1401 τροφὴ,
3413 1335 3534 1387 τῶν
3586 1334 3682 1388 διὰ
3719 1333 3822 1402 τὴν

2267 1419 2398 1483 ἕξιν
2433 1420 2503 1474 τὰ
2533 1423 2883 1490 αἰσθητήρια
2909 1427 3366 1496 γεγυμνασμένα
3389 1427 3659 1497 ἐχόντων
3683 1427 3823 1497 πρὸς

2268 1511 2565 1581 διάκρισιν
2590 1513 2778 1567 καλοῦ
2805 1531 2868 1568 τε
2892 1515 2989 1568 καί
3018 1515 3224 1572 κακοῦ.

2337 1751 2428 1841 27.
2479 1787 2531 1840 Ὀ
2574 1785 2659 1840 ὢν
2689 1787 2757 1841 ἐκ
2797 1786 2902 1842 τοῦ
2937 1787 3084 1842 Θεοῦ
3126 1790 3198 1844 τὰ
3241 1790 3477 1859 ῥήματα
3519 1791 3629 1845 τοῦ
3681 1794 3820 1847 Θεοῦ

611 1901 702 1938 σοι
752 1901 854 1938 non
899 1885 1117 1947 auditis,
1167 1887 1287 1953 quia
1327 1900 1391 1938 ea:
1428 1883 1535 1937 Deo
1565 1899 1669 1936 non
1701 1883 1821 1935 estis
1851 1882 1914 1935 “.
1949 1882 2050 1948 Qui
2082 1883 2163 1936 di-

2265 1878 2466 1932 ἀκούει
2488 1896 2502 1909 ·
2539 1879 2636 1932 διὰ
2664 1879 2836 1933 τοῦτο
2866 1880 3032 1949 ὑμεῖς
3062 1884 3172 1935 οὐκ
3199 1883 3466 1946 ἀκούετε,
3500 1884 3590 1936 ὅτι
3617 1884 3683 1937 ἐκ
3719 1884 3820 1938 τοῦ

611 1989 892 2029 versurum
919 1986 1234 2028 naturarum
1267 1975 1613 2029 introducunt
1641 1983 2024 2038 commentum,
2049 1973 2168 2042 qui-

612 2081 719 2136 que
753 2068 938 2120 dicunt
968 2066 1106 2121 lilios
1137 2067 1225 2120 Dei
1252 2075 1449 2120 natura
1478 2075 1532 2119 et
1559 2079 1590 2119 a
1629 2064 1801 2134 prima
1833 2064 2166 2118 institutione

614 2157 747 2212 tales
767 2158 1049 2220 exsistere,
1077 2171 1276 2226 eosque
1301 2154 1470 2210 solum
1494 2169 1722 2224 capaces
1744 2168 1866 2208 esse
1881 2154 2165 2208 verborum

613 2249 704 2304 Dei
740 2259 955 2318 propter
1005 2247 1382 2318 cognationem
1415 2261 1579 2315 quam
1615 2260 1734 2299 cum
1777 2242 1886 2318 Deo
1945 2243 2164 2306 habent,

611 2356 678 2393 ex
727 2339 828 2392 hoc
878 2340 1040 2394 etiam
1087 2339 1205 2392 loco
1257 2339 1574 2392 existimant
1625 2351 1684 2390 se
1739 2335 1971 2406 probare
2025 2335 2167 2405 quod

612 2430 990 2500 pr0posueriu-t
1020 2447 1034 2482 :
1074 2430 1174 2482 hoc
1206 2439 1484 2490 contextu,
1511 2443 1670 2497 quem
1703 2426 1974 2481 mordicus
1999 2428 2163 2480 etiam

612 2528 814 2584 tenent,
842 2519 893 2571 iu
917 2534 1068 2573 suam
1103 2519 1410 2586 opinionem
1447 2519 1726 2572 trahentes
1760 2517 1940 2580 rudes,
1971 2526 2025 2570 et
2048 2517 2166 2572 sine

604 2608 835 2678 judicio,
868 2626 966 2666 nec
998 2612 1236 2666 valentes
1265 2617 1592 2680 respondere
1622 2613 1687 2664 ad
1727 2609 2164 2681 probabilitatem

609 2703 902 2755 voluntatis
943 2711 1253 2766 contextus,
1303 2715 1475 2770 neque
1529 2702 1774 2756 videntes
1799 2702 1916 2770 ejus
1942 2700 2165 2756 solutio-

608 2808 728 2846 nem
761 2795 900 2848 huuc
948 2793 1000 2847 in
1045 2794 1259 2847 modum
1299 2808 1357 2846 se
1403 2793 1734 2848 habentem:
1769 2794 1825 2847 Si
1855 2793 2025 2862 palam
2055 2801 2162 2856 est,

608 2895 876 2954 quotquot
909 2896 1228 2953 receperunt
1273 2883 1450 2937 lucem
1489 2899 1691 2949 veram,
1744 2899 1864 2953 quae
1897 2885 2164 2938 illuminat

607 2992 824 3030 omnem
863 2976 1134 3030 hominem
1183 2977 1486 3030 venientem
1539 2976 1592 3028 in
1643 2976 1900 3030 mundum
1949 2975 2013 3039 “,
2058 2989 2162 3029 non

607 3066 732 3136 quia
766 3068 875 3120 sint
908 3081 976 3118 ex
1014 3065 1143 3131 Deo,
1188 3068 1460 3135 recepisse
1495 3081 1615 3120 eam
1658 3065 1802 3135 (nam
1849 3067 1892 3121 si
1933 3081 1998 3122 eo
2021 3067 2162 3137 quod

606 3164 788 3208 essent
823 3168 888 3208 es
920 3155 1050 3216 Deo,
1085 3154 1418 3223 recepissent
1447 3156 1614 3222 illam,
1650 3156 2064 3226 haudquaquam
2097 3159 2162 3213 de

606 3260 686 3299 eis
721 3245 980 3314 scriptum
1015 3244 1206 3298 luisset
1250 3263 1263 3293 :

605 3353 746 3399 eum,
770 3337 910 3389 dedit
931 3336 1007 3390 eis
1037 3337 1366 3390 credentibus
1393 3338 1450 3390 in
1480 3355 1664 3392 nomen
1689 3340 1823 3406 ejus,
1856 3350 2161 3405 potestatem

606 3437 661 3480 ut
695 3427 794 3496 ﬁlii
833 3428 923 3482 Dei
955 3429 1136 3494 ﬁerent
1157 3429 1250 3497 ὀ),
1279 3430 1442 3499 liquet
1468 3433 1633 3485 etiam
1664 3447 1758 3486 eos
1785 3433 1876 3502 qui
1906 3449 2009 3487 non
2043 3442 2163 3487 sunt

604 3535 671 3573 ex
702 3519 828 3585 Deo,
867 3529 1186 3589 potestatem
1224 3535 1328 3574 non
1363 3521 1566 3576 habere
1607 3524 1792 3594 aliquo
1829 3535 1988 3593 pacto
2024 3527 2163 3580 lilios

603 3608 700 3663 Dei
742 3608 881 3673 ﬁeri,
911 3621 1195 3680 antequam
1249 3611 1561 3679 acceperint
1601 3627 1783 3668 veram
1822 3615 2016 3669 lucem.
2055 3617 2163 3670 lino

605 3702 697 3771 qui
746 3704 1081 3772 acceperint,
1135 3718 1203 3756 ne
1254 3703 1350 3757 lilii
1397 3705 1614 3773 quidem
1663 3706 1752 3762 Dei
1789 3709 1964 3762 adhuc
2013 3719 2159 3774 sunt,

601 3797 716 3863 sed,
751 3811 814 3850 eo
842 3797 982 3865 quod
1028 3795 1340 3865 acceperint
1395 3796 1594 3862 lucem,
1642 3807 1968 3866 potestatem
2015 3800 2158 3854 acci-

602 3888 754 3957 piunt
785 3886 921 3940 lilius
955 3887 1047 3941 Dei
1079 3886 1219 3953 lieri,
1251 3895 1306 3940 et
1338 3896 1468 3939 tunc
1513 3900 1580 3939 ex
1625 3888 1732 3943 Deo
1766 3889 1954 3957 geniti,
1995 3889 2158 3942 etiam

602 3977 764 4033 verba
804 3979 896 4033 Dei
927 3981 1168 4044 audiunt,
1200 3995 1307 4034 non
1336 3982 1571 4051 amplius
1604 3989 1812 4034 tantum
1843 3981 2162 4050 simpliciter

603 4077 907 4139 credentes,
939 4075 1032 4128 sed
1063 4073 1172 4141 jam
1213 4076 1428 4129 acutius
1459 4090 1548 4130 res
1589 4077 1754 4132 divini
1800 4075 1978 4132 cultus
2005 4074 2163 4128 intel-

599 4167 850 4236 ligentes.
882 4167 1051 4220 Porro
1081 4166 1173 4236 qui
1202 4165 1508 4234 huiusmodi
1559 4184 1679 4225 esse
1719 4184 1825 4224 non
1863 4166 2161 4222 contende-

602 4260 734 4322 rint,
767 4273 867 4312 nec
894 4259 989 4312 lilii
1035 4257 1130 4312 Dei
1167 4259 1321 4326 liunt,
1355 4276 1451 4315 nec
1481 4268 1698 4315 suntex
1727 4274 1792 4314 eo
1839 4275 1854 4324 ;
1905 4268 1962 4311 et
2017 4259 2158 4311 hanc

599 4351 671 4404 ob
703 4365 923 4405 causam
966 4365 1139 4421 neque
1167 4352 1393 4406 audiunt
1425 4352 1589 4408 verba
1626 4350 1819 4420 ipsius,
1855 4363 2031 4418 neque
2069 4348 2154 4400 iu-

599 4441 845 4511 telligunt
879 4443 1208 4501 voluntatem
1241 4445 1452 4501 illorum
1482 4461 1496 4510 ;
1534 4445 1628 4500 sed
1660 4452 1882 4498 manent
1919 4442 1970 4495 iu
2011 4451 2157 4495 statu

597 4537 920 4606 praecedenti
951 4538 1096 4592 lilios
1127 4537 1218 4592 Dei
1255 4555 1270 4602 ;
1305 4550 1498 4606 nempe
1544 4535 1596 4590 in
1638 4543 1781 4590 statu
1809 4550 2021 4598 eorum,
2063 4534 2152 4604 qui
2185 4567 2229 4621 Ι)

597 4639 807 4682 tantum
845 4631 1204 4691 crediderunt,
1236 4629 1379 4684 servi
1412 4628 1526 4692 Dei,
1566 4642 1630 4682 eo
1662 4626 1807 4696 quod
1839 4629 2154 4696 acceperint

595 4716 873 4770 servitutis
900 4718 1145 4786 spiritum
1180 4718 1234 4770 in
1273 4718 1466 4770 timore
1512 4717 1580 4779 ²¹,
1621 4732 1724 4771 uec
1775 4716 2155 4772 contenderiut

593 4822 660 4862 eo
709 4808 1019 4878 procedere,
1048 4819 1102 4863 et
1131 4809 1414 4879 prolicere,
1449 4818 1509 4862 ut
1538 4810 1701 4862 etiam
1752 4808 2053 4877 adoptionis
2084 4809 2151 4862 li-

595 4899 786 4953 liorum
835 4900 1087 4968 spiritum
1141 4901 1475 4970 acciperent,
1538 4915 1634 4969 per
1692 4916 1852 4970 quem
1914 4900 2154 4955 clamant

596 4991 743 5043 illum
778 4990 1058 5056 habentes,
1089 4992 1235 5045 Abba
1263 5001 1436 5060 pater.
1468 4991 1620 5058 Quod
1667 4993 1811 5046 enim
1847 4991 2150 5061 generatim

596 5081 770 5135 nullus
800 5083 959 5137 homo
990 5085 1058 5137 ab
1089 5083 1244 5138 initio
1269 5085 1338 5138 sit
1367 5083 1508 5140 [ilius
1537 5083 1655 5148 Dei,
1685 5082 1860 5151 palam
1907 5091 1992 5136 est
2037 5091 2150 5136 tum

593 5186 662 5225 ex
695 5172 797 5224 hoc
823 5172 966 5227 dicto
993 5175 1037 5205 ²¹
1065 5193 1079 5229 :
1113 5176 1339 5229 Eramus
1366 5187 1560 5230 natura
1598 5173 1698 5242 ﬁlii
1733 5175 1849 5236 iraz,
1877 5172 2036 5243 351
2072 5172 2147 5242 (id

592 5263 734 5332 quod
785 5262 981 5320 Paulus
1025 5268 1191 5321 etiam
1243 5269 1311 5322 de
1351 5270 1527 5336 seipsu
1557 5265 1736 5334 dixit),
1785 5273 1893 5318 tum
1925 5280 1991 5320 ex
2034 5278 2143 5320 eo:

594 5355 708 5426 ligo
737 5368 910 5411 autent
939 5359 1055 5414 dico
1083 5360 1222 5413 vobis
1250 5373 1268 5411 :
1309 5359 1524 5430 Diligile
1568 5359 1809 5413 inimicos
1851 5367 2067 5423 vestros,
2095 5366 2145 5416 el

667 5488 926 5558 "Philip.
961 5507 1001 5552 ι,
1041 5491 1132 5549 29.
1213 5494 1255 5524 "'
1284 5491 1446 5548 Hebr.
1492 5507 1546 5555 v,
1592 5491 1679 5545 14.
1759 5489 1982 5546 “Joan.
2009 5505 2131 5558 vtu,
2168 5490 2258 5546 47.

593 5557 638 5588 ⁸¹
665 5557 957 5628 Epheth,
984 5561 1041 5614 3.

663 5679 738 5749 (4)
777 5679 958 5734 Codex
985 5678 1202 5746 Regius,
1227 5690 1533 5749 perperam,
1559 5676 1792 5749 ἔσεσθαι.

661 5747 737 5812 (3)
769 5750 950 5802 Codex
974 5749 1192 5816 Regius,
1220 5747 1378 5809 male,
1411 5747 1785 5816 ἀμαρτήσατε.

662 5821 820 5888 {(3)01
846 5819 958 5886 τὴν
985 5812 1115 5883 περὶ
1144 5812 1463 5884 διαφόρων,
1498 5812 1989 5870 οἰο.’νιιιειιιίηἰίιηῑ
2034 5813 2141 5868 sci-

2269 1968 2417 2022 Θεοῦ
2445 1969 2555 2022 οὐκ
2579 1967 2739 2023 ἐστέ.
2781 1969 3035 2023 Δοκοῦσιν
3079 1971 3128 2023 οἱ
3167 1970 3262 2040 τὴν
3302 1972 3429 2041 περὶ
3457 1972 3723 2044 διαφόρων
3753 1971 3822 2044 (6)

2267 2061 2480 2130 φύσεων
2527 2061 2834 2130 εἰσάγοντες
2885 2062 3220 2133 μυθοποιίαν,
3259 2065 3352 2117 καὶ
3396 2064 3646 2132 λέγοντες
3692 2063 3823 2119 εἶναι

2267 2152 2423 2220 φύσει
2462 2155 2554 2207 καὶ
2597 2155 2660 2206 ὲκ
2697 2153 2917 2226 πρώτης
2948 2156 3286 2225 κατασκευῆς
3316 2156 3467 2219 υἱοὺς
3505 2158 3640 2211 Θεοῦ
3673 2158 3822 2228 μόνον

2264 2246 2351 2298 διὰ
2386 2245 2447 2298 τὸ
2475 2245 2609 2316 πρὸς
2638 2245 2768 2298 Θεὸν
2799 2247 3052 2313 συγγενὲς
3099 2246 3378 2311 δεκτικοὺς
3412 2248 3522 2302 τῶν
3559 2249 3652 2303 τοῦ
3693 2250 3820 2305 Θεοῦ

2268 2337 2550 2409 ῥημάτων,
2582 2337 2674 2390 καὶ
2705 2337 2950 2390 ἐντεῦθεν
2982 2338 3357 2392 ἀποδεικνύναι
3384 2340 3444 2392 τὸ
3468 2341 3823 2412 προκείμενον

2265 2430 2464 2492 αὐτοῖς.
2510 2429 2914 2500 Συναρπάζουσί
2959 2429 3023 2497 γέ
3065 2447 3146 2483 τοι
3199 2431 3293 2484 καὶ
3341 2432 3450 2484 ἀπὸ
3503 2434 3688 2485 τούτου
3732 2429 3822 2486 τοῦ

2266 2519 2428 2592 ῥητοῦ
2461 2520 2959 2592 προσδιατρίϐοντες
2998 2520 3146 2590 αύτῷ
3177 2523 3302 2585 τοὺς
3337 2523 3595 2594 ἀκρίτους
3623 2525 3714 2577 καὶ
3753 2522 3824 2594 μὴ

2264 2612 2586 2682 δυναμένους
2622 2611 2756 2682 πρὸς
2791 2610 2888 2682 τὴν
2926 2610 3254 2682 πιθανότητα
3295 2615 3393 2683 τῆς
3447 2617 3691 2685 χρήσεως
3731 2615 3821 2668 τοῦ

2266 2702 2430 2775 ῥητοῦ
2486 2703 2762 2772 ἀπαντᾷν,
2813 2701 2945 2771 μηδὲ
2991 2700 3282 2771 βλέποντας
3327 2703 3494 2756 αὑτοῦ
3536 2705 3632 2774 τὴν
3678 2705 3824 2759 λύσιν

2263 2794 2436 2857 οὕτως
2475 2793 2726 2864 ἔχουσαν·
2764 2793 2937 2863 Εἴπερ
2982 2794 3094 2846 ὅσοι
3143 2794 3329 2847 ἔλαϐον
3367 2795 3428 2848 τὸ
3471 2796 3586 2864 φῶς
3612 2797 3670 2849 τὸ
3699 2797 3823 2866 ἀλη-

2265 2884 2425 2945 θινὸν,
2461 2884 2490 2937 δ
2521 2883 2740 2952 φωτίζει
2777 2885 2951 2936 πάντα
2987 2883 3269 2955 ἄνθρωπον
3311 2887 3604 2957 ἐρχόμενον
3631 2888 3709 2950 είς
3736 2887 3822 2939 τὸν

2264 2976 2485 3044 κόσμον,
2509 2975 2569 3027 ού
2594 2973 2671 3043 τῷ
2691 2969 2829 3027 εἶναι
2853 2974 2946 3026 καὶ
2974 2975 3037 3027 ὲκ
3056 2973 3148 3026 τοῦ
3185 2974 3319 3026 Θεοῦ
3352 2974 3636 3046 εἰλήφασιν
3663 2975 3788 3028 αὑτό
3805 2992 3817 3003 ·

2266 3067 2344 3136 (εί
2379 3065 2487 3136 γὰρ
2513 3063 2589 3134 τῷ
2623 3059 2761 3116 εἶναι
2789 3066 2852 3116 ὲκ
2884 3063 2976 3116 τοῦ
3011 3063 3144 3116 Θεοῦ
3189 3064 3503 3134 είλήφεισαν
3545 3065 3694 3129 αὐτὸ,
3725 3067 3824 3119 οὐκ

2263 3155 2328 3208 ἂν
2351 3156 2477 3226 περὶ
2506 3154 2682 3207 αὐτῶν
2721 3152 3127 3226 ἀνεγέγραπτο·
3165 3155 3326 3207 Ὅσοι
3371 3154 3438 3206 δὲ
3475 3157 3692 3209 ἔλαϐον
3716 3159 3822 3210 αὑ-

1317 3245 1584 3317 ριιοιᾳιιοι
1635 3259 1812 3301 autem
1863 3261 2160 3317 receperunt

2266 3247 2389 3309 τὸν,
2446 3245 2665 3299 ἔδωκεν
2721 3244 2922 3310 αὐτοῖς
2960 3244 3246 3308 ἐξουσίαν
3292 3244 3474 3297 τέκνα
3528 3245 3675 3300 Θεοῦ
3726 3263 3820 3317 τε·

2263 3337 2489 3399 νέσθαι,
2536 3336 2658 3402 τοῖς
2702 3336 3092 3388 πιστεύουσιν
3125 3336 3212 3399 είς
3250 3334 3315 3387 τὸ
3353 3335 3540 3404 ὄνομα
3575 3337 3819 3398 αὐτοῦ’)

2261 3427 2435 3498 δῆλον,
2467 3427 2546 3479 ὅτι
2573 3427 2621 3478 oi
2660 3427 2734 3496 μὴ
2765 3425 2915 3488 ὄντες
2949 3425 3012 3478 ἐκ
3037 3423 3131 3476 τοῦ
3163 3423 3318 3488 Θεοῦ,
3355 3427 3484 3496 πρὶν
3521 3427 3616 3497 μὲν
3643 3428 3821 3480 λαϐεῖν

2261 3524 2320 3576 τὸ
2363 3523 2644 3594 ἀληθινὸν,
2683 3523 2802 3576 οὐδὲ
2849 3521 3094 3586 ἐξουσίαν
3133 3539 3250 3584 πως
3298 3521 3480 3590 ἔχουσι
3522 3521 3612 3576 τοῦ
3659 3525 3816 3578 τέκνα

2262 3617 2394 3670 Θεοῦ
2433 3608 2708 3684 γενέσθαιο
2759 3616 2894 3668 ὲπάν
2938 3616 2994 3669 δὲ
3036 3616 3271 3670 λάϐωσιν
3318 3618 3472 3680 αὐτὸ,
3514 3617 3676 3669 τέκνα
3722 3617 3820 3686 μὲν

2259 3707 2467 3759 οὐδέπω
2495 3707 2728 3774 γίνονται
2752 3703 2906 3766 Θεοῦ,
2932 3704 3043 3757 ἀλλ’
3071 3703 3317 3768 ἐξουσίαν
3347 3703 3699 3773 λαμϐάνουσι,
3733 3701 3821 3755 διά

2259 3795 2349 3848 τοῦ
2373 3795 2646 3864 είληφέναι
2670 3794 2730 3846 τὸ
2759 3794 2891 3862 φῶς,
2923 3791 3172 3860 γενέσθαι
3204 3793 3366 3845 τέκνα
3389 3793 3545 3846 Θεοῦ.
3574 3793 3705 3844 Τότε
3727 3808 3819 3860 γε-

2261 3888 2470 3957 νόμενοι
2499 3887 2562 3938 ὲκ
2587 3885 2678 3938 τοῦ
2711 3884 2866 3947 Θεοῦ,
2905 3885 2998 3937 καὶ
3032 3883 3100 3936 τὰ
3142 3884 3359 3954 ῥήματα
3390 3884 3680 3936 ἀκούουσιν
3721 3881 3818 3935 αὑ·-

2258 3977 2374 4042 τοῦ,
2431 3977 2610 4030 οὐκέτι
2660 3975 3020 4047 ἁπλούστερον
3075 3976 3420 4038 πιστεύοντες
3469 3975 3658 4045 μόνον,
3705 3971 3816 4026 ἀλλ’

2259 4069 2360 4140 ἤδη
2394 4070 2487 4121 καὶ
2525 4065 2966 4138 διορατικώτερον
2996 4066 3383 4130 κατανοοῦντες
3414 4065 3484 4119 τά
3511 4067 3607 4135 τῆς
3642 4064 3817 4118 θεοσε-

2261 4162 2409 4224 ϐείας
2454 4161 2768 4232 πράγματα.
2829 4161 2890 4213 Οἱ
2943 4158 3016 4230 μὴ
3067 4159 3297 4213 τοιοῦτοι
3339 4157 3818 4227 φιλοτιμησάμενοι

2259 4250 2392 4307 εἶναι
2417 4254 2580 4306 τέκνα
2616 4254 2710 4323 μὲν
2741 4253 2802 4305 οὐ
2842 4251 3076 4318 γίνονται
3095 4250 3252 4312 Θεοῦ,
3279 4250 3400 4302 οὐδὲ
3431 4250 3496 4301 ἐκ
3528 4249 3621 4301 τοῦ
3651 4247 3812 4300 Θεοῦο

2259 4349 2352 4402 καὶ
2383 4345 2470 4400 διὰ
2503 4346 2658 4399 τοῦτο
2697 4347 2798 4398 οὐκ
2828 4342 3173 4398 ἀκούουσιτά
3209 4343 3429 4414 ῥήματα
3467 4339 3652 4403 αὐτοῦ,
3696 4339 3816 4392 οὐδὲ

2259 4439 2471 4493 συνίασι
2513 4436 2607 4491 τοῦ
2648 4437 2983 4507 βουλήματος
3021 4433 3198 4486 αὐτῶν
3222 4451 3235 4464 ο
3291 4433 3512 4503 μένουσι
3549 4432 3604 4484 δὲ
3653 4433 3710 4484 ὲν
3749 4433 3812 4500 τῇ

2258 4531 2363 4603 πρὸ
2397 4530 2504 4584 τῶν
2535 4531 2609 4600 (7)
2633 4529 2836 4582 τέκνων
2869 4527 2960 4581 τοῦ
3003 4525 3138 4578 Θεοῦ
3183 4527 3534 4589 καταστάσει,
3571 4524 3678 4577 τῶν
3719 4541 3816 4575 πε-

2262 4622 2630 4676 πιστευκότων
2678 4621 2857 4691 μόνον,
2901 4617 3075 4671 δοῦλοι
3117 4617 3274 4681 Θεοῦ,
3315 4616 3394 4686 τῷ
3433 4616 3707 4685 είληφέναι
3752 4612 3814 4666 τὸ

2257 4712 2358 4782 τῆς
2396 4711 2634 4773 δουλείας
2677 4711 2758 4772 είς
2807 4707 2966 4777 φόϐον
3013 4706 3249 4776 πνεῦμα,
3297 4707 3391 4758 καὶ
3434 4705 3508 4774 μὴ
3545 4703 3810 4755 ἐσπουδα-

2258 4805 2408 4859 κέναι
2456 4802 2721 4875 προϐἧναι
2771 4801 2864 4854 καὶ
2919 4799 3220 4872 προκόψαι,
3267 4797 3407 4850 ὥστε
3455 4797 3545 4850 καὶ
3599 4795 3660 4848 τὸ
3710 4795 3809 4863 τῆς

2257 4895 2523 4960 υἱοθεσίας
2555 4894 2820 4967 χωρῆσαι,
2851 4893 2907 4946 ὲν
3011 4891 3303 4963 κράξουσιν
3335 4890 3384 4941 οἱ
3419 4888 3627 4959 ἔχοντες
3658 4884 3811 4947 αὐτὸ,

2271 4989 2434 5043 Ἄϐϐὰ
2459 4991 2491 5042 ὁ
2518 4985 2729 5054 πατήρ.
2773 4987 2891 5038 Ὅτι
2917 4984 3024 5054 γὰρ
3059 4982 3284 5036 καθόλου
3322 4981 3494 5043 οὐδεὶς
3515 4977 3812 5049 ἀνθρώπων

2256 5080 2491 5154 ἀρχῆθεν
2544 5078 2654 5141 υἱός
2706 5079 2821 5129 ἐστι
2869 5075 3035 5138 Θεοῦ,
3083 5073 3237 5143 δῆλον
3290 5073 3386 5143 μὲν
3425 5073 3520 5126 καὶ
3570 5073 3632 5123 ὲκ
3676 5067 3808 5122 τοῦ’

2260 5175 2473 5242 Ἦμεθα
2497 5169 2676 5223 τέκνα
2711 5169 2889 5238 φύσει
2919 5165 3118 5236 ὀργῆς,
3152 5164 3363 5219 Παύλου
3405 5165 3499 5218 καὶ
3535 5164 3661 5234 περὶ
3686 5163 3810 5216 ἐαυ-

2250 5264 2345 5318 τοῦ
2368 5263 2524 5317 τοῦτο
2546 5261 2850 5333 εἰρηκότος·
2898 5257 3064 5326 σαφὲς
3101 5257 3156 5310 δὲ
3186 5259 3278 5310 καὶ
3318 5259 3383 5310 ὲκ
3411 5256 3531 5310 τοῦ·
3575 5252 3716 5323 Ἐγὼ
3743 5250 3810 5304 δὲ

2251 5355 2405 5426 λέγω
2459 5353 2626 5424 ὑμῖν·
2695 5348 3056 5420 Ἄγαπήσατε
3129 5347 3379 5417 ἐχθροὺς
3439 5345 3641 5416 ὑμῶν,
3709 5341 3808 5397 καὶ

2367 5487 2594 5544 "Joan.
2642 5502 2684 5552 ι,
2713 5484 2767 5539 9.
2842 5482 3048 5538 "ibid.
3095 5480 3188 5538 l2.
3277 5481 3324 5514 "
3350 5479 3507 5536 Rom.
3561 5488 3679 5541 vut,
3709 5472 3802 5529 i5.

2250 5674 2400 5810 ne?)
2429 5743 2606 5799 Codex
2649 5744 2866 5812 Regius.
2890 5739 3139 5812 πρώτων,
3186 5751 3240 5796 et
3286 5739 3444 5811 paulo
3476 5747 3610 5809 post,
3641 5753 3803 5792 κατα·

2256 5815 2422 5885 σταθῇ
2451 5832 2544 5884 pro
2569 5815 2912 5866 καταστάσει.
