4082 6536
260 326 340 382 tuo
1290 321 1650 380 εοιιιιεΝτ.
1696 321 1762 378 IN
1801 322 1993 379 JOAN.
2036 323 2278 380 TOMUS
2315 324 2435 383 xx.
2659 319 2663 323 '
3384 338 3493 396 om
3594 334 3602 338 ·

260 446 637 518 προσεύχεσθε
680 446 832 516 ὑπὲρ
879 445 999 502 τῶν
1037 447 1376 503 διωκόντων
1418 446 1579 519 ὑμᾶς
1595 491 1610 515 ,
1650 449 1810 515 ὅπως

1917 456 2060 500 orate
2103 463 2197 516 pro
2239 444 2665 515 persequantth
2725 466 2834 515 vos,
2890 461 2945 506 ιιι
2995 453 3113 509 sitis
3154 455 3255 525 ﬁlii
3309 453 3493 514 Putris

260 540 479 610 meos
509 538 635 593 υἱοί
675 538 782 595 τοῦ
812 539 1044 609 Πατρός
1073 540 1241 612 ὑμῶν
1273 543 1381 597 τοῦ
1407 543 1478 597 ἐν
1502 540 1800 611 οὐρανοῖς.

259 633 304 685 ΕΞ
330 632 424 702 γὰρ
462 629 677 694 Παῦλος
708 631 867 702 φύσει
898 632 1068 704 ὀργῆς
1102 633 1235 701 υίὸς,
1277 631 1360 695 τίς
1391 633 1535 705 ὑπὲρ
1568 633 1803 712 Παῦλον,

258 724 356 777 ὅσον
375 722 462 776 ἐπὶ
497 725 564 794 τῇ
612 726 945 796 κατασκευῇ,
972 722 1074 779 οὐκ
1103 723 1275 797 ὀργῆς
1308 724 1440 791 υίὸς,
1476 724 1584 797 πρὸ
1599 724 1691 779 τοῦ
1712 725 1807 779 λα-

257 815 348 869 σεῖν
366 814 608 883 ἐξουσίαν
652 814 942 887 τέκνα’(7·)
966 815 1102 871 Θεοῦ
1125 816 1407 886 γενέσθαί,
1442 818 1539 872 καὶ
1571 817 1678 890 πρὸ
1708 817 1804 872 τοῦ

255 908 410 963 τέκνον
440 908 694 977 γενέσθαι
721 907 860 962 Θεοῦ
884 925 900 975 ;
934 911 1046 965 Καὶ
1070 912 1120 964 εί
1144 910 1244 964 οὐκ
1278 910 1453 976 ἄλλως
1485 910 1693 980 γίνεταί
1718 928 1804 977 τις

255 1000 348 1064 υίὸς
375 999 463 1054 τοῦ
488 1000 547 1053 ἐν
574 1001 822 1071 οὐρανοῖς
846 1000 1079 1074 Πατρδς,
1111 1002 1147 1074 ἢ
1184 1005 1248 1057 ἐκ
1284 1003 1379 1058 τοῦ
1422 1005 1646 1077 ἀγαπᾷν
1675 1006 1804 1070 τοὺς

256 1093 447 1167 ἐχθροὺς
474 1094 693 1158 ἑαυτοῦ,
719 1095 813 1149 καὶ
842 1097 1242 1170 προσεύχεσθαι
1270 1098 1411 1170 ὑπὲρ
1441 1097 1554 1152 τῶν
1578 1098 1803 1154 διωκόν-

253 1204 341 1240 των
375 1186 553 1251 αὐτὸν,
580 1187 764 1258 δῆλον,
807 1188 890 1243 ὅτι
927 1188 1102 1254 οὐδεὶς
1133 1189 1211 1261 τῷ
1247 1189 1409 1259 φύσει
1452 1184 1592 1246 εἶναι
1619 1191 1685 1245 ἐκ
1707 1190 1802 1246 τοῦ

252 1278 383 1344 Θεοῦ,
409 1278 474 1333 τὰ
506 1280 731 1352 ῥήματα
772 1280 868 1335 τοῦ
899 1281 1036 1339 Θεοῦ
1082 1280 1290 1347 ἀκούει,
1336 1281 1471 1339 ἀλλά
1513 1283 1590 1355 τῷ
1620 1282 1805 1338 λαϐεῖν

253 1371 468 1437 ἐξουσίαν
513 1373 707 1429 τέκνον
748 1372 885 1429 Θεοῦ
931 1372 1208 1443 γενέσθαι,
1259 1375 1354 1430 καὶ
1395 1376 1693 1449 κεχρῆσθαι
1727 1379 1806 1441 είς

252 1459 694 1533 ἅοντῇέξουσίᾳ,
739 1461 836 1519 καὶ
862 1460 941 1534 τῷ
986 1462 1337 1535 ἠγαπηκέναι
1381 1466 1507 1529 τοὺς
1551 1466 1804 1537 ἐχθροὺς.

254 1554 333 1608 καὶ
359 1554 753 1625 προσεύχεσθαι
778 1556 919 1627 ὑπὲρ
958 1554 1067 1610 τῶν
1099 1554 1540 1628 ἐπηρεαζόντων,
1575 1558 1802 1629 γενόμε-

253 1645 436 1710 νοςυῖὺς
448 1644 542 1699 τοῦ
577 1646 640 1700 ἐν
664 1644 915 1717 οὐρανοῖς
937 1645 1173 1717 Πατρὸς,
1194 1646 1315 1702 τότε
1339 1647 1458 1701 ἐστὶ
1490 1650 1585 1703 καὶ
1614 1650 1678 1703 ἐκ
1712 1648 1802 1703 τοῦ

253 1737 383 1798 θεοῦ,
406 1738 497 1791 καὶ
524 1737 593 1792 τὰ
636 1739 855 1810 ῥήματα
887 1738 980 1792 τοῦ
1000 1737 1136 1792 Θεοῦ
1162 1737 1372 1804 ἀκούει,
1414 1741 1611 1805 συνιεὶς
1628 1742 1804 1795 αὐτῶν

253 1830 332 1884 καὶ
353 1831 654 1901 ἐπιστήμην
673 1831 854 1885 αὐτῶν
869 1831 1282 1902 ἀναλαμϐάνων
1304 1833 1441 1905 ὅπερ
1458 1833 1587 1887 mox)
1608 1835 1669 1888 οὐ
1696 1834 1810 1888 δού-

254 1921 440 1991 λων(8),
456 1921 596 1976 ἀλλά
614 1923 820 1978 τέκνων
841 1922 955 1977 ἐστὶ
973 1922 1129 1987 Θεοῦ,
1152 1922 1261 1977 τῶν
1294 1925 1472 1978 πᾶσαν
1490 1926 1587 1996 μὲν
1605 1942 1808 1998 καταρ-

252 2014 504 2083 γησάντων
539 2016 782 2083 γένεσιν,
823 2015 922 2086 τὴν
949 2016 1006 2069 δὲ
1030 2016 1137 2070 ἀπὸ
1166 2016 1301 2071 Θεοῦ
1331 2017 1697 2089 ἀνειληφότων
1719 2018 1808 2072 διὰ

257 2105 330 2157 τοῦ
351 2105 441 2175 τῆς
487 2106 771 2170 υἱοθεσίας
807 2105 1137 2177 πνεύματος.
1176 2109 1328 2180 Ἅμα
1363 2109 1421 2162 δὲ
1457 2108 1809 2180 ἐπιμελέστε-

257 2212 332 2267 ρον
368 2197 729 2269 κατανοητέον
774 2197 892 2262 πῶς
926 2198 1006 2253 δεῖ
1045 2198 1295 2271 δέχεσθαι
1318 2198 1405 2252 τό·
1448 2199 1527 2254 Τὰ
1568 2198 1810 2269 ῥήματα

257 2288 343 2343 τοῦ
375 2288 516 2344 Θεοῦ
561 2290 808 2345 ἀκούει’
843 2282 888 2360 ᾧ
913 2290 1097 2362 ὅμοιόν
1144 2291 1262 2344 ἐστι
1302 2289 1398 2345 καὶ
1441 2290 1533 2345 τόο
1586 2291 1662 2347 Τὰ
1697 2290 1810 2362 ἐμὰ

252 2382 487 2448 πρόϐατα
519 2381 640 2450 τῆς
669 2381 824 2451 ἐμῆς
866 2381 1073 2453 φωνῆς
1116 2384 1427 2439 ἀκούουσι.
1467 2384 1531 2438 El
1565 2384 1674 2457 γὰρ
1716 2386 1809 2438 ἐπὶ

252 2471 389 2546 ψιλῆς
435 2474 894 2544 συγκαταθέσεως
948 2473 1044 2541 τό,
1088 2476 1334 2531 ἀκούειν
1373 2476 1472 2549 (9),
1515 2475 1806 2548 λάϐοιμεν,

253 2568 334 2620 καὶ
361 2570 405 2621 οἱ
432 2568 656 2640 ψυχικοὶ
686 2566 800 2638 (l0)
835 2567 970 2640 πρὸς
998 2567 1188 2639 χρόνον
1216 2569 1564 2632 πιστεύοντες
1594 2569 1808 2622 ἔσονται

252 2655 309 2707 ἐκ
339 2655 421 2709 τοῦ
468 2655 630 2721 Θεοῦ,
683 2656 1168 2728 μεμαρτυρημένοι
1204 2657 1310 2713 ὑπὸ
1346 2658 1441 2712 τοῦ
1491 2658 1687 2728 Λόγου,
1728 2658 1810 2713 ὅτι

253 2744 368 2819 πρὸς
413 2748 600 2820 καιρόν
654 2765 801 2811 τινες
865 2748 1244 2803 πιστεύουσιν·
1307 2754 1355 2804 εί
1409 2750 1465 2804 δὲ
1526 2748 1669 2805 κατά
1724 2749 1805 2816 τὸ,

251 2838 450 2903 ἀκούει,
473 2832 805 2912 ἐκλαϐοιμεν
836 2842 930 2895 ἐπὶ
970 2842 1065 2897 τοῦ
1094 2845 1281 2916 τηρεῖν
1319 2843 1419 2909 τὰς
1448 2843 1688 2910 ἐντολὰς,
1715 2830 1810 2917 δῆὲ

251 2929 346 2994 λον,
374 2933 467 2995 ὅτι,
501 2933 607 2987 κάν
647 2934 732 2987 ἐνὶ
766 2934 1115 3007 ἁμαρτάνων,
1162 2937 1263 2989 οὐκ
1290 2935 1443 2990 ἔσται
1475 2936 1590 3001 υἱός
1634 2936 1769 2991 Θεοῦ
1790 2954 1805 2969 ·

251 3023 369 3095 ὅπερ
395 3026 537 3095 ἡμᾶς
586 3025 687 3096 μὲν
720 3026 783 3079 οὐ
822 3024 998 3096 θλίψει
1037 3028 1165 3091 τοὺς
1194 3025 1450 3097 λέγοντας
1483 3029 1546 3082 ἐκ
1581 3028 1811 3100 μεταϐο-
1850 3092 1853 3095 λ

252 3112 336 3182 λῆς
361 3114 593 3182 γίνεσθαί
631 3132 757 3169 τινα
803 3115 917 3169 υίὸν
957 3116 1119 3179 Θεοῦ,
1157 3116 1398 3181 ἐκείνους
1437 3118 1495 3171 δὲ
1546 3118 1620 3190 μὴ
1665 3118 1806 3172 πάνυ
1835 3151 1880 3212 C

252 3200 399 3267 ἲεῖξαι
427 3206 760 3280 δυναμένους
805 3209 1222 3280 ἀναμαρτήτους
1270 3210 1517 3274 ἑαυτοὺς,
1551 3210 1645 3265 καὶ
1683 3213 1809 3276 τοὺς

252 3300 303 3349 ἐν
330 3301 425 3362 τοῖς
456 3301 643 3364 αὐτοῖς
679 3299 989 3372 μαθήμασι.
1033 3302 1095 3354 El
1139 3300 1194 3354 δὲ
1223 3300 1306 3365 τὸ,
1342 3303 1567 3367 ἀκούει,
1599 3302 1810 3374 λαμδά-

253 3406 411 3459 νοιμεν
439 3391 529 3446 ἐπὶ
555 3392 654 3446 τοῦ
684 3392 945 3457 συνιέναι,
981 3396 1072 3448 καὶ
1104 3399 1264 3461 νοεῖν,
1295 3396 1659 3451 δεικνύτωσάν
1689 3414 1810 3450 τινα

255 3480 440 3534 πάντων
484 3483 760 3540 ἀκούοντα
803 3485 975 3551 οὕτως
1018 3488 1126 3542 τῶν
1162 3489 1261 3559 τῆς
1297 3490 1504 3560 Καινῆς
1537 3488 1813 3560 Διαθήκης

252 3573 419 3642 λόγων,
450 3577 537 3632 ἵνα
562 3577 773 3632 ἐκεῖνον
820 3578 932 3650 (Η)
982 3580 1225 3652 εἴποιμεν
1268 3579 1383 3634 υἱόν
1433 3580 1591 3646 Θεοῦ,
1642 3581 1690 3633 εἰ
1736 3582 1810 3650 μὴ

254 3662 518 3735 ἑπιδέχοιτο
562 3669 884 3741 ἀνατροπὴν
929 3672 1009 3733 εἰς
1048 3670 1116 3723 τὰ
1155 3672 1288 3741 ἅγια
1320 3672 1623 3743 γράμματα
1654 3672 1688 3741 ἡ
1723 3672 1813 3723 ἐκ-

254 3755 358 3829 δῠχὴ
386 3760 547 3815 αὐτοῦ
573 3778 587 3791 ·
618 3763 786 3832 ἡμεῖς
823 3761 929 3833 γὰρ
967 3762 1062 3815 καὶ
1093 3764 1235 3816 κατά
1269 3764 1443 3817 ταῦτα
1486 3763 1659 3835 μέγαν
1688 3764 1813 3817 τινὰ

254 3849 331 3901 καὶ
354 3851 662 3924 θαυμαστὸν
692 3849 832 3907 εἶναι
861 3854 1251 3925 φανταζόμενοι
1275 3855 1366 3909 τόν
1387 3856 1489 3928 ήδη
1512 3858 1625 3911 υίὸν
1649 3856 1809 3920 Θεοῦ,

254 3941 333 3994 οὐκ
357 3944 800 4017 ἐλεγχθησόμεθα
840 3944 1073 4011 ἀναξίως
1101 3946 1209 4000 τῶν
1239 3949 1303 4000 ἐκ
1330 3947 1423 4001 τοῦ
1450 3947 1587 4001 Θεοῦ
1617 3948 1814 4020 ἐξειλη-

256 4034 389 4099 φότες
410 4036 470 4089 τό
488 4053 502 4067 ’
542 4037 599 4090 '0
634 4034 725 4089 ὢν
761 4036 833 4090 ἐκ
860 4037 965 4092 τοῦ
994 4037 1140 4092 Θεοῦ
1178 4039 1250 4093 τὰ
1266 4037 1508 4109 ῥήματα
1534 4038 1639 4093 τοῦ
1663 4038 1812 4094 Θεοῦ

254 4124 443 4181 ἀλιούει.
478 4127 622 4198 Ἤδη
652 4127 714 4181 δὲ
745 4129 839 4181 καὶ
866 4129 931 4181 ἐκ
958 4127 1067 4181 τῶν
1108 4128 1363 4183 ἐναντίων
1413 4128 1714 4202 παράδοξον
1748 4130 1813 4184 ἄν

256 4232 295 4267 τι
313 4218 463 4285 φανὲν
492 4218 889 4289 ἀποδειχθῆναι
920 4218 1143 4272 δυνατὸν
1177 4218 1347 4274 ἔσται.
1381 4219 1445 4272 Τί
1476 4220 1532 4274 δὲ
1556 4220 1616 4274 τὸ
1638 4221 1813 4292 παρά-

253 4305 425 4379 δοξονῆ
453 4309 514 4362 τὸ
546 4308 691 4363 εἷναί
734 4325 861 4362 τινα
908 4308 1093 4382 ἐτέρου
1141 4310 1258 4364 υἱοῦ
1287 4310 1423 4364 Θεοῦ
1468 4310 1668 4381 μᾶλλον
1700 4310 1813 4365 υίὸν

1842 1799 1882 1854 Β

1910 539 2064 593 vestri
2102 538 2326 593 celestis
2360 539 2407 570 ”
2439 555 2454 604 ;
2489 554 2613 594 nam
2649 540 2695 596 si
2737 541 2934 598 Paulus
2972 553 3169 599 natura
3216 547 3363 607 ﬁlius
3397 551 3493 607 ira:

1906 640 2049 697 erat,
2087 630 2214 702 quis
2245 630 2498 700 superior
2523 640 2607 687 est
2631 631 2816 698 Paulo,
2849 646 3119 705 quatenus
3147 639 3214 693 ad
3247 642 3484 697 creatio-

1910 737 2031 778 nem
2061 723 2277 788 attinet,
2312 731 2371 779 et
2399 725 2523 794 quis
2558 738 2661 780 non
2697 723 2839 779 ﬁlius
2872 727 2990 791 iraa,
3016 737 3310 801 antequam
3341 733 3491 788 acci-

1908 812 2019 883 piat
2046 822 2375 884 potestatem
2409 815 2579 871 ﬁlium
2613 817 2710 872 Dei
2744 816 2881 883 ﬁeri,
2919 828 2975 873 et
3011 829 3305 891 antequam
3340 824 3487 880 ﬁlius

1910 905 2002 961 Dei
2036 905 2352 963 eﬁlciatur?
2384 908 2538 977 Quod
2592 909 2636 964 si
2679 923 2788 964 non
2828 911 2985 968 aliter
3028 911 3261 969 edicitur
3286 916 3488 987 aliquis

1909 995 2053 1054 ﬁlius
2079 996 2260 1055 Patris
2286 1000 2548 1067 cmlestis,
2581 1000 2684 1056 nisi
2716 1001 2992 1074 diligendo
3024 1018 3153 1061 suos
3187 1006 3354 1077 ipsius
3380 1008 3489 1063 iui-

1909 1090 2083 1146 micos
2109 1098 2166 1146 et
2188 1092 2402 1148 orando
2427 1108 2527 1163 pro
2550 1096 3004 1164 persequentibus
3027 1110 3109 1164 se,
3132 1100 3485 1171 perspicuum

1906 1191 1991 1236 est
2020 1181 2229 1238 nullum
2266 1184 2562 1251 hominem,
2602 1200 2669 1242 eo
2712 1188 2855 1257 quod
2903 1197 3094 1245 natura
3127 1191 3202 1246 sit
3245 1208 3309 1249 ex
3348 1193 3484 1259 Deo,

1908 1272 2071 1328 verba
2105 1271 2199 1328 Dei
2237 1274 2449 1342 audire,
2482 1276 2575 1331 sed
2607 1279 2733 1347 quia
2764 1282 3038 1349 acceperit
3065 1292 3391 1353 potestatem
3425 1296 3486 1341 ut

1909 1364 2048 1420 ﬁlius
2086 1363 2179 1420 Dei
2219 1365 2505 1433 elﬁciatur,
2551 1382 2724 1441 eaque
2754 1380 2942 1427 utatur
2967 1376 3276 1441 commode,
3324 1387 3381 1434 et
3414 1393 3483 1435 eo

1910 1459 2053 1528 quod
2090 1461 2342 1517 dilexerit
2393 1463 2667 1529 inimicus,
2698 1473 2753 1520 et
2784 1468 3026 1522 oraverit
3065 1484 3164 1539 pro
3194 1484 3256 1524 se
3281 1470 3485 1527 laeden-

1911 1551 2080 1619 tibus,
2116 1553 2293 1609 factus
2345 1555 2486 1610 ﬁlius
2533 1555 2711 1612 Patris
2763 1558 3035 1626 caelestis,
3074 1569 3205 1617 tunc
3253 1576 3372 1617 esse
3411 1577 3480 1617 ex

1912 1643 2044 1709 Deo,
2070 1654 2126 1699 et
2154 1646 2317 1700 verba
2340 1645 2432 1701 Dei
2460 1646 2670 1715 audire,
2701 1647 3003 1718 intelligens
3022 1665 3105 1718 ea,
3121 1660 3175 1707 ct
3194 1652 3483 1708 scientiam

1911 1733 2125 1788 illorum
2165 1734 2435 1805 recipiens
2464 1755 2477 1791 :
2508 1750 2629 1805 quae
2657 1751 2747 1793 res
2772 1754 2878 1795 non
2910 1742 3124 1812 propria
3160 1752 3245 1799 est
3288 1747 3481 1811 servis,

1908 1825 2002 1880 sed
2038 1826 2124 1881 bis
2149 1827 2243 1897 qui
2267 1836 2395 1882 sunt
2427 1828 2518 1883 Dei
2542 1829 2662 1895 ﬁlii,
2694 1831 2783 1900 qui
2807 1845 3025 1888 omnem
3047 1834 3266 1903 quidem
3297 1845 3482 1891 ortum

1911 1914 2320 1982 destruxeruut,
2370 1919 2463 1973 sed
2509 1929 2687 1974 ortum
2733 1937 2762 1976 a
2814 1923 2924 1978 Deo
2967 1937 3312 1995 receperunt,
3348 1927 3487 1985 duce

1909 2008 2106 2076 spiritu
2146 2009 2474 2079 adoptionis.
2534 2010 2747 2067 Pariter
2797 2013 2928 2069 illud
2980 2017 3144 2072 etiam
3199 2019 3487 2092 diligenter

1910 2100 2370 2156 considerandum
2402 2113 2504 2166 est,
2540 2104 2812 2172 quomodo
2852 2107 3023 2178 accipi
3073 2124 3214 2180 opus
3261 2112 3333 2167 sit
3381 2115 3486 2171 hoc

1910 2189 2110 2244 dictum
2139 2209 2154 2247 :
2191 2189 2358 2246 Verba
2397 2192 2490 2247 Dei
2528 2194 2678 2248 (ttulit
2709 2195 2755 2228 “
2786 2214 2801 2262 ;
2845 2198 2936 2252 cui
2969 2198 3146 2255 simile
3179 2211 3266 2257 est
3303 2203 3431 2260 illud
3465 2222 3481 2260 :

1912 2277 2043 2334 Oves
2071 2296 2201 2335 mea?
2226 2298 2399 2337 vocem
2431 2299 2599 2338 meum
2635 2286 2859 2340 audiunt
2884 2288 2949 2341 ”.
2986 2288 3122 2344 Nam
3161 2291 3209 2346 si
3244 2294 3485 2351 vocabu-

1910 2368 2023 2424 lum
2053 2372 2205 2426 audit
2240 2371 2309 2428 de
2339 2376 2483 2429 nudo
2506 2388 2789 2433 sumamus
2822 2391 3115 2445 consensu,
3157 2383 3331 2438 etiam
3360 2384 3485 2439 auio
3560 2440 3565 2445 .

1910 2463 2080 2519 males
2119 2464 2185 2519 ad
2214 2473 2426 2536 tempus
2458 2467 2753 2524 credentes
2778 2482 2845 2523 ex
2874 2469 2980 2525 Deo
3013 2481 3176 2527 erunt
3211 2490 3227 2528 :
3267 2474 3335 2529 de
3361 2478 3488 2545 qui.

1908 2555 2013 2610 bus
2054 2555 2319 2612 Servator
2357 2558 2624 2626 inquit“,
2659 2562 2923 2630 quosdam
2949 2577 3071 2619 esse
3102 2564 3195 2634 qui
3232 2566 3301 2622 ad
3349 2575 3488 2622 tem-

1910 2662 2011 2717 pus
2037 2648 2288 2704 credant.
2362 2648 2598 2706 liursum
2639 2652 2685 2707 si
2736 2654 2959 2708 verbum
3008 2657 3159 2710 audit
3204 2672 3487 2715 sumamus

1911 2752 2009 2809 pro
2047 2752 2113 2794 eo
2139 2742 2283 2809 quod
2317 2749 2422 2807 est,
2450 2755 2677 2798 servare
2711 2745 2990 2810 mandata,
3021 2750 3369 2818 perspicuum
3399 2760 3489 2809 est

1911 2830 1995 2884 vel
2036 2831 2087 2885 in
2123 2847 2232 2888 uno
2265 2844 2606 2903 peccantem,
2661 2851 2770 2892 non
2829 2836 3069 2893 futurum
3116 2840 3288 2896 ﬁlium
3340 2841 3433 2898 Dei
3464 2861 3485 2901 ε

1912 2924 2056 2992 quod
2083 2926 2303 2994 quidem
2337 2942 2441 2982 non
2474 2941 2575 2983 nos
2611 2927 2833 2997 premit,
2868 2930 2958 2999 qui
3005 2930 3237 2987 dicimus
3264 2945 3330 2991 ex
3368 2949 3487 2989 tnu-

1912 3015 2115 3070 tatione
2149 3030 2589 3087 unumquemque
2641 3016 2811 3072 tilium
2865 3017 2958 3073 Dei
3009 3018 3124 3075 ﬁeri
3167 3016 3197 3087 ς’
3231 3022 3326 3078 sed
3360 3024 3485 3080 illus

1911 3107 2000 3175 qui
2032 3121 2209 3177 neque
2242 3108 2470 3179 seipsos,
2508 3122 2685 3178 neque
2716 3109 2907 3165 iisdem
2939 3111 3246 3180 disciplinis
3297 3115 3482 3171 imbu.

1915 3207 1997 3253 tos
2040 3196 2205 3254 facile
2260 3201 2549 3255 ostendere
2591 3210 2817 3271 possunt
2849 3200 3329 3277 [ἀναμαρτήτους,
3380 3208 3488 3265 hoc

1911 3289 2031 3362 est]
2076 3290 2476 3360 impeccabiles.
2510 3291 2663 3359 Quod
2700 3293 2744 3348 si
2777 3295 2929 3347 audit
2972 3310 3252 3355 sumamus
3292 3314 3389 3368 pro
3418 3314 3488 3356 eo

1912 3381 2056 3450 quod
2083 3390 2170 3437 est
2203 3382 2530 3453 intelligere,
2571 3395 2627 3438 et
2662 3384 3035 3451 considerare,
3069 3391 3361 3446 ostendant
3390 3391 3495 3447 ali-

1912 3487 2079 3542 quem
2109 3488 2302 3529 omnes
2331 3477 2475 3531 hunc
2509 3476 2561 3531 in
2592 3476 2809 3531 modum
2842 3474 2974 3532 Novi
3004 3476 3338 3538 Testamenti
3370 3497 3491 3538 scr-

1916 3581 2105 3623 mones
2130 3568 2466 3632 audientem,
2503 3578 2562 3624 ut
2589 3568 2740 3622 illum
2790 3568 3037 3625 dicamus
3085 3571 3254 3639 ﬁlium
3292 3574 3410 3641 Dei,
3438 3576 3488 3634 si

1913 3661 2183 3731 expositio
2212 3661 2353 3715 illius
2374 3663 2429 3715 in
2462 3662 2633 3716 sacris
2663 3662 2961 3734 Scripturis
2984 3665 3349 3721 inversionem
3374 3682 3481 3723 non

1914 3751 2141 3818 recipiat
2167 3769 2182 3805 :
2215 3766 2312 3804 nos
2339 3752 2481 3805 enim
2514 3752 2678 3806 etiam
2703 3752 2758 3808 in
2784 3755 2870 3808 bis
2890 3769 3142 3823 maguum
3172 3757 3487 3826 quemdam,

1912 3851 1967 3895 et
1994 3842 2370 3895 admirandum
2413 3842 2772 3912 imaginantes
2801 3856 2921 3898 esse
2952 3858 3099 3908 eum,
3131 3846 3224 3914 qui
3257 3846 3370 3913 jam
3415 3848 3486 3900 ﬁ-

1913 3933 2017 3989 lius
2057 3933 2150 3988 Dei
2184 3932 2407 3988 eﬁ'ectus
2451 3945 2560 3998 est,
2608 3949 2714 3988 non
2765 3934 2986 4005 indigne
3016 3936 3103 4002 iis,
3133 3938 3227 4006 qui
3258 3952 3327 3992 ex
3368 3937 3481 3993 Deo

1914 4033 2060 4090 sunt,
2100 4040 2392 4093 urguemur
2436 4025 2712 4095 accepisse
2768 4028 2944 4082 illud:
2976 4026 3082 4093 Qui
3119 4038 3193 4083 est
3240 4045 3305 4084 ea:
3349 4027 3487 4097 Deo,

1916 4121 2069 4173 verba
2097 4118 2197 4175 Dei
2234 4120 2406 4174 audit.
2452 4118 2572 4174 iam
2609 4134 2739 4177 vero
2773 4122 3083 4190 paradoxon
3119 4125 3283 4177 etiam
3328 4124 3489 4192 quid-

1914 4211 2059 4281 piam
2090 4211 2234 4281 quod
2279 4225 2343 4265 ex
2377 4212 2671 4267 contrariis
2701 4227 2982 4283 emergere
3032 4214 3245 4270 videtur
3298 4216 3492 4285 expla-

1917 4304 2033 4357 nari
2073 4304 2294 4371 poterit.
2331 4303 2613 4369 Quodnam
2654 4315 2738 4359 est
2778 4313 2956 4360 autem
3005 4307 3342 4375 paradoxon,
3386 4309 3492 4364 nisi

254 4400 385 4463 θεοῦ,
428 4402 522 4458 καὶ
577 4400 868 4455 διπλάσιον
914 4400 990 4463 ὡς
1035 4400 1219 4474 ἕτερον
1267 4401 1455 4474 ἐτέρου
1506 4399 1644 4456 εἶναι
1701 4402 1811 4458 υίόν

1916 4395 2059 4462 quod
2095 4394 2295 4465 aliquis
2344 4394 2487 4450 ﬁlius
2522 4393 2614 4449 Dei
2643 4396 2749 4449 alio
2779 4396 2848 4450 sit
2883 4397 3053 4468 magis
3093 4395 3235 4451 ﬁlius
3280 4396 3397 4462 Dei,
3438 4406 3495 4452 et

254 4489 396 4556 Θεοῦς
453 4492 572 4557 πῶς
609 4492 671 4546 δὲ
715 4489 881 4545 τοῦτο
938 4492 1046 4546 ἀπὸ
1085 4493 1177 4546 τοῦ
1223 4495 1466 4548 ἐναντίου
1517 4494 1811 4558 δείκνυται,

1918 4488 2061 4556 quod
2093 4488 2232 4541 alius
2266 4487 2406 4542 ﬁlius
2438 4486 2532 4542 Dei
2567 4487 2642 4541 sit
2680 4488 2851 4558 magis
2886 4487 2994 4542 alio
3039 4488 3092 4544 in
3130 4490 3294 4560 duplo
3345 4489 3491 4544 ﬁlius

254 4579 369 4636 οὓτω
392 4586 841 4657 παραστήσομεν.
887 4584 974 4637 Ἐν
1006 4584 1082 4656 τῷ
1110 4586 1249 4640 κατὰ
1290 4584 1564 4640 Ματθαῖον
1606 4589 1635 4639 ό
1679 4587 1811 4659 πρὸς

1924 4578 2015 4632 Dei
2041 4578 2065 4634 ?
2089 4577 2252 4648 353
2281 4578 2423 4648 quod
2451 4578 2724 4647 quomodo
2754 4578 3130 4635 ex'contrario
3150 4581 3491 4647 ostendatur,

254 4672 356 4736 τοὺς
376 4676 727 4747 γραμματεῖς
757 4672 851 4726 καί
871 4675 1191 4746 Φαρισαίους
1210 4676 1461 4749 δεύτερος
1490 4675 1811 4748 ταλανισμὸς

1919 4669 2001 4724 sie
2051 4684 2435 4740 proponemus.
2477 4667 2534 4723 ιιι
2572 4668 2863 4739 Evangelio
2911 4686 2940 4723 a
2994 4669 3246 4724 Mattlneo
3295 4669 3495 4725 tradito

255 4761 399 4829 οὕτως
419 4767 531 4838 ἔχει
552 4784 565 4799 ·
603 4766 755 4821 Οὐαί
784 4765 947 4835 ὑμῖν,
981 4768 1337 4836 γραμματεῖς
1364 4768 1462 4821 καί
1506 4768 1811 4835 Φαρισαῖοι

1920 4762 2160 4817 secunda
2193 4762 2544 4817 comminatio
2587 4762 2654 4816 ad
2706 4761 3013 4817 Pharismos
3056 4770 3111 4815 ει
3160 4762 3373 4816 scribas
3412 4762 3495 4817 sic

256 4858 559 4928 ὑποκριταί,
594 4860 690 4916 ὅτι
719 4858 1026 4928 περιάγετε
1060 4859 1176 4928 τὴν
1220 4859 1544 4916 θάλασσαν
1575 4861 1675 4914 καί
1702 4861 1818 4930 τὴν

258 4946 444 5018 ξηρὰν,
514 4952 775 5023 ποιῆσαι
841 4953 949 5006 ἕνα
1014 4951 1434 5018 προσήλυτον·
1513 4951 1614 5006 καὶ
1671 4952 1818 5007 ὅταν

259 5036 466 5108 γένηται
484 5083 501 5108 ,
529 5042 760 5097 ποιεῖτε
786 5040 975 5095 αὑτὸν
1011 5041 1148 5097 υιόν
1186 5041 1435 5113 γεέννης
1459 5042 1818 5111 διπλότερον

259 5129 415 5197 tua,»
442 5135 642 5191 οὐκοῦν
668 5134 814 5189 κατὰ
838 5132 997 5188 τοῦτο
1021 5132 1143 5189 οὔτε
1161 5135 1318 5206 φύσει
1343 5136 1449 5190 υἱοὶ
1476 5134 1696 5206 γεέννης
1712 5134 1816 5190 είσί

256 5236 395 5291 τινες,
423 5228 543 5281 οὔτε
572 5228 777 5294 ἐπίσης
818 5226 868 5279 οἱ
895 5227 991 5298 τῆς
1022 5226 1245 5299 γεέννης
1271 5226 1379 5282 υἱοὶ
1415 5228 1519 5282 υἱοί
1550 5228 1686 5281 είσιν
1716 5228 1814 5282 αὐ-

258 5313 356 5383 τῆς,
379 5318 489 5389 εἴγε
525 5321 721 5392 ἕτερος
746 5317 939 5391 ἐτέρου
967 5318 1280 5392 διπλότερον
1304 5320 1420 5383 υίός
1456 5322 1604 5374 ἐστιν
1627 5320 1818 5391 αὐτῆς.

1922 4871 1980 4912 se
2008 4857 2173 4911 habet
2201 4872 2215 4908 :
2255 4853 2344 4908 Va:
2372 4855 2535 4920 vobis,
2570 4852 2756 4910 scriba:
2807 4866 2854 4909 et
2889 4852 3151 4908 Pharisaei
3181 4854 3490 4923 hypocrita’,
3560 4900 3563 4907 .

1925 4950 2047 5018 quia
2077 4948 2235 5002 abitis
2267 4964 2411 5001 mare
2441 4958 2487 5001 et
2514 4959 2710 5001 terram
2737 4959 2792 4999 ut
2820 4948 3031 5016 faciatis
3062 4962 3222 5001 unum
3256 4950 3496 5022 proseiy-

1926 5052 2077 5107 tum;
2119 5051 2167 5095 et
2208 5056 2325 5095 cum
2362 5040 2519 5108 fuerit
2552 5040 2747 5107 Iactus,
2784 5036 2960 5105 facitis
2994 5037 3148 5095 illum
3199 5038 3371 5107 ﬁlium
3407 5057 3494 5110 ge.

1925 5135 2109 5187 [tenue
2158 5132 2320 5201 duplo
2377 5130 2539 5201 magis
2587 5145 2746 5199 quam
2785 5145 2872 5183 vos
2904 5130 3030 5183 estis
3059 5132 3104 5163 ’⁷
3135 5148 3150 5197 ;
3197 5132 3362 5202 igitur
3393 5133 3497 5191 hac

1926 5228 2163 5291 ratione,
2194 5239 2368 5296 neque
2393 5224 2613 5293 quidam
2649 5231 2842 5276 natura
2884 5230 3012 5276 sunt
3065 5221 3160 5278 ﬁlii
3204 5225 3489 5293 gehennae,

1930 5332 2106 5387 neque
2136 5319 2400 5387 gelteuna:
2447 5312 2540 5368 lilii
2594 5328 2662 5369 ex
2711 5328 2865 5384 aequo
2913 5323 3042 5369 sunt
3085 5314 3233 5370 illius
3280 5314 3404 5384 ﬁlii,
3446 5317 3496 5373 si

314 5455 642 5522 “Mallius,
669 5456 765 5510 44.
845 5455 892 5488 ³⁸
933 5454 1091 5511 Joan.
1140 5472 1272 5531 vm.
1300 5456 1389 5510 47.
1465 5458 1511 5488 ’⁸
1554 5455 1709 5512 Joan.
1753 5470 1807 5524 ι,

1914 5410 1931 5425 ⁸
1975 5456 2022 5487 η
2053 5454 2185 5511 Luc.
2218 5469 2338 5520 vui,
2372 5452 2460 5507 15.
2535 5453 2579 5484 ⁸⁷
2606 5451 2795 5508 Matth.
2824 5468 2980 5518 nm,
3018 5453 3108 5510 15.

315 5566 406 5638 (7‘)
434 5566 569 5638 "ch.
592 5567 810 5638 τέκνον.
847 5566 942 5622 En.
966 5565 1208 5638 Ριτιιοι.

262 5636 395 5759 “(Si
418 5636 601 5693 Codex
640 5637 873 5705 Regius,
913 5636 1024 5691 οὐδ’
1064 5637 1237 5693 δλωψ
1289 5637 1611 5694 Bodlcianus
1656 5647 1716 5694 ut
1759 5638 1812 5693 in

305 5720 409 5759 xm.

316 5776 384 5848 (9)
424 5778 716 5834 Ἀκούειν.
752 5776 901 5843 Lego
925 5775 1133 5832 ἀκούει.

469 5872 752 5933 Panos.
791 5868 910 5928 Gn.
948 5869 1113 5931 XIV.

1991 5565 2104 5637 (lt!)
2129 5567 2235 5621 Kal
2261 5568 2315 5637 οί
2332 5563 2607 5634 ψυχικοί,
2627 5574 2735 5620 etc.
2763 5564 3044 5623 Secundus
3066 5566 3345 5623 hominum
3366 5572 3501 5629 ordo

1917 5636 2073 5704 juxta
2109 5636 2472 5704 Valentinum.

1995 5705 2110 5777 (ll)
2142 5707 2266 5779 "ira
2292 5702 2544 5757 ἐκεῖνον.
2565 5703 2859 5775 Pcrperam
2879 5708 3051 5763 codex
3083 5706 3288 5778 Regius
3310 5708 3500 5779 habet,

1924 5769 2062 5832 εἶναι
2092 5769 2182 5829 ὂιεί
2188 5790 2364 5845 μενον.

3070 5828 3257 5931 ἐι·
