3804 6570
517 352 613 405 651

1971 352 2294 411 ORIGENIS
3635 359 3714 413 652

515 474 651 526 alius
683 470 844 541 duplo
895 469 1065 541 magis
1095 483 1255 535 quam
1297 469 1434 524 alius
1484 480 1567 525 est
1616 472 1877 538 gehean
1911 471 2065 530 ﬁlius.

2184 475 2245 528 Εἰ
2279 475 2335 530 δὲ
2371 476 2554 546 ἕτερος
2587 477 2773 549 ἑτέρου
2803 478 3115 550 διπλότερός
3148 478 3295 531 ἐστιν
3337 477 3450 540 uir};
3474 479 3569 549 τῆς
3600 482 3714 547 γεέν.

513 566 670 634 Quod
700 566 744 620 si
779 566 918 619 alius
942 564 1107 634 duplo
1139 563 1308 633 magis
1337 578 1502 632 quam
1535 564 1674 620 alius
1702 573 1788 620 est
1823 566 2084 636 gehennze

518 658 686 722 ﬁlius,
710 673 811 710 cur
841 673 944 712 non
968 657 1130 710 etiam
1162 657 1506 726 perditionis,
1532 666 1581 712 et
1612 659 1824 726 mortis,
1857 669 1911 714 et
1939 667 2085 714 tene-

515 751 766 810 brarum.
797 758 849 801 et
875 759 1216 811 czeterorum,
1261 763 1491 818 quorum
1532 750 1624 820 qui
1658 749 1810 805 varie
1853 759 2084 820 peccant

513 852 644 898 sunt
672 841 814 896 ﬁlii?
841 841 989 908 Quod
1023 841 1066 896 si
1106 842 1157 894 in
1195 843 1278 896 his
1303 843 1381 896 sic
1408 857 1467 897 se
1509 858 1594 898 res
1621 845 1804 906 habet.
1839 859 1940 898 cur
1973 859 2080 898 nou

514 934 678 988 etiam
710 933 802 988 ﬁlii
837 932 972 988 lucis
1000 933 1087 987 alii
1123 932 1284 1001 duplo
1309 932 1479 1002 magis
1508 948 1670 1002 quam
1696 935 1788 987 alii
1816 945 2004 999 erunt,
2029 944 2083 989 et

515 1023 612 1079 ﬁlii
663 1025 810 1090 vitze,
863 1034 917 1079 et
967 1025 1059 1079 ﬁlii
1113 1023 1413 1092 sapientiae,
1445 1035 1605 1094 atque
1638 1027 1799 1079 etiam
1841 1026 1984 1084 hunc
2027 1029 2079 1083 in

514 1115 731 1170 modum
762 1116 851 1169 lilii
889 1115 1030 1170 Dei?
1062 1113 1212 1182 Quod
1240 1116 1283 1169 si
1313 1115 1474 1185 duplo
1519 1117 1655 1172 alius
1703 1119 1875 1184 magis
1919 1135 2079 1190 quam

511 1207 656 1262 alius
679 1206 910 1262 eﬂicitur
936 1207 1074 1260 ﬁlius
1102 1206 1218 1273 Dei,
1239 1222 1336 1261 cur
1362 1222 1469 1262 non
1497 1209 1660 1262 etiam
1686 1211 2078 1281 multipliciter,

509 1311 566 1354 et
613 1310 760 1355 tanto
789 1300 1180 1371 multipliciter,
1217 1310 1422 1369 quanto
1453 1301 1827 1370 multi-pliciter
1859 1305 2079 1374 dignum

509 1405 592 1449 est
621 1393 970 1449 considerare
997 1409 1114 1448 esse
1141 1393 1572 1462 Primogenitum
1611 1397 1776 1450 totius
1812 1408 2080 1452 creatum

508 1485 703 1540 Filium
730 1487 825 1541 Dei
861 1502 1022 1552 super
1046 1502 1258 1549 omnes,
1291 1486 1384 1553 qui
1438 1495 1566 1540 sunt
1599 1487 1691 1541 ﬁlii
1723 1487 1836 1552 Dei,
1889 1498 1942 1542 et
1972 1504 2076 1544 non

508 1579 740 1648 amplius
789 1579 994 1635 habent
1025 1582 1275 1650 spiritum
1329 1580 1608 1636 servitutis
1644 1580 1696 1634 in
1731 1581 1948 1646 timore,
1985 1582 2078 1637 sed

509 1680 839 1739 acceperunt
872 1673 1120 1740 spiritum
1155 1673 1460 1742 adoptionis
1487 1673 1579 1726 ’8?
1613 1673 1886 1728 Fortassis
1912 1674 2079 1743 igitur

413 1759 418 1765 ’
506 1761 660 1829 plura
689 1776 808 1816 cum
848 1763 960 1817 sint
988 1764 1152 1817 verba
1183 1765 1299 1827 Dei,
1344 1780 1449 1816 non
1496 1762 1670 1817 solum
1707 1778 1827 1832 qua:
1871 1765 2074 1833 scripta

2187 584 2303 638 νης,
2335 567 2424 620 διὰ
2451 568 2504 621 τί
2536 569 2656 640 οὐχὶ
2684 571 2777 622 καὶ
2802 570 2904 640 τῆς
2933 569 3228 634 ἀπωλείας,
3260 571 3355 623 καὶ
3385 569 3480 623 τοῦ
3508 570 3714 637 θανάτου,

2187 656 2404 710 καὶτοῦ
2447 657 2692 717 σκότους.
2717 658 2810 710 καὶ
2853 657 2958 711 τῶν
3009 659 3232 723 λοιπῶν,
3276 652 3351 712 ὧν
3398 661 3446 712 oi
3493 659 3716 732 διαφόρως

2185 748 2588 819 ἁμαρτάνοντες
2629 751 2767 803 εἰσιν
2807 750 2946 815 υἱοί;
2997 751 3060 804 Εἰ
3091 751 3147 804 δὲ
3195 751 3288 804 ἐπὶ
3328 751 3556 816 τούτων,
3588 754 3658 806 διὰ
3680 757 3716 807 τί

2182 839 2275 892 καὶ
2302 839 2420 909 οὐχὶ
2448 841 2554 894 υἱοὶ
2596 842 2772 910 φωτὸς
2801 841 3102 913 διπλότεροι
3142 842 3318 913 ἕτεροι
3367 843 3571 914 ἑτέρων
3603 845 3716 897 ἕσιν·

2181 946 2290 994 ται,
2327 931 2418 983 καὶ
2451 931 2556 983 υἱοὶ
2604 930 2768 1001 ζωῆς,
2825 933 2918 984 καὶ
2965 932 3072 984 υἱοὶ
3118 933 3330 1002 σοφίας,
3381 932 3525 985 οὕτω
3567 935 3615 986 δὲ
3641 937 3718 987 υἱοὶ

2181 1019 2352 1083 Θεοῦ;
2382 1021 2444 1073 Ei
2481 1020 2536 1073 δὲ
2562 1021 2839 1074 διπλάσιον
2873 1021 2948 1084 ὡς
3003 1022 3190 1093 ἔτερος
3236 1023 3366 1093 παρ’
3425 1024 3607 1093 ἕτερον
3634 1026 3717 1088 υἱὸς

2180 1113 2385 1182 γίνεται
2425 1113 2583 1177 Θεοῦ,
2629 1113 2717 1167 διά
2762 1113 2813 1166 τί
2845 1113 2965 1183 οὐχὶ
3003 1115 3097 1166 καὶ
3136 1113 3623 1178 πολλαπλασιόνως,
3650 1118 3715 1168 καὶ

2179 1205 2715 1270 τοσαυταπλασιόνως
2751 1207 3229 1271 ὁποσαπλασιόνως
3268 1207 3416 1272 ἄξιον
3449 1211 3591 1260 νοεῖν
3615 1205 3716 1261 εἶναι

2177 1297 2265 1349 τὸν
2293 1295 2640 1367 Πρωτότοκον
2666 1297 2846 1369 πάσης
2877 1298 3105 1362 κτίσεως
3131 1297 3258 1351 Υίὸν
3281 1299 3376 1352 τοῦ
3428 1299 3565 1353 Θεοῦ
3603 1303 3714 1370 παρὰ

2177 1388 2302 1450 τοὺς
2348 1387 2566 1450 λοιποὺς
2619 1389 2769 1452 υἱοὺς
2813 1389 2908 1442 τοῦ
2967 1389 3138 1453 Θεοῦ,
3206 1389 3301 1443 καὶ
3367 1393 3497 1452 τοὺς
3558 1393 3717 1461 μηκέτι

2179 1477 2394 1548 πνεῦμα
2419 1478 2658 1542 δουλείας
2701 1479 2920 1550 ἔχοντας
2961 1483 3039 1544 είς
3083 1480 3267 1547 φόῦον,
3302 1480 3417 1533 ἀλλ’
3466 1481 3716 1551 diripere;

2178 1569 2394 1640 πνεῦμα
2423 1570 2727 1636 υίοθεσίας;
2759 1571 2911 1641 Τάχα
2943 1567 3036 1625 οὖν
3069 1571 3242 1634 οὓτως
3279 1570 3542 1623 πλειόνων
3583 1573 3716 1624 ὄντων

2175 1657 2280 1710 τῶν
2298 1658 2556 1729 ῥημάτων
2596 1658 2689 1712 τοῦ
2713 1659 2870 1724 Θεοῦ,
2894 1659 2953 1710 οὐ
2989 1659 3146 1728 μόνον
3182 1658 3292 1711 τῶν
3317 1659 3717 1729 ἀναγεγραμμέ·

2175 1765 2300 1812 νων,
2321 1748 2456 1802 ἀλλά
2476 1749 2690 1802 καὶτῶν
2706 1750 2976 1820 ἀρῥήτων,
2990 1749 3046 1801 ὃν
3065 1748 3196 1819 (11⁸)
3220 1750 3318 1802 οὐκ
3337 1748 3458 1814 ἐξὸν
3479 1749 3718 1820 ἀνθρώιαλι

508 1828 657 1916 sunt,
712 1867 898 1907 verum
935 1855 1097 1908 etiam
1153 1855 1465 1917 ineffabilia,
1512 1864 1568 1909 et
1599 1828 2065 1924 quze'bomini‘di-

2175 1839 2431 1911 λαλῆσαι,
2482 1841 2575 1894 καὶ
2627 1840 2828 1893 τούτων
2871 1841 2998 1908 napi.
3043 1828 3124 1894 ὧι
3171 1856 3334 1910 φησιν
3379 1841 3408 1892 ὁ
3463 1841 3716 1911 Ἰωάννης·

507 1960 633 1998 cere
662 1944 814 2000 nefas
847 1956 929 1999 est
971 1947 1038 2010 ³³,
1069 1956 1122 2001 et
1157 1961 1219 2000 ea
1253 1948 1317 2002 de
1349 1947 1546 2018 quibus
1581 1947 1753 2016 inquit
1782 1945 2018 2002 Joannes
2055 1968 2065 2002 :

507 2035 620 2090 Nec
647 2037 754 2104 ipse
786 2036 976 2104 opinor
1010 2037 1237 2089 mundus
1277 2048 1480 2104 caperet
1524 2054 1628 2100 eos,
1659 2038 1748 2105 qui
1784 2039 2069 2090 scriberen-

503 2139 613 2193 tur,
637 2127 797 2180 libros
823 2126 891 2191 ’°,
921 2127 1147 2195 quilibet
1188 2127 1590 2196 qualiacunque
1638 2128 1799 2180 verba
1840 2127 1932 2182 Dei
1971 2144 2071 2182 au-

503 2218 658 2273 diens
703 2225 759 2272 et
792 2217 1116 2286 intelligens,
1163 2217 1274 2287 jam
1323 2234 1387 2272 ex
1441 2219 1548 2272 Deo
1593 2227 1713 2284 est;
1767 2227 1822 2273 et
1866 2228 2070 2288 quanto

503 2307 657 2375 plura
690 2310 855 2362 verba
897 2309 987 2363 Dei
1037 2310 1288 2375 audierit,
1339 2315 1486 2363 tanto
1527 2309 1696 2380 magis
1741 2307 1969 2363 elIicitur
2002 2323 2070 2364 ex

505 2399 1176 2480 Di-o;quemazlmodum,.
1208 2401 1250 2454 si
1306 2399 1378 2454 ita
1431 2400 1783 2470 appellandus
1827 2409 1931 2465 est,
1971 2400 2071 2456 ali-

503 2492 648 2560 quis,
680 2490 878 2546 auditis
904 2491 1153 2546 omuibus
1199 2491 1288 2545 Dei
1324 2491 1526 2555 verbis,
1554 2491 1599 2546 si
1628 2492 1786 2546 modo
1820 2493 1869 2547 id
1906 2492 2064 2548 cadat

502 2584 557 2636 in
593 2583 828 2651 aliquem
875 2597 1062 2636 eorum
1115 2583 1208 2652 qui
1262 2582 1514 2650 spiritum
1563 2583 1872 2652 adoptionis
1921 2587 2068 2640 acci-

500 2673 672 2741 piunt,
718 2671 954 2740 perfecte
981 2681 1035 2726 et
1072 2671 1266 2726 eximie
1298 2671 1353 2724 fit
1389 2671 1530 2726 filius
1574 2673 1690 2738 Dei,
1724 2682 1778 2728 et
1811 2673 2062 2739 omnino,

500 2776 557 2820 et
581 2763 840 2827 totaliter,
875 2773 928 2817 et
952 2771 1094 2817 totus
1121 2777 1188 2816 ex
1224 2762 1352 2817 Deo.
1391 2764 1686 2819 Candidius
1723 2774 1902 2820 autem
1939 2776 2066 2822 sunt

501 2857 868 2927 intelligenda!
905 2856 1006 2911 illae
1051 2857 1258 2912 vocula:
1293 2857 1528 2912 letaliter
1559 2868 1613 2913 et
1651 2868 1815 2922 lotus,
1870 2869 1930 2914 ut
1979 2875 2066 2916 re-

497 2953 800 3022 spondeant
826 2951 952 3005 totis
977 2949 1334 3019 dogmatibus,
1367 2951 1463 3006 toti
1500 2951 1798 3021 cognitioni
1843 2959 1898 3005 et
1939 2951 2065 3004 totis

498 3042 790 3112 mysteriis,
826 3040 960 3094 adeo
987 3049 1045 3094 ut
1076 3049 1218 3094 totus
1245 3051 1299 3094 et
1328 3041 1566 3094 totaliter
1613 3041 1762 3095 dicat
1813 3054 1874 3095 se
1912 3041 2064 3112 geni-

499 3141 611 3185 tum
637 3147 701 3186 ex
741 3132 873 3196 Deo,
898 3131 989 3199 qui
1023 3131 1236 3187 noverit
1262 3133 1444 3188 omnia
1471 3123 1728 3202 mysteria
1757 3142 1810 3186 et
1843 3149 2059 3188 omnem

485 3223 882 3293 cognitionem,
927 3221 1160 3277 feliciter
1188 3223 1352 3278 etiam
1385 3225 1555 3294 gestis
1607 3239 1728 3293 qua:
1766 3233 1890 3278 sunt
1941 3239 2064 3294 per-

496 3319 652 3374 fecta:
680 3317 1007 3373 dilectionis.
1039 3317 1172 3374 Vide
1195 3333 1327 3372 vero
1344 3334 1410 3373 an
1440 3319 1484 3373 is
1513 3330 1910 3388 consequenter
1936 3320 2064 3375 huic

495 3410 680 3464 dicto:
722 3409 806 3464 Ex
835 3419 983 3480 parte
1011 3410 1397 3479 cognoscimus,
1422 3418 1469 3463 el
1500 3425 1565 3462 ex
1597 3419 1746 3478 parte
1784 3411 2064 3478 propheta-

494 3515 611 3553 mus
637 3498 704 3561 ",
733 3499 902 3566 possit
933 3498 1116 3552 dicere
1145 3514 1156 3549 :
1186 3498 1252 3551 Et
1279 3511 1343 3550 ex
1395 3507 1546 3568 parte
1578 3513 1768 3552 sumus
1808 3499 1903 3552 lilii
1934 3498 2061 3565 Dei;

496 3600 548 3643 et
585 3605 836 3644 rursum:
872 3587 1004 3642 Cum
1047 3590 1312 3644 advenerit
1351 3590 1488 3660 quod
1529 3589 1820 3659 perfectum
1863 3599 1968 3656 est,
2005 3601 2062 3648 et

493 3681 634 3751 quod
687 3696 753 3735 ex
793 3691 942 3749 parte
993 3690 1066 3734 est
1123 3690 1427 3736 evacuatum
1475 3681 1668 3750 fuerit;
1702 3691 1757 3736 et
1785 3681 2062 3751 perfectis-

493 3773 630 3828 sime
661 3773 802 3827 ratio
848 3787 952 3842 qua
978 3773 1100 3842 quis
1123 3787 1244 3827 esse
1289 3781 1468 3842 potest
1500 3772 1641 3827 ﬁlius
1668 3773 1759 3827 Dei
1787 3773 2060 3838 adveniet,

493 3879 762 3919 evacuans
789 3865 837 3918 id
863 3880 971 3934 quo
995 3866 1120 3920 ouis
1143 3877 1205 3917 ex
1236 3873 1389 3934 parte
1415 3864 1555 3917 ﬁlius
1583 3864 1677 3918 Dei
1697 3873 1796 3919 est.
1822 3863 1932 3920 Nec
1959 3865 2060 3921 hoc

493 3957 703 4012 siuatur
726 3957 1012 4020 intactum,
1033 3972 1159 4009 num
1185 3957 1299 4010 ﬁeri
1323 3958 1492 4026 possit
1519 3967 1576 4010 ut
1600 3957 1796 4027 aliquis
1819 3973 1883 4013 ex
1908 3969 2061 4027 parte

465 4048 566 4117 l-sit
616 4049 757 4102 illius
817 4047 1215 4117 praestantioris
1277 4049 1488 4118 partis,
1560 4063 1753 4118 nempe
1821 4049 2057 4113 divinat,

491 4135 653 4205 353
678 4146 732 4189 et
764 4151 829 4190 ex
871 4146 1026 4204 parte
1061 4137 1133 4189 sit
1160 4136 1388 4191 alterius
1429 4136 1598 4200 partis
1636 4136 1957 4200 contrarim;
1992 4153 2058 4189 an

496 4227 677 4292 potius
709 4225 811 4280 hoc
845 4226 1182 4295 impossibile
1226 4227 1298 4280 sit
1342 4227 1421 4281 sic
1445 4241 1504 4281 se
1546 4227 1766 4282 habere.
1797 4227 2059 4282 Similiter

486 4315 737 4383 inquires
764 4317 1034 4384 quomodo
1063 4316 1218 4370 multi
1253 4318 1414 4373 unius
1445 4320 1614 4388 patris
1637 4320 1886 4372 dicantur
1919 4317 2010 4372 ﬁlii
2037 4336 2051 4383 ;

497 4411 921 4471 utrum-prepter
944 4419 1199 4472 proavos,
1233 4413 1287 4459 et
1317 4414 1540 4474 propter
1565 4405 2057 4459 successoresillo—

2176 1931 2311 1985 Οὐδ’
2336 1931 2522 1986 αὐτὸν
2545 1929 2703 2001 οἶμαι
2729 1932 2835 1985 τὸν
2863 1931 3094 1999 κόσμον
3129 1929 3394 1999 χωρῆσαι
3429 1937 3502 1986 τὰ
3537 1934 3722 2002 nias-:6-

2165 2037 2321 2090 μενα
2383 2022 2614 2085 βιϐλία,
2684 2023 2790 2083 πᾶς
2865 2021 2963 2088 μὲν
3033 2021 3416 2074 οίωντινωνοῦν
3485 2025 3722 2094 ῥημάτων

2172 2113 2383 2166 ἀκούων
2426 2099 2519 2166 τοῦ
2553 2113 2710 2178 Θεοῦ,
2759 2113 2858 2184 ήδη
2909 2113 3056 2166 ἐστὶν
3094 2116 3156 2166 ὲκ
3197 2115 3291 2168 τοῦ
3344 2115 3515 2170 Θεοῦ’
3550 2117 3652 2186 ὅσῳ
3679 2117 3722 2168 δὲ

2174 2205 2429 2260 πλειόνων
2455 2205 2640 2258 ἀκούει
2660 2205 2917 2277 ῥημάτων
2943 2205 3036 2260 τοῦ
3059 2206 3216 2270 Θεοῦ,
3249 2208 3723 2270 τοσαυταπλειόνως

2169 2296 2372 2366 γίνεται
2410 2300 2474 2351 ὲκ
2503 2297 2596 2351 τοῦ
2627 2297 2759 2351 Θεοῦ
2777 2315 2790 2329 ο
2821 2298 2918 2362 ὡς,
2947 2299 2995 2351 εἰ
3017 2299 3098 2352 δεῖ
3116 2298 3286 2364 οὕτως
3313 2299 3424 2372 (ιε)
3457 2301 3720 2370 ὀνομάσαι,

2171 2387 2387 2442 πάντων
2418 2387 2655 2454 ἀκούσας
2680 2407 2765 2454 τις
2793 2390 2900 2443 τῶν
2938 2392 3196 2462 ῥημάτων
3226 2393 3319 2446 τοῦ
3344 2393 3506 2457 Θεοῦ,
3543 2395 3639 2448 ἐάν
3674 2411 3724 2461 γε

2169 2479 2326 2533 τοῦτο
2353 2480 2528 2552 φθάνῃ
2551 2481 2641 2534 ὲπί
2668 2498 2788 2535 τινα
2817 2482 2923 2536 τῶν
2945 2482 3326 2552 λαμϐανόντων
3355 2484 3415 2537 τὸ
3446 2485 3549 2555 τῆς
3574 2485 3725 2538 υἱοθε-

2169 2571 2289 2635 σίας
2321 2571 2554 2643 πνεῦμα,
2589 2573 2806 2638 τελείως
2832 2576 2921 2628 καὶ
2943 2574 3362 2646 ἀνυπερϐλήτως
3400 2575 3613 2643 γίνεται
3632 2578 3726 2639 un,-

2167 2661 2326 2724 Θεοῦ,
2359 2664 2452 2717 καὶ
2477 2663 2674 2734 πάντη,
2706 2666 2799 2718 καὶ
2827 2666 2884 2732 ἐξ
2913 2666 3070 2730 ὅλων,
3110 2667 3204 2718 καὶ
3239 2666 3374 2729 ὅλως
3403 2666 3521 2736 (l3)
3551 2671 3617 2721 ὲκ
3649 2669 3723 2720 τοῦ

2163 2751 2322 2806 Θεοῦ.
2343 2752 2851 2826 Εὑγνωμονέστερον
2871 2755 2927 2808 δὲ
2943 2755 3233 2808 ἀκουστέον
3258 2755 3350 2808 τοῦ
3373 2756 3445 2820 ἐξ
3468 2756 3629 2810 ὅλων
3652 2759 3728 2811 καὶ

2167 2842 2340 2909 ὅλως,
2391 2843 2651 2913 ἀνάλογον
2696 2844 2837 2910 ὅλοις
2885 2849 2996 2910 τοῖς
3043 2845 3292 2916 δόγμασι,
3342 2853 3435 2900 καὶ
3486 2849 3636 2921 πάσῃ
3671 2853 3723 2919 τῇ

2164 2932 2381 2998 γνώσει,
2431 2933 2524 2986 καὶ
2577 2937 2709 2988 πᾶσι
2757 2939 2868 2998 τοῖς
2903 2936 3237 3008 μυστηρίοις,
3289 2937 3416 2990 ὥστ’
3455 2939 3523 2993 ἂν
3571 2943 3730 2994 εἰπεῖν

2163 3023 2302 3086 ὅλον,
2349 3025 2440 3078 καί
2475 3025 2534 3093 ἐξ
2568 3027 2702 3080 ὅλων
2733 3027 3012 3096 γεγονέναι
3057 3030 3122 3082 ὲκ
3149 3031 3242 3082 τοῦ
3272 3031 3407 3085 Θεοῦ
3445 3033 3539 3086 τὸν
3568 3034 3728 3086 εἰδότα

2165 3116 2340 3170 πάντα
2387 3118 2454 3172 τὰ
2512 3121 2806 3191 μυστήρια,
2859 3121 2952 3175 καὶ
3002 3123 3179 3176 πᾶσαν
3226 3123 3322 3195 τὴν
3375 3125 3604 3192 γνῶσιν,
3648 3127 3730 3177 καὶ

2167 3206 2303 3276 μετά
2348 3205 2550 3262 τούτων
2590 3207 2659 3262 τά
2703 3209 2803 3280 τῆς
2834 3210 3043 3274 τελείας
3067 3213 3287 3283 ἀγάπης
3328 3214 3726 3284 κατορθωκότα.

2169 3298 2309 3370 Ὅρα
2329 3299 2386 3353 δὲ
2408 3301 2456 3353 εἰ
2480 3299 2702 3354 δύναται
2737 3303 2847 3373 (14)
2887 3302 3193 3368 ἀκολούθως
3228 3304 3306 3374 τῷ
3325 3321 3338 3334 ·
3398 3306 3495 3357 Ἐκ
3516 3306 3729 3374 μέρους

2164 3389 2554 3462 γινώσκομεν,
2581 3394 2679 3446 καὶ
2720 3394 2787 3447 ἐκ
2813 3393 3027 3462 μέρους
3052 3398 3527 3465 προφητεύομεν,
3558 3401 3727 3452 εἰπεῖν

2164 3483 2231 3536 ἂν
2254 3483 2346 3538 τὸν
2365 3484 2602 3540 τοιοῦτον
2618 3502 2632 3516 ο
2662 3486 2771 3540 Καὶ
2802 3486 2866 3540 ἐκ
2885 3485 3082 3561 μέρους
3106 3487 3270 3561 ἐσμὲν
3313 3490 3418 3544 υἱοὶ
3438 3490 3534 3545 τοῦ
3563 3491 3695 3544 Θεοῦ

2166 3573 2263 3627 καὶ
2285 3575 2446 3629 πάλιν
2469 3592 2482 3606 ·
2517 3577 2692 3630 Ὅταν
2702 3576 2847 3646 ἕλοῃ
2875 3579 2940 3632 τὸ
2963 3579 3212 3645 τέλειον,
3241 3580 3341 3634 καὶ
3359 3579 3421 3634 τὸ
3438 3581 3735 3649 ἐκμέροιες

2163 3667 2522 3738 καταργηθῇ,
2574 3670 2666 3724 καὶ
2703 3670 2761 3724 τὸ
2803 3671 3004 3724 τέλειον
3051 3672 3146 3725 τοῦ
3176 3674 3422 3742 γενέσθαι
3456 3675 3572 3736 υίὸς
3599 3673 3730 3726 Θεοῦ

2163 3760 2459 3823 ἐλεύσεται,
2513 3761 2820 3832 καταργοῦν
2849 3761 2910 3815 τὸ
2943 3765 3005 3816 ὲκ
3037 3765 3230 3835 μέρους
3280 3765 3563 3833 γεγονέναι
3624 3767 3735 3818 υἱὸν

2161 3868 2281 3904 τινα
2309 3851 2402 3904 τοῦ
2429 3851 2584 3906 Θεοῦ.
2632 3852 2724 3923 Μὴ
2766 3852 3032 3924 ἀζήτητον
3061 3853 3118 3906 δὲ
3151 3853 3331 3907 ὲάσθω
3362 3855 3455 3907 καὶ
3502 3855 3565 3908 τὸ
3616 3856 3735 3925 περὶ

2161 3943 2257 3998 τοῦ
2315 3944 2540 4014 πότερόν
2595 3961 2724 3997 ποτε
2783 3945 3003 3998 δυνατὸν
3059 3947 3125 3998 ἐκ
3189 3946 3384 4017 μέρους
3440 3948 3537 4018 μὲν
3596 3946 3735 4002 εἶναι

2161 4035 2273 4090 υίόν
2330 4035 2427 4106 τῆς
2479 4034 2837 4107 διαφερούσης
2882 4036 3090 4108 μερίδος
3147 4037 3243 4108 τῆς
3297 4039 3422 4108 περὶ
3471 4040 3538 4093 τὰ
3597 4041 3733 4101 θεῖα,

2159 4127 2225 4180 ὲκ
2272 4127 2468 4198 μέρους
2500 4127 2556 4178 δὲ
2588 4127 2687 4198 τῆς
2719 4126 2991 4190 ἐναντίας·
3041 4127 3074 4198 ἢ
3116 4129 3273 4182 τοῦτο
3318 4131 3602 4201 ἀμήχανον
3649 4133 3738 4185 οὖ-

2159 4233 2269 4275 τως
2304 4217 2466 4286 ἔχειν’
2495 4209 2540 4284 ᾧ
2563 4215 2935 4281 συνεξετάσεις
2974 4217 3090 4282 πῶς
3130 4218 3374 4287 λέγονται
3409 4221 3516 4273 υἱοὶ
3551 4223 3737 4275 πολλοὶ

2159 4308 2278 4371 ἐνὸς
2310 4308 2534 4380 πατρὸς,
2570 4307 2795 4379 πότερον
2825 4307 2911 4360 διὰ
2955 4309 3081 4370 τοὺς
3115 4309 3431 4379 προγόνους,
3474 4312 3570 4364 καὶ
3606 4313 3738 4374 τοὺς

2160 4399 2220 4463 ἐξ
2253 4398 2509 4462 ἐκείνων,
2545 4398 2577 4469 ἢ
2615 4397 2754 4450 κατά
2788 4397 2988 4470 ταύτην
3021 4397 3119 4468 τὴν
3154 4399 3426 4452 ὑπόνοιαν.
3464 4399 3738 4462 Λαϐόντες

485 4507 637 4559 rum,
669 4507 735 4546 an
781 4503 999 4564 propter
1041 4494 1200 4548 talem
1251 4496 1761 4550 considerationem.
1813 4495 1880 4551 At
1930 4511 2056 4550 vero

2171 4486 2253 4544 οὖν
2287 4489 2534 4556 ἐξουσίαν
2559 4489 2726 4542 τέκνα
2769 4487 2904 4541 Θεοῦ
2941 4490 3224 4558 γενέσθαι,
3272 4491 3446 4544 πάντα
3484 4492 3742 4560 πράττω-

492 4598 616 4636 cum
649 4585 1023 4653 acceperimus
1050 4593 1371 4653 potestatem
1403 4595 1462 4639 ut
1489 4585 1786 4640 eliiciamur
1809 4585 1902 4639 ﬁlii
1943 4585 2058 4648 Dei,

482 4673 674 4727 omnia
700 4673 960 4728 faciamus
989 4682 1048 4728 ut
1076 4675 1250 4730 simus
1280 4690 1344 4728 ex
1385 4676 1512 4741 Deo,
1543 4687 1596 4730 et
1622 4678 1782 4732 verba
1810 4677 1932 4745 ejus
1962 4691 2058 4730 au-

490 4767 722 4826 diamus,
763 4774 817 4820 et
843 4767 1203 4835 proﬁciamus
1223 4767 1383 4820 etiam
1430 4769 1553 4837 quia
1608 4783 1794 4823 sumus
1825 4783 1890 4821 ex
1929 4768 2058 4830 Deo,

490 4866 550 4910 ut
579 4857 927 4926 proﬁciamus
953 4857 1119 4910 etiam
1155 4857 1282 4926 quin
1307 4859 1560 4912 audimus
1592 4859 1754 4912 verba
1793 4859 1908 4924 Dei,
1944 4858 2060 4925 plu-

489 4961 549 5001 ra
577 4963 646 5001 ex
684 4948 766 5002 bis
808 4948 994 5003 verbis
1023 4961 1239 5015 semper
1273 4945 1708 5012 ntauifestantes,
1739 4949 1916 5002 donec
1942 4963 2057 5001 om-

489 5036 580 5090 nia
620 5038 1022 5107 perceperimus
1062 5037 1227 5094 verba
1265 5037 1381 5102 Dei,
1408 5052 1529 5107 qua:
1561 5038 1639 5094 vel
1681 5053 1846 5100 nunc,
1877 5037 1962 5092 vel
2002 5039 2054 5091 iu

491 5133 766 5194 posterum
804 5128 1085 5199 percipere
1118 5137 1347 5200 possunt
1374 5128 1427 5182 bi
1464 5129 1552 5197 qui
1580 5128 1776 5198 spiritu
1807 5128 2054 5197 adoptio-

493 5215 578 5268 nis
606 5215 752 5285 digni
799 5217 964 5273 habiti
1009 5217 1234 5274 fuerint.
1269 5217 1496 5283 Quoties
1528 5216 1706 5271 autem
1740 5218 1901 5270 verba
1932 5231 2052 5285 qua:

494 5324 523 5360 ιι
567 5306 675 5363 Deo
711 5309 984 5378 dicuntur,
1020 5327 1124 5367 non
1155 5312 1427 5374 audimus,
1466 5311 1568 5365 boe
1609 5319 1715 5374 est,
1743 5324 1806 5363 ea
1835 5325 1938 5365 nou
1969 5308 2050 5361 in-

495 5399 809 5471 telligimus,
837 5403 996 5458 toties
1043 5415 1470 5460 consentaneum
1513 5411 1596 5456 est
1645 5415 1742 5455 nos
1776 5399 2050 5469 redargui,

2166 4599 2286 4652 μεν,
2314 4582 2400 4635 ἵνα
2428 4579 2710 4652 γενώμεθα
2756 4583 2820 4633 ὲκ
2849 4581 2942 4637 τοῦ
2969 4581 3126 4645 Θεοῦ,
3165 4583 3256 4636 καὶ
3287 4583 3353 4634 τά
3386 4584 3605 4654 ῥήματα
3638 4585 3741 4634 αὖ-

2161 4673 2256 4726 τοῦ
2300 4672 2624 4743 ἀκούσωμεν
2643 4711 2657 4735 ,
2689 4675 2782 4726 καὶ
2813 4673 3208 4742 τ-ιροκὸπτωμεν
3239 4674 3330 4726 xai
3355 4673 3416 4726 τὺ
3445 4671 3584 4728 εἶναι
3615 4675 3738 4744 (ίῦ)

2161 4766 2226 4818 ἐκ
2256 4765 2348 4819 τοῦ
2381 4763 2536 4827 Θεοῦ,
2589 4766 2674 4818 ἴνα
2722 4765 3119 4836 προκόπτωμεν
3144 4766 3237 4817 καὶ
3287 4767 3344 4819 ὲν
3388 4765 3468 4835 τῷ
3514 4765 3740 4818 ἀκούειν

2163 4859 2421 4930 ῥημάτων
2452 4858 2545 4911 τοῦ
2578 4858 2735 4922 Θεοῦ,
2767 4858 2987 4912 -ιιλείονει⁴
3013 4861 3075 4912 ὲκ
3117 4857 3320 4911 τούτων
3358 4859 3446 4912 ἀεὶ
3476 4858 3743 4929 τρανοῦνο

2163 4969 2274 5018 τες,
2303 4952 2408 5014 ἓως
2436 4952 2610 5005 πάντα
2653 4953 2990 5021 χωρήσωμεν
3032 4951 3098 5004 τὰ
3137 4953 3357 5022 ῥήματα
3387 4950 3483 5004 τοῦ
3515 4949 3679 5015 Θεοῦ,
3706 4953 3740 5018 ἦ

2161 5040 2260 5092 ὅσα
2289 5056 2352 5108 γε
2379 5039 2650 5110 ἐνδέχεται
2688 5040 2951 5110 χωρῆσαι,
2977 5041 3069 5092 καὶ
3101 5039 3216 5100 νῦν,
3255 5040 3350 5092 καὶ
3388 5039 3526 5109 μετὰ
3555 5039 3741 5091 ταῦτα

2159 5130 2286 5194 τοὺς
2309 5130 2661 5200 ἀξιουμένους
2689 5130 2789 5199 τῆς
2826 5130 3096 5194 υἱοθεσίας
3131 5131 3462 5201 πνεύματος.
3507 5129 3748 5191 ὐσάκις

2159 5219 2214 5273 δὲ
2238 5220 2496 5290 ῥημάτων
2527 5217 2832 5289 λεγομένων
2859 5219 2952 5272 τοῦ
2983 5219 3116 5272 Θεοῦ
3139 5221 3242 5273 οὐκ
3268 5219 3556 5289 ἀκούομεν.
3587 5235 3746 5271 τουτο

2161 5310 2340 5375 ἐστιν,
2396 5311 2457 5365 οὐ
2509 5309 2762 5381 συνίεμεν
2818 5311 3019 5376 αὐτῶν,
3074 5310 3397 5374 τοσαυτάκις
3447 5308 3750 5380 νομιστέον

2159 5400 2498 5472 ἐλέγχεσθαι,
2537 5402 2612 5465 ὼς
2633 5404 2733 5454 οὐκ
2763 5402 2920 5466 ὄντας
2965 5403 3030 5454 ἐκ
3077 5401 3170 5455 τοῦ
3225 5401 3382 5456 Θεοῦ·
3437 5400 3522 5456 διὰ
3566 5399 3748 5454 τοῦτο

597 5539 640 5571 ⁸⁸
667 5539 820 5594 Rom.
854 5542 1087 5608 vm,.l$.
1162 5542 1206 5575 ²⁹
1235 5541 1275 5596 ll
1299 5542 1426 5597 Cor.
1460 5557 1558 5603 xu,
1583 5542 1637 5595 4.
1712 5539 1755 5570 ³⁰
1795 5539 1949 5594 Joan.
1975 5552 2087 5603 XXI,
2117 5535 2208 5591 25.
2287 5535 2326 5568 ⁸¹
2359 5535 2524 5590 iCor.
2552 5552 2674 5600 xm,
2698 5536 2754 5600 9,
2791 5535 2874 5590 l0.

562 5634 853 5707 (Ii_')_l_.eg.
882 5630 980 5698 ὧν,
1008 5637 1088 5691 vel
1108 5637 1284 5707 potius
1317 5635 1376 5698 ἂ,
1412 5647 1466 5707 ut
1493 5638 1543 5690 in
1573 5637 1632 5690 Ν.
1656 5637 1718 5690 Τ.
1747 5636 1844 5692 Et).
1881 5636 2046 5690 Pun.

712 5704 994 5787 ittetiraritts
1019 5704 1250 5787 ﬁgebat,
1408 5705 1600 5770 οὕτως.

559 5776 672 5841 Ηῦ)
716 5778 890 5831 Codex
927 5775 1266 5840 BDtiiclitlltIS,
1300 5775 1435 5838 ὅλος.

2236 5631 2347 5697 (Η)
2385 5632 2475 5702 Vel
2503 5632 2784 5697 legendum
2806 5630 3047 5696 δυνατόν,
3083 5630 3165 5684 vel
3200 5630 3361 5701 paulo
3381 5637 3524 5702 post,
3545 5627 3747 5685 είαξν

2154 5702 2218 5754 ἂν
2243 5703 2302 5755 τὸ
2332 5701 2593 5754 τοιοῦτον.

2227 5773 2336 5842 U5)
2379 5774 2482 5826 Καὶ
2513 5771 2577 5824 τὸ
2619 5767 2788 5822 εἶναι.
2826 5768 2966 5841 ιερεο
2997 5774 3054 5826 ἐν
3074 5768 3149 5839 τῷ
3172 5765 3335 5825 εἶναι·
