  <div class='ocr_page' id='page_1' title='image "/cluster/home/n/w/nwhite01/storage/ocr_20150623/14/hvd.32044024333478/336.png"; bbox 0 0 4082 6518; ppageno 0'>
   <div class='ocr_carea' id='block_1_1' title="bbox 312 504 3665 619">
    <p class='ocr_par' dir='ltr' id='par_1_1' title="bbox 312 504 3665 619">
     <span class='ocr_line' id='line_1_1' title="bbox 312 504 3665 619; baseline -0.001 -25"><span class='ocrx_word' id='word_1_1' title='bbox 312 540 400 594; x_wconf 71' lang='grc' dir='ltr'>θῖῦ</span> <span class='ocrx_word' id='word_1_2' title='bbox 1356 537 1715 596; x_wconf 73' lang='lat' dir='ltr'><strong>COMMENT.</strong></span> <span class='ocrx_word' id='word_1_3' title='bbox 1761 537 1823 592; x_wconf 73' lang='lat' dir='ltr'><strong>IN</strong></span> <span class='ocrx_word' id='word_1_4' title='bbox 1867 536 2066 595; x_wconf 65' lang='lat' dir='ltr'><strong>JOAN.</strong></span> <span class='ocrx_word' id='word_1_5' title='bbox 2110 534 2347 594; x_wconf 81' lang='lat' dir='ltr'><strong>TOMUS</strong></span> <span class='ocrx_word' id='word_1_6' title='bbox 2390 504 2508 590; x_wconf 61' lang='lat' dir='ltr'><strong>xi.</strong></span> <span class='ocrx_word' id='word_1_7' title='bbox 3459 549 3583 619; x_wconf 59' lang='grc' dir='ltr'><strong>ιωΔ</strong></span> <span class='ocrx_word' id='word_1_8' title='bbox 3658 545 3665 551; x_wconf 58' lang='grc' dir='ltr'><strong>ο</strong></span> 
     </span>
    </p>
   </div>
   <div class='ocr_carea' id='block_1_2' title="bbox 305 653 1863 732">
    <p class='ocr_par' dir='ltr' id='par_1_2' title="bbox 305 656 1863 732">
     <span class='ocr_line' id='line_1_2' title="bbox 305 656 1863 732; baseline -0.004 -18"><span class='ocrx_word' id='word_1_9' title='bbox 305 660 477 730; x_wconf 80' lang='grc' dir='ltr'>λόγον,</span> <span class='ocrx_word' id='word_1_10' title='bbox 528 658 831 714; x_wconf 71' lang='grc' dir='ltr'>καὶταῦτα</span> <span class='ocrx_word' id='word_1_11' title='bbox 879 660 1199 732; x_wconf 77' lang='grc' dir='ltr'><strong>ἀναγραφῆς</strong></span> <span class='ocrx_word' id='word_1_12' title='bbox 1252 659 1552 725; x_wconf 80' lang='grc' dir='ltr'><strong>ἀξιωθέντα</strong></span> <span class='ocrx_word' id='word_1_13' title='bbox 1603 657 1708 712; x_wconf 78' lang='grc' dir='ltr'>ὑπὸ</span> <span class='ocrx_word' id='word_1_14' title='bbox 1761 656 1863 710; x_wconf 84' lang='grc' dir='ltr'><strong>τῶν</strong></span> 
     </span>
    </p>
   </div>
   <div class='ocr_carea' id='block_1_3' title="bbox 1967 653 3568 732">
    <p class='ocr_par' dir='ltr' id='par_1_3' title="bbox 1976 653 3568 726">
     <span class='ocr_line' id='line_1_3' title="bbox 1976 653 3568 726; baseline 0.003 -16"><span class='ocrx_word' id='word_1_15' title='bbox 1976 655 2182 712; x_wconf 91' lang='lat' dir='ltr'><strong>nullum</strong></span> <span class='ocrx_word' id='word_1_16' title='bbox 2217 653 2344 711; x_wconf 75' lang='lat' dir='ltr'><strong>Jestt</strong></span> <span class='ocrx_word' id='word_1_17' title='bbox 2385 655 2637 720; x_wconf 84' lang='lat' dir='ltr'><strong>verbum,</strong></span> <span class='ocrx_word' id='word_1_18' title='bbox 2676 657 2983 725; x_wconf 70' lang='lat' dir='ltr'><strong>prtesertim</strong></span> <span class='ocrx_word' id='word_1_19' title='bbox 3015 658 3160 726; x_wconf 86' lang='lat' dir='ltr'><strong>quod</strong></span> <span class='ocrx_word' id='word_1_20' title='bbox 3191 657 3432 715; x_wconf 86' lang='lat' dir='ltr'><strong>habitum</strong></span> <span class='ocrx_word' id='word_1_21' title='bbox 3484 654 3568 709; x_wconf 82' lang='lat' dir='ltr'><strong>di-</strong></span> 
     </span>
    </p>
   </div>
   <div class='ocr_carea' id='block_1_4' title="bbox 303 748 1872 824">
    <p class='ocr_par' dir='ltr' id='par_1_4' title="bbox 303 748 1872 824">
     <span class='ocr_line' id='line_1_4' title="bbox 303 748 1872 824; baseline -0.002 -18"><span class='ocrx_word' id='word_1_22' title='bbox 303 752 456 820; x_wconf 82' lang='grc' dir='ltr'>ἀγίων</span> <span class='ocrx_word' id='word_1_23' title='bbox 486 751 754 824; x_wconf 71' lang='grc' dir='ltr'>μαθητῶν</span> <span class='ocrx_word' id='word_1_24' title='bbox 795 752 959 807; x_wconf 83' lang='grc' dir='ltr'>αὐτοῦ</span> <span class='ocrx_word' id='word_1_25' title='bbox 984 792 1001 818; x_wconf 92' lang='grc'><strong>,</strong></span> <span class='ocrx_word' id='word_1_26' title='bbox 1048 752 1123 816; x_wconf 86' lang='grc' dir='ltr'>ὼς</span> <span class='ocrx_word' id='word_1_27' title='bbox 1168 753 1356 823; x_wconf 79' lang='grc' dir='ltr'>ἔτυχεν</span> <span class='ocrx_word' id='word_1_28' title='bbox 1394 752 1675 807; x_wconf 76' lang='grc' dir='ltr'><strong>ἐκδεκτέον</strong></span> <span class='ocrx_word' id='word_1_29' title='bbox 1696 770 1708 781; x_wconf 88' lang='grc'>·</span> <span class='ocrx_word' id='word_1_30' title='bbox 1737 748 1872 805; x_wconf 84' lang='grc' dir='ltr'><strong>ἀλλά</strong></span> 
     </span>
    </p>
   </div>
   <div class='ocr_carea' id='block_1_5' title="bbox 302 838 1872 916">
    <p class='ocr_par' dir='ltr' id='par_1_5' title="bbox 302 838 1872 916">
     <span class='ocr_line' id='line_1_5' title="bbox 302 838 1872 916; baseline -0.001 -20"><span class='ocrx_word' id='word_1_31' title='bbox 302 847 465 897; x_wconf 79' lang='grc' dir='ltr'>πᾶσαν</span> <span class='ocrx_word' id='word_1_32' title='bbox 496 843 737 913; x_wconf 78' lang='grc' dir='ltr'>βάσανον</span> <span class='ocrx_word' id='word_1_33' title='bbox 786 845 1025 909; x_wconf 72' lang='grc' dir='ltr'>καὶτοῖς</span> <span class='ocrx_word' id='word_1_34' title='bbox 1074 844 1450 916; x_wconf 77' lang='grc' dir='ltr'><strong>νομιζομένοις</strong></span> <span class='ocrx_word' id='word_1_35' title='bbox 1498 838 1638 897; x_wconf 76' lang='grc' dir='ltr'>εἶναι</span> <span class='ocrx_word' id='word_1_36' title='bbox 1675 841 1872 912; x_wconf 81' lang='grc' dir='ltr'><strong>σαφέσι</strong></span> 
     </span>
    </p>
   </div>
   <div class='ocr_carea' id='block_1_6' title="bbox 303 932 1870 1005">
    <p class='ocr_par' dir='ltr' id='par_1_6' title="bbox 303 932 1870 1005">
     <span class='ocr_line' id='line_1_6' title="bbox 303 932 1870 1005; baseline -0.002 -17"><span class='ocrx_word' id='word_1_37' title='bbox 303 935 629 1001; x_wconf 81' lang='grc' dir='ltr'>προσακτέον</span> <span class='ocrx_word' id='word_1_38' title='bbox 656 976 673 1001; x_wconf 91' lang='grc'><strong>,</strong></span> <span class='ocrx_word' id='word_1_39' title='bbox 727 936 831 990; x_wconf 81' lang='grc' dir='ltr'><strong>ούκ</strong></span> <span class='ocrx_word' id='word_1_40' title='bbox 860 935 1333 1005; x_wconf 81' lang='grc' dir='ltr'>ἀπογινώσκοντα,</span> <span class='ocrx_word' id='word_1_41' title='bbox 1370 935 1453 989; x_wconf 79' lang='grc' dir='ltr'><strong>ὅτι</strong></span> <span class='ocrx_word' id='word_1_42' title='bbox 1482 934 1576 988; x_wconf 74' lang='grc' dir='ltr'>καὶ</span> <span class='ocrx_word' id='word_1_43' title='bbox 1615 933 1745 1005; x_wconf 70' lang='grc' dir='ltr'>περὶ</span> <span class='ocrx_word' id='word_1_44' title='bbox 1780 932 1870 985; x_wconf 81' lang='grc' dir='ltr'><strong>τὸν</strong></span> 
     </span>
    </p>
   </div>
   <div class='ocr_carea' id='block_1_7' title="bbox 301 1023 1867 1099">
    <p class='ocr_par' dir='ltr' id='par_1_7' title="bbox 301 1023 1867 1099">
     <span class='ocr_line' id='line_1_7' title="bbox 301 1023 1867 1099; baseline 0 -20"><span class='ocrx_word' id='word_1_45' title='bbox 301 1025 653 1097; x_wconf 76' lang='grc' dir='ltr'>ἀνυπονόητον</span> <span class='ocrx_word' id='word_1_46' title='bbox 688 1028 782 1082; x_wconf 76' lang='grc' dir='ltr'><strong>καὶ</strong></span> <span class='ocrx_word' id='word_1_47' title='bbox 814 1028 1018 1082; x_wconf 79' lang='grc' dir='ltr'>ἁπλοῦν</span> <span class='ocrx_word' id='word_1_48' title='bbox 1061 1023 1197 1082; x_wconf 77' lang='grc' dir='ltr'>εἶναι</span> <span class='ocrx_word' id='word_1_49' title='bbox 1228 1026 1554 1099; x_wconf 80' lang='grc' dir='ltr'>νομισθέντα</span> <span class='ocrx_word' id='word_1_50' title='bbox 1584 1026 1741 1097; x_wconf 89' lang='grc' dir='ltr'>λόγον</span> <span class='ocrx_word' id='word_1_51' title='bbox 1769 1026 1867 1079; x_wconf 83' lang='grc' dir='ltr'>αύ-</span> 
     </span>
    </p>
   </div>
   <div class='ocr_carea' id='block_1_8' title="bbox 300 1112 1867 1189">
    <p class='ocr_par' dir='ltr' id='par_1_8' title="bbox 300 1112 1867 1189">
     <span class='ocr_line' id='line_1_8' title="bbox 300 1112 1867 1189; baseline 0.004 -24"><span class='ocrx_word' id='word_1_52' title='bbox 300 1112 379 1166; x_wconf 83' lang='grc' dir='ltr'><strong>τοῦ</strong></span> <span class='ocrx_word' id='word_1_53' title='bbox 414 1112 775 1185; x_wconf 66' lang='grc' dir='ltr'>εὑρεθήσεται</span> <span class='ocrx_word' id='word_1_54' title='bbox 820 1118 934 1181; x_wconf 86' lang='grc' dir='ltr'>τοῖς</span> <span class='ocrx_word' id='word_1_55' title='bbox 986 1114 1161 1189; x_wconf 82' lang='grc' dir='ltr'><strong>ὀρθῶς</strong></span> <span class='ocrx_word' id='word_1_56' title='bbox 1215 1115 1469 1188; x_wconf 82' lang='grc' dir='ltr'>ζητοῦσιν</span> <span class='ocrx_word' id='word_1_57' title='bbox 1502 1115 1651 1181; x_wconf 79' lang='grc' dir='ltr'>ἄξιόν</span> <span class='ocrx_word' id='word_1_58' title='bbox 1683 1133 1734 1169; x_wconf 92' lang='grc' dir='ltr'><strong>τι</strong></span> <span class='ocrx_word' id='word_1_59' title='bbox 1772 1113 1867 1173; x_wconf 89' lang='grc' dir='ltr'><strong>τοῦ</strong></span> 
     </span>
    </p>
   </div>
   <div class='ocr_carea' id='block_1_9' title="bbox 302 1206 1864 1281">
    <p class='ocr_par' dir='ltr' id='par_1_9' title="bbox 302 1206 1864 1281">
     <span class='ocr_line' id='line_1_9' title="bbox 302 1206 1864 1281; baseline 0.001 -22"><span class='ocrx_word' id='word_1_60' title='bbox 302 1206 432 1277; x_wconf 84' lang='grc' dir='ltr'>ίεροῦ</span> <span class='ocrx_word' id='word_1_61' title='bbox 467 1206 747 1278; x_wconf 89' lang='grc' dir='ltr'>στόματος</span> <span class='ocrx_word' id='word_1_62' title='bbox 795 1208 1026 1263; x_wconf 78' lang='grc' dir='ltr'>ἐκείνου.</span> <span class='ocrx_word' id='word_1_63' title='bbox 1058 1207 1121 1261; x_wconf 84' lang='grc' dir='ltr'><strong>Εἰ</strong></span> <span class='ocrx_word' id='word_1_64' title='bbox 1154 1207 1211 1261; x_wconf 85' lang='grc' dir='ltr'><strong>δέ</strong></span> <span class='ocrx_word' id='word_1_65' title='bbox 1244 1226 1345 1262; x_wconf 88' lang='grc' dir='ltr'><strong>που</strong></span> <span class='ocrx_word' id='word_1_66' title='bbox 1381 1209 1456 1281; x_wconf 84' lang='grc' dir='ltr'>μὴ</span> <span class='ocrx_word' id='word_1_67' title='bbox 1501 1207 1828 1279; x_wconf 78' lang='grc' dir='ltr'>εὑρίσκομεν</span> <span class='ocrx_word' id='word_1_68' title='bbox 1849 1246 1864 1270; x_wconf 90' lang='grc'><strong>,</strong></span> 
     </span>
    </p>
   </div>
   <div class='ocr_carea' id='block_1_10' title="bbox 299 1297 1865 1370">
    <p class='ocr_par' dir='ltr' id='par_1_10' title="bbox 299 1297 1865 1370">
     <span class='ocr_line' id='line_1_10' title="bbox 299 1297 1865 1370; baseline 0.001 -19"><span class='ocrx_word' id='word_1_69' title='bbox 299 1299 432 1367; x_wconf 76' lang='grc' dir='ltr'>ἡμᾶς</span> <span class='ocrx_word' id='word_1_70' title='bbox 453 1339 469 1365; x_wconf 89' lang='grc'><strong>,</strong></span> <span class='ocrx_word' id='word_1_71' title='bbox 525 1298 629 1351; x_wconf 70' lang='grc' dir='ltr'>καὶ</span> <span class='ocrx_word' id='word_1_72' title='bbox 678 1299 741 1353; x_wconf 70' lang='grc' dir='ltr'>οὗ</span> <span class='ocrx_word' id='word_1_73' title='bbox 793 1297 949 1369; x_wconf 85' lang='grc' dir='ltr'>λόγον</span> <span class='ocrx_word' id='word_1_74' title='bbox 994 1299 1089 1353; x_wconf 91' lang='grc' dir='ltr'><strong>τοῦ</strong></span> <span class='ocrx_word' id='word_1_75' title='bbox 1140 1299 1318 1370; x_wconf 82' lang='grc' dir='ltr'>Ἰησοῦ</span> <span class='ocrx_word' id='word_1_76' title='bbox 1351 1298 1642 1367; x_wconf 84' lang='grc' dir='ltr'>αἰτιατέον,</span> <span class='ocrx_word' id='word_1_77' title='bbox 1693 1297 1768 1365; x_wconf 87' lang='grc' dir='ltr'>ὡς</span> <span class='ocrx_word' id='word_1_78' title='bbox 1804 1299 1865 1353; x_wconf 84' lang='grc' dir='ltr'><strong>ού</strong></span> 
     </span>
    </p>
   </div>
   <div class='ocr_carea' id='block_1_11' title="bbox 299 1386 1866 1461">
    <p class='ocr_par' dir='ltr' id='par_1_11' title="bbox 299 1386 1866 1461">
     <span class='ocr_line' id='line_1_11' title="bbox 299 1386 1866 1461; baseline 0.001 -22"><span class='ocrx_word' id='word_1_79' title='bbox 299 1387 513 1440; x_wconf 49' lang='grc' dir='ltr'>πνέοντα</span> <span class='ocrx_word' id='word_1_80' title='bbox 542 1386 657 1441; x_wconf 79' lang='grc' dir='ltr'>τῶν</span> <span class='ocrx_word' id='word_1_81' title='bbox 692 1390 758 1442; x_wconf 76' lang='grc' dir='ltr'>ἐκ</span> <span class='ocrx_word' id='word_1_82' title='bbox 800 1386 1167 1460; x_wconf 80' lang='grc' dir='ltr'>πληρώματος</span> <span class='ocrx_word' id='word_1_83' title='bbox 1211 1388 1424 1461; x_wconf 82' lang='grc' dir='ltr'>μεστῶν</span> <span class='ocrx_word' id='word_1_84' title='bbox 1472 1388 1728 1461; x_wconf 83' lang='grc' dir='ltr'><strong>ἀληθείας</strong></span> <span class='ocrx_word' id='word_1_85' title='bbox 1771 1388 1866 1443; x_wconf 77' lang='grc' dir='ltr'>καὶ</span> 
     </span>
    </p>
   </div>
   <div class='ocr_carea' id='block_1_12' title="bbox 300 1476 1867 1551">
    <p class='ocr_par' dir='ltr' id='par_1_12' title="bbox 300 1476 1867 1551">
     <span class='ocr_line' id='line_1_12' title="bbox 300 1476 1867 1551; baseline 0.001 -22"><span class='ocrx_word' id='word_1_86' title='bbox 300 1476 476 1546; x_wconf 83' lang='grc' dir='ltr'>σοφίας</span> <span class='ocrx_word' id='word_1_87' title='bbox 503 1476 817 1548; x_wconf 80' lang='grc' dir='ltr'>δογμάτων.</span> <span class='ocrx_word' id='word_1_88' title='bbox 858 1476 1045 1533; x_wconf 89' lang='grc' dir='ltr'>Ταῦτα</span> <span class='ocrx_word' id='word_1_89' title='bbox 1083 1477 1141 1531; x_wconf 86' lang='grc' dir='ltr'><strong>δέ</strong></span> <span class='ocrx_word' id='word_1_90' title='bbox 1183 1496 1273 1549; x_wconf 90' lang='grc' dir='ltr'><strong>μοι</strong></span> <span class='ocrx_word' id='word_1_91' title='bbox 1312 1477 1525 1551; x_wconf 79' lang='grc' dir='ltr'>εἴρηται</span> <span class='ocrx_word' id='word_1_92' title='bbox 1561 1477 1867 1550; x_wconf 76' lang='grc' dir='ltr'>βουλομένῳ</span> 
     </span>
    </p>
   </div>
   <div class='ocr_carea' id='block_1_13' title="bbox 297 1566 1864 1641">
    <p class='ocr_par' dir='ltr' id='par_1_13' title="bbox 297 1566 1864 1641">
     <span class='ocr_line' id='line_1_13' title="bbox 297 1566 1864 1641; baseline 0.003 -23"><span class='ocrx_word' id='word_1_93' title='bbox 297 1566 532 1634; x_wconf 77' lang='grc' dir='ltr'>ἐξετάσαι</span> <span class='ocrx_word' id='word_1_94' title='bbox 581 1569 678 1623; x_wconf 88' lang='grc' dir='ltr'>τό·</span> <span class='ocrx_word' id='word_1_95' title='bbox 719 1568 868 1639; x_wconf 72' lang='grc' dir='ltr'>Ἐγὼ</span> <span class='ocrx_word' id='word_1_96' title='bbox 895 1568 1206 1638; x_wconf 80' lang='grc' dir='ltr'>δαιμόνιον</span> <span class='ocrx_word' id='word_1_97' title='bbox 1244 1572 1357 1625; x_wconf 82' lang='grc' dir='ltr'>οὐκ</span> <span class='ocrx_word' id='word_1_98' title='bbox 1396 1570 1542 1641; x_wconf 76' lang='grc' dir='ltr'><strong>ἔχω·</strong></span> <span class='ocrx_word' id='word_1_99' title='bbox 1580 1571 1649 1625; x_wconf 79' lang='grc' dir='ltr'>δι’</span> <span class='ocrx_word' id='word_1_100' title='bbox 1683 1566 1745 1626; x_wconf 81' lang='grc' dir='ltr'><strong>οῦ</strong></span> <span class='ocrx_word' id='word_1_101' title='bbox 1783 1569 1864 1623; x_wconf 90' lang='grc' dir='ltr'>δι-</span> 
     </span>
    </p>
   </div>
   <div class='ocr_carea' id='block_1_14' title="bbox 296 1657 1867 1733">
    <p class='ocr_par' dir='ltr' id='par_1_14' title="bbox 296 1657 1867 1733">
     <span class='ocr_line' id='line_1_14' title="bbox 296 1657 1867 1733; baseline 0.003 -22"><span class='ocrx_word' id='word_1_102' title='bbox 296 1657 597 1729; x_wconf 80' lang='grc' dir='ltr'>δασκόμεθα</span> <span class='ocrx_word' id='word_1_103' title='bbox 628 1661 828 1726; x_wconf 81' lang='grc' dir='ltr'>πάντες</span> <span class='ocrx_word' id='word_1_104' title='bbox 874 1662 924 1714; x_wconf 89' lang='grc' dir='ltr'><strong>οί</strong></span> <span class='ocrx_word' id='word_1_105' title='bbox 969 1660 1047 1733; x_wconf 80' lang='grc' dir='ltr'><strong>τῷ</strong></span> <span class='ocrx_word' id='word_1_106' title='bbox 1084 1660 1398 1733; x_wconf 85' lang='grc' dir='ltr'>Εὑαγγελίῳ</span> <span class='ocrx_word' id='word_1_107' title='bbox 1452 1662 1867 1733; x_wconf 72' lang='grc' dir='ltr'>ἐντυγχάνοντες</span> 
     </span>
    </p>
   </div>
   <div class='ocr_carea' id='block_1_15' title="bbox 297 1752 1864 1826">
    <p class='ocr_par' dir='ltr' id='par_1_15' title="bbox 297 1752 1864 1826">
     <span class='ocr_line' id='line_1_15' title="bbox 297 1752 1864 1826; baseline 0.004 -24"><span class='ocrx_word' id='word_1_108' title='bbox 297 1753 509 1823; x_wconf 75' lang='grc' dir='ltr'>πρᾶγμα</span> <span class='ocrx_word' id='word_1_109' title='bbox 540 1752 570 1806; x_wconf 84' lang='grc' dir='ltr'><strong>δ</strong></span> <span class='ocrx_word' id='word_1_110' title='bbox 600 1754 704 1807; x_wconf 87' lang='grc' dir='ltr'><strong>ούκ</strong></span> <span class='ocrx_word' id='word_1_111' title='bbox 731 1753 953 1825; x_wconf 68' lang='grc' dir='ltr'>ᾔδειμεν</span> <span class='ocrx_word' id='word_1_112' title='bbox 986 1753 1081 1808; x_wconf 72' lang='grc' dir='ltr'><strong>καὶ</strong></span> <span class='ocrx_word' id='word_1_113' title='bbox 1114 1752 1243 1825; x_wconf 72' lang='grc' dir='ltr'>πρὶν</span> <span class='ocrx_word' id='word_1_114' title='bbox 1274 1753 1514 1824; x_wconf 78' lang='grc' dir='ltr'>ἐντυχεῖν</span> <span class='ocrx_word' id='word_1_115' title='bbox 1567 1753 1650 1826; x_wconf 83' lang='grc' dir='ltr'>τῷ</span> <span class='ocrx_word' id='word_1_116' title='bbox 1688 1754 1864 1823; x_wconf 83' lang='grc' dir='ltr'>Εὐαγ-</span> 
     </span>
    </p>
   </div>
   <div class='ocr_carea' id='block_1_16' title="bbox 297 1842 1864 1921">
    <p class='ocr_par' dir='ltr' id='par_1_16' title="bbox 297 1842 1864 1921">
     <span class='ocr_line' id='line_1_16' title="bbox 297 1842 1864 1921; baseline 0.004 -27"><span class='ocrx_word' id='word_1_117' title='bbox 297 1842 463 1913; x_wconf 87' lang='grc' dir='ltr'>γελίῳ.</span> <span class='ocrx_word' id='word_1_118' title='bbox 495 1843 563 1896; x_wconf 91' lang='grc' dir='ltr'>Τί</span> <span class='ocrx_word' id='word_1_119' title='bbox 595 1844 654 1898; x_wconf 82' lang='grc' dir='ltr'>δὲ</span> <span class='ocrx_word' id='word_1_120' title='bbox 684 1844 844 1898; x_wconf 89' lang='grc' dir='ltr'>τοῦτό</span> <span class='ocrx_word' id='word_1_121' title='bbox 875 1847 1023 1900; x_wconf 76' lang='grc' dir='ltr'>ἐστιν</span> <span class='ocrx_word' id='word_1_122' title='bbox 1054 1844 1154 1919; x_wconf 70' lang='grc' dir='ltr'>ἤδη</span> <span class='ocrx_word' id='word_1_123' title='bbox 1194 1847 1575 1920; x_wconf 83' lang='grc' dir='ltr'>κατανοητέον.</span> <span class='ocrx_word' id='word_1_124' title='bbox 1616 1848 1864 1921; x_wconf 83' lang='grc' dir='ltr'>Ἀρέσκει</span> 
     </span>
    </p>
   </div>
   <div class='ocr_carea' id='block_1_17' title="bbox 300 1936 1865 2016">
    <p class='ocr_par' dir='ltr' id='par_1_17' title="bbox 300 1936 1865 2016">
     <span class='ocr_line' id='line_1_17' title="bbox 300 1936 1865 2016; baseline 0.004 -27"><span class='ocrx_word' id='word_1_125' title='bbox 300 1936 422 1990; x_wconf 84' lang='grc' dir='ltr'><strong>κατά</strong></span> <span class='ocrx_word' id='word_1_126' title='bbox 452 1936 555 2002; x_wconf 84' lang='grc' dir='ltr'><strong>τάς</strong></span> <span class='ocrx_word' id='word_1_127' title='bbox 585 1937 816 2011; x_wconf 79' lang='grc' dir='ltr'>Γραφάς</span> <span class='ocrx_word' id='word_1_128' title='bbox 846 1940 974 2004; x_wconf 81' lang='grc' dir='ltr'>τοὺς</span> <span class='ocrx_word' id='word_1_129' title='bbox 1027 1941 1437 2016; x_wconf 80' lang='grc' dir='ltr'>ἁμαρτάνοντας</span> <span class='ocrx_word' id='word_1_130' title='bbox 1477 1941 1650 1997; x_wconf 88' lang='grc' dir='ltr'>πολλά</span> <span class='ocrx_word' id='word_1_131' title='bbox 1692 1944 1865 1997; x_wconf 81' lang='grc' dir='ltr'>ποιεῖν</span> 
     </span>
    </p>
   </div>
   <div class='ocr_carea' id='block_1_18' title="bbox 1972 740 3555 821">
    <p class='ocr_par' dir='ltr' id='par_1_18' title="bbox 1972 740 3555 821">
     <span class='ocr_line' id='line_1_18' title="bbox 1972 740 3555 821; baseline -0.001 -22"><span class='ocrx_word' id='word_1_132' title='bbox 1972 760 2136 816; x_wconf 90' lang='lat' dir='ltr'><strong>gnum</strong></span> <span class='ocrx_word' id='word_1_133' title='bbox 2182 742 2344 797; x_wconf 82' lang='lat' dir='ltr'><strong>fuerit</strong></span> <span class='ocrx_word' id='word_1_134' title='bbox 2395 745 2692 814; x_wconf 73' lang='lat' dir='ltr'><strong>scriptione</strong></span> <span class='ocrx_word' id='word_1_135' title='bbox 2729 759 2757 797; x_wconf 89' lang='lat' dir='ltr'><strong>a</strong></span> <span class='ocrx_word' id='word_1_136' title='bbox 2803 746 3009 802; x_wconf 77' lang='lat' dir='ltr'><strong>sanctis</strong></span> <span class='ocrx_word' id='word_1_137' title='bbox 3034 746 3204 817; x_wconf 87' lang='lat' dir='ltr'><strong>ipsius</strong></span> <span class='ocrx_word' id='word_1_138' title='bbox 3228 740 3555 821; x_wconf 72' lang='lat' dir='ltr'><strong>discipulis,</strong></span> 
     </span>
    </p>
   </div>
   <div class='ocr_carea' id='block_1_19' title="bbox 1976 834 3571 907">
    <p class='ocr_par' dir='ltr' id='par_1_19' title="bbox 1976 834 3571 907">
     <span class='ocr_line' id='line_1_19' title="bbox 1976 834 3571 907; baseline 0.005 -18"><span class='ocrx_word' id='word_1_139' title='bbox 1976 835 2273 907; x_wconf 83' lang='lat' dir='ltr'><strong>vulgariter</strong></span> <span class='ocrx_word' id='word_1_140' title='bbox 2302 834 2710 904; x_wconf 79' lang='lat' dir='ltr'><strong>intelligendum</strong></span> <span class='ocrx_word' id='word_1_141' title='bbox 2740 844 2843 891; x_wconf 84' lang='lat' dir='ltr'><strong>est.</strong></span> <span class='ocrx_word' id='word_1_142' title='bbox 2881 837 3024 904; x_wconf 80' lang='lat' dir='ltr'><strong>Quin</strong></span> <span class='ocrx_word' id='word_1_143' title='bbox 3067 839 3233 893; x_wconf 82' lang='lat' dir='ltr'><strong>etiam</strong></span> <span class='ocrx_word' id='word_1_144' title='bbox 3263 843 3443 899; x_wconf 85' lang='lat' dir='ltr'><strong>omnis</strong></span> <span class='ocrx_word' id='word_1_145' title='bbox 3488 845 3571 901; x_wconf 83' lang='lat' dir='ltr'><strong>di-</strong></span> 
     </span>
    </p>
   </div>
   <div class='ocr_carea' id='block_1_20' title="bbox 1972 924 3571 1002">
    <p class='ocr_par' dir='ltr' id='par_1_20' title="bbox 1972 924 3571 1002">
     <span class='ocr_line' id='line_1_20' title="bbox 1972 924 3571 1002; baseline -0.002 -20"><span class='ocrx_word' id='word_1_146' title='bbox 1972 926 2195 997; x_wconf 69' lang='lat' dir='ltr'><strong>ligentia</strong></span> <span class='ocrx_word' id='word_1_147' title='bbox 2238 924 2547 981; x_wconf 80' lang='lat' dir='ltr'><strong>adhibenda</strong></span> <span class='ocrx_word' id='word_1_148' title='bbox 2581 936 2665 981; x_wconf 87' lang='lat' dir='ltr'><strong>est</strong></span> <span class='ocrx_word' id='word_1_149' title='bbox 2705 941 2736 980; x_wconf 88' lang='lat' dir='ltr'><strong>a</strong></span> <span class='ocrx_word' id='word_1_150' title='bbox 2784 926 2940 983; x_wconf 86' lang='lat' dir='ltr'><strong>nobis</strong></span> <span class='ocrx_word' id='word_1_151' title='bbox 2970 927 3057 983; x_wconf 87' lang='lat' dir='ltr'><strong>bis</strong></span> <span class='ocrx_word' id='word_1_152' title='bbox 3087 930 3252 985; x_wconf 90' lang='lat' dir='ltr'><strong>etiam</strong></span> <span class='ocrx_word' id='word_1_153' title='bbox 3280 948 3404 1002; x_wconf 71' lang='lat' dir='ltr'><strong>quae</strong></span> <span class='ocrx_word' id='word_1_154' title='bbox 3450 938 3571 992; x_wconf 84' lang='lat' dir='ltr'><strong>exi-</strong></span> 
     </span>
    </p>
   </div>
   <div class='ocr_carea' id='block_1_21' title="bbox 1970 1016 3569 1091">
    <p class='ocr_par' dir='ltr' id='par_1_21' title="bbox 1970 1016 3569 1091">
     <span class='ocr_line' id='line_1_21' title="bbox 1970 1016 3569 1091; baseline 0.006 -19"><span class='ocrx_word' id='word_1_155' title='bbox 1970 1017 2265 1073; x_wconf 85' lang='lat' dir='ltr'><strong>stimantur</strong></span> <span class='ocrx_word' id='word_1_156' title='bbox 2291 1025 2511 1087; x_wconf 85' lang='lat' dir='ltr'><strong>aperta;</strong></span> <span class='ocrx_word' id='word_1_157' title='bbox 2543 1030 2650 1071; x_wconf 89' lang='lat' dir='ltr'><strong>non</strong></span> <span class='ocrx_word' id='word_1_158' title='bbox 2681 1016 3036 1087; x_wconf 73' lang='lat' dir='ltr'><strong>desperantes</strong></span> <span class='ocrx_word' id='word_1_159' title='bbox 3057 1018 3112 1074; x_wconf 92' lang='lat' dir='ltr'><strong>In</strong></span> <span class='ocrx_word' id='word_1_160' title='bbox 3135 1019 3251 1088; x_wconf 82' lang='lat' dir='ltr'><strong>ejus</strong></span> <span class='ocrx_word' id='word_1_161' title='bbox 3277 1036 3418 1078; x_wconf 82' lang='lat' dir='ltr'><strong>serm</strong></span> <span class='ocrx_word' id='word_1_162' title='bbox 3437 1039 3569 1091; x_wconf 74' lang='lat' dir='ltr'><strong>one,</strong></span> 
     </span>
    </p>
   </div>
   <div class='ocr_carea' id='block_1_22' title="bbox 1971 1109 3567 1183">
    <p class='ocr_par' dir='ltr' id='par_1_22' title="bbox 1971 1109 3567 1183">
     <span class='ocr_line' id='line_1_22' title="bbox 1971 1109 3567 1183; baseline 0.004 -19"><span class='ocrx_word' id='word_1_163' title='bbox 1971 1109 2186 1164; x_wconf 89' lang='lat' dir='ltr'><strong>etiamsi</strong></span> <span class='ocrx_word' id='word_1_164' title='bbox 2230 1115 2693 1178; x_wconf 84' lang='lat' dir='ltr'><strong>extemporaneus</strong></span> <span class='ocrx_word' id='word_1_165' title='bbox 2728 1118 2783 1165; x_wconf 90' lang='lat' dir='ltr'><strong>et</strong></span> <span class='ocrx_word' id='word_1_166' title='bbox 2829 1109 3061 1182; x_wconf 76' lang='lat' dir='ltr'><strong>simplex</strong></span> <span class='ocrx_word' id='word_1_167' title='bbox 3108 1127 3229 1170; x_wconf 83' lang='lat' dir='ltr'><strong>esse</strong></span> <span class='ocrx_word' id='word_1_168' title='bbox 3271 1119 3567 1183; x_wconf 86' lang='lat' dir='ltr'><strong>credatur,</strong></span> 
     </span>
    </p>
   </div>
   <div class='ocr_carea' id='block_1_23' title="bbox 1970 1198 3565 1278">
    <p class='ocr_par' dir='ltr' id='par_1_23' title="bbox 1970 1198 3565 1278">
     <span class='ocr_line' id='line_1_23' title="bbox 1970 1198 3565 1278; baseline 0.006 -23"><span class='ocrx_word' id='word_1_169' title='bbox 1970 1198 2203 1256; x_wconf 79' lang='lat' dir='ltr'><strong>inveniri</strong></span> <span class='ocrx_word' id='word_1_170' title='bbox 2242 1213 2459 1269; x_wconf 91' lang='lat' dir='ltr'><strong>semper</strong></span> <span class='ocrx_word' id='word_1_171' title='bbox 2503 1198 2708 1271; x_wconf 87' lang='lat' dir='ltr'><strong>aliquid</strong></span> <span class='ocrx_word' id='word_1_172' title='bbox 2748 1200 2895 1265; x_wconf 81' lang='lat' dir='ltr'><strong>illius</strong></span> <span class='ocrx_word' id='word_1_173' title='bbox 2930 1218 3027 1261; x_wconf 90' lang='lat' dir='ltr'><strong>ore</strong></span> <span class='ocrx_word' id='word_1_174' title='bbox 3076 1219 3235 1262; x_wconf 85' lang='lat' dir='ltr'><strong>sacro</strong></span> <span class='ocrx_word' id='word_1_175' title='bbox 3265 1208 3488 1278; x_wconf 83' lang='lat' dir='ltr'><strong>dignum</strong></span> <span class='ocrx_word' id='word_1_176' title='bbox 3533 1224 3565 1264; x_wconf 83' lang='lat' dir='ltr'><strong>a</strong></span> 
     </span>
    </p>
   </div>
   <div class='ocr_carea' id='block_1_24' title="bbox 1972 1291 3552 1365">
    <p class='ocr_par' dir='ltr' id='par_1_24' title="bbox 1972 1291 3552 1365">
     <span class='ocr_line' id='line_1_24' title="bbox 1972 1291 3552 1365; baseline 0.006 -19"><span class='ocrx_word' id='word_1_177' title='bbox 1972 1302 2121 1347; x_wconf 91' lang='lat' dir='ltr'><strong>recte</strong></span> <span class='ocrx_word' id='word_1_178' title='bbox 2146 1291 2534 1362; x_wconf 69' lang='lat' dir='ltr'><strong>quaerentibus.</strong></span> <span class='ocrx_word' id='word_1_179' title='bbox 2569 1292 2726 1358; x_wconf 86' lang='lat' dir='ltr'><strong>Quod</strong></span> <span class='ocrx_word' id='word_1_180' title='bbox 2759 1293 2803 1348; x_wconf 91' lang='lat' dir='ltr'><strong>si</strong></span> <span class='ocrx_word' id='word_1_181' title='bbox 2843 1294 3134 1365; x_wconf 82' lang='lat' dir='ltr'><strong>aliquando</strong></span> <span class='ocrx_word' id='word_1_182' title='bbox 3165 1314 3268 1354; x_wconf 90' lang='lat' dir='ltr'><strong>non</strong></span> <span class='ocrx_word' id='word_1_183' title='bbox 3302 1299 3552 1356; x_wconf 84' lang='lat' dir='ltr'><strong>invenia-</strong></span> 
     </span>
    </p>
   </div>
   <div class='ocr_carea' id='block_1_25' title="bbox 1970 1385 3551 1456">
    <p class='ocr_par' dir='ltr' id='par_1_25' title="bbox 1970 1385 3551 1456">
     <span class='ocr_line' id='line_1_25' title="bbox 1970 1385 3551 1456; baseline 0.004 -18"><span class='ocrx_word' id='word_1_184' title='bbox 1970 1399 2110 1447; x_wconf 86' lang='lat' dir='ltr'><strong>mus,</strong></span> <span class='ocrx_word' id='word_1_185' title='bbox 2149 1401 2246 1442; x_wconf 89' lang='lat' dir='ltr'><strong>nos</strong></span> <span class='ocrx_word' id='word_1_186' title='bbox 2290 1385 2569 1441; x_wconf 83' lang='lat' dir='ltr'><strong>incusandi</strong></span> <span class='ocrx_word' id='word_1_187' title='bbox 2614 1400 2823 1451; x_wconf 85' lang='lat' dir='ltr'><strong>smnus,</strong></span> <span class='ocrx_word' id='word_1_188' title='bbox 2867 1402 2973 1442; x_wconf 90' lang='lat' dir='ltr'><strong>non</strong></span> <span class='ocrx_word' id='word_1_189' title='bbox 3013 1385 3141 1444; x_wconf 83' lang='lat' dir='ltr'><strong>Jesu</strong></span> <span class='ocrx_word' id='word_1_190' title='bbox 3182 1405 3383 1456; x_wconf 86' lang='lat' dir='ltr'><strong>sermo,</strong></span> <span class='ocrx_word' id='word_1_191' title='bbox 3424 1400 3551 1445; x_wconf 86' lang='lat' dir='ltr'><strong>tan-</strong></span> 
     </span>
    </p>
   </div>
   <div class='ocr_carea' id='block_1_26' title="bbox 1968 1476 3551 1551">
    <p class='ocr_par' dir='ltr' id='par_1_26' title="bbox 1968 1476 3551 1551">
     <span class='ocr_line' id='line_1_26' title="bbox 1968 1476 3551 1551; baseline 0.006 -24"><span class='ocrx_word' id='word_1_192' title='bbox 1968 1489 2130 1546; x_wconf 83' lang='lat' dir='ltr'><strong>quam</strong></span> <span class='ocrx_word' id='word_1_193' title='bbox 2161 1477 2251 1547; x_wconf 90' lang='lat' dir='ltr'><strong>qui</strong></span> <span class='ocrx_word' id='word_1_194' title='bbox 2285 1491 2389 1532; x_wconf 90' lang='lat' dir='ltr'><strong>non</strong></span> <span class='ocrx_word' id='word_1_195' title='bbox 2420 1476 2593 1547; x_wconf 87' lang='lat' dir='ltr'><strong>spiret</strong></span> <span class='ocrx_word' id='word_1_196' title='bbox 2635 1490 2702 1533; x_wconf 81' lang='lat' dir='ltr'><strong>ex</strong></span> <span class='ocrx_word' id='word_1_197' title='bbox 2743 1477 3080 1548; x_wconf 79' lang='lat' dir='ltr'><strong>plenitudine</strong></span> <span class='ocrx_word' id='word_1_198' title='bbox 3111 1482 3360 1551; x_wconf 88' lang='lat' dir='ltr'><strong>dogmata</strong></span> <span class='ocrx_word' id='word_1_199' title='bbox 3392 1481 3551 1551; x_wconf 72' lang='lat' dir='ltr'><strong>plena</strong></span> 
     </span>
    </p>
   </div>
   <div class='ocr_carea' id='block_1_27' title="bbox 1969 1566 3549 1636">
    <p class='ocr_par' dir='ltr' id='par_1_27' title="bbox 1969 1566 3549 1636">
     <span class='ocr_line' id='line_1_27' title="bbox 1969 1566 3549 1636; baseline 0.005 -17"><span class='ocrx_word' id='word_1_200' title='bbox 1969 1568 2215 1623; x_wconf 74' lang='lat' dir='ltr'><strong>veritatis</strong></span> <span class='ocrx_word' id='word_1_201' title='bbox 2251 1577 2307 1623; x_wconf 90' lang='lat' dir='ltr'><strong>et</strong></span> <span class='ocrx_word' id='word_1_202' title='bbox 2339 1568 2645 1636; x_wconf 66' lang='lat' dir='ltr'><strong>sapientiae.</strong></span> <span class='ocrx_word' id='word_1_203' title='bbox 2674 1566 2808 1635; x_wconf 64' lang='lat' dir='ltr'><strong>Quae</strong></span> <span class='ocrx_word' id='word_1_204' title='bbox 2841 1570 2972 1625; x_wconf 86' lang='lat' dir='ltr'><strong>mitti</strong></span> <span class='ocrx_word' id='word_1_205' title='bbox 3018 1571 3162 1626; x_wconf 84' lang='lat' dir='ltr'><strong>dicta</strong></span> <span class='ocrx_word' id='word_1_206' title='bbox 3192 1582 3322 1627; x_wconf 89' lang='lat' dir='ltr'><strong>sunt</strong></span> <span class='ocrx_word' id='word_1_207' title='bbox 3346 1572 3549 1627; x_wconf 86' lang='lat' dir='ltr'><strong>volenti</strong></span> 
     </span>
    </p>
   </div>
   <div class='ocr_carea' id='block_1_28' title="bbox 1970 1656 3551 1733">
    <p class='ocr_par' dir='ltr' id='par_1_28' title="bbox 1970 1656 3551 1733">
     <span class='ocr_line' id='line_1_28' title="bbox 1970 1656 3551 1733; baseline 0.004 -20"><span class='ocrx_word' id='word_1_208' title='bbox 1970 1659 2245 1730; x_wconf 85' lang='lat' dir='ltr'><strong>inquirere</strong></span> <span class='ocrx_word' id='word_1_209' title='bbox 2288 1659 2354 1715; x_wconf 90' lang='lat' dir='ltr'><strong>de</strong></span> <span class='ocrx_word' id='word_1_210' title='bbox 2393 1674 2460 1714; x_wconf 90' lang='lat' dir='ltr'><strong>eo</strong></span> <span class='ocrx_word' id='word_1_211' title='bbox 2492 1674 2505 1711; x_wconf 92' lang='lat'><strong>:</strong></span> <span class='ocrx_word' id='word_1_212' title='bbox 2539 1656 2655 1731; x_wconf 82' lang='lat' dir='ltr'><strong>Ego</strong></span> <span class='ocrx_word' id='word_1_213' title='bbox 2698 1660 3019 1716; x_wconf 65' lang='lat' dir='ltr'><strong>daemonium</strong></span> <span class='ocrx_word' id='word_1_214' title='bbox 3056 1678 3160 1717; x_wconf 79' lang='lat' dir='ltr'><strong>non</strong></span> <span class='ocrx_word' id='word_1_215' title='bbox 3208 1663 3371 1718; x_wconf 78' lang='lat' dir='ltr'><strong>habeo</strong></span> <span class='ocrx_word' id='word_1_216' title='bbox 3393 1679 3413 1718; x_wconf 93' lang='lat'><strong><em>:</em></strong></span> <span class='ocrx_word' id='word_1_217' title='bbox 3450 1678 3551 1733; x_wconf 84' lang='lat' dir='ltr'><strong>per</strong></span> 
     </span>
    </p>
   </div>
   <div class='ocr_carea' id='block_1_29' title="bbox 1970 1752 3547 1826">
    <p class='ocr_par' dir='ltr' id='par_1_29' title="bbox 1970 1752 3547 1826">
     <span class='ocr_line' id='line_1_29' title="bbox 1970 1752 3547 1826; baseline 0.004 -19"><span class='ocrx_word' id='word_1_218' title='bbox 1970 1754 2115 1823; x_wconf 91' lang='lat' dir='ltr'><strong>quod</strong></span> <span class='ocrx_word' id='word_1_219' title='bbox 2155 1767 2346 1809; x_wconf 90' lang='lat' dir='ltr'><strong>omnes</strong></span> <span class='ocrx_word' id='word_1_220' title='bbox 2390 1752 2746 1823; x_wconf 85' lang='lat' dir='ltr'><strong>Evangelium</strong></span> <span class='ocrx_word' id='word_1_221' title='bbox 2793 1754 3032 1825; x_wconf 85' lang='lat' dir='ltr'><strong>legentes</strong></span> <span class='ocrx_word' id='word_1_222' title='bbox 3089 1771 3203 1812; x_wconf 87' lang='lat' dir='ltr'><strong>rem</strong></span> <span class='ocrx_word' id='word_1_223' title='bbox 3261 1757 3547 1826; x_wconf 78' lang='lat' dir='ltr'><strong>docemur,</strong></span> 
     </span>
    </p>
   </div>
   <div class='ocr_carea' id='block_1_30' title="bbox 1971 1844 3551 1918">
    <p class='ocr_par' dir='ltr' id='par_1_30' title="bbox 1971 1844 3551 1918">
     <span class='ocr_line' id='line_1_30' title="bbox 1971 1844 3551 1918; baseline 0.004 -19"><span class='ocrx_word' id='word_1_224' title='bbox 1971 1859 2157 1915; x_wconf 90' lang='lat' dir='ltr'><strong>quam,</strong></span> <span class='ocrx_word' id='word_1_225' title='bbox 2186 1855 2476 1915; x_wconf 83' lang='lat' dir='ltr'><strong>antequam</strong></span> <span class='ocrx_word' id='word_1_226' title='bbox 2505 1844 2856 1915; x_wconf 84' lang='lat' dir='ltr'><strong>Evangelium</strong></span> <span class='ocrx_word' id='word_1_227' title='bbox 2884 1847 3211 1918; x_wconf 87' lang='lat' dir='ltr'><strong>legeremus,</strong></span> <span class='ocrx_word' id='word_1_228' title='bbox 3243 1864 3351 1904; x_wconf 91' lang='lat' dir='ltr'><strong>non</strong></span> <span class='ocrx_word' id='word_1_229' title='bbox 3384 1863 3551 1905; x_wconf 80' lang='lat' dir='ltr'><strong>nove-</strong></span> 
     </span>
    </p>
   </div>
   <div class='ocr_carea' id='block_1_31' title="bbox 1972 1935 3545 2008">
    <p class='ocr_par' dir='ltr' id='par_1_31' title="bbox 1972 1935 3545 2008">
     <span class='ocr_line' id='line_1_31' title="bbox 1972 1935 3545 2008; baseline 0.004 -19"><span class='ocrx_word' id='word_1_230' title='bbox 1972 1949 2194 1991; x_wconf 84' lang='lat' dir='ltr'><strong>ramus:</strong></span> <span class='ocrx_word' id='word_1_231' title='bbox 2235 1950 2357 2008; x_wconf 70' lang='lat' dir='ltr'><strong>quae</strong></span> <span class='ocrx_word' id='word_1_232' title='bbox 2396 1935 2704 2006; x_wconf 88' lang='lat' dir='ltr'><strong>qualisnam</strong></span> <span class='ocrx_word' id='word_1_233' title='bbox 2740 1936 2812 1991; x_wconf 88' lang='lat' dir='ltr'><strong>sit</strong></span> <span class='ocrx_word' id='word_1_234' title='bbox 2849 1938 2960 2006; x_wconf 88' lang='lat' dir='ltr'><strong>jam</strong></span> <span class='ocrx_word' id='word_1_235' title='bbox 3014 1939 3406 1995; x_wconf 85' lang='lat' dir='ltr'><strong>consideranda</strong></span> <span class='ocrx_word' id='word_1_236' title='bbox 3441 1949 3545 1996; x_wconf 86' lang='lat' dir='ltr'><strong>est.</strong></span> 
     </span>
    </p>
   </div>
   <div class='ocr_carea' id='block_1_32' title="bbox 302 2005 1863 2105">
    <p class='ocr_par' dir='ltr' id='par_1_32' title="bbox 302 2005 1863 2105">
     <span class='ocr_line' id='line_1_32' title="bbox 302 2005 1863 2105; baseline 0.006 -24"><span class='ocrx_word' id='word_1_237' title='bbox 302 2030 433 2101; x_wconf 83' lang='grc' dir='ltr'><strong>παρά</strong></span> <span class='ocrx_word' id='word_1_238' title='bbox 472 2031 562 2085; x_wconf 81' lang='grc' dir='ltr'><strong>τὸν</strong></span> <span class='ocrx_word' id='word_1_239' title='bbox 607 2005 793 2101; x_wconf 78' lang='grc' dir='ltr'>λόγον,</span> <span class='ocrx_word' id='word_1_240' title='bbox 826 2033 887 2086; x_wconf 85' lang='grc' dir='ltr'><strong>ού</strong></span> <span class='ocrx_word' id='word_1_241' title='bbox 920 2031 987 2086; x_wconf 84' lang='grc' dir='ltr'>δι’</span> <span class='ocrx_word' id='word_1_242' title='bbox 1020 2005 1159 2089; x_wconf 47' lang='grc' dir='ltr'>ἄλλο.</span> <span class='ocrx_word' id='word_1_243' title='bbox 1186 2033 1219 2105; x_wconf 80' lang='grc' dir='ltr'>ἢ</span> <span class='ocrx_word' id='word_1_244' title='bbox 1249 2033 1327 2105; x_wconf 80' lang='grc' dir='ltr'>τῷ</span> <span class='ocrx_word' id='word_1_245' title='bbox 1353 2005 1634 2100; x_wconf 82' lang='grc' dir='ltr'>δεκτικοὺς</span> <span class='ocrx_word' id='word_1_246' title='bbox 1666 2035 1863 2101; x_wconf 77' lang='grc' dir='ltr'>αὐτοὺς</span> 
     </span>
    </p>
   </div>
   <div class='ocr_carea' id='block_1_33' title="bbox 1967 2005 3550 2105">
    <p class='ocr_par' dir='ltr' id='par_1_33' title="bbox 1970 2005 3550 2098">
     <span class='ocr_line' id='line_1_33' title="bbox 1970 2005 3550 2098; baseline 0.002 -17"><span class='ocrx_word' id='word_1_247' title='bbox 1970 2005 2433 2095; x_wconf 53' lang='grc' dir='ltr'>ϐοητειιίίῇιιιιο</span> <span class='ocrx_word' id='word_1_248' title='bbox 2481 2024 2800 2095; x_wconf 84' lang='lat' dir='ltr'><strong>Scripturas</strong></span> <span class='ocrx_word' id='word_1_249' title='bbox 2835 2005 3001 2081; x_wconf 85' lang='lat' dir='ltr'><strong>multa</strong></span> <span class='ocrx_word' id='word_1_250' title='bbox 3045 2034 3334 2098; x_wconf 81' lang='lat' dir='ltr'><strong>peccantes</strong></span> <span class='ocrx_word' id='word_1_251' title='bbox 3364 2027 3550 2085; x_wconf 76' lang='lat' dir='ltr'><strong>facere</strong></span> 
     </span>
    </p>
   </div>
   <div class='ocr_carea' id='block_1_34' title="bbox 300 2117 1868 2196">
    <p class='ocr_par' dir='ltr' id='par_1_34' title="bbox 300 2117 1868 2196">
     <span class='ocr_line' id='line_1_34' title="bbox 300 2117 1868 2196; baseline 0.003 -24"><span class='ocrx_word' id='word_1_252' title='bbox 300 2117 559 2188; x_wconf 82' lang='grc' dir='ltr'>γεγονέναι</span> <span class='ocrx_word' id='word_1_253' title='bbox 614 2120 904 2193; x_wconf 77' lang='grc' dir='ltr'>ἐνεργείας</span> <span class='ocrx_word' id='word_1_254' title='bbox 951 2121 1191 2195; x_wconf 90' lang='grc' dir='ltr'>πονηροῦ</span> <span class='ocrx_word' id='word_1_255' title='bbox 1252 2122 1597 2195; x_wconf 87' lang='grc' dir='ltr'>πνεύματος,</span> <span class='ocrx_word' id='word_1_256' title='bbox 1635 2124 1670 2196; x_wconf 74' lang='grc' dir='ltr'>ἢ</span> <span class='ocrx_word' id='word_1_257' title='bbox 1707 2123 1868 2196; x_wconf 80' lang='grc' dir='ltr'>θελή-</span> 
     </span>
    </p>
   </div>
   <div class='ocr_carea' id='block_1_35' title="bbox 304 2210 1868 2288">
    <p class='ocr_par' dir='ltr' id='par_1_35' title="bbox 304 2210 1868 2288">
     <span class='ocr_line' id='line_1_35' title="bbox 304 2210 1868 2288; baseline 0.005 -26"><span class='ocrx_word' id='word_1_258' title='bbox 304 2226 450 2280; x_wconf 84' lang='grc' dir='ltr'>ματος</span> <span class='ocrx_word' id='word_1_259' title='bbox 494 2210 815 2283; x_wconf 80' lang='grc' dir='ltr'>ἀκαθάρτου</span> <span class='ocrx_word' id='word_1_260' title='bbox 845 2211 1145 2284; x_wconf 82' lang='grc' dir='ltr'>δαιμονίου.</span> <span class='ocrx_word' id='word_1_261' title='bbox 1192 2214 1307 2269; x_wconf 84' lang='grc' dir='ltr'>Ούκ</span> <span class='ocrx_word' id='word_1_262' title='bbox 1344 2213 1600 2288; x_wconf 79' lang='grc' dir='ltr'>ὤκνησαν</span> <span class='ocrx_word' id='word_1_263' title='bbox 1633 2212 1727 2270; x_wconf 73' lang='grc' dir='ltr'>οὖν</span> <span class='ocrx_word' id='word_1_264' title='bbox 1773 2216 1868 2271; x_wconf 73' lang='grc' dir='ltr'>καὶ</span> 
     </span>
    </p>
   </div>
   <div class='ocr_carea' id='block_1_36' title="bbox 300 2299 1866 2379">
    <p class='ocr_par' dir='ltr' id='par_1_36' title="bbox 300 2299 1866 2379">
     <span class='ocr_line' id='line_1_36' title="bbox 300 2299 1866 2379; baseline 0.006 -27"><span class='ocrx_word' id='word_1_265' title='bbox 300 2299 357 2352; x_wconf 63' lang='grc' dir='ltr'>τὰ</span> <span class='ocrx_word' id='word_1_266' title='bbox 383 2300 707 2372; x_wconf 86' lang='grc' dir='ltr'>νομισθέντα</span> <span class='ocrx_word' id='word_1_267' title='bbox 743 2302 812 2356; x_wconf 80' lang='grc' dir='ltr'><strong>ἀν</strong></span> <span class='ocrx_word' id='word_1_268' title='bbox 843 2304 1100 2375; x_wconf 77' lang='grc' dir='ltr'>ἐλάχιστα</span> <span class='ocrx_word' id='word_1_269' title='bbox 1131 2300 1269 2359; x_wconf 76' lang='grc' dir='ltr'>εἶναι</span> <span class='ocrx_word' id='word_1_270' title='bbox 1316 2304 1729 2379; x_wconf 81' lang='grc' dir='ltr'>ἁμαρτημάτων</span> <span class='ocrx_word' id='word_1_271' title='bbox 1750 2307 1866 2363; x_wconf 85' lang='grc' dir='ltr'>δαι-</span> 
     </span>
    </p>
   </div>
   <div class='ocr_carea' id='block_1_37' title="bbox 304 2392 1865 2470">
    <p class='ocr_par' dir='ltr' id='par_1_37' title="bbox 304 2392 1865 2470">
     <span class='ocr_line' id='line_1_37' title="bbox 304 2392 1865 2470; baseline 0.005 -27"><span class='ocrx_word' id='word_1_272' title='bbox 304 2392 486 2461; x_wconf 85' lang='grc' dir='ltr'>μονίοις</span> <span class='ocrx_word' id='word_1_273' title='bbox 540 2394 825 2464; x_wconf 71' lang='grc' dir='ltr'>προσάψαι</span> <span class='ocrx_word' id='word_1_274' title='bbox 851 2397 899 2449; x_wconf 83' lang='grc' dir='ltr'>οἱ</span> <span class='ocrx_word' id='word_1_275' title='bbox 931 2396 1206 2467; x_wconf 77' lang='grc' dir='ltr'>φήσαντες</span> <span class='ocrx_word' id='word_1_276' title='bbox 1236 2396 1335 2468; x_wconf 82' lang='grc' dir='ltr'>τὴν</span> <span class='ocrx_word' id='word_1_277' title='bbox 1362 2396 1645 2468; x_wconf 79' lang='grc' dir='ltr'>ὀξυχολίαν</span> <span class='ocrx_word' id='word_1_278' title='bbox 1672 2397 1865 2470; x_wconf 89' lang='grc' dir='ltr'>δαιμό-</span> 
     </span>
    </p>
   </div>
   <div class='ocr_carea' id='block_1_38' title="bbox 301 2481 1866 2561">
    <p class='ocr_par' dir='ltr' id='par_1_38' title="bbox 301 2481 1866 2561">
     <span class='ocr_line' id='line_1_38' title="bbox 301 2481 1866 2561; baseline 0.006 -27"><span class='ocrx_word' id='word_1_279' title='bbox 301 2500 395 2536; x_wconf 89' lang='grc' dir='ltr'>νιον</span> <span class='ocrx_word' id='word_1_280' title='bbox 430 2481 586 2549; x_wconf 83' lang='grc' dir='ltr'>εῖναι,</span> <span class='ocrx_word' id='word_1_281' title='bbox 617 2486 824 2557; x_wconf 80' lang='grc' dir='ltr'>ὁμοίως</span> <span class='ocrx_word' id='word_1_282' title='bbox 869 2486 926 2540; x_wconf 80' lang='grc' dir='ltr'>δὲ</span> <span class='ocrx_word' id='word_1_283' title='bbox 978 2487 1074 2541; x_wconf 78' lang='grc' dir='ltr'><strong>καὶ</strong></span> <span class='ocrx_word' id='word_1_284' title='bbox 1110 2487 1206 2561; x_wconf 75' lang='grc' dir='ltr'>τὴν</span> <span class='ocrx_word' id='word_1_285' title='bbox 1239 2488 1593 2544; x_wconf 85' lang='grc' dir='ltr'>καταλαλιάν.</span> <span class='ocrx_word' id='word_1_286' title='bbox 1621 2487 1782 2554; x_wconf 74' lang='grc' dir='ltr'>Εἰκὸς</span> <span class='ocrx_word' id='word_1_287' title='bbox 1807 2488 1866 2544; x_wconf 83' lang='grc' dir='ltr'>δὲ</span> 
     </span>
    </p>
   </div>
   <div class='ocr_carea' id='block_1_39' title="bbox 302 2572 1857 2652">
    <p class='ocr_par' dir='ltr' id='par_1_39' title="bbox 302 2572 1857 2652">
     <span class='ocr_line' id='line_1_39' title="bbox 302 2572 1857 2652; baseline 0.004 -27"><span class='ocrx_word' id='word_1_288' title='bbox 302 2572 378 2626; x_wconf 68' lang='grc' dir='ltr'>καὶ</span> <span class='ocrx_word' id='word_1_289' title='bbox 415 2573 544 2628; x_wconf 81' lang='grc' dir='ltr'>ἀλλα</span> <span class='ocrx_word' id='word_1_290' title='bbox 591 2573 765 2646; x_wconf 86' lang='grc' dir='ltr'>μυρία</span> <span class='ocrx_word' id='word_1_291' title='bbox 832 2574 1121 2647; x_wconf 79' lang='grc' dir='ltr'>δαιμονίων</span> <span class='ocrx_word' id='word_1_292' title='bbox 1190 2578 1631 2648; x_wconf 81' lang='grc' dir='ltr'>φαντασιούντων</span> <span class='ocrx_word' id='word_1_293' title='bbox 1668 2580 1816 2652; x_wconf 78' lang='grc' dir='ltr'>ἡμᾶς</span> <span class='ocrx_word' id='word_1_294' title='bbox 1841 2620 1857 2646; x_wconf 87' lang='grc'><strong>,</strong></span> 
     </span>
    </p>
   </div>
   <div class='ocr_carea' id='block_1_40' title="bbox 303 2665 1859 2745">
    <p class='ocr_par' dir='ltr' id='par_1_40' title="bbox 303 2665 1859 2745">
     <span class='ocr_line' id='line_1_40' title="bbox 303 2665 1859 2745; baseline 0.006 -26"><span class='ocrx_word' id='word_1_295' title='bbox 303 2665 385 2741; x_wconf 56' lang='grc' dir='ltr'><strong>καί</strong></span> <span class='ocrx_word' id='word_1_296' title='bbox 427 2666 817 2738; x_wconf 75' lang='grc' dir='ltr'>ἐνεργούντων,</span> <span class='ocrx_word' id='word_1_297' title='bbox 852 2668 991 2723; x_wconf 86' lang='grc' dir='ltr'>κατὰ</span> <span class='ocrx_word' id='word_1_298' title='bbox 1038 2669 1101 2724; x_wconf 80' lang='grc' dir='ltr'><strong>τὸ</strong></span> <span class='ocrx_word' id='word_1_299' title='bbox 1144 2671 1369 2726; x_wconf 75' lang='grc' dir='ltr'>ἐκείνων</span> <span class='ocrx_word' id='word_1_300' title='bbox 1401 2672 1614 2745; x_wconf 86' lang='grc' dir='ltr'>θέλημα</span> <span class='ocrx_word' id='word_1_301' title='bbox 1654 2676 1859 2728; x_wconf 87' lang='grc' dir='ltr'>ποιεῖν·</span> 
     </span>
    </p>
   </div>
   <div class='ocr_carea' id='block_1_41' title="bbox 302 2756 1865 2836">
    <p class='ocr_par' dir='ltr' id='par_1_41' title="bbox 302 2756 1865 2836">
     <span class='ocr_line' id='line_1_41' title="bbox 302 2756 1865 2836; baseline 0.006 -27"><span class='ocrx_word' id='word_1_302' title='bbox 302 2756 381 2810; x_wconf 71' lang='grc' dir='ltr'>καὶ</span> <span class='ocrx_word' id='word_1_303' title='bbox 418 2757 561 2812; x_wconf 82' lang='grc' dir='ltr'>ἐστιν</span> <span class='ocrx_word' id='word_1_304' title='bbox 596 2759 657 2812; x_wconf 82' lang='grc' dir='ltr'>ἐν</span> <span class='ocrx_word' id='word_1_305' title='bbox 683 2758 992 2831; x_wconf 85' lang='grc' dir='ltr'>ἀνθρώποις</span> <span class='ocrx_word' id='word_1_306' title='bbox 1023 2760 1211 2834; x_wconf 80' lang='grc' dir='ltr'>ὥσπερ</span> <span class='ocrx_word' id='word_1_307' title='bbox 1256 2763 1434 2828; x_wconf 79' lang='grc' dir='ltr'>οὐδεὶς</span> <span class='ocrx_word' id='word_1_308' title='bbox 1475 2763 1716 2836; x_wconf 78' lang='grc' dir='ltr'>καθαρὸς</span> <span class='ocrx_word' id='word_1_309' title='bbox 1756 2765 1865 2819; x_wconf 76' lang='grc' dir='ltr'>ἀπὸ</span> 
     </span>
    </p>
   </div>
   <div class='ocr_carea' id='block_1_42' title="bbox 304 2846 1863 2929">
    <p class='ocr_par' dir='ltr' id='par_1_42' title="bbox 304 2846 1863 2929">
     <span class='ocr_line' id='line_1_42' title="bbox 304 2846 1863 2929; baseline 0.008 -30"><span class='ocrx_word' id='word_1_310' title='bbox 304 2846 470 2918; x_wconf 71' lang='grc' dir='ltr'>ῥύπου,</span> <span class='ocrx_word' id='word_1_311' title='bbox 502 2850 598 2904; x_wconf 80' lang='grc' dir='ltr'><strong>καὶ</strong></span> <span class='ocrx_word' id='word_1_312' title='bbox 627 2850 807 2916; x_wconf 71' lang='grc' dir='ltr'>οὔδεὶς</span> <span class='ocrx_word' id='word_1_313' title='bbox 844 2851 1054 2918; x_wconf 83' lang='grc' dir='ltr'>δίκαιος</span> <span class='ocrx_word' id='word_1_314' title='bbox 1100 2854 1193 2908; x_wconf 74' lang='grc' dir='ltr'>ἐπὶ</span> <span class='ocrx_word' id='word_1_315' title='bbox 1250 2853 1351 2926; x_wconf 81' lang='grc' dir='ltr'>τῆς</span> <span class='ocrx_word' id='word_1_316' title='bbox 1393 2856 1495 2927; x_wconf 80' lang='grc' dir='ltr'><strong>γῆς</strong></span> <span class='ocrx_word' id='word_1_317' title='bbox 1515 2896 1529 2920; x_wconf 91' lang='grc'><strong>,</strong></span> <span class='ocrx_word' id='word_1_318' title='bbox 1560 2855 1620 2920; x_wconf 78' lang='grc' dir='ltr'>ὃς</span> <span class='ocrx_word' id='word_1_319' title='bbox 1648 2857 1863 2929; x_wconf 84' lang='grc' dir='ltr'>ποιήσει</span> 
     </span>
    </p>
   </div>
   <div class='ocr_carea' id='block_1_43' title="bbox 301 2939 1864 3016">
    <p class='ocr_par' dir='ltr' id='par_1_43' title="bbox 301 2939 1864 3016">
     <span class='ocr_line' id='line_1_43' title="bbox 301 2939 1864 3016; baseline 0.006 -24"><span class='ocrx_word' id='word_1_320' title='bbox 301 2939 478 3006; x_wconf 85' lang='grc' dir='ltr'>ἀγαθὸν</span> <span class='ocrx_word' id='word_1_321' title='bbox 496 2979 512 3003; x_wconf 88' lang='grc'><strong>,</strong></span> <span class='ocrx_word' id='word_1_322' title='bbox 543 2942 640 2995; x_wconf 86' lang='grc' dir='ltr'><strong>καί</strong></span> <span class='ocrx_word' id='word_1_323' title='bbox 672 2942 774 3013; x_wconf 89' lang='grc' dir='ltr'>ούχ</span> <span class='ocrx_word' id='word_1_324' title='bbox 806 2943 1184 3016; x_wconf 77' lang='grc' dir='ltr'>ἁμαρτήσεται</span> <span class='ocrx_word' id='word_1_325' title='bbox 1204 2960 1220 2975; x_wconf 89' lang='grc'><strong>·</strong></span> <span class='ocrx_word' id='word_1_326' title='bbox 1270 2945 1413 2999; x_wconf 78' lang='grc' dir='ltr'>οὕτω</span> <span class='ocrx_word' id='word_1_327' title='bbox 1446 2945 1541 3000; x_wconf 62' lang='grc' dir='ltr'><strong>κει)⁸</strong></span> <span class='ocrx_word' id='word_1_328' title='bbox 1572 2946 1747 3012; x_wconf 72' lang='grc' dir='ltr'>οὐδεὶς</span> <span class='ocrx_word' id='word_1_329' title='bbox 1777 2946 1864 3001; x_wconf 73' lang='grc' dir='ltr'>ἀεὶ</span> 
     </span>
    </p>
   </div>
   <div class='ocr_carea' id='block_1_44' title="bbox 301 3031 1862 3110">
    <p class='ocr_par' dir='ltr' id='par_1_44' title="bbox 301 3031 1862 3110">
     <span class='ocr_line' id='line_1_44' title="bbox 301 3031 1862 3110; baseline 0.005 -26"><span class='ocrx_word' id='word_1_330' title='bbox 301 3031 390 3084; x_wconf 75' lang='grc' dir='ltr'><strong>ἀπὸ</strong></span> <span class='ocrx_word' id='word_1_331' title='bbox 421 3032 714 3105; x_wconf 81' lang='grc' dir='ltr'>δαιμονίων</span> <span class='ocrx_word' id='word_1_332' title='bbox 749 3033 1120 3105; x_wconf 84' lang='grc' dir='ltr'>καθαρεύσας,</span> <span class='ocrx_word' id='word_1_333' title='bbox 1154 3037 1249 3092; x_wconf 76' lang='grc' dir='ltr'><strong>καὶ</strong></span> <span class='ocrx_word' id='word_1_334' title='bbox 1277 3037 1544 3110; x_wconf 79' lang='grc' dir='ltr'>μηδέποτε</span> <span class='ocrx_word' id='word_1_335' title='bbox 1571 3038 1862 3109; x_wconf 87' lang='grc' dir='ltr'>γενόμενος</span> 
     </span>
    </p>
   </div>
   <div class='ocr_carea' id='block_1_45' title="bbox 300 3120 1863 3203">
    <p class='ocr_par' dir='ltr' id='par_1_45' title="bbox 300 3120 1863 3203">
     <span class='ocr_line' id='line_1_45' title="bbox 300 3120 1863 3203; baseline 0.007 -28"><span class='ocrx_word' id='word_1_336' title='bbox 300 3120 383 3191; x_wconf 77' lang='grc' dir='ltr'>τῆς</span> <span class='ocrx_word' id='word_1_337' title='bbox 410 3122 512 3176; x_wconf 77' lang='grc' dir='ltr'>ἀπὸ</span> <span class='ocrx_word' id='word_1_338' title='bbox 545 3121 756 3179; x_wconf 84' lang='grc' dir='ltr'>τούτων</span> <span class='ocrx_word' id='word_1_339' title='bbox 788 3126 1068 3197; x_wconf 77' lang='grc' dir='ltr'>ἐνεργείας</span> <span class='ocrx_word' id='word_1_340' title='bbox 1089 3129 1467 3194; x_wconf 87' lang='grc' dir='ltr'>ἀνεπίδεκτος.</span> <span class='ocrx_word' id='word_1_341' title='bbox 1504 3129 1703 3203; x_wconf 88' lang='grc' dir='ltr'>Διόπερ</span> <span class='ocrx_word' id='word_1_342' title='bbox 1722 3171 1738 3196; x_wconf 90' lang='grc'><strong>,</strong></span> <span class='ocrx_word' id='word_1_343' title='bbox 1768 3130 1863 3186; x_wconf 83' lang='grc' dir='ltr'>ἀλ·</span> 
     </span>
    </p>
   </div>
   <div class='ocr_carea' id='block_1_46' title="bbox 301 3209 1862 3293">
    <p class='ocr_par' dir='ltr' id='par_1_46' title="bbox 301 3209 1862 3293">
     <span class='ocr_line' id='line_1_46' title="bbox 301 3209 1862 3293; baseline 0.008 -28"><span class='ocrx_word' id='word_1_344' title='bbox 301 3209 635 3285; x_wconf 81' lang='grc' dir='ltr'>ληγοροῦντες</span> <span class='ocrx_word' id='word_1_345' title='bbox 686 3214 790 3280; x_wconf 87' lang='grc' dir='ltr'><strong>τάς</strong></span> <span class='ocrx_word' id='word_1_346' title='bbox 842 3217 900 3270; x_wconf 81' lang='grc' dir='ltr'>ὲν</span> <span class='ocrx_word' id='word_1_347' title='bbox 940 3215 1020 3289; x_wconf 81' lang='grc' dir='ltr'>τῷ</span> <span class='ocrx_word' id='word_1_348' title='bbox 1058 3218 1379 3292; x_wconf 82' lang='grc' dir='ltr'>Εὐαγγελίῳ</span> <span class='ocrx_word' id='word_1_349' title='bbox 1411 3220 1707 3293; x_wconf 84' lang='grc' dir='ltr'>θεραπείας</span> <span class='ocrx_word' id='word_1_350' title='bbox 1729 3259 1745 3287; x_wconf 91' lang='grc'><strong>,</strong></span> <span class='ocrx_word' id='word_1_351' title='bbox 1796 3222 1862 3278; x_wconf 69' lang='grc' dir='ltr'><strong>,ὲν</strong></span> 
     </span>
    </p>
   </div>
   <div class='ocr_carea' id='block_1_47' title="bbox 1971 2117 3547 2190">
    <p class='ocr_par' dir='ltr' id='par_1_47' title="bbox 1971 2117 3547 2190">
     <span class='ocr_line' id='line_1_47' title="bbox 1971 2117 3547 2190; baseline 0.003 -17"><span class='ocrx_word' id='word_1_352' title='bbox 1971 2125 2168 2188; x_wconf 64' lang='lat' dir='ltr'><strong>praeter</strong></span> <span class='ocrx_word' id='word_1_353' title='bbox 2201 2117 2498 2185; x_wconf 90' lang='lat' dir='ltr'><strong>rationem,</strong></span> <span class='ocrx_word' id='word_1_354' title='bbox 2537 2133 2643 2173; x_wconf 91' lang='lat' dir='ltr'><strong>non</strong></span> <span class='ocrx_word' id='word_1_355' title='bbox 2678 2118 2749 2174; x_wconf 90' lang='lat' dir='ltr'><strong>ob</strong></span> <span class='ocrx_word' id='word_1_356' title='bbox 2775 2117 2922 2173; x_wconf 83' lang='lat' dir='ltr'><strong>aliud</strong></span> <span class='ocrx_word' id='word_1_357' title='bbox 2958 2118 3063 2174; x_wconf 90' lang='lat' dir='ltr'><strong>nisi</strong></span> <span class='ocrx_word' id='word_1_358' title='bbox 3105 2119 3233 2190; x_wconf 88' lang='lat' dir='ltr'><strong>quia</strong></span> <span class='ocrx_word' id='word_1_359' title='bbox 3266 2120 3395 2177; x_wconf 78' lang='lat' dir='ltr'><strong>lacti</strong></span> <span class='ocrx_word' id='word_1_360' title='bbox 3427 2119 3547 2178; x_wconf 75' lang='lat' dir='ltr'><strong>fee-</strong></span> 
     </span>
    </p>
   </div>
   <div class='ocr_carea' id='block_1_48' title="bbox 1972 2211 3549 2282">
    <p class='ocr_par' dir='ltr' id='par_1_48' title="bbox 1972 2211 3549 2282">
     <span class='ocr_line' id='line_1_48' title="bbox 1972 2211 3549 2282; baseline 0.003 -16"><span class='ocrx_word' id='word_1_361' title='bbox 1972 2211 2078 2267; x_wconf 91' lang='lat' dir='ltr'><strong>rint</strong></span> <span class='ocrx_word' id='word_1_362' title='bbox 2101 2225 2331 2282; x_wconf 82' lang='lat' dir='ltr'><strong>capaces</strong></span> <span class='ocrx_word' id='word_1_363' title='bbox 2362 2212 2701 2281; x_wconf 86' lang='lat' dir='ltr'><strong>operationis</strong></span> <span class='ocrx_word' id='word_1_364' title='bbox 2731 2211 2861 2268; x_wconf 89' lang='lat' dir='ltr'><strong>mali</strong></span> <span class='ocrx_word' id='word_1_365' title='bbox 2889 2212 3135 2282; x_wconf 88' lang='lat' dir='ltr'><strong>spiritus,</strong></span> <span class='ocrx_word' id='word_1_366' title='bbox 3171 2212 3257 2269; x_wconf 91' lang='lat' dir='ltr'><strong>vel</strong></span> <span class='ocrx_word' id='word_1_367' title='bbox 3285 2213 3549 2270; x_wconf 79' lang='lat' dir='ltr'><strong>volunta-</strong></span> 
     </span>
    </p>
   </div>
   <div class='ocr_carea' id='block_1_49' title="bbox 1971 2301 3549 2372">
    <p class='ocr_par' dir='ltr' id='par_1_49' title="bbox 1971 2301 3549 2372">
     <span class='ocr_line' id='line_1_49' title="bbox 1971 2301 3549 2372; baseline 0.001 -14"><span class='ocrx_word' id='word_1_368' title='bbox 1971 2303 2040 2359; x_wconf 88' lang='lat' dir='ltr'><strong>tis</strong></span> <span class='ocrx_word' id='word_1_369' title='bbox 2087 2303 2351 2359; x_wconf 89' lang='lat' dir='ltr'><strong>immundi</strong></span> <span class='ocrx_word' id='word_1_370' title='bbox 2397 2303 2680 2359; x_wconf 72' lang='lat' dir='ltr'><strong>daemonis.</strong></span> <span class='ocrx_word' id='word_1_371' title='bbox 2730 2301 2846 2359; x_wconf 84' lang='lat' dir='ltr'><strong>Non</strong></span> <span class='ocrx_word' id='word_1_372' title='bbox 2894 2303 3217 2359; x_wconf 84' lang='lat' dir='ltr'><strong>dubitarunt</strong></span> <span class='ocrx_word' id='word_1_373' title='bbox 3260 2303 3427 2372; x_wconf 86' lang='lat' dir='ltr'><strong>igitur</strong></span> <span class='ocrx_word' id='word_1_374' title='bbox 3461 2317 3549 2360; x_wconf 66' lang='lat' dir='ltr'><strong>vet</strong></span> 
     </span>
    </p>
   </div>
   <div class='ocr_carea' id='block_1_50' title="bbox 1968 2391 3549 2463">
    <p class='ocr_par' dir='ltr' id='par_1_50' title="bbox 1968 2391 3549 2463">
     <span class='ocr_line' id='line_1_50' title="bbox 1968 2391 3549 2463; baseline 0.003 -16"><span class='ocrx_word' id='word_1_375' title='bbox 1968 2406 2029 2447; x_wconf 86' lang='lat' dir='ltr'><strong>ea</strong></span> <span class='ocrx_word' id='word_1_376' title='bbox 2062 2408 2184 2462; x_wconf 67' lang='lat' dir='ltr'><strong>qua:</strong></span> <span class='ocrx_word' id='word_1_377' title='bbox 2212 2391 2599 2448; x_wconf 79' lang='lat' dir='ltr'><strong>existimantur</strong></span> <span class='ocrx_word' id='word_1_378' title='bbox 2635 2407 2757 2449; x_wconf 87' lang='lat' dir='ltr'><strong>esse</strong></span> <span class='ocrx_word' id='word_1_379' title='bbox 2796 2393 2933 2448; x_wconf 89' lang='lat' dir='ltr'><strong>levia</strong></span> <span class='ocrx_word' id='word_1_380' title='bbox 2987 2402 3234 2463; x_wconf 89' lang='lat' dir='ltr'><strong>peccata,</strong></span> <span class='ocrx_word' id='word_1_381' title='bbox 3266 2395 3549 2452; x_wconf 73' lang='lat' dir='ltr'><strong>daemoniis</strong></span> 
     </span>
    </p>
   </div>
   <div class='ocr_carea' id='block_1_51' title="bbox 1966 2474 3546 2557">
    <p class='ocr_par' dir='ltr' id='par_1_51' title="bbox 1966 2474 3546 2557">
     <span class='ocr_line' id='line_1_51' title="bbox 1966 2474 3546 2557; baseline 0.003 -19"><span class='ocrx_word' id='word_1_382' title='bbox 1966 2483 2133 2557; x_wconf 73' lang='lat'><strong>356</strong></span> <span class='ocrx_word' id='word_1_383' title='bbox 2175 2485 2412 2539; x_wconf 87' lang='lat' dir='ltr'><strong>tribuere</strong></span> <span class='ocrx_word' id='word_1_384' title='bbox 2452 2484 2528 2539; x_wconf 90' lang='lat' dir='ltr'><strong>illi</strong></span> <span class='ocrx_word' id='word_1_385' title='bbox 2577 2485 2670 2553; x_wconf 89' lang='lat' dir='ltr'><strong>qui</strong></span> <span class='ocrx_word' id='word_1_386' title='bbox 2729 2486 2987 2540; x_wconf 82' lang='lat' dir='ltr'><strong>dixerunt</strong></span> <span class='ocrx_word' id='word_1_387' title='bbox 3027 2486 3369 2557; x_wconf 87' lang='lat' dir='ltr'><strong>repentinam</strong></span> <span class='ocrx_word' id='word_1_388' title='bbox 3405 2474 3546 2543; x_wconf 76' lang='lat' dir='ltr'><strong>iram</strong></span> 
     </span>
    </p>
   </div>
   <div class='ocr_carea' id='block_1_52' title="bbox 1966 2577 3551 2646">
    <p class='ocr_par' dir='ltr' id='par_1_52' title="bbox 1966 2577 3551 2646">
     <span class='ocr_line' id='line_1_52' title="bbox 1966 2577 3551 2646; baseline 0.001 -13"><span class='ocrx_word' id='word_1_389' title='bbox 1966 2577 2328 2646; x_wconf 85' lang='lat' dir='ltr'><strong>similiterque</strong></span> <span class='ocrx_word' id='word_1_390' title='bbox 2386 2577 2782 2633; x_wconf 84' lang='lat' dir='ltr'><strong>detractionem</strong></span> <span class='ocrx_word' id='word_1_391' title='bbox 2827 2578 3157 2634; x_wconf 67' lang='lat' dir='ltr'><strong>daemonium</strong></span> <span class='ocrx_word' id='word_1_392' title='bbox 3211 2593 3354 2637; x_wconf 83' lang='lat' dir='ltr'><strong>esse.</strong></span> <span class='ocrx_word' id='word_1_393' title='bbox 3398 2579 3551 2636; x_wconf 85' lang='lat' dir='ltr'><strong>Con-</strong></span> 
     </span>
    </p>
   </div>
   <div class='ocr_carea' id='block_1_53' title="bbox 1966 2667 3551 2741">
    <p class='ocr_par' dir='ltr' id='par_1_53' title="bbox 1966 2667 3551 2741">
     <span class='ocr_line' id='line_1_53' title="bbox 1966 2667 3551 2741; baseline 0.001 -18"><span class='ocrx_word' id='word_1_394' title='bbox 1966 2676 2289 2723; x_wconf 79' lang='lat' dir='ltr'><strong>sentaneum</strong></span> <span class='ocrx_word' id='word_1_395' title='bbox 2339 2681 2468 2723; x_wconf 86' lang='lat' dir='ltr'><strong>vero</strong></span> <span class='ocrx_word' id='word_1_396' title='bbox 2501 2676 2607 2732; x_wconf 86' lang='lat' dir='ltr'><strong>est,</strong></span> <span class='ocrx_word' id='word_1_397' title='bbox 2656 2667 2941 2723; x_wconf 65' lang='lat' dir='ltr'><strong>daemoniis</strong></span> <span class='ocrx_word' id='word_1_398' title='bbox 2976 2668 3030 2723; x_wconf 90' lang='lat' dir='ltr'><strong>in</strong></span> <span class='ocrx_word' id='word_1_399' title='bbox 3079 2670 3241 2725; x_wconf 87' lang='lat' dir='ltr'><strong>nobis</strong></span> <span class='ocrx_word' id='word_1_400' title='bbox 3284 2670 3551 2741; x_wconf 81' lang='lat' dir='ltr'><strong>imagina-</strong></span> 
     </span>
    </p>
   </div>
   <div class='ocr_carea' id='block_1_54' title="bbox 1971 2755 3549 2827">
    <p class='ocr_par' dir='ltr' id='par_1_54' title="bbox 1971 2755 3549 2827">
     <span class='ocr_line' id='line_1_54' title="bbox 1971 2755 3549 2827; baseline 0.003 -17"><span class='ocrx_word' id='word_1_401' title='bbox 1971 2756 2151 2812; x_wconf 87' lang='lat' dir='ltr'><strong>tiones</strong></span> <span class='ocrx_word' id='word_1_402' title='bbox 2178 2756 2647 2825; x_wconf 86' lang='lat' dir='ltr'><strong>imprimentibus,</strong></span> <span class='ocrx_word' id='word_1_403' title='bbox 2675 2755 2728 2809; x_wconf 91' lang='lat' dir='ltr'><strong>in</strong></span> <span class='ocrx_word' id='word_1_404' title='bbox 2769 2771 2979 2825; x_wconf 84' lang='lat' dir='ltr'><strong>nosque</strong></span> <span class='ocrx_word' id='word_1_405' title='bbox 3010 2757 3364 2827; x_wconf 84' lang='lat' dir='ltr'><strong>operantibus</strong></span> <span class='ocrx_word' id='word_1_406' title='bbox 3388 2759 3549 2814; x_wconf 62' lang='lat' dir='ltr'><strong>innuo</strong></span> 
     </span>
    </p>
   </div>
   <div class='ocr_carea' id='block_1_55' title="bbox 1967 2847 3542 2917">
    <p class='ocr_par' dir='ltr' id='par_1_55' title="bbox 1967 2847 3542 2917">
     <span class='ocr_line' id='line_1_55' title="bbox 1967 2847 3542 2917; baseline 0.003 -13"><span class='ocrx_word' id='word_1_407' title='bbox 1967 2863 2115 2904; x_wconf 90' lang='lat' dir='ltr'><strong>mera</strong></span> <span class='ocrx_word' id='word_1_408' title='bbox 2166 2847 2295 2914; x_wconf 86' lang='lat' dir='ltr'><strong>alia,</strong></span> <span class='ocrx_word' id='word_1_409' title='bbox 2330 2863 2431 2905; x_wconf 87' lang='lat' dir='ltr'><strong>nos</strong></span> <span class='ocrx_word' id='word_1_410' title='bbox 2468 2847 2628 2917; x_wconf 80' lang='lat' dir='ltr'><strong>juxta</strong></span> <span class='ocrx_word' id='word_1_411' title='bbox 2681 2848 2898 2904; x_wconf 87' lang='lat' dir='ltr'><strong>illorum</strong></span> <span class='ocrx_word' id='word_1_412' title='bbox 2940 2848 3273 2907; x_wconf 80' lang='lat' dir='ltr'><strong>voluntatem</strong></span> <span class='ocrx_word' id='word_1_413' title='bbox 3316 2851 3542 2908; x_wconf 82' lang='lat' dir='ltr'><strong>facere:</strong></span> 
     </span>
    </p>
   </div>
   <div class='ocr_carea' id='block_1_56' title="bbox 1964 2939 3546 3012">
    <p class='ocr_par' dir='ltr' id='par_1_56' title="bbox 1964 2939 3546 3012">
     <span class='ocr_line' id='line_1_56' title="bbox 1964 2939 3546 3012; baseline 0.003 -17"><span class='ocrx_word' id='word_1_414' title='bbox 1964 2948 2019 2996; x_wconf 91' lang='lat' dir='ltr'><strong>et</strong></span> <span class='ocrx_word' id='word_1_415' title='bbox 2049 2949 2111 2995; x_wconf 89' lang='lat' dir='ltr'><strong>ut</strong></span> <span class='ocrx_word' id='word_1_416' title='bbox 2154 2939 2299 2995; x_wconf 90' lang='lat' dir='ltr'><strong>inter</strong></span> <span class='ocrx_word' id='word_1_417' title='bbox 2332 2940 2583 2996; x_wconf 86' lang='lat' dir='ltr'><strong>homines</strong></span> <span class='ocrx_word' id='word_1_418' title='bbox 2632 2940 2819 2997; x_wconf 89' lang='lat' dir='ltr'><strong>nullus</strong></span> <span class='ocrx_word' id='word_1_419' title='bbox 2847 2950 2930 2997; x_wconf 87' lang='lat' dir='ltr'><strong>est</strong></span> <span class='ocrx_word' id='word_1_420' title='bbox 2956 2941 3162 3012; x_wconf 82' lang='lat' dir='ltr'><strong>absque</strong></span> <span class='ocrx_word' id='word_1_421' title='bbox 3206 2943 3546 3010; x_wconf 77' lang='lat' dir='ltr'><strong>sordibus“,</strong></span> 
     </span>
    </p>
   </div>
   <div class='ocr_carea' id='block_1_57' title="bbox 1964 3031 3548 3104">
    <p class='ocr_par' dir='ltr' id='par_1_57' title="bbox 1964 3031 3548 3104">
     <span class='ocr_line' id='line_1_57' title="bbox 1964 3031 3548 3104; baseline 0.002 -16"><span class='ocrx_word' id='word_1_422' title='bbox 1964 3042 2021 3088; x_wconf 87' lang='lat' dir='ltr'><strong>et</strong></span> <span class='ocrx_word' id='word_1_423' title='bbox 2056 3031 2239 3089; x_wconf 87' lang='lat' dir='ltr'><strong>nullus</strong></span> <span class='ocrx_word' id='word_1_424' title='bbox 2270 3032 2454 3101; x_wconf 88' lang='lat' dir='ltr'><strong>justus</strong></span> <span class='ocrx_word' id='word_1_425' title='bbox 2492 3047 2659 3104; x_wconf 88' lang='lat' dir='ltr'><strong>super</strong></span> <span class='ocrx_word' id='word_1_426' title='bbox 2702 3042 2929 3100; x_wconf 85' lang='lat' dir='ltr'><strong>terram,</strong></span> <span class='ocrx_word' id='word_1_427' title='bbox 2970 3034 3062 3104; x_wconf 89' lang='lat' dir='ltr'><strong>qui</strong></span> <span class='ocrx_word' id='word_1_428' title='bbox 3104 3034 3273 3089; x_wconf 78' lang='lat' dir='ltr'><strong>faciat</strong></span> <span class='ocrx_word' id='word_1_429' title='bbox 3316 3035 3548 3102; x_wconf 81' lang='lat' dir='ltr'><strong>bonum,</strong></span> 
     </span>
    </p>
   </div>
   <div class='ocr_carea' id='block_1_58' title="bbox 1963 3124 3547 3197">
    <p class='ocr_par' dir='ltr' id='par_1_58' title="bbox 1963 3124 3547 3197">
     <span class='ocr_line' id='line_1_58' title="bbox 1963 3124 3547 3197; baseline 0.001 -16"><span class='ocrx_word' id='word_1_430' title='bbox 1963 3135 2020 3181; x_wconf 87' lang='lat' dir='ltr'><strong>et</strong></span> <span class='ocrx_word' id='word_1_431' title='bbox 2056 3139 2165 3182; x_wconf 90' lang='lat' dir='ltr'><strong>non</strong></span> <span class='ocrx_word' id='word_1_432' title='bbox 2204 3134 2394 3196; x_wconf 89' lang='lat' dir='ltr'><strong>peccet</strong></span> <span class='ocrx_word' id='word_1_433' title='bbox 2419 3124 2508 3194; x_wconf 72' lang='lat'><strong>“;</strong></span> <span class='ocrx_word' id='word_1_434' title='bbox 2559 3125 2642 3181; x_wconf 89' lang='lat' dir='ltr'><strong>sic</strong></span> <span class='ocrx_word' id='word_1_435' title='bbox 2686 3126 2852 3183; x_wconf 89' lang='lat' dir='ltr'><strong>etiam</strong></span> <span class='ocrx_word' id='word_1_436' title='bbox 2904 3126 3083 3182; x_wconf 87' lang='lat' dir='ltr'><strong>nullus</strong></span> <span class='ocrx_word' id='word_1_437' title='bbox 3113 3136 3203 3182; x_wconf 89' lang='lat' dir='ltr'><strong>est</strong></span> <span class='ocrx_word' id='word_1_438' title='bbox 3257 3141 3474 3197; x_wconf 88' lang='lat' dir='ltr'><strong>semper</strong></span> <span class='ocrx_word' id='word_1_439' title='bbox 3506 3142 3547 3183; x_wconf 79' lang='lat' dir='ltr'><strong>a</strong></span> 
     </span>
    </p>
   </div>
   <div class='ocr_carea' id='block_1_59' title="bbox 1964 3217 3548 3290">
    <p class='ocr_par' dir='ltr' id='par_1_59' title="bbox 1964 3217 3548 3290">
     <span class='ocr_line' id='line_1_59' title="bbox 1964 3217 3548 3290; baseline 0.001 -16"><span class='ocrx_word' id='word_1_440' title='bbox 1964 3217 2253 3275; x_wconf 83' lang='lat' dir='ltr'><strong>daemoniis</strong></span> <span class='ocrx_word' id='word_1_441' title='bbox 2306 3217 2569 3284; x_wconf 88' lang='lat' dir='ltr'><strong>mundus,</strong></span> <span class='ocrx_word' id='word_1_442' title='bbox 2621 3226 2677 3274; x_wconf 92' lang='lat' dir='ltr'><strong>et</strong></span> <span class='ocrx_word' id='word_1_443' title='bbox 2744 3226 3007 3290; x_wconf 90' lang='lat' dir='ltr'><strong>perpetuo</strong></span> <span class='ocrx_word' id='word_1_444' title='bbox 3063 3218 3242 3275; x_wconf 79' lang='lat' dir='ltr'><strong>factus</strong></span> <span class='ocrx_word' id='word_1_445' title='bbox 3312 3217 3548 3289; x_wconf 77' lang='lat' dir='ltr'><strong>incapax</strong></span> 
     </span>
    </p>
   </div>
   <div class='ocr_carea' id='block_1_60' title="bbox 302 3297 1863 3411">
    <p class='ocr_par' dir='ltr' id='par_1_60' title="bbox 302 3297 1863 3388">
     <span class='ocr_line' id='line_1_60' title="bbox 302 3297 1863 3388; baseline 0.01 -33"><span class='ocrx_word' id='word_1_446' title='bbox 302 3297 375 3367; x_wconf 72' lang='grc' dir='ltr'>αἷς</span> <span class='ocrx_word' id='word_1_447' title='bbox 412 3305 512 3359; x_wconf 87' lang='grc' dir='ltr'>είσι</span> <span class='ocrx_word' id='word_1_448' title='bbox 555 3306 654 3361; x_wconf 76' lang='grc' dir='ltr'><strong>καὶ</strong></span> <span class='ocrx_word' id='word_1_449' title='bbox 711 3306 822 3361; x_wconf 84' lang='grc' dir='ltr'>τῶν</span> <span class='ocrx_word' id='word_1_450' title='bbox 877 3308 1169 3381; x_wconf 87' lang='grc' dir='ltr'>δαιμονίων</span> <span class='ocrx_word' id='word_1_451' title='bbox 1245 3312 1569 3379; x_wconf 84' lang='grc' dir='ltr'>ἀπελάσεις,</span> <span class='ocrx_word' id='word_1_452' title='bbox 1627 3313 1863 3388; x_wconf 77' lang='grc' dir='ltr'>ἐροῦμεν</span> 
     </span>
    </p>
   </div>
   <div class='ocr_carea' id='block_1_61' title="bbox 1967 3297 3549 3411">
    <p class='ocr_par' dir='ltr' id='par_1_61' title="bbox 1967 3307 3549 3380">
     <span class='ocr_line' id='line_1_61' title="bbox 1967 3307 3549 3380; baseline 0.001 -17"><span class='ocrx_word' id='word_1_453' title='bbox 1967 3309 2305 3378; x_wconf 85' lang='lat' dir='ltr'><strong>operationis</strong></span> <span class='ocrx_word' id='word_1_454' title='bbox 2346 3310 2568 3365; x_wconf 87' lang='lat' dir='ltr'><strong>borum.</strong></span> <span class='ocrx_word' id='word_1_455' title='bbox 2619 3308 2889 3377; x_wconf 87' lang='lat' dir='ltr'><strong>Quocirca</strong></span> <span class='ocrx_word' id='word_1_456' title='bbox 2936 3307 3231 3379; x_wconf 85' lang='lat' dir='ltr'><strong>allegorice</strong></span> <span class='ocrx_word' id='word_1_457' title='bbox 3275 3309 3549 3380; x_wconf 83' lang='lat' dir='ltr'><strong>interpre-</strong></span> 
     </span>
    </p>
   </div>
   <div class='ocr_carea' id='block_1_62' title="bbox 303 3395 1857 3478">
    <p class='ocr_par' dir='ltr' id='par_1_62' title="bbox 303 3395 1857 3478">
     <span class='ocr_line' id='line_1_62' title="bbox 303 3395 1857 3478; baseline 0.01 -32"><span class='ocrx_word' id='word_1_458' title='bbox 303 3395 489 3451; x_wconf 76' lang='grc' dir='ltr'>πάντων</span> <span class='ocrx_word' id='word_1_459' title='bbox 519 3399 609 3453; x_wconf 77' lang='grc' dir='ltr'>ἀεὶ</span> <span class='ocrx_word' id='word_1_460' title='bbox 635 3399 1042 3455; x_wconf 81' lang='grc' dir='ltr'>ἀπελαύνεσθαι</span> <span class='ocrx_word' id='word_1_461' title='bbox 1081 3403 1207 3468; x_wconf 84' lang='grc' dir='ltr'>τοὺς</span> <span class='ocrx_word' id='word_1_462' title='bbox 1228 3403 1489 3475; x_wconf 88' lang='grc' dir='ltr'>δαίμονας</span> <span class='ocrx_word' id='word_1_463' title='bbox 1520 3404 1626 3459; x_wconf 74' lang='grc' dir='ltr'>ὑπὸ</span> <span class='ocrx_word' id='word_1_464' title='bbox 1660 3406 1857 3478; x_wconf 86' lang='grc' dir='ltr'>Ἰησοῦ,</span> 
     </span>
    </p>
   </div>
   <div class='ocr_carea' id='block_1_63' title="bbox 301 3486 1862 3571">
    <p class='ocr_par' dir='ltr' id='par_1_63' title="bbox 301 3486 1862 3571">
     <span class='ocr_line' id='line_1_63' title="bbox 301 3486 1862 3571; baseline 0.01 -31"><span class='ocrx_word' id='word_1_465' title='bbox 301 3486 390 3541; x_wconf 77' lang='grc' dir='ltr'><strong>τῶν</strong></span> <span class='ocrx_word' id='word_1_466' title='bbox 426 3490 572 3562; x_wconf 91' lang='grc' dir='ltr'><strong>παρά</strong></span> <span class='ocrx_word' id='word_1_467' title='bbox 613 3490 679 3546; x_wconf 82' lang='grc' dir='ltr'>τὸ</span> <span class='ocrx_word' id='word_1_468' title='bbox 706 3491 1148 3565; x_wconf 83' lang='grc' dir='ltr'>τεθεραπεῦσθαι</span> <span class='ocrx_word' id='word_1_469' title='bbox 1190 3496 1296 3550; x_wconf 82' lang='grc' dir='ltr'>ὑπὸ</span> <span class='ocrx_word' id='word_1_470' title='bbox 1325 3496 1420 3551; x_wconf 83' lang='grc' dir='ltr'><strong>τοῦ</strong></span> <span class='ocrx_word' id='word_1_471' title='bbox 1453 3497 1631 3568; x_wconf 83' lang='grc' dir='ltr'>Λόγου</span> <span class='ocrx_word' id='word_1_472' title='bbox 1663 3499 1862 3571; x_wconf 87' lang='grc' dir='ltr'>μηκέτι</span> 
     </span>
    </p>
   </div>
   <div class='ocr_carea' id='block_1_64' title="bbox 303 3578 1860 3659">
    <p class='ocr_par' dir='ltr' id='par_1_64' title="bbox 303 3578 1860 3659">
     <span class='ocr_line' id='line_1_64' title="bbox 303 3578 1860 3659; baseline 0.011 -32"><span class='ocrx_word' id='word_1_473' title='bbox 303 3578 737 3651; x_wconf 78' lang='grc' dir='ltr'>παραδεχομένων</span> <span class='ocrx_word' id='word_1_474' title='bbox 781 3581 883 3645; x_wconf 86' lang='grc' dir='ltr'><strong>τάς</strong></span> <span class='ocrx_word' id='word_1_475' title='bbox 924 3582 1034 3636; x_wconf 88' lang='grc' dir='ltr'>τῶν</span> <span class='ocrx_word' id='word_1_476' title='bbox 1070 3584 1336 3657; x_wconf 85' lang='grc' dir='ltr'>δαιμόνων</span> <span class='ocrx_word' id='word_1_477' title='bbox 1360 3587 1659 3659; x_wconf 77' lang='grc' dir='ltr'>ἐνεργείας.</span> <span class='ocrx_word' id='word_1_478' title='bbox 1684 3590 1860 3644; x_wconf 84' lang='grc' dir='ltr'>Μόνου</span> 
     </span>
    </p>
   </div>
   <div class='ocr_carea' id='block_1_65' title="bbox 300 3669 1863 3752">
    <p class='ocr_par' dir='ltr' id='par_1_65' title="bbox 300 3669 1863 3752">
     <span class='ocr_line' id='line_1_65' title="bbox 300 3669 1863 3752; baseline 0.012 -32"><span class='ocrx_word' id='word_1_479' title='bbox 300 3670 452 3726; x_wconf 78' lang='grc' dir='ltr'>τοίνυν</span> <span class='ocrx_word' id='word_1_480' title='bbox 479 3673 687 3744; x_wconf 78' lang='grc' dir='ltr'>νομίζω</span> <span class='ocrx_word' id='word_1_481' title='bbox 714 3669 855 3728; x_wconf 77' lang='grc' dir='ltr'>εἶναι</span> <span class='ocrx_word' id='word_1_482' title='bbox 898 3675 1074 3748; x_wconf 83' lang='grc' dir='ltr'>Ἰησοῦ</span> <span class='ocrx_word' id='word_1_483' title='bbox 1104 3678 1285 3751; x_wconf 79' lang='grc' dir='ltr'>φωνὴν</span> <span class='ocrx_word' id='word_1_484' title='bbox 1316 3679 1432 3749; x_wconf 90' lang='grc' dir='ltr'>(τοῦ</span> <span class='ocrx_word' id='word_1_485' title='bbox 1471 3680 1634 3752; x_wconf 86' lang='grc' dir='ltr'>μόνου</span> <span class='ocrx_word' id='word_1_486' title='bbox 1685 3684 1863 3740; x_wconf 87' lang='grc' dir='ltr'>ἀπεκ-</span> 
     </span>
    </p>
   </div>
   <div class='ocr_carea' id='block_1_66' title="bbox 299 3759 1862 3846">
    <p class='ocr_par' dir='ltr' id='par_1_66' title="bbox 299 3759 1862 3846">
     <span class='ocr_line' id='line_1_66' title="bbox 299 3759 1862 3846; baseline 0.011 -32"><span class='ocrx_word' id='word_1_487' title='bbox 299 3759 571 3834; x_wconf 76' lang='grc' dir='ltr'>δνσαμένου</span> <span class='ocrx_word' id='word_1_488' title='bbox 598 3764 701 3829; x_wconf 87' lang='grc' dir='ltr'><strong>τάς</strong></span> <span class='ocrx_word' id='word_1_489' title='bbox 733 3765 932 3838; x_wconf 80' lang='grc' dir='ltr'>ἀρχάς,</span> <span class='ocrx_word' id='word_1_490' title='bbox 962 3768 1058 3821; x_wconf 80' lang='grc' dir='ltr'>καὶ</span> <span class='ocrx_word' id='word_1_491' title='bbox 1088 3768 1187 3834; x_wconf 88' lang='grc' dir='ltr'><strong>τάς</strong></span> <span class='ocrx_word' id='word_1_492' title='bbox 1213 3768 1479 3840; x_wconf 77' lang='grc' dir='ltr'>ἐξουσίας,</span> <span class='ocrx_word' id='word_1_493' title='bbox 1514 3774 1609 3828; x_wconf 75' lang='grc' dir='ltr'><strong>καὶ</strong></span> <span class='ocrx_word' id='word_1_494' title='bbox 1632 3773 1862 3846; x_wconf 90' lang='grc' dir='ltr'>δειγμα-</span> 
     </span>
    </p>
   </div>
   <div class='ocr_carea' id='block_1_67' title="bbox 301 3853 1858 3939">
    <p class='ocr_par' dir='ltr' id='par_1_67' title="bbox 301 3853 1858 3939">
     <span class='ocr_line' id='line_1_67' title="bbox 301 3853 1858 3939; baseline 0.01 -34"><span class='ocrx_word' id='word_1_495' title='bbox 301 3853 524 3921; x_wconf 79' lang='grc' dir='ltr'>τίσαντος</span> <span class='ocrx_word' id='word_1_496' title='bbox 548 3859 607 3910; x_wconf 81' lang='grc' dir='ltr'>ἐν</span> <span class='ocrx_word' id='word_1_497' title='bbox 633 3859 947 3930; x_wconf 71' lang='grc' dir='ltr'>παρρησίᾳ,</span> <span class='ocrx_word' id='word_1_498' title='bbox 978 3861 1072 3915; x_wconf 74' lang='grc' dir='ltr'><strong>καὶ</strong></span> <span class='ocrx_word' id='word_1_499' title='bbox 1103 3859 1569 3934; x_wconf 71' lang='grc' dir='ltr'>θριαμϐεύσαντος</span> <span class='ocrx_word' id='word_1_500' title='bbox 1598 3866 1658 3921; x_wconf 82' lang='grc' dir='ltr'><strong>ὲν</strong></span> <span class='ocrx_word' id='word_1_501' title='bbox 1690 3865 1858 3939; x_wconf 80' lang='grc' dir='ltr'>ξύλῳ,</span> 
     </span>
    </p>
   </div>
   <div class='ocr_carea' id='block_1_68' title="bbox 301 3944 1858 4023">
    <p class='ocr_par' dir='ltr' id='par_1_68' title="bbox 301 3944 1858 4023">
     <span class='ocr_line' id='line_1_68' title="bbox 301 3944 1858 4023; baseline 0.008 -30"><span class='ocrx_word' id='word_1_502' title='bbox 301 3944 532 4012; x_wconf 80' lang='grc' dir='ltr'>τρόπαιον</span> <span class='ocrx_word' id='word_1_503' title='bbox 578 3946 725 4000; x_wconf 86' lang='grc' dir='ltr'><strong>κατά</strong></span> <span class='ocrx_word' id='word_1_504' title='bbox 772 3945 958 4018; x_wconf 85' lang='grc' dir='ltr'>πάσης</span> <span class='ocrx_word' id='word_1_505' title='bbox 1002 3947 1384 4022; x_wconf 85' lang='grc' dir='ltr'>ἀντικειμένης</span> <span class='ocrx_word' id='word_1_506' title='bbox 1430 3950 1712 4023; x_wconf 85' lang='grc' dir='ltr'>δυνάμεως</span> <span class='ocrx_word' id='word_1_507' title='bbox 1764 3951 1858 4006; x_wconf 81' lang='grc' dir='ltr'><strong>τὸν</strong></span> 
     </span>
    </p>
   </div>
   <div class='ocr_carea' id='block_1_69' title="bbox 304 4037 1864 4112">
    <p class='ocr_par' dir='ltr' id='par_1_69' title="bbox 304 4037 1864 4112">
     <span class='ocr_line' id='line_1_69' title="bbox 304 4037 1864 4112; baseline 0.004 -22"><span class='ocrx_word' id='word_1_508' title='bbox 304 4037 508 4109; x_wconf 74' lang='grc' dir='ltr'>σταυρὸν</span> <span class='ocrx_word' id='word_1_509' title='bbox 537 4038 897 4111; x_wconf 75' lang='grc' dir='ltr'>στήσαντος),</span> <span class='ocrx_word' id='word_1_510' title='bbox 934 4037 1128 4111; x_wconf 80' lang='grc' dir='ltr'>ὥσπερ</span> <span class='ocrx_word' id='word_1_511' title='bbox 1156 4040 1217 4095; x_wconf 90' lang='grc' dir='ltr'><strong>τό</strong></span> <span class='ocrx_word' id='word_1_512' title='bbox 1236 4059 1248 4072; x_wconf 76' lang='grc' dir='ltr'><strong>ο</strong></span> <span class='ocrx_word' id='word_1_513' title='bbox 1287 4042 1567 4112; x_wconf 84' lang='grc' dir='ltr'>Ἔρχεται</span> <span class='ocrx_word' id='word_1_514' title='bbox 1595 4045 1628 4097; x_wconf 85' lang='grc' dir='ltr'><em>ὀ</em></span> <span class='ocrx_word' id='word_1_515' title='bbox 1663 4040 1864 4112; x_wconf 74' lang='grc' dir='ltr'>ἄρχων</span> 
     </span>
    </p>
   </div>
   <div class='ocr_carea' id='block_1_70' title="bbox 302 4131 1860 4207">
    <p class='ocr_par' dir='ltr' id='par_1_70' title="bbox 302 4131 1860 4207">
     <span class='ocr_line' id='line_1_70' title="bbox 302 4131 1860 4207; baseline 0.004 -23"><span class='ocrx_word' id='word_1_516' title='bbox 302 4131 391 4186; x_wconf 80' lang='grc' dir='ltr'><strong>τοῦ</strong></span> <span class='ocrx_word' id='word_1_517' title='bbox 413 4135 639 4204; x_wconf 79' lang='grc' dir='ltr'>κόσμου</span> <span class='ocrx_word' id='word_1_518' title='bbox 674 4136 915 4200; x_wconf 84' lang='grc' dir='ltr'>τούτου,</span> <span class='ocrx_word' id='word_1_519' title='bbox 948 4134 1047 4190; x_wconf 79' lang='grc' dir='ltr'>καὶ</span> <span class='ocrx_word' id='word_1_520' title='bbox 1080 4135 1150 4190; x_wconf 79' lang='grc' dir='ltr'><strong>ἐν</strong></span> <span class='ocrx_word' id='word_1_521' title='bbox 1197 4136 1329 4207; x_wconf 74' lang='grc' dir='ltr'>ἐμοὶ</span> <span class='ocrx_word' id='word_1_522' title='bbox 1359 4138 1472 4191; x_wconf 77' lang='grc' dir='ltr'>οὐκ</span> <span class='ocrx_word' id='word_1_523' title='bbox 1496 4137 1623 4207; x_wconf 77' lang='grc' dir='ltr'>ἔχει</span> <span class='ocrx_word' id='word_1_524' title='bbox 1658 4134 1860 4202; x_wconf 79' lang='grc' dir='ltr'>οὐδὲν,</span> 
     </span>
    </p>
   </div>
   <div class='ocr_carea' id='block_1_71' title="bbox 302 4220 1859 4300">
    <p class='ocr_par' dir='ltr' id='par_1_71' title="bbox 302 4220 1859 4300">
     <span class='ocr_line' id='line_1_71' title="bbox 302 4220 1859 4300; baseline 0.004 -23"><span class='ocrx_word' id='word_1_525' title='bbox 302 4220 450 4289; x_wconf 75' lang='grc' dir='ltr'>οὕτως</span> <span class='ocrx_word' id='word_1_526' title='bbox 474 4228 566 4281; x_wconf 82' lang='grc' dir='ltr'>καὶ</span> <span class='ocrx_word' id='word_1_527' title='bbox 592 4228 677 4281; x_wconf 87' lang='grc' dir='ltr'>τό·</span> <span class='ocrx_word' id='word_1_528' title='bbox 726 4226 871 4297; x_wconf 82' lang='grc' dir='ltr'><strong>Ἐγὼ</strong></span> <span class='ocrx_word' id='word_1_529' title='bbox 904 4226 1179 4299; x_wconf 81' lang='grc' dir='ltr'>δαιμόνιον</span> <span class='ocrx_word' id='word_1_530' title='bbox 1216 4227 1338 4284; x_wconf 75' lang='grc' dir='ltr'>οὗτε</span> <span class='ocrx_word' id='word_1_531' title='bbox 1370 4228 1548 4300; x_wconf 75' lang='grc' dir='ltr'>ἔσχον,</span> <span class='ocrx_word' id='word_1_532' title='bbox 1582 4228 1707 4284; x_wconf 72' lang='grc' dir='ltr'>οὔτε</span> <span class='ocrx_word' id='word_1_533' title='bbox 1731 4228 1859 4300; x_wconf 76' lang='grc' dir='ltr'>ἔχω,</span> 
     </span>
    </p>
   </div>
   <div class='ocr_carea' id='block_1_72' title="bbox 303 4312 1864 4393">
    <p class='ocr_par' dir='ltr' id='par_1_72' title="bbox 303 4312 1864 4393">
     <span class='ocr_line' id='line_1_72' title="bbox 303 4312 1864 4393; baseline 0.004 -25"><span class='ocrx_word' id='word_1_534' title='bbox 303 4312 408 4368; x_wconf 70' lang='grc' dir='ltr'>οὔτε</span> <span class='ocrx_word' id='word_1_535' title='bbox 432 4316 553 4384; x_wconf 71' lang='grc' dir='ltr'>ἔξω.</span> <span class='ocrx_word' id='word_1_536' title='bbox 586 4319 701 4391; x_wconf 79' lang='grc' dir='ltr'>Τὴν</span> <span class='ocrx_word' id='word_1_537' title='bbox 729 4318 791 4372; x_wconf 81' lang='grc' dir='ltr'>δὲ</span> <span class='ocrx_word' id='word_1_538' title='bbox 831 4319 1016 4391; x_wconf 70' lang='grc' dir='ltr'>φωνὴν</span> <span class='ocrx_word' id='word_1_539' title='bbox 1066 4319 1344 4393; x_wconf 82' lang='grc' dir='ltr'>δυνάμεθα</span> <span class='ocrx_word' id='word_1_540' title='bbox 1401 4322 1501 4393; x_wconf 87' lang='grc' dir='ltr'>μὲν</span> <span class='ocrx_word' id='word_1_541' title='bbox 1557 4322 1652 4378; x_wconf 73' lang='grc' dir='ltr'>καὶ</span> <span class='ocrx_word' id='word_1_542' title='bbox 1698 4322 1864 4393; x_wconf 81' lang='grc' dir='ltr'>ἡμεῖς</span> 
     </span>
    </p>
   </div>
   <div class='ocr_carea' id='block_1_73' title="bbox 305 4408 1860 4484">
    <p class='ocr_par' dir='ltr' id='par_1_73' title="bbox 305 4408 1860 4484">
     <span class='ocr_line' id='line_1_73' title="bbox 305 4408 1860 4484; baseline 0.006 -26"><span class='ocrx_word' id='word_1_543' title='bbox 305 4409 711 4478; x_wconf 78' lang='grc' dir='ltr'>προενέγκασθαι</span> <span class='ocrx_word' id='word_1_544' title='bbox 766 4409 861 4464; x_wconf 79' lang='grc' dir='ltr'><strong>καὶ</strong></span> <span class='ocrx_word' id='word_1_545' title='bbox 888 4408 1121 4479; x_wconf 68' lang='grc' dir='ltr'>’λέγειν’</span> <span class='ocrx_word' id='word_1_546' title='bbox 1184 4414 1503 4484; x_wconf 80' lang='grc' dir='ltr'>Δαιμόνιον</span> <span class='ocrx_word' id='word_1_547' title='bbox 1538 4415 1652 4470; x_wconf 84' lang='grc' dir='ltr'>οὐκ</span> <span class='ocrx_word' id='word_1_548' title='bbox 1708 4414 1860 4484; x_wconf 71' lang='grc' dir='ltr'>ἅχω,</span> 
     </span>
    </p>
   </div>
   <div class='ocr_carea' id='block_1_74' title="bbox 304 4493 1864 4578">
    <p class='ocr_par' dir='ltr' id='par_1_74' title="bbox 304 4493 1864 4578">
     <span class='ocr_line' id='line_1_74' title="bbox 304 4493 1864 4578; baseline 0.006 -28"><span class='ocrx_word' id='word_1_549' title='bbox 304 4493 401 4548; x_wconf 78' lang='grc' dir='ltr'>ἀλλ’</span> <span class='ocrx_word' id='word_1_550' title='bbox 446 4498 886 4572; x_wconf 71' lang='grc' dir='ltr'>ἐλεγχθησόμεθα</span> <span class='ocrx_word' id='word_1_551' title='bbox 925 4500 1128 4573; x_wconf 85' lang='grc' dir='ltr'>ὁμοίως</span> <span class='ocrx_word' id='word_1_552' title='bbox 1161 4505 1271 4569; x_wconf 87' lang='grc' dir='ltr'>τοῖς</span> <span class='ocrx_word' id='word_1_553' title='bbox 1305 4504 1708 4576; x_wconf 79' lang='grc' dir='ltr'>ἀρνησαμένοις</span> <span class='ocrx_word' id='word_1_554' title='bbox 1734 4506 1864 4578; x_wconf 77' lang='grc' dir='ltr'>περὶ</span> 
     </span>
    </p>
   </div>
   <div class='ocr_carea' id='block_1_75' title="bbox 1968 3398 3550 3470">
    <p class='ocr_par' dir='ltr' id='par_1_75' title="bbox 1968 3398 3550 3470">
     <span class='ocr_line' id='line_1_75' title="bbox 1968 3398 3550 3470; baseline -0.001 -12"><span class='ocrx_word' id='word_1_555' title='bbox 1968 3407 2148 3459; x_wconf 81' lang='lat' dir='ltr'><strong>tantes</strong></span> <span class='ocrx_word' id='word_1_556' title='bbox 2194 3400 2507 3455; x_wconf 85' lang='lat' dir='ltr'><strong>curationes</strong></span> <span class='ocrx_word' id='word_1_557' title='bbox 2550 3399 2608 3454; x_wconf 88' lang='lat' dir='ltr'><strong>in</strong></span> <span class='ocrx_word' id='word_1_558' title='bbox 2654 3398 2949 3470; x_wconf 81' lang='lat' dir='ltr'><strong>Evaugelio</strong></span> <span class='ocrx_word' id='word_1_559' title='bbox 2985 3398 3214 3470; x_wconf 88' lang='lat' dir='ltr'><strong>positas,</strong></span> <span class='ocrx_word' id='word_1_560' title='bbox 3248 3399 3300 3454; x_wconf 90' lang='lat' dir='ltr'><strong>in</strong></span> <span class='ocrx_word' id='word_1_561' title='bbox 3348 3399 3550 3469; x_wconf 74' lang='lat' dir='ltr'><strong>quibus</strong></span> 
     </span>
    </p>
   </div>
   <div class='ocr_carea' id='block_1_76' title="bbox 1968 3488 3546 3562">
    <p class='ocr_par' dir='ltr' id='par_1_76' title="bbox 1968 3488 3546 3562">
     <span class='ocr_line' id='line_1_76' title="bbox 1968 3488 3546 3562; baseline 0 -17"><span class='ocrx_word' id='word_1_562' title='bbox 1968 3499 2097 3546; x_wconf 87' lang='lat' dir='ltr'><strong>sunt</strong></span> <span class='ocrx_word' id='word_1_563' title='bbox 2126 3489 2293 3545; x_wconf 87' lang='lat' dir='ltr'><strong>etiam</strong></span> <span class='ocrx_word' id='word_1_564' title='bbox 2341 3491 2646 3546; x_wconf 63' lang='lat' dir='ltr'><strong>daemonum</strong></span> <span class='ocrx_word' id='word_1_565' title='bbox 2684 3490 3058 3562; x_wconf 90' lang='lat' dir='ltr'><strong>expulsiones,</strong></span> <span class='ocrx_word' id='word_1_566' title='bbox 3086 3490 3333 3546; x_wconf 87' lang='lat' dir='ltr'><strong>dicemus</strong></span> <span class='ocrx_word' id='word_1_567' title='bbox 3359 3488 3546 3547; x_wconf 73' lang='lat' dir='ltr'><strong>Iesum</strong></span> 
     </span>
    </p>
   </div>
   <div class='ocr_carea' id='block_1_77' title="bbox 1964 3580 3548 3655">
    <p class='ocr_par' dir='ltr' id='par_1_77' title="bbox 1964 3580 3548 3655">
     <span class='ocr_line' id='line_1_77' title="bbox 1964 3580 3548 3655; baseline 0.002 -18"><span class='ocrx_word' id='word_1_568' title='bbox 1964 3581 2034 3638; x_wconf 87' lang='lat' dir='ltr'><strong>ab</strong></span> <span class='ocrx_word' id='word_1_569' title='bbox 2073 3580 2182 3639; x_wconf 88' lang='lat' dir='ltr'><strong>illis</strong></span> <span class='ocrx_word' id='word_1_570' title='bbox 2221 3583 2479 3639; x_wconf 86' lang='lat' dir='ltr'><strong>omnibus</strong></span> <span class='ocrx_word' id='word_1_571' title='bbox 2529 3596 2745 3652; x_wconf 86' lang='lat' dir='ltr'><strong>semper</strong></span> <span class='ocrx_word' id='word_1_572' title='bbox 2794 3584 3072 3639; x_wconf 66' lang='lat' dir='ltr'><strong>daemonas</strong></span> <span class='ocrx_word' id='word_1_573' title='bbox 3125 3584 3420 3654; x_wconf 78' lang='lat' dir='ltr'><strong>expellere,</strong></span> <span class='ocrx_word' id='word_1_574' title='bbox 3453 3586 3548 3655; x_wconf 77' lang='lat' dir='ltr'><strong>qui</strong></span> 
     </span>
    </p>
   </div>
   <div class='ocr_carea' id='block_1_78' title="bbox 1965 3674 3548 3746">
    <p class='ocr_par' dir='ltr' id='par_1_78' title="bbox 1965 3674 3548 3746">
     <span class='ocr_line' id='line_1_78' title="bbox 1965 3674 3548 3746; baseline 0.001 -17"><span class='ocrx_word' id='word_1_575' title='bbox 1965 3682 2254 3746; x_wconf 84' lang='lat' dir='ltr'><strong>propterea</strong></span> <span class='ocrx_word' id='word_1_576' title='bbox 2300 3677 2446 3745; x_wconf 86' lang='lat' dir='ltr'><strong>quod</strong></span> <span class='ocrx_word' id='word_1_577' title='bbox 2494 3675 2672 3730; x_wconf 86' lang='lat' dir='ltr'><strong>curati</strong></span> <span class='ocrx_word' id='word_1_578' title='bbox 2734 3674 2943 3731; x_wconf 80' lang='lat' dir='ltr'><strong>fuerint</strong></span> <span class='ocrx_word' id='word_1_579' title='bbox 2992 3691 3024 3729; x_wconf 91' lang='lat' dir='ltr'><strong>a</strong></span> <span class='ocrx_word' id='word_1_580' title='bbox 3062 3674 3205 3733; x_wconf 85' lang='lat' dir='ltr'><strong>Filio</strong></span> <span class='ocrx_word' id='word_1_581' title='bbox 3261 3675 3380 3743; x_wconf 90' lang='lat' dir='ltr'><strong>Dei,</strong></span> <span class='ocrx_word' id='word_1_582' title='bbox 3437 3692 3548 3732; x_wconf 85' lang='lat' dir='ltr'><strong>non</strong></span> 
     </span>
    </p>
   </div>
   <div class='ocr_carea' id='block_1_79' title="bbox 1965 3765 3542 3837">
    <p class='ocr_par' dir='ltr' id='par_1_79' title="bbox 1965 3765 3542 3837">
     <span class='ocr_line' id='line_1_79' title="bbox 1965 3765 3542 3837; baseline 0.001 -17"><span class='ocrx_word' id='word_1_583' title='bbox 1965 3765 2201 3836; x_wconf 83' lang='lat' dir='ltr'><strong>amplius</strong></span> <span class='ocrx_word' id='word_1_584' title='bbox 2218 3766 2512 3821; x_wconf 85' lang='lat' dir='ltr'><strong>admittunt</strong></span> <span class='ocrx_word' id='word_1_585' title='bbox 2533 3766 2841 3821; x_wconf 71' lang='lat' dir='ltr'><strong>daemonum</strong></span> <span class='ocrx_word' id='word_1_586' title='bbox 2861 3766 3209 3836; x_wconf 83' lang='lat' dir='ltr'><strong>operationes</strong></span> <span class='ocrx_word' id='word_1_587' title='bbox 3235 3785 3249 3821; x_wconf 87' lang='lat'><strong>:</strong></span> <span class='ocrx_word' id='word_1_588' title='bbox 3275 3768 3542 3837; x_wconf 83' lang='lat' dir='ltr'><strong>quamob-</strong></span> 
     </span>
    </p>
   </div>
   <div class='ocr_carea' id='block_1_80' title="bbox 1966 3855 3635 3931">
    <p class='ocr_par' dir='ltr' id='par_1_80' title="bbox 1966 3855 3635 3931">
     <span class='ocr_line' id='line_1_80' title="bbox 1966 3855 3635 3931; baseline 0.001 -17"><span class='ocrx_word' id='word_1_589' title='bbox 1966 3875 2081 3915; x_wconf 89' lang='lat' dir='ltr'><strong>rem</strong></span> <span class='ocrx_word' id='word_1_590' title='bbox 2129 3858 2301 3915; x_wconf 89' lang='lat' dir='ltr'><strong>solius</strong></span> <span class='ocrx_word' id='word_1_591' title='bbox 2347 3855 2477 3915; x_wconf 80' lang='lat' dir='ltr'><strong>Jesu</strong></span> <span class='ocrx_word' id='word_1_592' title='bbox 2521 3873 2711 3915; x_wconf 88' lang='lat' dir='ltr'><strong>vocem</strong></span> <span class='ocrx_word' id='word_1_593' title='bbox 2758 3874 2882 3915; x_wconf 89' lang='lat' dir='ltr'><strong>esse</strong></span> <span class='ocrx_word' id='word_1_594' title='bbox 2931 3873 3057 3915; x_wconf 91' lang='lat' dir='ltr'><strong>reor</strong></span> <span class='ocrx_word' id='word_1_595' title='bbox 3111 3860 3227 3931; x_wconf 87' lang='lat' dir='ltr'><strong>(qui</strong></span> <span class='ocrx_word' id='word_1_596' title='bbox 3266 3860 3417 3915; x_wconf 89' lang='lat' dir='ltr'><strong>solus</strong></span> <span class='ocrx_word' id='word_1_597' title='bbox 3447 3876 3546 3915; x_wconf 75' lang='grc' dir='ltr'>ει·</span> <span class='ocrx_word' id='word_1_598' title='bbox 3632 3860 3635 3865; x_wconf 81' lang='grc'><em>’</em></span> 
     </span>
    </p>
   </div>
   <div class='ocr_carea' id='block_1_81' title="bbox 1965 3948 3547 4023">
    <p class='ocr_par' dir='ltr' id='par_1_81' title="bbox 1965 3948 3547 4023">
     <span class='ocr_line' id='line_1_81' title="bbox 1965 3948 3547 4023; baseline 0.002 -19"><span class='ocrx_word' id='word_1_599' title='bbox 1965 3948 2217 4018; x_wconf 86' lang='lat' dir='ltr'><strong>spoliavit</strong></span> <span class='ocrx_word' id='word_1_600' title='bbox 2254 3948 2592 4019; x_wconf 83' lang='lat' dir='ltr'><strong>principatus</strong></span> <span class='ocrx_word' id='word_1_601' title='bbox 2616 3956 2673 4004; x_wconf 86' lang='lat' dir='ltr'><strong>et</strong></span> <span class='ocrx_word' id='word_1_602' title='bbox 2715 3956 3043 4021; x_wconf 86' lang='lat' dir='ltr'><strong>potestates,</strong></span> <span class='ocrx_word' id='word_1_603' title='bbox 3063 3958 3119 4004; x_wconf 88' lang='lat' dir='ltr'><strong>et</strong></span> <span class='ocrx_word' id='word_1_604' title='bbox 3139 3959 3424 4007; x_wconf 87' lang='lat' dir='ltr'><strong>ostentans</strong></span> <span class='ocrx_word' id='word_1_605' title='bbox 3445 3966 3547 4023; x_wconf 87' lang='lat' dir='ltr'><strong>pa-</strong></span> 
     </span>
    </p>
   </div>
   <div class='ocr_carea' id='block_1_82' title="bbox 1962 4040 3544 4113">
    <p class='ocr_par' dir='ltr' id='par_1_82' title="bbox 1962 4040 3544 4113">
     <span class='ocr_line' id='line_1_82' title="bbox 1962 4040 3544 4113; baseline 0.003 -17"><span class='ocrx_word' id='word_1_606' title='bbox 1962 4041 2095 4109; x_wconf 88' lang='lat' dir='ltr'><strong>lam,</strong></span> <span class='ocrx_word' id='word_1_607' title='bbox 2139 4050 2195 4097; x_wconf 92' lang='lat' dir='ltr'><strong>et</strong></span> <span class='ocrx_word' id='word_1_608' title='bbox 2243 4040 2588 4113; x_wconf 85' lang='lat' dir='ltr'><strong>triumphans</strong></span> <span class='ocrx_word' id='word_1_609' title='bbox 2627 4055 2722 4097; x_wconf 88' lang='lat' dir='ltr'><strong>eas</strong></span> <span class='ocrx_word' id='word_1_610' title='bbox 2769 4041 2823 4097; x_wconf 89' lang='lat' dir='ltr'><strong>in</strong></span> <span class='ocrx_word' id='word_1_611' title='bbox 2872 4040 3027 4112; x_wconf 87' lang='lat' dir='ltr'><strong>ligno</strong></span> <span class='ocrx_word' id='word_1_612' title='bbox 3051 4041 3120 4109; x_wconf 75' lang='lat'><strong>“,</strong></span> <span class='ocrx_word' id='word_1_613' title='bbox 3151 4049 3413 4113; x_wconf 71' lang='lat' dir='ltr'><strong>trepmum</strong></span> <span class='ocrx_word' id='word_1_614' title='bbox 3448 4047 3544 4100; x_wconf 58' lang='lat' dir='ltr'><strong>ad.</strong></span> 
     </span>
    </p>
   </div>
   <div class='ocr_carea' id='block_1_83' title="bbox 1964 4134 3544 4203">
    <p class='ocr_par' dir='ltr' id='par_1_83' title="bbox 1964 4134 3544 4203">
     <span class='ocr_line' id='line_1_83' title="bbox 1964 4134 3544 4203; baseline 0.001 -15"><span class='ocrx_word' id='word_1_615' title='bbox 1964 4148 2159 4191; x_wconf 88' lang='lat' dir='ltr'><strong>versus</strong></span> <span class='ocrx_word' id='word_1_616' title='bbox 2193 4147 2410 4190; x_wconf 88' lang='lat' dir='ltr'><strong>onmem</strong></span> <span class='ocrx_word' id='word_1_617' title='bbox 2448 4134 2751 4203; x_wconf 89' lang='lat' dir='ltr'><strong>potentiam</strong></span> <span class='ocrx_word' id='word_1_618' title='bbox 2800 4134 3137 4190; x_wconf 86' lang='lat' dir='ltr'><strong>contrariam</strong></span> <span class='ocrx_word' id='word_1_619' title='bbox 3184 4136 3379 4191; x_wconf 84' lang='lat' dir='ltr'><strong>statuit</strong></span> <span class='ocrx_word' id='word_1_620' title='bbox 3414 4150 3544 4195; x_wconf 86' lang='lat' dir='ltr'><strong>crn-</strong></span> 
     </span>
    </p>
   </div>
   <div class='ocr_carea' id='block_1_84' title="bbox 1965 4223 3543 4298">
    <p class='ocr_par' dir='ltr' id='par_1_84' title="bbox 1965 4223 3543 4298">
     <span class='ocr_line' id='line_1_84' title="bbox 1965 4223 3543 4298; baseline -0.001 -17"><span class='ocrx_word' id='word_1_621' title='bbox 1965 4225 2140 4298; x_wconf 88' lang='lat' dir='ltr'><strong>cem),</strong></span> <span class='ocrx_word' id='word_1_622' title='bbox 2185 4225 2257 4280; x_wconf 89' lang='lat' dir='ltr'><strong>ita</strong></span> <span class='ocrx_word' id='word_1_623' title='bbox 2307 4223 2674 4295; x_wconf 82' lang='lat' dir='ltr'><strong>dicere:Ego</strong></span> <span class='ocrx_word' id='word_1_624' title='bbox 2726 4224 3053 4281; x_wconf 63' lang='lat' dir='ltr'><strong>daemonium</strong></span> <span class='ocrx_word' id='word_1_625' title='bbox 3120 4240 3297 4297; x_wconf 89' lang='lat' dir='ltr'><strong>neque</strong></span> <span class='ocrx_word' id='word_1_626' title='bbox 3354 4227 3543 4292; x_wconf 89' lang='lat' dir='ltr'><strong>babui,</strong></span> 
     </span>
    </p>
   </div>
   <div class='ocr_carea' id='block_1_85' title="bbox 1964 4313 3545 4386">
    <p class='ocr_par' dir='ltr' id='par_1_85' title="bbox 1964 4313 3545 4386">
     <span class='ocr_line' id='line_1_85' title="bbox 1964 4313 3545 4386; baseline 0.001 -15"><span class='ocrx_word' id='word_1_627' title='bbox 1964 4331 2144 4386; x_wconf 90' lang='lat' dir='ltr'><strong>neque</strong></span> <span class='ocrx_word' id='word_1_628' title='bbox 2173 4314 2370 4383; x_wconf 84' lang='lat' dir='ltr'><strong>habeo,</strong></span> <span class='ocrx_word' id='word_1_629' title='bbox 2401 4329 2466 4370; x_wconf 87' lang='lat' dir='ltr'><strong>ac</strong></span> <span class='ocrx_word' id='word_1_630' title='bbox 2489 4327 2558 4370; x_wconf 88' lang='lat' dir='ltr'><strong>ne</strong></span> <span class='ocrx_word' id='word_1_631' title='bbox 2590 4313 2882 4371; x_wconf 81' lang='lat' dir='ltr'><strong>habiturus</strong></span> <span class='ocrx_word' id='word_1_632' title='bbox 2920 4315 3142 4386; x_wconf 89' lang='lat' dir='ltr'><strong>quidem</strong></span> <span class='ocrx_word' id='word_1_633' title='bbox 3180 4330 3325 4382; x_wconf 86' lang='lat' dir='ltr'><strong>sum,</strong></span> <span class='ocrx_word' id='word_1_634' title='bbox 3350 4330 3545 4386; x_wconf 74' lang='lat' dir='ltr'><strong>quan-</strong></span> 
     </span>
    </p>
   </div>
   <div class='ocr_carea' id='block_1_86' title="bbox 1966 4396 3545 4477">
    <p class='ocr_par' dir='ltr' id='par_1_86' title="bbox 1966 4396 3545 4477">
     <span class='ocr_line' id='line_1_86' title="bbox 1966 4396 3545 4477; baseline 0 -15"><span class='ocrx_word' id='word_1_635' title='bbox 1966 4409 2260 4464; x_wconf 88' lang='lat' dir='ltr'><strong>admodum</strong></span> <span class='ocrx_word' id='word_1_636' title='bbox 2306 4406 2438 4463; x_wconf 91' lang='lat' dir='ltr'><strong>illud</strong></span> <span class='ocrx_word' id='word_1_637' title='bbox 2482 4406 2649 4461; x_wconf 88' lang='lat' dir='ltr'><strong>etiam</strong></span> <span class='ocrx_word' id='word_1_638' title='bbox 2688 4404 2857 4461; x_wconf 81' lang='lat' dir='ltr'><strong>dixit:</strong></span> <span class='ocrx_word' id='word_1_639' title='bbox 2895 4403 3046 4461; x_wconf 80' lang='lat' dir='ltr'><strong>Venit</strong></span> <span class='ocrx_word' id='word_1_640' title='bbox 3090 4406 3336 4477; x_wconf 77' lang='lat' dir='ltr'><strong>princeps</strong></span> <span class='ocrx_word' id='word_1_641' title='bbox 3358 4396 3545 4465; x_wconf 66' lang='lat' dir='ltr'><strong>muniti</strong></span> 
     </span>
    </p>
   </div>
   <div class='ocr_carea' id='block_1_87' title="bbox 1965 4497 3546 4569">
    <p class='ocr_par' dir='ltr' id='par_1_87' title="bbox 1965 4497 3546 4569">
     <span class='ocr_line' id='line_1_87' title="bbox 1965 4497 3546 4569; baseline 0.003 -18"><span class='ocrx_word' id='word_1_642' title='bbox 1965 4497 2151 4568; x_wconf 80' lang='lat' dir='ltr'><strong>hujus,</strong></span> <span class='ocrx_word' id='word_1_643' title='bbox 2179 4507 2227 4553; x_wconf 77' lang='lat' dir='ltr'><strong>et</strong></span> <span class='ocrx_word' id='word_1_644' title='bbox 2261 4498 2319 4553; x_wconf 85' lang='lat' dir='ltr'><strong>in</strong></span> <span class='ocrx_word' id='word_1_645' title='bbox 2350 4512 2431 4552; x_wconf 77' lang='lat' dir='ltr'><strong>me</strong></span> <span class='ocrx_word' id='word_1_646' title='bbox 2468 4512 2576 4552; x_wconf 82' lang='lat' dir='ltr'><strong>non</strong></span> <span class='ocrx_word' id='word_1_647' title='bbox 2626 4497 2783 4552; x_wconf 80' lang='lat' dir='ltr'><strong>habet</strong></span> <span class='ocrx_word' id='word_1_648' title='bbox 2830 4497 3120 4569; x_wconf 83' lang='lat' dir='ltr'><strong>quidquam</strong></span> <span class='ocrx_word' id='word_1_649' title='bbox 3140 4498 3207 4552; x_wconf 79' lang='lat'><strong>&quot;.</strong></span> <span class='ocrx_word' id='word_1_650' title='bbox 3250 4498 3546 4556; x_wconf 79' lang='lat' dir='ltr'><strong>Possumus</strong></span> 
     </span>
    </p>
   </div>
   <div class='ocr_carea' id='block_1_88' title="bbox 304 4586 1863 4670">
    <p class='ocr_par' dir='ltr' id='par_1_88' title="bbox 304 4586 1861 4670">
     <span class='ocr_line' id='line_1_88' title="bbox 304 4586 1861 4670; baseline 0.009 -31"><span class='ocrx_word' id='word_1_651' title='bbox 304 4586 384 4640; x_wconf 76' lang='grc' dir='ltr'><strong>τοῦ</strong></span> <span class='ocrx_word' id='word_1_652' title='bbox 427 4589 681 4664; x_wconf 79' lang='grc' dir='ltr'>δαιμονᾷν</span> <span class='ocrx_word' id='word_1_653' title='bbox 736 4590 875 4664; x_wconf 71' lang='grc'>(22),</span> <span class='ocrx_word' id='word_1_654' title='bbox 915 4593 1009 4647; x_wconf 70' lang='grc' dir='ltr'>καὶ</span> <span class='ocrx_word' id='word_1_655' title='bbox 1055 4594 1115 4648; x_wconf 76' lang='grc' dir='ltr'>ὲν</span> <span class='ocrx_word' id='word_1_656' title='bbox 1160 4595 1347 4661; x_wconf 80' lang='grc' dir='ltr'>αὐτοῖς</span> <span class='ocrx_word' id='word_1_657' title='bbox 1388 4600 1505 4662; x_wconf 85' lang='grc' dir='ltr'>τοῖς</span> <span class='ocrx_word' id='word_1_658' title='bbox 1535 4597 1861 4670; x_wconf 84' lang='grc' dir='ltr'>πράγμασιν</span> 
     </span>
    </p>
   </div>
   <div class='ocr_carea' id='block_1_89' title="bbox 1967 4586 3543 4670">
    <p class='ocr_par' dir='ltr' id='par_1_89' title="bbox 1969 4587 3543 4665">
     <span class='ocr_line' id='line_1_89' title="bbox 1969 4587 3543 4665; baseline 0 -21"><span class='ocrx_word' id='word_1_659' title='bbox 1969 4589 2190 4662; x_wconf 88' lang='lat' dir='ltr'><strong>quidem</strong></span> <span class='ocrx_word' id='word_1_660' title='bbox 2240 4588 2404 4645; x_wconf 89' lang='lat' dir='ltr'><strong>etiam</strong></span> <span class='ocrx_word' id='word_1_661' title='bbox 2447 4601 2548 4645; x_wconf 90' lang='lat' dir='ltr'><strong>nos</strong></span> <span class='ocrx_word' id='word_1_662' title='bbox 2584 4587 2835 4658; x_wconf 82' lang='lat' dir='ltr'><strong>proferre</strong></span> <span class='ocrx_word' id='word_1_663' title='bbox 2879 4597 2936 4643; x_wconf 90' lang='lat' dir='ltr'><strong>et</strong></span> <span class='ocrx_word' id='word_1_664' title='bbox 2965 4589 3182 4646; x_wconf 87' lang='lat' dir='ltr'><strong>dicere:</strong></span> <span class='ocrx_word' id='word_1_665' title='bbox 3212 4587 3543 4665; x_wconf 62' lang='lat' dir='ltr'><strong>Daemoniunt</strong></span> 
     </span>
    </p>
   </div>
   <div class='ocr_carea' id='block_1_90' title="bbox 305 4676 1863 4761">
    <p class='ocr_par' dir='ltr' id='par_1_90' title="bbox 305 4676 1857 4761">
     <span class='ocr_line' id='line_1_90' title="bbox 305 4676 1857 4761; baseline 0.008 -29"><span class='ocrx_word' id='word_1_666' title='bbox 305 4676 703 4753; x_wconf 57' lang='grc' dir='ltr'>ἀποδειχθςῖσιν,</span> <span class='ocrx_word' id='word_1_667' title='bbox 736 4684 823 4738; x_wconf 82' lang='grc' dir='ltr'>ὅτι</span> <span class='ocrx_word' id='word_1_668' title='bbox 866 4684 1182 4755; x_wconf 72' lang='grc' dir='ltr'>ὶψεύσαντο.</span> <span class='ocrx_word' id='word_1_669' title='bbox 1222 4687 1294 4741; x_wconf 89' lang='grc' dir='ltr'><strong>Ἦ</strong></span> <span class='ocrx_word' id='word_1_670' title='bbox 1340 4688 1442 4743; x_wconf 80' lang='grc' dir='ltr'><strong>οὐκ</strong></span> <span class='ocrx_word' id='word_1_671' title='bbox 1490 4687 1711 4759; x_wconf 76' lang='grc' dir='ltr'>ἔλεγχος</span> <span class='ocrx_word' id='word_1_672' title='bbox 1745 4687 1857 4761; x_wconf 71' lang='grc'><strong>(25)</strong></span> 
     </span>
    </p>
   </div>
   <div class='ocr_carea' id='block_1_91' title="bbox 1967 4676 3543 4761">
    <p class='ocr_par' dir='ltr' id='par_1_91' title="bbox 1967 4679 3543 4752">
     <span class='ocr_line' id='line_1_91' title="bbox 1967 4679 3543 4752; baseline 0.001 -18"><span class='ocrx_word' id='word_1_673' title='bbox 1967 4697 2070 4735; x_wconf 84' lang='lat' dir='ltr'><strong>non</strong></span> <span class='ocrx_word' id='word_1_674' title='bbox 2125 4679 2322 4747; x_wconf 75' lang='lat' dir='ltr'><strong>habeo;</strong></span> <span class='ocrx_word' id='word_1_675' title='bbox 2362 4680 2457 4736; x_wconf 87' lang='lat' dir='ltr'><strong>sed</strong></span> <span class='ocrx_word' id='word_1_676' title='bbox 2512 4680 2830 4737; x_wconf 83' lang='lat' dir='ltr'><strong>rel&#39;ellemur</strong></span> <span class='ocrx_word' id='word_1_677' title='bbox 2866 4680 3094 4752; x_wconf 86' lang='lat' dir='ltr'><strong>perinde</strong></span> <span class='ocrx_word' id='word_1_678' title='bbox 3136 4689 3300 4752; x_wconf 80' lang='lat' dir='ltr'><strong>atque</strong></span> <span class='ocrx_word' id='word_1_679' title='bbox 3345 4679 3398 4734; x_wconf 85' lang='lat' dir='ltr'><strong>hi</strong></span> <span class='ocrx_word' id='word_1_680' title='bbox 3446 4680 3543 4749; x_wconf 90' lang='lat' dir='ltr'><strong>qui</strong></span> 
     </span>
    </p>
   </div>
   <div class='ocr_carea' id='block_1_92' title="bbox 304 4768 1863 4851">
    <p class='ocr_par' dir='ltr' id='par_1_92' title="bbox 304 4768 1860 4851">
     <span class='ocr_line' id='line_1_92' title="bbox 304 4768 1860 4851; baseline 0.006 -28"><span class='ocrx_word' id='word_1_681' title='bbox 304 4768 384 4824; x_wconf 73' lang='grc' dir='ltr'><strong>τοῦ</strong></span> <span class='ocrx_word' id='word_1_682' title='bbox 422 4771 673 4847; x_wconf 82' lang='grc' dir='ltr'>δαιμονᾷν</span> <span class='ocrx_word' id='word_1_683' title='bbox 718 4775 869 4847; x_wconf 77' lang='grc' dir='ltr'>ἡμᾶς</span> <span class='ocrx_word' id='word_1_684' title='bbox 892 4816 909 4841; x_wconf 94' lang='grc'><strong>,</strong></span> <span class='ocrx_word' id='word_1_685' title='bbox 958 4776 1087 4830; x_wconf 83' lang='grc' dir='ltr'>ὅταν</span> <span class='ocrx_word' id='word_1_686' title='bbox 1146 4778 1467 4851; x_wconf 90' lang='grc' dir='ltr'>μεμηνότων</span> <span class='ocrx_word' id='word_1_687' title='bbox 1523 4777 1860 4834; x_wconf 84' lang='grc' dir='ltr'>κατάστασιν</span> 
     </span>
    </p>
   </div>
   <div class='ocr_carea' id='block_1_93' title="bbox 1967 4768 3571 4851">
    <p class='ocr_par' dir='ltr' id='par_1_93' title="bbox 1967 4771 3571 4845">
     <span class='ocr_line' id='line_1_93' title="bbox 1967 4771 3571 4845; baseline 0.001 -16"><span class='ocrx_word' id='word_1_688' title='bbox 1967 4786 2095 4829; x_wconf 89' lang='lat' dir='ltr'><strong>cum</strong></span> <span class='ocrx_word' id='word_1_689' title='bbox 2124 4772 2446 4845; x_wconf 77' lang='lat' dir='ltr'><strong>negaverint</strong></span> <span class='ocrx_word' id='word_1_690' title='bbox 2472 4787 2531 4830; x_wconf 87' lang='lat' dir='ltr'><strong>se</strong></span> <span class='ocrx_word' id='word_1_691' title='bbox 2559 4773 2823 4837; x_wconf 86' lang='lat' dir='ltr'><strong>insanire,</strong></span> <span class='ocrx_word' id='word_1_692' title='bbox 2856 4773 2991 4845; x_wconf 90' lang='lat' dir='ltr'><strong>ipsis</strong></span> <span class='ocrx_word' id='word_1_693' title='bbox 3027 4771 3183 4829; x_wconf 82' lang='lat' dir='ltr'><strong>factis</strong></span> <span class='ocrx_word' id='word_1_694' title='bbox 3209 4772 3571 4843; x_wconf 42' lang='lat' dir='ltr'><strong>convincuzty</strong></span> 
     </span>
    </p>
   </div>
   <div class='ocr_carea' id='block_1_94' title="bbox 308 4859 1863 4944">
    <p class='ocr_par' dir='ltr' id='par_1_94' title="bbox 308 4859 1857 4944">
     <span class='ocr_line' id='line_1_94' title="bbox 308 4859 1857 4944; baseline 0.005 -26"><span class='ocrx_word' id='word_1_695' title='bbox 308 4859 491 4931; x_wconf 72' lang='grc' dir='ltr'>ἔχοντες</span> <span class='ocrx_word' id='word_1_696' title='bbox 517 4866 762 4938; x_wconf 74' lang='grc' dir='ltr'>βοιῖιμεν,</span> <span class='ocrx_word' id='word_1_697' title='bbox 802 4866 911 4922; x_wconf 82' lang='grc' dir='ltr'><strong>ἀπὸ</strong></span> <span class='ocrx_word' id='word_1_698' title='bbox 940 4867 1113 4941; x_wconf 89' lang='grc' dir='ltr'>θυμοῦ</span> <span class='ocrx_word' id='word_1_699' title='bbox 1151 4872 1246 4925; x_wconf 64' lang='grc' dir='ltr'><strong>καὶ⁸</strong></span> <span class='ocrx_word' id='word_1_700' title='bbox 1274 4869 1445 4943; x_wconf 81' lang='grc' dir='ltr'>ὀργῆς</span> <span class='ocrx_word' id='word_1_701' title='bbox 1493 4871 1857 4944; x_wconf 81' lang='grc' dir='ltr'>φλεγόμενοι,</span> 
     </span>
    </p>
   </div>
   <div class='ocr_carea' id='block_1_95' title="bbox 1967 4859 3540 4944">
    <p class='ocr_par' dir='ltr' id='par_1_95' title="bbox 1968 4861 3540 4933">
     <span class='ocr_line' id='line_1_95' title="bbox 1968 4861 3540 4933; baseline 0.001 -15"><span class='ocrx_word' id='word_1_702' title='bbox 1968 4872 2055 4918; x_wconf 88' lang='lat' dir='ltr'><strong>tur</strong></span> <span class='ocrx_word' id='word_1_703' title='bbox 2080 4862 2336 4919; x_wconf 89' lang='lat' dir='ltr'><strong>mentitos</strong></span> <span class='ocrx_word' id='word_1_704' title='bbox 2358 4861 2551 4920; x_wconf 79' lang='lat' dir='ltr'><strong>fuisse.</strong></span> <span class='ocrx_word' id='word_1_705' title='bbox 2565 4864 2762 4920; x_wconf 81' lang='lat' dir='ltr'><strong>Annon</strong></span> <span class='ocrx_word' id='word_1_706' title='bbox 2780 4863 3126 4919; x_wconf 77' lang='lat' dir='ltr'><strong>manifestum</strong></span> <span class='ocrx_word' id='word_1_707' title='bbox 3154 4870 3540 4933; x_wconf 88' lang='lat' dir='ltr'><strong>argumentum</strong></span> 
     </span>
    </p>
   </div>
   <div class='ocr_carea' id='block_1_96' title="bbox 308 4953 1863 5034">
    <p class='ocr_par' dir='ltr' id='par_1_96' title="bbox 308 4953 1858 5034">
     <span class='ocr_line' id='line_1_96' title="bbox 308 4953 1858 5034; baseline 0.004 -24"><span class='ocrx_word' id='word_1_708' title='bbox 308 4953 336 5025; x_wconf 71' lang='grc' dir='ltr'><strong>ἢ</strong></span> <span class='ocrx_word' id='word_1_709' title='bbox 385 4956 763 5033; x_wconf 77' lang='grc' dir='ltr'>λελνττηκότες</span> <span class='ocrx_word' id='word_1_710' title='bbox 787 4998 803 5023; x_wconf 91' lang='grc'><strong>,</strong></span> <span class='ocrx_word' id='word_1_711' title='bbox 856 4960 953 5015; x_wconf 78' lang='grc' dir='ltr'>καὶ</span> <span class='ocrx_word' id='word_1_712' title='bbox 999 4960 1243 5033; x_wconf 72' lang='grc' dir='ltr'>ὡσπερεὶ</span> <span class='ocrx_word' id='word_1_713' title='bbox 1298 4960 1714 5034; x_wconf 76' lang='grc' dir='ltr'>χρεμετίζοντες</span> <span class='ocrx_word' id='word_1_714' title='bbox 1746 4960 1858 5033; x_wconf 75' lang='grc'><strong>(9.4)</strong></span> 
     </span>
    </p>
   </div>
   <div class='ocr_carea' id='block_1_97' title="bbox 1967 4953 3542 5034">
    <p class='ocr_par' dir='ltr' id='par_1_97' title="bbox 1967 4953 3542 5027">
     <span class='ocr_line' id='line_1_97' title="bbox 1967 4953 3542 5027; baseline 0.003 -21"><span class='ocrx_word' id='word_1_715' title='bbox 1967 4968 2065 5009; x_wconf 83' lang='lat' dir='ltr'><strong>nos</strong></span> <span class='ocrx_word' id='word_1_716' title='bbox 2087 4953 2351 5022; x_wconf 89' lang='lat' dir='ltr'><strong>insanire,</strong></span> <span class='ocrx_word' id='word_1_717' title='bbox 2373 4958 2594 5027; x_wconf 88' lang='lat' dir='ltr'><strong>quando</strong></span> <span class='ocrx_word' id='word_1_718' title='bbox 2626 4965 2829 5011; x_wconf 85' lang='lat' dir='ltr'><strong>statum</strong></span> <span class='ocrx_word' id='word_1_719' title='bbox 2859 4953 3125 5009; x_wconf 86' lang='lat' dir='ltr'><strong>habentes</strong></span> <span class='ocrx_word' id='word_1_720' title='bbox 3149 4953 3542 5011; x_wconf 87' lang='lat' dir='ltr'><strong>insanientium</strong></span> 
     </span>
    </p>
   </div>
   <div class='ocr_carea' id='block_1_98' title="bbox 309 5040 1863 5127">
    <p class='ocr_par' dir='ltr' id='par_1_98' title="bbox 309 5046 1858 5127">
     <span class='ocr_line' id='line_1_98' title="bbox 309 5046 1858 5127; baseline 0.003 -23"><span class='ocrx_word' id='word_1_721' title='bbox 309 5046 395 5100; x_wconf 77' lang='grc' dir='ltr'>κᾶν</span> <span class='ocrx_word' id='word_1_722' title='bbox 420 5054 531 5116; x_wconf 84' lang='grc' dir='ltr'>ταῖς</span> <span class='ocrx_word' id='word_1_723' title='bbox 576 5052 737 5117; x_wconf 86' lang='grc' dir='ltr'>ίδίαις</span> <span class='ocrx_word' id='word_1_724' title='bbox 776 5055 1041 5123; x_wconf 79' lang='grc' dir='ltr'>γαμεταῖς</span> <span class='ocrx_word' id='word_1_725' title='bbox 1090 5052 1245 5127; x_wconf 86' lang='grc' dir='ltr'>δίκην</span> <span class='ocrx_word' id='word_1_726' title='bbox 1293 5054 1478 5109; x_wconf 84' lang='grc' dir='ltr'>ἵππων</span> <span class='ocrx_word' id='word_1_727' title='bbox 1530 5053 1858 5127; x_wconf 83' lang='grc' dir='ltr'>θηλυμανῶν</span> 
     </span>
    </p>
   </div>
   <div class='ocr_carea' id='block_1_99' title="bbox 1967 5040 3541 5127">
    <p class='ocr_par' dir='ltr' id='par_1_99' title="bbox 1967 5040 3541 5111">
     <span class='ocr_line' id='line_1_99' title="bbox 1967 5040 3541 5111; baseline 0.001 -9"><span class='ocrx_word' id='word_1_728' title='bbox 1967 5046 2293 5111; x_wconf 88' lang='lat' dir='ltr'><strong>clamamus,</strong></span> <span class='ocrx_word' id='word_1_729' title='bbox 2315 5045 2776 5103; x_wconf 78' lang='lat' dir='ltr'><strong>excandescentia</strong></span> <span class='ocrx_word' id='word_1_730' title='bbox 2814 5051 2869 5100; x_wconf 90' lang='lat' dir='ltr'><strong>et</strong></span> <span class='ocrx_word' id='word_1_731' title='bbox 2895 5045 2976 5099; x_wconf 87' lang='lat' dir='ltr'><strong>ira</strong></span> <span class='ocrx_word' id='word_1_732' title='bbox 3001 5043 3261 5100; x_wconf 76' lang='lat' dir='ltr'><strong>accensi?</strong></span> <span class='ocrx_word' id='word_1_733' title='bbox 3288 5040 3384 5099; x_wconf 79' lang='lat' dir='ltr'><strong>Vel</strong></span> <span class='ocrx_word' id='word_1_734' title='bbox 3413 5061 3541 5104; x_wconf 89' lang='lat' dir='ltr'><strong>cum</strong></span> 
     </span>
    </p>
   </div>
   <div class='ocr_carea' id='block_1_100' title="bbox 310 5133 1863 5216">
    <p class='ocr_par' dir='ltr' id='par_1_100' title="bbox 310 5133 1857 5216">
     <span class='ocr_line' id='line_1_100' title="bbox 310 5133 1857 5216; baseline 0.005 -24"><span class='ocrx_word' id='word_1_735' title='bbox 310 5133 644 5212; x_wconf 76' lang='grc' dir='ltr'>ὲπιύαίνομεν,</span> <span class='ocrx_word' id='word_1_736' title='bbox 681 5141 1037 5207; x_wconf 72' lang='grc' dir='ltr'>ἐκϐάλλοντες</span> <span class='ocrx_word' id='word_1_737' title='bbox 1076 5142 1188 5213; x_wconf 74' lang='lat'><strong>(25)</strong></span> <span class='ocrx_word' id='word_1_738' title='bbox 1228 5145 1357 5208; x_wconf 82' lang='grc' dir='ltr'>τοὺς</span> <span class='ocrx_word' id='word_1_739' title='bbox 1413 5143 1542 5216; x_wconf 80' lang='grc' dir='ltr'>περὶ</span> <span class='ocrx_word' id='word_1_740' title='bbox 1586 5142 1857 5209; x_wconf 88' lang='grc' dir='ltr'>ἀπαθείας</span> 
     </span>
    </p>
   </div>
   <div class='ocr_carea' id='block_1_101' title="bbox 1967 5133 3541 5216">
    <p class='ocr_par' dir='ltr' id='par_1_101' title="bbox 1967 5135 3541 5211">
     <span class='ocr_line' id='line_1_101' title="bbox 1967 5135 3541 5211; baseline 0.001 -18"><span class='ocrx_word' id='word_1_741' title='bbox 1967 5139 2119 5195; x_wconf 87' lang='lat' dir='ltr'><strong>rabie</strong></span> <span class='ocrx_word' id='word_1_742' title='bbox 2146 5138 2366 5208; x_wconf 84' lang='lat' dir='ltr'><strong>agitati,</strong></span> <span class='ocrx_word' id='word_1_743' title='bbox 2404 5148 2459 5194; x_wconf 90' lang='lat' dir='ltr'><strong>et</strong></span> <span class='ocrx_word' id='word_1_744' title='bbox 2488 5147 2745 5211; x_wconf 88' lang='lat' dir='ltr'><strong>tanquam</strong></span> <span class='ocrx_word' id='word_1_745' title='bbox 2772 5135 3083 5192; x_wconf 86' lang='lat' dir='ltr'><strong>binnientes</strong></span> <span class='ocrx_word' id='word_1_746' title='bbox 3101 5136 3351 5208; x_wconf 87' lang='lat' dir='ltr'><strong>proprias</strong></span> <span class='ocrx_word' id='word_1_747' title='bbox 3374 5138 3541 5195; x_wconf 81' lang='lat' dir='ltr'><strong>etiam</strong></span> 
     </span>
    </p>
   </div>
   <div class='ocr_carea' id='block_1_102' title="bbox 309 5223 1863 5304">
    <p class='ocr_par' dir='ltr' id='par_1_102' title="bbox 309 5223 1857 5300">
     <span class='ocr_line' id='line_1_102' title="bbox 309 5223 1857 5300; baseline 0.005 -17"><span class='ocrx_word' id='word_1_748' title='bbox 309 5223 471 5296; x_wconf 69' lang='grc' dir='ltr'>λόγως</span> <span class='ocrx_word' id='word_1_749' title='bbox 521 5232 655 5287; x_wconf 78' lang='grc' dir='ltr'>Θεοῦ</span> <span class='ocrx_word' id='word_1_750' title='bbox 702 5234 786 5297; x_wconf 79' lang='grc' dir='ltr'><strong>είς</strong></span> <span class='ocrx_word' id='word_1_751' title='bbox 831 5232 904 5286; x_wconf 89' lang='grc' dir='ltr'><strong>τά</strong></span> <span class='ocrx_word' id='word_1_752' title='bbox 942 5233 1162 5300; x_wconf 65' lang='lat' dir='ltr'><strong>euicto;</strong></span> <span class='ocrx_word' id='word_1_753' title='bbox 1234 5234 1396 5289; x_wconf 84' lang='grc' dir='ltr'>Ἀλλά</span> <span class='ocrx_word' id='word_1_754' title='bbox 1453 5233 1556 5290; x_wconf 84' lang='grc' dir='ltr'><strong>κᾶν</strong></span> <span class='ocrx_word' id='word_1_755' title='bbox 1611 5237 1857 5291; x_wconf 79' lang='grc' dir='ltr'>ταπεινοὶ</span> 
     </span>
    </p>
   </div>
   <div class='ocr_carea' id='block_1_103' title="bbox 1967 5223 3543 5304">
    <p class='ocr_par' dir='ltr' id='par_1_103' title="bbox 1967 5231 3543 5304">
     <span class='ocr_line' id='line_1_103' title="bbox 1967 5231 3543 5304; baseline 0 -16"><span class='ocrx_word' id='word_1_756' title='bbox 1967 5234 2219 5304; x_wconf 83' lang='lat' dir='ltr'><strong>conjuges</strong></span> <span class='ocrx_word' id='word_1_757' title='bbox 2271 5233 2447 5289; x_wconf 87' lang='lat' dir='ltr'><strong>instar</strong></span> <span class='ocrx_word' id='word_1_758' title='bbox 2503 5247 2769 5302; x_wconf 90' lang='lat' dir='ltr'><strong>equorum</strong></span> <span class='ocrx_word' id='word_1_759' title='bbox 2834 5246 3103 5303; x_wconf 89' lang='lat' dir='ltr'><strong>equarum</strong></span> <span class='ocrx_word' id='word_1_760' title='bbox 3157 5245 3348 5287; x_wconf 87' lang='lat' dir='ltr'><strong>amore</strong></span> <span class='ocrx_word' id='word_1_761' title='bbox 3391 5231 3543 5288; x_wconf 89' lang='lat' dir='ltr'><strong>insa-</strong></span> 
     </span>
    </p>
   </div>
   <div class='ocr_carea' id='block_1_104' title="bbox 314 5320 1863 5401">
    <p class='ocr_par' dir='ltr' id='par_1_104' title="bbox 314 5320 1860 5401">
     <span class='ocr_line' id='line_1_104' title="bbox 314 5320 1860 5401; baseline 0.007 -30"><span class='ocrx_word' id='word_1_762' title='bbox 314 5320 390 5372; x_wconf 76' lang='grc' dir='ltr'><strong>καὶ</strong></span> <span class='ocrx_word' id='word_1_763' title='bbox 420 5328 690 5395; x_wconf 77' lang='grc' dir='ltr'>συννεφεῖς</span> <span class='ocrx_word' id='word_1_764' title='bbox 723 5324 831 5378; x_wconf 82' lang='grc' dir='ltr'>ὑπὸ</span> <span class='ocrx_word' id='word_1_765' title='bbox 859 5324 959 5395; x_wconf 80' lang='grc' dir='ltr'><strong>τῆς</strong></span> <span class='ocrx_word' id='word_1_766' title='bbox 989 5324 1166 5397; x_wconf 87' lang='grc' dir='ltr'>λύπης</span> <span class='ocrx_word' id='word_1_767' title='bbox 1196 5325 1586 5401; x_wconf 86' lang='grc' dir='ltr'>καθελκόμενοι</span> <span class='ocrx_word' id='word_1_768' title='bbox 1610 5366 1627 5393; x_wconf 90' lang='grc'><strong>,</strong></span> <span class='ocrx_word' id='word_1_769' title='bbox 1674 5327 1770 5384; x_wconf 77' lang='grc' dir='ltr'>καὶ</span> <span class='ocrx_word' id='word_1_770' title='bbox 1798 5328 1860 5383; x_wconf 83' lang='grc' dir='ltr'>τὺ</span> 
     </span>
    </p>
   </div>
   <div class='ocr_carea' id='block_1_105' title="bbox 1967 5320 3542 5401">
    <p class='ocr_par' dir='ltr' id='par_1_105' title="bbox 1967 5324 3542 5396">
     <span class='ocr_line' id='line_1_105' title="bbox 1967 5324 3542 5396; baseline 0.002 -16"><span class='ocrx_word' id='word_1_771' title='bbox 1967 5325 2226 5382; x_wconf 89' lang='lat' dir='ltr'><strong>nientium</strong></span> <span class='ocrx_word' id='word_1_772' title='bbox 2299 5325 2756 5393; x_wconf 88' lang='lat' dir='ltr'><strong>conscendimus,</strong></span> <span class='ocrx_word' id='word_1_773' title='bbox 2807 5333 2931 5396; x_wconf 88' lang='lat' dir='ltr'><strong>post</strong></span> <span class='ocrx_word' id='word_1_774' title='bbox 2983 5332 3196 5395; x_wconf 89' lang='lat' dir='ltr'><strong>tergum</strong></span> <span class='ocrx_word' id='word_1_775' title='bbox 3258 5324 3542 5396; x_wconf 84' lang='lat' dir='ltr'><strong>ejicientes</strong></span> 
     </span>
    </p>
   </div>
   <div class='ocr_carea' id='block_1_106' title="bbox 314 5407 1859 5487">
    <p class='ocr_par' dir='ltr' id='par_1_106' title="bbox 314 5407 1859 5487">
     <span class='ocr_line' id='line_1_106' title="bbox 314 5407 1859 5487; baseline 0.01 -27"><span class='ocrx_word' id='word_1_776' title='bbox 314 5407 421 5462; x_wconf 70' lang='grc' dir='ltr'>ῖδιον</span> <span class='ocrx_word' id='word_1_777' title='bbox 452 5414 551 5469; x_wconf 82' lang='grc' dir='ltr'>τῶν</span> <span class='ocrx_word' id='word_1_778' title='bbox 588 5414 826 5483; x_wconf 75' lang='grc' dir='ltr'>λογικῶν</span> <span class='ocrx_word' id='word_1_779' title='bbox 856 5414 1061 5487; x_wconf 88' lang='grc' dir='ltr'>γαῦρον</span> <span class='ocrx_word' id='word_1_780' title='bbox 1094 5416 1463 5483; x_wconf 87' lang='grc' dir='ltr'>ἀπολέσαντες</span> <span class='ocrx_word' id='word_1_781' title='bbox 1503 5419 1859 5474; x_wconf 77' lang='grc' dir='ltr'>ἐπιλανθανό-</span> 
     </span>
    </p>
   </div>
   <div class='ocr_carea' id='block_1_107' title="bbox 313 5498 1861 5579">
    <p class='ocr_par' dir='ltr' id='par_1_107' title="bbox 313 5498 1861 5579">
     <span class='ocr_line' id='line_1_107' title="bbox 313 5498 1861 5579; baseline 0.006 -24"><span class='ocrx_word' id='word_1_782' title='bbox 313 5498 429 5565; x_wconf 74' lang='grc' dir='ltr'>μεθα</span> <span class='ocrx_word' id='word_1_783' title='bbox 445 5502 530 5557; x_wconf 87' lang='grc' dir='ltr'><strong>τοῦ</strong></span> <span class='ocrx_word' id='word_1_784' title='bbox 545 5504 673 5560; x_wconf 84' lang='grc' dir='ltr'>ἀνευ</span> <span class='ocrx_word' id='word_1_785' title='bbox 692 5504 833 5561; x_wconf 82' lang='grc' dir='ltr'>Θεοῦ</span> <span class='ocrx_word' id='word_1_786' title='bbox 846 5504 1134 5577; x_wconf 79' lang='grc' dir='ltr'>στρουθίου</span> <span class='ocrx_word' id='word_1_787' title='bbox 1148 5506 1284 5577; x_wconf 70' lang='lat'><strong>(25’)</strong></span> <span class='ocrx_word' id='word_1_788' title='bbox 1304 5506 1520 5563; x_wconf 84' lang='grc' dir='ltr'>πίπτειν</span> <span class='ocrx_word' id='word_1_789' title='bbox 1535 5510 1616 5574; x_wconf 87' lang='grc' dir='ltr'><strong>είς</strong></span> <span class='ocrx_word' id='word_1_790' title='bbox 1636 5508 1861 5579; x_wconf 86' lang='grc' dir='ltr'>παγίδα,</span> 
     </span>
    </p>
   </div>
   <div class='ocr_carea' id='block_1_108' title="bbox 1961 5412 3541 5487">
    <p class='ocr_par' dir='ltr' id='par_1_108' title="bbox 1961 5412 3541 5487">
     <span class='ocr_line' id='line_1_108' title="bbox 1961 5412 3541 5487; baseline 0 -16"><span class='ocrx_word' id='word_1_791' title='bbox 1961 5416 2225 5487; x_wconf 88' lang='lat' dir='ltr'><strong>quidquid</strong></span> <span class='ocrx_word' id='word_1_792' title='bbox 2256 5416 2397 5472; x_wconf 87' lang='lat' dir='ltr'><strong>Deus</strong></span> <span class='ocrx_word' id='word_1_793' title='bbox 2431 5414 2631 5471; x_wconf 82' lang='lat' dir='ltr'><strong>dixerit</strong></span> <span class='ocrx_word' id='word_1_794' title='bbox 2657 5414 2724 5472; x_wconf 88' lang='lat' dir='ltr'><strong>de</strong></span> <span class='ocrx_word' id='word_1_795' title='bbox 2750 5414 3008 5471; x_wconf 89' lang='lat' dir='ltr'><strong>sedandis</strong></span> <span class='ocrx_word' id='word_1_796' title='bbox 3035 5412 3360 5471; x_wconf 75' lang='lat' dir='ltr'><strong>aﬂectibusl</strong></span> <span class='ocrx_word' id='word_1_797' title='bbox 3394 5414 3541 5484; x_wconf 85' lang='lat' dir='ltr'><strong>Quin</strong></span> 
     </span>
    </p>
   </div>
   <div class='ocr_carea' id='block_1_109' title="bbox 1966 5504 3546 5578">
    <p class='ocr_par' dir='ltr' id='par_1_109' title="bbox 1966 5504 3546 5578">
     <span class='ocr_line' id='line_1_109' title="bbox 1966 5504 3546 5578; baseline 0 -14"><span class='ocrx_word' id='word_1_798' title='bbox 1966 5508 2133 5564; x_wconf 86' lang='lat' dir='ltr'><strong>etiam</strong></span> <span class='ocrx_word' id='word_1_799' title='bbox 2179 5507 2309 5578; x_wconf 89' lang='lat' dir='ltr'><strong>quia</strong></span> <span class='ocrx_word' id='word_1_800' title='bbox 2361 5506 2582 5578; x_wconf 88' lang='lat' dir='ltr'><strong>abjecti,</strong></span> <span class='ocrx_word' id='word_1_801' title='bbox 2609 5515 2668 5563; x_wconf 85' lang='lat' dir='ltr'><strong>et</strong></span> <span class='ocrx_word' id='word_1_802' title='bbox 2715 5506 2990 5563; x_wconf 88' lang='lat' dir='ltr'><strong>obscuria</strong></span> <span class='ocrx_word' id='word_1_803' title='bbox 3021 5519 3260 5564; x_wconf 73' lang='lat' dir='ltr'><strong>maerore</strong></span> <span class='ocrx_word' id='word_1_804' title='bbox 3290 5504 3546 5563; x_wconf 87' lang='lat' dir='ltr'><strong>detinea-</strong></span> 
     </span>
    </p>
   </div>
   <div class='ocr_carea' id='block_1_110' title="bbox 369 5592 1863 5669">
    <p class='ocr_par' dir='ltr' id='par_1_110' title="bbox 369 5592 1863 5669">
     <span class='ocr_line' id='line_1_110' title="bbox 369 5592 1863 5669; baseline 0.008 -22"><span class='ocrx_word' id='word_1_805' title='bbox 369 5592 409 5624; x_wconf 69' lang='grc'>⁸⁸</span> <span class='ocrx_word' id='word_1_806' title='bbox 428 5594 520 5651; x_wconf 80' lang='lat' dir='ltr'><strong>Job</strong></span> <span class='ocrx_word' id='word_1_807' title='bbox 568 5614 681 5668; x_wconf 76' lang='lat' dir='ltr'><strong>xlv,</strong></span> <span class='ocrx_word' id='word_1_808' title='bbox 703 5598 761 5655; x_wconf 71' lang='grc'><strong>4.</strong></span> <span class='ocrx_word' id='word_1_809' title='bbox 840 5598 885 5631; x_wconf 62' lang='grc' dir='ltr'><strong>δ⁸</strong></span> <span class='ocrx_word' id='word_1_810' title='bbox 920 5599 1085 5655; x_wconf 83' lang='lat' dir='ltr'><strong>Eccli.</strong></span> <span class='ocrx_word' id='word_1_811' title='bbox 1114 5615 1213 5664; x_wconf 80' lang='lat' dir='ltr'><strong>vn,</strong></span> <span class='ocrx_word' id='word_1_812' title='bbox 1253 5601 1345 5656; x_wconf 71' lang='lat'><strong>2|.</strong></span> <span class='ocrx_word' id='word_1_813' title='bbox 1423 5602 1469 5634; x_wconf 79' lang='lat'>“</span> <span class='ocrx_word' id='word_1_814' title='bbox 1498 5602 1712 5659; x_wconf 87' lang='lat' dir='ltr'><strong>Coluss.</strong></span> <span class='ocrx_word' id='word_1_815' title='bbox 1745 5619 1806 5669; x_wconf 87' lang='lat' dir='ltr'><strong>It,</strong></span> <span class='ocrx_word' id='word_1_816' title='bbox 1844 5604 1863 5659; x_wconf 80' lang='lat' dir='ltr'><strong>l</strong></span> 
     </span>
    </p>
   </div>
   <div class='ocr_carea' id='block_1_111' title="bbox 1967 5592 2498 5669">
    <p class='ocr_par' dir='ltr' id='par_1_111' title="bbox 2007 5601 2498 5666">
     <span class='ocr_line' id='line_1_111' title="bbox 2007 5601 2498 5666; baseline -0.004 -7"><span class='ocrx_word' id='word_1_817' title='bbox 2007 5603 2051 5636; x_wconf 68' lang='grc' dir='ltr'><strong>δ’</strong></span> <span class='ocrx_word' id='word_1_818' title='bbox 2073 5601 2234 5660; x_wconf 85' lang='lat' dir='ltr'><strong>Joan.</strong></span> <span class='ocrx_word' id='word_1_819' title='bbox 2267 5617 2377 5666; x_wconf 73' lang='grc' dir='ltr'>τιν.</span> <span class='ocrx_word' id='word_1_820' title='bbox 2405 5602 2498 5658; x_wconf 77' lang='lat'><strong>30.</strong></span> 
     </span>
    </p>
   </div>
   <div class='ocr_carea' id='block_1_112' title="bbox 326 5685 1757 5771">
    <p class='ocr_par' dir='ltr' id='par_1_112' title="bbox 326 5685 1757 5771">
     <span class='ocr_line' id='line_1_112' title="bbox 326 5685 1757 5771; baseline 0.009 -29"><span class='ocrx_word' id='word_1_821' title='bbox 326 5730 334 5737; x_wconf 91' lang='lat'><em>.</em></span> <span class='ocrx_word' id='word_1_822' title='bbox 492 5691 669 5771; x_wconf 56' lang='lat' dir='ltr'><strong>podex</strong></span> <span class='ocrx_word' id='word_1_823' title='bbox 700 5692 1045 5771; x_wconf 55' lang='lat' dir='ltr'><strong>[iudicialium</strong></span> <span class='ocrx_word' id='word_1_824' title='bbox 1078 5694 1206 5766; x_wconf 74' lang='grc' dir='ltr'>περὶ</span> <span class='ocrx_word' id='word_1_825' title='bbox 1232 5695 1328 5771; x_wconf 83' lang='grc' dir='ltr'><strong>τοῦ</strong></span> <span class='ocrx_word' id='word_1_826' title='bbox 1365 5696 1440 5770; x_wconf 78' lang='grc' dir='ltr'>μὴ</span> <span class='ocrx_word' id='word_1_827' title='bbox 1472 5697 1757 5771; x_wconf 57' lang='grc' dir='ltr'>δαιμοντμ.</span> 
     </span>
    </p>
   </div>
   <div class='ocr_carea' id='block_1_113' title="bbox 367 5759 1380 5835">
    <p class='ocr_par' dir='ltr' id='par_1_113' title="bbox 367 5759 1380 5835">
     <span class='ocr_line' id='line_1_113' title="bbox 367 5759 1380 5835; baseline -0.014 1"><span class='ocrx_word' id='word_1_828' title='bbox 367 5759 464 5835; x_wconf 55' lang='lat' dir='ltr'><strong>lii?!</strong></span> <span class='ocrx_word' id='word_1_829' title='bbox 492 5761 667 5835; x_wconf 58' lang='grc' dir='ltr'>βρύει</span> <span class='ocrx_word' id='word_1_830' title='bbox 705 5763 931 5835; x_wconf 64' lang='lat' dir='ltr'><strong>Regius.</strong></span> <span class='ocrx_word' id='word_1_831' title='bbox 954 5759 1193 5835; x_wconf 62' lang='grc' dir='ltr'>ἔλεγχον.</span> <span class='ocrx_word' id='word_1_832' title='bbox 1222 5759 1380 5822; x_wconf 61' lang='lat' dir='ltr'><strong>inut»:</strong></span> 
     </span>
    </p>
   </div>
   <div class='ocr_carea' id='block_1_114' title="bbox 373 5828 1844 5911">
    <p class='ocr_par' dir='ltr' id='par_1_114' title="bbox 373 5828 1844 5911">
     <span class='ocr_line' id='line_1_114' title="bbox 373 5828 1844 5911; baseline 0.007 -30"><span class='ocrx_word' id='word_1_833' title='bbox 492 5829 627 5911; x_wconf 67' lang='lat' dir='ltr'><strong>idem</strong></span> <span class='ocrx_word' id='word_1_834' title='bbox 657 5828 830 5911; x_wconf 72' lang='lat' dir='ltr'><strong>codex</strong></span> <span class='ocrx_word' id='word_1_835' title='bbox 866 5828 1306 5911; x_wconf 60' lang='lat' dir='ltr'><strong>llr-gius,&quot;t}363t_s_p_</strong></span> <span class='ocrx_word' id='word_1_836' title='bbox 1326 5838 1374 5889; x_wconf 83' lang='lat' dir='ltr'><strong>oi</strong></span> <span class='ocrx_word' id='word_1_837' title='bbox 1405 5839 1844 5911; x_wconf 81' lang='grc' dir='ltr'>χρεμετίζοντες.</span> 
     </span>
    </p>
   </div>
   <div class='ocr_carea' id='block_1_115' title="bbox 373 5898 1494 5976">
    <p class='ocr_par' dir='ltr' id='par_1_115' title="bbox 373 5898 1494 5976">
     <span class='ocr_line' id='line_1_115' title="bbox 373 5898 1494 5976; baseline 0.006 -22"><span class='ocrx_word' id='word_1_838' title='bbox 497 5900 632 5976; x_wconf 71' lang='lat' dir='ltr'><strong>Idem</strong></span> <span class='ocrx_word' id='word_1_839' title='bbox 668 5898 1088 5976; x_wconf 27' lang='lat' dir='ltr'><strong>eudex‘llcgius,</strong></span> <span class='ocrx_word' id='word_1_840' title='bbox 1113 5898 1494 5976; x_wconf 64' lang='grc' dir='ltr'>ἐμϐάλλοντες.</span> 
     </span>
    </p>
   </div>
   <div class='ocr_carea' id='block_1_116' title="bbox 373 5966 1851 6051">
    <p class='ocr_par' dir='ltr' id='par_1_116' title="bbox 373 5966 1851 6051">
     <span class='ocr_line' id='line_1_116' title="bbox 373 5966 1851 6051; baseline 0.01 -31"><span class='ocrx_word' id='word_1_841' title='bbox 373 5966 489 6040; x_wconf 75' lang='lat'><strong>(25&#39;)</strong></span> <span class='ocrx_word' id='word_1_842' title='bbox 513 5968 638 6043; x_wconf 56' lang='grc' dir='ltr'><strong>[οδε.</strong></span> <span class='ocrx_word' id='word_1_843' title='bbox 665 5966 971 6046; x_wconf 64' lang='grc' dir='ltr'>στρουθίον,</span> <span class='ocrx_word' id='word_1_844' title='bbox 1000 5977 1051 6029; x_wconf 83' lang='lat' dir='ltr'><strong>in</strong></span> <span class='ocrx_word' id='word_1_845' title='bbox 1082 5966 1409 6045; x_wconf 68' lang='lat' dir='ltr'><strong>accusativo,</strong></span> <span class='ocrx_word' id='word_1_846' title='bbox 1427 5966 1525 6034; x_wconf 71' lang='lat' dir='ltr'><strong>nisi</strong></span> <span class='ocrx_word' id='word_1_847' title='bbox 1553 5979 1688 6036; x_wconf 76' lang='lat' dir='ltr'><strong>ferte</strong></span> <span class='ocrx_word' id='word_1_848' title='bbox 1710 5979 1851 6051; x_wconf 87' lang='lat' dir='ltr'><strong>quis,</strong></span> 
     </span>
    </p>
   </div>
   <div class='ocr_carea' id='block_1_117' title="bbox 1952 5694 3545 5775">
    <p class='ocr_par' dir='ltr' id='par_1_117' title="bbox 1952 5694 3545 5775">
     <span class='ocr_line' id='line_1_117' title="bbox 1952 5694 3545 5775; baseline -0.004 -21"><span class='ocrx_word' id='word_1_849' title='bbox 1952 5698 2320 5775; x_wconf 67' lang='lat' dir='ltr'><strong>solmcismum</strong></span> <span class='ocrx_word' id='word_1_850' title='bbox 2352 5695 2575 5770; x_wconf 88' lang='lat' dir='ltr'><strong>Origeni</strong></span> <span class='ocrx_word' id='word_1_851' title='bbox 2598 5698 2947 5775; x_wconf 80' lang='lat' dir='ltr'><strong>condonans,</strong></span> <span class='ocrx_word' id='word_1_852' title='bbox 2973 5694 3545 5775; x_wconf 56' lang='lat' dir='ltr'><strong>genitivumsctinere</strong></span> 
     </span>
    </p>
   </div>
   <div class='ocr_carea' id='block_1_118' title="bbox 1956 5766 3543 5838">
    <p class='ocr_par' dir='ltr' id='par_1_118' title="bbox 1956 5766 3543 5838">
     <span class='ocr_line' id='line_1_118' title="bbox 1956 5766 3543 5838; baseline -0.003 -16"><span class='ocrx_word' id='word_1_853' title='bbox 1956 5771 2088 5824; x_wconf 84' lang='lat' dir='ltr'><strong>velit</strong></span> <span class='ocrx_word' id='word_1_854' title='bbox 2142 5778 2366 5838; x_wconf 87' lang='lat' dir='ltr'><strong>pr0pter</strong></span> <span class='ocrx_word' id='word_1_855' title='bbox 2417 5766 2808 5834; x_wconf 71' lang='lat' dir='ltr'><strong>aitractionem,</strong></span> <span class='ocrx_word' id='word_1_856' title='bbox 2851 5778 2910 5823; x_wconf 90' lang='lat' dir='ltr'><strong>ut</strong></span> <span class='ocrx_word' id='word_1_857' title='bbox 2972 5766 3146 5832; x_wconf 70' lang='lat' dir='ltr'><strong>aiunt,</strong></span> <span class='ocrx_word' id='word_1_858' title='bbox 3193 5766 3408 5823; x_wconf 86' lang='lat' dir='ltr'><strong>articuli</strong></span> <span class='ocrx_word' id='word_1_859' title='bbox 3436 5766 3543 5838; x_wconf 48' lang='lat' dir='ltr'><strong>fecti</strong></span> 
     </span>
    </p>
   </div>
   <div class='ocr_carea' id='block_1_119' title="bbox 1999 5837 3539 5911">
    <p class='ocr_par' dir='ltr' id='par_1_119' title="bbox 1999 5837 3539 5911">
     <span class='ocr_line' id='line_1_119' title="bbox 1999 5837 3539 5911; baseline -0.002 -19"><span class='ocrx_word' id='word_1_860' title='bbox 1999 5837 2335 5911; x_wconf 61' lang='lat' dir='ltr'><strong>rteceitentis.</strong></span> <span class='ocrx_word' id='word_1_861' title='bbox 2399 5838 2531 5896; x_wconf 89' lang='lat' dir='ltr'><strong>Utut</strong></span> <span class='ocrx_word' id='word_1_862' title='bbox 2580 5840 2674 5907; x_wconf 88' lang='lat' dir='ltr'><strong>sit,</strong></span> <span class='ocrx_word' id='word_1_863' title='bbox 2716 5839 2872 5897; x_wconf 87' lang='lat' dir='ltr'><strong>deest</strong></span> <span class='ocrx_word' id='word_1_864' title='bbox 2940 5839 3207 5911; x_wconf 81' lang='lat' dir='ltr'><strong>particula</strong></span> <span class='ocrx_word' id='word_1_865' title='bbox 3265 5837 3539 5907; x_wconf 81' lang='lat' dir='ltr'><strong>negativa.</strong></span> 
     </span>
    </p>
   </div>
   <div class='ocr_carea' id='block_1_120' title="bbox 1986 5908 2393 5968">
    <p class='ocr_par' dir='ltr' id='par_1_120' title="bbox 1986 5908 2393 5968">
     <span class='ocr_line' id='line_1_120' title="bbox 1986 5908 2393 5968; baseline 0.01 -5"><span class='ocrx_word' id='word_1_866' title='bbox 1986 5909 2119 5968; x_wconf 77' lang='grc' dir='ltr'>Ξυιτ.</span> <span class='ocrx_word' id='word_1_867' title='bbox 2153 5908 2393 5967; x_wconf 54' lang='lat' dir='ltr'><strong>Pyrno!”</strong></span> 
     </span>
    </p>
   </div>
  </div>
