  <div class='ocr_page' id='page_1' title='image "/cluster/home/n/w/nwhite01/storage/ocr_20150623/14/hvd.32044024333478/337.png"; bbox 0 0 3804 6606; ppageno 0'>
   <div class='ocr_carea' id='block_1_1' title="bbox 406 618 512 675">
    <p class='ocr_par' dir='ltr' id='par_1_1' title="bbox 406 618 512 675">
     <span class='ocr_line' id='line_1_1' title="bbox 406 618 512 675; baseline 0 -1"><span class='ocrx_word' id='word_1_1' title='bbox 406 618 512 675; x_wconf 80' lang='lat'><strong>659</strong></span> 
     </span>
    </p>
   </div>
   <div class='ocr_carea' id='block_1_2' title="bbox 1895 608 2218 667">
    <p class='ocr_par' dir='ltr' id='par_1_2' title="bbox 1895 608 2218 667">
     <span class='ocr_line' id='line_1_2' title="bbox 1895 608 2218 667; baseline 0.006 -2"><span class='ocrx_word' id='word_1_2' title='bbox 1895 608 2218 667; x_wconf 76' lang='lat' dir='ltr'><strong>ORIGENIS</strong></span> 
     </span>
    </p>
   </div>
   <div class='ocr_carea' id='block_1_3' title="bbox 3526 631 3621 688">
    <p class='ocr_par' dir='ltr' id='par_1_3' title="bbox 3526 631 3621 688">
     <span class='ocr_line' id='line_1_3' title="bbox 3526 631 3621 688; baseline 0.021 -2"><span class='ocrx_word' id='word_1_3' title='bbox 3526 631 3621 688; x_wconf 70' lang='lat'><strong>6&#39;60</strong></span> 
     </span>
    </p>
   </div>
   <div class='ocr_carea' id='block_1_4' title="bbox 413 724 1959 816">
    <p class='ocr_par' dir='ltr' id='par_1_4' title="bbox 413 724 1959 803">
     <span class='ocr_line' id='line_1_4' title="bbox 413 724 1959 803; baseline -0.005 -16"><span class='ocrx_word' id='word_1_4' title='bbox 413 746 556 797; x_wconf 86' lang='lat' dir='ltr'><strong>mur,</strong></span> <span class='ocrx_word' id='word_1_5' title='bbox 606 728 935 803; x_wconf 89' lang='lat' dir='ltr'><strong>propriaque</strong></span> <span class='ocrx_word' id='word_1_6' title='bbox 981 726 1347 798; x_wconf 84' lang='lat' dir='ltr'><strong>generositate</strong></span> <span class='ocrx_word' id='word_1_7' title='bbox 1376 739 1563 781; x_wconf 89' lang='lat' dir='ltr'><strong>eorum</strong></span> <span class='ocrx_word' id='word_1_8' title='bbox 1618 725 1710 797; x_wconf 87' lang='lat' dir='ltr'><strong>qui</strong></span> <span class='ocrx_word' id='word_1_9' title='bbox 1742 724 1959 781; x_wconf 73' lang='lat' dir='ltr'><strong>rationis</strong></span> 
     </span>
    </p>
   </div>
   <div class='ocr_carea' id='block_1_5' title="bbox 2067 724 3623 816">
    <p class='ocr_par' dir='ltr' id='par_1_5' title="bbox 2075 725 3623 816">
     <span class='ocr_line' id='line_1_5' title="bbox 2075 725 3623 816; baseline 0.011 -36"><span class='ocrx_word' id='word_1_10' title='bbox 2075 727 2284 781; x_wconf 75' lang='grc' dir='ltr'>καὶτοῦ</span> <span class='ocrx_word' id='word_1_11' title='bbox 2311 728 2491 783; x_wconf 73' lang='grc' dir='ltr'>δίκαια</span> <span class='ocrx_word' id='word_1_12' title='bbox 2524 725 2661 785; x_wconf 74' lang='grc' dir='ltr'>εἶναι</span> <span class='ocrx_word' id='word_1_13' title='bbox 2693 731 2757 784; x_wconf 77' lang='grc' dir='ltr'>τὰ</span> <span class='ocrx_word' id='word_1_14' title='bbox 2804 732 2929 805; x_wconf 83' lang='grc' dir='ltr'><strong>περὶ</strong></span> <span class='ocrx_word' id='word_1_15' title='bbox 2958 735 3077 800; x_wconf 75' lang='grc' dir='ltr'>ἐνὸς</span> <span class='ocrx_word' id='word_1_16' title='bbox 3117 737 3347 792; x_wconf 77' lang='grc' dir='ltr'><strong>ἑκάστου</strong></span> <span class='ocrx_word' id='word_1_17' title='bbox 3382 740 3483 795; x_wconf 84' lang='grc' dir='ltr'><strong>τῶν</strong></span> <span class='ocrx_word' id='word_1_18' title='bbox 3506 761 3623 816; x_wconf 80' lang='grc' dir='ltr'>συμ·</span> 
     </span>
    </p>
   </div>
   <div class='ocr_carea' id='block_1_6' title="bbox 408 816 1978 892">
    <p class='ocr_par' dir='ltr' id='par_1_6' title="bbox 408 816 1978 892">
     <span class='ocr_line' id='line_1_6' title="bbox 408 816 1978 892; baseline -0.008 -10"><span class='ocrx_word' id='word_1_19' title='bbox 408 832 537 883; x_wconf 87' lang='grc' dir='ltr'>ιιιιιιι</span> <span class='ocrx_word' id='word_1_20' title='bbox 565 829 864 892; x_wconf 73' lang='lat' dir='ltr'><strong>compotes,</strong></span> <span class='ocrx_word' id='word_1_21' title='bbox 901 820 1125 887; x_wconf 87' lang='lat' dir='ltr'><strong>amissa,</strong></span> <span class='ocrx_word' id='word_1_22' title='bbox 1155 817 1526 874; x_wconf 86' lang='lat' dir='ltr'><strong>obliviscimur</strong></span> <span class='ocrx_word' id='word_1_23' title='bbox 1564 830 1632 872; x_wconf 90' lang='lat' dir='ltr'><strong>ne</strong></span> <span class='ocrx_word' id='word_1_24' title='bbox 1661 830 1825 871; x_wconf 90' lang='lat' dir='ltr'><strong>unum</strong></span> <span class='ocrx_word' id='word_1_25' title='bbox 1854 816 1978 886; x_wconf 80' lang='lat' dir='ltr'><strong>qui-</strong></span> 
     </span>
    </p>
   </div>
   <div class='ocr_carea' id='block_1_7' title="bbox 2078 817 3625 906">
    <p class='ocr_par' dir='ltr' id='par_1_7' title="bbox 2078 817 3625 906">
     <span class='ocr_line' id='line_1_7' title="bbox 2078 817 3625 906; baseline 0.012 -35"><span class='ocrx_word' id='word_1_26' title='bbox 2078 817 2368 873; x_wconf 85' lang='grc' dir='ltr'>6αινόντων</span> <span class='ocrx_word' id='word_1_27' title='bbox 2393 819 2700 892; x_wconf 84' lang='grc' dir='ltr'>ἀνθρώποις</span> <span class='ocrx_word' id='word_1_28' title='bbox 2737 823 3012 894; x_wconf 79' lang='grc' dir='ltr'>κρίματα,</span> <span class='ocrx_word' id='word_1_29' title='bbox 3057 826 3112 880; x_wconf 82' lang='grc' dir='ltr'>τι</span> <span class='ocrx_word' id='word_1_30' title='bbox 3166 829 3431 902; x_wconf 76' lang='grc' dir='ltr'>φήσομεν,</span> <span class='ocrx_word' id='word_1_31' title='bbox 3474 835 3506 906; x_wconf 75' lang='grc' dir='ltr'><strong><em>η</em></strong></span> <span class='ocrx_word' id='word_1_32' title='bbox 3554 838 3625 892; x_wconf 77' lang='grc' dir='ltr'>ὅτι</span> 
     </span>
    </p>
   </div>
   <div class='ocr_carea' id='block_1_8' title="bbox 407 907 1959 998">
    <p class='ocr_par' dir='ltr' id='par_1_8' title="bbox 407 907 1959 985">
     <span class='ocr_line' id='line_1_8' title="bbox 407 907 1959 985; baseline -0.006 -13"><span class='ocrx_word' id='word_1_33' title='bbox 407 918 529 973; x_wconf 85' lang='lat' dir='ltr'><strong>dem</strong></span> <span class='ocrx_word' id='word_1_34' title='bbox 580 928 859 985; x_wconf 75' lang='lat' dir='ltr'><strong>passerem</strong></span> <span class='ocrx_word' id='word_1_35' title='bbox 908 913 1116 983; x_wconf 81' lang='lat' dir='ltr'><strong>absque</strong></span> <span class='ocrx_word' id='word_1_36' title='bbox 1167 910 1276 966; x_wconf 87' lang='lat' dir='ltr'><strong>Deo</strong></span> <span class='ocrx_word' id='word_1_37' title='bbox 1312 911 1366 965; x_wconf 94' lang='lat' dir='ltr'><strong>in</strong></span> <span class='ocrx_word' id='word_1_38' title='bbox 1400 910 1654 981; x_wconf 83' lang='lat' dir='ltr'><strong>laqueum</strong></span> <span class='ocrx_word' id='word_1_39' title='bbox 1686 908 1883 963; x_wconf 87' lang='lat' dir='ltr'><strong>cadere</strong></span> <span class='ocrx_word' id='word_1_40' title='bbox 1904 907 1959 976; x_wconf 62' lang='grc'>⁸⁸,</span> 
     </span>
    </p>
   </div>
   <div class='ocr_carea' id='block_1_9' title="bbox 2067 907 3627 998">
    <p class='ocr_par' dir='ltr' id='par_1_9' title="bbox 2077 912 3627 998">
     <span class='ocr_line' id='line_1_9' title="bbox 2077 912 3627 998; baseline 0.003 -32"><span class='ocrx_word' id='word_1_41' title='bbox 2077 914 2170 966; x_wconf 79' lang='grc' dir='ltr'>καὶ</span> <span class='ocrx_word' id='word_1_42' title='bbox 2213 912 2309 966; x_wconf 90' lang='grc' dir='ltr'><strong>τοῦ</strong></span> <span class='ocrx_word' id='word_1_43' title='bbox 2339 912 2614 984; x_wconf 66' lang='grc' dir='ltr'>δαιμονίου</span> <span class='ocrx_word' id='word_1_44' title='bbox 2670 916 2820 986; x_wconf 74' lang='grc' dir='ltr'>ἡμᾶς</span> <span class='ocrx_word' id='word_1_45' title='bbox 2845 918 3213 987; x_wconf 78' lang='grc' dir='ltr'>ονικήσαντος,</span> <span class='ocrx_word' id='word_1_46' title='bbox 3261 922 3358 977; x_wconf 73' lang='grc' dir='ltr'><strong>καὶ</strong></span> <span class='ocrx_word' id='word_1_47' title='bbox 3411 924 3470 981; x_wconf 81' lang='grc' dir='ltr'>τὸ</span> <span class='ocrx_word' id='word_1_48' title='bbox 3517 928 3627 998; x_wconf 40' lang='lat' dir='ltr'><strong>ius-</strong></span> 
     </span>
    </p>
   </div>
   <div class='ocr_carea' id='block_1_10' title="bbox 403 996 1959 1085">
    <p class='ocr_par' dir='ltr' id='par_1_10' title="bbox 403 996 1959 1071">
     <span class='ocr_line' id='line_1_10' title="bbox 403 996 1959 1071; baseline -0.003 -15"><span class='ocrx_word' id='word_1_49' title='bbox 403 1001 658 1071; x_wconf 77' lang='lat' dir='ltr'><strong>iustaque</strong></span> <span class='ocrx_word' id='word_1_50' title='bbox 705 1015 826 1057; x_wconf 88' lang='lat' dir='ltr'><strong>esse</strong></span> <span class='ocrx_word' id='word_1_51' title='bbox 871 998 1236 1069; x_wconf 89' lang='lat' dir='ltr'><strong>quarumlibet</strong></span> <span class='ocrx_word' id='word_1_52' title='bbox 1276 1012 1480 1066; x_wconf 90' lang='lat' dir='ltr'><strong>rerum,</strong></span> <span class='ocrx_word' id='word_1_53' title='bbox 1517 1012 1637 1068; x_wconf 71' lang='lat' dir='ltr'><strong>qum</strong></span> <span class='ocrx_word' id='word_1_54' title='bbox 1664 996 1959 1052; x_wconf 75' lang='lat' dir='ltr'><strong>hominibus</strong></span> 
     </span>
    </p>
   </div>
   <div class='ocr_carea' id='block_1_11' title="bbox 2067 996 3629 1085">
    <p class='ocr_par' dir='ltr' id='par_1_11' title="bbox 2078 996 3629 1085">
     <span class='ocr_line' id='line_1_11' title="bbox 2078 996 3629 1085; baseline 0.006 -26"><span class='ocrx_word' id='word_1_55' title='bbox 2078 1006 2295 1077; x_wconf 78' lang='grc' dir='ltr'>μονικδν</span> <span class='ocrx_word' id='word_1_56' title='bbox 2326 1006 2486 1079; x_wconf 82' lang='grc' dir='ltr'>ἡμῶν</span> <span class='ocrx_word' id='word_1_57' title='bbox 2532 1005 2884 1075; x_wconf 80' lang='grc' dir='ltr'>θολὼσαντος,</span> <span class='ocrx_word' id='word_1_58' title='bbox 2925 1008 3099 1063; x_wconf 87' lang='grc' dir='ltr'>ταῦτα</span> <span class='ocrx_word' id='word_1_59' title='bbox 3157 1012 3472 1085; x_wconf 77' lang='grc' dir='ltr'>πάσχομενς</span> <span class='ocrx_word' id='word_1_60' title='bbox 3525 996 3629 1070; x_wconf 68' lang='grc' dir='ltr'><strong>Ἆλ-</strong></span> 
     </span>
    </p>
   </div>
   <div class='ocr_carea' id='block_1_12' title="bbox 406 1088 1970 1163">
    <p class='ocr_par' dir='ltr' id='par_1_12' title="bbox 406 1088 1970 1163">
     <span class='ocr_line' id='line_1_12' title="bbox 406 1088 1970 1163; baseline -0.004 -15"><span class='ocrx_word' id='word_1_61' title='bbox 406 1095 752 1163; x_wconf 82' lang='lat' dir='ltr'><strong>contingunt,</strong></span> <span class='ocrx_word' id='word_1_62' title='bbox 787 1091 1013 1163; x_wconf 80' lang='lat' dir='ltr'><strong>judicia,</strong></span> <span class='ocrx_word' id='word_1_63' title='bbox 1054 1090 1183 1160; x_wconf 89' lang='lat' dir='ltr'><strong>quid</strong></span> <span class='ocrx_word' id='word_1_64' title='bbox 1232 1089 1432 1144; x_wconf 90' lang='lat' dir='ltr'><strong>dicturi</strong></span> <span class='ocrx_word' id='word_1_65' title='bbox 1477 1103 1688 1152; x_wconf 88' lang='lat' dir='ltr'><strong>sumus,</strong></span> <span class='ocrx_word' id='word_1_66' title='bbox 1725 1088 1829 1143; x_wconf 84' lang='lat' dir='ltr'><strong>nisi</strong></span> <span class='ocrx_word' id='word_1_67' title='bbox 1868 1102 1970 1142; x_wconf 93' lang='lat' dir='ltr'><strong>nos</strong></span> 
     </span>
    </p>
   </div>
   <div class='ocr_carea' id='block_1_13' title="bbox 405 1181 1969 1256">
    <p class='ocr_par' dir='ltr' id='par_1_13' title="bbox 405 1181 1969 1256">
     <span class='ocr_line' id='line_1_13' title="bbox 405 1181 1969 1256; baseline -0.005 -14"><span class='ocrx_word' id='word_1_68' title='bbox 405 1187 520 1242; x_wconf 67' lang='lat' dir='ltr'><strong>haec</strong></span> <span class='ocrx_word' id='word_1_69' title='bbox 559 1185 690 1256; x_wconf 89' lang='lat' dir='ltr'><strong>pati,</strong></span> <span class='ocrx_word' id='word_1_70' title='bbox 726 1185 849 1254; x_wconf 81' lang='lat' dir='ltr'><strong>quia</strong></span> <span class='ocrx_word' id='word_1_71' title='bbox 890 1183 1081 1238; x_wconf 90' lang='lat' dir='ltr'><strong>vicerit</strong></span> <span class='ocrx_word' id='word_1_72' title='bbox 1114 1198 1211 1237; x_wconf 87' lang='lat' dir='ltr'><strong>nos</strong></span> <span class='ocrx_word' id='word_1_73' title='bbox 1252 1182 1522 1244; x_wconf 87' lang='lat' dir='ltr'><strong>diabolus,</strong></span> <span class='ocrx_word' id='word_1_74' title='bbox 1555 1191 1608 1236; x_wconf 89' lang='lat' dir='ltr'><strong>et</strong></span> <span class='ocrx_word' id='word_1_75' title='bbox 1651 1182 1777 1252; x_wconf 87' lang='lat' dir='ltr'><strong>quia</strong></span> <span class='ocrx_word' id='word_1_76' title='bbox 1809 1181 1969 1235; x_wconf 91' lang='lat' dir='ltr'><strong>etiam</strong></span> 
     </span>
    </p>
   </div>
   <div class='ocr_carea' id='block_1_14' title="bbox 394 1274 1967 1346">
    <p class='ocr_par' dir='ltr' id='par_1_14' title="bbox 394 1274 1967 1346">
     <span class='ocr_line' id='line_1_14' title="bbox 394 1274 1967 1346; baseline -0.005 -14"><span class='ocrx_word' id='word_1_77' title='bbox 394 1278 599 1333; x_wconf 72' lang='lat' dir='ltr'><strong>anima:</strong></span> <span class='ocrx_word' id='word_1_78' title='bbox 628 1285 834 1346; x_wconf 88' lang='lat' dir='ltr'><strong>partem</strong></span> <span class='ocrx_word' id='word_1_79' title='bbox 862 1275 1366 1346; x_wconf 67' lang='lat' dir='ltr'><strong>prmstanlissimam</strong></span> <span class='ocrx_word' id='word_1_80' title='bbox 1393 1274 1774 1345; x_wconf 83' lang='lat' dir='ltr'><strong>(principatum</strong></span> <span class='ocrx_word' id='word_1_81' title='bbox 1805 1287 1967 1342; x_wconf 90' lang='lat' dir='ltr'><strong>quam</strong></span> 
     </span>
    </p>
   </div>
   <div class='ocr_carea' id='block_1_15' title="bbox 404 1363 1967 1438">
    <p class='ocr_par' dir='ltr' id='par_1_15' title="bbox 404 1363 1967 1438">
     <span class='ocr_line' id='line_1_15' title="bbox 404 1363 1967 1438; baseline -0.003 -17"><span class='ocrx_word' id='word_1_82' title='bbox 404 1368 621 1438; x_wconf 87' lang='lat' dir='ltr'><strong>vocant)</strong></span> <span class='ocrx_word' id='word_1_83' title='bbox 649 1368 931 1422; x_wconf 71' lang='lat' dir='ltr'><strong>olluscarit</strong></span> <span class='ocrx_word' id='word_1_84' title='bbox 962 1365 1395 1435; x_wconf 84' lang='lat' dir='ltr'><strong>turbidaritque?</strong></span> <span class='ocrx_word' id='word_1_85' title='bbox 1424 1364 1564 1430; x_wconf 87' lang='lat' dir='ltr'><strong>Quin</strong></span> <span class='ocrx_word' id='word_1_86' title='bbox 1593 1366 1757 1420; x_wconf 90' lang='lat' dir='ltr'><strong>etiam</strong></span> <span class='ocrx_word' id='word_1_87' title='bbox 1811 1363 1967 1418; x_wconf 86' lang='lat' dir='ltr'><strong>timo-</strong></span> 
     </span>
    </p>
   </div>
   <div class='ocr_carea' id='block_1_16' title="bbox 401 1455 1968 1527">
    <p class='ocr_par' dir='ltr' id='par_1_16' title="bbox 401 1455 1968 1527">
     <span class='ocr_line' id='line_1_16' title="bbox 401 1455 1968 1527; baseline -0.004 -12"><span class='ocrx_word' id='word_1_88' title='bbox 401 1476 490 1516; x_wconf 80' lang='lat' dir='ltr'><strong>res</strong></span> <span class='ocrx_word' id='word_1_89' title='bbox 520 1474 702 1515; x_wconf 85' lang='lat' dir='ltr'><strong>rerum</strong></span> <span class='ocrx_word' id='word_1_90' title='bbox 754 1475 858 1514; x_wconf 86' lang='lat' dir='ltr'><strong>non</strong></span> <span class='ocrx_word' id='word_1_91' title='bbox 907 1457 1291 1523; x_wconf 79' lang='lat' dir='ltr'><strong>timendorum,</strong></span> <span class='ocrx_word' id='word_1_92' title='bbox 1351 1458 1658 1527; x_wconf 85' lang='lat' dir='ltr'><strong>gaudiaque</strong></span> <span class='ocrx_word' id='word_1_93' title='bbox 1710 1456 1854 1511; x_wconf 88' lang='lat' dir='ltr'><strong>elata</strong></span> <span class='ocrx_word' id='word_1_94' title='bbox 1902 1455 1968 1510; x_wconf 91' lang='lat' dir='ltr'><strong>de</strong></span> 
     </span>
    </p>
   </div>
   <div class='ocr_carea' id='block_1_17' title="bbox 399 1548 1969 1619">
    <p class='ocr_par' dir='ltr' id='par_1_17' title="bbox 399 1548 1969 1619">
     <span class='ocr_line' id='line_1_17' title="bbox 399 1548 1969 1619; baseline -0.005 -11"><span class='ocrx_word' id='word_1_95' title='bbox 399 1550 565 1608; x_wconf 77' lang='lat' dir='ltr'><strong>rebus</strong></span> <span class='ocrx_word' id='word_1_96' title='bbox 598 1550 776 1614; x_wconf 82' lang='lat' dir='ltr'><strong>nihili,</strong></span> <span class='ocrx_word' id='word_1_97' title='bbox 808 1564 1034 1619; x_wconf 88' lang='lat' dir='ltr'><strong>quorum</strong></span> <span class='ocrx_word' id='word_1_98' title='bbox 1065 1560 1191 1604; x_wconf 90' lang='lat' dir='ltr'><strong>sunt</strong></span> <span class='ocrx_word' id='word_1_99' title='bbox 1229 1549 1513 1604; x_wconf 84' lang='lat' dir='ltr'><strong>actiones?</strong></span> <span class='ocrx_word' id='word_1_100' title='bbox 1550 1548 1743 1602; x_wconf 85' lang='lat' dir='ltr'><strong>Annon</strong></span> <span class='ocrx_word' id='word_1_101' title='bbox 1775 1548 1969 1602; x_wconf 84' lang='lat' dir='ltr'><strong>daemo-</strong></span> 
     </span>
    </p>
   </div>
   <div class='ocr_carea' id='block_1_18' title="bbox 401 1624 1965 1712">
    <p class='ocr_par' dir='ltr' id='par_1_18' title="bbox 401 1624 1965 1712">
     <span class='ocr_line' id='line_1_18' title="bbox 401 1624 1965 1712; baseline -0.001 -16"><span class='ocrx_word' id='word_1_102' title='bbox 401 1658 551 1708; x_wconf 81' lang='lat' dir='ltr'><strong>num,</strong></span> <span class='ocrx_word' id='word_1_103' title='bbox 591 1641 681 1712; x_wconf 86' lang='lat' dir='ltr'><strong>qui</strong></span> <span class='ocrx_word' id='word_1_104' title='bbox 719 1640 1071 1711; x_wconf 87' lang='lat' dir='ltr'><strong>impleverunt</strong></span> <span class='ocrx_word' id='word_1_105' title='bbox 1112 1655 1205 1695; x_wconf 92' lang='lat' dir='ltr'><strong>eos</strong></span> <span class='ocrx_word' id='word_1_106' title='bbox 1231 1624 1321 1706; x_wconf 85' lang='lat' dir='ltr'><strong>qui</strong></span> <span class='ocrx_word' id='word_1_107' title='bbox 1365 1654 1485 1695; x_wconf 92' lang='lat' dir='ltr'><strong>cum</strong></span> <span class='ocrx_word' id='word_1_108' title='bbox 1528 1640 1756 1695; x_wconf 81' lang='lat' dir='ltr'><strong>veritate</strong></span> <span class='ocrx_word' id='word_1_109' title='bbox 1786 1637 1965 1694; x_wconf 83' lang='lat' dir='ltr'><strong>dicere</strong></span> 
     </span>
    </p>
   </div>
   <div class='ocr_carea' id='block_1_19' title="bbox 390 1728 1964 1805">
    <p class='ocr_par' dir='ltr' id='par_1_19' title="bbox 390 1728 1964 1805">
     <span class='ocr_line' id='line_1_19' title="bbox 390 1728 1964 1805; baseline -0.005 -15"><span class='ocrx_word' id='word_1_110' title='bbox 390 1730 850 1805; x_wconf 28' lang='lat' dir='ltr'><strong>InequeuntzEgo</strong></span> <span class='ocrx_word' id='word_1_111' title='bbox 905 1732 1222 1786; x_wconf 76' lang='lat' dir='ltr'><strong>daemonium</strong></span> <span class='ocrx_word' id='word_1_112' title='bbox 1283 1747 1386 1785; x_wconf 86' lang='lat' dir='ltr'><strong>non</strong></span> <span class='ocrx_word' id='word_1_113' title='bbox 1441 1731 1646 1787; x_wconf 79' lang='lat' dir='ltr'><strong>habeo?</strong></span> <span class='ocrx_word' id='word_1_114' title='bbox 1680 1728 1784 1785; x_wconf 91' lang='lat' dir='ltr'><strong>Sed</strong></span> <span class='ocrx_word' id='word_1_115' title='bbox 1835 1744 1964 1784; x_wconf 85' lang='lat' dir='ltr'><strong>con-</strong></span> 
     </span>
    </p>
   </div>
   <div class='ocr_carea' id='block_1_20' title="bbox 399 1821 1962 1891">
    <p class='ocr_par' dir='ltr' id='par_1_20' title="bbox 399 1821 1962 1891">
     <span class='ocr_line' id='line_1_20' title="bbox 399 1821 1962 1891; baseline -0.006 -12"><span class='ocrx_word' id='word_1_116' title='bbox 399 1834 725 1881; x_wconf 84' lang='lat' dir='ltr'><strong>sentaneum</strong></span> <span class='ocrx_word' id='word_1_117' title='bbox 777 1834 861 1878; x_wconf 92' lang='lat' dir='ltr'><strong>est</strong></span> <span class='ocrx_word' id='word_1_118' title='bbox 917 1823 1126 1877; x_wconf 83' lang='lat' dir='ltr'><strong>futuros</strong></span> <span class='ocrx_word' id='word_1_119' title='bbox 1172 1821 1407 1891; x_wconf 88' lang='lat' dir='ltr'><strong>aliquos,</strong></span> <span class='ocrx_word' id='word_1_120' title='bbox 1458 1823 1547 1891; x_wconf 88' lang='lat' dir='ltr'><strong>qui</strong></span> <span class='ocrx_word' id='word_1_121' title='bbox 1598 1829 1817 1875; x_wconf 91' lang='lat' dir='ltr'><strong>sanctos</strong></span> <span class='ocrx_word' id='word_1_122' title='bbox 1865 1833 1962 1888; x_wconf 83' lang='lat' dir='ltr'><strong>pa-</strong></span> 
     </span>
    </p>
   </div>
   <div class='ocr_carea' id='block_1_21' title="bbox 399 1909 1965 1982">
    <p class='ocr_par' dir='ltr' id='par_1_21' title="bbox 399 1909 1965 1982">
     <span class='ocr_line' id='line_1_21' title="bbox 399 1909 1965 1982; baseline -0.007 -10"><span class='ocrx_word' id='word_1_123' title='bbox 399 1919 685 1982; x_wconf 87' lang='lat' dir='ltr'><strong>triarchas,</strong></span> <span class='ocrx_word' id='word_1_124' title='bbox 749 1915 835 1970; x_wconf 88' lang='lat' dir='ltr'><strong>vel</strong></span> <span class='ocrx_word' id='word_1_125' title='bbox 883 1927 1098 1969; x_wconf 89' lang='lat' dir='ltr'><strong>servum</strong></span> <span class='ocrx_word' id='word_1_126' title='bbox 1151 1912 1300 1967; x_wconf 88' lang='lat' dir='ltr'><strong>illum</strong></span> <span class='ocrx_word' id='word_1_127' title='bbox 1352 1926 1589 1979; x_wconf 88' lang='lat' dir='ltr'><strong>sacrum,</strong></span> <span class='ocrx_word' id='word_1_128' title='bbox 1646 1910 1728 1965; x_wconf 87' lang='lat' dir='ltr'><strong>vel</strong></span> <span class='ocrx_word' id='word_1_129' title='bbox 1790 1909 1965 1962; x_wconf 87' lang='lat' dir='ltr'><strong>admi-</strong></span> 
     </span>
    </p>
   </div>
   <div class='ocr_carea' id='block_1_22' title="bbox 396 2001 1963 2080">
    <p class='ocr_par' dir='ltr' id='par_1_22' title="bbox 396 2001 1963 2080">
     <span class='ocr_line' id='line_1_22' title="bbox 396 2001 1963 2080; baseline -0.006 -14"><span class='ocrx_word' id='word_1_130' title='bbox 396 2010 601 2066; x_wconf 85' lang='lat' dir='ltr'><strong>randos</strong></span> <span class='ocrx_word' id='word_1_131' title='bbox 671 2008 1001 2080; x_wconf 83' lang='lat' dir='ltr'><strong>prophetas,</strong></span> <span class='ocrx_word' id='word_1_132' title='bbox 1052 2005 1133 2059; x_wconf 87' lang='lat' dir='ltr'><strong>vel</strong></span> <span class='ocrx_word' id='word_1_133' title='bbox 1190 2005 1597 2075; x_wconf 83' lang='lat' dir='ltr'><strong>potentissimos</strong></span> <span class='ocrx_word' id='word_1_134' title='bbox 1655 2001 1963 2058; x_wconf 86' lang='lat' dir='ltr'><strong>Servatoris</strong></span> 
     </span>
    </p>
   </div>
   <div class='ocr_carea' id='block_1_23' title="bbox 395 2093 1958 2173">
    <p class='ocr_par' dir='ltr' id='par_1_23' title="bbox 395 2093 1958 2173">
     <span class='ocr_line' id='line_1_23' title="bbox 395 2093 1958 2173; baseline -0.008 -15"><span class='ocrx_word' id='word_1_135' title='bbox 395 2102 557 2173; x_wconf 78' lang='lat'><strong>357</strong></span> <span class='ocrx_word' id='word_1_136' title='bbox 588 2100 755 2157; x_wconf 82' lang='lat' dir='ltr'><strong>nostri</strong></span> <span class='ocrx_word' id='word_1_137' title='bbox 783 2098 908 2156; x_wconf 84' lang='lat' dir='ltr'><strong>Jesu</strong></span> <span class='ocrx_word' id='word_1_138' title='bbox 932 2096 1204 2169; x_wconf 84' lang='lat' dir='ltr'><strong>apostolos</strong></span> <span class='ocrx_word' id='word_1_139' title='bbox 1255 2097 1307 2151; x_wconf 91' lang='lat' dir='ltr'><strong>in</strong></span> <span class='ocrx_word' id='word_1_140' title='bbox 1356 2096 1495 2150; x_wconf 89' lang='lat' dir='ltr'><strong>hanc</strong></span> <span class='ocrx_word' id='word_1_141' title='bbox 1539 2093 1958 2164; x_wconf 83' lang='lat' dir='ltr'><strong>disputationem</strong></span> 
     </span>
    </p>
   </div>
   <div class='ocr_carea' id='block_1_24' title="bbox 395 2179 1961 2256">
    <p class='ocr_par' dir='ltr' id='par_1_24' title="bbox 395 2179 1961 2256">
     <span class='ocr_line' id='line_1_24' title="bbox 395 2179 1961 2256; baseline -0.007 -10"><span class='ocrx_word' id='word_1_142' title='bbox 395 2193 714 2256; x_wconf 73' lang='lat' dir='ltr'><strong>afferentes,</strong></span> <span class='ocrx_word' id='word_1_143' title='bbox 748 2206 847 2246; x_wconf 93' lang='lat' dir='ltr'><strong>nos</strong></span> <span class='ocrx_word' id='word_1_144' title='bbox 878 2188 1134 2253; x_wconf 79' lang='lat' dir='ltr'><strong>refutent,</strong></span> <span class='ocrx_word' id='word_1_145' title='bbox 1161 2185 1311 2255; x_wconf 91' lang='lat' dir='ltr'><strong>quasi</strong></span> <span class='ocrx_word' id='word_1_146' title='bbox 1336 2186 1391 2238; x_wconf 88' lang='lat' dir='ltr'><strong>hi</strong></span> <span class='ocrx_word' id='word_1_147' title='bbox 1422 2184 1643 2255; x_wconf 90' lang='lat' dir='ltr'><strong>perinde</strong></span> <span class='ocrx_word' id='word_1_148' title='bbox 1681 2193 1841 2251; x_wconf 88' lang='lat' dir='ltr'><strong>atque</strong></span> <span class='ocrx_word' id='word_1_149' title='bbox 1869 2179 1961 2235; x_wconf 78' lang='lat' dir='ltr'><strong>Je-</strong></span> 
     </span>
    </p>
   </div>
   <div class='ocr_carea' id='block_1_25' title="bbox 398 2274 1960 2351">
    <p class='ocr_par' dir='ltr' id='par_1_25' title="bbox 398 2274 1960 2351">
     <span class='ocr_line' id='line_1_25' title="bbox 398 2274 1960 2351; baseline -0.01 -11"><span class='ocrx_word' id='word_1_150' title='bbox 398 2302 493 2342; x_wconf 75' lang='lat' dir='ltr'><strong>aus</strong></span> <span class='ocrx_word' id='word_1_151' title='bbox 514 2284 715 2338; x_wconf 85' lang='lat' dir='ltr'><strong>dicturi</strong></span> <span class='ocrx_word' id='word_1_152' title='bbox 730 2283 869 2337; x_wconf 87' lang='lat' dir='ltr'><strong>sint:</strong></span> <span class='ocrx_word' id='word_1_153' title='bbox 900 2283 1008 2351; x_wconf 84' lang='lat' dir='ltr'><strong>Ego</strong></span> <span class='ocrx_word' id='word_1_154' title='bbox 1044 2279 1359 2336; x_wconf 65' lang='lat' dir='ltr'><strong>daemonium</strong></span> <span class='ocrx_word' id='word_1_155' title='bbox 1380 2293 1483 2329; x_wconf 88' lang='lat' dir='ltr'><strong>non</strong></span> <span class='ocrx_word' id='word_1_156' title='bbox 1505 2274 1707 2339; x_wconf 84' lang='lat' dir='ltr'><strong>habeo;</strong></span> <span class='ocrx_word' id='word_1_157' title='bbox 1733 2274 1799 2326; x_wconf 90' lang='lat' dir='ltr'><strong>ad</strong></span> <span class='ocrx_word' id='word_1_158' title='bbox 1825 2287 1960 2341; x_wconf 88' lang='lat' dir='ltr'><strong>quos</strong></span> 
     </span>
    </p>
   </div>
   <div class='ocr_carea' id='block_1_26' title="bbox 392 2366 1957 2436">
    <p class='ocr_par' dir='ltr' id='par_1_26' title="bbox 392 2366 1957 2436">
     <span class='ocr_line' id='line_1_26' title="bbox 392 2366 1957 2436; baseline -0.008 -9"><span class='ocrx_word' id='word_1_159' title='bbox 392 2377 574 2429; x_wconf 77' lang='lat' dir='ltr'><strong>dicere</strong></span> <span class='ocrx_word' id='word_1_160' title='bbox 597 2375 721 2428; x_wconf 90' lang='lat' dir='ltr'><strong>licet</strong></span> <span class='ocrx_word' id='word_1_161' title='bbox 746 2392 763 2427; x_wconf 76' lang='grc' dir='ltr'>ι</span> <span class='ocrx_word' id='word_1_162' title='bbox 796 2372 932 2426; x_wconf 82' lang='grc' dir='ltr'>Νιιιιι</span> <span class='ocrx_word' id='word_1_163' title='bbox 970 2373 1022 2426; x_wconf 84' lang='grc' dir='ltr'><strong>1ιί</strong></span> <span class='ocrx_word' id='word_1_164' title='bbox 1046 2372 1207 2426; x_wconf 87' lang='lat' dir='ltr'><strong>etiam</strong></span> <span class='ocrx_word' id='word_1_165' title='bbox 1235 2366 1522 2436; x_wconf 74' lang='lat' dir='ltr'><strong>aliquando</strong></span> <span class='ocrx_word' id='word_1_166' title='bbox 1552 2373 1865 2433; x_wconf 87' lang='lat' dir='ltr'><strong>peccarunt,</strong></span> <span class='ocrx_word' id='word_1_167' title='bbox 1890 2377 1957 2415; x_wconf 89' lang='lat' dir='ltr'><strong>an</strong></span> 
     </span>
    </p>
   </div>
   <div class='ocr_carea' id='block_1_27' title="bbox 393 2456 1958 2526">
    <p class='ocr_par' dir='ltr' id='par_1_27' title="bbox 393 2456 1958 2526">
     <span class='ocr_line' id='line_1_27' title="bbox 393 2456 1958 2526; baseline -0.008 -6"><span class='ocrx_word' id='word_1_168' title='bbox 393 2465 587 2520; x_wconf 77' lang='lat' dir='ltr'><strong>falsum</strong></span> <span class='ocrx_word' id='word_1_169' title='bbox 615 2478 698 2521; x_wconf 91' lang='lat' dir='ltr'><strong>cst</strong></span> <span class='ocrx_word' id='word_1_170' title='bbox 730 2466 855 2520; x_wconf 91' lang='lat' dir='ltr'><strong>illud</strong></span> <span class='ocrx_word' id='word_1_171' title='bbox 884 2480 896 2517; x_wconf 87' lang='lat'><strong>:</strong></span> <span class='ocrx_word' id='word_1_172' title='bbox 930 2463 1120 2519; x_wconf 78' lang='lat' dir='ltr'><strong>Omnes</strong></span> <span class='ocrx_word' id='word_1_173' title='bbox 1154 2464 1288 2517; x_wconf 81' lang='lat' dir='ltr'><strong>enim</strong></span> <span class='ocrx_word' id='word_1_174' title='bbox 1312 2468 1671 2526; x_wconf 81' lang='lat' dir='ltr'><strong>peccaverunt,</strong></span> <span class='ocrx_word' id='word_1_175' title='bbox 1710 2473 1773 2510; x_wconf 88' lang='lat' dir='ltr'><strong>ac</strong></span> <span class='ocrx_word' id='word_1_176' title='bbox 1797 2456 1958 2510; x_wconf 75' lang='lat' dir='ltr'><strong>desti-</strong></span> 
     </span>
    </p>
   </div>
   <div class='ocr_carea' id='block_1_28' title="bbox 390 2548 1952 2627">
    <p class='ocr_par' dir='ltr' id='par_1_28' title="bbox 390 2548 1952 2627">
     <span class='ocr_line' id='line_1_28' title="bbox 390 2548 1952 2627; baseline -0.007 -15"><span class='ocrx_word' id='word_1_177' title='bbox 390 2568 614 2613; x_wconf 69' lang='lat' dir='ltr'><strong>tuuun’tr</strong></span> <span class='ocrx_word' id='word_1_178' title='bbox 641 2557 809 2627; x_wconf 81' lang='lat' dir='ltr'><strong>gloria</strong></span> <span class='ocrx_word' id='word_1_179' title='bbox 843 2558 937 2611; x_wconf 82' lang='lat' dir='ltr'><strong>Dei</strong></span> <span class='ocrx_word' id='word_1_180' title='bbox 966 2557 1051 2609; x_wconf 77' lang='lat'><strong>“?</strong></span> <span class='ocrx_word' id='word_1_181' title='bbox 1085 2572 1209 2611; x_wconf 91' lang='lat' dir='ltr'><strong>num</strong></span> <span class='ocrx_word' id='word_1_182' title='bbox 1231 2555 1390 2620; x_wconf 84' lang='lat' dir='ltr'><strong>etiam</strong></span> <span class='ocrx_word' id='word_1_183' title='bbox 1422 2566 1604 2605; x_wconf 90' lang='lat' dir='ltr'><strong>verum</strong></span> <span class='ocrx_word' id='word_1_184' title='bbox 1636 2564 1737 2603; x_wconf 92' lang='lat' dir='ltr'><strong>non</strong></span> <span class='ocrx_word' id='word_1_185' title='bbox 1763 2556 1845 2604; x_wconf 89' lang='lat' dir='ltr'><strong>est</strong></span> <span class='ocrx_word' id='word_1_186' title='bbox 1892 2548 1952 2601; x_wconf 88' lang='lat' dir='ltr'><strong>il-</strong></span> 
     </span>
    </p>
   </div>
   <div class='ocr_carea' id='block_1_29' title="bbox 2072 1096 3627 1178">
    <p class='ocr_par' dir='ltr' id='par_1_29' title="bbox 2072 1096 3627 1178">
     <span class='ocr_line' id='line_1_29' title="bbox 2072 1096 3627 1178; baseline 0.006 -28"><span class='ocrx_word' id='word_1_187' title='bbox 2072 1096 2139 1150; x_wconf 71' lang='grc' dir='ltr'><strong>λὰ</strong></span> <span class='ocrx_word' id='word_1_188' title='bbox 2188 1099 2281 1151; x_wconf 73' lang='grc' dir='ltr'><strong>καὶ</strong></span> <span class='ocrx_word' id='word_1_189' title='bbox 2346 1097 2498 1167; x_wconf 74' lang='grc' dir='ltr'>φόϐοι</span> <span class='ocrx_word' id='word_1_190' title='bbox 2553 1097 2662 1151; x_wconf 86' lang='grc' dir='ltr'><strong>τῶν</strong></span> <span class='ocrx_word' id='word_1_191' title='bbox 2704 1098 2764 1152; x_wconf 78' lang='grc' dir='ltr'>οὔ</span> <span class='ocrx_word' id='word_1_192' title='bbox 2810 1099 3055 1172; x_wconf 76' lang='grc' dir='ltr'>φοϐερῶν</span> <span class='ocrx_word' id='word_1_193' title='bbox 3080 1140 3094 1165; x_wconf 91' lang='grc'><strong>,</strong></span> <span class='ocrx_word' id='word_1_194' title='bbox 3162 1103 3256 1156; x_wconf 72' lang='grc' dir='ltr'><strong>καὶ⁵</strong></span> <span class='ocrx_word' id='word_1_195' title='bbox 3294 1108 3627 1178; x_wconf 76' lang='grc' dir='ltr'><strong>περιχάρειαι</strong></span> 
     </span>
    </p>
   </div>
   <div class='ocr_carea' id='block_1_30' title="bbox 2072 1186 3629 1270">
    <p class='ocr_par' dir='ltr' id='par_1_30' title="bbox 2072 1186 3629 1270">
     <span class='ocr_line' id='line_1_30' title="bbox 2072 1186 3629 1270; baseline 0.006 -31"><span class='ocrx_word' id='word_1_196' title='bbox 2072 1186 2165 1239; x_wconf 80' lang='grc' dir='ltr'><strong>ἐπὶ</strong></span> <span class='ocrx_word' id='word_1_197' title='bbox 2212 1189 2327 1250; x_wconf 88' lang='grc' dir='ltr'>τοῖς</span> <span class='ocrx_word' id='word_1_198' title='bbox 2394 1186 2622 1258; x_wconf 77' lang='grc' dir='ltr'>μηδενὸς</span> <span class='ocrx_word' id='word_1_199' title='bbox 2674 1186 2876 1254; x_wconf 76' lang='grc' dir='ltr'>ἀξίοις,</span> <span class='ocrx_word' id='word_1_200' title='bbox 2933 1190 3096 1244; x_wconf 80' lang='grc' dir='ltr'>τίνων</span> <span class='ocrx_word' id='word_1_201' title='bbox 3145 1192 3212 1246; x_wconf 82' lang='grc' dir='ltr'><strong>ἂν</strong></span> <span class='ocrx_word' id='word_1_202' title='bbox 3262 1193 3347 1266; x_wconf 75' lang='grc' dir='ltr'><strong>εἴη</strong></span> <span class='ocrx_word' id='word_1_203' title='bbox 3418 1197 3629 1270; x_wconf 73' lang='grc' dir='ltr'>ἐνεργή-</span> 
     </span>
    </p>
   </div>
   <div class='ocr_carea' id='block_1_31' title="bbox 2075 1277 3630 1357">
    <p class='ocr_par' dir='ltr' id='par_1_31' title="bbox 2075 1277 3630 1357">
     <span class='ocr_line' id='line_1_31' title="bbox 2075 1277 3630 1357; baseline 0.008 -28"><span class='ocrx_word' id='word_1_204' title='bbox 2075 1293 2221 1347; x_wconf 87' lang='grc' dir='ltr'>ματα</span> <span class='ocrx_word' id='word_1_205' title='bbox 2272 1278 2305 1349; x_wconf 77' lang='grc' dir='ltr'>ἢ</span> <span class='ocrx_word' id='word_1_206' title='bbox 2362 1277 2629 1348; x_wconf 82' lang='grc' dir='ltr'><strong>δαιμόνων</strong></span> <span class='ocrx_word' id='word_1_207' title='bbox 2694 1277 3097 1351; x_wconf 87' lang='grc' dir='ltr'>πληρωσάντων</span> <span class='ocrx_word' id='word_1_208' title='bbox 3147 1283 3273 1348; x_wconf 71' lang='grc' dir='ltr'>τοὺς</span> <span class='ocrx_word' id='word_1_209' title='bbox 3338 1287 3415 1357; x_wconf 79' lang='grc' dir='ltr'>μὴ</span> <span class='ocrx_word' id='word_1_210' title='bbox 3485 1288 3630 1342; x_wconf 70' lang='grc' dir='ltr'>δυνα-</span> 
     </span>
    </p>
   </div>
   <div class='ocr_carea' id='block_1_32' title="bbox 2074 1368 3627 1445">
    <p class='ocr_par' dir='ltr' id='par_1_32' title="bbox 2074 1368 3627 1445">
     <span class='ocr_line' id='line_1_32' title="bbox 2074 1368 3627 1445; baseline 0.008 -24"><span class='ocrx_word' id='word_1_211' title='bbox 2074 1368 2265 1439; x_wconf 86' lang='grc' dir='ltr'>μένους</span> <span class='ocrx_word' id='word_1_212' title='bbox 2308 1369 2445 1440; x_wconf 80' lang='grc' dir='ltr'><strong>μετά</strong></span> <span class='ocrx_word' id='word_1_213' title='bbox 2485 1368 2739 1439; x_wconf 77' lang='grc' dir='ltr'><strong>ἀληθείας</strong></span> <span class='ocrx_word' id='word_1_214' title='bbox 2766 1368 2972 1440; x_wconf 83' lang='grc' dir='ltr'>λέγειν·</span> <span class='ocrx_word' id='word_1_215' title='bbox 3019 1372 3164 1442; x_wconf 74' lang='grc' dir='ltr'><strong>Ἐγὼ</strong></span> <span class='ocrx_word' id='word_1_216' title='bbox 3194 1373 3506 1445; x_wconf 72' lang='grc' dir='ltr'>δαιμόνιοι·</span> <span class='ocrx_word' id='word_1_217' title='bbox 3528 1382 3627 1433; x_wconf 73' lang='grc' dir='ltr'><strong>οὐκ</strong></span> 
     </span>
    </p>
   </div>
   <div class='ocr_carea' id='block_1_33' title="bbox 2070 1457 3629 1540">
    <p class='ocr_par' dir='ltr' id='par_1_33' title="bbox 2070 1457 3629 1540">
     <span class='ocr_line' id='line_1_33' title="bbox 2070 1457 3629 1540; baseline 0.008 -30"><span class='ocrx_word' id='word_1_218' title='bbox 2070 1457 2186 1527; x_wconf 80' lang='grc' dir='ltr'><strong>ἔχω</strong></span> <span class='ocrx_word' id='word_1_219' title='bbox 2205 1473 2226 1522; x_wconf 89' lang='grc'><strong><em>;</em></strong></span> <span class='ocrx_word' id='word_1_220' title='bbox 2304 1458 2446 1511; x_wconf 81' lang='grc' dir='ltr'>Ἀλλ’</span> <span class='ocrx_word' id='word_1_221' title='bbox 2497 1459 2643 1522; x_wconf 78' lang='grc' dir='ltr'>εἰκός</span> <span class='ocrx_word' id='word_1_222' title='bbox 2695 1475 2848 1523; x_wconf 85' lang='grc' dir='ltr'>τινας</span> <span class='ocrx_word' id='word_1_223' title='bbox 2911 1463 3040 1526; x_wconf 78' lang='grc' dir='ltr'>τοὺς</span> <span class='ocrx_word' id='word_1_224' title='bbox 3108 1465 3294 1533; x_wconf 81' lang='grc' dir='ltr'>ἀγὶους</span> <span class='ocrx_word' id='word_1_225' title='bbox 3368 1468 3629 1540; x_wconf 77' lang='grc' dir='ltr'>πατριάρ-</span> 
     </span>
    </p>
   </div>
   <div class='ocr_carea' id='block_1_34' title="bbox 2068 1548 3627 1630">
    <p class='ocr_par' dir='ltr' id='par_1_34' title="bbox 2068 1548 3627 1630">
     <span class='ocr_line' id='line_1_34' title="bbox 2068 1548 3627 1630; baseline 0 -17"><span class='ocrx_word' id='word_1_226' title='bbox 2068 1566 2203 1619; x_wconf 80' lang='grc' dir='ltr'><strong>χας,</strong></span> <span class='ocrx_word' id='word_1_227' title='bbox 2257 1549 2291 1621; x_wconf 83' lang='grc' dir='ltr'>ἢ</span> <span class='ocrx_word' id='word_1_228' title='bbox 2337 1548 2429 1603; x_wconf 83' lang='grc' dir='ltr'><strong>τὸν</strong></span> <span class='ocrx_word' id='word_1_229' title='bbox 2489 1551 2630 1622; x_wconf 80' lang='grc' dir='ltr'>ἱερὸν</span> <span class='ocrx_word' id='word_1_230' title='bbox 2678 1550 2979 1623; x_wconf 81' lang='grc' dir='ltr'>θεράποντα</span> <span class='ocrx_word' id='word_1_231' title='bbox 3007 1594 3022 1618; x_wconf 92' lang='grc'><strong>,</strong></span> <span class='ocrx_word' id='word_1_232' title='bbox 3063 1555 3098 1626; x_wconf 76' lang='grc' dir='ltr'><strong>ἢ</strong></span> <span class='ocrx_word' id='word_1_233' title='bbox 3146 1557 3271 1620; x_wconf 80' lang='grc' dir='ltr'>τοὺς</span> <span class='ocrx_word' id='word_1_234' title='bbox 3301 1557 3627 1630; x_wconf 77' lang='grc' dir='ltr'>θαυμασίους</span> 
     </span>
    </p>
   </div>
   <div class='ocr_carea' id='block_1_35' title="bbox 2068 1642 3629 1725">
    <p class='ocr_par' dir='ltr' id='par_1_35' title="bbox 2068 1642 3629 1725">
     <span class='ocr_line' id='line_1_35' title="bbox 2068 1642 3629 1725; baseline 0.01 -33"><span class='ocrx_word' id='word_1_235' title='bbox 2068 1642 2351 1713; x_wconf 77' lang='grc' dir='ltr'><strong>προφήτας</strong></span> <span class='ocrx_word' id='word_1_236' title='bbox 2376 1682 2391 1706; x_wconf 90' lang='grc'><strong>,</strong></span> <span class='ocrx_word' id='word_1_237' title='bbox 2444 1642 2477 1714; x_wconf 76' lang='grc' dir='ltr'>ἢ</span> <span class='ocrx_word' id='word_1_238' title='bbox 2542 1644 2670 1707; x_wconf 79' lang='grc' dir='ltr'>τοὺς</span> <span class='ocrx_word' id='word_1_239' title='bbox 2747 1644 3145 1712; x_wconf 82' lang='grc' dir='ltr'><strong>δυνατωτάτους</strong></span> <span class='ocrx_word' id='word_1_240' title='bbox 3224 1650 3319 1704; x_wconf 90' lang='grc' dir='ltr'><strong>τοῦ</strong></span> <span class='ocrx_word' id='word_1_241' title='bbox 3387 1653 3629 1725; x_wconf 76' lang='grc' dir='ltr'>Σωτῆρος</span> 
     </span>
    </p>
   </div>
   <div class='ocr_carea' id='block_1_36' title="bbox 2064 1733 3630 1815">
    <p class='ocr_par' dir='ltr' id='par_1_36' title="bbox 2064 1733 3630 1815">
     <span class='ocr_line' id='line_1_36' title="bbox 2064 1733 3630 1815; baseline 0.008 -30"><span class='ocrx_word' id='word_1_242' title='bbox 2064 1733 2221 1803; x_wconf 82' lang='grc' dir='ltr'>ἡμῶν</span> <span class='ocrx_word' id='word_1_243' title='bbox 2264 1733 2433 1804; x_wconf 86' lang='grc' dir='ltr'>Ἰησοῦ</span> <span class='ocrx_word' id='word_1_244' title='bbox 2480 1736 2806 1801; x_wconf 75' lang='grc' dir='ltr'>ἀποστόλους</span> <span class='ocrx_word' id='word_1_245' title='bbox 2855 1736 3115 1810; x_wconf 83' lang='grc' dir='ltr'>φέροντας</span> <span class='ocrx_word' id='word_1_246' title='bbox 3152 1742 3231 1805; x_wconf 81' lang='grc' dir='ltr'><strong>εἱς</strong></span> <span class='ocrx_word' id='word_1_247' title='bbox 3272 1741 3370 1815; x_wconf 83' lang='grc' dir='ltr'><strong>τὴν</strong></span> <span class='ocrx_word' id='word_1_248' title='bbox 3393 1742 3630 1810; x_wconf 73' lang='grc' dir='ltr'>ἐξέτασιν</span> 
     </span>
    </p>
   </div>
   <div class='ocr_carea' id='block_1_37' title="bbox 2065 1824 3630 1900">
    <p class='ocr_par' dir='ltr' id='par_1_37' title="bbox 2065 1824 3630 1900">
     <span class='ocr_line' id='line_1_37' title="bbox 2065 1824 3630 1900; baseline 0.007 -22"><span class='ocrx_word' id='word_1_249' title='bbox 2065 1824 2401 1897; x_wconf 77' lang='grc' dir='ltr'>δυσωπήσειν</span> <span class='ocrx_word' id='word_1_250' title='bbox 2422 1827 2567 1897; x_wconf 78' lang='grc' dir='ltr'>ἡμᾶς</span> <span class='ocrx_word' id='word_1_251' title='bbox 2594 1828 2669 1892; x_wconf 85' lang='grc' dir='ltr'>ὡς</span> <span class='ocrx_word' id='word_1_252' title='bbox 2690 1828 2795 1900; x_wconf 79' lang='grc' dir='ltr'><strong>ἄρα</strong></span> <span class='ocrx_word' id='word_1_253' title='bbox 2821 1830 2915 1883; x_wconf 68' lang='grc' dir='ltr'>καὶ</span> <span class='ocrx_word' id='word_1_254' title='bbox 2936 1824 3078 1885; x_wconf 79' lang='grc' dir='ltr'>οὗτοι</span> <span class='ocrx_word' id='word_1_255' title='bbox 3099 1832 3302 1887; x_wconf 72' lang='grc' dir='ltr'>εἶποιεν</span> <span class='ocrx_word' id='word_1_256' title='bbox 3335 1832 3405 1886; x_wconf 76' lang='grc' dir='ltr'><strong>ἂν</strong></span> <span class='ocrx_word' id='word_1_257' title='bbox 3436 1835 3630 1899; x_wconf 69' lang='grc' dir='ltr'>ὁμοίως</span> 
     </span>
    </p>
   </div>
   <div class='ocr_carea' id='block_1_38' title="bbox 2064 1917 3633 1998">
    <p class='ocr_par' dir='ltr' id='par_1_38' title="bbox 2064 1917 3633 1998">
     <span class='ocr_line' id='line_1_38' title="bbox 2064 1917 3633 1998; baseline 0.008 -27"><span class='ocrx_word' id='word_1_258' title='bbox 2064 1917 2141 1990; x_wconf 80' lang='grc' dir='ltr'><strong>τῷ</strong></span> <span class='ocrx_word' id='word_1_259' title='bbox 2178 1918 2351 1989; x_wconf 83' lang='grc' dir='ltr'>Ἰησοῦ</span> <span class='ocrx_word' id='word_1_260' title='bbox 2373 1937 2386 1950; x_wconf 87' lang='grc'><strong>·</strong></span> <span class='ocrx_word' id='word_1_261' title='bbox 2439 1921 2583 1989; x_wconf 81' lang='grc' dir='ltr'><strong>Ἐγὼ</strong></span> <span class='ocrx_word' id='word_1_262' title='bbox 2601 1919 2905 1990; x_wconf 69' lang='grc' dir='ltr'>δαιμόνιον</span> <span class='ocrx_word' id='word_1_263' title='bbox 2928 1926 3037 1978; x_wconf 84' lang='grc' dir='ltr'><strong>οὐκ</strong></span> <span class='ocrx_word' id='word_1_264' title='bbox 3062 1923 3179 1993; x_wconf 78' lang='grc' dir='ltr'><strong>ἔχω</strong></span> <span class='ocrx_word' id='word_1_265' title='bbox 3198 1943 3212 1955; x_wconf 91' lang='grc'><strong>·</strong></span> <span class='ocrx_word' id='word_1_266' title='bbox 3247 1926 3382 1998; x_wconf 71' lang='grc' dir='ltr'>πρδς</span> <span class='ocrx_word' id='word_1_267' title='bbox 3407 1927 3469 1979; x_wconf 82' lang='grc' dir='ltr'><strong>δν</strong></span> <span class='ocrx_word' id='word_1_268' title='bbox 3492 1927 3633 1983; x_wconf 58' lang='grc' dir='ltr'>ἕπει</span> 
     </span>
    </p>
   </div>
   <div class='ocr_carea' id='block_1_39' title="bbox 2065 2006 3628 2090">
    <p class='ocr_par' dir='ltr' id='par_1_39' title="bbox 2065 2006 3628 2090">
     <span class='ocr_line' id='line_1_39' title="bbox 2065 2006 3628 2090; baseline 0.006 -25"><span class='ocrx_word' id='word_1_269' title='bbox 2065 2014 2236 2066; x_wconf 78' lang='grc' dir='ltr'>εἰπεῖν</span> <span class='ocrx_word' id='word_1_270' title='bbox 2256 2030 2268 2043; x_wconf 77' lang='grc' dir='ltr'><strong>ο</strong></span> <span class='ocrx_word' id='word_1_271' title='bbox 2304 2008 2447 2083; x_wconf 63' lang='grc' dir='ltr'>*Αρα</span> <span class='ocrx_word' id='word_1_272' title='bbox 2481 2012 2575 2066; x_wconf 64' lang='grc' dir='ltr'><strong>καὶ</strong></span> <span class='ocrx_word' id='word_1_273' title='bbox 2606 2006 2750 2068; x_wconf 69' lang='grc' dir='ltr'>οὗτοι</span> <span class='ocrx_word' id='word_1_274' title='bbox 2789 2032 2916 2068; x_wconf 85' lang='grc' dir='ltr'>ποτε</span> <span class='ocrx_word' id='word_1_275' title='bbox 2939 2016 3206 2089; x_wconf 73' lang='grc' dir='ltr'>ἥμαρτον,</span> <span class='ocrx_word' id='word_1_276' title='bbox 3237 2018 3271 2090; x_wconf 77' lang='grc' dir='ltr'>ἦ</span> <span class='ocrx_word' id='word_1_277' title='bbox 3313 2018 3514 2089; x_wconf 75' lang='grc' dir='ltr'>ψεῦδος</span> <span class='ocrx_word' id='word_1_278' title='bbox 3539 2020 3628 2073; x_wconf 87' lang='grc' dir='ltr'>τό·</span> 
     </span>
    </p>
   </div>
   <div class='ocr_carea' id='block_1_40' title="bbox 2059 2102 3636 2180">
    <p class='ocr_par' dir='ltr' id='par_1_40' title="bbox 2059 2102 3636 2180">
     <span class='ocr_line' id='line_1_40' title="bbox 2059 2102 3636 2180; baseline 0.004 -21"><span class='ocrx_word' id='word_1_279' title='bbox 2059 2102 2288 2170; x_wconf 79' lang='grc' dir='ltr'><strong>Πάντες</strong></span> <span class='ocrx_word' id='word_1_280' title='bbox 2330 2103 2438 2175; x_wconf 76' lang='grc' dir='ltr'><strong>γὰρ</strong></span> <span class='ocrx_word' id='word_1_281' title='bbox 2478 2104 2760 2174; x_wconf 76' lang='grc' dir='ltr'>ἥμαρτον,</span> <span class='ocrx_word' id='word_1_282' title='bbox 2805 2107 2902 2161; x_wconf 77' lang='grc' dir='ltr'><strong>καὶ</strong></span> <span class='ocrx_word' id='word_1_283' title='bbox 2948 2108 3336 2179; x_wconf 82' lang='grc' dir='ltr'>ὑστεροῦνται</span> <span class='ocrx_word' id='word_1_284' title='bbox 3392 2109 3508 2180; x_wconf 76' lang='grc' dir='ltr'>τῆς</span> <span class='ocrx_word' id='word_1_285' title='bbox 3543 2111 3636 2164; x_wconf 77' lang='grc' dir='ltr'>δό-</span> 
     </span>
    </p>
   </div>
   <div class='ocr_carea' id='block_1_41' title="bbox 2060 2195 3634 2270">
    <p class='ocr_par' dir='ltr' id='par_1_41' title="bbox 2060 2195 3634 2270">
     <span class='ocr_line' id='line_1_41' title="bbox 2060 2195 3634 2270; baseline 0.004 -21"><span class='ocrx_word' id='word_1_286' title='bbox 2060 2195 2172 2263; x_wconf 77' lang='grc' dir='ltr'><strong>ξης</strong></span> <span class='ocrx_word' id='word_1_287' title='bbox 2204 2197 2309 2250; x_wconf 83' lang='grc' dir='ltr'><strong>τοῦ</strong></span> <span class='ocrx_word' id='word_1_288' title='bbox 2345 2195 2513 2259; x_wconf 84' lang='grc' dir='ltr'><strong>Θεοῦ,</strong></span> <span class='ocrx_word' id='word_1_289' title='bbox 2540 2197 2632 2249; x_wconf 79' lang='grc' dir='ltr'><strong>καὶ</strong></span> <span class='ocrx_word' id='word_1_290' title='bbox 2664 2196 2762 2249; x_wconf 83' lang='grc' dir='ltr'><strong>οὐκ</strong></span> <span class='ocrx_word' id='word_1_291' title='bbox 2797 2196 2990 2269; x_wconf 81' lang='grc' dir='ltr'>ἀληθὲς</span> <span class='ocrx_word' id='word_1_292' title='bbox 3013 2199 3101 2252; x_wconf 76' lang='grc' dir='ltr'>τό’</span> <span class='ocrx_word' id='word_1_293' title='bbox 3140 2200 3344 2268; x_wconf 72' lang='grc' dir='ltr'>οὐδεὶς</span> <span class='ocrx_word' id='word_1_294' title='bbox 3376 2201 3634 2270; x_wconf 76' lang='grc' dir='ltr'>καθαρὸς</span> 
     </span>
    </p>
   </div>
   <div class='ocr_carea' id='block_1_42' title="bbox 2059 2284 3637 2361">
    <p class='ocr_par' dir='ltr' id='par_1_42' title="bbox 2059 2284 3637 2361">
     <span class='ocr_line' id='line_1_42' title="bbox 2059 2284 3637 2361; baseline 0.006 -23"><span class='ocrx_word' id='word_1_295' title='bbox 2059 2285 2178 2339; x_wconf 75' lang='grc' dir='ltr'><strong>ἀπὸ</strong></span> <span class='ocrx_word' id='word_1_296' title='bbox 2210 2286 2433 2352; x_wconf 78' lang='grc' dir='ltr'>ῥύπου,</span> <span class='ocrx_word' id='word_1_297' title='bbox 2476 2284 2596 2339; x_wconf 76' lang='grc' dir='ltr'>οὐδὲ</span> <span class='ocrx_word' id='word_1_298' title='bbox 2624 2284 3045 2358; x_wconf 79' lang='grc' dir='ltr'>τεθεωρημένως</span> <span class='ocrx_word' id='word_1_299' title='bbox 3093 2289 3307 2361; x_wconf 70' lang='grc' dir='ltr'>εἴρηται</span> <span class='ocrx_word' id='word_1_300' title='bbox 3360 2291 3461 2345; x_wconf 83' lang='grc' dir='ltr'>τό’</span> <span class='ocrx_word' id='word_1_301' title='bbox 3518 2296 3637 2348; x_wconf 76' lang='grc' dir='ltr'><strong>Οὐκ</strong></span> 
     </span>
    </p>
   </div>
   <div class='ocr_carea' id='block_1_43' title="bbox 2058 2373 3637 2454">
    <p class='ocr_par' dir='ltr' id='par_1_43' title="bbox 2058 2373 3637 2454">
     <span class='ocr_line' id='line_1_43' title="bbox 2058 2373 3637 2454; baseline 0.006 -27"><span class='ocrx_word' id='word_1_302' title='bbox 2058 2373 2189 2429; x_wconf 82' lang='grc' dir='ltr'>ἔστι</span> <span class='ocrx_word' id='word_1_303' title='bbox 2216 2374 2441 2441; x_wconf 77' lang='grc' dir='ltr'>δίκαιος</span> <span class='ocrx_word' id='word_1_304' title='bbox 2462 2375 2560 2429; x_wconf 79' lang='grc' dir='ltr'><strong>ἐπὶ</strong></span> <span class='ocrx_word' id='word_1_305' title='bbox 2592 2377 2721 2446; x_wconf 75' lang='grc' dir='ltr'>γῆς,</span> <span class='ocrx_word' id='word_1_306' title='bbox 2762 2376 2830 2444; x_wconf 84' lang='grc' dir='ltr'><strong>ὃς</strong></span> <span class='ocrx_word' id='word_1_307' title='bbox 2855 2374 3090 2444; x_wconf 72' lang='grc' dir='ltr'>ποιήσει</span> <span class='ocrx_word' id='word_1_308' title='bbox 3115 2379 3355 2449; x_wconf 66' lang='grc' dir='ltr'>ἀγαθὸν,</span> <span class='ocrx_word' id='word_1_309' title='bbox 3396 2383 3501 2436; x_wconf 74' lang='grc' dir='ltr'><strong>και</strong></span> <span class='ocrx_word' id='word_1_310' title='bbox 3526 2385 3637 2454; x_wconf 73' lang='grc' dir='ltr'><strong>οὐχ</strong></span> 
     </span>
    </p>
   </div>
   <div class='ocr_carea' id='block_1_44' title="bbox 2058 2464 3639 2541">
    <p class='ocr_par' dir='ltr' id='par_1_44' title="bbox 2058 2464 3639 2541">
     <span class='ocr_line' id='line_1_44' title="bbox 2058 2464 3639 2541; baseline 0.005 -22"><span class='ocrx_word' id='word_1_311' title='bbox 2058 2464 2456 2536; x_wconf 75' lang='grc' dir='ltr'>ἁμαρτήσεται</span> <span class='ocrx_word' id='word_1_312' title='bbox 2482 2482 2505 2529; x_wconf 81' lang='grc'><em>;</em></span> <span class='ocrx_word' id='word_1_313' title='bbox 2556 2467 2716 2521; x_wconf 80' lang='grc' dir='ltr'>Ἀλλά</span> <span class='ocrx_word' id='word_1_314' title='bbox 2745 2470 2931 2537; x_wconf 67' lang='grc' dir='ltr'>σαφὲς,</span> <span class='ocrx_word' id='word_1_315' title='bbox 2970 2471 3058 2523; x_wconf 63' lang='grc' dir='ltr'><strong>ἔτι</strong></span> <span class='ocrx_word' id='word_1_316' title='bbox 3090 2470 3307 2541; x_wconf 81' lang='grc' dir='ltr'>ἀληθεῖς</span> <span class='ocrx_word' id='word_1_317' title='bbox 3349 2474 3411 2526; x_wconf 87' lang='grc' dir='ltr'><strong>αἱ</strong></span> <span class='ocrx_word' id='word_1_318' title='bbox 3466 2476 3639 2528; x_wconf 75' lang='grc' dir='ltr'>πᾶσαι</span> 
     </span>
    </p>
   </div>
   <div class='ocr_carea' id='block_1_45' title="bbox 2057 2556 3637 2635">
    <p class='ocr_par' dir='ltr' id='par_1_45' title="bbox 2057 2556 3637 2635">
     <span class='ocr_line' id='line_1_45' title="bbox 2057 2556 3637 2635; baseline 0.008 -27"><span class='ocrx_word' id='word_1_319' title='bbox 2057 2556 2292 2629; x_wconf 80' lang='grc' dir='ltr'>Γραφαῖ,</span> <span class='ocrx_word' id='word_1_320' title='bbox 2329 2557 2423 2610; x_wconf 71' lang='grc' dir='ltr'><strong>καὶ</strong></span> <span class='ocrx_word' id='word_1_321' title='bbox 2454 2558 2553 2610; x_wconf 79' lang='grc' dir='ltr'>οὐκ</span> <span class='ocrx_word' id='word_1_322' title='bbox 2586 2559 2671 2611; x_wconf 71' lang='grc' dir='ltr'><strong>ἀεὶ</strong></span> <span class='ocrx_word' id='word_1_323' title='bbox 2708 2559 2826 2612; x_wconf 77' lang='grc' dir='ltr'>οὐδὲ</span> <span class='ocrx_word' id='word_1_324' title='bbox 2860 2559 2924 2624; x_wconf 81' lang='grc' dir='ltr'>ἐξ</span> <span class='ocrx_word' id='word_1_325' title='bbox 2950 2561 3122 2632; x_wconf 78' lang='grc' dir='ltr'>ἀρχῆς</span> <span class='ocrx_word' id='word_1_326' title='bbox 3150 2561 3405 2618; x_wconf 75' lang='grc' dir='ltr'>ἐδύναντο</span> <span class='ocrx_word' id='word_1_327' title='bbox 3433 2565 3637 2635; x_wconf 80' lang='grc' dir='ltr'>λέγειν,</span> 
     </span>
    </p>
   </div>
   <div class='ocr_carea' id='block_1_46' title="bbox 390 2644 1959 2724">
    <p class='ocr_par' dir='ltr' id='par_1_46' title="bbox 390 2644 1956 2709">
     <span class='ocr_line' id='line_1_46' title="bbox 390 2644 1956 2709; baseline -0.008 0"><span class='ocrx_word' id='word_1_328' title='bbox 390 2653 482 2709; x_wconf 75' lang='lat' dir='ltr'><strong>Iud</strong></span> <span class='ocrx_word' id='word_1_329' title='bbox 509 2671 523 2707; x_wconf 93' lang='lat'><strong>:</strong></span> <span class='ocrx_word' id='word_1_330' title='bbox 550 2652 745 2706; x_wconf 74' lang='lat' dir='ltr'><strong>Nullus</strong></span> <span class='ocrx_word' id='word_1_331' title='bbox 773 2651 998 2704; x_wconf 70' lang='lat' dir='ltr'><strong>orandus</strong></span> <span class='ocrx_word' id='word_1_332' title='bbox 1027 2660 1100 2705; x_wconf 80' lang='lat' dir='ltr'><strong>est</strong></span> <span class='ocrx_word' id='word_1_333' title='bbox 1150 2666 1182 2702; x_wconf 90' lang='lat' dir='ltr'><strong>a</strong></span> <span class='ocrx_word' id='word_1_334' title='bbox 1228 2649 1381 2703; x_wconf 73' lang='lat' dir='ltr'><strong>sorde</strong></span> <span class='ocrx_word' id='word_1_335' title='bbox 1406 2648 1451 2678; x_wconf 86' lang='grc'><strong>⁸⁰</strong></span> <span class='ocrx_word' id='word_1_336' title='bbox 1476 2647 1500 2700; x_wconf 85' lang='lat'><strong>?</strong></span> <span class='ocrx_word' id='word_1_337' title='bbox 1537 2661 1714 2699; x_wconf 88' lang='lat' dir='ltr'><strong>annon</strong></span> <span class='ocrx_word' id='word_1_338' title='bbox 1759 2644 1956 2698; x_wconf 89' lang='lat' dir='ltr'><strong>dictum</strong></span> 
     </span>
    </p>
   </div>
   <div class='ocr_carea' id='block_1_47' title="bbox 2067 2644 3638 2724">
    <p class='ocr_par' dir='ltr' id='par_1_47' title="bbox 2067 2647 3638 2724">
     <span class='ocr_line' id='line_1_47' title="bbox 2067 2647 3638 2724; baseline 0.004 -23"><span class='ocrx_word' id='word_1_339' title='bbox 2067 2647 2168 2702; x_wconf 73' lang='grc' dir='ltr'>οὐδ’</span> <span class='ocrx_word' id='word_1_340' title='bbox 2196 2649 2244 2702; x_wconf 84' lang='grc' dir='ltr'><strong>οἱ</strong></span> <span class='ocrx_word' id='word_1_341' title='bbox 2278 2647 2702 2719; x_wconf 78' lang='grc' dir='ltr'>μεταϐάλλοντες</span> <span class='ocrx_word' id='word_1_342' title='bbox 2731 2650 2823 2701; x_wconf 75' lang='grc' dir='ltr'><strong>ἐπὶ</strong></span> <span class='ocrx_word' id='word_1_343' title='bbox 2851 2648 2943 2703; x_wconf 77' lang='grc' dir='ltr'><strong>τὸν</strong></span> <span class='ocrx_word' id='word_1_344' title='bbox 2980 2650 3120 2703; x_wconf 87' lang='grc' dir='ltr'><strong>κατά</strong></span> <span class='ocrx_word' id='word_1_345' title='bbox 3149 2652 3345 2724; x_wconf 71' lang='grc' dir='ltr'>ἀρετὴν</span> <span class='ocrx_word' id='word_1_346' title='bbox 3377 2653 3521 2724; x_wconf 75' lang='grc' dir='ltr'>βίον,</span> <span class='ocrx_word' id='word_1_347' title='bbox 3549 2656 3638 2708; x_wconf 77' lang='grc' dir='ltr'>τόο</span> 
     </span>
    </p>
   </div>
   <div class='ocr_carea' id='block_1_48' title="bbox 389 2738 1959 2814">
    <p class='ocr_par' dir='ltr' id='par_1_48' title="bbox 389 2738 1956 2808">
     <span class='ocr_line' id='line_1_48' title="bbox 389 2738 1956 2808; baseline -0.008 -9"><span class='ocrx_word' id='word_1_348' title='bbox 389 2754 475 2799; x_wconf 84' lang='lat' dir='ltr'><strong>est</strong></span> <span class='ocrx_word' id='word_1_349' title='bbox 503 2758 627 2797; x_wconf 88' lang='lat' dir='ltr'><strong>cum</strong></span> <span class='ocrx_word' id='word_1_350' title='bbox 659 2742 1133 2797; x_wconf 80' lang='lat' dir='ltr'><strong>consideratione:</strong></span> <span class='ocrx_word' id='word_1_351' title='bbox 1169 2739 1291 2794; x_wconf 86' lang='lat' dir='ltr'><strong>Non</strong></span> <span class='ocrx_word' id='word_1_352' title='bbox 1319 2749 1393 2794; x_wconf 75' lang='lat' dir='ltr'><strong>est</strong></span> <span class='ocrx_word' id='word_1_353' title='bbox 1413 2738 1598 2808; x_wconf 74' lang='lat' dir='ltr'><strong>justus</strong></span> <span class='ocrx_word' id='word_1_354' title='bbox 1632 2751 1788 2805; x_wconf 75' lang='lat' dir='ltr'><strong>super</strong></span> <span class='ocrx_word' id='word_1_355' title='bbox 1847 2746 1956 2789; x_wconf 85' lang='lat' dir='ltr'><strong>ler-</strong></span> 
     </span>
    </p>
   </div>
   <div class='ocr_carea' id='block_1_49' title="bbox 2067 2738 3642 2814">
    <p class='ocr_par' dir='ltr' id='par_1_49' title="bbox 2071 2738 3642 2814">
     <span class='ocr_line' id='line_1_49' title="bbox 2071 2738 3642 2814; baseline 0.004 -19"><span class='ocrx_word' id='word_1_356' title='bbox 2071 2739 2219 2809; x_wconf 80' lang='grc' dir='ltr'><strong>Ἐγὼ</strong></span> <span class='ocrx_word' id='word_1_357' title='bbox 2260 2738 2567 2809; x_wconf 73' lang='grc' dir='ltr'>δαιμόνιον</span> <span class='ocrx_word' id='word_1_358' title='bbox 2599 2742 2708 2794; x_wconf 83' lang='grc' dir='ltr'><strong>οὐκ</strong></span> <span class='ocrx_word' id='word_1_359' title='bbox 2737 2740 2886 2811; x_wconf 76' lang='grc' dir='ltr'><strong>ἔχω’</strong></span> <span class='ocrx_word' id='word_1_360' title='bbox 2932 2740 3044 2795; x_wconf 83' lang='grc' dir='ltr'>ἀλλ’</span> <span class='ocrx_word' id='word_1_361' title='bbox 3084 2745 3118 2814; x_wconf 74' lang='grc' dir='ltr'><strong>ἡ</strong></span> <span class='ocrx_word' id='word_1_362' title='bbox 3157 2744 3318 2813; x_wconf 85' lang='grc' dir='ltr'>μόνου</span> <span class='ocrx_word' id='word_1_363' title='bbox 3362 2746 3465 2800; x_wconf 87' lang='grc' dir='ltr'><strong>τοῦ</strong></span> <span class='ocrx_word' id='word_1_364' title='bbox 3498 2747 3642 2800; x_wconf 74' lang='grc' dir='ltr'>κατά</span> 
     </span>
    </p>
   </div>
   <div class='ocr_carea' id='block_1_50' title="bbox 389 2830 1959 2911">
    <p class='ocr_par' dir='ltr' id='par_1_50' title="bbox 389 2830 1958 2906">
     <span class='ocr_line' id='line_1_50' title="bbox 389 2830 1958 2906; baseline -0.005 -18"><span class='ocrx_word' id='word_1_365' title='bbox 389 2852 501 2890; x_wconf 68' lang='lat' dir='ltr'><strong>rain</strong></span> <span class='ocrx_word' id='word_1_366' title='bbox 532 2836 620 2906; x_wconf 76' lang='lat' dir='ltr'><strong>qui</strong></span> <span class='ocrx_word' id='word_1_367' title='bbox 645 2834 807 2903; x_wconf 78' lang='lat' dir='ltr'><strong>faciat</strong></span> <span class='ocrx_word' id='word_1_368' title='bbox 840 2834 1030 2888; x_wconf 84' lang='lat' dir='ltr'><strong>bonum</strong></span> <span class='ocrx_word' id='word_1_369' title='bbox 1061 2843 1108 2889; x_wconf 85' lang='lat' dir='ltr'><strong>et</strong></span> <span class='ocrx_word' id='word_1_370' title='bbox 1136 2849 1238 2887; x_wconf 79' lang='lat' dir='ltr'><strong>non</strong></span> <span class='ocrx_word' id='word_1_371' title='bbox 1267 2841 1435 2901; x_wconf 82' lang='lat' dir='ltr'><strong>peccet</strong></span> <span class='ocrx_word' id='word_1_372' title='bbox 1460 2831 1501 2862; x_wconf 80' lang='lat'>&#39;“</span> <span class='ocrx_word' id='word_1_373' title='bbox 1526 2830 1549 2884; x_wconf 85' lang='lat'><strong>?</strong></span> <span class='ocrx_word' id='word_1_374' title='bbox 1601 2843 1778 2882; x_wconf 90' lang='lat' dir='ltr'><strong>annon</strong></span> <span class='ocrx_word' id='word_1_375' title='bbox 1835 2842 1958 2897; x_wconf 90' lang='lat' dir='ltr'><strong>per-</strong></span> 
     </span>
    </p>
   </div>
   <div class='ocr_carea' id='block_1_51' title="bbox 2067 2830 3642 2911">
    <p class='ocr_par' dir='ltr' id='par_1_51' title="bbox 2067 2831 3642 2911">
     <span class='ocr_line' id='line_1_51' title="bbox 2067 2831 3642 2911; baseline 0.005 -26"><span class='ocrx_word' id='word_1_376' title='bbox 2067 2831 2146 2885; x_wconf 84' lang='grc' dir='ltr'><strong>τδν</strong></span> <span class='ocrx_word' id='word_1_377' title='bbox 2179 2832 2405 2903; x_wconf 81' lang='grc' dir='ltr'>Σωτῆρα</span> <span class='ocrx_word' id='word_1_378' title='bbox 2436 2832 2723 2902; x_wconf 78' lang='grc' dir='ltr'>νοουμένου</span> <span class='ocrx_word' id='word_1_379' title='bbox 2754 2831 3036 2904; x_wconf 84' lang='grc' dir='ltr'>ἀνθρώπου</span> <span class='ocrx_word' id='word_1_380' title='bbox 3087 2835 3323 2907; x_wconf 73' lang='grc' dir='ltr'>ἀρχῆθεν</span> <span class='ocrx_word' id='word_1_381' title='bbox 3350 2833 3424 2910; x_wconf 81' lang='grc' dir='ltr'>ἦν</span> <span class='ocrx_word' id='word_1_382' title='bbox 3463 2841 3642 2911; x_wconf 72' lang='grc' dir='ltr'>φωνὴ,</span> 
     </span>
    </p>
   </div>
   <div class='ocr_carea' id='block_1_52' title="bbox 387 2920 1959 2999">
    <p class='ocr_par' dir='ltr' id='par_1_52' title="bbox 387 2920 1954 2997">
     <span class='ocr_line' id='line_1_52' title="bbox 387 2920 1954 2997; baseline -0.006 -15"><span class='ocrx_word' id='word_1_383' title='bbox 387 2929 634 2997; x_wconf 78' lang='lat' dir='ltr'><strong>spicumn</strong></span> <span class='ocrx_word' id='word_1_384' title='bbox 659 2936 741 2983; x_wconf 87' lang='lat' dir='ltr'><strong>est</strong></span> <span class='ocrx_word' id='word_1_385' title='bbox 764 2942 953 2982; x_wconf 76' lang='lat' dir='ltr'><strong>omnes</strong></span> <span class='ocrx_word' id='word_1_386' title='bbox 974 2926 1289 2995; x_wconf 85' lang='lat' dir='ltr'><strong>Scripturas</strong></span> <span class='ocrx_word' id='word_1_387' title='bbox 1306 2938 1461 2979; x_wconf 86' lang='lat' dir='ltr'><strong>veras</strong></span> <span class='ocrx_word' id='word_1_388' title='bbox 1484 2936 1602 2977; x_wconf 88' lang='lat' dir='ltr'><strong>esse</strong></span> <span class='ocrx_word' id='word_1_389' title='bbox 1625 2920 1829 2990; x_wconf 84' lang='lat' dir='ltr'><strong>?lgitur</strong></span> <span class='ocrx_word' id='word_1_390' title='bbox 1851 2934 1954 2973; x_wconf 89' lang='lat' dir='ltr'><strong>non</strong></span> 
     </span>
    </p>
   </div>
   <div class='ocr_carea' id='block_1_53' title="bbox 2067 2920 3645 2999">
    <p class='ocr_par' dir='ltr' id='par_1_53' title="bbox 2067 2921 3645 2999">
     <span class='ocr_line' id='line_1_53' title="bbox 2067 2921 3645 2999; baseline 0.006 -24"><span class='ocrx_word' id='word_1_391' title='bbox 2067 2921 2146 2976; x_wconf 77' lang='grc' dir='ltr'>5ιά</span> <span class='ocrx_word' id='word_1_392' title='bbox 2189 2922 2346 2976; x_wconf 89' lang='grc' dir='ltr'>τοῦτο</span> <span class='ocrx_word' id='word_1_393' title='bbox 2370 2923 2683 2995; x_wconf 74' lang='grc' dir='ltr'>κυριώτατα</span> <span class='ocrx_word' id='word_1_394' title='bbox 2709 2925 2802 2978; x_wconf 74' lang='lat' dir='ltr'><strong>xal.</strong></span> <span class='ocrx_word' id='word_1_395' title='bbox 2848 2924 3184 2997; x_wconf 79' lang='grc' dir='ltr'>ἀληθέστατα</span> <span class='ocrx_word' id='word_1_396' title='bbox 3214 2929 3374 2999; x_wconf 80' lang='grc' dir='ltr'>μόνον</span> <span class='ocrx_word' id='word_1_397' title='bbox 3406 2931 3501 2984; x_wconf 75' lang='grc' dir='ltr'>τὸν</span> <span class='ocrx_word' id='word_1_398' title='bbox 3531 2932 3645 2984; x_wconf 81' lang='grc' dir='ltr'>Πα-</span> 
     </span>
    </p>
   </div>
   <div class='ocr_carea' id='block_1_54' title="bbox 388 3012 1959 3093">
    <p class='ocr_par' dir='ltr' id='par_1_54' title="bbox 388 3012 1957 3092">
     <span class='ocr_line' id='line_1_54' title="bbox 388 3012 1957 3092; baseline -0.008 -14"><span class='ocrx_word' id='word_1_399' title='bbox 388 3036 604 3090; x_wconf 80' lang='lat' dir='ltr'><strong>semper</strong></span> <span class='ocrx_word' id='word_1_400' title='bbox 632 3035 802 3092; x_wconf 85' lang='lat' dir='ltr'><strong>neque</strong></span> <span class='ocrx_word' id='word_1_401' title='bbox 828 3020 893 3073; x_wconf 89' lang='lat' dir='ltr'><strong>ab</strong></span> <span class='ocrx_word' id='word_1_402' title='bbox 921 3020 1075 3074; x_wconf 89' lang='lat' dir='ltr'><strong>initio</strong></span> <span class='ocrx_word' id='word_1_403' title='bbox 1104 3027 1352 3089; x_wconf 87' lang='lat' dir='ltr'><strong>poterant</strong></span> <span class='ocrx_word' id='word_1_404' title='bbox 1381 3017 1435 3072; x_wconf 88' lang='lat' dir='ltr'><strong>hi</strong></span> <span class='ocrx_word' id='word_1_405' title='bbox 1466 3017 1666 3080; x_wconf 88' lang='lat' dir='ltr'><strong>dicere,</strong></span> <span class='ocrx_word' id='word_1_406' title='bbox 1703 3029 1767 3068; x_wconf 88' lang='lat' dir='ltr'><strong>ac</strong></span> <span class='ocrx_word' id='word_1_407' title='bbox 1800 3028 1870 3067; x_wconf 90' lang='lat' dir='ltr'><strong>ne</strong></span> <span class='ocrx_word' id='word_1_408' title='bbox 1903 3012 1957 3067; x_wconf 86' lang='lat' dir='ltr'><strong>hi</strong></span> 
     </span>
    </p>
   </div>
   <div class='ocr_carea' id='block_1_55' title="bbox 2067 3012 3645 3093">
    <p class='ocr_par' dir='ltr' id='par_1_55' title="bbox 2067 3014 3645 3093">
     <span class='ocr_line' id='line_1_55' title="bbox 2067 3014 3645 3093; baseline 0.006 -26"><span class='ocrx_word' id='word_1_409' title='bbox 2067 3014 2192 3086; x_wconf 81' lang='grc' dir='ltr'>τέρα</span> <span class='ocrx_word' id='word_1_410' title='bbox 2217 3016 2544 3086; x_wconf 77' lang='grc' dir='ltr'>τιμήσαντος</span> <span class='ocrx_word' id='word_1_411' title='bbox 2563 3033 2576 3046; x_wconf 88' lang='grc'><strong>·</strong></span> <span class='ocrx_word' id='word_1_412' title='bbox 2626 3016 2799 3080; x_wconf 80' lang='grc' dir='ltr'>οὐδεὶς</span> <span class='ocrx_word' id='word_1_413' title='bbox 2824 3017 2953 3090; x_wconf 86' lang='grc' dir='ltr'><strong>γάρ,</strong></span> <span class='ocrx_word' id='word_1_414' title='bbox 2999 3019 3173 3091; x_wconf 85' lang='grc' dir='ltr'>τιμῶν</span> <span class='ocrx_word' id='word_1_415' title='bbox 3204 3038 3253 3074; x_wconf 90' lang='grc' dir='ltr'><strong>τι</strong></span> <span class='ocrx_word' id='word_1_416' title='bbox 3283 3020 3404 3073; x_wconf 87' lang='grc' dir='ltr'><strong>τῶν</strong></span> <span class='ocrx_word' id='word_1_417' title='bbox 3441 3023 3521 3093; x_wconf 84' lang='grc' dir='ltr'><strong>μὴ</strong></span> <span class='ocrx_word' id='word_1_418' title='bbox 3560 3039 3645 3076; x_wconf 85' lang='grc' dir='ltr'><strong>τι·-</strong></span> 
     </span>
    </p>
   </div>
   <div class='ocr_carea' id='block_1_56' title="bbox 387 3103 1959 3184">
    <p class='ocr_par' dir='ltr' id='par_1_56' title="bbox 387 3103 1957 3181">
     <span class='ocr_line' id='line_1_56' title="bbox 387 3103 1957 3181; baseline -0.006 -14"><span class='ocrx_word' id='word_1_419' title='bbox 387 3113 479 3181; x_wconf 81' lang='lat' dir='ltr'><strong>qui</strong></span> <span class='ocrx_word' id='word_1_420' title='bbox 526 3119 811 3167; x_wconf 79' lang='lat' dir='ltr'><strong>transeunt</strong></span> <span class='ocrx_word' id='word_1_421' title='bbox 854 3110 921 3164; x_wconf 87' lang='lat' dir='ltr'><strong>ad</strong></span> <span class='ocrx_word' id='word_1_422' title='bbox 957 3111 1123 3164; x_wconf 88' lang='lat' dir='ltr'><strong>vitam</strong></span> <span class='ocrx_word' id='word_1_423' title='bbox 1157 3110 1358 3165; x_wconf 91' lang='lat' dir='ltr'><strong>virtute</strong></span> <span class='ocrx_word' id='word_1_424' title='bbox 1403 3117 1787 3162; x_wconf 86' lang='lat' dir='ltr'><strong>constantem:</strong></span> <span class='ocrx_word' id='word_1_425' title='bbox 1844 3103 1957 3174; x_wconf 78' lang='lat' dir='ltr'><strong>Ego</strong></span> 
     </span>
    </p>
   </div>
   <div class='ocr_carea' id='block_1_57' title="bbox 2067 3103 3647 3184">
    <p class='ocr_par' dir='ltr' id='par_1_57' title="bbox 2067 3106 3647 3184">
     <span class='ocr_line' id='line_1_57' title="bbox 2067 3106 3647 3184; baseline 0.006 -25"><span class='ocrx_word' id='word_1_426' title='bbox 2067 3106 2326 3177; x_wconf 81' lang='grc' dir='ltr'>μωμένων</span> <span class='ocrx_word' id='word_1_427' title='bbox 2358 3107 2467 3179; x_wconf 86' lang='lat'><strong>(26)</strong></span> <span class='ocrx_word' id='word_1_428' title='bbox 2494 3107 2598 3162; x_wconf 79' lang='grc' dir='ltr'><strong>ὑπὸ</strong></span> <span class='ocrx_word' id='word_1_429' title='bbox 2630 3108 2784 3174; x_wconf 80' lang='grc' dir='ltr'>Θεοῦ,</span> <span class='ocrx_word' id='word_1_430' title='bbox 2814 3112 2948 3182; x_wconf 84' lang='grc' dir='ltr'>τιμᾷ</span> <span class='ocrx_word' id='word_1_431' title='bbox 2974 3110 3064 3164; x_wconf 84' lang='grc' dir='ltr'>τὸν</span> <span class='ocrx_word' id='word_1_432' title='bbox 3089 3111 3426 3184; x_wconf 76' lang='grc' dir='ltr'>ἀτιμάζοντα</span> <span class='ocrx_word' id='word_1_433' title='bbox 3449 3115 3521 3168; x_wconf 77' lang='grc' dir='ltr'>τὰ</span> <span class='ocrx_word' id='word_1_434' title='bbox 3552 3116 3647 3167; x_wconf 78' lang='grc' dir='ltr'><strong>ὑπ’</strong></span> 
     </span>
    </p>
   </div>
   <div class='ocr_carea' id='block_1_58' title="bbox 387 3197 1959 3275">
    <p class='ocr_par' dir='ltr' id='par_1_58' title="bbox 387 3197 1957 3267">
     <span class='ocr_line' id='line_1_58' title="bbox 387 3197 1957 3267; baseline -0.006 -8"><span class='ocrx_word' id='word_1_435' title='bbox 387 3205 707 3258; x_wconf 71' lang='grc' dir='ltr'>Διιίιιοιιὶιιηι</span> <span class='ocrx_word' id='word_1_436' title='bbox 739 3219 845 3257; x_wconf 73' lang='lat' dir='ltr'><strong>non</strong></span> <span class='ocrx_word' id='word_1_437' title='bbox 874 3202 1072 3266; x_wconf 82' lang='lat' dir='ltr'><strong>habeo;</strong></span> <span class='ocrx_word' id='word_1_438' title='bbox 1100 3201 1193 3256; x_wconf 90' lang='lat' dir='ltr'><strong>sed</strong></span> <span class='ocrx_word' id='word_1_439' title='bbox 1227 3200 1393 3256; x_wconf 90' lang='lat' dir='ltr'><strong>solius</strong></span> <span class='ocrx_word' id='word_1_440' title='bbox 1420 3199 1681 3264; x_wconf 82' lang='lat' dir='ltr'><strong>hominis,</strong></span> <span class='ocrx_word' id='word_1_441' title='bbox 1711 3197 1800 3267; x_wconf 90' lang='lat' dir='ltr'><strong>qui</strong></span> <span class='ocrx_word' id='word_1_442' title='bbox 1827 3212 1957 3251; x_wconf 81' lang='lat' dir='ltr'><strong>cou—</strong></span> 
     </span>
    </p>
   </div>
   <div class='ocr_carea' id='block_1_59' title="bbox 2067 3197 3647 3275">
    <p class='ocr_par' dir='ltr' id='par_1_59' title="bbox 2067 3199 3647 3275">
     <span class='ocr_line' id='line_1_59' title="bbox 2067 3199 3647 3275; baseline 0.004 -24"><span class='ocrx_word' id='word_1_443' title='bbox 2067 3199 2220 3252; x_wconf 65' lang='grc' dir='ltr'>αὐτοῦ</span> <span class='ocrx_word' id='word_1_444' title='bbox 2253 3199 2565 3270; x_wconf 84' lang='grc' dir='ltr'>τιμώμενα·</span> <span class='ocrx_word' id='word_1_445' title='bbox 2596 3201 2712 3265; x_wconf 86' lang='grc' dir='ltr'><strong>πῶς</strong></span> <span class='ocrx_word' id='word_1_446' title='bbox 2735 3202 2842 3272; x_wconf 82' lang='grc' dir='ltr'>γάρ</span> <span class='ocrx_word' id='word_1_447' title='bbox 2870 3203 3107 3271; x_wconf 81' lang='grc' dir='ltr'>λεκτέον,</span> <span class='ocrx_word' id='word_1_448' title='bbox 3140 3205 3223 3257; x_wconf 85' lang='grc' dir='ltr'>ὅτι</span> <span class='ocrx_word' id='word_1_449' title='bbox 3246 3207 3392 3275; x_wconf 75' lang='grc' dir='ltr'>τιμᾷ.</span> <span class='ocrx_word' id='word_1_450' title='bbox 3407 3205 3503 3258; x_wconf 83' lang='grc' dir='ltr'><strong>τὸν</strong></span> <span class='ocrx_word' id='word_1_451' title='bbox 3533 3207 3647 3259; x_wconf 85' lang='grc' dir='ltr'>Πα-</span> 
     </span>
    </p>
   </div>
   <div class='ocr_carea' id='block_1_60' title="bbox 389 3288 1959 3364">
    <p class='ocr_par' dir='ltr' id='par_1_60' title="bbox 389 3288 1955 3358">
     <span class='ocr_line' id='line_1_60' title="bbox 389 3288 1955 3358; baseline -0.004 -9"><span class='ocrx_word' id='word_1_452' title='bbox 389 3296 661 3351; x_wconf 73' lang='lat' dir='ltr'><strong>sideratnr</strong></span> <span class='ocrx_word' id='word_1_453' title='bbox 704 3295 758 3348; x_wconf 92' lang='lat' dir='ltr'><strong>in</strong></span> <span class='ocrx_word' id='word_1_454' title='bbox 810 3293 1120 3358; x_wconf 88' lang='lat' dir='ltr'><strong>Servatore,</strong></span> <span class='ocrx_word' id='word_1_455' title='bbox 1150 3305 1251 3345; x_wconf 82' lang='lat' dir='ltr'><strong>vox</strong></span> <span class='ocrx_word' id='word_1_456' title='bbox 1287 3300 1371 3345; x_wconf 81' lang='lat' dir='ltr'><strong>est</strong></span> <span class='ocrx_word' id='word_1_457' title='bbox 1401 3289 1489 3345; x_wconf 90' lang='lat' dir='ltr'><strong>illa</strong></span> <span class='ocrx_word' id='word_1_458' title='bbox 1518 3288 1586 3342; x_wconf 91' lang='lat' dir='ltr'><strong>ab</strong></span> <span class='ocrx_word' id='word_1_459' title='bbox 1615 3288 1767 3343; x_wconf 90' lang='lat' dir='ltr'><strong>initio</strong></span> <span class='ocrx_word' id='word_1_460' title='bbox 1796 3306 1809 3341; x_wconf 90' lang='lat'><strong>:</strong></span> <span class='ocrx_word' id='word_1_461' title='bbox 1863 3288 1955 3358; x_wconf 88' lang='lat' dir='ltr'><strong>qui</strong></span> 
     </span>
    </p>
   </div>
   <div class='ocr_carea' id='block_1_61' title="bbox 2067 3288 3645 3364">
    <p class='ocr_par' dir='ltr' id='par_1_61' title="bbox 2067 3290 3645 3364">
     <span class='ocr_line' id='line_1_61' title="bbox 2067 3290 3645 3364; baseline 0.004 -21"><span class='ocrx_word' id='word_1_462' title='bbox 2067 3290 2188 3361; x_wconf 77' lang='grc' dir='ltr'>τέρα</span> <span class='ocrx_word' id='word_1_463' title='bbox 2219 3292 2246 3344; x_wconf 85' lang='grc' dir='ltr'>ὁ</span> <span class='ocrx_word' id='word_1_464' title='bbox 2278 3290 2410 3361; x_wconf 84' lang='grc' dir='ltr'>μηδὲ</span> <span class='ocrx_word' id='word_1_465' title='bbox 2437 3291 2534 3363; x_wconf 81' lang='grc' dir='ltr'><strong>τὴν</strong></span> <span class='ocrx_word' id='word_1_466' title='bbox 2565 3293 2738 3363; x_wconf 80' lang='grc' dir='ltr'>ἀρχὴν</span> <span class='ocrx_word' id='word_1_467' title='bbox 2767 3292 2828 3345; x_wconf 82' lang='grc' dir='ltr'>τὸ</span> <span class='ocrx_word' id='word_1_468' title='bbox 2861 3293 3073 3364; x_wconf 84' lang='grc' dir='ltr'>πνεῦμα</span> <span class='ocrx_word' id='word_1_469' title='bbox 3110 3293 3208 3364; x_wconf 77' lang='grc' dir='ltr'>τῆς</span> <span class='ocrx_word' id='word_1_470' title='bbox 3242 3294 3523 3358; x_wconf 76' lang='grc' dir='ltr'>υἱοθεσίας</span> <span class='ocrx_word' id='word_1_471' title='bbox 3544 3294 3645 3349; x_wconf 84' lang='grc' dir='ltr'>λα-</span> 
     </span>
    </p>
   </div>
   <div class='ocr_carea' id='block_1_62' title="bbox 362 3380 1959 3458">
    <p class='ocr_par' dir='ltr' id='par_1_62' title="bbox 362 3380 1955 3454">
     <span class='ocr_line' id='line_1_62' title="bbox 362 3380 1955 3454; baseline -0.004 -11"><span class='ocrx_word' id='word_1_472' title='bbox 362 3432 365 3433; x_wconf 43' lang='grc' dir='ltr'><strong>ν</strong></span> <span class='ocrx_word' id='word_1_473' title='bbox 391 3390 553 3443; x_wconf 87' lang='lat' dir='ltr'><strong>etiam</strong></span> <span class='ocrx_word' id='word_1_474' title='bbox 588 3388 730 3442; x_wconf 89' lang='lat' dir='ltr'><strong>hanc</strong></span> <span class='ocrx_word' id='word_1_475' title='bbox 762 3386 830 3440; x_wconf 90' lang='lat' dir='ltr'><strong>ob</strong></span> <span class='ocrx_word' id='word_1_476' title='bbox 856 3400 1075 3441; x_wconf 88' lang='lat' dir='ltr'><strong>causam</strong></span> <span class='ocrx_word' id='word_1_477' title='bbox 1096 3383 1465 3454; x_wconf 86' lang='lat' dir='ltr'><strong>propriissime</strong></span> <span class='ocrx_word' id='word_1_478' title='bbox 1490 3391 1544 3437; x_wconf 91' lang='lat' dir='ltr'><strong>et</strong></span> <span class='ocrx_word' id='word_1_479' title='bbox 1563 3380 1955 3451; x_wconf 80' lang='lat' dir='ltr'><strong>perfectissime</strong></span> 
     </span>
    </p>
   </div>
   <div class='ocr_carea' id='block_1_63' title="bbox 2067 3380 3649 3458">
    <p class='ocr_par' dir='ltr' id='par_1_63' title="bbox 2067 3380 3649 3458">
     <span class='ocr_line' id='line_1_63' title="bbox 2067 3380 3649 3458; baseline 0.004 -25"><span class='ocrx_word' id='word_1_480' title='bbox 2067 3380 2202 3446; x_wconf 74' lang='grc' dir='ltr'><strong>ϐώνς</strong></span> <span class='ocrx_word' id='word_1_481' title='bbox 2243 3382 2430 3447; x_wconf 78' lang='grc' dir='ltr'>Οὐδεὶς</span> <span class='ocrx_word' id='word_1_482' title='bbox 2456 3382 2512 3437; x_wconf 82' lang='grc' dir='ltr'>δὲ</span> <span class='ocrx_word' id='word_1_483' title='bbox 2540 3383 2652 3455; x_wconf 83' lang='grc' dir='ltr'>ἔχει</span> <span class='ocrx_word' id='word_1_484' title='bbox 2676 3384 2736 3437; x_wconf 81' lang='grc' dir='ltr'><strong>τὸ</strong></span> <span class='ocrx_word' id='word_1_485' title='bbox 2761 3383 2975 3456; x_wconf 84' lang='grc' dir='ltr'>πνεῦμα</span> <span class='ocrx_word' id='word_1_486' title='bbox 3004 3385 3103 3456; x_wconf 76' lang='grc' dir='ltr'>τῆς</span> <span class='ocrx_word' id='word_1_487' title='bbox 3142 3385 3419 3450; x_wconf 76' lang='grc' dir='ltr'>υἱοθεσίας</span> <span class='ocrx_word' id='word_1_488' title='bbox 3453 3387 3649 3458; x_wconf 71' lang='grc' dir='ltr'><strong>ἁμαρ⁴</strong></span> 
     </span>
    </p>
   </div>
   <div class='ocr_carea' id='block_1_64' title="bbox 389 3470 1959 3549">
    <p class='ocr_par' dir='ltr' id='par_1_64' title="bbox 389 3473 1958 3535">
     <span class='ocr_line' id='line_1_64' title="bbox 389 3473 1958 3535; baseline -0.005 0"><span class='ocrx_word' id='word_1_489' title='bbox 389 3482 537 3535; x_wconf 79' lang='lat' dir='ltr'><strong>solus</strong></span> <span class='ocrx_word' id='word_1_490' title='bbox 566 3480 780 3534; x_wconf 87' lang='lat' dir='ltr'><strong>Patrem</strong></span> <span class='ocrx_word' id='word_1_491' title='bbox 819 3477 1126 3533; x_wconf 79' lang='lat' dir='ltr'><strong>honoravit.</strong></span> <span class='ocrx_word' id='word_1_492' title='bbox 1153 3476 1342 3531; x_wconf 82' lang='lat' dir='ltr'><strong>Nullus</strong></span> <span class='ocrx_word' id='word_1_493' title='bbox 1387 3475 1530 3530; x_wconf 89' lang='lat' dir='ltr'><strong>enim</strong></span> <span class='ocrx_word' id='word_1_494' title='bbox 1561 3476 1834 3529; x_wconf 88' lang='lat' dir='ltr'><strong>honoraus</strong></span> <span class='ocrx_word' id='word_1_495' title='bbox 1859 3473 1958 3528; x_wconf 86' lang='lat' dir='ltr'><strong>ali-</strong></span> 
     </span>
    </p>
   </div>
   <div class='ocr_carea' id='block_1_65' title="bbox 2067 3470 3649 3549">
    <p class='ocr_par' dir='ltr' id='par_1_65' title="bbox 2067 3470 3649 3549">
     <span class='ocr_line' id='line_1_65' title="bbox 2067 3470 3649 3549; baseline 0.003 -25"><span class='ocrx_word' id='word_1_496' title='bbox 2067 3470 2230 3525; x_wconf 82' lang='grc' dir='ltr'>τάνων</span> <span class='ocrx_word' id='word_1_497' title='bbox 2247 3487 2262 3501; x_wconf 83' lang='lat'><strong><em>°</em></strong></span> <span class='ocrx_word' id='word_1_498' title='bbox 2291 3475 2355 3524; x_wconf 90' lang='lat'><strong>&#39;0</strong></span> <span class='ocrx_word' id='word_1_499' title='bbox 2376 3472 2484 3542; x_wconf 81' lang='grc' dir='ltr'><strong>γὰρ</strong></span> <span class='ocrx_word' id='word_1_500' title='bbox 2497 3474 2566 3531; x_wconf 85' lang='grc' dir='ltr'><strong>ἐκ</strong></span> <span class='ocrx_word' id='word_1_501' title='bbox 2585 3479 2690 3534; x_wconf 82' lang='grc' dir='ltr'><strong>τοῦ</strong></span> <span class='ocrx_word' id='word_1_502' title='bbox 2706 3476 2855 3532; x_wconf 83' lang='grc' dir='ltr'>Θεοῦ</span> <span class='ocrx_word' id='word_1_503' title='bbox 2874 3474 3301 3549; x_wconf 74' lang='grc' dir='ltr'>γεγεννημένος</span> <span class='ocrx_word' id='word_1_504' title='bbox 3313 3478 3391 3530; x_wconf 80' lang='grc' dir='ltr'>οὐ</span> <span class='ocrx_word' id='word_1_505' title='bbox 3396 3497 3432 3546; x_wconf 75' lang='grc' dir='ltr'><em>χ</em></span> <span class='ocrx_word' id='word_1_506' title='bbox 3458 3476 3649 3544; x_wconf 79' lang='grc' dir='ltr'>ἁμαρ-</span> 
     </span>
    </p>
   </div>
   <div class='ocr_carea' id='block_1_66' title="bbox 390 3561 1959 3642">
    <p class='ocr_par' dir='ltr' id='par_1_66' title="bbox 390 3567 1954 3642">
     <span class='ocr_line' id='line_1_66' title="bbox 390 3567 1954 3642; baseline -0.004 -15"><span class='ocrx_word' id='word_1_507' title='bbox 390 3573 519 3642; x_wconf 79' lang='lat' dir='ltr'><strong>quid</strong></span> <span class='ocrx_word' id='word_1_508' title='bbox 545 3587 730 3628; x_wconf 91' lang='lat' dir='ltr'><strong>eorum</strong></span> <span class='ocrx_word' id='word_1_509' title='bbox 761 3585 879 3640; x_wconf 65' lang='lat' dir='ltr'><strong>quae</strong></span> <span class='ocrx_word' id='word_1_510' title='bbox 914 3572 1250 3626; x_wconf 86' lang='lat' dir='ltr'><strong>honorantur</strong></span> <span class='ocrx_word' id='word_1_511' title='bbox 1278 3583 1305 3622; x_wconf 89' lang='lat' dir='ltr'><strong>a</strong></span> <span class='ocrx_word' id='word_1_512' title='bbox 1342 3568 1482 3633; x_wconf 85' lang='lat' dir='ltr'><strong>Deo,</strong></span> <span class='ocrx_word' id='word_1_513' title='bbox 1544 3567 1778 3623; x_wconf 89' lang='lat' dir='ltr'><strong>honorat</strong></span> <span class='ocrx_word' id='word_1_514' title='bbox 1805 3581 1954 3636; x_wconf 90' lang='lat' dir='ltr'><strong>sper-</strong></span> 
     </span>
    </p>
   </div>
   <div class='ocr_carea' id='block_1_67' title="bbox 2067 3561 3651 3642">
    <p class='ocr_par' dir='ltr' id='par_1_67' title="bbox 2067 3561 3651 3638">
     <span class='ocr_line' id='line_1_67' title="bbox 2067 3561 3651 3638; baseline 0.001 -21"><span class='ocrx_word' id='word_1_515' title='bbox 2067 3561 2239 3618; x_wconf 81' lang='grc' dir='ltr'>ι’άνει.</span> <span class='ocrx_word' id='word_1_516' title='bbox 2278 3564 2389 3618; x_wconf 71' lang='lat' dir='ltr'><strong>Kal.</strong></span> <span class='ocrx_word' id='word_1_517' title='bbox 2415 3564 2532 3629; x_wconf 87' lang='grc' dir='ltr'><strong>πῶς</strong></span> <span class='ocrx_word' id='word_1_518' title='bbox 2572 3566 2706 3637; x_wconf 82' lang='grc' dir='ltr'>τιμᾷ</span> <span class='ocrx_word' id='word_1_519' title='bbox 2736 3565 2825 3619; x_wconf 82' lang='grc' dir='ltr'><strong>τὸν</strong></span> <span class='ocrx_word' id='word_1_520' title='bbox 2847 3564 3065 3637; x_wconf 82' lang='grc' dir='ltr'>Πατέρα</span> <span class='ocrx_word' id='word_1_521' title='bbox 3097 3566 3125 3619; x_wconf 86' lang='grc' dir='ltr'>ὁ</span> <span class='ocrx_word' id='word_1_522' title='bbox 3150 3565 3325 3637; x_wconf 80' lang='grc' dir='ltr'>τιμῶν</span> <span class='ocrx_word' id='word_1_523' title='bbox 3345 3565 3514 3632; x_wconf 78' lang='grc' dir='ltr'>δόξαν</span> <span class='ocrx_word' id='word_1_524' title='bbox 3546 3566 3651 3638; x_wconf 70' lang='grc' dir='ltr'>τὴν</span> 
     </span>
    </p>
   </div>
   <div class='ocr_carea' id='block_1_68' title="bbox 395 3656 1959 3734">
    <p class='ocr_par' dir='ltr' id='par_1_68' title="bbox 395 3660 1957 3734">
     <span class='ocr_line' id='line_1_68' title="bbox 395 3660 1957 3734; baseline -0.006 -12"><span class='ocrx_word' id='word_1_525' title='bbox 395 3674 615 3722; x_wconf 85' lang='lat' dir='ltr'><strong>nentem</strong></span> <span class='ocrx_word' id='word_1_526' title='bbox 643 3680 762 3734; x_wconf 68' lang='lat' dir='ltr'><strong>qum</strong></span> <span class='ocrx_word' id='word_1_527' title='bbox 797 3664 883 3719; x_wconf 90' lang='lat' dir='ltr'><strong>ille</strong></span> <span class='ocrx_word' id='word_1_528' title='bbox 910 3664 1159 3718; x_wconf 89' lang='lat' dir='ltr'><strong>honoret.</strong></span> <span class='ocrx_word' id='word_1_529' title='bbox 1183 3660 1435 3731; x_wconf 80' lang='lat' dir='ltr'><strong>Alioquin</strong></span> <span class='ocrx_word' id='word_1_530' title='bbox 1481 3660 1750 3731; x_wconf 85' lang='lat' dir='ltr'><strong>quomodo</strong></span> <span class='ocrx_word' id='word_1_531' title='bbox 1775 3660 1957 3714; x_wconf 86' lang='lat' dir='ltr'><strong>dicen-</strong></span> 
     </span>
    </p>
   </div>
   <div class='ocr_carea' id='block_1_69' title="bbox 2067 3656 3648 3734">
    <p class='ocr_par' dir='ltr' id='par_1_69' title="bbox 2067 3656 3648 3730">
     <span class='ocr_line' id='line_1_69' title="bbox 2067 3656 3648 3730; baseline 0.004 -21"><span class='ocrx_word' id='word_1_532' title='bbox 2067 3656 2206 3728; x_wconf 84' lang='grc' dir='ltr'><strong>παρά</strong></span> <span class='ocrx_word' id='word_1_533' title='bbox 2232 3656 2553 3728; x_wconf 84' lang='grc' dir='ltr'>ἀνθρώπων,</span> <span class='ocrx_word' id='word_1_534' title='bbox 2594 3658 2627 3730; x_wconf 81' lang='grc' dir='ltr'><strong>ἢ</strong></span> <span class='ocrx_word' id='word_1_535' title='bbox 2663 3658 2944 3729; x_wconf 83' lang='grc' dir='ltr'>ἀργύριον,</span> <span class='ocrx_word' id='word_1_536' title='bbox 2978 3657 3010 3729; x_wconf 83' lang='grc' dir='ltr'>ἢ</span> <span class='ocrx_word' id='word_1_537' title='bbox 3044 3658 3134 3711; x_wconf 73' lang='grc' dir='ltr'><strong>τὸν</strong></span> <span class='ocrx_word' id='word_1_538' title='bbox 3158 3659 3340 3729; x_wconf 78' lang='grc' dir='ltr'>χοῖκδν</span> <span class='ocrx_word' id='word_1_539' title='bbox 3377 3658 3648 3728; x_wconf 67' lang='grc' dir='ltr'>πλοῦτον,</span> 
     </span>
    </p>
   </div>
   <div class='ocr_carea' id='block_1_70' title="bbox 388 3751 1955 3826">
    <p class='ocr_par' dir='ltr' id='par_1_70' title="bbox 388 3751 1955 3826">
     <span class='ocr_line' id='line_1_70' title="bbox 388 3751 1955 3826; baseline -0.003 -15"><span class='ocrx_word' id='word_1_540' title='bbox 388 3758 492 3813; x_wconf 87' lang='lat' dir='ltr'><strong>dus</strong></span> <span class='ocrx_word' id='word_1_541' title='bbox 520 3766 606 3813; x_wconf 85' lang='lat' dir='ltr'><strong>est</strong></span> <span class='ocrx_word' id='word_1_542' title='bbox 636 3755 831 3826; x_wconf 75' lang='lat' dir='ltr'><strong>aliquis</strong></span> <span class='ocrx_word' id='word_1_543' title='bbox 858 3756 1127 3811; x_wconf 88' lang='lat' dir='ltr'><strong>honorare</strong></span> <span class='ocrx_word' id='word_1_544' title='bbox 1170 3752 1405 3818; x_wconf 86' lang='lat' dir='ltr'><strong>Patrem,</strong></span> <span class='ocrx_word' id='word_1_545' title='bbox 1435 3752 1525 3822; x_wconf 92' lang='lat' dir='ltr'><strong>qui</strong></span> <span class='ocrx_word' id='word_1_546' title='bbox 1552 3751 1797 3820; x_wconf 88' lang='lat' dir='ltr'><strong>spiritum</strong></span> <span class='ocrx_word' id='word_1_547' title='bbox 1828 3752 1955 3806; x_wconf 86' lang='lat' dir='ltr'><strong>ado-</strong></span> 
     </span>
    </p>
   </div>
   <div class='ocr_carea' id='block_1_71' title="bbox 388 3841 1956 3916">
    <p class='ocr_par' dir='ltr' id='par_1_71' title="bbox 388 3841 1956 3916">
     <span class='ocr_line' id='line_1_71' title="bbox 388 3841 1956 3916; baseline -0.003 -15"><span class='ocrx_word' id='word_1_548' title='bbox 388 3848 595 3916; x_wconf 85' lang='lat' dir='ltr'><strong>ptionis</strong></span> <span class='ocrx_word' id='word_1_549' title='bbox 617 3846 762 3902; x_wconf 84' lang='lat' dir='ltr'><strong>nullo</strong></span> <span class='ocrx_word' id='word_1_550' title='bbox 799 3860 1021 3915; x_wconf 91' lang='lat' dir='ltr'><strong>prorsus</strong></span> <span class='ocrx_word' id='word_1_551' title='bbox 1055 3844 1213 3900; x_wconf 93' lang='lat' dir='ltr'><strong>modo</strong></span> <span class='ocrx_word' id='word_1_552' title='bbox 1256 3843 1567 3908; x_wconf 82' lang='lat' dir='ltr'><strong>acceperit?</strong></span> <span class='ocrx_word' id='word_1_553' title='bbox 1595 3841 1725 3897; x_wconf 88' lang='lat' dir='ltr'><strong>Nam</strong></span> <span class='ocrx_word' id='word_1_554' title='bbox 1777 3842 1956 3897; x_wconf 88' lang='lat' dir='ltr'><strong>nullus</strong></span> 
     </span>
    </p>
   </div>
   <div class='ocr_carea' id='block_1_72' title="bbox 386 3933 1955 4006">
    <p class='ocr_par' dir='ltr' id='par_1_72' title="bbox 386 3933 1955 4006">
     <span class='ocr_line' id='line_1_72' title="bbox 386 3933 1955 4006; baseline -0.003 -13"><span class='ocrx_word' id='word_1_555' title='bbox 386 3938 553 3994; x_wconf 83' lang='lat' dir='ltr'><strong>habet</strong></span> <span class='ocrx_word' id='word_1_556' title='bbox 584 3935 890 4006; x_wconf 85' lang='lat' dir='ltr'><strong>adoptionis</strong></span> <span class='ocrx_word' id='word_1_557' title='bbox 939 3934 1189 4005; x_wconf 88' lang='lat' dir='ltr'><strong>spiritum</strong></span> <span class='ocrx_word' id='word_1_558' title='bbox 1237 3948 1511 4004; x_wconf 88' lang='lat' dir='ltr'><strong>peccans:</strong></span> <span class='ocrx_word' id='word_1_559' title='bbox 1566 3933 1671 3998; x_wconf 81' lang='lat' dir='ltr'><strong>Qui</strong></span> <span class='ocrx_word' id='word_1_560' title='bbox 1710 3934 1850 3988; x_wconf 79' lang='lat' dir='ltr'><strong>enim</strong></span> <span class='ocrx_word' id='word_1_561' title='bbox 1891 3950 1955 3988; x_wconf 77' lang='lat' dir='ltr'><strong>ea:</strong></span> 
     </span>
    </p>
   </div>
   <div class='ocr_carea' id='block_1_73' title="bbox 387 4025 1956 4098">
    <p class='ocr_par' dir='ltr' id='par_1_73' title="bbox 387 4025 1956 4098">
     <span class='ocr_line' id='line_1_73' title="bbox 387 4025 1956 4098; baseline -0.002 -16"><span class='ocrx_word' id='word_1_562' title='bbox 387 4027 499 4082; x_wconf 90' lang='lat' dir='ltr'><strong>Deo</strong></span> <span class='ocrx_word' id='word_1_563' title='bbox 528 4028 731 4098; x_wconf 76' lang='lat' dir='ltr'><strong>genitus</strong></span> <span class='ocrx_word' id='word_1_564' title='bbox 753 4037 854 4093; x_wconf 75' lang='lat' dir='ltr'><strong>est,</strong></span> <span class='ocrx_word' id='word_1_565' title='bbox 877 4043 979 4081; x_wconf 81' lang='lat' dir='ltr'><strong>non</strong></span> <span class='ocrx_word' id='word_1_566' title='bbox 996 4035 1173 4095; x_wconf 84' lang='lat' dir='ltr'><strong>peccat</strong></span> <span class='ocrx_word' id='word_1_567' title='bbox 1196 4026 1261 4080; x_wconf 83' lang='lat'><strong>&quot;.</strong></span> <span class='ocrx_word' id='word_1_568' title='bbox 1282 4025 1551 4080; x_wconf 65' lang='lat' dir='ltr'><strong>Praeterea</strong></span> <span class='ocrx_word' id='word_1_569' title='bbox 1571 4025 1841 4094; x_wconf 88' lang='lat' dir='ltr'><strong>quomodo</strong></span> <span class='ocrx_word' id='word_1_570' title='bbox 1865 4025 1956 4079; x_wconf 82' lang='lat' dir='ltr'><strong>lto-</strong></span> 
     </span>
    </p>
   </div>
   <div class='ocr_carea' id='block_1_74' title="bbox 386 4116 1953 4188">
    <p class='ocr_par' dir='ltr' id='par_1_74' title="bbox 386 4116 1953 4188">
     <span class='ocr_line' id='line_1_74' title="bbox 386 4116 1953 4188; baseline -0.002 -15"><span class='ocrx_word' id='word_1_571' title='bbox 386 4129 549 4173; x_wconf 79' lang='lat' dir='ltr'><strong>norat</strong></span> <span class='ocrx_word' id='word_1_572' title='bbox 574 4120 698 4188; x_wconf 89' lang='lat' dir='ltr'><strong>quis</strong></span> <span class='ocrx_word' id='word_1_573' title='bbox 726 4119 967 4183; x_wconf 87' lang='lat' dir='ltr'><strong>Patrem,</strong></span> <span class='ocrx_word' id='word_1_574' title='bbox 1004 4118 1278 4174; x_wconf 89' lang='lat' dir='ltr'><strong>honorans</strong></span> <span class='ocrx_word' id='word_1_575' title='bbox 1334 4116 1558 4188; x_wconf 87' lang='lat' dir='ltr'><strong>gloriam</strong></span> <span class='ocrx_word' id='word_1_576' title='bbox 1596 4131 1714 4186; x_wconf 76' lang='lat' dir='ltr'><strong>quae</strong></span> <span class='ocrx_word' id='word_1_577' title='bbox 1742 4127 1827 4173; x_wconf 86' lang='lat' dir='ltr'><strong>est</strong></span> <span class='ocrx_word' id='word_1_578' title='bbox 1885 4117 1953 4171; x_wconf 88' lang='lat' dir='ltr'><strong>ab</strong></span> 
     </span>
    </p>
   </div>
   <div class='ocr_carea' id='block_1_75' title="bbox 390 4207 1949 4277">
    <p class='ocr_par' dir='ltr' id='par_1_75' title="bbox 390 4207 1949 4277">
     <span class='ocr_line' id='line_1_75' title="bbox 390 4207 1949 4277; baseline -0.001 -16"><span class='ocrx_word' id='word_1_579' title='bbox 390 4208 738 4271; x_wconf 80' lang='lat' dir='ltr'><strong>hominibus;</strong></span> <span class='ocrx_word' id='word_1_580' title='bbox 773 4208 856 4263; x_wconf 82' lang='lat' dir='ltr'><strong>vel</strong></span> <span class='ocrx_word' id='word_1_581' title='bbox 893 4219 1171 4277; x_wconf 79' lang='lat' dir='ltr'><strong>argentum</strong></span> <span class='ocrx_word' id='word_1_582' title='bbox 1202 4247 1221 4272; x_wconf 91' lang='lat'><strong>,</strong></span> <span class='ocrx_word' id='word_1_583' title='bbox 1278 4207 1361 4262; x_wconf 86' lang='lat' dir='ltr'><strong>vel</strong></span> <span class='ocrx_word' id='word_1_584' title='bbox 1409 4218 1655 4261; x_wconf 79' lang='lat' dir='ltr'><strong>terrenas</strong></span> <span class='ocrx_word' id='word_1_585' title='bbox 1694 4207 1949 4272; x_wconf 83' lang='lat' dir='ltr'><strong>divitias,</strong></span> 
     </span>
    </p>
   </div>
   <div class='ocr_carea' id='block_1_76' title="bbox 390 4295 1953 4369">
    <p class='ocr_par' dir='ltr' id='par_1_76' title="bbox 390 4295 1953 4369">
     <span class='ocr_line' id='line_1_76' title="bbox 390 4295 1953 4369; baseline 0.001 -19"><span class='ocrx_word' id='word_1_586' title='bbox 390 4295 527 4367; x_wconf 88' lang='lat' dir='ltr'><strong>[aut</strong></span> <span class='ocrx_word' id='word_1_587' title='bbox 553 4297 662 4368; x_wconf 92' lang='lat'><strong>(28)</strong></span> <span class='ocrx_word' id='word_1_588' title='bbox 693 4298 1150 4369; x_wconf 88' lang='lat' dir='ltr'><strong>pulchritudinem</strong></span> <span class='ocrx_word' id='word_1_589' title='bbox 1179 4313 1304 4367; x_wconf 64' lang='lat' dir='ltr'><strong>qum</strong></span> <span class='ocrx_word' id='word_1_590' title='bbox 1333 4313 1403 4352; x_wconf 79' lang='lat' dir='ltr'><strong>ex</strong></span> <span class='ocrx_word' id='word_1_591' title='bbox 1438 4313 1603 4353; x_wconf 86' lang='lat' dir='ltr'><strong>carne</strong></span> <span class='ocrx_word' id='word_1_592' title='bbox 1624 4297 1953 4366; x_wconf 72' lang='lat' dir='ltr'><strong>etsanguine</strong></span> 
     </span>
    </p>
   </div>
   <div class='ocr_carea' id='block_1_77' title="bbox 391 4386 1948 4458">
    <p class='ocr_par' dir='ltr' id='par_1_77' title="bbox 391 4386 1948 4458">
     <span class='ocr_line' id='line_1_77' title="bbox 391 4386 1948 4458; baseline 0 -19"><span class='ocrx_word' id='word_1_593' title='bbox 391 4386 673 4458; x_wconf 78' lang='lat' dir='ltr'><strong>constat],</strong></span> <span class='ocrx_word' id='word_1_594' title='bbox 707 4388 790 4442; x_wconf 87' lang='lat' dir='ltr'><strong>vel</strong></span> <span class='ocrx_word' id='word_1_595' title='bbox 825 4388 1121 4456; x_wconf 77' lang='lat' dir='ltr'><strong>generatim</strong></span> <span class='ocrx_word' id='word_1_596' title='bbox 1145 4402 1265 4457; x_wconf 73' lang='lat' dir='ltr'><strong>qua:</strong></span> <span class='ocrx_word' id='word_1_597' title='bbox 1285 4396 1409 4442; x_wconf 91' lang='lat' dir='ltr'><strong>sunt</strong></span> <span class='ocrx_word' id='word_1_598' title='bbox 1435 4387 1649 4456; x_wconf 90' lang='lat' dir='ltr'><strong>propria</strong></span> <span class='ocrx_word' id='word_1_599' title='bbox 1680 4387 1948 4449; x_wconf 88' lang='lat' dir='ltr'><strong>materiei,</strong></span> 
     </span>
    </p>
   </div>
   <div class='ocr_carea' id='block_1_78' title="bbox 390 4478 1951 4548">
    <p class='ocr_par' dir='ltr' id='par_1_78' title="bbox 390 4478 1951 4548">
     <span class='ocr_line' id='line_1_78' title="bbox 390 4478 1951 4548; baseline 0 -15"><span class='ocrx_word' id='word_1_600' title='bbox 390 4486 448 4534; x_wconf 87' lang='lat' dir='ltr'><strong>et</strong></span> <span class='ocrx_word' id='word_1_601' title='bbox 472 4478 766 4534; x_wconf 87' lang='lat' dir='ltr'><strong>interitus?</strong></span> <span class='ocrx_word' id='word_1_602' title='bbox 795 4480 978 4548; x_wconf 88' lang='lat' dir='ltr'><strong>Itaque</strong></span> <span class='ocrx_word' id='word_1_603' title='bbox 1005 4479 1347 4548; x_wconf 86' lang='lat' dir='ltr'><strong>perspicuum</strong></span> <span class='ocrx_word' id='word_1_604' title='bbox 1389 4491 1470 4534; x_wconf 84' lang='lat' dir='ltr'><strong>est</strong></span> <span class='ocrx_word' id='word_1_605' title='bbox 1503 4479 1771 4548; x_wconf 83' lang='lat' dir='ltr'><strong>quomodo</strong></span> <span class='ocrx_word' id='word_1_606' title='bbox 1824 4478 1951 4533; x_wconf 79' lang='lat' dir='ltr'><strong>Ser-</strong></span> 
     </span>
    </p>
   </div>
   <div class='ocr_carea' id='block_1_79' title="bbox 385 4566 1949 4639">
    <p class='ocr_par' dir='ltr' id='par_1_79' title="bbox 385 4566 1949 4639">
     <span class='ocr_line' id='line_1_79' title="bbox 385 4566 1949 4639; baseline 0.004 -21"><span class='ocrx_word' id='word_1_607' title='bbox 385 4566 594 4621; x_wconf 78' lang='lat' dir='ltr'><strong>vatoris</strong></span> <span class='ocrx_word' id='word_1_608' title='bbox 619 4581 717 4620; x_wconf 82' lang='lat' dir='ltr'><strong>vox</strong></span> <span class='ocrx_word' id='word_1_609' title='bbox 767 4567 852 4621; x_wconf 82' lang='lat' dir='ltr'><strong>illa</strong></span> <span class='ocrx_word' id='word_1_610' title='bbox 885 4567 958 4622; x_wconf 86' lang='lat' dir='ltr'><strong>sit</strong></span> <span class='ocrx_word' id='word_1_611' title='bbox 986 4587 999 4622; x_wconf 89' lang='lat'><strong>:</strong></span> <span class='ocrx_word' id='word_1_612' title='bbox 1037 4567 1254 4622; x_wconf 82' lang='lat' dir='ltr'><strong>Honora</strong></span> <span class='ocrx_word' id='word_1_613' title='bbox 1289 4566 1505 4623; x_wconf 76' lang='lat' dir='ltr'><strong>Patrem</strong></span> <span class='ocrx_word' id='word_1_614' title='bbox 1545 4571 1590 4603; x_wconf 79' lang='grc'>⁸³</span> <span class='ocrx_word' id='word_1_615' title='bbox 1614 4611 1629 4636; x_wconf 93' lang='grc'><strong>,</strong></span> <span class='ocrx_word' id='word_1_616' title='bbox 1659 4584 1820 4639; x_wconf 88' lang='lat' dir='ltr'><strong>quam</strong></span> <span class='ocrx_word' id='word_1_617' title='bbox 1853 4584 1949 4639; x_wconf 84' lang='lat' dir='ltr'><strong>pro</strong></span> 
     </span>
    </p>
   </div>
   <div class='ocr_carea' id='block_1_80' title="bbox 2055 3745 3650 3818">
    <p class='ocr_par' dir='ltr' id='par_1_80' title="bbox 2055 3745 3650 3818">
     <span class='ocr_line' id='line_1_80' title="bbox 2055 3745 3650 3818; baseline 0.003 -20"><span class='ocrx_word' id='word_1_618' title='bbox 2055 3745 2088 3816; x_wconf 77' lang='grc' dir='ltr'>ἢ</span> <span class='ocrx_word' id='word_1_619' title='bbox 2122 3747 2183 3799; x_wconf 87' lang='grc' dir='ltr'><strong>τὸ</strong></span> <span class='ocrx_word' id='word_1_620' title='bbox 2213 3746 2279 3798; x_wconf 79' lang='grc' dir='ltr'><strong>ἐκ</strong></span> <span class='ocrx_word' id='word_1_621' title='bbox 2312 3745 2528 3817; x_wconf 83' lang='grc' dir='ltr'>σαρκῶν</span> <span class='ocrx_word' id='word_1_622' title='bbox 2578 3747 2672 3799; x_wconf 75' lang='grc' dir='ltr'>καὶ</span> <span class='ocrx_word' id='word_1_623' title='bbox 2699 3746 2944 3816; x_wconf 78' lang='grc' dir='ltr'>αἱμάτων</span> <span class='ocrx_word' id='word_1_624' title='bbox 2970 3746 3183 3811; x_wconf 77' lang='grc' dir='ltr'>κάλλος,</span> <span class='ocrx_word' id='word_1_625' title='bbox 3228 3747 3260 3818; x_wconf 76' lang='grc' dir='ltr'>ἢ</span> <span class='ocrx_word' id='word_1_626' title='bbox 3294 3748 3650 3816; x_wconf 78' lang='grc' dir='ltr'>ἁπαξαπλῶς</span> 
     </span>
    </p>
   </div>
   <div class='ocr_carea' id='block_1_81' title="bbox 2054 3831 3650 3906">
    <p class='ocr_par' dir='ltr' id='par_1_81' title="bbox 2054 3831 3650 3906">
     <span class='ocr_line' id='line_1_81' title="bbox 2054 3831 3650 3906; baseline -0.001 -19"><span class='ocrx_word' id='word_1_627' title='bbox 2054 3851 2107 3887; x_wconf 87' lang='grc' dir='ltr'><strong>τι</strong></span> <span class='ocrx_word' id='word_1_628' title='bbox 2134 3834 2242 3887; x_wconf 84' lang='grc' dir='ltr'><strong>τῶν</strong></span> <span class='ocrx_word' id='word_1_629' title='bbox 2270 3833 2484 3887; x_wconf 84' lang='grc' dir='ltr'>οἰκείων</span> <span class='ocrx_word' id='word_1_630' title='bbox 2510 3835 2576 3904; x_wconf 81' lang='grc' dir='ltr'>τῇ</span> <span class='ocrx_word' id='word_1_631' title='bbox 2601 3833 2702 3906; x_wconf 76' lang='grc' dir='ltr'><strong>ὕλῃ</strong></span> <span class='ocrx_word' id='word_1_632' title='bbox 2722 3835 2814 3888; x_wconf 74' lang='grc' dir='ltr'>καὶ</span> <span class='ocrx_word' id='word_1_633' title='bbox 2842 3836 2909 3904; x_wconf 81' lang='grc' dir='ltr'>τῇ</span> <span class='ocrx_word' id='word_1_634' title='bbox 2944 3831 3145 3905; x_wconf 81' lang='grc' dir='ltr'>φθορᾷ;</span> <span class='ocrx_word' id='word_1_635' title='bbox 3195 3832 3363 3903; x_wconf 77' lang='grc' dir='ltr'>Δῆλον</span> <span class='ocrx_word' id='word_1_636' title='bbox 3390 3831 3491 3888; x_wconf 73' lang='grc' dir='ltr'>οὖν</span> <span class='ocrx_word' id='word_1_637' title='bbox 3521 3837 3650 3901; x_wconf 77' lang='grc' dir='ltr'><strong>πῶς</strong></span> 
     </span>
    </p>
   </div>
   <div class='ocr_carea' id='block_1_82' title="bbox 2054 3909 3652 3997">
    <p class='ocr_par' dir='ltr' id='par_1_82' title="bbox 2054 3909 3652 3997">
     <span class='ocr_line' id='line_1_82' title="bbox 2054 3909 3652 3997; baseline 0 -17"><span class='ocrx_word' id='word_1_638' title='bbox 2054 3909 2147 3980; x_wconf 81' lang='grc' dir='ltr'><strong>τοῦ</strong></span> <span class='ocrx_word' id='word_1_639' title='bbox 2174 3925 2425 3996; x_wconf 82' lang='grc' dir='ltr'>Σωτῆρός</span> <span class='ocrx_word' id='word_1_640' title='bbox 2450 3929 2565 3980; x_wconf 81' lang='grc' dir='ltr'>ἐστι</span> <span class='ocrx_word' id='word_1_641' title='bbox 2611 3926 2760 3996; x_wconf 74' lang='grc' dir='ltr'>φωνή</span> <span class='ocrx_word' id='word_1_642' title='bbox 2782 3943 2796 3956; x_wconf 88' lang='grc'><strong>·</strong></span> <span class='ocrx_word' id='word_1_643' title='bbox 2834 3923 2984 3994; x_wconf 81' lang='grc' dir='ltr'>Τιμῶ</span> <span class='ocrx_word' id='word_1_644' title='bbox 3024 3925 3132 3978; x_wconf 77' lang='grc' dir='ltr'><strong>τὸν</strong></span> <span class='ocrx_word' id='word_1_645' title='bbox 3155 3924 3414 3992; x_wconf 80' lang='grc' dir='ltr'>Πατέρα.</span> <span class='ocrx_word' id='word_1_646' title='bbox 3441 3928 3652 3997; x_wconf 75' lang='grc' dir='ltr'>ἥντινα</span> 
     </span>
    </p>
   </div>
   <div class='ocr_carea' id='block_1_83' title="bbox 2053 4012 3653 4088">
    <p class='ocr_par' dir='ltr' id='par_1_83' title="bbox 2053 4012 3653 4088">
     <span class='ocr_line' id='line_1_83' title="bbox 2053 4012 3653 4088; baseline 0 -18"><span class='ocrx_word' id='word_1_647' title='bbox 2053 4017 2151 4088; x_wconf 80' lang='grc' dir='ltr'><strong>ὅση</strong></span> <span class='ocrx_word' id='word_1_648' title='bbox 2177 4016 2402 4087; x_wconf 80' lang='grc' dir='ltr'>δύναμις</span> <span class='ocrx_word' id='word_1_649' title='bbox 2425 4014 2816 4086; x_wconf 84' lang='grc' dir='ltr'>φιλοτιμητέον,</span> <span class='ocrx_word' id='word_1_650' title='bbox 2849 4012 3343 4085; x_wconf 77' lang='grc' dir='ltr'>συμμαρτυρούσης</span> <span class='ocrx_word' id='word_1_651' title='bbox 3374 4015 3516 4085; x_wconf 75' lang='grc' dir='ltr'>ἡμῖν</span> <span class='ocrx_word' id='word_1_652' title='bbox 3544 4016 3653 4087; x_wconf 69' lang='grc' dir='ltr'>τῆς</span> 
     </span>
    </p>
   </div>
   <div class='ocr_carea' id='block_1_84' title="bbox 2055 4105 3651 4179">
    <p class='ocr_par' dir='ltr' id='par_1_84' title="bbox 2055 4105 3651 4179">
     <span class='ocr_line' id='line_1_84' title="bbox 2055 4105 3651 4179; baseline -0.001 -18"><span class='ocrx_word' id='word_1_653' title='bbox 2055 4107 2409 4179; x_wconf 83' lang='grc' dir='ltr'>συνειδήσεως</span> <span class='ocrx_word' id='word_1_654' title='bbox 2457 4109 2515 4160; x_wconf 80' lang='grc' dir='ltr'>ὲν</span> <span class='ocrx_word' id='word_1_655' title='bbox 2544 4105 2820 4177; x_wconf 81' lang='grc' dir='ltr'>Πνεῦματι</span> <span class='ocrx_word' id='word_1_656' title='bbox 2867 4106 3025 4176; x_wconf 82' lang='grc' dir='ltr'>ἁγίῳ,</span> <span class='ocrx_word' id='word_1_657' title='bbox 3071 4106 3265 4169; x_wconf 77' lang='grc' dir='ltr'>εἰπεῖν,</span> <span class='ocrx_word' id='word_1_658' title='bbox 3314 4106 3651 4160; x_wconf 78' lang='grc' dir='ltr'>ἀποδιδοῦσι</span> 
     </span>
    </p>
   </div>
   <div class='ocr_carea' id='block_1_85' title="bbox 2052 4197 3652 4271">
    <p class='ocr_par' dir='ltr' id='par_1_85' title="bbox 2052 4197 3652 4271">
     <span class='ocr_line' id='line_1_85' title="bbox 2052 4197 3652 4271; baseline -0.001 -18"><span class='ocrx_word' id='word_1_659' title='bbox 2052 4200 2131 4271; x_wconf 84' lang='grc' dir='ltr'>τῷ</span> <span class='ocrx_word' id='word_1_660' title='bbox 2176 4199 2294 4271; x_wconf 85' lang='grc' dir='ltr'><strong>Θεῷ</strong></span> <span class='ocrx_word' id='word_1_661' title='bbox 2336 4201 2430 4254; x_wconf 77' lang='grc' dir='ltr'><strong>καὶ</strong></span> <span class='ocrx_word' id='word_1_662' title='bbox 2476 4198 2651 4271; x_wconf 73' lang='grc' dir='ltr'>Πατρὶ</span> <span class='ocrx_word' id='word_1_663' title='bbox 2693 4198 2791 4270; x_wconf 78' lang='grc' dir='ltr'>τὴν</span> <span class='ocrx_word' id='word_1_664' title='bbox 2840 4199 3026 4271; x_wconf 79' lang='grc' dir='ltr'>τιμὴν,</span> <span class='ocrx_word' id='word_1_665' title='bbox 3076 4199 3170 4252; x_wconf 75' lang='grc' dir='ltr'><strong>καὶ</strong></span> <span class='ocrx_word' id='word_1_666' title='bbox 3206 4197 3281 4269; x_wconf 82' lang='grc' dir='ltr'>μὴ</span> <span class='ocrx_word' id='word_1_667' title='bbox 3310 4199 3491 4270; x_wconf 77' lang='grc' dir='ltr'>ἑτέρῳ</span> <span class='ocrx_word' id='word_1_668' title='bbox 3527 4200 3652 4270; x_wconf 65' lang='grc' dir='ltr'><strong>(ἳῗ)</strong></span> 
     </span>
    </p>
   </div>
   <div class='ocr_carea' id='block_1_86' title="bbox 2052 4288 3653 4362">
    <p class='ocr_par' dir='ltr' id='par_1_86' title="bbox 2052 4288 3653 4362">
     <span class='ocr_line' id='line_1_86' title="bbox 2052 4288 3653 4362; baseline -0.001 -18"><span class='ocrx_word' id='word_1_669' title='bbox 2052 4292 2411 4361; x_wconf 84' lang='grc' dir='ltr'>ἀπονέμουσιν</span> <span class='ocrx_word' id='word_1_670' title='bbox 2461 4292 2649 4362; x_wconf 79' lang='grc' dir='ltr'>αὐτήν.</span> <span class='ocrx_word' id='word_1_671' title='bbox 2712 4288 2821 4345; x_wconf 76' lang='grc' dir='ltr'>Καὶ</span> <span class='ocrx_word' id='word_1_672' title='bbox 2871 4289 3050 4353; x_wconf 84' lang='grc' dir='ltr'>καλῶς</span> <span class='ocrx_word' id='word_1_673' title='bbox 3080 4304 3145 4358; x_wconf 80' lang='grc' dir='ltr'>γε</span> <span class='ocrx_word' id='word_1_674' title='bbox 3190 4291 3219 4342; x_wconf 84' lang='grc' dir='ltr'><strong>ό</strong></span> <span class='ocrx_word' id='word_1_675' title='bbox 3252 4288 3514 4356; x_wconf 77' lang='grc' dir='ltr'>ἐλθόντος</span> <span class='ocrx_word' id='word_1_676' title='bbox 3549 4291 3653 4345; x_wconf 78' lang='grc' dir='ltr'><strong>τοῦ</strong></span> 
     </span>
    </p>
   </div>
   <div class='ocr_carea' id='block_1_87' title="bbox 2053 4379 3653 4452">
    <p class='ocr_par' dir='ltr' id='par_1_87' title="bbox 2053 4379 3653 4452">
     <span class='ocr_line' id='line_1_87' title="bbox 2053 4379 3653 4452; baseline 0.003 -19"><span class='ocrx_word' id='word_1_677' title='bbox 2053 4382 2414 4452; x_wconf 77' lang='grc' dir='ltr'>πληρώματος</span> <span class='ocrx_word' id='word_1_678' title='bbox 2443 4380 2534 4434; x_wconf 88' lang='grc' dir='ltr'><strong>τοῦ</strong></span> <span class='ocrx_word' id='word_1_679' title='bbox 2566 4382 2758 4452; x_wconf 87' lang='grc' dir='ltr'>χρόνου</span> <span class='ocrx_word' id='word_1_680' title='bbox 2786 4379 3194 4450; x_wconf 75' lang='grc' dir='ltr'>ἀπεσταλμένος</span> <span class='ocrx_word' id='word_1_681' title='bbox 3226 4380 3333 4433; x_wconf 79' lang='grc' dir='ltr'><strong>ὑπὸ</strong></span> <span class='ocrx_word' id='word_1_682' title='bbox 3362 4381 3464 4434; x_wconf 80' lang='grc' dir='ltr'><strong>τοῦ</strong></span> <span class='ocrx_word' id='word_1_683' title='bbox 3499 4382 3653 4437; x_wconf 75' lang='grc' dir='ltr'>Θεοῦ</span> 
     </span>
    </p>
   </div>
   <div class='ocr_carea' id='block_1_88' title="bbox 2052 4472 3653 4545">
    <p class='ocr_par' dir='ltr' id='par_1_88' title="bbox 2052 4472 3653 4545">
     <span class='ocr_line' id='line_1_88' title="bbox 2052 4472 3653 4545; baseline 0.001 -18"><span class='ocrx_word' id='word_1_684' title='bbox 2052 4474 2305 4543; x_wconf 80' lang='grc' dir='ltr'>γενέσθαι</span> <span class='ocrx_word' id='word_1_685' title='bbox 2351 4475 2414 4528; x_wconf 81' lang='grc' dir='ltr'><strong>ὲκ</strong></span> <span class='ocrx_word' id='word_1_686' title='bbox 2446 4474 2716 4543; x_wconf 72' lang='grc' dir='ltr'>γυναικὸς,</span> <span class='ocrx_word' id='word_1_687' title='bbox 2750 4473 2845 4527; x_wconf 73' lang='grc' dir='ltr'><strong>καὶ</strong></span> <span class='ocrx_word' id='word_1_688' title='bbox 2888 4472 3138 4541; x_wconf 83' lang='grc' dir='ltr'>γενέσθαι</span> <span class='ocrx_word' id='word_1_689' title='bbox 3167 4472 3271 4526; x_wconf 81' lang='grc' dir='ltr'>ὑπὸ</span> <span class='ocrx_word' id='word_1_690' title='bbox 3312 4473 3411 4527; x_wconf 74' lang='grc' dir='ltr'>τὸν</span> <span class='ocrx_word' id='word_1_691' title='bbox 3442 4475 3653 4545; x_wconf 78' lang='grc' dir='ltr'>νόμον,</span> 
     </span>
    </p>
   </div>
   <div class='ocr_carea' id='block_1_89' title="bbox 2051 4562 3658 4633">
    <p class='ocr_par' dir='ltr' id='par_1_89' title="bbox 2051 4562 3658 4633">
     <span class='ocr_line' id='line_1_89' title="bbox 2051 4562 3658 4633; baseline 0.001 -16"><span class='ocrx_word' id='word_1_692' title='bbox 2051 4565 2127 4628; x_wconf 80' lang='grc' dir='ltr'>ὡς</span> <span class='ocrx_word' id='word_1_693' title='bbox 2159 4565 2263 4618; x_wconf 77' lang='grc' dir='ltr'>ὑπὸ</span> <span class='ocrx_word' id='word_1_694' title='bbox 2294 4564 2386 4617; x_wconf 82' lang='grc' dir='ltr'><strong>τὸν</strong></span> <span class='ocrx_word' id='word_1_695' title='bbox 2419 4562 2642 4632; x_wconf 83' lang='grc' dir='ltr'>λέγοντα</span> <span class='ocrx_word' id='word_1_696' title='bbox 2689 4562 2853 4633; x_wconf 86' lang='grc' dir='ltr'>νόμον</span> <span class='ocrx_word' id='word_1_697' title='bbox 2892 4563 3171 4633; x_wconf 81' lang='grc' dir='ltr'>τυγχάνων</span> <span class='ocrx_word' id='word_1_698' title='bbox 3211 4563 3304 4616; x_wconf 86' lang='grc' dir='ltr'>τό·</span> <span class='ocrx_word' id='word_1_699' title='bbox 3348 4563 3505 4633; x_wconf 75' lang='grc' dir='ltr'>Τίμα</span> <span class='ocrx_word' id='word_1_700' title='bbox 3531 4563 3658 4619; x_wconf 70' lang='grc' dir='ltr'><strong>τὸν</strong></span> 
     </span>
    </p>
   </div>
   <div class='ocr_carea' id='block_1_90' title="bbox 386 4648 1959 4725">
    <p class='ocr_par' dir='ltr' id='par_1_90' title="bbox 386 4656 1948 4722">
     <span class='ocr_line' id='line_1_90' title="bbox 386 4656 1948 4722; baseline 0.001 -11"><span class='ocrx_word' id='word_1_701' title='bbox 386 4657 530 4712; x_wconf 88' lang='lat' dir='ltr'><strong>virili</strong></span> <span class='ocrx_word' id='word_1_702' title='bbox 584 4656 914 4712; x_wconf 86' lang='lat' dir='ltr'><strong>contendere</strong></span> <span class='ocrx_word' id='word_1_703' title='bbox 946 4672 1043 4711; x_wconf 92' lang='lat' dir='ltr'><strong>nos</strong></span> <span class='ocrx_word' id='word_1_704' title='bbox 1081 4657 1242 4710; x_wconf 90' lang='lat' dir='ltr'><strong>etiam</strong></span> <span class='ocrx_word' id='word_1_705' title='bbox 1272 4658 1529 4713; x_wconf 85' lang='lat' dir='ltr'><strong>debemus</strong></span> <span class='ocrx_word' id='word_1_706' title='bbox 1584 4658 1766 4713; x_wconf 89' lang='lat' dir='ltr'><strong>dicere</strong></span> <span class='ocrx_word' id='word_1_707' title='bbox 1791 4694 1809 4722; x_wconf 87' lang='lat'><strong>,</strong></span> <span class='ocrx_word' id='word_1_708' title='bbox 1853 4657 1948 4713; x_wconf 92' lang='lat' dir='ltr'><strong>tri-</strong></span> 
     </span>
    </p>
   </div>
   <div class='ocr_carea' id='block_1_91' title="bbox 2067 4648 3657 4725">
    <p class='ocr_par' dir='ltr' id='par_1_91' title="bbox 2067 4648 3657 4725">
     <span class='ocr_line' id='line_1_91' title="bbox 2067 4648 3657 4725; baseline 0.001 -17"><span class='ocrx_word' id='word_1_709' title='bbox 2067 4657 2278 4725; x_wconf 75' lang='grc' dir='ltr'>ιτατέρα</span> <span class='ocrx_word' id='word_1_710' title='bbox 2319 4655 2415 4709; x_wconf 73' lang='grc' dir='ltr'><strong>καὶ</strong></span> <span class='ocrx_word' id='word_1_711' title='bbox 2451 4655 2566 4722; x_wconf 78' lang='grc' dir='ltr'><strong>τὴν</strong></span> <span class='ocrx_word' id='word_1_712' title='bbox 2586 4654 2834 4725; x_wconf 81' lang='grc' dir='ltr'>μητέρα.</span> <span class='ocrx_word' id='word_1_713' title='bbox 2882 4655 2982 4709; x_wconf 73' lang='grc' dir='ltr'><strong>ἵνα</strong></span> <span class='ocrx_word' id='word_1_714' title='bbox 3005 4648 3074 4708; x_wconf 83' lang='grc' dir='ltr'>εὖ</span> <span class='ocrx_word' id='word_1_715' title='bbox 3105 4668 3204 4707; x_wconf 85' lang='grc' dir='ltr'><strong>σοι</strong></span> <span class='ocrx_word' id='word_1_716' title='bbox 3241 4651 3515 4723; x_wconf 59' lang='grc' dir='ltr'>γένηται,</span> <span class='ocrx_word' id='word_1_717' title='bbox 3553 4657 3657 4709; x_wconf 78' lang='grc' dir='ltr'><strong>οὐ-</strong></span> 
     </span>
    </p>
   </div>
   <div class='ocr_carea' id='block_1_92' title="bbox 385 4714 1959 4823">
    <p class='ocr_par' dir='ltr' id='par_1_92' title="bbox 385 4746 1949 4815">
     <span class='ocr_line' id='line_1_92' title="bbox 385 4746 1949 4815; baseline -0.001 -11"><span class='ocrx_word' id='word_1_718' title='bbox 385 4751 613 4804; x_wconf 87' lang='lat' dir='ltr'><strong>buentes</strong></span> <span class='ocrx_word' id='word_1_719' title='bbox 640 4746 748 4803; x_wconf 70' lang='lat' dir='ltr'><strong>ﬂeo</strong></span> <span class='ocrx_word' id='word_1_720' title='bbox 791 4755 846 4802; x_wconf 90' lang='lat' dir='ltr'><strong>et</strong></span> <span class='ocrx_word' id='word_1_721' title='bbox 866 4747 1009 4801; x_wconf 75' lang='lat' dir='ltr'><strong>l’atri</strong></span> <span class='ocrx_word' id='word_1_722' title='bbox 1040 4747 1321 4815; x_wconf 89' lang='lat' dir='ltr'><strong>honorem,</strong></span> <span class='ocrx_word' id='word_1_723' title='bbox 1352 4763 1450 4805; x_wconf 91' lang='lat' dir='ltr'><strong>nec</strong></span> <span class='ocrx_word' id='word_1_724' title='bbox 1473 4749 1565 4804; x_wconf 91' lang='lat' dir='ltr'><strong>ulli</strong></span> <span class='ocrx_word' id='word_1_725' title='bbox 1587 4748 1675 4804; x_wconf 87' lang='lat' dir='ltr'><strong>alii</strong></span> <span class='ocrx_word' id='word_1_726' title='bbox 1710 4750 1949 4804; x_wconf 82' lang='lat' dir='ltr'><strong>tribuen-</strong></span> 
     </span>
    </p>
   </div>
   <div class='ocr_carea' id='block_1_93' title="bbox 2067 4714 3662 4823">
    <p class='ocr_par' dir='ltr' id='par_1_93' title="bbox 2067 4714 3662 4823">
     <span class='ocr_line' id='line_1_93' title="bbox 2067 4714 3662 4823; baseline 0 -20"><span class='ocrx_word' id='word_1_727' title='bbox 2067 4714 2365 4804; x_wconf 45' lang='lat' dir='ltr'><strong>Béva&#39;ﬂlov</strong></span> <span class='ocrx_word' id='word_1_728' title='bbox 2388 4714 2524 4820; x_wconf 76' lang='grc' dir='ltr'>ἔχων</span> <span class='ocrx_word' id='word_1_729' title='bbox 2558 4714 2768 4820; x_wconf 41' lang='lat' dir='ltr'><strong>«keep;</strong></span> <span class='ocrx_word' id='word_1_730' title='bbox 2860 4749 2950 4801; x_wconf 77' lang='grc' dir='ltr'><strong>τὸν</strong></span> <span class='ocrx_word' id='word_1_731' title='bbox 2989 4749 3046 4800; x_wconf 86' lang='grc' dir='ltr'>ὲν</span> <span class='ocrx_word' id='word_1_732' title='bbox 3076 4748 3189 4810; x_wconf 85' lang='grc' dir='ltr'>τοῖς</span> <span class='ocrx_word' id='word_1_733' title='bbox 3225 4714 3475 4819; x_wconf 66' lang='grc' dir='ltr'>οῦρανοίς</span> <span class='ocrx_word' id='word_1_734' title='bbox 3498 4714 3662 4823; x_wconf 46' lang='lat'><strong>65‘“</strong></span> 
     </span>
    </p>
   </div>
   <div class='ocr_carea' id='block_1_94' title="bbox 385 4838 1959 4911">
    <p class='ocr_par' dir='ltr' id='par_1_94' title="bbox 385 4838 1946 4909">
     <span class='ocr_line' id='line_1_94' title="bbox 385 4838 1946 4909; baseline -0.001 -15"><span class='ocrx_word' id='word_1_735' title='bbox 385 4849 465 4894; x_wconf 91' lang='lat' dir='ltr'><strong>tes</strong></span> <span class='ocrx_word' id='word_1_736' title='bbox 496 4840 700 4909; x_wconf 89' lang='lat' dir='ltr'><strong>ipsum,</strong></span> <span class='ocrx_word' id='word_1_737' title='bbox 729 4847 1072 4894; x_wconf 89' lang='lat' dir='ltr'><strong>contestanle</strong></span> <span class='ocrx_word' id='word_1_738' title='bbox 1104 4839 1258 4894; x_wconf 73' lang='lat' dir='ltr'><strong>nobis</strong></span> <span class='ocrx_word' id='word_1_739' title='bbox 1286 4839 1620 4896; x_wconf 88' lang='lat' dir='ltr'><strong>conscientia</strong></span> <span class='ocrx_word' id='word_1_740' title='bbox 1654 4840 1707 4894; x_wconf 92' lang='lat' dir='ltr'><strong>in</strong></span> <span class='ocrx_word' id='word_1_741' title='bbox 1742 4838 1946 4909; x_wconf 86' lang='lat' dir='ltr'><strong>Spiritu</strong></span> 
     </span>
    </p>
   </div>
   <div class='ocr_carea' id='block_1_95' title="bbox 2067 4838 3657 4911">
    <p class='ocr_par' dir='ltr' id='par_1_95' title="bbox 2067 4838 3657 4911">
     <span class='ocr_line' id='line_1_95' title="bbox 2067 4838 3657 4911; baseline -0.004 -17"><span class='ocrx_word' id='word_1_742' title='bbox 2067 4856 2221 4911; x_wconf 61' lang='grc' dir='ltr'>φησιν</span> <span class='ocrx_word' id='word_1_743' title='bbox 2241 4857 2254 4870; x_wconf 90' lang='grc'>·</span> <span class='ocrx_word' id='word_1_744' title='bbox 2301 4839 2486 4894; x_wconf 65' lang='grc' dir='ltr'><strong>Ἀλλὰ</strong></span> <span class='ocrx_word' id='word_1_745' title='bbox 2520 4840 2663 4910; x_wconf 82' lang='grc' dir='ltr'>τιμῶ</span> <span class='ocrx_word' id='word_1_746' title='bbox 2690 4840 2796 4894; x_wconf 80' lang='grc' dir='ltr'><strong>τὸν</strong></span> <span class='ocrx_word' id='word_1_747' title='bbox 2823 4838 3052 4908; x_wconf 78' lang='grc' dir='ltr'>Πατέρα</span> <span class='ocrx_word' id='word_1_748' title='bbox 3073 4856 3213 4908; x_wconf 77' lang='grc' dir='ltr'>μου.</span> <span class='ocrx_word' id='word_1_749' title='bbox 3284 4838 3567 4910; x_wconf 81' lang='grc' dir='ltr'>Ἐροῦμεν</span> <span class='ocrx_word' id='word_1_750' title='bbox 3591 4839 3657 4893; x_wconf 72' lang='grc' dir='ltr'>δὲ</span> 
     </span>
    </p>
   </div>
   <div class='ocr_carea' id='block_1_96' title="bbox 382 4928 1959 5003">
    <p class='ocr_par' dir='ltr' id='par_1_96' title="bbox 382 4928 1936 4999">
     <span class='ocr_line' id='line_1_96' title="bbox 382 4928 1936 4999; baseline 0 -17"><span class='ocrx_word' id='word_1_751' title='bbox 382 4939 574 4984; x_wconf 90' lang='lat' dir='ltr'><strong>sancto</strong></span> <span class='ocrx_word' id='word_1_752' title='bbox 603 4929 670 4984; x_wconf 71' lang='grc' dir='ltr'>ἰ.</span> <span class='ocrx_word' id='word_1_753' title='bbox 704 4931 780 4984; x_wconf 82' lang='lat' dir='ltr'><strong>Ac</strong></span> <span class='ocrx_word' id='word_1_754' title='bbox 804 4928 1027 4998; x_wconf 89' lang='lat' dir='ltr'><strong>pulchre</strong></span> <span class='ocrx_word' id='word_1_755' title='bbox 1060 4928 1303 4999; x_wconf 81' lang='lat' dir='ltr'><strong>profecto</strong></span> <span class='ocrx_word' id='word_1_756' title='bbox 1337 4944 1457 4983; x_wconf 91' lang='lat' dir='ltr'><strong>cum</strong></span> <span class='ocrx_word' id='word_1_757' title='bbox 1482 4930 1790 4984; x_wconf 90' lang='lat' dir='ltr'><strong>advenisset</strong></span> <span class='ocrx_word' id='word_1_758' title='bbox 1810 4937 1936 4983; x_wconf 85' lang='lat' dir='ltr'><strong>tem-</strong></span> 
     </span>
    </p>
   </div>
   <div class='ocr_carea' id='block_1_97' title="bbox 2067 4928 3661 5003">
    <p class='ocr_par' dir='ltr' id='par_1_97' title="bbox 2067 4928 3661 5003">
     <span class='ocr_line' id='line_1_97' title="bbox 2067 4928 3661 5003; baseline 0 -19"><span class='ocrx_word' id='word_1_759' title='bbox 2067 4932 2147 4984; x_wconf 72' lang='grc' dir='ltr'><strong>καὶ</strong></span> <span class='ocrx_word' id='word_1_760' title='bbox 2175 4933 2332 5003; x_wconf 76' lang='grc' dir='ltr'>ἡμεῖς</span> <span class='ocrx_word' id='word_1_761' title='bbox 2361 4931 2563 5003; x_wconf 81' lang='grc' dir='ltr'>ταύτην</span> <span class='ocrx_word' id='word_1_762' title='bbox 2604 4931 2701 5003; x_wconf 77' lang='grc' dir='ltr'>τὴν</span> <span class='ocrx_word' id='word_1_763' title='bbox 2732 4930 2932 5003; x_wconf 76' lang='grc' dir='ltr'>φωνὴν,</span> <span class='ocrx_word' id='word_1_764' title='bbox 2987 4931 3274 5001; x_wconf 86' lang='grc' dir='ltr'>νοήσαντες</span> <span class='ocrx_word' id='word_1_765' title='bbox 3311 4928 3376 4983; x_wconf 80' lang='grc' dir='ltr'>τὸ</span> <span class='ocrx_word' id='word_1_766' title='bbox 3400 4930 3507 5001; x_wconf 79' lang='grc' dir='ltr'>τῆς</span> <span class='ocrx_word' id='word_1_767' title='bbox 3538 4949 3661 4984; x_wconf 71' lang='grc' dir='ltr'>πα-</span> 
     </span>
    </p>
   </div>
   <div class='ocr_carea' id='block_1_98' title="bbox 384 5019 1959 5094">
    <p class='ocr_par' dir='ltr' id='par_1_98' title="bbox 384 5019 1946 5090">
     <span class='ocr_line' id='line_1_98' title="bbox 384 5019 1946 5090; baseline 0.001 -18"><span class='ocrx_word' id='word_1_768' title='bbox 384 5021 531 5090; x_wconf 88' lang='lat' dir='ltr'><strong>poris</strong></span> <span class='ocrx_word' id='word_1_769' title='bbox 556 5020 854 5089; x_wconf 85' lang='lat' dir='ltr'><strong>plenitudo,</strong></span> <span class='ocrx_word' id='word_1_770' title='bbox 893 5020 1093 5075; x_wconf 91' lang='lat' dir='ltr'><strong>missus</strong></span> <span class='ocrx_word' id='word_1_771' title='bbox 1124 5034 1152 5073; x_wconf 90' lang='lat' dir='ltr'><strong>a</strong></span> <span class='ocrx_word' id='word_1_772' title='bbox 1183 5019 1294 5075; x_wconf 90' lang='lat' dir='ltr'><strong>Deo</strong></span> <span class='ocrx_word' id='word_1_773' title='bbox 1329 5029 1386 5073; x_wconf 91' lang='grc' dir='ltr'><strong>ιιι</strong></span> <span class='ocrx_word' id='word_1_774' title='bbox 1411 5036 1477 5074; x_wconf 83' lang='lat' dir='ltr'><strong>ex</strong></span> <span class='ocrx_word' id='word_1_775' title='bbox 1507 5020 1734 5075; x_wconf 91' lang='lat' dir='ltr'><strong>muliere</strong></span> <span class='ocrx_word' id='word_1_776' title='bbox 1756 5034 1946 5074; x_wconf 87' lang='lat' dir='ltr'><strong>nasce-</strong></span> 
     </span>
    </p>
   </div>
   <div class='ocr_carea' id='block_1_99' title="bbox 2067 5019 3660 5094">
    <p class='ocr_par' dir='ltr' id='par_1_99' title="bbox 2067 5020 3660 5094">
     <span class='ocr_line' id='line_1_99' title="bbox 2067 5020 3660 5094; baseline 0.001 -19"><span class='ocrx_word' id='word_1_777' title='bbox 2067 5024 2391 5092; x_wconf 63' lang='grc' dir='ltr'>λιγγενεσῐας</span> <span class='ocrx_word' id='word_1_778' title='bbox 2420 5023 2662 5094; x_wconf 76' lang='grc' dir='ltr'>λουτρὸν,</span> <span class='ocrx_word' id='word_1_779' title='bbox 2712 5022 2806 5076; x_wconf 76' lang='grc' dir='ltr'><strong>καὶ</strong></span> <span class='ocrx_word' id='word_1_780' title='bbox 2848 5021 3167 5093; x_wconf 75' lang='grc' dir='ltr'>λουσάμενοι</span> <span class='ocrx_word' id='word_1_781' title='bbox 3219 5021 3341 5074; x_wconf 81' lang='grc' dir='ltr'>κατ’</span> <span class='ocrx_word' id='word_1_782' title='bbox 3374 5020 3515 5074; x_wconf 77' lang='grc' dir='ltr'>αὐτὸ</span> <span class='ocrx_word' id='word_1_783' title='bbox 3547 5023 3660 5077; x_wconf 73' lang='grc' dir='ltr'><strong>ἐπὶ</strong></span> 
     </span>
    </p>
   </div>
   <div class='ocr_carea' id='block_1_100' title="bbox 389 5107 1959 5184">
    <p class='ocr_par' dir='ltr' id='par_1_100' title="bbox 389 5107 1945 5178">
     <span class='ocr_line' id='line_1_100' title="bbox 389 5107 1945 5178; baseline 0.003 -20"><span class='ocrx_word' id='word_1_784' title='bbox 389 5117 555 5169; x_wconf 90' lang='lat' dir='ltr'><strong>retur,</strong></span> <span class='ocrx_word' id='word_1_785' title='bbox 586 5107 839 5174; x_wconf 73' lang='lat' dir='ltr'><strong>ﬁeretque</strong></span> <span class='ocrx_word' id='word_1_786' title='bbox 872 5108 972 5162; x_wconf 87' lang='lat' dir='ltr'><strong>sub</strong></span> <span class='ocrx_word' id='word_1_787' title='bbox 999 5108 1114 5177; x_wconf 91' lang='lat' dir='ltr'><strong>lege</strong></span> <span class='ocrx_word' id='word_1_788' title='bbox 1130 5107 1198 5176; x_wconf 82' lang='grc'><strong>⁸⁸,</strong></span> <span class='ocrx_word' id='word_1_789' title='bbox 1222 5108 1377 5177; x_wconf 90' lang='lat' dir='ltr'><strong>quasi</strong></span> <span class='ocrx_word' id='word_1_790' title='bbox 1407 5109 1498 5178; x_wconf 90' lang='lat' dir='ltr'><strong>qui</strong></span> <span class='ocrx_word' id='word_1_791' title='bbox 1529 5116 1675 5163; x_wconf 90' lang='lat' dir='ltr'><strong>esset</strong></span> <span class='ocrx_word' id='word_1_792' title='bbox 1698 5108 1795 5162; x_wconf 87' lang='lat' dir='ltr'><strong>sub</strong></span> <span class='ocrx_word' id='word_1_793' title='bbox 1827 5108 1945 5178; x_wconf 90' lang='lat' dir='ltr'><strong>lege</strong></span> 
     </span>
    </p>
   </div>
   <div class='ocr_carea' id='block_1_101' title="bbox 2067 5107 3664 5184">
    <p class='ocr_par' dir='ltr' id='par_1_101' title="bbox 2067 5109 3664 5184">
     <span class='ocr_line' id='line_1_101' title="bbox 2067 5109 3664 5184; baseline 0 -19"><span class='ocrx_word' id='word_1_794' title='bbox 2067 5114 2113 5165; x_wconf 75' lang='grc' dir='ltr'>τὸ</span> <span class='ocrx_word' id='word_1_795' title='bbox 2139 5113 2386 5182; x_wconf 79' lang='grc' dir='ltr'>γενέσθαι</span> <span class='ocrx_word' id='word_1_796' title='bbox 2418 5113 2522 5167; x_wconf 84' lang='grc' dir='ltr'><strong>υἱοὶ</strong></span> <span class='ocrx_word' id='word_1_797' title='bbox 2553 5112 2710 5177; x_wconf 87' lang='grc' dir='ltr'>Θεοῦ,</span> <span class='ocrx_word' id='word_1_798' title='bbox 2737 5112 2831 5165; x_wconf 75' lang='grc' dir='ltr'>καὶ</span> <span class='ocrx_word' id='word_1_799' title='bbox 2874 5111 3068 5183; x_wconf 80' lang='grc' dir='ltr'>μηκέτι</span> <span class='ocrx_word' id='word_1_800' title='bbox 3097 5109 3390 5174; x_wconf 80' lang='grc' dir='ltr'>καλοῦντες</span> <span class='ocrx_word' id='word_1_801' title='bbox 3412 5111 3664 5184; x_wconf 60' lang='grc' dir='ltr'>πατέρα</span> 
     </span>
    </p>
   </div>
   <div class='ocr_carea' id='block_1_102' title="bbox 385 5193 1959 5275">
    <p class='ocr_par' dir='ltr' id='par_1_102' title="bbox 385 5193 1950 5263">
     <span class='ocr_line' id='line_1_102' title="bbox 385 5193 1950 5263; baseline 0.001 -17"><span class='ocrx_word' id='word_1_802' title='bbox 385 5196 595 5248; x_wconf 84' lang='lat' dir='ltr'><strong>dicente</strong></span> <span class='ocrx_word' id='word_1_803' title='bbox 625 5212 638 5246; x_wconf 90' lang='lat'><strong>:</strong></span> <span class='ocrx_word' id='word_1_804' title='bbox 673 5193 893 5247; x_wconf 81' lang='lat' dir='ltr'><strong>Honora</strong></span> <span class='ocrx_word' id='word_1_805' title='bbox 922 5205 1123 5263; x_wconf 84' lang='lat' dir='ltr'><strong>patrem</strong></span> <span class='ocrx_word' id='word_1_806' title='bbox 1149 5204 1295 5250; x_wconf 80' lang='lat' dir='ltr'><strong>tuum</strong></span> <span class='ocrx_word' id='word_1_807' title='bbox 1323 5205 1370 5249; x_wconf 81' lang='lat' dir='ltr'><strong>et</strong></span> <span class='ocrx_word' id='word_1_808' title='bbox 1393 5206 1609 5248; x_wconf 75' lang='lat' dir='ltr'><strong>matrem</strong></span> <span class='ocrx_word' id='word_1_809' title='bbox 1660 5203 1809 5247; x_wconf 86' lang='lat' dir='ltr'><strong>tuam</strong></span> <span class='ocrx_word' id='word_1_810' title='bbox 1833 5233 1849 5258; x_wconf 88' lang='lat'><strong>,</strong></span> <span class='ocrx_word' id='word_1_811' title='bbox 1891 5204 1950 5247; x_wconf 85' lang='lat' dir='ltr'><strong>ut</strong></span> 
     </span>
    </p>
   </div>
   <div class='ocr_carea' id='block_1_103' title="bbox 2067 5193 3662 5275">
    <p class='ocr_par' dir='ltr' id='par_1_103' title="bbox 2067 5202 3662 5275">
     <span class='ocr_line' id='line_1_103' title="bbox 2067 5202 3662 5275; baseline 0.001 -19"><span class='ocrx_word' id='word_1_812' title='bbox 2067 5205 2148 5256; x_wconf 71' lang='grc' dir='ltr'><strong>ἐπὶ</strong></span> <span class='ocrx_word' id='word_1_813' title='bbox 2185 5205 2287 5274; x_wconf 81' lang='grc' dir='ltr'>τῆς</span> <span class='ocrx_word' id='word_1_814' title='bbox 2327 5208 2430 5275; x_wconf 76' lang='grc' dir='ltr'><strong>γῆς</strong></span> <span class='ocrx_word' id='word_1_815' title='bbox 2472 5203 2549 5274; x_wconf 85' lang='grc' dir='ltr'><strong>τῷ</strong></span> <span class='ocrx_word' id='word_1_816' title='bbox 2577 5204 2682 5257; x_wconf 74' lang='grc' dir='ltr'>υἱοὶ</span> <span class='ocrx_word' id='word_1_817' title='bbox 2710 5202 2986 5272; x_wconf 85' lang='grc' dir='ltr'>γεγονέναι</span> <span class='ocrx_word' id='word_1_818' title='bbox 3015 5202 3109 5255; x_wconf 86' lang='grc' dir='ltr'><strong>τοῦ</strong></span> <span class='ocrx_word' id='word_1_819' title='bbox 3155 5203 3213 5257; x_wconf 79' lang='grc' dir='ltr'>ὲν</span> <span class='ocrx_word' id='word_1_820' title='bbox 3240 5203 3353 5266; x_wconf 83' lang='grc' dir='ltr'>τοῖς</span> <span class='ocrx_word' id='word_1_821' title='bbox 3379 5203 3662 5274; x_wconf 76' lang='grc' dir='ltr'>οὐρανοῖς</span> 
     </span>
    </p>
   </div>
   <div class='ocr_carea' id='block_1_104' title="bbox 386 5283 1959 5367">
    <p class='ocr_par' dir='ltr' id='par_1_104' title="bbox 386 5283 1947 5351">
     <span class='ocr_line' id='line_1_104' title="bbox 386 5283 1947 5351; baseline 0.001 -15"><span class='ocrx_word' id='word_1_822' title='bbox 386 5285 512 5337; x_wconf 84' lang='lat' dir='ltr'><strong>bene</strong></span> <span class='ocrx_word' id='word_1_823' title='bbox 537 5283 602 5336; x_wconf 79' lang='lat' dir='ltr'><strong>sit</strong></span> <span class='ocrx_word' id='word_1_824' title='bbox 642 5284 733 5337; x_wconf 83' lang='lat' dir='ltr'><strong>tibi</strong></span> <span class='ocrx_word' id='word_1_825' title='bbox 764 5283 831 5348; x_wconf 79' lang='grc'>³⁸,</span> <span class='ocrx_word' id='word_1_826' title='bbox 860 5285 1062 5339; x_wconf 85' lang='lat' dir='ltr'><strong>nullum</strong></span> <span class='ocrx_word' id='word_1_827' title='bbox 1118 5286 1280 5340; x_wconf 89' lang='lat' dir='ltr'><strong>alium</strong></span> <span class='ocrx_word' id='word_1_828' title='bbox 1335 5285 1543 5339; x_wconf 86' lang='lat' dir='ltr'><strong>habens</strong></span> <span class='ocrx_word' id='word_1_829' title='bbox 1576 5294 1806 5351; x_wconf 87' lang='lat' dir='ltr'><strong>patrem,</strong></span> <span class='ocrx_word' id='word_1_830' title='bbox 1843 5284 1947 5338; x_wconf 89' lang='lat' dir='ltr'><strong>nisi</strong></span> 
     </span>
    </p>
   </div>
   <div class='ocr_carea' id='block_1_105' title="bbox 2067 5283 3662 5367">
    <p class='ocr_par' dir='ltr' id='par_1_105' title="bbox 2067 5295 3662 5367">
     <span class='ocr_line' id='line_1_105' title="bbox 2067 5295 3662 5367; baseline 0.001 -20"><span class='ocrx_word' id='word_1_831' title='bbox 2067 5296 2288 5367; x_wconf 79' lang='grc' dir='ltr'>Πατρὸς,</span> <span class='ocrx_word' id='word_1_832' title='bbox 2319 5297 2413 5349; x_wconf 73' lang='grc' dir='ltr'>καὶ</span> <span class='ocrx_word' id='word_1_833' title='bbox 2444 5295 2664 5365; x_wconf 79' lang='grc' dir='ltr'>ἀδελφοὶ</span> <span class='ocrx_word' id='word_1_834' title='bbox 2688 5295 2781 5349; x_wconf 87' lang='grc' dir='ltr'><strong>τοῦ</strong></span> <span class='ocrx_word' id='word_1_835' title='bbox 2812 5295 3086 5359; x_wconf 75' lang='grc' dir='ltr'>εἰπόντος’</span> <span class='ocrx_word' id='word_1_836' title='bbox 3118 5296 3452 5364; x_wconf 78' lang='grc' dir='ltr'>Πορεύομαι</span> <span class='ocrx_word' id='word_1_837' title='bbox 3478 5295 3662 5366; x_wconf 70' lang='grc' dir='ltr'>πρὸς</span> 
     </span>
    </p>
   </div>
   <div class='ocr_carea' id='block_1_106' title="bbox 386 5372 1959 5456">
    <p class='ocr_par' dir='ltr' id='par_1_106' title="bbox 386 5372 1946 5445">
     <span class='ocr_line' id='line_1_106' title="bbox 386 5372 1946 5445; baseline 0.001 -19"><span class='ocrx_word' id='word_1_838' title='bbox 386 5372 553 5428; x_wconf 85' lang='lat' dir='ltr'><strong>Deum</strong></span> <span class='ocrx_word' id='word_1_839' title='bbox 574 5373 869 5440; x_wconf 71' lang='lat' dir='ltr'><strong>caelestem,</strong></span> <span class='ocrx_word' id='word_1_840' title='bbox 888 5376 1090 5445; x_wconf 87' lang='lat' dir='ltr'><strong>inquit:</strong></span> <span class='ocrx_word' id='word_1_841' title='bbox 1115 5375 1219 5430; x_wconf 87' lang='lat' dir='ltr'><strong>Sed</strong></span> <span class='ocrx_word' id='word_1_842' title='bbox 1231 5377 1428 5430; x_wconf 78' lang='lat' dir='ltr'><strong>honoro</strong></span> <span class='ocrx_word' id='word_1_843' title='bbox 1446 5385 1650 5445; x_wconf 81' lang='lat' dir='ltr'><strong>patrem</strong></span> <span class='ocrx_word' id='word_1_844' title='bbox 1666 5391 1838 5428; x_wconf 88' lang='lat' dir='ltr'><strong>meum</strong></span> <span class='ocrx_word' id='word_1_845' title='bbox 1855 5375 1946 5428; x_wconf 75' lang='grc'><strong><em>⁵⁸⁵.</em></strong></span> 
     </span>
    </p>
   </div>
   <div class='ocr_carea' id='block_1_107' title="bbox 2067 5372 3665 5456">
    <p class='ocr_par' dir='ltr' id='par_1_107' title="bbox 2067 5383 3665 5456">
     <span class='ocr_line' id='line_1_107' title="bbox 2067 5383 3665 5456; baseline 0.004 -20"><span class='ocrx_word' id='word_1_846' title='bbox 2067 5383 2159 5437; x_wconf 65' lang='grc' dir='ltr'><strong>τὸν</strong></span> <span class='ocrx_word' id='word_1_847' title='bbox 2205 5383 2437 5453; x_wconf 77' lang='grc' dir='ltr'>Πατέρα</span> <span class='ocrx_word' id='word_1_848' title='bbox 2478 5403 2618 5456; x_wconf 78' lang='grc' dir='ltr'>μου,</span> <span class='ocrx_word' id='word_1_849' title='bbox 2670 5386 2767 5442; x_wconf 75' lang='grc' dir='ltr'><strong>καὶ</strong></span> <span class='ocrx_word' id='word_1_850' title='bbox 2826 5386 3059 5454; x_wconf 81' lang='grc' dir='ltr'>Πατέρα</span> <span class='ocrx_word' id='word_1_851' title='bbox 3097 5384 3284 5456; x_wconf 75' lang='grc' dir='ltr'>ὑμῶν,</span> <span class='ocrx_word' id='word_1_852' title='bbox 3329 5384 3433 5443; x_wconf 68' lang='grc' dir='ltr'><strong>καὶ</strong></span> <span class='ocrx_word' id='word_1_853' title='bbox 3479 5388 3665 5443; x_wconf 59' lang='grc' dir='ltr'>Θεότ-</span> 
     </span>
    </p>
   </div>
   <div class='ocr_carea' id='block_1_108' title="bbox 384 5467 1959 5551">
    <p class='ocr_par' dir='ltr' id='par_1_108' title="bbox 384 5467 1946 5530">
     <span class='ocr_line' id='line_1_108' title="bbox 384 5467 1946 5530; baseline -0.001 -7"><span class='ocrx_word' id='word_1_854' title='bbox 384 5467 638 5524; x_wconf 88' lang='lat' dir='ltr'><strong>Dicemus</strong></span> <span class='ocrx_word' id='word_1_855' title='bbox 668 5482 798 5522; x_wconf 91' lang='lat' dir='ltr'><strong>vero</strong></span> <span class='ocrx_word' id='word_1_856' title='bbox 819 5469 980 5523; x_wconf 91' lang='lat' dir='ltr'><strong>etiam</strong></span> <span class='ocrx_word' id='word_1_857' title='bbox 1013 5484 1110 5524; x_wconf 92' lang='lat' dir='ltr'><strong>nos</strong></span> <span class='ocrx_word' id='word_1_858' title='bbox 1141 5470 1281 5525; x_wconf 89' lang='lat' dir='ltr'><strong>hanc</strong></span> <span class='ocrx_word' id='word_1_859' title='bbox 1314 5485 1519 5530; x_wconf 88' lang='lat' dir='ltr'><strong>vocem,</strong></span> <span class='ocrx_word' id='word_1_860' title='bbox 1547 5470 1592 5525; x_wconf 81' lang='lat' dir='ltr'><strong>si</strong></span> <span class='ocrx_word' id='word_1_861' title='bbox 1628 5469 1946 5525; x_wconf 83' lang='lat' dir='ltr'><strong>considera-</strong></span> 
     </span>
    </p>
   </div>
   <div class='ocr_carea' id='block_1_109' title="bbox 2067 5467 3663 5551">
    <p class='ocr_par' dir='ltr' id='par_1_109' title="bbox 2067 5473 3663 5548">
     <span class='ocr_line' id='line_1_109' title="bbox 2067 5473 3663 5548; baseline 0.004 -21"><span class='ocrx_word' id='word_1_862' title='bbox 2067 5493 2186 5538; x_wconf 70' lang='lat' dir='ltr'><strong>rtov,</strong></span> <span class='ocrx_word' id='word_1_863' title='bbox 2222 5474 2321 5528; x_wconf 78' lang='grc' dir='ltr'><strong>καὶ</strong></span> <span class='ocrx_word' id='word_1_864' title='bbox 2342 5473 2491 5529; x_wconf 83' lang='grc' dir='ltr'><strong>Θεὸν</strong></span> <span class='ocrx_word' id='word_1_865' title='bbox 2518 5476 2702 5547; x_wconf 79' lang='grc' dir='ltr'>ὑμῶν.</span> <span class='ocrx_word' id='word_1_866' title='bbox 2744 5477 2913 5548; x_wconf 81' lang='grc' dir='ltr'>Δῆλον</span> <span class='ocrx_word' id='word_1_867' title='bbox 2941 5473 3053 5542; x_wconf 81' lang='grc' dir='ltr'>οὖν,</span> <span class='ocrx_word' id='word_1_868' title='bbox 3077 5477 3159 5530; x_wconf 83' lang='grc' dir='ltr'>ὅτι</span> <span class='ocrx_word' id='word_1_869' title='bbox 3189 5475 3507 5547; x_wconf 71' lang='grc' dir='ltr'>κυριώτατα</span> <span class='ocrx_word' id='word_1_870' title='bbox 3546 5482 3663 5533; x_wconf 76' lang='grc' dir='ltr'><strong>καὶ</strong></span> 
     </span>
    </p>
   </div>
   <div class='ocr_carea' id='block_1_110' title="bbox 382 5558 1959 5640">
    <p class='ocr_par' dir='ltr' id='par_1_110' title="bbox 382 5558 1950 5628">
     <span class='ocr_line' id='line_1_110' title="bbox 382 5558 1950 5628; baseline 0 -18"><span class='ocrx_word' id='word_1_871' title='bbox 382 5558 622 5612; x_wconf 88' lang='lat' dir='ltr'><strong>verimus</strong></span> <span class='ocrx_word' id='word_1_872' title='bbox 661 5558 1085 5627; x_wconf 77' lang='lat' dir='ltr'><strong>regenerationis</strong></span> <span class='ocrx_word' id='word_1_873' title='bbox 1109 5558 1410 5625; x_wconf 87' lang='lat' dir='ltr'><strong>lavacrum,</strong></span> <span class='ocrx_word' id='word_1_874' title='bbox 1446 5558 1649 5628; x_wconf 89' lang='lat' dir='ltr'><strong>lotique</strong></span> <span class='ocrx_word' id='word_1_875' title='bbox 1680 5559 1732 5612; x_wconf 92' lang='lat' dir='ltr'><strong>in</strong></span> <span class='ocrx_word' id='word_1_876' title='bbox 1766 5574 1853 5625; x_wconf 92' lang='lat' dir='ltr'><strong>eo,</strong></span> <span class='ocrx_word' id='word_1_877' title='bbox 1889 5565 1950 5611; x_wconf 89' lang='lat' dir='ltr'><strong>ut</strong></span> 
     </span>
    </p>
   </div>
   <div class='ocr_carea' id='block_1_111' title="bbox 2067 5558 3669 5640">
    <p class='ocr_par' dir='ltr' id='par_1_111' title="bbox 2067 5566 3669 5640">
     <span class='ocr_line' id='line_1_111' title="bbox 2067 5566 3669 5640; baseline 0.004 -22"><span class='ocrx_word' id='word_1_878' title='bbox 2067 5567 2359 5620; x_wconf 77' lang='grc' dir='ltr'>τελειότατα</span> <span class='ocrx_word' id='word_1_879' title='bbox 2411 5567 2654 5633; x_wconf 74' lang='grc' dir='ltr'>εἰπόντος</span> <span class='ocrx_word' id='word_1_880' title='bbox 2699 5568 2793 5623; x_wconf 88' lang='grc' dir='ltr'><strong>τοῦ</strong></span> <span class='ocrx_word' id='word_1_881' title='bbox 2852 5567 3024 5640; x_wconf 82' lang='grc' dir='ltr'>Ἰησοῦ</span> <span class='ocrx_word' id='word_1_882' title='bbox 3042 5585 3057 5599; x_wconf 77' lang='grc' dir='ltr'><strong>ο</strong></span> <span class='ocrx_word' id='word_1_883' title='bbox 3128 5567 3272 5638; x_wconf 60' lang='grc' dir='ltr'><strong>Ἐγὼ</strong></span> <span class='ocrx_word' id='word_1_884' title='bbox 3315 5566 3669 5639; x_wconf 73' lang='grc' dir='ltr'>δαιμόνιον</span> 
     </span>
    </p>
   </div>
   <div class='ocr_carea' id='block_1_112' title="bbox 454 5692 3661 5767">
    <p class='ocr_par' dir='ltr' id='par_1_112' title="bbox 454 5692 3661 5767">
     <span class='ocr_line' id='line_1_112' title="bbox 454 5692 3661 5767; baseline 0.002 -17"><span class='ocrx_word' id='word_1_885' title='bbox 454 5697 501 5730; x_wconf 77' lang='grc'><strong>⁸⁸</strong></span> <span class='ocrx_word' id='word_1_886' title='bbox 535 5696 726 5752; x_wconf 81' lang='lat' dir='ltr'><strong>Matth.</strong></span> <span class='ocrx_word' id='word_1_887' title='bbox 757 5692 926 5767; x_wconf 50' lang='grc' dir='ltr'><strong>κάρ,</strong></span> <span class='ocrx_word' id='word_1_888' title='bbox 966 5693 1226 5767; x_wconf 63' lang='lat' dir='ltr'><strong>_“’_llomt</strong></span> <span class='ocrx_word' id='word_1_889' title='bbox 1259 5697 1460 5767; x_wconf 80' lang='lat' dir='ltr'><strong>m,23.</strong></span> <span class='ocrx_word' id='word_1_890' title='bbox 1534 5698 1579 5729; x_wconf 79' lang='grc'><strong>⁸⁸</strong></span> <span class='ocrx_word' id='word_1_891' title='bbox 1595 5694 1695 5750; x_wconf 87' lang='lat' dir='ltr'><strong>Job</strong></span> <span class='ocrx_word' id='word_1_892' title='bbox 1744 5695 1943 5767; x_wconf 67' lang='lat' dir='ltr'><strong>_x_tv,4_.</strong></span> <span class='ocrx_word' id='word_1_893' title='bbox 1976 5765 1985 5767; x_wconf 75' lang='lat'><strong><em>_</em></strong></span> <span class='ocrx_word' id='word_1_894' title='bbox 2020 5694 2065 5727; x_wconf 77' lang='grc' dir='ltr'><strong>’ί</strong></span> <span class='ocrx_word' id='word_1_895' title='bbox 2092 5696 2234 5751; x_wconf 84' lang='lat' dir='ltr'><strong>Eccl.</strong></span> <span class='ocrx_word' id='word_1_896' title='bbox 2272 5714 2368 5757; x_wconf 83' lang='lat' dir='ltr'><strong>vn.</strong></span> <span class='ocrx_word' id='word_1_897' title='bbox 2390 5699 2480 5755; x_wconf 76' lang='lat' dir='ltr'><strong>2i.</strong></span> <span class='ocrx_word' id='word_1_898' title='bbox 2548 5699 2632 5753; x_wconf 79' lang='lat' dir='ltr'><strong>I&quot;l</strong></span> <span class='ocrx_word' id='word_1_899' title='bbox 2660 5698 2813 5756; x_wconf 82' lang='lat' dir='ltr'><strong>loan.</strong></span> <span class='ocrx_word' id='word_1_900' title='bbox 2841 5716 2896 5764; x_wconf 88' lang='lat' dir='ltr'><strong>v,</strong></span> <span class='ocrx_word' id='word_1_901' title='bbox 2932 5699 3017 5756; x_wconf 79' lang='lat' dir='ltr'><strong>l8.</strong></span> <span class='ocrx_word' id='word_1_902' title='bbox 3110 5698 3157 5734; x_wconf 83' lang='lat'><strong>&quot;</strong></span> <span class='ocrx_word' id='word_1_903' title='bbox 3181 5696 3341 5757; x_wconf 77' lang='lat' dir='ltr'><strong>Joan.</strong></span> <span class='ocrx_word' id='word_1_904' title='bbox 3386 5714 3519 5767; x_wconf 84' lang='lat' dir='ltr'><strong>vm,</strong></span> <span class='ocrx_word' id='word_1_905' title='bbox 3547 5701 3661 5761; x_wconf 59' lang='lat'><strong>49.</strong></span> 
     </span>
    </p>
   </div>
   <div class='ocr_carea' id='block_1_113' title="bbox 384 5763 2931 5836">
    <p class='ocr_par' dir='ltr' id='par_1_113' title="bbox 384 5763 2931 5836">
     <span class='ocr_line' id='line_1_113' title="bbox 384 5763 2931 5836; baseline 0.002 -15"><span class='ocrx_word' id='word_1_906' title='bbox 384 5766 431 5801; x_wconf 76' lang='lat'><strong>“</strong></span> <span class='ocrx_word' id='word_1_907' title='bbox 465 5767 622 5823; x_wconf 79' lang='lat' dir='ltr'><strong>Rom.</strong></span> <span class='ocrx_word' id='word_1_908' title='bbox 652 5783 728 5831; x_wconf 74' lang='grc' dir='ltr'>ιχ,</span> <span class='ocrx_word' id='word_1_909' title='bbox 760 5766 812 5820; x_wconf 86' lang='lat' dir='ltr'><strong>l.</strong></span> <span class='ocrx_word' id='word_1_910' title='bbox 880 5765 926 5797; x_wconf 83' lang='grc'><strong>³⁵</strong></span> <span class='ocrx_word' id='word_1_911' title='bbox 955 5763 1074 5821; x_wconf 84' lang='lat' dir='ltr'><strong>Gal.</strong></span> <span class='ocrx_word' id='word_1_912' title='bbox 1109 5765 1255 5830; x_wconf 71' lang='lat' dir='ltr'><strong>tv,4.</strong></span> <span class='ocrx_word' id='word_1_913' title='bbox 1332 5766 1378 5798; x_wconf 79' lang='lat'><strong>“</strong></span> <span class='ocrx_word' id='word_1_914' title='bbox 1410 5767 1579 5821; x_wconf 75' lang='lat' dir='ltr'><strong>Exod.</strong></span> <span class='ocrx_word' id='word_1_915' title='bbox 1611 5781 1702 5830; x_wconf 80' lang='lat' dir='ltr'><strong>xx,</strong></span> <span class='ocrx_word' id='word_1_916' title='bbox 1735 5764 1802 5817; x_wconf 78' lang='lat' dir='ltr'><strong>l2</strong></span> <span class='ocrx_word' id='word_1_917' title='bbox 1829 5781 1845 5832; x_wconf 85' lang='lat'><strong>;</strong></span> <span class='ocrx_word' id='word_1_918' title='bbox 1891 5764 2088 5834; x_wconf 87' lang='lat' dir='ltr'><strong>Ephcs.</strong></span> <span class='ocrx_word' id='word_1_919' title='bbox 2113 5783 2189 5833; x_wconf 84' lang='lat' dir='ltr'><strong>vt,</strong></span> <span class='ocrx_word' id='word_1_920' title='bbox 2212 5769 2266 5823; x_wconf 80' lang='lat'><strong>2.</strong></span> <span class='ocrx_word' id='word_1_921' title='bbox 2342 5769 2413 5801; x_wconf 79' lang='lat'><strong>“‘</strong></span> <span class='ocrx_word' id='word_1_922' title='bbox 2468 5768 2664 5825; x_wconf 82' lang='lat' dir='ltr'><strong>Joann.</strong></span> <span class='ocrx_word' id='word_1_923' title='bbox 2693 5785 2811 5836; x_wconf 81' lang='lat' dir='ltr'><strong>Vlll,</strong></span> <span class='ocrx_word' id='word_1_924' title='bbox 2839 5763 2931 5827; x_wconf 68' lang='lat'><strong>49.</strong></span> 
     </span>
    </p>
   </div>
   <div class='ocr_carea' id='block_1_114' title="bbox 463 5884 1959 5962">
    <p class='ocr_par' dir='ltr' id='par_1_114' title="bbox 463 5884 1946 5962">
     <span class='ocr_line' id='line_1_114' title="bbox 463 5884 1946 5962; baseline -0.004 -19"><span class='ocrx_word' id='word_1_925' title='bbox 463 5888 577 5962; x_wconf 85' lang='lat'><strong>(26)</strong></span> <span class='ocrx_word' id='word_1_926' title='bbox 610 5886 892 5962; x_wconf 78' lang='lat' dir='ltr'><strong>Ferrarius</strong></span> <span class='ocrx_word' id='word_1_927' title='bbox 934 5885 1148 5962; x_wconf 81' lang='lat' dir='ltr'><strong>videtur</strong></span> <span class='ocrx_word' id='word_1_928' title='bbox 1201 5885 1396 5962; x_wconf 79' lang='lat' dir='ltr'><strong>legisse</strong></span> <span class='ocrx_word' id='word_1_929' title='bbox 1441 5884 1549 5940; x_wconf 87' lang='grc' dir='ltr'><strong>τῶν</strong></span> <span class='ocrx_word' id='word_1_930' title='bbox 1603 5884 1946 5956; x_wconf 85' lang='grc' dir='ltr'>τιμωμένων,</span> 
     </span>
    </p>
   </div>
   <div class='ocr_carea' id='block_1_115' title="bbox 2067 5884 2361 5962">
    <p class='ocr_par' dir='ltr' id='par_1_115' title="bbox 2067 5887 2361 5962">
     <span class='ocr_line' id='line_1_115' title="bbox 2067 5887 2361 5962; baseline 0.007 -4"><span class='ocrx_word' id='word_1_931' title='bbox 2067 5887 2135 5958; x_wconf 68' lang='grc' dir='ltr'><strong>μὴ</strong></span> <span class='ocrx_word' id='word_1_932' title='bbox 2173 5889 2361 5962; x_wconf 71' lang='grc' dir='ltr'>ἑτέριρο</span> 
     </span>
    </p>
   </div>
   <div class='ocr_carea' id='block_1_116' title="bbox 390 5955 3149 6036">
    <p class='ocr_par' dir='ltr' id='par_1_116' title="bbox 390 5955 3149 6036">
     <span class='ocr_line' id='line_1_116' title="bbox 390 5955 3149 6036; baseline 0.002 -23"><span class='ocrx_word' id='word_1_933' title='bbox 390 5955 569 6036; x_wconf 54' lang='grc' dir='ltr'>ιιρὶέρι</span> <span class='ocrx_word' id='word_1_934' title='bbox 596 5956 861 6036; x_wconf 48' lang='lat' dir='ltr'><strong>porticu-la</strong></span> <span class='ocrx_word' id='word_1_935' title='bbox 905 5955 1154 6036; x_wconf 54' lang='lat' dir='ltr'><strong>negativa</strong></span> <span class='ocrx_word' id='word_1_936' title='bbox 1182 5955 1277 6036; x_wconf 68' lang='grc' dir='ltr'><strong>μή.</strong></span> <span class='ocrx_word' id='word_1_937' title='bbox 1395 6022 1407 6036; x_wconf 45' lang='grc'><strong>1</strong></span> <span class='ocrx_word' id='word_1_938' title='bbox 1521 6023 1532 6036; x_wconf 43' lang='grc' dir='ltr'><strong>Ι</strong></span> <span class='ocrx_word' id='word_1_939' title='bbox 1665 5955 1674 5956; x_wconf 50' lang='grc'><strong>“</strong></span> <span class='ocrx_word' id='word_1_940' title='bbox 1720 6023 1732 6036; x_wconf 42' lang='lat'><em>.</em></span> <span class='ocrx_word' id='word_1_941' title='bbox 1925 6024 1938 6036; x_wconf 42' lang='lat'><strong>‘</strong></span> <span class='ocrx_word' id='word_1_942' title='bbox 2064 5955 2073 5958; x_wconf 64' lang='grc'>⁷</span> <span class='ocrx_word' id='word_1_943' title='bbox 2123 5955 2407 6033; x_wconf 56' lang='grc' dir='ltr'>’(ιεγιιωε</span> <span class='ocrx_word' id='word_1_944' title='bbox 2443 5959 3149 6031; x_wconf 78' lang='lat' dir='ltr'><strong>supplevimttsePerionio.</strong></span> 
     </span>
    </p>
   </div>
   <div class='ocr_carea' id='block_1_117' title="bbox 461 6022 1949 6099">
    <p class='ocr_par' dir='ltr' id='par_1_117' title="bbox 461 6022 1949 6099">
     <span class='ocr_line' id='line_1_117' title="bbox 461 6022 1949 6099; baseline -0.003 -19"><span class='ocrx_word' id='word_1_945' title='bbox 461 6027 576 6099; x_wconf 81' lang='lat'><strong>(27)</strong></span> <span class='ocrx_word' id='word_1_946' title='bbox 598 6022 777 6083; x_wconf 77' lang='lat' dir='ltr'><strong>Codex</strong></span> <span class='ocrx_word' id='word_1_947' title='bbox 804 6022 1026 6095; x_wconf 75' lang='lat' dir='ltr'><strong>Regius,</strong></span> <span class='ocrx_word' id='word_1_948' title='bbox 1058 6022 1135 6092; x_wconf 79' lang='grc' dir='ltr'>τῷ</span> <span class='ocrx_word' id='word_1_949' title='bbox 1165 6022 1263 6092; x_wconf 83' lang='grc' dir='ltr'>τὴν</span> <span class='ocrx_word' id='word_1_950' title='bbox 1292 6022 1455 6094; x_wconf 63' lang='grc' dir='ltr'>τιμὴν</span> <span class='ocrx_word' id='word_1_951' title='bbox 1484 6023 1581 6093; x_wconf 83' lang='grc' dir='ltr'><strong>τὴν</strong></span> <span class='ocrx_word' id='word_1_952' title='bbox 1619 6023 1801 6094; x_wconf 81' lang='grc' dir='ltr'>τιμὴν,</span> <span class='ocrx_word' id='word_1_953' title='bbox 1854 6024 1949 6077; x_wconf 74' lang='grc' dir='ltr'><strong>καὶ</strong></span> 
     </span>
    </p>
   </div>
  </div>
