3804 6586
1223 503 1584 563 COMMENT.
1624 504 1690 560 IN
1719 503 1913 561 JOAN.
1955 503 2193 562 TOMUS
2234 503 2350 560 XX.

3305 501 3410 557 662

168 630 276 683 οὐκ
311 626 444 696 ἔχω,
471 626 634 682 ἀλλὰ
664 626 807 698 τιμῶ
841 629 947 684 τὸν
970 627 1202 696 Πατέρα
1232 638 1370 697 patr
1411 627 1460 680 οἰ
1495 625 1732 697 μιμηταὶ

1843 624 2139 681 ciliciamur
2165 623 2259 677 lilii
2290 621 2408 688 Dei,
2440 633 2547 675 non
2586 620 2818 691 amplius
2848 619 3164 675 vocabimus
3194 631 3405 688 patrem

162 716 338 782 αὐτοῦ,
370 716 603 782 ἕκαστος
647 720 790 774 κατά
836 720 1064 791 δύναμιν
1094 720 1272 773 πάντα
1306 718 1526 789 ἰσχύσας
1569 719 1625 771 ὲν
1657 717 1735 788 τῷ

164 807 538 879 ὲνδυναμοῦντι
589 810 749 865 αὐτὸν
797 813 1017 884 Χριστῷ
1056 811 1253 883 Ἰησοῦ,
1296 812 1389 866 καὶ
1419 812 1580 876 αὐτὸς
1621 813 1737 883 ἐρεῖ

162 899 225 953 τό
242 916 256 930 ο
296 898 445 970 Ἐγὼ
472 899 785 971 δαιμόνων
810 905 922 958 οὐκ
948 904 1086 973 ἔχω,
1114 902 1274 962 ἀλλὰ
1306 902 1448 974 τιμῶ
1482 902 1589 957 τὸν
1618 906 1735 957 Πα-

163 989 293 1058 τέρα
309 1007 454 1060 μου.
514 992 611 1057 Τίς
641 993 699 1047 δὲ
747 996 962 1065 νεκροῖς
988 994 1183 1061 συνὼν,
1218 996 1312 1050 καὶ
1338 996 1396 1049 ὲν
1440 996 1629 1066 τάφοις
1658 996 1737 1049 οἰ-

163 1083 270 1135 κῶν
306 1080 563 1155 δυνηθείη
616 1083 683 1138 ἂν
726 1087 899 1139 εἰπεῖν
931 1085 1025 1139 τό·
1090 1085 1233 1157 Ἐγὼ
1276 1085 1584 1156 δαιμόνιον
1622 1087 1735 1139 οὐκ

162 1171 306 1240 ἓχω;
337 1172 372 1243 ἢ
404 1172 493 1237 τίς
537 1173 665 1228 ἄλλο
708 1192 762 1227 τι
796 1173 947 1247 παρά
978 1175 1070 1228 τὸν
1100 1175 1253 1237 Θεὸν,
1306 1177 1400 1230 καὶ
1442 1176 1535 1230 τὸν
1564 1175 1734 1245 Λόγον

165 1264 342 1330 αὐτοῦ,
370 1267 469 1320 καὶ
497 1267 558 1320 τὸ
599 1266 703 1321 ὑπὸ
731 1266 824 1321 τοῦ
868 1267 1041 1335 Λόγου
1074 1268 1508 1339 προτασσόμενον
1539 1267 1732 1338 τιμῶν,

166 1358 328 1428 ἑτέρῳ
370 1357 472 1430 τὴν
510 1358 677 1430 τιμὴν
721 1358 916 1422 διδοὺς,
942 1359 1059 1412 δέον
1090 1359 1190 1431 τὴν
1229 1359 1390 1430 τιμὴν
1428 1360 1734 1414 ἀποδιδόναι

165 1448 324 1519 αύτῷ,
356 1449 504 1503 εἴποι
533 1450 645 1521 (29)
682 1451 766 1515 ἂν,
797 1450 873 1514 ὡς
911 1449 1083 1520 Ἰησοῦ
1122 1450 1396 1521 μαθητήςο
1437 1451 1621 1506 Ἀλλὰ
1656 1468 1737 1505 τι·

159 1538 249 1609 μῶ
291 1539 399 1593 τὸν
427 1539 661 1609 Πατέρα
692 1557 848 1610 μου;
902 1540 1056 1611 Ἑξῆς
1089 1542 1205 1594 ἐστι
1244 1541 1451 1605 τούτοις
1492 1542 1553 1595 τό
1575 1558 1588 1571 ·
1624 1542 1733 1596 Καὶ

166 1630 323 1700 ὑμεῖς
360 1630 663 1701 ἀτιμάζετέ
684 1650 781 1702 με,
814 1632 1098 1704 εἰρημένον
1128 1632 1262 1704 πρὸς
1284 1634 1409 1697 τοὺς
1433 1633 1735 1705 ἀτιμάσαν-

164 1738 256 1785 τας
280 1722 463 1786 αὐτὸν,
497 1724 591 1776 καὶ
636 1721 790 1777 εἷπον
822 1723 969 1795 αὑτῷ
1009 1724 1095 1778 τό·
1135 1727 1218 1779 Οὐ
1249 1725 1447 1792 καλῶς
1483 1725 1739 1796 λέγομεν

167 1813 348 1881 ἡμεῖς,
380 1814 469 1867 ὅτι
494 1815 860 1884 Σαμαρείτης
883 1811 943 1869 εἷ
961 1815 1063 1878 σὺ,
1090 1816 1187 1869 καὶ
1214 1815 1521 1886 δαιμόνιον
1542 1818 1736 1887 exere;

165 1902 433 1974 οἰηθέντες
460 1903 524 1957 τὸ
569 1903 757 1968 κακῶς
802 1904 1092 1976 εἰρημένον
1139 1904 1316 1969 καλῶς
1346 1904 1733 1976 λελαληκέναιθ

163 1973 341 2059 κακῶς
364 1994 476 2066 γάρ
496 1995 741 2061 νοοῦντες
760 1973 1104 2069 Σαμαρείτην
1130 1997 1224 2050 καὶ
1251 1973 1737 2068 δαιμόνιον-ἔχοντα
1767 1973 1810 2027 Β

163 2087 250 2139 τὸν
300 2087 532 2157 Σωτῆρα
590 2087 956 2160 ἀπεφήναντο.
1019 2086 1323 2159 Νομιοτέον
1371 2087 1429 2141 δὲ
1483 2088 1577 2142 τό⁶
1629 2090 1739 2144 Καὶ

163 2177 324 2243 ὑμεῖς
347 2177 651 2249 ἀτιμάζετέ
673 2196 771 2248 με,
803 2180 925 2250 οὐχὶ
968 2180 1062 2233 καὶ
1086 2179 1316 2243 ἐκείνοις
1362 2179 1544 2250 μόνοις
1592 2181 1742 2253 εἰρῆ-

166 2270 282 2324 σθαι
308 2271 450 2335 τότε,
487 2270 624 2324 άλλά
646 2271 740 2324 καὶ
767 2273 878 2335 τοῖς
906 2272 993 2325 ἀεὶ
1017 2272 1360 2342 ἀτιμάζουσι,
1391 2271 1458 2326 δι’
1478 2264 1554 2326 ὧν
1579 2272 1743 2344 πράτ-

163 2378 309 2414 τουσι
354 2361 510 2430 παρά
550 2361 642 2415 τὸν
664 2361 822 2435 ὀρθὸν
856 2361 1032 2432 λόγον,
1066 2362 1157 2416 τὸν
1189 2361 1282 2416 τοῦ
1310 2361 1466 2426 Θεοῦ,
1511 2363 1604 2417 καὶ
1628 2363 1743 2417 άτι-

169 2450 414 2521 μάζουσι,
462 2452 531 2505 δι’
560 2446 635 2507 ὧν
678 2452 946 2518 ἀδικοῦσι,
991 2452 1083 2506 τὸν
1120 2453 1376 2525 Χριστὸν,
1411 2454 1471 2518 ὃς
1503 2454 1616 2508 ἐστι
1662 2453 1740 2508 δι-

168 2543 443 2615 καιοσύνη,
494 2544 590 2598 καὶ
639 2544 987 2616 ἀτιμάζουσι,
1036 2544 1103 2598 δι’
1154 2538 1231 2600 ὧν
1273 2545 1413 2599 κατὰ
1437 2545 1740 2617 ἀδυναμίαν

169 2636 255 2687 καί
283 2634 568 2689 ἀσθένειαν
588 2633 914 2697 ἐπιτελοῦσι,
944 2636 1042 2706 τὴν
1062 2635 1155 2689 τοῦ
1179 2635 1312 2689 Θεοῦ
1344 2635 1591 2707 δύναμιν,
1621 2637 1742 2707 ἥτις

168 2726 310 2777 ἐστὶν
330 2726 359 2778 ὁ
386 2727 578 2799 Σωτήρ
596 2743 609 2757 ο
639 2726 874 2798 Χριστὸς
894 2726 1001 2798 γάρ
1024 2726 1158 2780 Θεοῦ
1188 2726 1434 2798 δύναμις.
1475 2729 1584 2781 Καὶ
1607 2745 1741 2782 παν-

168 2816 218 2868 τὶ
245 2815 299 2868 δὲ
337 2815 415 2887 τῷ
448 2816 812 2883 ἐξουδενοῦντι
855 2818 1047 2886 σοφίαν
1092 2816 1307 2888 λεχθείη
1342 2816 1407 2871 ἂν
1431 2817 1514 2870 τό·
1555 2818 1592 2868 ἐ
1608 2817 1740 2887 μεῖς

167 2904 462 2975 ἀτιμάζετέ
506 2923 610 2976 με·
664 2905 895 2977 ἐπείπερ
923 2905 1158 2978 Χριστὸς
1202 2905 1294 2959 καὶ
1350 2903 1509 2973 σοφία
1558 2904 1734 2958 ἐστίν*

166 2996 294 3050 ἀλλά
322 2998 418 3051 καὶ
465 2999 513 3050 εἰ
556 2996 675 3054 δέον
696 2998 759 3050 τὸ
787 2997 845 3063 ἐξ
891 2994 1054 3051 αὐτοῦ
1091 3012 1210 3049 τινα
1239 2995 1377 3067 μετά
1402 2995 1619 3050 πάντων
1647 2997 1741 3050 ἀν-

170 3092 395 3163 θρώπων
440 3090 762 3163 εἰρηνεύειν,
800 3090 928 3143 ὥστ’
954 3089 1019 3143 ἂν
1068 3091 1242 3142 εἰπεῖν
1293 3089 1354 3142 τὸ
1401 3089 1739 3163 προφητικὸν

169 3187 362 3239 ἐκεῖνο·
416 3183 580 3238 Μετὰ
628 3182 745 3237 τῶν
770 3182 1112 3252 μισούντων
1153 3180 1268 3248 τὴν
1301 3180 1549 3249 εἰρήνην
1576 3180 1740 3250 ἤμην

167 3275 478 3346 εἰρηνικὸς,
533 3275 627 3328 καὶ
680 3274 797 3340 δέον
846 3272 1130 3327 ἀναλαϐεῖν
1204 3272 1301 3345 τὴν
1368 3272 1738 3344 ὑπερέχουσαν

169 3367 296 3422 Θεοῦ
330 3368 505 3422 πάνυ
537 3366 662 3420 νοῦν
708 3367 951 3438 εἰρήνην,
1004 3364 1344 3437 φρουροῦσαν
1376 3365 1475 3437 τὴν
1516 3365 1739 3437 καρδίαν

170 3460 257 3512 καὶ
284 3458 350 3512 τὰ
383 3460 630 3529 νοήματα
662 3456 753 3510 τοῦ
789 3456 1138 3527 ἀνειληφότος
1169 3457 1358 3528 αὐτήν.
1415 3457 1476 3511 Εἰ
1504 3457 1559 3511 δὲ
1586 3456 1743 3512 πολε-

173 3549 321 3619 μικός
355 3548 469 3620 (50)
497 3565 582 3612 τις
630 3548 735 3616 εἴη,
767 3548 862 3600 καὶ
899 3545 1131 3612 δάκνων,
1162 3546 1255 3599 καὶ
1292 3544 1737 3617 καταιτιώμενος,

170 3642 257 3694 καὶ
286 3639 582 3693 κατεσθίων
613 3638 705 3691 τὸν
735 3637 981 3708 πλησίον,
1023 3636 1117 3689 καί⁵
1169 3636 1597 3709 πεπληρωμένος
1640 3637 1741 3708 τῆς

170 3732 220 3785 ὲν
268 3730 343 3803 τῷ
375 3729 688 3802 ἡγεμονικῷ
723 3728 916 3783 ἑαυτοῦ
963 3728 1204 3792 στάσεως
1234 3727 1342 3782 τῶν
1387 3728 1595 3793 παθῶν,
1647 3730 1742 3782 καὶ

169 3823 333 3893 τούτῳ
363 3823 429 3878 ἂν
477 3822 692 3894 λεχθείη
740 3822 833 3876 te"
900 3820 1085 3892 Ὑμεῖς
1125 3819 1426 3890 ἀτιμάζετέ
1457 3839 1533 3891 με
1555 3838 1568 3851 ·
1607 3822 1740 3892 Χρι-

171 3914 286 3978 στὸς
316 3916 425 3986 γάρ
457 3915 606 3967 ἔστιν
637 3915 670 3985 ἡ
704 3914 895 3985 εἰρήνη
926 3912 1103 3984 ἡμῶν.
1143 3913 1263 3965 Ἔτι
1291 3911 1348 3966 δὲ
1375 3911 1605 3983 ἐπείπερ
1633 3914 1740 3976 πᾶς

171 4008 202 4058 d
225 4005 431 4074 φαῦλα
459 4004 755 4074 πράσσων
776 4003 946 4074 μισεῖ
972 4003 1039 4057 τὸ
1062 4002 1207 4073 φῶς,
1238 4002 1335 4057 καὶ
1364 4005 1474 4057 οὐκ
1507 4003 1741 4073 ἔρχεται

172 4097 311 4164 πρδς
335 4095 404 4150 τὸ
447 4095 594 4166 ςρῶς,
630 4095 744 4165 φῶς
764 4095 821 4148 δέ
860 4096 1008 4148 ἐστιν
1040 4098 1068 4149 ὁ
1094 4093 1264 4148 εἰπών
1287 4111 1302 4125 ’
1354 4093 1500 4163 Ἐγώ
1524 4097 1639 4164 εἰμι
1672 4095 1739 4149 τὸ

148 4186 287 4257 σῶς
306 4188 414 4243 τοῦ
436 4188 689 4258 κόσμου,
712 4187 888 4258 δῆλον,
916 4188 996 4241 ὅτι
1030 4185 1207 4257 φαῦλα
1239 4186 1517 4257 πράσσων,
1545 4187 1742 4258 ἀτιμά-

173 4278 270 4345 ζων
296 4282 359 4334 τὸ
384 4279 521 4349 φῶς,
551 4278 805 4349 ἀτιμάζει
837 4278 1092 4350 Χριστὸν,
1123 4277 1215 4332 καὶ
1247 4277 1409 4341 αὐτὸς
1441 4279 1741 4349 ἀκουσόμε-

172 4389 248 4436 νος
276 4373 370 4426 τά.
404 4370 518 4425 Καὶ
551 4369 736 4439 ὑμεῖς,
760 4366 1060 4438 ἀτιμάζετέ
1096 4385 1191 4437 με.
1228 4369 1338 4421 Καὶ
1364 4368 1417 4421 τί
1447 4385 1514 4440 με
1540 4368 1621 4422 δεῖ
1649 4369 1741 4424 ἐπὶ

174 4463 321 4516 πλέον
360 4461 621 4534 μηκύνειν
659 4460 750 4515 τὸν
796 4460 974 4530 λόγον,
1025 4460 1460 4527 ἀναπτύσσοντα,
1508 4461 1602 4514 xui.
1625 4462 1739 4515 δει-

175 4554 364 4606 κνύντα
404 4552 551 4614 τίνες
577 4552 713 4605 εἰσιν
758 4551 809 4605 οἱ
859 4549 1199 4621 ἐλεγχόμενοι
1249 4550 1355 4605 ὑπὸ
1403 4550 1498 4605 τοῦ
1541 4550 1739 4623 Ἰησοῦ,

1836 730 1999 783 super
2033 724 2235 771 terram
2294 728 2361 787 eo
2409 712 2552 782 quod
2602 712 2731 769 iacti
2769 712 3034 767 fuerimus
3090 710 3185 767 ﬁlii
3229 711 3411 767 Patris

1835 808 2076 862 caelestis
2098 807 2165 872 ιτ,
2199 805 2508 874 fratresque
2539 805 2815 861 dicentis:
2869 802 3016 859 Vada
3065 802 3137 856 ad
3193 801 3408 858 Patrem

1836 911 2032 963 meum,
2064 905 2113 951 et
2145 893 2358 949 Patrem
2383 902 2632 959 vestrum,
2656 905 2702 949 et
2728 893 2896 948 Deum
2932 908 3136 958 meum,
3165 900 3215 947 et
3241 890 3410 946 Deum
3446 930 3449 933 -

1835 999 2064 1041 vestrum
2105 985 2173 1041 "L
2199 986 2561 1054 Quamobrem
2596 985 2939 1055 perspicuum
2981 992 3063 1040 est
3112 982 3255 1054 quod
3286 997 3415 1051 pro-

1836 1079 2133 1148 priissime,
2162 1088 2217 1133 et
2249 1077 2645 1148 perfectissime
2669 1077 2885 1132 dicente
2919 1074 3045 1131 Jesu
3075 1094 3089 1129 :
3138 1073 3252 1145 Ego
3305 1074 3413 1128 da:-

1835 1173 2066 1226 monium
2095 1187 2198 1235 non
2222 1171 2408 1238 habeo,
2430 1171 2521 1225 sed
2544 1171 2746 1224 honoro
2767 1167 2982 1224 Patrem
3007 1182 3179 1222 meum
3195 1209 3210 1235 ,
3244 1180 3411 1222 unus-

1836 1264 2067 1333 quisque
2095 1271 2339 1319 nostrum
2375 1263 2622 1318 imitator
2644 1260 2785 1333 ejus,
2817 1260 2995 1331 quoad
3027 1259 3145 1315 ﬁeri
3185 1267 3360 1330 potest
3388 1296 3408 1323 ,

1836 1364 1889 1410 et
1913 1355 2093 1409 omnia
2114 1363 2308 1425 potens
2332 1354 2385 1409 in
2410 1354 2628 1409 Christo
2646 1352 2769 1408 Jesu
2787 1368 2908 1408 eum
2927 1351 3317 1408 corroborante
3336 1349 3409 1415 ⁸⁹,

1836 1445 2080 1500 dicturus
2101 1446 2263 1499 etiam
2292 1454 2373 1501 est
2403 1465 2416 1501 :
2445 1444 2557 1515 Ego
2590 1446 2904 1499 dwmonium
2931 1460 3033 1498 non
3046 1441 3406 1514 358habeo,

1837 1537 1928 1590 sed
1940 1538 2218 1590 cohonesto
2244 1534 2458 1591 Patrem
2474 1553 2664 1591 meum.
2679 1534 2943 1590 Caeterum
2963 1535 3085 1605 quis
3107 1536 3249 1588 inter
3266 1550 3410 1589 mor-

1840 1636 1963 1681 tuos
1986 1641 2235 1707 versans,
2275 1629 2326 1681 in
2364 1628 2739 1697 sepulcrisque
2766 1628 3018 1705 habitans
3047 1626 3227 1682 dicere
3253 1637 3409 1696 pote-

1836 1719 1910 1774 rit
1939 1738 1952 1773 :
1989 1717 2102 1789 Ego
2127 1720 2445 1773 daemonium
2477 1736 2580 1773 non
2609 1721 2772 1773 habeo
2797 1720 2823 1773 ?
2852 1718 2935 1773 vel
2983 1719 3107 1788 quis
3135 1718 3409 1790 quidpiam

1839 1813 1983 1868 aliud
2011 1814 2287 1869 honorans
2321 1824 2524 1882 praeter
2552 1813 2739 1878 Deum,
2797 1813 3144 1882 Verbumque
3188 1813 3359 1883 ipsius
3390 1851 3408 1878 ,

1839 1919 1900 1959 ac
1927 1914 2127 1975 prmter
2155 1905 2209 1958 id
2245 1905 2385 1973 quod
2420 1918 2448 1956 a
2497 1903 2676 1958 Verbo
2708 1902 3025 1975 praecipitur
3045 1903 3200 1958 alteri
3234 1904 3410 1958 hono-

1845 2012 1957 2054 rem
1989 1998 2252 2063 tribuens,
2281 2012 2402 2054 cttm
2428 1996 2736 2051 sitneccsse
2762 1995 3023 2051 honorem
3048 1996 3122 2051 illi
3148 1997 3411 2064 tribuere,

1843 2091 2089 2147 dicturus
2120 2098 2205 2145 est
2238 2098 2491 2160 tanquam
2529 2086 2656 2143 Jesu
2690 2087 2985 2158 discipulus
3014 2106 3026 2143 :
3062 2086 3167 2144 Sed
3210 2089 3410 2145 honoro

1844 2179 2057 2237 Patrem
2081 2197 2254 2237 meum
2272 2183 2299 2237 7
2326 2182 2410 2237 cui
2440 2181 2585 2236 dicto
2611 2183 2920 2251 proximum
2949 2190 3031 2238 est
3058 2182 3162 2238 hoc
3192 2201 3207 2238 :
3230 2184 3296 2237 Et
3324 2199 3412 2238 eos

1842 2271 2128 2339 ignominia
2165 2287 2245 2325 me
2272 2271 2495 2341 amcitia,
2530 2274 2673 2341 quod
2721 2272 2925 2326 dictum
2971 2272 3153 2328 estad
3183 2287 3277 2328 eos
3317 2273 3414 2341 qui

1843 2361 1993 2415 illum
2025 2356 2362 2431 cont‘emptui
2403 2360 2677 2415 habebant
2703 2401 2719 2426 ,
2748 2361 2953 2431 quique
2985 2361 3061 2416 illi
3110 2362 3362 2418 dicebant
3394 2379 3410 2418 :

1845 2452 2036 2509 Nonne
2061 2454 2184 2510 bene
2206 2454 2433 2509 dicimus
2459 2470 2574 2520 nos,
2599 2457 2740 2524 quod
2775 2452 3148 2510 Samaritanus
3176 2471 3230 2510 es
3263 2464 3342 2523 tu,
3362 2461 3416 2510 et

1842 2543 2163 2597 dwmonium
2192 2543 2349 2599 habes
2372 2545 2398 2599 .’
2428 2545 2839 2610 existimantes,
2892 2546 3038 2617 quod
3089 2544 3228 2601 male
3258 2545 3413 2603 dixe-

1845 2643 1986 2700 rant,
2026 2649 2085 2689 se
2118 2635 2254 2691 bene
2283 2632 2487 2691 dixisse
2517 2654 2531 2689 :
2562 2634 2704 2691 male
2733 2636 2878 2693 enim
2906 2636 3209 2708 cogitantes
3242 2651 3416 2692 enun-

1844 2725 2053 2781 tiarunt
2090 2724 2430 2783 Serratorem
2471 2728 2881 2785 Samaritauum
2908 2771 2925 2798 ,
2976 2738 3033 2785 et
3085 2730 3414 2785 daemonium

1840 2817 2155 2876 habentem.
2208 2818 2317 2875 Nec
2348 2836 2478 2877 vero
2517 2820 2943 2877 existimandum
2993 2831 3079 2877 est
3128 2820 3232 2878 illis
3284 2821 3415 2879 solis

1843 2920 1969 2966 tunc
1993 2912 2193 2966 dictant
2228 2911 2436 2969 fuisse:
2477 2914 2545 2968 Et
2599 2933 2686 2970 nos
2737 2915 3027 2985 ignominia
3066 2930 3147 2969 me
3181 2913 3412 2984 amcitia,

1840 3003 1933 3057 sed
1971 3002 2055 3057 his
2082 3002 2247 3059 etiam
2288 3006 2378 3075 qui
2409 3017 2667 3075 perpetuo
2700 3007 3002 3073 Christum,
3025 3008 3116 3076 qui
3148 3015 3233 3062 est
3250 3006 3414 3076 justi-

1844 3090 1941 3158 tia,
1968 3091 2264 3162 ignominia
2298 3092 2536 3149 aﬂiciunt
2583 3112 2680 3165 per
2705 3110 2767 3152 ea
2811 3109 2931 3164 quae
2965 3096 3164 3165 injuste
3195 3104 3359 3167 agunt
3392 3111 3409 3161 ;

1841 3190 2008 3252 atque
2039 3187 2200 3237 etiam
2236 3183 2320 3239 his
2347 3184 2438 3254 qui
2487 3185 2780 3257 ignominia
2814 3186 3108 3255 potentiam
3158 3185 3252 3240 Dei
3292 3185 3414 3239 afll-

1842 3274 2018 3341 ciunt,
2048 3290 2167 3342 qua:
2200 3285 2283 3330 est
2311 3276 2572 3331 Servatur
2596 3277 2884 3347 (Christus
2914 3279 3057 3334 enim
3089 3289 3173 3333 est
3195 3276 3288 3332 Dei
3320 3293 3411 3348 po-

1848 3364 2012 3418 tentia
2046 3364 2150 3435 “),
2175 3378 2239 3419 ex
2276 3365 2360 3420 his
2393 3380 2513 3435 quae
2542 3364 2779 3422 efﬁciunt
2830 3368 2883 3423 in
2917 3367 3199 3424 debilitate
3242 3376 3298 3423 et
3326 3369 3411 3421 in-

1843 3453 2123 3512 ﬁrmitate.
2150 3456 2290 3521 Quin
2313 3458 2477 3511 etiam
2514 3458 2821 3527 cuicunque
2857 3460 3130 3528 spernenti
3181 3457 3273 3513 Dei
3323 3472 3414 3512 sa—

1841 3546 2101 3615 pientiam
2130 3546 2340 3601 dicetur
2372 3565 2386 3600 :
2430 3545 2533 3600 Vos
2566 3548 2856 3618 ignominia
2886 3564 2966 3602 me
2992 3548 3217 3619 aﬂicitix,
3247 3562 3414 3618 quan—

1842 3637 2130 3707 doquidem
2177 3638 2427 3694 Christus
2484 3639 2651 3695 etiam
2705 3650 2789 3696 est
2837 3640 3103 3711 sapientia
3132 3639 3175 3672 ⁶¹
3211 3638 3414 3714 [atque

1841 3730 2002 3782 etiam
2033 3743 2138 3797 pax
2164 3726 2266 3801 “].
2292 3730 2443 3796 Quod
2472 3730 2518 3785 si
2546 3730 2812 3799 quiSpiam
2845 3740 2928 3786 est
2955 3745 3020 3786 ex
3049 3731 3187 3800 ipso,
3237 3731 3280 3785 is
3311 3744 3412 3801 pa-

1839 3835 1957 3876 cem
1988 3822 2151 3877 etiam
2182 3837 2307 3877 cum
2339 3822 2650 3877 hominibus
2672 3822 2922 3876 omnibus
2945 3820 3142 3875 habeat
3169 3830 3409 3891 oportet,

1841 3914 1978 3969 adeo
2008 3922 2065 3969 ut
2093 3914 2236 3968 dicat
2263 3916 2636 3984 propheticum
2675 3915 2804 3969 illud
2834 3932 2847 3967 :
2881 3912 3014 3968 Cum
3050 3914 3132 3967 his
3156 3915 3245 3983 qui
3283 3912 3410 3967 ode-

1842 4018 1962 4061 runt
1987 4022 2188 4077 pacem,
2224 4021 2368 4061 erant
2393 4005 2644 4075 paciﬁcus
2671 4004 2740 4070 “,
2778 4019 2912 4071 opus
2939 4004 3100 4059 etiam
3128 4012 3211 4058 est
3239 4012 3296 4058 ut
3325 4017 3412 4058 tte-

1841 4097 2007 4167 cipiat
2062 4111 2250 4167 pacem
2299 4105 2647 4163 superantem
2705 4108 2919 4147 omnem
2977 4093 3066 4147 Dei
3110 4092 3407 4163 intelligen-

1843 4186 1971 4241 tiam
1991 4186 2055 4250 α’,
2087 4200 2289 4255 corque
2306 4187 2775 4241 custodientetuet
2793 4201 2990 4241 sensus
3012 4184 3131 4255 ejus
3159 4186 3251 4255 qui
3282 4198 3405 4239 eam

1845 4281 2136 4349 receperit.
2161 4277 2320 4345 Quod
2350 4279 2393 4333 si
2429 4279 2572 4348 quis,
2605 4279 2837 4334 bellandi
2878 4277 3126 4347 cupidus,
3165 4277 3410 4332 mordeat

1840 4372 2004 4426 etiam
2038 4370 2355 4439 incusetque
2372 4384 2437 4423 ac
2459 4371 2679 4424 devoret
2694 4367 3022 4438 proximum,
3048 4368 3226 4437 sitque
3245 4367 3407 4422 etiam

1843 4463 2038 4532 plenus
2068 4460 2516 4532 perturbationis,
2565 4475 2728 4515 causa
2760 4458 3042 4513 seditionis
3093 4457 3409 4513 exsisteutis

1843 4552 1898 4607 in
1930 4569 2028 4609 suo
2054 4554 2220 4623 ipsius
2244 4554 2441 4609 anima:
2470 4552 2800 4625 principatu,
2825 4550 2953 4606 huic
2979 4550 3407 4605 etiamdicetur:

173 4646 253 4698 καὶ
291 4643 581 4706 ἀκούοντες
612 4642 703 4696 ὑπ’
735 4641 896 4695 αὐτοῦ
947 4642 1036 4695 τό·
1084 4642 1266 4712 Ὑμεῖς
1303 4642 1606 4713 ἀτιμάζετέ
1634 4661 1734 4713 με,

1852 4642 1952 4697 Vos
1975 4646 2261 4713 ignominia
2286 4661 2367 4701 me
2391 4647 2607 4716 efﬁcitis
2624 4663 2644 4702 :
2664 4644 2906 4704 Christus
2925 4642 3066 4698 enim
3093 4656 3195 4711 pax
3224 4648 3409 4695 nostra

175 4735 345 4805 ταφῶν
375 4736 547 4788 δντων
578 4736 643 4788 ἐκ
664 4732 771 4786 τῶν
796 4733 1222 4805 ἀποδεδομένων,
1255 4735 1349 4788 κα)⁸
1373 4734 1480 4787 τῶν
1502 4734 1734 4807 δυναμέ-

174 4843 264 4881 νων
288 4825 500 4890 τούτοις
530 4825 836 4889 ἀκολούθως
862 4825 1043 4890 αὐτοῖς
1078 4824 1464 4881 συνάπτεσθαι.

1840 4745 1922 4790 est
1954 4735 2020 4789 ⁸⁵.
2051 4736 2261 4793 Rursus
2288 4739 2544 4807 quoniam
2569 4744 2657 4809 qui
2678 4743 2813 4795 male
2854 4740 2988 4811 agit,
3011 4734 3120 4792 odit
3145 4732 3333 4802 ittcem,
3356 4739 3410 4790 et

1841 4844 1945 4882 non
1968 4829 2101 4883 venit
2133 4829 2202 4883 ad
2232 4830 2399 4883 lucem
2423 4830 2490 4894 “,
2521 4831 2720 4899 luxque
2747 4842 2832 4886 est
2869 4832 2957 4884 ille
2975 4830 3067 4898 qui
3091 4830 3226 4883 dixit
3254 4846 3268 4883 :
3295 4827 3406 4897 Ego

176 4921 396 4975 sumtu
424 4918 727 4984 mundi",
760 4919 1105 4988 perspicuum
1139 4930 1223 4973 est
1276 4921 1422 4985 quod
1478 4917 1569 4989 qui
1622 4919 1761 4976 male
1813 4921 1946 4988 agit,
2000 4922 2293 4990 ignominia
2349 4922 2523 4977 lucem
2586 4923 2845 4985 alliciens,
2901 4918 3193 4989 ignominia
3239 4918 3402 4972 etiam

174 5010 434 5068 Christum
493 5011 724 5078 aﬂiciat;
764 5012 1050 5068 auditurus
1098 5014 1304 5068 etiam:
1347 5012 1415 5066 Et
1451 5030 1539 5067 vos
1589 5014 1880 5083 ignominia
1930 5031 2011 5071 me
2078 5018 2301 5087 a/ﬁcitic.
2337 5018 2403 5072 Et
2431 5018 2560 5088 quid
2606 5032 2739 5086 opus
2790 5025 2873 5070 est
2922 5015 2974 5068 itt
3019 5013 3238 5080 longum
3281 5026 3409 5078 pro-

176 5105 373 5161 trahere
398 5105 1117 5173 sermonem,explicantem
1179 5116 1234 5161 et
1277 5110 1643 5162 nstendentem
1672 5109 1892 5179 quinant
1933 5110 2042 5166 sint
2093 5114 2185 5182 qui
2238 5129 2267 5168 a
2312 5112 2438 5168 Jesn
2500 5112 2916 5180 redarguantur,
2947 5116 3003 5162 et
3044 5106 3135 5177 qui
3177 5106 3285 5162 sint
3313 5106 3408 5174 qui

177 5200 381 5254 audiant
420 5199 490 5253 ah
521 5198 684 5268 ipso:
749 5195 847 5253 Vos
893 5200 1179 5270 ignominia
1222 5217 1304 5255 me
1346 5202 1584 5272 efﬁcitis,
1629 5218 1738 5259 cun

1849 5205 2067 5261 anit'esti
2125 5209 2233 5263 sint
2260 5223 2324 5262 ex
2369 5208 2454 5262 his
2480 5220 2599 5277 qua:
2621 5204 2993 5274 explicuimus,
3016 5210 3069 5256 et
3094 5214 3162 5256 ex
3184 5200 3267 5256 his
3289 5213 3409 5270 quae

176 5289 248 5344 bis
275 5299 675 5359 consequenter
700 5290 961 5361 conjungi
996 5304 1223 5358 possunt
1257 5292 1282 5346 ?

139 5464 147 5477 .
231 5384 314 5438 50.
343 5383 501 5438 Μετά
536 5382 710 5437 ταῦτα
752 5383 949 5455 ίδωμεν
990 5385 1042 5438 τί
1073 5386 1188 5439 ἐστι
1231 5385 1320 5440 τό·
1389 5387 1536 5460 Ἐγὼ
1568 5389 1636 5444 δὲ
1665 5393 1738 5446 οὺ

1922 5389 2086 5462 359
2108 5389 2199 5445 50.
2230 5387 2359 5443 Post
2381 5387 2496 5443 hinc
2520 5385 2799 5440 videamus
2823 5381 2950 5454 quid
2973 5382 3077 5438 sit:
3102 5384 3214 5452 Ego
3233 5389 3407 5435 autem
3493 5410 3498 5417 η

234 5566 275 5638 'f’
306 5565 496 5620 Matth.
525 5582 683 5632 xxttt,
714 5567 766 5638 97.
843 5568 889 5599 ⁸⁸
913 5566 1070 5622 Joan.
1114 5584 1207 5635 xx,
1248 5570 1328 5623 l7.
1408 5572 1453 5603 ⁵³
1483 5570 1676 5638 Philip.
1705 5585 1738 5621 tt

1843 5569 1893 5623 δ.
1993 5569 2037 5600 ω
2079 5566 2097 5621 t
2132 5567 2288 5638 Cor,
2315 5582 2354 5632 ι,
2397 5566 2532 5638 ει.-
2568 5557 2782 5618 “ibid.
2861 5566 2916 5638 εξ
2938 5564 3136 5635 Ephes.
3181 5579 3262 5632 ιι,
3316 5563 3408 5620 ιι.
3440 5524 3463 5558 ”

181 5633 216 5664 ⁶³
243 5637 378 5690 l’sul.
405 5651 556 5705 cxtx,
589 5637 640 5690 7.
717 5637 761 5668 “
800 5637 993 5707 Philip.
1038 5655 1107 5703 tv,
1145 5633 1201 5692 7.
1278 5641 1324 5672 "
1346 5640 1544 5711 Ephes.
1587 5633 1645 5707 tt,
1679 5639 1759 5695 14.

236 5819 343 5894 (29)
369 5818 552 5894 Codex
589 5817 811 5894 Regius,
840 5817 1001 5887 male,
1027 5819 1146 5875 δέον
1174 5819 1255 5893 τῷ
1281 5820 1379 5894 τὴν
1408 5821 1572 5894 τιμὴν
1596 5824 1731 5877 ἀπο-

183 5883 354 5945 meum
380 5887 574 5959 αὐτὴν,
600 5883 761 5953 εἰποι,
797 5900 904 5942 etc.

1840 5640 1885 5670 ⁶⁶
1938 5638 2095 5693 Jonn.
2149 5654 2233 5703 ιιι,
2267 5636 2358 5691 20.
2435 5637 2478 5668 ⁸⁷
2506 5634 2664 5691 Joau.
2698 5649 2818 5701 Vttt,
2860 5635 2949 5689 12.

1874 5819 2026 5945 ό(50)
2056 5820 2200 5875 lJem
2252 5782 2425 5876 codex
2474 5816 2699 5888 Regius,
2756 5816 2929 5882 male,
2972 5816 3031 5871 ’0
3073 5814 3130 5869 δὲ
3179 5814 3407 5887 mgna

1839 5910 1951 5955 κος.

3450 5695 3470 5795 ξ
