4082 6534
205 191 210 268 ξ

207 273 216 288 η

207 301 210 324 |

205 333 210 350 ι

207 395 218 420 ι

206 435 212 472 !

209 725 216 768 i

209 819 216 850 i

211 861 218 920 ὲ

213 1033 218 1046 ι

217 1191 224 1228 ι

217 1281 222 1294 ι

219 1407 224 1450 i

65 1835 70 1852 ι

65 1933 74 1946 ι

73 2333 78 2346 ι

79 2705 84 2718 ι

83 2987 88 3000 ι

277 5527 282 5544 l

281 5727 284 5744 |

283 6029 290 6100 ἐ

287 6115 290 6130 |

287 6143 290 6160 |

686 431 792 487 665

2170 443 2494 501 ORIGENIS

3856 446 3952 502 664

690 572 792 636 non
814 570 993 625 quwru
1027 554 1253 625 gloriam
1288 572 1457 610 meam
1487 571 1505 611 :
1548 567 1624 612 est
1652 557 1742 628 qui
1772 559 1980 630 quaerit,
2034 568 2085 615 et
2113 561 2267 629 judi-

2373 558 2522 626 ζητῶ
2551 558 2666 628 τὴν
2684 558 2873 625 δόξαν
2899 578 3019 629 μου
3044 576 3059 592 ·
3094 562 3269 616 ἐστιν
3297 565 3331 617 ό
3353 561 3559 630 ζητῶν,
3591 563 3690 615 καὶ
3719 564 3948 632 κρίνων.

688 656 771 701 cat
805 646 875 707 ⁸⁸.
910 647 1115 713 Quaerit
1152 646 1314 713 Deus,
1348 650 1436 718 qui
1481 649 1637 705 nobis
1668 665 1823 705 suum
1867 653 2033 721 ipsius
2063 650 2264 707 Filium

687 737 856 805 dedit,
888 737 941 791 in
962 738 1185 809 singulis
1212 739 1302 809 qui
1329 755 1452 795 eum
1487 741 1810 808 receperint,
1840 742 2070 812 gloriam
2101 743 2262 798 Chri-

685 825 754 879 sti
793 842 995 897 :quam
1022 828 1241 898 quidem
1278 828 1517 883 inveniet
1573 829 1626 883 in
1680 829 1767 884 his
1796 830 1889 900 qui
1936 832 2020 886 sui
2074 847 2262 887 curam

686 920 930 989 egerint,
969 920 1170 990 quique
1200 920 1490 992 diligenter
1519 922 1778 976 excolunt
1811 933 2007 977 natura
2044 924 2147 979 sibi
2181 923 2265 978 in-

686 1013 901 1081 genitas
933 1017 1000 1067 ad
1037 1015 1293 1068 virtutem
1324 1030 1518 1069 causas
1548 1036 1560 1070 :
1601 1015 1836 1084 alioquin
1871 1016 2008 1072 hanc
2044 1033 2149 1072 non
2182 1019 2267 1072 in-

689 1113 953 1159 venturus
982 1105 1034 1159 in
1065 1105 1152 1159 his
1176 1105 1267 1174 qui
1310 1104 1614 1173 huiusmodi
1656 1122 1760 1160 ιιοιι
1793 1106 1990 1162 fuerint
2018 1126 2032 1161 :
2072 1116 2126 1164 et
2156 1124 2263 1165 non

688 1195 996 1257 inveniens,
1014 1195 1221 1265 judicat
1245 1210 1339 1250 eos
1370 1195 1423 1249 in
1447 1196 1645 1265 quibus
1678 1212 1782 1252 non
1808 1198 2011 1253 invenit
2037 1198 2262 1268 gloriam

687 1284 809 1339 Fili
837 1285 940 1352 sui,
971 1285 1038 1339 ad
1063 1299 1198 1348 quos
1217 1284 1398 1341 dicet:
1420 1286 1522 1340 Per
1544 1302 1631 1340 vos
1654 1288 1854 1357 jugiter
1884 1306 2070 1343 nomen
2092 1305 2264 1343 meum

687 1377 825 1432 male
850 1378 999 1431 audit
1031 1378 1166 1431 inter
1196 1387 1370 1448 gentes
1400 1379 1463 1430 θ’.
1494 1378 1849 1434 Adduhitnbit
1876 1380 2041 1434 etiam
2064 1380 2264 1451 aliquis

687 1478 905 1539 propter
923 1469 1023 1524 hoc
1051 1488 1064 1524 :
1092 1467 1183 1523 Est
1217 1471 1303 1539 qui
1324 1471 1507 1540 quwrit
1525 1479 1573 1524 et
1596 1470 1828 1540 judicat,
1861 1488 1986 1525 ιιιιιιι
2012 1473 2076 1526 ad
2100 1474 2263 1528 Deum

687 1560 877 1617 referri
912 1561 1013 1616 hoc
1045 1577 1182 1630 opus
1209 1563 1301 1629 sit,
1350 1579 1473 1618 cum
1502 1562 1679 1632 palam
1712 1564 1913 1619 dixerit
1952 1563 2215 1620 Servator
2248 1586 2260 1621 :

683 1652 863 1720 Neque
895 1654 1034 1706 enim
1063 1651 1223 1706 Pater
1251 1668 1564 1724 quemquam
1599 1654 1839 1723 judicat,
1886 1656 1976 1710 sed
2001 1671 2155 1709 omne
2171 1656 2265 1725 ju-

686 1745 884 1798 dicium
922 1745 1064 1798 dedit
1102 1742 1246 1800 Filio
1273 1762 1387 1806 suo,
1433 1758 1488 1800 ut
1522 1763 1698 1802 omnes
1724 1748 1975 1803 honorent
2022 1746 2263 1814 Filum,

685 1839 819 1891 sicut
872 1835 1136 1891 honorant
1191 1836 1495 1892 Patrem".
1536 1841 1606 1893 At
1656 1841 1777 1895 vide
1825 1858 1892 1895 an
1935 1844 2001 1896 ad
2040 1843 2144 1898 hoc
2188 1842 2262 1896 uti

2337 686 2345 693 -
2373 652 2536 721 Ζητεί
2564 650 2592 701 6
2621 649 2772 715 Θεὸς,
2797 650 2921 714 δοὺς
2948 652 3079 723 ἡμῖν
3109 652 3199 706 τὸν
3236 651 3359 708 Υἰδν
3393 651 3613 718 ἑαυτοῦ,
3655 652 3717 708 ἐν
3749 654 3954 726 ἑκάστῳ
4068 701 4074 707 .

2371 742 2481 797 τῶν
2504 742 2799 813 εἰληφότων
2822 744 3006 809 αὐτὸν,
3034 742 3134 816 τὴν
3156 742 3315 809 δόξαν
3340 744 3435 798 τοῦ
3466 743 3710 817 Χριστοῦ
3728 762 3743 775 ’
3775 747 3955 817 ἥντινα

2372 836 2593 909 εὑρήσει
2623 835 2719 907 μὲν
2740 837 2797 889 ἐν
2821 839 2933 900 τοῖς
2954 835 3400 908 ἐπιμελουμένοις
3419 834 3653 899 ἑαυτῶν,
3690 838 3788 892 καὶ
3809 838 3955 910 ἐξερ-

2371 926 2697 999 γαζομένοις
2729 925 2829 992 τὰς
2858 927 3426 997 ἐγκαταφυτευθείσας
3473 928 3559 979 ἐπ’
3594 927 3770 1000 ἀρετῇ
3797 929 3955 1001 63:09-

2375 1018 2482 1085 μάς
2506 1036 2518 1049 ·
2551 1020 2651 1090 οὐχ
2696 1019 2920 1090 εὑρήσει
2948 1017 3003 1071 δὲ
3046 1019 3104 1071 ἐν
3146 1021 3258 1083 τοῖς
3291 1016 3369 1089 μὴ
3412 1018 3675 1082 τοιούτοις
3696 1034 3712 1049 °
3759 1017 3853 1071 καὶ
3887 1016 3957 1087 μὴ

2372 1109 2643 1180 εὑρίσκων
2677 1108 2849 1180 κρίνει
2877 1107 3116 1173 ἐκείνους
3141 1109 3202 1162 ἐν
3230 1103 3313 1173 οἷς
3337 1109 3435 1181 οὐχ
3473 1108 3722 1181 εὖρὶσκει
3745 1109 3844 1179 τὴν
3874 1107 3954 1161 66-

2374 1198 2470 1264 ξαν
2499 1198 2595 1252 τοῦ
2623 1197 2752 1252 Υἱοίἰ
2782 1198 2997 1264 ἑαυτοῦ,
3038 1198 3175 1271 πρὸς
3204 1197 3297 1263 οὓς
3333 1200 3482 1269 ἐρεῖ·
3523 1198 3604 1253 Δι’
3643 1196 3805 1268 ὑμᾶς
3841 1197 3956 1251 δια-

2372 1291 2599 1357 παντὸς
2619 1292 2683 1345 τὸ
2717 1290 2905 1361 ὄνομά
2932 1310 3051 1362 μου
3075 1291 3528 1362 ,βλασφημεῖται
3552 1292 3627 1344 ἐν
3649 1289 3779 1355 τοῖς
3801 1290 3957 1344 ἔθνο-

2371 1400 2496 1438 σιν.
2545 1384 2921 1455 Ἐπαπορήσαι
2947 1383 2992 1436 δ’
3014 1382 3079 1437 ἄν
3108 1400 3189 1447 τις
3214 1383 3303 1436 διὰ
3330 1383 3418 1436 τό*
3456 1384 3674 1437 Ἔστιν
3698 1385 3732 1436 ό
3756 1380 3955 1451 Grcam,

2372 1476 2471 1529 καὶ
2495 1475 2735 1543 κρίνων,
2787 1478 2835 1530 εἰ
2862 1476 2969 1547 χρὴ
3002 1474 3161 1529 τοῦτο
3203 1474 3521 1546 ἀναφέρεινε
3547 1475 3643 1527 ἐπὶ
3674 1474 3771 1527 τὸν
3807 1474 3954 1540 Θεὸν,

2373 1566 2560 1635 σαφῶς
2591 1563 2686 1619 τοῦ
2732 1565 2983 1637 Σωτῆρος
3019 1565 3303 1638 εἰρηκότος
3322 1582 3335 1594 ·
3379 1564 3533 1619 Οὐδὲ
3558 1565 3673 1634 γὰρ
3704 1567 3738 1619 ό
3764 1567 3958 1635 Πατὴρ

2372 1659 2558 1723 κρίνει
2583 1656 2822 1722 οὐδένα,
2853 1658 3013 1712 ἀλλὰ
3037 1656 3152 1725 τὴν
3176 1656 3379 1725 κρίσιν
3397 1654 3606 1711 πᾶσαν
3632 1656 3856 1710 δέδωκε
3884 1656 3957 1723 τῷ

2382 1746 2511 1815 Υἱῷ,
2548 1748 2648 1801 ἵνα
2682 1748 2904 1814 πάντες
2946 1745 3156 1817 τιμῶσι
3196 1747 3304 1801 τὸν
3334 1746 3491 1813 nor,
3526 1747 3722 1815 καθὼς
3754 1748 3933 1817 τιμῶσ

2370 1839 2481 1893 τὸν
2508 1840 2756 1908 Πατέρα.
2802 1838 2939 1892 Ἀλλ’
2979 1840 3081 1912 ὅρα
3122 1841 3169 1893 εἰ
3202 1838 3423 1893 δύνασαι
3461 1840 3599 1911 πρὸς
3630 1839 3793 1893 τοῦτο
3828 1859 3891 1911 χρ
3916 1873 3957 1911 ⁸-

693 1929 868 1999 possis
899 1942 964 1983 eo
1005 1928 1151 1984 dicto
1183 1946 1195 1981 :
1238 1927 1365 1982 Non
1405 1945 1617 1998 possum
1643 1948 1736 2000 ego
1776 1932 1952 2000 facere
1979 1949 2012 1986 a
2045 1948 2126 1985 me
2156 1932 2267 2001 ipso

2374 1930 2569 1984 σασοαι
2599 1930 2704 2001 τῷο
2747 1932 2830 1985 Οὐ
2871 1930 3127 2000 δύναμαι
3169 1927 3284 1999 ἐγὼ
3333 1928 3527 1984 ποιεῖν
3557 1930 3661 1985 ἀπ’
3704 1931 3959 2001 ἐμαυτοῦ

688 2022 976 2090 quidquam
1006 2037 1023 2075 .'
1053 2021 1186 2075 sicut
1211 2020 1396 2086 audio,
1418 2023 1604 2090 judico
1632 2036 1651 2075 :
1685 2034 1732 2076 et
1776 2025 2044 2092 judicium
2097 2040 2268 2078 meum

682 2113 888 2182 justum
916 2123 990 2167 est
1017 2125 1038 2165 :
1082 2113 1334 2184 quoniam
1365 2130 1468 2168 non
1492 2130 1673 2176 quwro
1704 2117 2026 2170 voluntatem
2061 2133 2229 2171 meam
2251 2159 2266 2181 ,

689 2204 778 2259 sed
809 2204 1129 2260 voluntatem
1154 2205 1267 2274 ejus
1311 2207 1401 2277 qui
1433 2207 1572 2260 misit
1604 2223 1683 2261 me
1706 2209 1776 2262 υ.
1815 2207 1949 2263 Nam
1982 2209 2049 2273 si,
2081 2218 2137 2262 ut
2176 2226 2274 2264 au-

688 2298 765 2350 d't
790 2312 818 2349 a
851 2294 1011 2350 Patre
1032 2295 1311 2361 Servatur,
1331 2298 1412 2352 sic
1430 2297 1659 2367 judicat,
1690 2314 1939 2369 quaerens
1965 2317 2070 2354 non
2090 2316 2270 2366 suam,

687 2387 782 2441 sed
815 2386 1011 2453 Patris,
1044 2387 1136 2455 qui
1161 2401 1283 2441 eum
1311 2387 1491 2454 misit,
1527 2389 1883 2457 voluntatem,
1931 2402 1985 2444 et
2038 2392 2174 2446 hanc
2202 2392 2272 2445 ob

687 2479 1127 2549 e.lu~amjnstum
1148 2490 1232 2535 est
1256 2478 1373 2550 ejus
1397 2479 1660 2550 judicium
1686 2500 1701 2549 ;
1738 2481 1986 2538 fortassis
2007 2484 2270 2554 judicium

689 2571 829 2640 quod
850 2569 1063 2641 judicat
1097 2571 1189 2640 qui
1225 2587 1255 2627 ε
1284 2571 1449 2628 Patre
1495 2573 1669 2639 audit,
1704 2589 1811 2627 non
1844 2585 1927 2628 est
1956 2577 2228 2629 audientis
2253 2615 2269 2639 ,

687 2661 781 2715 sed
816 2662 988 2729 magis
1009 2662 1226 2731 proprie
1260 2661 1378 2730 ejus
1403 2664 1493 2733 qui
1537 2665 1669 2719 dicit
1704 2668 1972 2720 audienti.
2006 2666 2105 2720 Sin
2142 2682 2271 2722 vero

688 2754 852 2808 etiam
883 2754 1014 2809 dicit
1047 2773 1062 2811 :
1096 2754 1371 2810 Iudicium
1396 2772 1566 2811 meum
1586 2756 1795 2826 justum
1836 2767 1939 2823 est,
1988 2760 2115 2814 audi
2146 2775 2269 2814 eum

692 2846 745 2899 in
811 2846 1003 2901 eodem
1062 2846 1355 2916 Evangelio
1406 2848 1721 2912 dicentem:
1760 2850 1954 2905 Omnia
2006 2868 2124 2907 mea
2178 2862 2269 2905 tua

689 2948 809 2999 sunt
841 2938 926 3005 7';
965 2954 1088 2994 nam
1126 2939 1170 2994 si
1204 2955 1389 2995 verum
1421 2950 1505 2995 est
1533 2942 1721 3011 quoda
1752 2941 2042 2996 Servatore
2067 2944 2268 2998 dictum

691 3040 773 3086 est
805 3050 819 3086 :
854 3030 1050 3086 Omnia
1076 3048 1190 3086 mea
1221 3042 1313 3086 tua
1344 3043 1489 3101 sunt,
1517 3035 1860 3105 perspicuum
1893 3046 1976 3091 est
2003 3036 2267 3106 judicium

687 3122 850 3176 etiam
882 3121 1082 3191 ipsum,
1105 3121 1170 3177 de
1198 3137 1305 3191 quo
1330 3122 1534 3193 inquit:
1557 3122 1836 3179 Iudicium
1866 3142 2038 3180 meum
2060 3125 2267 3195 justum

688 3223 784 3276 est,
821 3212 1002 3269 Patris
1027 3228 1152 3268 csse
1178 3213 1481 3283 judicium;
1524 3217 1665 3284 quod
1702 3217 1747 3271 si
1788 3216 1968 3272 Patris
1994 3228 2077 3272 est
2119 3217 2265 3287 judi-

2374 2021 2554 2077 οὐδέν
2574 2039 2588 2054 ·
2618 2021 2812 2088 καθὼς
2836 2023 3056 2086 ἀκούω,
3084 2022 3268 2089 κρίνω
3289 2038 3303 2050 ·
3338 2020 3435 2075 καὶ
3468 2020 3506 2090 ἠ
3542 2021 3748 2091 κρίεγις
3785 2023 3823 2090 ἠ
3851 2021 3960 2093 ἑμὴ

2373 2113 2574 2167 δικαία
2627 2113 2830 2166 ἐστίν’
2881 2112 2970 2165 ὅτι
3011 2113 3084 2166 οὺ
3119 2109 3266 2179 ζητῶ
3303 2109 3374 2164 τὸ
3408 2109 3642 2180 θέλημα
3686 2111 3755 2164 τὸ
3797 2110 3955 2181 ἐμόν,

2376 2205 2537 2261 ἀλλὰ
2564 2204 2629 2259 τὸ
2661 2205 2889 2274 θέλημα
2912 2204 3016 2259 τοῦ
3051 2202 3401 2272 πέμψαντός
3418 2220 3514 2273 με.
3567 2203 3632 2256 Εἰ
3661 2202 3797 2276 γὰρ.
3828 2203 3955 2258 καθ-ι

2372 2295 2446 2362 ὡς
2490 2296 2677 2351 ἀκούει
2722 2298 2752 2351 6
2778 2293 2965 2367 Σωτὴρ
3029 2294 3186 2365 ἡμῶν
3235 2294 3344 2348 ἀπὸ
3373 2293 3466 2346 τοῦ
3509 2294 3762 2365 Πατρὸς,
3799 2295 3958 2358 οὓτως

2373 2388 2571 2460 κρίνει,
2600 2386 2777 2457 ζητῶν
2808 2385 2868 2439 οὑ
2897 2386 2958 2439 τὸ
2986 2384 3116 2438 ἴδιον
3149 2383 3382 2454 θέλημα,
3409 2381 3547 2437 ἀλλὰ
3579 2382 3675 2436 τοῦ
3713 2383 3959 2454 πέμψαν-

2371 2498 2466 2546 τος
2494 2479 2655 2535 αὐτὸν
2688 2478 2923 2551 Πατρὸς,
2952 2476 3046 2532 ml.
3076 2475 3165 2531 διὰ
3199 2477 3357 2530 τοῦτο
3388 2475 3573 2530 δικαία
3599 2475 3753 2528 ἐστὶν
3782 2477 3815 2547 ή
3847 2475 3961 2547 κρι-

2375 2589 2459 2638 σις
2491 2569 2655 2626 αὐτοῦ
2678 2588 2691 2601 ·
2737 2571 2948 2641 μήποτε
2995 2567 3328 2641 κυριώτερον
3374 2568 3408 2639 ἡ
3454 2566 3659 2639 κρίσις,
3687 2566 3757 2637 ἦν
3790 2566 3956 2638 κρίνει

2371 2668 2400 2718 6
2453 2663 2686 2727 ἀκούων,
2737 2663 2837 2715 οὐκ
2876 2660 2993 2714 ἔστι
3043 2658 3137 2714 τοῦ
3179 2658 3489 2723 ἀκούοντος,
3540 2656 3679 2712 ἀλλὰ
3727 2658 3821 2712 τοῦ
3872 2657 3958 2712 λέ-

2371 2774 2557 2827 γοντος
2589 2755 2860 2810 ἀκούοντι.
2894 2752 3012 2809 Κᾶν
3036 2752 3169 2825 λέγῃ
3202 2752 3279 2817 δέ,
3309 2754 3391 2806 ὅτι
3428 2752 3499 2806 Ἡ
3537 2752 3747 2819 κρίσις
3778 2753 3814 2820 ἡ
3847 2751 3958 2821 ἐμὴ

2371 2848 2574 2902 δικαία
2615 2846 2810 2909 ἐστὶν,
2845 2844 3009 2899 ἄκουε
3043 2846 3102 2898 ἐν
3131 2842 3210 2914 τῷ
3250 2841 3400 2914 αὑτῷ
3442 2842 3764 2913 Εὑαγγελίῳ
3809 2842 3961 2910 λεγο-

2376 2940 2536 3013 μένου
2569 2939 2663 2993 τοῦ
2684 2957 2697 2969 ·
2727 2937 2929 2993 Πάντα
2957 2937 3029 2993 τὰ
3055 2937 3168 3008 ἐμὰ
3199 2935 3282 2990 σά
3304 2935 3476 2990 ἐστιν
3494 2952 3508 2966 ⁸
3535 2937 3585 2989 εἰ
3622 2936 3735 3010 γὰρ
3766 2936 3964 3007 ἀληθὲς

2371 3032 2478 3086 ὑπὸ
2511 3030 2606 3090 τοῦ
2648 3031 2898 3103 Σωτῆρος
2941 3029 3228 3101 εἰρημένον
3254 3028 3315 3081 τό
3340 3044 3353 3058 ο
3399 3026 3607 3081 Πάντα
3640 3027 3715 3081 τὰ
3743 3027 3854 3097 ἐμὰ
3879 3027 3962 3082 σά

2368 3121 2520 3185 ἐστι,
2556 3117 2740 3191 δῆλον,
2774 3120 2855 3173 ὃτι
2885 3118 2978 3172 καὶ
3022 3117 3161 3190 αὑτὴ
3198 3120 3231 3190 ή
3266 3118 3467 3191 κρίσις,
3504 3118 3633 3189 περὶ
3661 3114 3734 3191 ἧς
3760 3135 3959 3189 φησιν’

2381 3212 2450 3268 Ἠ
2478 3214 2677 3280 κρίσις
2708 3213 2747 3280 ἡ
2779 3210 2893 3282 ἐμὴ
2933 3209 3136 3264 δικαία
3165 3210 3321 3280 ἐστὶ,
3358 3209 3453 3265 τοῦ
3498 3210 3717 3282 Πατρός
3752 3213 3899 3265 ἐστιν
3925 3214 3958 3279 ἡ

689 3304 853 3367 eium,
896 3313 1081 3374 potest
1108 3278 1244 3359 solvi
1276 3305 1498 3360 dubium
1525 3278 1685 3377 hujus
1717 3308 1844 3362 dicti
1874 3326 1887 3361 :
1924 3307 2035 3377 Ego
2084 3278 2266 3363 autem

2372 3278 2582 3379 κρίσις·
2621 3278 2669 3356 ei
2699 3278 2756 3357 δέ
2783 3278 2887 3357 τοῦ
2905 3300 3115 3373 Πατρός
3146 3278 3357 3371 ἐστινὴ
3396 3301 3598 3374 κρίσις,
3621 3278 3851 3357 δύναται
3877 3278 3963 3356 1:;

690 3412 793 3450 non
814 3412 994 3466 quwro
1018 3398 1242 3467 gloriam
1269 3413 1479 3461 meam;
1508 3407 1584 3453 est
1605 3400 1693 3469 qui
1715 3401 1926 3471 quierit,
1955 3412 2004 3454 et
2031 3399 2265 3468 judicat.

693 3487 866 3543 llabet
895 3500 1077 3545 autem
1112 3491 1403 3559 quamdam
1454 3492 1731 3547 modestia:
1779 3493 2087 3563 emphasim
2127 3509 2268 3549 cou-

690 3579 994 3634 venientem
1031 3579 1308 3639 Servatori
1343 3584 1487 3652 quod
1535 3583 1778 3638 dicitur:
1816 3581 1927 3654 Ego
1951 3595 2127 3638 autem
2163 3597 2268 3640 non

689 3687 870 3739 qutero
892 3670 1121 3741 gloriam
1144 3672 1313 3728 meum
1342 3688 1360 3728 :
1391 3689 1566 3745 neque
1591 3676 1737 3731 enim
1785 3677 2079 3733 admodum
2107 3677 2269 3734 dece-

692 3762 783 3814 nat
812 3761 983 3826 illum,
1024 3771 1084 3817 ut
1114 3764 1342 3834 gloriam
1377 3767 1639 3835 exigerel,
1674 3776 1733 3823 et
1755 3769 1826 3823 ob
1855 3768 1958 3823 hoc
1990 3768 2269 3839 judicaret

689 3867 787 3907 eos
815 3854 910 3922 qui
947 3854 1023 3909 illi
1055 3855 1202 3909 illam
1240 3873 1346 3912 non
1403 3859 1804 3927 reddidissent;
1852 3862 1948 3916 sed
1980 3862 2269 3932 oportebat

690 3945 767 3999 nti
799 3944 981 4012 Pater,
1013 3947 1108 4018 qui
1144 3948 1371 4018 gloriam
1397 3949 1537 4005 Filio
1570 3951 1818 4019 dederat,
1858 3955 2103 4025 exigeret
2141 3971 2265 4010 eaut

687 4038 758 4092 ab
779 4038 866 4093 his
890 4040 979 4107 qui
1009 4054 1133 4094 eum
1174 4039 1263 4095 illa
1283 4042 1589 4110 privabant,
1619 4044 2007 4117 iudicaretque
2028 4064 2122 4104 eos
2139 4064 2267 4118 pru-

686 4138 805 4195 pter
831 4130 1004 4185 illum.
1044 4131 1318 4188 Fortassis
1351 4135 1514 4189 etiam
1569 4135 1850 4203 Servator,
1882 4140 2127 4195 imitator
2159 4140 2266 4195 Pa-

692 4221 790 4276 tris
815 4236 939 4277 cum
964 4232 1135 4289 esset,
1170 4224 1400 4295 gloriam
1436 4227 1530 4281 Dei
1563 4230 1755 4295 quzerit
1781 4230 1849 4285 ab
1882 4232 2083 4301 bis'qui
2130 4234 2268 4287 didi-

688 4323 884 4367 cerunt
903 4329 1022 4383 qua:
1049 4325 1175 4370 sunt
1217 4317 1348 4383 Dei;
1381 4328 1437 4374 et
1479 4320 1579 4375 nisi
1616 4322 1886 4377 invenerit
1911 4325 1964 4378 in
1995 4323 2268 4394 aliquibus

690 4404 868 4460 Patris
901 4406 1153 4476 gloriam,
1174 4408 1445 4478 judicabit
1485 4410 1645 4476 illos,
1689 4422 1950 4485 tanquam
1990 4416 2081 4484 qui
2115 4427 2269 4484 pote-

680 4506 886 4553 statera
913 4501 1190 4569 acceperit
1221 4501 1454 4558 faciendi
1480 4501 1772 4571 judicium,
1804 4508 2064 4576 quoniam
2096 4509 2267 4564 Filius

688 4586 925 4688 hominis
946 4589 1127 4688 est‘";
1150 4589 1446 4688 lleracleoxi
1478 4611 1608 4652 sane
1631 4596 1790 4653 illud:
1815 4598 1912 4654 Est
1938 4601 2030 4668 qui
2049 4601 2262 4669 quierit,
2298 4633 2341 4688 υ

687 4688 736 4732 et
763 4678 994 4748 judicat,
1022 4679 1188 4752 360
1214 4680 1355 4753 [(52)
1397 4686 1464 4740 ad
1500 4685 1713 4741 Patrem
1760 4702 1864 4743 non
1907 4688 2098 4756 refert,
2139 4705 2261 4743 cum

626 4778 635 4785 '
690 4772 805 4827 inec
833 4773 1021 4828 dicat:
1059 4791 1077 4825 ι
1112 4777 1215 4841 Qui
1240 4778 1452 4846 qua'rit,
1480 4788 1527 4832 et
1556 4778 1765 4848 judicat
1799 4778 1860 4852 ,]
1901 4790 2005 4844 est,
2042 4782 2132 4850 qui
2177 4796 2265 4836 me

688 4864 950 4929 vindicat,
981 4866 1231 4941 minister
1251 4868 1317 4921 ad
1343 4869 1444 4923 hoc
1468 4870 1771 4931 ordinatus,
1801 4869 1892 4938 qui
1919 4886 2024 4926 non
2060 4881 2265 4927 temere

689 4954 926 5023 gladium
961 4966 1161 5025 portat,
1190 4958 1391 5014 vindex
1440 4962 1583 5029 regis
1606 4961 1653 4992 "
1682 4978 1696 5015 :
1730 4959 1944 5031 Moyses
1971 4972 2153 5017 autem
2183 4972 2268 5018 est

688 5042 777 5099 hic
801 5082 820 5111 ,
871 5048 1325 5114 quemadmodum
1370 5052 1623 5116 superius
1655 5050 1762 5106 illis
1796 5052 1932 5106 dixit
1983 5050 2143 5107 Jesus
2179 5054 2263 5108 di-

685 5150 817 5192 cens
846 5156 861 5193 :
898 5138 965 5191 In
994 5156 1146 5209 quem
1171 5156 1258 5194 vos
1286 5142 1591 5209 speravistis
1637 5142 1703 5196 ’⁸.
1739 5163 1759 5195 ι
1797 5140 1989 5197 Postea
2036 5143 2265 5215 subjun-

597 5293 607 5308 δ
686 5229 766 5297 git
795 5245 810 5283 :
844 5246 865 5279 ι
903 5228 1002 5294 Qui
1018 5231 1317 5301 judicat,et
1340 5236 1512 5304 punit,
1544 5244 1626 5288 est
1651 5233 1882 5305 Moyses,
1906 5234 2009 5289 hoc
2035 5245 2121 5291 est
2152 5237 2268 5307 ipse

595 5310 608 5359 ἶ
688 5319 987 5389 legislator.
1022 5339 1041 5372 ι
1078 5322 1271 5379 Postea
1320 5326 1542 5381 dubium
1569 5336 1762 5382 contra
1814 5326 2052 5396 seipsum
2086 5339 2264 5386 movet

687 5411 988 5467 lleracleon
1024 5414 1211 5470 dicens
1243 5433 1257 5469 :
1294 5434 1312 5467 ι
1344 5417 1628 5483 Quomodo
1653 5420 1821 5489 igitur
1845 5420 1979 5476 dicit
2001 5435 2161 5475 omne
2181 5422 2265 5492 jn-

606 5582 619 5593 .
688 5503 891 5558 dieinm
922 5505 1027 5561 sibi
1060 5507 1320 5562 traditum
1349 5507 1596 5567 fuisse?»
1627 5521 1682 5565 et
1714 5513 2036 5567 existimans
2067 5528 2128 5569 se
2152 5514 2261 5568 sol-

2370 3397 2563 3452 λ“σοαι
2610 3397 2671 3453 τὸ
2711 3395 3133 3467 ἐπηπορημένον
3182 3396 3312 3467 περὶ
3353 3393 3448 3448 τοῦ
3483 3393 3633 3465 (5ἰ>·
3705 3393 3856 3465 Ἐγὼ
3895 3393 3966 3447 δὲ

2368 3492 2441 3545 οὐ
2472 3489 2619 3558 ζητῶ
2650 3487 2767 3557 τὴν
2801 3487 2990 3551 δόξαν
3011 3503 3161 3557 μου·
3207 3486 3378 3541 ἔστιν
3410 3490 3444 3541 ό
3467 3482 3675 3554 ζὴτῶν,
3711 3486 3810 3540 και
3840 3486 3962 3555 xpl-

2367 3598 2509 3635 νων.
2553 3582 2706 3651 Ἔχει
2731 3578 2788 3632 δέ
2817 3595 2941 3631 τινα
2981 3578 3074 3632 καὶ
3104 3576 3338 3647 ἀτυφίας
3370 3576 3609 3648 ἔμφασιν
3642 3574 3963 3649 πρεπούσης

2367 3673 2445 3745 τῷ
2491 3673 2701 3743 Σωτῆρι
2748 3670 2810 3724 τὺ
2834 3670 3123 3741 λεγόμενον
3158 3670 3216 3724 ἐν
3262 3669 3339 3740 τῷ
3362 3685 3376 3700 ⁶
3431 3667 3580 3739 Ἐγὼ
3604 3667 3674 3722 δὲ
3717 3671 3790 3723 οὐ
3819 3664 3963 3735 ζητῶ

2369 3763 2482 3831 τὴν
2517 3763 2703 3827 δόξαν
2722 3778 2843 3831 μου
2869 3777 2882 3789 ο
2915 3760 3037 3813 οὐδὲ
3070 3761 3180 3832 γὰρ
3207 3761 3347 3814 πάνυ
3395 3759 3638 3831 ἔπρεπεν
3669 3760 3836 3813 αὑτὸν
3862 3758 3961 3831 τὴν

2367 3853 2561 3907 ἐαυτοῦ
2590 3853 2750 3919 δόξαν
2794 3852 3066 3913 ἀπαιτεῖν,
3114 3849 3209 3903 καὶ
3259 3849 3352 3902 ἐπὶ
3388 3847 3565 3920 τούτῳ
3597 3847 3810 3919 κρίνειν
3836 3848 3961 3911 τοὺς

2370 3946 2446 4018 μὴ
2477 3943 2886 4007 ἀποδεδωκότας
2914 3943 3113 4013 αὑτήν·
3150 3940 3265 3994 ἀλλ’
3298 3941 3467 4013 ἐχρῆν
3495 3941 3588 3995 τὸν
3629 3940 3853 4012 Πατέρα
3883 3938 3961 3993 δό-

2368 4037 2464 4103 ξαν
2494 4036 2760 4091 δεδωκότα
2801 4034 2881 4106 τῷ
2911 4032 3026 4104 Υἱῷ
3057 4034 3306 4086 ἀπαιτεῖν
3351 4033 3519 4105 αὐτὴν
3561 4032 3673 4086 ἀπὸ
3701 4031 3812 4085 τῶν
3840 4031 3962 4085 ἁπο-

2368 4136 2723 4209 στεροόντων,
2753 4134 2849 4190 καὶ
2879 4135 3085 4206 κρίνειν
3129 4131 3325 4194 αὐτοὺς
3357 4129 3451 4183 ἐπὶ
3489 4126 3688 4201 ταύτῃ.
3721 4126 3876 4195 Τάχα
3903 4121 3961 4177 δέ

2366 4229 2461 4284 καὶ
2491 4232 2520 4285 ό
2545 4229 2761 4300 Σωτὴρ,
2807 4226 3052 4300 μιμητὴς
3075 4224 3150 4279 ὢν
3174 4224 3269 4277 τοῦ
3297 4221 3533 4293 Πατρδς,
3562 4218 3723 4291 ζητεί
3752 4218 3851 4289 τὴν
3877 4214 3962 4269 δό-
4054 4276 4059 4285 ,

2368 4322 2465 4389 ξαν
2487 4321 2582 4376 τοῦ
2622 4320 2758 4375 Θεοῦ
2804 4322 2913 4375 ἀπὸ
2955 4319 3065 4374 τῶν
3115 4315 3491 4390 μανθανόντων
3528 4311 3600 4366 τὰ
3630 4309 3763 4382 περὶ¹
3791 4305 3956 4362 Θεοῦ·

2366 4413 2461 4467 καὶ
2491 4414 2539 4466 εἰ
2572 4411 2647 4485 μὴ
2676 4410 2827 4483 εὖροι
2857 4411 2959 4482 τὴν
2984 4408 3077 4464 τοῦ
3104 4407 3320 4479 Πατρδς
3346 4405 3505 4473 δόξαν
3532 4402 3591 4456 ἐν
3617 4419 3755 4465 τισι,
3778 4399 3960 4471 κρίναι

2365 4504 2431 4558 ἂν
2458 4504 2721 4568 ἐκείνους,
2775 4502 2852 4567 ὡς
2902 4501 3150 4570 ἐξουσίαν
3194 4497 3376 4554 λαϐὼν
3415 4496 3598 4569 κρίσιν
3643 4496 3843 4555 ποιεῖν,
3874 4491 3956 4545 ὅτι

2370 4594 2498 4658 Υἱὸς
2550 4592 2836 4666 ανθρώπου
2883 4594 3053 4649 ἐστιν.
3104 4592 3161 4646 '0
3210 4590 3459 4663 μέντοιγε
3499 4586 3817 4658 ’Πρακλέων
3864 4582 3952 4637 τό·

2373 4689 2586 4742 Ἔστιν
2623 4691 2657 4743 ὀ
2686 4686 2894 4756 ζητῶν,
2921 4687 3021 4742 καὶ
3043 4687 3281 4754 κρίνων,
3317 4685 3418 4739 οὐκ
3453 4681 3726 4753 ἀναφέρει
3754 4679 3846 4734 ἐπὶ
3866 4678 3955 4730 τὸν

2368 4778 2605 4850 Πατέρα,
2619 4778 2843 4832 τοιαῦτα
2856 4779 3049 4849 λέγων’
3070 4798 3088 4830 ι
3110 4780 3172 4833 '0
3186 4775 3395 4845 ζητῶν,
3413 4774 3512 4829 καὶ
3525 4775 3772 4843 κρίνων,
3788 4771 3952 4834 ἐστὶν,

2366 4873 2396 4925 ό
2426 4871 2657 4925 ἐκδικῶν
2691 4888 2781 4942 με,
2831 4873 2860 4925 ὁ
2902 4868 3181 4945 ὑπηρέτης
3210 4872 3240 4924 6
3284 4872 3365 4933 εἰς
3406 4866 3567 4921 τοῦτο
3595 4864 3952 4936 τεταγμένος,

2367 4965 2397 5018 6
2428 4963 2503 5035 μὴ
2536 4962 2660 5034 εἰκῆ
2706 4962 2805 5034 τὴν
2836 4964 3112 5035 μάχαιραν
3137 4961 3341 5034 φορῶν,
3382 4963 3410 5015 6
3443 4959 3657 5023 ἔκδικος
3680 4956 3776 5011 τοῦ
3807 4956 3957 5027 βασι-

2370 5054 2506 5119 λέως
2525 5072 2538 5084 ·
2558 5053 2798 5125 Μωῦσῆς
2813 5052 2871 5107 δέ
2888 5056 3034 5108 ἐστιν
3057 5050 3230 5117 οὗτος,
3260 5051 3403 5107 καθὰ
3430 5050 3757 5123 προείρηκεν
3777 5047 3954 5112 αὐτοῖς

2373 5143 2579 5214 λέγων’
2623 5145 2724 5210 Εἰς
2773 5142 2846 5198 ὃν
2894 5146 3063 5215 ὑμεῖς
3112 5144 3446 5212 ἠλπίσατε·
3472 5159 3490 5192 ι
3547 5136 3647 5193 εἶτ’
3683 5139 3958 5210 ἐπιφέρει,

2370 5238 2455 5291 ὅτι
2484 5256 2502 5289 ι
2526 5237 2584 5289 Ὀ
2615 5237 2836 5308 κρίνων,
2864 5238 2960 5291 καὶ
2993 5236 3235 5301 κολάζων
3248 5236 3366 5288 ἐστὶ
3382 5233 3650 5303 Μωῦσῆς,
3679 5230 3958 5285 τουτέστιν

2370 5329 2535 5393 αὐτὸς
2580 5332 2609 5384 6
2634 5310 2954 5401 νομοθέτης.
3002 5346 3021 5379 ι
3070 5325 3181 5382 Καὶ
3227 5324 3368 5398 μετὰ
3399 5323 3559 5379 τοῦτο
3588 5324 3730 5396 πρὸς
3767 5321 3956 5377 ἐαυτὸν

2368 5421 2639 5491 ἐπαπορεῖ
2668 5423 2698 5474 6
2738 5418 3052 5492 ’Πρακλέων
3076 5419 3249 5488 λέγων
3267 5435 3282 5447 ·
3319 5438 3337 5469 ι
3359 5416 3483 5479 Πῶς
3519 5411 3614 5469 οὖν
3640 5414 3704 5468 οὐ
3736 5416 3845 5485 (55)
3869 5413 3942 5466 λέο

2367 5531 2452 5583 γει
2488 5515 2586 5586 τὴν
2610 5516 2791 5587 κρίσιν
2829 5516 3007 5569 πᾶσαν
3038 5512 3432 5585 παραδεδόσθαι
3461 5509 3615 5582 αὐτῷ
3637 5527 3654 5577 ;
3679 5530 3699 5562 ι
3752 5508 3953 5564 καινο-

742 5620 1104 5703 ⁸ξιιῐοιιιιτιιιιι,
1124 5624 1214 5679 50.
1291 5627 1335 5658 “
1358 5626 1460 5703 l_sa.
1487 5630 1670 5703 341,5;
1709 5628 1957 5703 Rom.__n,
1987 5631 2079 5686 ει.
2152 5632 2267 5691 "Jo

2388 5652 2439 5701 v,
2466 5636 2667 5703 22,25.
2744 5637 2790 5670 "
2815 5637 2947 5694 ibid.
2972 5636 3065 5693 50.
3145 5636 3192 5669 "
3207 5632 3366 5691 Joan.
3397 5651 3531 5700 xw,
3562 5632 3650 5688 10.
3727 5630 3951 5688 "Joan.

684 5706 740 5758 ν,
771 5693 862 5745 27.
937 5694 985 5728 "
1019 5692 1179 5749 Rom.
1214 5710 1332 5760 ιιιι,
1357 5697 1411 5751 4.
1486 5699 1530 5729 ⁷⁸
1559 5692 1716 5755 Joan.
1744 5716 1796 5767 v,
1817 5701 1909 5756 £5.

756 5802 872 5880 i
895 5806 1034 5880 Περὶ
1072 5806 1203 5880 τοῦ,
1235 5807 1292 5861 1η
1324 5806 1531 5864 codice'
1552 5811 1719 5880 Regio
1752 5814 1908 5871 deest
1947 5813 2064 5869 τοῦ.

758 5872 871 5946 (52)
906 5872 1029 5933 llaec
1054 5879 1426 5949 supplevimus
1452 5899 1477 5937 e
1506 5872 1778 5940 Peiionio.

2449 5816 2564 5896 (ὃὸ)
2592 5819 2673 5872 δὲ
2701 5817 3005 5875 redundare
3042 5817 3281 5884 videtur,
3310 5832 3408 5874 nec
3439 5817 3605 5873 etiam
3640 5816 3765 5889 legit
3818 5812 3948 5871 Fer-

2374 5901 2430 5941 ra
2440 5902 2573 5951 rtus.
