4082 6534
270 318 364 371 677

1316 329 1673 387 COMMENT.
1715 330 1782 385 IN
1813 329 2009 386 JOAN.
2048 335 2284 395 TOMUS
2322 341 2441 397 XX.

3411 363 3516 418 678

268 434 371 505 ρεῖν
400 431 658 501 θάνατον,
694 440 791 493 καὶ
815 438 1063 510 γεύεσθαι
1094 441 1346 510 θανάτου,
1371 446 1544 511 οὕτως
1580 449 1673 501 καὶ
1704 465 1812 502 κατε

1914 487 1917 499 ι
1951 461 2201 517 mortem,
2237 454 2320 509 vel
2350 463 2571 526 tangere
2610 470 2837 516 mortem
2869 486 2882 519 :
2914 474 2968 518 et
3001 466 3048 520 si
3077 482 3269 525 manus
3294 485 3513 541 aposto-

261 525 324 579 τά
371 524 537 580 λοιπὰ
579 529 927 603 αἰσθητήρια,
977 533 1093 603 ἦτοι
1144 534 1362 589 ἀκούειν
1390 522 1642 605 θανάτου,
1686 540 1840 610 ῆὸσ-

263 615 584 685 φραίνεσθαι
619 618 871 685 θανάτου,
905 622 937 694 ἢ
968 622 1231 680 ἅπτεσθαι
1263 625 1515 682 Gaudeo-4'
1562 631 1611 682 εἰ
1644 629 1752 702 γὰρ
1784 634 1839 685 αἱ

258 708 431 777 χεῖρες
476 708 595 762 τῶν
631 712 941 766 ἀποστόλων
969 713 1321 787 ἐψηλάφησαν
1371 720 1499 790 περὶ
1540 719 1634 773 τοῦ
1680 720 1837 791 λόγου

258 796 349 865 τῆς
378 798 551 869 ζωῆς,
609 802 744 873 μήτι
775 805 830 856 αἱ
859 809 1041 877 χεῖρες
1086 809 1195 862 τῶν
1239 810 1688 879 ψευδαποστόλων
1744 814 1838 868 καὶ

256 885 497 956 ἐργατῶν
527 889 746 957 δολίων,
779 898 1398 970 μετασχηματιζομένων
1445 903 1524 966 εἰς
1574 904 1836 972 ἀγγέλους

255 976 621 1052 δικαιοσύνης,
664 983 951 1055 ψηλαφῶσι
994 992 1120 1061 περὶ
1147 991 1239 1044 τοῦ
1269 992 1427 1061 λόγου
1456 992 1548 1046 τοῦ
1583 994 1831 1048 θανάτου⁸

253 1069 338 1122 καὶ
362 1072 412 1123 εξ
431 1070 504 1124 τὰ
532 1073 787 1144 πρόϐατα
819 1079 1051 1148 Χριστοῦ
1081 1081 1269 1135 ἀκούει
1299 1083 1400 1153 τῆς
1428 1085 1612 1155 φωνῆς
1645 1086 1830 1155 αὑτοῦ,

253 1162 453 1232 μήποτε
509 1164 587 1219 τὰ
623 1166 700 1240 μὴ
748 1169 910 1223 αὑτοῦ
946 1171 1191 1241 πρόϐατα
1246 1174 1378 1245 πρὸς
1426 1174 1519 1238 οὓς
1565 1174 1710 1245 λέγοι
1743 1177 1828 1231 ἄν’

259 1251 436 1320 Ὑμεῖς
456 1250 579 1309 οὐκ
594 1256 743 1311 ἐστε
759 1259 828 1314 ἐκ
850 1261 967 1314 τῶν
984 1263 1291 1331 προϐάτων
1307 1265 1425 1319 τῶν
1447 1267 1623 1336 ἐμῶν,
1644 1268 1829 1322 ἀκούει

247 1341 338 1409 τῆς
380 1345 577 1415 φωνῆς
619 1346 717 1401 τοῦ
762 1347 1011 1406 θανάτου.
1050 1353 1191 1423 Ὅρα
1227 1355 1274 1407 εἰ
1307 1356 1380 1425 μὴ
1422 1356 1565 1428 ὀσμὴ
1598 1356 1828 1411 θανάτου

244 1434 381 1488 ἐστὶν
431 1436 494 1488 ὲν
528 1440 650 1502 τοῖς
700 1439 810 1492 ἀπὸ
852 1442 949 1514 τῆς
983 1444 1258 1515 ἁμαρτίας
1305 1446 1548 1518 μώλωψι,
1596 1452 1725 1524 περὶ
1753 1444 1827 1507 ὧν

243 1522 470 1593 εἴρηται·
520 1526 947 1594 Προσώζεσαν,
971 1532 1067 1585 καὶ
1102 1532 1427 1603 ἐσάπησιιν
1456 1539 1509 1591 οἱ
1538 1522 1827 1606 μώλωπές

236 1630 363 1681 μου’
396 1615 495 1668 καὶ
524 1618 680 1689 ὀσμὴ
711 1618 942 1674 θανάτου
962 1623 1020 1674 ὲν
1050 1622 1127 1693 τῷ
1154 1625 1406 1699 Λαζάρῳ,
1435 1629 1562 1699 πρὶν
1584 1629 1823 1700 ἀναστῆ-

238 1724 316 1760 ναι
350 1709 416 1762 ἐκ
455 1710 704 1783 νεκρῶνο
748 1707 816 1785 ἧς
869 1713 942 1785 μὴ
990 1713 1298 1786 βουλόμενοι
1342 1719 1732 1790 ὀσφραίνεσθαι
1772 1721 1822 1773 οἱ

1951 540 2123 596 lorum
2177 554 2651 602 contrectaverunt
2702 550 2771 605 de
2819 553 2986 609 verbo
3032 557 3239 623 vita“,
3268 540 3513 631 nunquid

1945 646 2138 689 manus
2178 639 2757 709 pseudoapostolorutn
2804 652 2860 699 et
2891 649 3262 714 Operariorum
3296 654 3512 709 doloso-

1944 735 2084 789 rum,
2109 724 2197 792 qui
2228 726 2684 797 transﬁgurantur
2705 731 2760 785 in
2788 734 3011 803 angelos
3034 736 3263 804 justitiae
3285 741 3353 806 “,
3385 758 3512 799 con-

1944 814 2300 867 trectaverint
2330 814 2398 869 de
2428 816 2595 871 verbo
2617 820 2809 875 mortis
2835 838 2850 875 :
2878 832 2932 876 et
2958 825 3003 878 si
3033 841 3163 881 oves
3182 828 3384 886 Christi
3414 849 3511 887 au-

1939 898 2092 954 diunt
2127 916 2311 957 vocem
2357 903 2474 972 ejus
2500 906 2568 973 ³¹,
2597 911 2839 980 nunquid
2886 914 3049 969 etiam
3088 932 3209 986 qua:
3247 936 3354 976 non
3386 934 3510 979 sunt

1937 988 2055 1057 ejus
2076 1005 2225 1056 oves,
2262 994 2327 1047 ad
2357 1009 2497 1064 quos
2526 997 2729 1053 dicitur
2753 1018 2768 1054 :
2809 999 2910 1057 Vos
2939 1019 3046 1058 non
3070 1010 3195 1061 estis
3235 1026 3299 1065 ea:
3328 1015 3510 1070 ovibus

1935 1081 2064 1135 meis
2084 1082 2150 1145 ³³,
2173 1084 2397 1139 audiant
2418 1102 2603 1143 vocem
2631 1092 2841 1147 mortis.
2865 1092 3101 1152 Proinde
3124 1099 3244 1153 vide
3269 1117 3337 1157 ne
3363 1101 3508 1160 forte

1932 1172 2094 1227 etiam
2111 1176 2182 1228 sit
2201 1178 2337 1230 odor
2354 1180 2542 1234 mortis
2566 1182 2618 1236 in
2645 1182 2729 1239 his
2754 1185 3171 1259 vibicilaus,qu:e
3195 1207 3259 1247 ex
3284 1207 3509 1263 peccato

1931 1268 2274 1332 proveniunt,
2301 1269 2366 1323 de
2385 1271 2581 1337 quibus
2605 1274 2813 1330 dictum
2841 1288 2924 1333 est
2955 1294 2969 1332 :
3004 1279 3296 1337 Fetuerunt
3318 1296 3367 1339 et
3389 1302 3506 1340 cor-

1930 1364 2096 1421 rupta
2120 1367 2241 1410 sunt
2268 1359 2457 1414 vibices
2481 1377 2608 1416 mea:
2628 1363 2675 1396 "
2699 1381 2717 1431 ;
2742 1375 2796 1421 et
2818 1369 2953 1424 odor
2977 1374 3166 1427 mortis
3190 1374 3241 1428 in
3267 1374 3502 1438 Lazaro,

1929 1453 2220 1514 antequam
2279 1464 2310 1503 a
2368 1454 2594 1509 mortuis
2643 1470 2987 1529 resurgeret;
3044 1478 3203 1531 quem
3257 1467 3502 1522 nolentes

1927 1533 2159 1590 odorare
2187 1540 2417 1607 apostoli
2453 1541 2709 1600 dicebant
2742 1545 3018 1606 Servatori
3050 1569 3065 1607 :
3108 1552 3353 1620 Domine,
3378 1556 3498 1626 jam

1923 1622 2074 1691 fetet;
2090 1628 2475 1695 quatriduanus
2501 1636 2639 1690 enim
2662 1648 2736 1692 est
2760 1640 2824 1695 ³⁸.
2844 1641 2910 1695 At
2940 1659 3069 1700 vero
3088 1646 3231 1714 quod
3256 1648 3321 1701 ad
3345 1622 3496 1706 mor-

1926 1714 1994 1769 tis
2021 1717 2237 1772 odorem
2280 1721 2494 1788 attinet,
2528 1726 2618 1793 qui
2659 1738 2843 1785 mente
2884 1734 3147 1799 cernitur,
3184 1747 3241 1790 et
3268 1736 3335 1792 ad
3365 1739 3497 1794 odo-

238 1796 517 1851 ἀπόστολοι
556 1798 752 1870 ἔλεγον
800 1802 912 1874 (52)
957 1803 1035 1874 τῷ
1082 1805 1295 1878 Σωτῆρι
1337 1807 1418 1860 τό·
1466 1810 1663 1877 Κύριε,
1706 1809 1812 1878 ἤδη

1930 1819 2042 1858 rem
2069 1806 2207 1872 \itae,
2224 1811 2578 1878 apostolicum
2606 1814 2733 1871 illud
2757 1818 3104 1877 observemus
3126 1839 3347 1881 necesse
3364 1837 3447 1883 est
3473 1846 3490 1885 :

239 1884 363 1946 ὄζει·
405 1890 773 1958 τεταρταῖος
820 1891 930 1961 γάρ
981 1892 1170 1948 ἐστιν.
1219 1896 1314 1960 Εἰς
1352 1897 1409 1951 δὲ
1451 1898 1511 1952 τὸ
1563 1900 1691 1971 περὶ
1728 1899 1826 1972 τῆς

234 1978 419 2049 νοητῆς
467 1982 665 2052 ὀσμῆς
710 1984 1028 2061 θανάτου,ἢ
1075 1990 1250 2059 ὀσμῆς
1296 1987 1442 2060 ζωῆς
1488 1996 1824 2063 παρατηρεῖν

234 2069 403 2140 δεήσει
435 2071 502 2124 τὸ
525 2074 895 2130 ἀποστολικὺν
929 2078 1101 2143 οὕτως
1140 2079 1282 2150 ἔχον·
1320 2081 1580 2149 Χριστοῦ
1607 2083 1824 2139 εὐωδία

230 2157 404 2227 ἐσμὲν
428 2161 512 2227 τῷ
548 2162 681 2229 Θεῷ
716 2165 786 2218 ἐν
804 2168 981 2221 παντί
1000 2171 1178 2236 τόπῳ,
1217 2169 1288 2223 ἐν
1304 2157 1425 2236 τοῖς
1441 2170 1819 2240 σωζομένοις,

231 2252 313 2304 καὶ
334 2252 403 2306 ἐν
428 2253 568 2322 τοῖς
583 2256 1056 2327 ἀπολλυμένοις,
1073 2256 1163 2328 οἷς
1171 2260 1288 2335 μὲν
1300 2262 1460 2331 ὀσμὴ
1478 2264 1546 2317 ἐκ
1560 2264 1820 2320 θανάτου

227 2343 303 2406 εἰς
319 2343 611 2411 θάνατον,
646 2342 742 2414 οἷς
768 2347 836 2402 δὲ
862 2349 1018 2419 ὀσμὴ
1044 2352 1111 2405 ἐκ
1138 2351 1286 2420 ζωῆς
1315 2356 1402 2420 εἰς
1429 2353 1599 2420 ζωήν*
1623 2356 1820 2411 εὐωδία

230 2432 439 2503 μὲνγὰρ
477 2435 737 2504 Χριστοῦ
765 2438 890 2502 εἰσι,
922 2439 1014 2491 καὶ
1042 2440 1292 2511 οὐδαμῶς
1316 2441 1566 2508 δυσωδία,
1604 2446 1660 2498 ὲν
1686 2463 1819 2501 παν·-

226 2522 271 2573 τὶ
293 2522 443 2595 τόπῳ
470 2527 525 2578 οἱ
558 2526 628 2579 ὲν
656 2525 880 2599 Χριστῷ
910 2529 1203 2600 ἄνθρωποι.
1247 2531 1384 2586 Ἀλλ’
1416 2535 1538 2587 ἐπεὶ
1569 2534 1812 2608 ὥσπερὴ

228 2617 504 2687 σωματικὴ
554 2617 766 2671 εὐωδία
802 2618 922 2672 τινὰ
965 2620 1073 2674 τῶν
1101 2619 1255 2685 ζώων
1287 2621 1503 2691 λέγεται
1549 2625 1813 2697 ἀναιρεῖν,

228 2703 384 2769 οὕτως
409 2707 505 2761 διὰ
544 2707 655 2780 τὴν
693 2711 1095 2783 προγενομένην
1144 2714 1343 2767 κακίαν
1378 2716 1472 2769 καὶ
1502 2717 1534 2787 ἡ
1573 2717 1812 2789 Χριστοῦ

225 2797 404 2850 εὐωδία
450 2798 682 2867 γένοιτο
731 2798 797 2851 ἄν
825 2816 932 2853 τισι
964 2804 1076 2865 τοῖς
1112 2802 1177 2854 ὲκ
1203 2801 1432 2857 θανάτου
1470 2807 1550 2869 είς
1585 2804 1812 2863 θάνατον

224 2886 404 2952 αὐτῶν,
433 2891 558 2951 τοῖς
593 2888 658 2942 δὲ
688 2888 757 2942 ἐκ
787 2888 930 2961 ζωῆς
945 2892 1225 2947 ἀποὸαίνει
1249 2896 1329 2957 εἰς
1357 2892 1503 2967 ζωήν
1519 2896 1652 2968 (55).
1670 2898 1811 2951 Ταῦ⁴

225 2994 280 3029 τα
306 2981 708 3052 παρακείμενα
752 2984 883 3054 ἡμῖν
924 2983 1100 3048 ἔδοξεν
1134 2979 1273 3038 εἶναι
1320 2989 1385 3057 τῇ
1438 2986 1680 3052 ἐξετάσει
1713 2987 1806 3043 τοῦ

223 3065 461 3131 γεύεσθαι
507 3069 783 3135 θανάτου,
833 3072 926 3124 καὶ
968 3071 1061 3126 τοῦ
1096 3072 1342 3144 Θεωρείν,
1386 3076 1419 3147 ἢ
1456 3078 1531 3149 μὴ
1583 3076 1807 3151 θεωρεῖν

221 3155 299 3210 τὸν
333 3158 599 3215 θάνατον.
643 3162 807 3215 Μετὰ
834 3163 1004 3216 ταῦτα
1041 3163 1116 3235 μὴ
1151 3146 1480 3238 Θεωροῦντεξ
1499 3146 1608 3241 ὃσῳ
1638 3146 1807 3245 ὑπερ·
1836 3146 1878 3202 c

225 3251 319 3319 ἔχει
360 3252 614 3323 Χριστος
667 3252 782 3306 τῶν
836 3254 1185 3326 πατριαρχῶν
1223 3258 1310 3309 καὶ
1343 3259 1449 3312 τῶν
1494 3263 1805 3334 προφητῶν,

371 3343 513 3414 μηδὲ
568 3343 929 3409 πιστεύοντες
957 3347 1191 3416 Χριστὸν
1221 3345 1356 3402 εἶναι
1385 3351 1475 3403 τὸν
1507 3354 1808 3424 τηλικαῦτα

220 3430 551 3500 διδάσκοντα,
607 3436 952 3508 ἐπαποροῦσι
1013 3432 1282 3507 λέγοντεςο
1333 3444 1428 3511 Μὴ
1480 3444 1561 3498 σὺ
1596 3447 1808 3515 μείζων

221 3518 269 3575 εἷ
293 3525 393 3579 τοῦ
436 3526 686 3596 πατρὸς
728 3529 897 3598 ἡμῶν
950 3532 1217 3604 Ἀϐραὰμ,
1268 3535 1435 3604 ὅστις
1472 3539 1805 3607 ά.τέθανεν;

221 3615 317 3688 ὓῦχ
344 3620 518 3690 ὁρῶσι
545 3620 633 3685 δὲ,
659 3620 726 3673 οὐ
756 3620 915 3691 μόνον
948 3623 1043 3677 τοῦ
1073 3626 1343 3699 Ἀϐραὰμ,
1372 3630 1506 3683 ἀλλὰ
1540 3634 1634 3685 καὶ
1664 3650 1805 3687 παν-

220 3706 293 3770 τός
317 3710 372 3762 ὲν
391 3715 696 3783 γεννητοῖς
735 3714 1006 3781 γυναικῶν
1039 3718 1066 3769 ὁ
1092 3718 1156 3770 ἐκ
1182 3718 1279 3790 τῆς
1309 3720 1583 3792 Παρθένου
1612 3742 1802 3794 γεγεν-

217 3802 451 3870 νημένος,
479 3803 585 3856 καὶ
613 3802 731 3857 τῶν
756 3805 1047 3876 προφητῶν
1080 3808 1297 3863 πάντων
1328 3812 1356 3864 ὁ
1389 3815 1802 3886 προφητευόμε-

218 3908 291 3954 vo;
337 3894 431 3948 ὑπ’
464 3894 687 3962 αὐτῶν,
720 3896 816 3949 καὶ
847 3896 954 3951 τῶν
993 3898 1370 3954 ἀποθανόντων
1401 3903 1430 3954 ὁ
1457 3903 1797 3977 ζωοποιήσας

217 3983 413 4048 αὐτοὺς,
456 3988 566 4057 οὐχ
619 3986 820 4040 ἑαυτὸν
856 3988 1085 4059 ποιήσας
1118 3989 1372 4056 τοιοῦτον,
1414 3992 1528 4046 ἀλλ’
1562 3994 1670 4047 ἀπὸ
1701 3994 1794 4049 τοῦ

216 4071 404 4144 Πατρδς
428 4075 651 4132 λαϐὼν.
689 4078 921 4146 ”Ωσπερ
946 4080 1054 4149 γὰρ
1081 4084 1114 4134 ὁ
1150 4082 1356 4151 Πατὴρ
1388 4084 1511 4155 ἔχει
1551 4085 1704 4156 ζωὴν
1729 4090 1800 4145 ἐν

214 4164 402 4233 ἐαυτῷ,
428 4170 600 4223 οὕτω
640 4168 747 4223 καὶ
791 4169 872 4236 τῷ
925 4171 1035 4237 Υἱῷ
1078 4172 1230 4240 (tth
1274 4174 1501 4230 ἔδωκεν
1535 4177 1700 4247 ἔχειν
1727 4181 1798 4234 ἐν

213 4254 401 4325 ἐαυτῷ,
436 4262 502 4314 οὐ
540 4261 839 4333 δυναμένῳ
882 4265 1055 4315 ποιεῖν
1086 4264 1177 4334 ἀφ’
1206 4266 1398 4320 ἑαυτοῦ
1441 4269 1562 4323 οὐδὲ
1592 4270 1670 4335 ἓν,
1701 4273 1795 4326 καὶ

213 4344 441 4415 ζητοῦντι
475 4353 544 4406 τὸ
602 4352 825 4423 θέλημα
855 4354 913 4407 οῦ
942 4355 1002 4409 τὸ
1049 4356 1264 4421 ἑαυτοῦ,
1313 4359 1450 4414 ἀλλὰ
1482 4362 1543 4415 τὸ
1579 4363 1792 4436 Θὲλημα

1927 1892 2128 1950 Christi
2158 1898 2323 1954 bonus
2352 1901 2484 1955 odor
2508 1920 2689 1960 sumus
2720 1907 2830 1962 Deo
2858 1911 2912 1963 in
2952 1915 3091 1967 omni
3130 1913 3243 1968 loco
3266 1931 3285 1970 :
3308 1919 3363 1972 in
3404 1919 3489 1974 Itis

1922 1989 2013 2056 qui
2041 2003 2339 2057 servantur,
2356 2004 2402 2047 et
2427 1996 2482 2048 in
2504 1996 2585 2051 Itis
2607 2000 2701 2069 qui
2718 2014 2933 2070 pereunt
2957 2019 2977 2057 :
2999 2005 3116 2059 istis
3131 2009 3338 2075 quidem
3362 2015 3495 2065 odor

1922 2082 2104 2136 mortis
2144 2082 2201 2136 in
2248 2096 2485 2153 mortem,
2531 2088 2639 2143 illis
2671 2107 2790 2145 vero
2826 2094 2956 2148 odor
2978 2097 3095 2151 vim
3121 2100 3173 2153 in
3214 2101 3373 2156 vitam
3394 2103 3441 2134 ³⁸
3475 2119 3491 2159 :

1923 2170 2092 2226 bonus
2121 2174 2265 2227 enim
2293 2171 2426 2230 odor
2441 2177 2637 2233 Christi
2668 2190 2795 2235 sunt
2824 2183 2875 2237 in
2908 2187 3053 2240 omni
3089 2186 3288 2251 loco,ct
3321 2191 3488 2246 haud-

1919 2276 2193 2331 quaquam
2248 2266 2423 2321 malus
2470 2270 2624 2335 odor,
2660 2272 2908 2329 homines
2940 2278 2992 2330 in
3023 2278 3260 2335 Christo.
3287 2281 3485 2338 Verum

1917 2351 2192 2408 enimvero
2217 2357 2469 2424 quoniam
2494 2370 2548 2413 ιιι
2566 2363 2871 2431 corporalis
2896 2366 3213 2425 bonnsoloi
3230 2372 3430 2426 animal
3455 2388 3488 2427 a

1919 2443 2185 2511 qnmdanr
2219 2448 2717 2516 petinetedicitur,
2747 2454 3024 2523 sicct'am,
3042 2472 3257 2530 propter
3288 2479 3489 2532 ιιι-πισο-

1917 2541 2046 2596 dens
2065 2542 2275 2610 vitium,
2304 2545 2475 2602 honus
2494 2548 2691 2605 Christi
2706 2551 2838 2606 odor
2852 2552 2932 2606 his
2949 2556 3035 2624 qui
3056 2567 3181 2609 sunt
3203 2571 3264 2610 ex
3289 2572 3391 2614 lth-
3411 2568 3486 2627 te,

1917 2632 2052 2688 litin
2088 2646 2314 2691 mortem
2347 2639 2606 2708 ipsorum,
2638 2657 2758 2695 cum
2797 2644 3011 2699 interim
3044 2647 3127 2701 his
3149 2649 3236 2716 qui
3262 2659 3476 2707 suntex

1913 2722 2044 2788 vita,
2070 2722 2159 2776 ﬁat
2180 2725 2231 2778 in
2251 2726 2435 2780 vitam.
2461 2727 2582 2782 llmc
2599 2730 2750 2784 nobis
2766 2728 2877 2783 visa
2890 2742 3010 2786 sun:
3030 2746 3150 2787 esse
3167 2728 3475 2805 adjacentia

1912 2813 2265 2881 disputationi
2309 2817 2376 2871 dc
2422 2820 2691 2887 gustando
2734 2831 2990 2887 mortem,
3023 2815 3107 2876 vel
3150 2826 3215 2878 de
3246 2826 3477 2881 vit'endo

1911 2915 2003 2959 aut
2028 2920 2132 2960 non
2181 2907 2409 2963 mdendo
2440 2918 2687 2964 mortem.
2722 2908 2842 2964 Post
2874 2911 2987 2966 haec
3013 2910 3228 2985 [iudici]
3265 2929 3370 2967 non
3398 2917 3479 2968 vi-

1912 2998 2107 3055 dentes
2145 3010 2405 3069 quautum
2459 3010 2742 3071 praestaret
2773 3003 3026 3058 Christus
3068 3006 3392 3074 patriarchis
3421 3016 3478 3061 et

1912 3092 2217 3163 prophetis,
2250 3108 2314 3147 ac
2361 3107 2429 3148 ne
2479 3091 2726 3147 Messiatn
2761 3095 2977 3163 quidem
3026 3110 3146 3151 esse
3189 3100 3476 3155 credentes

1916 3184 2040 3238 talia
2065 3194 2322 3254 tantaque
2340 3187 2641 3251 docentem,
2668 3189 2977 3244 atlduhitant
3006 3192 3246 3245 dicentes
3278 3206 3293 3245 :
3320 3190 3469 3246 Num

1911 3285 1966 3329 tu
1989 3278 2162 3347 major
2182 3294 2234 3333 es
2254 3289 2404 3347 patre
2428 3290 2605 3333 nostra
2635 3279 2919 3344 Abraham,
2937 3282 3027 3351 qui
3050 3293 3285 3338 mortuus
3303 3296 3377 3338 est
3395 3284 3477 3340 "2

1908 3363 2026 3419 Non
2048 3365 2232 3420 vident
2266 3376 2472 3431 autem,
2501 3368 2642 3436 quod
2668 3369 2760 3438 qtti
2785 3368 2996 3437 genitus
3024 3380 3107 3424 est
3138 3384 3200 3423 ex
3225 3370 3479 3440 Virgine,

1909 3469 2014 3508 non
2048 3455 2222 3510 solum
2252 3454 2559 3510 Abrahamo
2590 3457 2728 3524 ipso,
2754 3474 2937 3513 verum
2962 3459 3124 3513 etiam
3152 3476 3477 3531 quocunque

1906 3561 1971 3601 ex
2027 3548 2347 3604 mulieribus
2403 3550 2585 3620 genito
2631 3551 2701 3604 sit
2757 3552 2957 3619 major;
3013 3553 3179 3624 368
3236 3554 3477 3623 itemque

1904 3637 2158 3693 omnibus
2212 3640 2515 3709 prophetis,
2571 3642 2924 3711 prapltetatus
2973 3643 3042 3697 ab
3091 3644 3260 3713 ipsis;
3310 3654 3476 3713 atque

1903 3729 2159 3784 omnibus
2187 3730 2278 3799 qui
2327 3732 2522 3786 mortui
2558 3731 2792 3797 iuerint,
2822 3734 2945 3800 quia
2979 3734 3122 3802 ipsos
3160 3734 3473 3790 viviﬁcave-

1906 3819 1975 3872 rit
2003 3835 2018 3874 :
2055 3835 2155 3875 nec
2184 3823 2307 3888 hoc,
2336 3822 2461 3892 quia
2492 3821 2732 3892 seipsum
2765 3823 2921 3878 talem
2967 3823 3179 3889 fecerit,
3222 3826 3317 3880 sed
3344 3826 3467 3893 quia

1905 3909 2084 3964 isthuc
2105 3920 2138 3965 ’a
2181 3911 2343 3965 Patre
2375 3914 2666 3982 acceperit.
2694 3911 2761 3966 Ut
2783 3915 2919 3967 enim
2947 3911 3112 3968 Pater
3139 3915 3293 3967 vitam
3313 3914 3468 3968 habet

1902 3999 1958 4052 in
1980 4000 2280 4069 sentetipso,
2312 4002 2389 4055 sic
2419 4002 2562 4055 dedit
2605 4004 2765 4056 etiam
2797 4001 2965 4071 Filio,
2991 4014 3045 4057 ut
3090 4005 3249 4058 vitam
3274 4004 3466 4058 habeat

1898 4090 1953 4145 in
1996 4092 2276 4162 semetipso
2298 4092 2367 4158 ³⁸,
2410 4092 2551 4148 Filio
2592 4109 2698 4147 non
2727 4094 2946 4150 valente
2993 4109 3023 4149 a
3073 4095 3251 4164 seipso
3279 4094 3467 4151 facere

1897 4183 2212 4253 quidquam,
2254 4199 2354 4238 nec
2403 4194 2677 4254 qttzerente
2707 4184 3036 4240 voluntatem
3071 4201 3225 4240 suam
3259 4184 3461 4252 facere,

1896 4274 1989 4328 sed
2021 4276 2138 4340 ejus
2187 4273 2279 4344 qui
2330 4274 2479 4329 misit
2532 4273 2682 4328 illum
2707 4275 2777 4328 ".
2820 4275 3012 4330 Dicunt
3059 4276 3260 4330 etiam:
3296 4274 3464 4340 Quem

1894 4365 2117 4432 teipsum
2211 4366 2345 4434 {acis
2410 4365 2523 4420 ⁸⁸2
2593 4367 2792 4436 quippe
2854 4367 2944 4436 qui
3033 4381 3137 4422 non
3222 4367 3467 4422 viderant

210 4437 288 4489 τοῦ
313 4440 640 4512 πέμψαντος
673 4443 860 4500 αὐτόν.
897 4446 1006 4498 Καὶ
1035 4446 1113 4500 τό’
1140 4449 1276 4503 Τίνα
1291 4452 1552 4507 σεαυτὸν
1570 4454 1789 4522 ποιεῖς;

1914 4469 2148 4537 Iuoniatn
2202 4484 2307 4524 non
2361 4469 2597 4540 seipsum
2663 4469 2868 4525 fecerat
2907 4468 3065 4525 Jesns
3110 4468 3251 4538 quod
3300 4476 3387 4524 est
3442 4486 3459 4524 :

213 4528 273 4600 μὴ
288 4532 727 4606 τεθεωρηκάιων
757 4529 828 4605 ἦν
854 4534 1025 4607 φωνὴ,
1059 4537 1142 4590 ὅτι
1173 4540 1272 4610 οὐχ
1306 4541 1494 4595 ἑαυτὸν
1514 4543 1543 4595 ὁ
1585 4545 1793 4615 Ἰησοῦς

212 4624 489 4695 πεποίηκεν
536 4626 688 4695 ὅπερ
722 4624 892 4677 ἐστίν’
919 4626 1105 4700 διόπερ
1144 4630 1238 4683 καὶ
1273 4631 1407 4702 πρὸς
1453 4633 1610 4689 τοῦτο
1647 4636 1797 4690 δοκεῖ

214 4726 284 4778 μοι
311 4714 747 4788 ἀποκρίνεσθαι,
779 4714 1042 4771 διδάσκων
1072 4718 1157 4783 τίς
1177 4722 1337 4774 αὐτὸν
1371 4723 1626 4794 ἐποίησεν
1655 4727 1791 4801 ὅπερ

208 4797 287 4870 ἦν,
314 4808 390 4860 τάο
435 4810 585 4863 Ἐὰν
604 4805 728 4877 ἐγὼ
752 4807 993 4872 δοξάσω
1022 4810 1300 4879 ἐμαυτὸν,
1320 4814 1357 4882 ἡ
1380 4814 1529 4880 δόξα
1545 4835 1665 4884 μου
1685 4797 1790 4873 oo-

208 4893 294 4949 es
318 4898 511 4954 ἐστιν·
540 4900 727 4954 ἐστιν
751 4902 785 4954 ό
806 4899 1009 4968 Πατὴρ
1039 4904 1073 4955 ὁ
1095 4901 1356 4968 δοξάζων
1378 4924 1476 4976 με.
1514 4909 1623 4962 Καὶ
1653 4908 1785 4962 ταῦ-

207 5004 261 5041 τα
287 4991 359 5055 δὲ,
391 4993 662 5064 αὐτάρκη
704 4994 1054 5066 περιγραφὴν
1097 4994 1379 5068 εἰληφότος
1408 4997 1502 5051 τοῦ
1538 5000 1784 5055 εἰκοστοῦ

208 5078 296 5132 τῶν
334 5084 414 5147 εἰς
457 5084 526 5137 τὸ
575 5082 726 5136 κατὰ
773 5083 1027 5156 Ἰωάννην
1076 5087 1403 5156 Εὑαγγέλιον
1443 5088 1783 5161 ἐξηγητικῶν

207 5170 369 5240 τόμον,
393 5177 500 5247 τὴν
534 5175 901 5247 περιγραφὴν
928 5176 1159 5231 ἐνταῦθα
1185 5177 1474 5248 εἱληφέτω,
1506 5180 1612 5246 ἵνα,
1646 5182 1782 5239 Θεοῦ

207 5261 674 5333 ἀποκαλύπτοντας
720 5268 856 5337 ἡμῖν
902 5265 971 5321 τὰ
1013 5268 1159 5341 ἑξῆς,
1210 5269 1574 5343 θεωρήσωμεν
1612 5274 1671 5326 ἐν
1701 5275 1781 5346 τῷ

1895 4588 2059 4642 quam
2102 4572 2171 4627 ob
2212 4588 2430 4628 causam
2460 4572 2624 4627 etiam
2670 4571 2883 4626 videtur
2933 4570 3067 4625 mihi
3116 4571 3182 4625 ad
3239 4572 3343 4625 hoc
3380 4582 3464 4625 re-

1892 4670 2186 4739 spondere,
2215 4669 2417 4726 docens
2445 4671 2568 4740 quis
2598 4671 2772 4741 ipsum
2798 4671 3019 4725 fecisset
3055 4670 3108 4723 id
3134 4668 3275 4738 quod
3307 4676 3460 4723 erat:

1893 4769 1952 4827 Si
1976 4785 2069 4841 ego
2108 4771 2350 4842 gloriﬁco
2384 4771 2661 4841 meipsum,
2684 4772 2855 4842 gloria
2901 4787 3017 4825 mea
3062 4768 3210 4823 nulla
3248 4775 3462 4832 ωηατ

1892 4871 2081 4937 Pater,
2107 4875 2200 4943 qui
2223 4889 2304 4928 me
2320 4873 2587 4945 glori/ica:
2603 4872 2669 4927 “.
2702 4871 2806 4928 Sed
2850 4872 2966 4928 hac
3004 4870 3191 4927 hocin
3230 4871 3349 4926 loco
3388 4871 3459 4926 il-

1890 4990 2013 5029 nem
2049 4982 2287 5040 sumant,
2313 4989 2438 5030 cum
2468 4984 2646 5031 tomus
2678 4973 2973 5029 vicesimus
3008 4971 3456 5041 explanationum

1888 5079 1942 5131 in
1972 5076 2318 5146 Evangelium
2344 5092 2373 5132 a
2388 5076 2597 5133 Joanne
2622 5075 2880 5132 traditum
2897 5071 3456 5140 circumscriptionem

1885 5181 2241 5236 sumcientem
2273 5179 2568 5251 acceperit,
2591 5186 2670 5243 ut,
2698 5178 2806 5234 Deo
2839 5174 2999 5231 nobis
3019 5174 3316 5242 revelante,
3338 5191 3460 5248 qua

1884 5288 2120 5343 restant,
2146 5278 2558 5335 consideremus
2583 5274 2638 5329 in
2662 5273 2910 5344 sequenti
2934 5283 3103 5338 tomo,
3128 5287 3460 5346 prosequen-

263 5448 543 5534 Joan.
579 5450 776 5534 hi.”
801 5450 844 5482 ³¹
937 5451 1062 5534 Cor.
1090 5469 1167 5518 ιι,
1193 5451 1393 5534 l3,_l_5.
1449 5453 1697 5534 filoan.
1732 5470 1812 5534 x,_

1958 5452 2442 5534 _f'__il_)id._26._n”
2473 5452 2614 5534 115a].
2646 5450 2959 5534 XXX\'|I,6_:_
3005 5447 3245 5534 "Euan.
3260 5449 3457 5534 x1359.

206 5516 297 5574 “ll
319 5524 444 5579 Cor.
478 5540 543 5589 tt,
575 5521 674 5587 l5,
707 5518 799 5575 i6.
872 5520 915 5552 ³⁸⁸
933 5519 1092 5577 Joan.
1135 5516 1250 5590 vnt,
1280 5523 1371 5580 53.
1449 5524 1494 5557 ³⁸
1516 5522 1673 5581 Joan.
1706 5516 1812 5592 τίς

1957 5527 2001 5560 ³⁸
2030 5526 2161 5580 ibid.
2197 5523 2288 5590 i9,
2320 5523 2412 5580 '50.
2487 5522 2534 5555 ‘°
2560 5521 2718 5579 Joan.
2755 5537 2868 5588 vni,
2892 5521 2983 5576 53.
3058 5521 3101 5553 δ’
3135 5523 3267 5577 ibid.
3293 5521 3383 5577 54.

261 5660 451 5728 (ὅριοι
477 5664 829 5735 ἀπόστολοι
858 5660 1090 5735 ἓλεῃον,
1120 5671 1223 5720 etc.
1279 5664 1548 5735 Apostolis
1590 5663 1780 5723 tribuit

206 5729 408 5790 Martha:
433 5737 650 5791 dictum
688 5731 849 5788 Joan.
878 5729 1075 5799 31,39.

1966 5662 2277 5805 (ῗόἒϐράεε
2320 5660 2542 5734 Regius,
2580 5660 2738 5729 male,
2772 5663 2886 5727 τοῖς
2930 5661 3011 5725 εἰς
3055 5658 3202 5732 ζωῆς
3236 5655 3454 5713 ἁτωϐαίο

2087 5752 2135 5786 ω
2152 5770 2192 5805 γ.

1883 5752 1964 5788 νει
1999 5752 2032 5805 η
2058 5752 2192 5806 ςωη.
