4082 6532
275 418 365 475 illi

1233 430 1587 489 COMMENT.
1629 431 1696 486 IN
1732 431 1924 487 IOAN.
1966 431 2201 489 TOMUS
2240 431 2484 491 XXVIII.

3407 439 3517 497 68%

272 534 530 600 Μωῦσέως
575 540 657 602 είς
687 539 786 611 τὴν
812 542 911 613 τῆς
960 541 1162 614 σκηνῆς
1188 545 1282 598 τοῦ
1332 548 1629 619 μαρτυρίου
1663 565 1794 602 κατα

1901 547 2162 610 λεοίεηιίο
2230 557 2287 605 et
2346 549 2630 619 disciplina
2694 550 3071 623 Egyptiorum
3133 556 3407 613 eruditum
3445 558 3514 626 ⁸³,

272 628 471 698 σκευήν·
513 629 571 681 ai
616 630 729 701 γὰρ
754 632 915 686 αὐλαὶ
939 635 993 686 al
1031 635 1202 688 εἴκοσι
1240 637 1334 690 καὶ
1364 636 1509 691 ὀκτὼ
1537 638 1726 708 πηχῶν
1772 639 1833 692 τὸ

276 718 429 789 μῆκός
463 722 588 773 είσι’
621 724 718 775 καὶ
769 724 937 796 ἐχρῆν
970 742 1034 794 γε
1060 726 1158 798 τὴν
1209 730 1288 791 είς
1313 728 1469 795 δόξαν
1498 729 1633 782 Θεοῦ
1660 747 1830 784 κατα-

268 808 657 885 σκευαζομένην
698 816 904 887 σκηνὴν
936 816 1029 870 τοῦ
1060 820 1357 891 μαρτυρίου
1387 821 1526 890 μετὰ
1556 821 1664 874 τῶν
1687 822 1831 887 ὲξαι-

268 903 418 975 ρέτων
439 904 691 976 ἀριθμῶν
719 907 862 978 ἔχειν
892 892 987 963 καὶ
1009 910 1101 963 τὸν
1134 911 1305 965 εἴκοσι
1338 914 1432 967 καὶ
1454 913 1617 967 me
1642 918 1726 985 ἐφ’
1744 916 1826 979 ὃν,

264 996 362 1068 ίερὲ
390 996 584 1066 ἀδελφὲ
646 998 958 1070 Ἀμϐρόσιε,
994 1001 1299 1069 φθάσαντες
1323 1003 1432 1057 τῶν
1472 1007 1553 1068 είς
1591 1005 1653 1058 τὸ
1687 1006 1826 1061 κατὰ

273 1088 501 1158 Ἰωάννην
527 1089 875 1161 ἐξηγητικῶν
941 1089 1112 1164 (οὗτος
1156 1093 1266 1165 γὰρ
1289 1094 1465 1160 ἔσται,
1496 1095 1631 1150 Θεοῦ
1665 1115 1817 1170 χαρι-

261 1178 489 1250 ζομένου,
527 1182 779 1246 εἰκοστὸς
816 1183 999 1252 δγδοος
1032 1186 1113 1249 είς
1146 1185 1207 1239 τὸ
1247 1186 1578 1257 Εὐαγγέλιον
1610 1190 1820 1263 τόμος),

260 1269 695 1343 ἐπικαλεσάμενοι
738 1273 829 1327 τὸν
860 1273 1061 1328 τέλειον
1094 1276 1190 1329 καὶ
1225 1276 1564 1348 τελειότητος
1588 1281 1822 1351 χορηγὸν

257 1360 370 1414 Θεὸν
393 1362 478 1415 διὰ
503 1362 601 1416 τοῦ
618 1364 829 1418 τελείου
844 1366 1143 1438 ἀρχιερέως
1170 1367 1327 1439 ἡμῶν
1363 1369 1537 1440 Ἰησοῦ
1560 1372 1817 1443 Χριστοῦ·

256 1452 311 1505 ἶν’
332 1454 476 1523 ἡμῶν
500 1455 595 1508 τὸν
633 1454 760 1509 νοῦν
788 1456 863 1528 δῷ
891 1459 1073 1529 εὑρεῖν
1108 1460 1205 1531 τὴν
1233 1462 1364 1533 περὶ
1396 1462 1504 1516 τῶν
1527 1463 1819 1537 ἐξετασθη·

256 1546 471 1617 σομένων
498 1546 786 1619 ἀλήθειαν,
814 1550 908 1603 κα)⁵
935 1542 1499 1623 κατασκευὴνάὐτῶν,
1534 1556 1629 1609 καὶ
1643 1556 1817 1621 οὕτως

250 1637 531 1709 ὁδεὺσωμεν
567 1641 670 1694 κα).
691 1641 787 1695 ἐπὶ
810 1641 877 1695 τὰ
899 1642 1045 1715 ἑξῆς.

1933 637 2223 705 disponere
2258 638 2475 694 facilius
2506 642 2932 696 exstructionem
2990 645 3322 701 tabernaculi
3355 649 3516 705 testi-

1932 728 2102 783 monii
2136 744 2148 777 :
2190 730 2498 785 cubitorum
2537 732 2686 786 enim
2742 744 2890 801 octo,
2944 746 3001 789 et
3045 737 3235 807 viginti
3274 740 3510 813 longitu-

1932 819 2057 875 dine
2088 830 2214 875 sunt
2247 821 2386 878 aulae
2406 822 2454 855 “
2485 837 2501 876 :
2533 825 2930 895 oportebatque
2977 842 3130 894 sane,
3165 840 3223 885 ut
3256 834 3510 891 taberna-

1928 904 2107 960 culum
2146 909 2468 976 testimonii,
2499 912 2643 980 quod
2683 911 2735 966 in
2767 912 2858 967 Dei
2887 915 3120 986 gloriam
3153 924 3508 980 construeba-

1929 1004 2036 1064 tur,
2069 1012 2194 1053 cum
2229 1002 2525 1072 praeipnis
2569 1005 2812 1059 numeris
2857 1006 3085 1064 haberet
3113 1012 3278 1067 etiam
3315 1015 3511 1071 vicesi-

1928 1106 2074 1147 mum
2128 1103 2401 1150 octavum.
2435 1098 2518 1152 Ad
2569 1114 2755 1168 quem,
2807 1116 2962 1156 sacer
3007 1103 3180 1161 frater
3230 1108 3505 1174 Ambrosi,

1924 1182 2050 1252 quia
2085 1186 2436 1253 pervenimus
2480 1188 2608 1260 (erit
2632 1192 2777 1252 enim
2829 1194 2917 1249 hic
2964 1202 3141 1252 tomus
3174 1200 3508 1268 esplanatio-

1922 1289 2050 1329 num
2101 1278 2154 1331 in
2198 1275 2553 1351 Evangelium
2599 1296 2630 1337 a
2673 1280 2882 1342 Joanne
2923 1289 3206 1356 traditum,
3254 1292 3365 1347 Deo
3396 1292 3508 1347 lar-

1921 1366 2124 1436 gieute,
2160 1370 2455 1429 vicesimus
2488 1374 2758 1448 octavus).
2804 1378 2972 1434 Deum
3024 1380 3077 1435 in
3111 1383 3303 1452 primis
3352 1385 3506 1441 invo-

1920 1468 2107 1515 cantes
2144 1461 2469 1535 perfectum,
2500 1483 2565 1522 ac
2598 1468 2988 1538 perfectionem
3032 1476 3504 1546 suppeditantem,

1918 1562 2143 1607 auctore
2164 1569 2379 1613 summo
2422 1561 2708 1615 sacerdote
2741 1574 2926 1618 nostro
2970 1563 3099 1621 Iesu
3147 1567 3393 1636 Christo,
3443 1582 3504 1630 ut

1915 1641 2081 1713 370
2107 1645 2264 1701 nobis
2302 1647 2391 1702 det
2430 1648 2841 1722 intelligentiam
2873 1654 3183 1714 inveniendi
3215 1663 3501 1720 veritatem

1916 1750 2099 1790 rerum
2149 1740 2647 1808 exquirendarum,
2712 1742 3235 1821 dispositionemque
3280 1769 3494 1821 earnm,

1914 1827 1994 1881 sic
2019 1843 2305 1898 pergemus
2336 1832 2402 1885 ad
2428 1847 2492 1886 ea
2523 1848 2642 1901 qua:
2675 1848 2995 1905 sequuntur.

304 1914 352 1971 2.
378 1935 396 1967 ι
428 1916 593 1986 Λέγει
624 1919 655 1972 ὁ
692 1919 921 1990 Ἰησοῦς·
949 1922 1150 1993 ’Ἄρατε
1182 1922 1272 1976 τὸν
1287 1923 1451 1978 λίθον.
1481 1945 1500 1978 ι
1549 1927 1794 2000 Ἐπείπεε

1986 1916 2039 1971 2.
2076 1937 2094 1970 ι
2127 1918 2271 1975 Dicit
2316 1920 2515 1978 Iesus:
2549 1924 2749 1981 Tollite
2798 1928 3033 1997 lapidem
3057 1932 3125 1987 “.
3166 1951 3184 1986 ι
3228 1935 3495 2003 Quoniam

246 2005 403 2060 ἐνθάδε
433 2007 534 2077 μὲν
564 2010 659 2063 τὸν
710 2010 1056 2082 ἐπικείμενον
1094 2012 1171 2085 τῷ
1223 2015 1473 2088 σπηλαίῳ
1505 2017 1673 2081 λίθον,
1708 2021 1807 2074 οὐκ

246 2097 382 2161 αὐτὸς
408 2102 436 2152 ό
475 2100 691 2171 Ἰησοῦς
722 2105 887 2175 αίρεί,
924 2104 1061 2158 ἀλλὰ
1087 2106 1255 2175 λέγει’
1298 2127 1316 2159 ι
1364 2110 1567 2183 Ἀρατε
1600 2112 1692 2166 τὸν
1724 2111 1805 2165 λί-

245 2186 338 2240 θον·
368 2209 384 2241 ι
415 2192 472 2243 ἐν
492 2190 550 2246 δὲ
589 2196 658 2266 τῇ
705 2194 944 2262 Γενέσει,
974 2198 1136 2269 ἡνίκα
1161 2198 1308 2264 λίθος
1330 2197 1400 2273 ἦν
1427 2202 1602 2273 μέγας
1617 2206 1709 2258 ἐπὶ
1729 2205 1807 2277 τῷ

244 2281 440 2352 στόματι
475 2282 571 2336 τοῦ
592 2286 852 2356 φρέατος,
893 2289 988 2343 καὶ
1030 2291 1328 2362 συνήγοντο
1360 2294 1477 2347 ἐκεῖ
1508 2294 1686 2349 πάντα
1735 2296 1803 2349 τὰ

243 2372 460 2443 ποίμνια,
490 2376 588 2428 κα).
627 2377 927 2433 ἀπεκύλιον
965 2380 1110 2435 λίθον
1140 2383 1249 2436 ἀπὸ
1288 2382 1381 2437 τοῦ
1413 2386 1679 2457 στόματος
1707 2387 1803 2441 τοῦ

240 2463 463 2533 φρέατος,
499 2466 599 2520 καὶ
649 2468 970 2539 συνήγοντο,
1007 2470 1102 2524 καὶ
1133 2472 1383 2537 ὲπότιζον
1418 2473 1489 2527 τὰ
1530 2475 1798 2547 πρόϐατα,

240 2555 320 2608 καὶ
344 2557 725 2613 ἁποκαθίστων
737 2560 831 2612 τὸν
863 2560 1009 2615 λίθον
1033 2564 1124 2616 ἐπὶ
1150 2564 1211 2616 τὸ
1239 2565 1414 2637 στόμα
1443 2566 1538 2620 τοῦ
1568 2567 1802 2638 φρέατος

239 2650 308 2712 είς
322 2649 402 2702 τὸν
445 2650 613 2705 τόπον
640 2652 827 2706 αὑτοῦ·
856 2654 955 2708 καὶ
971 2652 1049 2724 τῷ
1077 2653 1301 2726 μηδέπω
1318 2655 1474 2710 τοῦτο
1494 2658 1795 2727 γεγονέναι,

235 2738 388 2793 διὰτὸ
418 2741 491 2813 μὴ
523 2742 799 2813 συνῆχθαι
817 2744 886 2798 τὰ
920 2746 1113 2816 κτήνη,
1146 2746 1176 2800 ὁ
1213 2744 1410 2800 Ἰακὼϐ
1439 2748 1562 2801 ἰδὼν
1595 2749 1798 2822 Ῥαχὴλ

233 2830 316 2901 τὴν
340 2832 608 2905 θυγατέρα
636 2834 826 2888 Δάϐαν
851 2835 945 2890 τοῦ
978 2836 1209 2908 ἀδελφοῦ
1239 2838 1340 2909 τῆς
1370 2840 1575 2912 μητρὸς
1605 2843 1792 2907 αὑτοῦ,

233 2923 311 2976 καὶ
323 2923 381 2977 τὰ
405 2925 660 2997 πρόϐατα
680 2926 871 2981 Λάϐαν
888 2927 981 2982 τοῦ
1008 2928 1238 3000 ἀδελφοῦ
1262 2930 1361 3002 τῆς
1383 2930 1591 3003 μητρὸς
1605 2931 1789 2997 αὑτοῦ,

233 3019 512 3087 προσελθὼν
543 3021 714 3084 αὐτὸς
741 3021 1039 3076 ἀπεκύλισε
1064 3023 1156 3077 τὸν
1170 3024 1316 3079 λίθον
1340 3025 1448 3079 ἀπὸ
1473 3026 1567 3080 τοῦ
1593 3028 1793 3098 στόμα-

231 3122 305 3172 vo;
323 3110 407 3164 τοῦ
432 3113 699 3185 φρέατος,
731 3114 825 3167 καὶ
847 3116 1065 3169 ὲπότισε
1099 3115 1168 3170 τὰ
1198 3117 1447 3190 πρόϐατα
1474 3118 1658 3174 Λάϐαν
1695 3119 1793 3173 τοῦ

230 3196 429 3271 ἀδελφοῦ
479 3204 587 3276 τῆς
623 3205 835 3278 μητρὸς
880 3206 1072 3261 αὐτοῦ’
1117 3207 1418 3281 βουλόμεθα
1445 3211 1792 3286 ἀμφοτέρους

229 3291 331 3355 τοὺς
350 3291 521 3359 λίθους
549 3295 811 3367 ἀλλήλοις
836 3297 1204 3366 συνεξετάσαι,
1238 3301 1326 3355 ῐνα
1344 3303 1407 3355 τὺ
1442 3302 1662 3374 εὔλογον
1690 3324 1792 3362 κα-

228 3387 544 3459 τανοήσωμεν
602 3389 703 3444 τοῦ
741 3390 931 3446 ἐνθάδε
980 3392 1080 3465 μὲν
1127 3395 1200 3466 μὴ
1241 3396 1404 3450 αὐτὸν
1445 3397 1537 3451 τὸν
1581 3399 1790 3470 Ἰησοῦν

229 3476 415 3544 ἠρκέναι
460 3479 558 3533 τὸν
615 3480 767 3536 λίθον
806 3483 914 3536 ἀπὸ
963 3485 1255 3557 σπηλαίου,
1314 3486 1431 3542 ἀλλ’
1483 3491 1786 3561 εἰρηκέναι*

231 3582 245 3614 ι
277 3567 454 3641 Ἄρατε
478 3571 577 3625 τὸν
603 3571 776 3627 λίθον·
812 3594 830 3626 ι
861 3575 920 3628 ὲν
940 3576 997 3629 δὲ
1018 3578 1083 3649 τῇ
1125 3578 1337 3633 Γενέσει
1365 3580 1528 3635 αὑτὸν
1565 3583 1657 3636 τὸν
1684 3585 1787 3638 Ἰα-

227 3655 314 3709 κὼϐ
346 3662 811 3721 ἀποκεκυλικέναι
845 3667 936 3721 τὸν
964 3667 1107 3723 λίθον
1132 3670 1241 3725 ἀπὸ
1263 3671 1358 3726 τοῦ
1383 3675 1649 3746 στόματος
1688 3677 1784 3730 τοῦ

224 3752 434 3820 φρέατος.
459 3758 576 3812 Καὶ
607 3760 848 3831 πρόσχες
878 3761 1213 3836 είδυνάμεθα
1238 3766 1437 3837 λέγειν,
1470 3771 1550 3824 ὅτι
1575 3770 1666 3825 τοῦ
1687 3774 1784 3843 μὲν

224 3842 293 3896 ἐπὶ
306 3847 372 3917 τῷ
405 3849 662 3923 σπηλαίῳ
698 3851 868 3919 λίθου,
896 3855 1017 3909 ἐπεὶ
1039 3857 1102 3910 τὸ
1125 3857 1390 3930 σπήλαιον
1413 3864 1676 3933 μνημεῖον
1691 3842 1779 3935 ἦν,

220 3936 297 3991 οὐκ
315 3942 469 4015 ἐχρῆν
486 3946 659 3999 αὐτὸν
689 3945 932 4016 ἅψασθαι
950 3950 1041 4004 τὸν
1062 3950 1293 4021 Ἰησοῦν,
1312 3952 1449 4007 ἀλλὰ
1479 3955 1780 4027 προστάξαι

223 4026 347 4094 μάθον
366 4037 474 4098 τοῖς
503 4035 846 4106 ἐπιτηδείοις
879 4038 1018 4111 πρὸς
1049 4039 1111 4093 τὸ
1136 4038 1298 4112 ἔργον
1324 4039 1455 4114 ἆραι
1492 4026 1583 4097 τὸν
1610 4044 1776 4098 λίθον·

220 4116 292 4168 τοῦ
310 4119 359 4173 δὲ
385 4125 746 4197 ἐπικειμένου
773 4126 851 4199 τῷ
886 4128 1115 4199 στόματι
1151 4131 1244 4184 τοῦ
1285 4132 1537 4204 φρέατος,
1568 4135 1659 4188 καὶ
1680 4137 1783 4207 έμο

223 4203 483 4296 ῇοδίξοντος
526 4216 612 4289 τῷ
663 4218 840 4272 πίνειν
880 4218 950 4273 τὰ
996 4220 1267 4293 πρόϐατα,
1314 4203 1408 4294 ἀφ’
1451 4218 1526 4279 ὧν
1556 4203 1780 4296 ἔμελλεν

221 4292 475 4367 ὀνήσασθαι
498 4306 614 4377 (57)
643 4308 716 4363 τὰ
742 4311 1015 4382 ἐπίσημα,
1044 4292 1140 4366 καὶ
1171 4315 1203 4384 ἡ
1239 4292 1396 4386 μερὶς
1439 4315 1531 4369 τοῦ
1558 4292 1774 4383 Ἰακὼϐ,

221 4387 351 4477 αὐτόν
384 4393 506 4448 ἐστι
535 4396 751 4452 δίκαιον
785 4400 1042 4454 λαϐέσθαι
1070 4403 1160 4455 τὸν
1189 4404 1405 4471 Ἰακὼϐ,
1428 4407 1522 4460 καὶ
1548 4410 1780 4477 προσελ-

220 4474 347 4534 θόντα
365 4485 438 4555 τῷ
465 4486 606 4560 λίθῳ
626 4491 955 4547 ἀποκυλῖσαι
977 4495 1139 4548 αὐτὸν
1159 4496 1267 4551 ἀπὸ
1286 4497 1379 4551 τοῦ
1404 4474 1669 4570 στόματος
1682 4502 1774 4556 τοῦ

219 4569 431 4670 ςἓξὶέ-κτος,
465 4579 559 4634 ἵνα
581 4581 910 4680 retinenti
944 4586 1191 4657 πρόϐατα
1214 4587 1399 4643 Λάϐαν
1426 4569 1520 4644 τοῦ
1542 4592 1774 4663 ἀδελφοῦ
1807 4627 1852 4680 D

215 4660 291 4757 τῆς
314 4670 510 4753 μητρὸς
539 4664 736 4729 αὑτοῦ.
770 4660 883 4730 Καὶ
922 4678 1031 4732 ἔδει
1069 4693 1134 4748 γε
1165 4682 1258 4734 ἐπὶ
1290 4682 1388 4752 μὲν
1409 4682 1503 4735 τοῦ
1536 4660 1771 4757 φρέατος

218 4750 344 4847 αυτὸν
370 4752 697 4830 προσελθεῖν
717 4767 810 4821 τὸν
826 4768 1044 4835 Ἰακὼϐ,
1064 4771 1170 4838 ἔξω
1191 4772 1247 4825 δὲ
1274 4750 1559 4844 σπηλαίου-
1575 4750 1769 4847 ἐνεῆνσιι

217 4840 284 4939 ﬁ?
304 4844 522 4918 Ἰησοῦν.
560 4857 628 4908 Et
671 4856 731 4911 δὲ
755 4859 984 4914 δύνασαι
1023 4862 1137 4934 (58)
1168 4840 1461 4937 ἐπιστῆσαι
1493 4868 1547 4921 τι
1569 4840 1766 4939 δήποτε

215 4934 285 4988 ἐπὶ
308 4943 396 5009 μὲν
430 4944 526 4999 τοῦ
575 4949 847 5021 σπηλαίου
897 4955 958 5007 οὐ
989 4956 1305 5012 κεκύλισται
1341 4961 1369 5013 ὁ
1419 4961 1766 5031 ἐπικείμενος

216 5030 537 5124 σιὺο-ιῖιᾷλίθος,
592 5039 732 5098 ἀλλά
782 5047 1018 5118 αἴρεται·
1068 5051 1161 5104 ἐπὶ
1206 5050 1265 5104 δὲ
1306 5050 1398 5104 τοῦ
1434 5030 1669 5124 φρέατος
1701 5054 1763 5106 οὐ

477 5129 718 5218 αίρεται,
759 5135 895 5191 ἀλλὰ
940 5140 1099 5210 μόνον
1145 5118 1519 5197 ἀποκυλίεται.
1564 5144 1765 5218 Ἐχρῆν

215 5202 356 5303 πέντ’)
391 5210 489 5280 μὲν
522 5213 759 5286 ἀρθῆναι
784 5225 877 5279 τὸν
909 5202 1018 5282 ἀπὸ
1045 5230 1141 5284 τοῦ
1178 5235 1444 5303 μνημείου
1473 5202 1765 5298 λίθονῗικαὶ

216 5296 446 5397 -τξάλιν
476 5308 823 5383 κυλισθῆναι·
861 5322 950 5373 τὸν
969 5322 1027 5376 δὲ
1056 5326 1148 5378 ἐπὶ
1178 5296 1529 5397 τοῦ-φρέατος
1551 5296 1760 5380 ἀποκυ-

212 5386 427 5467 λισθῆναι
456 5403 638 5474 μόνον’
674 5404 787 5480 (59)
813 5413 1137 5486 προείρηται
1154 5386 1377 5489 γὰρ,ότι
1415 5386 1542 5475 ἀπε.
1570 5459 1582 5472 .
1613 5457 1629 5473 .
1655 5460 1668 5471 .
1699 5461 1711 5475 .
1742 5461 1757 5475 .

1918 2010 2020 2065 hoc
2052 2011 2103 2064 in
2136 2011 2253 2067 loco
2279 2016 2763 2086 superimpositum
2818 2022 3094 2090 spelunca:
3124 2027 3358 2097 lapidem
3389 2047 3495 2090 non

1916 2098 2027 2167 ipse
2049 2098 2207 2157 Iesus
2235 2102 2390 2164 tollit,
2424 2105 2517 2157 sed
2543 2105 2678 2160 dicit
2713 2124 2727 2160 :
2768 2126 2786 2158 ι
2822 2108 3017 2166 Tollite
3071 2112 3305 2183 lapidem
3341 2135 3355 2172 :
3385 2137 3405 2170 ι
3437 2119 3493 2175 in

1912 2186 2107 2246 Genesi
2142 2207 2273 2248 vero
2300 2193 2368 2261 ⁸⁵,
2406 2196 2495 2250 ubi
2525 2195 2660 2262 lapis
2684 2206 2804 2252 erat
2847 2200 3036 2271 ingens
3071 2219 3237 2275 super
3266 2222 3363 2263 ore
3396 2224 3493 2279 puo

1914 2286 2011 2348 tei,
2048 2296 2102 2339 et
2131 2287 2220 2342 ubi
2251 2292 2722 2359 congregabantur
2748 2309 2940 2352 omnes
2966 2312 3180 2368 greges,
3214 2310 3269 2355 et
3323 2303 3493 2359 revol-

1912 2378 2111 2433 vebant
2142 2379 2374 2450 lapidem
2404 2384 2473 2439 ab
2502 2399 2597 2442 ore
2622 2389 2792 2457 putei,
2815 2399 2871 2444 et
2903 2391 3112 2447 collecti
3143 2403 3328 2463 potum
3354 2411 3492 2466 prte-

1910 2469 2111 2527 bebant
2162 2474 2388 2538 ovibus,
2449 2486 2505 2532 et
2565 2493 2780 2534 rursum
2849 2483 3214 2541 restituebant
3260 2479 3586 2557 lapidem'i

1909 2578 2072 2633 super
2097 2579 2194 2621 ore
2239 2568 2384 2637 putei
2412 2569 2467 2624 in
2502 2571 2677 2627 locum
2710 2589 2898 2639 suum;
2958 2585 3016 2629 et
3056 2577 3147 2633 ubi
3185 2577 3332 2650 (quia
3363 2595 3494 2636 non-

1907 2654 2034 2710 dum
2063 2656 2168 2714 hoc
2200 2657 2402 2715 factum
2457 2662 2671 2735 fuisset,
2724 2677 3007 2737 propterea
3063 2671 3205 2740 quod
3248 2674 3488 2739 nondum

1905 2758 2227 2820 congregata
2281 2752 2510 2809 fuissent
2564 2755 2834 2829 jumenta)
2869 2759 3040 2817 Iacob
3095 2763 3328 2821 intuitus
3372 2765 3487 2821 Ba-

1903 2841 2114 2896 chelem
2146 2842 2309 2897 llliam
2342 2845 2527 2900 Laban
2560 2847 2747 2904 fratris
2778 2853 2969 2907 matris
3019 2869 3131 2911 suae
3156 2856 3222 2922 ⁸⁸,
3269 2867 3324 2912 et
3355 2874 3485 2916 oves

1902 2931 2087 2988 Laban
2120 2933 2308 2992 fratris
2341 2940 2533 2993 matris
2556 2955 2691 3005 sum,
2740 2957 2864 2997 cum
2898 2948 3222 3004 accessisset
3251 2950 3368 3017 ipse
3391 2965 3482 3007 re-
3557 2989 3565 2999 ς

1902 3024 2071 3078 volvit
2100 3023 2337 3095 lapidem
2365 3029 2433 3083 ab
2462 3044 2561 3084 ore
2583 3032 2752 3100 putei,
2784 3043 2838 3087 et
2867 3043 3051 3104 potum
3080 3039 3312 3107 praebuit
3357 3042 3480 3096 ovi-

1900 3116 2001 3172 bus
2045 3116 2231 3174 Laban
2274 3119 2463 3176 fratris
2516 3124 2710 3179 matris
2752 3140 2883 3190 suae,
2933 3128 3180 3186 volumus
3211 3141 3483 3201 utrosque

1898 3209 2107 3280 lapides
2159 3212 2303 3269 inter
2334 3228 2395 3270 se
2444 3215 2722 3281 conferre,
2778 3222 3010 3291 utquod
3052 3236 3479 3282 consentaneum

1897 3310 1983 3357 est
2038 3303 2237 3360 rationi
2295 3306 2708 3365 consideremus
2748 3329 2763 3365 :
2798 3328 2998 3382 nempe
3061 3329 3233 3385 quare
3269 3318 3373 3373 hoc
3422 3317 3479 3375 in

1895 3390 2017 3448 loco
2041 3407 2150 3448 non
2183 3395 2298 3465 ipse
2322 3394 2484 3453 Iesus
2507 3400 2795 3457 sustulerit
2842 3417 2872 3457 a
2908 3404 3173 3474 spelunca
3223 3406 3478 3478 lapidem,

1894 3479 1989 3535 sed
2014 3480 2257 3540 dixerit:
2281 3502 2301 3537 ι
2319 3484 2517 3543 Tollite
2546 3489 2813 3559 lapidem;
2845 3511 2865 3545 ι
2890 3492 2943 3548 in
2978 3493 3175 3552 Genesi
3204 3513 3336 3555 vero
3362 3499 3480 3571 ipse

1892 3567 2059 3627 Iacob
2085 3572 2376 3630 revolverit
2408 3576 2638 3647 lapidem
2666 3580 2735 3635 ab
2761 3596 2857 3637 ore
2897 3585 3066 3652 putei.
3116 3585 3182 3641 Et
3232 3567 3477 3645 animum

1892 3666 2090 3723 adhibe
2123 3682 2191 3722 an
2217 3669 2405 3725 dicere
2427 3672 2704 3741 possimus
2745 3689 2850 3730 non
2881 3679 3190 3745 oportuisse
3232 3690 3290 3734 ut
3317 3681 3479 3740 Iesus

1894 3766 2140 3829 tangeret
2193 3760 2425 3831 lapidem
2476 3765 2752 3832 speluncae
2803 3769 3307 3841 superimpositum,
3338 3790 3477 3846 quo-

1892 3850 2034 3905 niam
2088 3853 2344 3923 spelunca
2390 3871 2806 3915 monumentum
2854 3872 3010 3928 erat;
3050 3864 3145 3919 sed
3179 3869 3475 3939 praecipere

1891 3953 2100 3998 tantum
2134 3945 2220 4002 his
2259 3948 2350 4016 qui
2380 3951 2588 4004 muneri
2621 3951 2872 4009 obeundo
2906 3965 3197 4024 praeerant.
3229 3968 3287 4014 ut
3308 3956 3474 4017 tolle-

1892 4048 2010 4092 rent
2037 4038 2271 4108 lapidem
2296 4059 2311 4095 :
2335 4041 2540 4111 justum
2567 4058 2696 4098 vero
2725 4060 2868 4109 esse,
2900 4057 2960 4101 ut
2993 4048 3110 4118 ipse
3135 4050 3307 4109 Iacob
3327 4055 3472 4111 hunc

1887 4132 2293 4202 superpositum
2314 4134 2396 4189 ori
2418 4136 2588 4204 putei,
2613 4144 2668 4190 et
2687 4136 2995 4194 obstantem
3016 4145 3309 4212 quominus
3336 4161 3469 4201 oves

1886 4220 2135 4277 biberent
2179 4229 2231 4294 (a
2275 4225 2469 4292 quibus
2516 4226 2755 4284 futurum
2792 4239 2937 4290 erat.
2970 4240 3032 4286 ut
3075 4233 3471 4303 adjuvarentur

1888 4313 2115 4382 nobilia,
2139 4326 2195 4370 et
2234 4332 2363 4386 pars
2389 4317 2583 4388 Iacob)
2609 4322 2911 4391 acciperet;
2963 4338 3197 4395 cumque
3224 4329 3292 4383 ad
3324 4330 3468 4385 hunc

1886 4407 2120 4478 lapidem
2155 4411 2501 4476 accessisset,
2554 4415 2860 4471 revolveret
2898 4431 3020 4471 eum
3050 4419 3118 4472 ab
3166 4430 3264 4473 ore
3292 4422 3465 4490 putei.

1884 4513 1941 4556 ut
1971 4513 2153 4573 potum
2207 4504 2364 4559 daret
2395 4504 2588 4560 ovibus
2638 4505 2824 4565 Laban
2875 4513 3063 4569 fratris
3097 4513 3289 4567 matris
3331 4527 3466 4569 suae.

1883 4596 1960 4642 Ac
1988 4589 2237 4658 profecto
2268 4607 2405 4661 opus
2431 4604 2572 4661 erat,
2609 4608 2668 4648 ut
2700 4600 2769 4654 ad
2793 4610 3014 4669 puteum
3041 4604 3158 4671 ipse
3179 4603 3467 4657 accederet

1879 4676 2079 4745 Iacob;
2130 4690 2284 4735 extra
2339 4684 2657 4752 speluncam
2693 4703 2825 4745 vero
2875 4701 3046 4747 staret
3096 4691 3277 4750 Iesus.
3326 4693 3464 4748 Vide

1877 4783 2008 4822 vero
2053 4784 2120 4823 an
2152 4772 2437 4840 inspicere
2480 4775 2658 4844 possis
2697 4780 3053 4848 quamobrem
3081 4781 3461 4850 superpositus
3535 4797 3538 4800 '

1874 4860 2151 4928 speluncae
2179 4862 2314 4931 lapis
2362 4880 2468 4920 non
2499 4869 2830 4935 revolvatur,
2862 4872 2957 4926 sed
3014 4870 3266 4936 tollatur;
3302 4886 3332 4924 a
3359 4886 3462 4941 pu-

1877 4959 1962 5006 teo
1992 4961 2173 5009 autem
2222 4971 2330 5012 non
2380 4961 2607 5016 omnino
2665 4962 2909 5027 tollatur,
2967 4964 3060 5018 sed
3124 4965 3456 5022 revolvatur.

1873 5043 2171 5116 Oportebat
2224 5052 2442 5120 quidem
2493 5054 2719 5110 omnino
2757 5071 2787 5109 a
2825 5066 3182 5110 monumento
3218 5056 3455 5126 lapidem

1873 5141 2011 5206 tolli,
2040 5154 2142 5196 nec
2175 5156 2392 5198 rursum
2426 5143 2599 5210 volvi;
2659 5143 2889 5199 alterum
2922 5160 3053 5200 vero
3085 5147 3288 5201 revolvi
3328 5159 3458 5202 tan-a

1874 5243 1987 5288 tum
2017 5250 2046 5287 a
2074 5242 2238 5304 puteo
2272 5251 2287 5289 :
2329 5237 2584 5306 superius
2605 5236 2751 5290 enim
2782 5235 2985 5290 dictum
3015 5246 3098 5293 est
3121 5237 3282 5308 371
3311 5241 3455 5309 quod

1868 5417 2098 5488 gloriam
2170 5418 2286 5485 Dei,
2347 5418 2762 5474 considerantes
2835 5420 3264 5482 magnitudinem
3333 5421 3456 5495 ejus

262 5533 300 5565 δ’
329 5536 445 5593 Act.
469 5555 568 5606 vn,
590 5540 685 5597 22.
759 5543 805 5577 ”
832 5546 1005 5605 Exod.
1045 5568 1197 5620 xxvi,
1221 5555 1278 5610 2.
1352 5554 1398 5586 “
1429 5554 1584 5621 Ioan.
1616 5570 1697 5620 xl.
1722 5554 1792 5612 59

1901 5554 1934 5586 ιδ
1961 5552 2103 5609 Gen.
2128 5569 2281 5618 XXIX,
2302 5553 2361 5617 2,
2387 5553 2441 5607 3.
2519 5553 2567 5586 “
2594 5553 2726 5608 ibid.
2767 5554 2835 5610 10

1933 5668 2045 5741 (58)
2078 5670 2145 5725 Et
2175 5667 2243 5721 δὲ
2282 5668 2562 5722 δύνασαι.
2603 5668 2896 5723 Ferrarius
2942 5667 3151 5739 legebat
3191 5668 3267 5722 ίδὲ
3300 5663 3358 5720 δὲ
3392 5663 3451 5722 εί

259 5650 359 5718 (57)
389 5653 569 5711 Codex
589 5657 936 5729 Bodleianus,
961 5676 1127 5731 recte,
1150 5670 1451 5741 ὀνήσασθαι
1474 5686 1489 5701 ο
1523 5668 1750 5740 Regius,
1933 5668 2045 5741 (58)
2078 5673 2085 5722 λ

259 5720 344 5795 ³19.
378 5726 689 5795 νεήνασθαι.
721 5728 923 5788 Ibidem
957 5751 1054 5795 pro
1081 5739 1244 5794 αὐτόν
1271 5742 1389 5794 ἐστι
1416 5741 1624 5794 δίκαιον
1658 5740 1751 5794 λα·
1858 5740 2085 5795 δύνασαι

1892 5759 2107 5795 υνασαι.

212 5720 344 5818 gulf.
378 5726 689 5818 νεήνασθαι.
721 5720 935 5818 Ibidem'
957 5720 1635 5818 ργοὰξέδῖέίρὲῖξικᾴέὸᾇ
1658 5720 1751 5794 λαὶ

1960 5720 2017 5725 ,-
2078 5720 2229 5725 _-,,
2328 5720 3084 5739 .-σῃ
3402 5720 3409 5721 ,

1901 5720 2136 5818 ίδὲισὲίιλ
2246 5807 2258 5818 .
2508 5807 2521 5818 .
2635 5807 2658 5818 -
2768 5811 2780 5818 .
2988 5808 3033 5818 --
3157 5805 3171 5818 .

212 5785 1401 5881 Ea'c‘rllcqut'ieitiadmodumlegiturr
1430 5811 1746 5881 Bodleiano,

1901 5785 2431 5881 ⁷(ἐῶ-ὗῑτίῖροείρηται
2458 5807 2591 5881 γᾴρ,
2625 5807 2715 5881 ὅτι
2749 5811 2933 5864 ἀπε...
2986 5808 3129 5881 Haec
3157 5805 3212 5859 in
3242 5803 3450 5881 codici-

212 5862 349 5916 codex
376 5862 572 5936 Regius
605 5884 889 5939 perperam
916 5862 1083 5931 habet
1108 5862 1270 5945 αὑτός
1289 5862 1746 5937 θεστιλαϐέσθαιί

1901 5862 2335 5949 ustum'ﬂeg'io',
2373 5862 2485 5935 tum
2516 5862 3074 5951 Bodleianﬁo,iescipit
3118 5876 3310 5933 lacuna
3353 5876 3444 5932 in-

449 5961 725 6026 Ριτιιοι..
750 5962 868 6027 Gn.
902 5968 1073 6047 XIV,

3047 5970 3129 6032 22
