3804 6532
477 398 586 458 633

1951 415 2272 470 ()RIGENIS

3625 417 3719 470 68$

475 520 622 585 ﬁdei,
653 535 774 591 qua:
800 532 885 577 est
917 525 982 578 ad
1020 525 1310 594 justitiam,
1346 529 1650 589 credamus.
1678 532 1828 598 Quod
1865 534 1908 587 si
1946 534 2033 588 ali-

2149 533 2300 597 δόξαν
2327 533 2483 597 Θεοῦ,
2517 535 2806 606 νοήσαντες
2828 529 2886 587 τὸ
2909 533 3134 604 μέγεθος
3153 532 3255 604 τῆς
3289 535 3367 596 είς
3386 532 3720 600 δικαιοσύνην

475 613 597 680 quis
627 628 693 668 ex
752 629 937 668 eorum
1009 633 1232 672 numero
1262 620 1351 686 qui
1409 633 1470 673 se
1529 623 1824 677 credidisse
1855 623 2044 678 existi-

474 715 645 764 mant.
685 708 919 760 nondum
953 707 1180 777 gloriam
1213 710 1302 765 Dei
1339 711 1492 780 vidit,
1527 713 1572 768 is
1598 714 1773 770 discat
1801 730 1860 770 se
1891 716 2044 787 argui

475 811 579 850 non
611 797 927 865 credidisse,
957 815 1021 854 eo
1046 801 1189 871 quod
1221 805 1457 858 nondum
1488 806 1625 860 vidit
1650 807 1878 877 gloriam
1905 810 1998 864 Dei
2028 826 2040 862 :

474 888 691 942 mentiri
725 889 924 943 etenim
971 889 1063 945 ille
1096 906 1199 946 non
1235 893 1404 957 novit,
1447 895 1540 964 qui
1591 911 1696 950 non
1732 897 1906 951 solum
1951 898 2040 952 uni

473 975 717 1043 Martha},
749 993 936 1033 verum
965 979 1132 1036 etiam
1167 983 1472 1055 cuicunque
1499 985 1634 1042 dicit
1670 1005 1684 1041 :
1727 1006 1745 1040 ι
1783 988 1838 1044 Si
1870 990 2042 1045 credi-

473 1067 636 1134 deris,
671 1069 879 1128 videbis
917 1071 1148 1143 gloriam
1183 1073 1279 1130 Dei
1309 1075 1376 1131 ⁸⁷.
1416 1095 1436 1129 ι

541 1248 594 1304 5.
627 1267 648 1301 ι
690 1248 1038 1306 Sustulerunt
1069 1267 1196 1320 ergo
1217 1253 1452 1323 lapidem
1482 1255 1548 1309 ⁸⁸.
1596 1274 1615 1308 ι
1648 1257 1718 1314 Ut
1751 1257 1887 1330 lapis
1914 1272 2040 1329 spe-

470 1337 641 1394 luncae
670 1339 958 1411 impositus
986 1343 1191 1398 tardius
1227 1345 1542 1410 tolleretur,
1594 1362 1750 1404 soror
1795 1349 2039 1406 defuncti

468 1429 593 1486 fecit
622 1443 639 1485 :
665 1446 784 1500 qua:
813 1433 976 1486 veluti
1001 1432 1107 1498 bis,
1134 1433 1332 1504 quibus
1359 1435 1600 1506 jusserat
1625 1438 1786 1495 Jesus
1815 1439 2038 1496 dicens:

470 1540 491 1575 ι
530 1523 725 1578 Tollite
759 1525 1009 1594 lapidem,
1047 1545 1064 1576 ι
1105 1528 1340 1592 obstitit,
1375 1545 1500 1582 cum
1537 1529 1766 1586 dixisset
1806 1550 1819 1584 :
1855 1549 1874 1582 ‹
1921 1529 2039 1586 Jam

465 1612 632 1678 fetet;
667 1617 1062 1684 quatriduanus
1090 1619 1233 1672 enini
1261 1629 1345 1672 est
1371 1620 1449 1685 “;
1493 1638 1510 1671 ι
1555 1631 1608 1674 et
1633 1636 1764 1676 sane
1799 1622 1847 1675 ni
1883 1637 2039 1678 coer-

464 1705 571 1759 cita
612 1707 801 1762 fuisset
847 1708 1076 1764 Martha:
1124 1710 1442 1773 infidelitas,
1495 1712 1712 1768 dicente
1752 1714 1827 1767 illi
1857 1713 1986 1770 Jesu
2022 1733 2037 1770 :

469 1821 487 1852 ι
526 1801 715 1858 Nonne
741 1803 851 1857 dixi
886 1806 1002 1868 tibi,
1038 1806 1177 1873 quod
1227 1807 1271 1859 si
1317 1807 1635 1873 credideris,
1674 1807 1880 1864 videbis
1918 1810 2036 1878 glo-

2147 623 2499 694 λογιζομένης
2528 623 2636 694 (60)
2681 624 2914 687 πίστεως
2950 623 3346 693 πιστεύσωμεν.
3385 622 3525 674 Εἰδέ
3550 640 3633 684 τις
3649 624 3724 674 ού⁴

2145 717 2292 769 δέπω
2331 710 2436 768 εἶδε
2485 715 2598 787 (61)
2631 715 2728 786 τὴν
2773 715 2928 781 δόξαν
2957 715 3092 768 Θεοῦ
3122 714 3228 766 τῶν
3263 714 3529 784 οἰομένων
3566 729 3717 765 πεπι-

2148 809 2446 869 στευκέναι,
2482 807 2794 879 μανθανέτω
2831 807 2961 879 (ϐε),
2994 810 3074 862 ὅτι
3110 810 3415 881 ἐλέγχεται,
3443 805 3512 859 δι’
3537 797 3612 858 ὧν
3640 806 3721 856 ού-

2145 898 2290 952 δέπω
2333 894 2439 952 εἶδε
2493 899 2594 970 τὴν
2634 897 2792 964 δόξαν
2846 898 2939 951 τοῦ
2987 899 3142 964 Θεοῦ,
3197 900 3271 971 μὴ
3320 893 3716 956 πεπιστευκὼς·

2145 989 2378 1061 ἀψευδὴς
2421 989 2530 1061 γὰρ
2573 991 2602 1042 ό
2631 987 2705 1060 μὴ
2736 988 2937 1060 Μάρθα
2973 989 3129 1063 μόνῃ,
3161 989 3294 1042 ἀλλὰ
3325 987 3419 1041 καὶ
3458 986 3622 1039 παντί
3653 1001 3719 1050 τῳ

2144 1076 2316 1145 λέγων
2359 1078 2438 1130 τό·
2487 1097 2506 1130 ι
2565 1078 2691 1132 Ἐὰν
2741 1077 3057 1152 πιστεύσῃς,
3117 1079 3218 1149 ὀψε
3278 1077 3376 1146 τὴν
3413 1075 3575 1140 δόξαν
3635 1073 3718 1125 τοῦ

2143 1167 2300 1222 Θεοῦ.
2342 1188 2359 1219 ι
2980 1162 2986 1182 ¹

2213 1261 2266 1315 5.
2304 1279 2322 1312 ι
2345 1256 2527 1333 τΗραν
2558 1255 2651 1314 οῦν
2678 1260 2769 1314 τὸν
2792 1260 2956 1313 λίθον.
2987 1279 3006 1311 ι
3044 1259 3108 1312 Ἢ
3139 1257 3408 1330 βραδύτης
3435 1255 3534 1308 τοῦ
3564 1253 3719 1324 ἀρθῆ-

2143 1367 2233 1404 ναι
2263 1350 2353 1404 τὺν
2385 1350 2726 1422 ἐπικείμενον
2751 1349 2829 1422 τῷ
2862 1350 3110 1423 σπηλαίῳ
3125 1349 3270 1402 λίθον
3307 1348 3416 1402 ἀπὸ
3440 1347 3547 1416 τῆς
3571 1347 3718 1400 ἁδελ-

2143 1443 2252 1512 φῆς
2278 1441 2370 1495 τοῦ
2399 1442 2840 1514 τετελευτηκότος
2871 1442 3180 1513 γεγένηται·
3215 1440 3379 1494 οἱονεὶ
3401 1440 3511 1510 γὰρ
3544 1437 3723 1491 ἐνεπύ-

2141 1533 2286 1587 δισεν
2318 1531 2399 1598 οἷς
2425 1534 2754 1605 προσέταξεν
2787 1536 2815 1586 ὁ
2853 1534 3077 1604 Ἰησοῦς,
3107 1532 3292 1586 εἰπών·
3335 1549 3356 1582 ι
3401 1532 3610 1599 ’Ἄρατε
3637 1530 3720 1582 τὸν

2141 1626 2309 1687 λίθον,
2340 1647 2357 1678 ι
2385 1628 2621 1697 φήσασα·
2663 1645 2681 1677 ι
2714 1626 2851 1696 Ἤδη
2888 1626 3020 1690 ὄζει·
3053 1627 3365 1695 τεταρταῖος
3394 1623 3506 1694 γάρ
3531 1625 3669 1675 ἐστι·
3697 1642 3714 1674 ο

2143 1718 2236 1770 καὶ
2269 1719 2315 1770 εί
2354 1717 2427 1788 μὴ
2453 1716 2754 1770 ἐκεκώλυτό
2821 1732 2885 1785 γε
2917 1717 2949 1788 ἡ
2977 1717 3074 1787 τῆς
3102 1715 3332 1786 Μάρθας
3356 1713 3612 1773 ἀπιῖτία,
3649 1711 3720 1763 εξ-

2143 1810 2334 1872 πόντος
2382 1809 2518 1879 αὐτῇ
2562 1806 2655 1861 τοῦ
2695 1807 2887 1878 Ἰησοῦ·
2927 1827 2945 1859 ι
3000 1809 3114 1861 Ούκ
3156 1802 3310 1859 εἶπόν
3348 1823 3449 1870 σοι,
3494 1805 3601 1866 ὅτι,
3634 1802 3722 1856 ἐὰν

464 1895 596 1948 riam
630 1894 720 1948 Dei
749 1894 906 1949 “'“i
929 1915 948 1949 ι
982 1897 1396 1967 haudquaquam
1425 1899 1515 1966 qui
1545 1901 1848 1965 audierant,
1874 1922 1892 1954 ι
1917 1901 2033 1957 Τοί-

2149 1897 2592 1970 πιστεύσῃς,δψει
2608 1897 2706 1968 τὴν
2725 1896 2879 1962 δόξαν
2898 1896 2990 1950 τοῦ
3011 1896 3146 1950 Θεοῦ
3167 1913 3182 1961 ;
3219 1915 3238 1947 ι
3272 1895 3371 1948 ούκ
3394 1894 3460 1948 ἂν
3492 1895 3542 1947 οἱ
3571 1892 3706 1947 ἀκού

465 1986 556 2041 lite
583 1985 838 2056 lapidem,
878 2006 896 2040 ι
930 1991 1280 2046 sustulissent
1318 1990 1572 2061 lapidem.
1602 1994 1716 2061 Age
1748 1995 1893 2049 enim
1940 2012 2036 2064 po-

462 2086 640 2140 natur,
683 2095 804 2134 cum
851 2081 1055 2137 diceret
1081 2080 1256 2149 Jesus,
1297 2101 1316 2135 ι
1355 2083 1550 2139 Tollite
1607 2069 1858 2156 lapidein,
1900 2108 1918 2140 ι
1949 2090 2039 2144 de-

461 2169 631 2225 functi
661 2185 906 2226 sororem
935 2188 1034 2228 nec
1065 2175 1430 2244 respondisse,
1465 2192 1563 2232 nec
1587 2177 1799 2233 dixisse
1827 2197 1840 2233 :
1869 2199 1888 2231 ι
1918 2180 2035 2234 Jam

461 2257 615 2325 fetet,
645 2263 1039 2331 quatriduanus
1074 2265 1220 2321 enim
1244 2276 1358 2334 est;
1400 2285 1419 2319 ι
1446 2268 1572 2337 quid
1590 2278 1903 2324 secuturum
1923 2268 2039 2326 fue-

460 2358 567 2418 rat,
596 2353 726 2422 quia
767 2354 1032 2424 scriptum
1082 2355 1318 2412 fuisset:
1358 2375 1376 2409 ι
1415 2356 1558 2412 Dicit
1587 2356 1746 2414 Iesus
1791 2375 1806 2413 :
1842 2358 2038 2416 Tollite

457 2443 718 2514 lapidem,
778 2465 818 2525 »λ
850 2447 978 2516 nisi,
1023 2467 1042 2501 ‹
1089 2449 1426 2506 sustulerunt
1460 2450 1628 2521 igitur
1663 2449 1895 2524 lapidem
1937 2454 1962 2508 ?
2013 2473 2032 2507 ι

457 2534 612 2594 Nunc
638 2548 818 2595 autem
847 2555 967 2610 quae
993 2541 1252 2596 dicuntur
1285 2557 1314 2596 a
1342 2558 1532 2599 sorore
1573 2545 1837 2613 defuncti,
1897 2546 2039 2602 inter

458 2629 564 2687 hoc
607 2632 849 2700 dictum,
904 2653 924 2686 ι
961 2635 1158 2690 Tollite
1210 2635 1467 2705 lapidem,
1507 2655 1526 2690 ι
1559 2645 1614 2692 et
1669 2639 1812 2693 inter
1864 2639 2034 2706 illud,

462 2739 484 2774 ι
515 2724 854 2779 sustulerunt
899 2725 1064 2797 igitur
1110 2725 1370 2794 lapidem,
1404 2746 1422 2780 ι
1457 2728 1845 2798 impedimento
1885 2731 2036 2787 fuere

457 2814 747 2883 quominus
780 2816 1067 2872 tolleretur
1093 2817 1249 2888 lapis.
1273 2817 1353 2872 Ac
1383 2832 1449 2871 ne
1475 2819 1584 2873 ullo
1613 2821 1830 2888 quidem
1849 2823 2032 2890 modo,

456 2905 620 2960 etiam
665 2907 709 2962 si
759 2923 912 2977 sero],
963 2908 1208 2964 sublatus
1254 2907 1477 2974 fuisset,
1527 2911 1630 2966 nisi
1692 2914 2034 2982 respondens

455 2993 616 3054 Jesus
653 2999 722 3054 ad
767 2999 910 3054 illius
965 2999 1403 3056 incredulitatem
1455 3002 1683 3058 dixisset
1728 3021 1741 3057 :
1779 3023 1798 3056 ι
1835 3005 2030 3061 Nonne

455 3087 564 3147 dixi
587 3089 702 3154 tibi,
723 3090 868 3158 quod
893 3091 938 3145 si
989 3089 1310 3154 credideris,
1341 3091 1550 3145 videbis
1585 3092 1812 3162 gloriam
1851 3095 1984 3150 Dei?
2007 3115 2027 3148 ι

455 3177 816 3245 Quamobrem
849 3182 1047 3236 bonum
1074 3189 1178 3247 est,
1206 3183 1251 3238 si
1278 3199 1400 3238 cum
1421 3183 1554 3254 quid
1587 3187 1783 3256 cuique
1803 3189 2030 3255 jusserit

455 3271 737 3336 Dominus,
789 3273 835 3328 is
881 3274 1014 3327 nihil
1062 3275 1454 3344 interposuerit
1494 3275 1638 3330 inter
1681 3277 2029 3349 eiusjussio-

453 3378 577 3418 nem
625 3372 681 3420 et
730 3367 916 3434 operis
959 3366 1364 3436 impletionem;
1418 3368 1726 3438 opinorque
1777 3385 1912 3426 sane
1957 3372 2030 3436 ei,

451 3455 545 3521 qui
580 3455 842 3525 ejusmodi
881 3470 982 3524 est,
1008 3459 1301 3514 convenire
1329 3467 1390 3512 ut
1415 3473 1473 3513 se
1513 3458 1844 3515 imitatorem
1875 3461 2034 3516 Chri-

453 3543 526 3598 sti
565 3543 764 3601 factum
798 3560 921 3602 esse
948 3547 1114 3603 dicat.
1154 3547 1220 3604 Ut
1239 3549 1383 3604 enim
1411 3548 1634 3605 Christo
1662 3567 1680 3601 ι
1707 3550 1844 3604 dixit
1869 3550 2030 3618 Deus,

451 3643 509 3691 et
555 3635 694 3690 facta
736 3647 896 3704 sunt;
958 3638 1253 3705 mandavit,
1300 3649 1356 3695 et
1403 3649 1586 3696 creata
1639 3641 1870 3707 sunt";
1903 3659 1923 3694 ι
1952 3641 2034 3697 sic

453 3725 592 3781 ﬁdeli
628 3741 750 3781 cum
779 3729 915 3783 dixit
935 3729 1209 3797 Christus,
1235 3730 1410 3786 ﬁdelis
1439 3729 1600 3798 fecit;
1627 3747 1752 3787 cum
1776 3730 2032 3788 Christus

453 3819 686 3882 mandat,
723 3820 814 3875 ille
844 3823 1155 3877 mandatum
1188 3821 1456 3892 implevit,
1482 3821 1616 3876 nihil
1649 3836 1817 3876 mora:
1859 3822 2030 3876 inter-

448 3924 686 3981 ponens;
719 3913 803 3968 vel
829 3914 933 3969 sibi
965 3914 1290 3969 damniticus
1316 3916 1422 3968 erit
1473 3914 1866 3979 inobedientia,
1902 3913 2026 3982 quia

449 4001 753 4060 intercedat
776 4014 990 4074 tempus
1016 4006 1161 4061 inter
1191 4007 1476 4077 imperium
1510 4016 1564 4061 et
1597 4006 1813 4076 imperii
1838 4004 2025 4073 exple-

451 4097 675 4153 tionem.
743 4097 1070 4154 Existimare
1115 4099 1259 4154 enim
1307 4099 1572 4154 debemus
1616 4106 1827 4167 tempus
1873 4097 2024 4161 illud,

449 4191 590 4260 quod
618 4192 969 4258 interponunt
995 4189 1184 4259 aliqui,
1233 4201 1421 4260 postea
1456 4190 1710 4244 mandata
1735 4188 2024 4254 facientes,

451 4287 662 4343 tempus
691 4293 811 4332 esse
837 4277 1217 4333 inobedientia:
1248 4279 1524 4347 pracepti.
1585 4278 1735 4333 Hanc
1761 4279 1924 4332 etiam
1956 4277 2028 4332 ob

449 4383 669 4422 causam
697 4369 788 4437 qui
810 4368 1032 4440 jubetur
1068 4384 1098 4423 a
1131 4382 1284 4440 patre
1311 4371 1364 4424 in
1391 4369 1668 4440 Evangelii
1700 4370 1958 4440 parabola
1979 4371 2025 4402 ⁸³

448 4462 717 4531 proficisci
745 4463 798 4516 iu
827 4477 1038 4532 agrum,
1063 4471 1126 4518 et
1155 4463 1396 4532 operari,
1431 4464 1557 4533 quia
1591 4479 1698 4520 non
1732 4462 2023 4519 confestim

2145 2009 2354 2052 σαντες·
2397 2010 2415 2043 ι
2459 1991 2658 2064 ’Ἄρατε
2690 1991 2781 2044 τὸν
2810 1991 2975 2053 λίθον,
3023 2011 3041 2042 ι
3076 1986 3217 2062 ἦραν
3257 1989 3347 2043 τὸν
3378 1987 3548 2040 λίθον.
3591 1988 3723 2057 Φέρε

2139 2084 2246 2154 γὰρ
2277 2083 2397 2137 καθ’
2420 2082 2692 2146 ὑπόθεσιν,
2726 2082 2967 2146 εἰπόντος
2989 2081 3080 2136 τοῦ
3115 2079 3310 2152 Ἰησοῦ·
3336 2099 3354 2131 ι
3396 2081 3608 2150 ’Ἄρατε
3637 2080 3722 2130 τὸν

2138 2171 2302 2237 λίθον,
2342 2192 2359 2224 ι
2398 2173 2471 2244 μὴ
2503 2173 2897 2243 ἁποκεκρῖσθαι
2928 2173 3026 2244 τὴν
3063 2170 3296 2242 ἀδελφὴν
3343 2169 3435 2222 τοῦ
3477 2167 3715 2220 τετελευ-

2136 2265 2382 2336 τηκότος.
2412 2265 2545 2336 μηδέ
2575 2265 2868 2336 εἰρηκέναι·
2906 2283 2924 2315 ι
2957 2263 3092 2334 Ἤδη
3122 2262 3255 2327 ὄζει·
3275 2263 3594 2330 τεταρταῖος
3619 2261 3722 2331 γάρ

2139 2359 2277 2423 ἐστι,
2311 2377 2328 2408 ι
2359 2357 2412 2410 τί
2457 2354 2549 2412 οὖν
2597 2357 2958 2428 ἠκολούθησεν
2997 2355 3061 2410 ἂν
3098 2354 3257 2408 τοῦτο
3303 2353 3645 2423 γεγράφθαι,
3691 2353 3720 2422 ἢ

2137 2450 2294 2503 τοῦτο
2339 2449 2366 2502 ὃ
2415 2449 2622 2515 λέγειὸ
2665 2448 2889 2521 Ἰησοῦς·
2925 2469 2944 2501 ι
2984 2451 3186 2520 ’Δρατε
3236 2447 3541 2509 τὸν-λίθον,
3581 2442 3723 2518 ἦραν

2136 2539 2229 2597 οῦν
2261 2544 2352 2597 τὸν
2379 2543 2525 2598 λίθον
2545 2543 2634 2613 (6‘2
2660 2543 2707 2615 );
2738 2563 2755 2594 ι
2777 2543 2913 2596 Νυνὶ
2928 2542 2983 2595 δὲ
3001 2541 3203 2612 μεταξὺ
3221 2541 3333 2595 τοῦ·
3371 2559 3389 2592 ι
3404 2542 3614 2612 Ἄρατε
3636 2540 3722 2594 τὶν

2136 2633 2304 2699 λίθον,
2347 2653 2365 2684 ι
2403 2633 2496 2687 καὶ
2526 2632 2644 2687 τοῦ·
2677 2652 2696 2685 ‹
2729 2629 2912 2705 Ἦραν
2949 2627 3042 2686 οῦν
3073 2633 3162 2686 τὸν
3200 2632 3365 2698 λίθον,
3405 2651 3423 2683 ι
3461 2632 3536 2685 τὰ
3569 2635 3722 2705 είρη-

2141 2725 2276 2794 μένα
2310 2725 2417 2778 ὑπὸ
2448 2727 2546 2797 τῆς
2579 2724 2811 2795 ἀδελφῆς
2836 2724 2928 2778 τοῦ
2957 2723 3404 2794 τετελευτηκότος
3435 2725 3721 2777 ἐνεπόδισε

2135 2815 2213 2886 τῷ
2240 2817 2470 2888 ἀρθῆναι
2503 2817 2592 2869 τὸν
2637 2815 2804 2871 λίθον.
2841 2815 2952 2868 Καὶ
2987 2815 3089 2868 οὐκ
3126 2813 3190 2868 ἂν
3213 2813 3332 2867 ούδέ
3377 2813 3478 2884 τὴν
3519 2815 3722 2885 ἀρχὴν,

2138 2907 2241 2960 κᾶν
2277 2907 2511 2978 βράδιον,
2543 2907 2704 2980 ἤρθη,
2738 2909 2786 2960 εἰ
2823 2907 2897 2978 μὴ
2925 2903 3244 2975 ἀποκριθεὶς
3274 2907 3303 2958 ό
3341 2903 3552 2974 Ἰησοῦς
3583 2905 3723 2973 πρὸς

2135 2998 2232 3070 τὴν
2258 2999 2470 3070 ἐκείνης
2485 2999 2744 3053 ἀπιστίαν
2772 2999 2982 3070 εἰρήκει
3015 2998 3094 3050 τό·
3131 3016 3150 3048 t
3178 2997 3290 3049 Οὐκ
3311 2989 3462 3049 εἶπόν
3487 3013 3592 3058 σοι,
3617 2998 3722 3059 ὅτι,

2135 3089 2230 3142 ἐὰν
2263 3090 2577 3162 πιστεύσῃς,
2614 3091 2735 3160 ὄψει
2773 3090 2872 3161 τὴν
2899 3088 3056 3154 δόξαν
3091 3087 3185 3142 τοῦ
3235 3087 3409 3153 Θεοῦ;
3468 3105 3488 3138 ι
3539 3086 3724 3140 Καλὸν

2134 3177 2227 3234 οῦν
2259 3182 2318 3234 τὸ
2347 3182 2510 3252 μηδὲν
2535 3181 2787 3250 γενέσθαι
2811 3180 3012 3252 μεταξὺ
3039 3181 3137 3251 τῆς
3167 3178 3341 3250 Ἰησοῦ
3364 3179 3725 3250 προστάξεως

2134 3272 2350 3326 καὶτοῦ
2385 3273 2492 3326 ἀπὸ
2529 3272 2635 3326 τῶν
2679 3272 3168 3344 προστασσομένων
3215 3273 3342 3343 περὶ
3381 3265 3456 3324 ὧν
3507 3271 3723 3341 Ἰησοῦς

2131 3365 2432 3429 ἐκέλευσεν,
2476 3365 2635 3436 ἔργου
2684 3365 2814 3437 (65).
2874 3365 2984 3418 Καὶ
3034 3360 3188 3434 οἶμαί
3231 3381 3294 3432 γε
3344 3363 3612 3435 ἁρμόσειν
3647 3363 3726 3432 τῷ

2131 3455 2354 3527 τοιούτῳ
2381 3459 2575 3520 εἰπεῖν,
2594 3458 2675 3510 ὅτι
2704 3455 2945 3527 μιμητὴς
2972 3456 3160 3524 γέγονε
3209 3454 3468 3527 Χριστοῦ·
3497 3455 3575 3518 ὡς
3610 3455 3724 3522 γὰρ

2130 3549 2304 3617 τούτῳ
2335 3567 2352 3599 ι
2395 3545 2545 3601 εἶπεν
2589 3551 2617 3601 ὁ
2652 3548 2803 3612 Θεὸς,
2853 3547 2948 3602 καὶ
2991 3547 3347 3618 ἐγενήθησαν·
3387 3546 3722 3606 ἐνετείλατο,

2131 3641 2224 3693 καὶ
2259 3640 2605 3710 ἐκτίσθησαν·
2649 3659 2666 3691 ι
2700 3639 2873 3702 οὕτως
2907 3637 2984 3709 τῷ
3023 3637 3198 3709 πιστῷ
3237 3633 3355 3690 εἷπε
3387 3637 3486 3707 μὲν
3521 3639 3549 3689 ό
3582 3638 3722 3707 Χριο

2133 3733 2275 3797 στὺς,
2312 3733 2579 3802 πεποίηκε
2628 3733 2684 3786 δὲ
2724 3724 2902 3794 οὗτος·
2943 3732 3037 3784 καὶ
3084 3732 3387 3785 ἐνετείλατο
3432 3722 3590 3790 οὗτος
3624 3727 3722 3781 τοῦ

2129 3825 2264 3879 Θεοῦ
2296 3824 2429 3897 (64),
2472 3819 2629 3889 οὗτος
2674 3824 2730 3878 δέ
2759 3824 2858 3894 τὴν
2887 3824 3106 3894 ἐντολὴν
3153 3823 3506 3894 πεπλήρωκε,
3547 3820 3724 3890 μηδὲν

2129 3917 2518 3989 ὑπερθέμενος,
2572 3916 2704 3988 μηδέ
2749 3914 3036 3986 ζημιώσας
3085 3915 3278 3968 ἐαυτὸν
3323 3913 3573 3984 παρακοῇ
3621 3909 3722 3964 τοῦ

2132 4007 2334 4080 μεταξὺ
2361 4009 2460 4080 τῆς
2484 4007 2831 4079 προστάξεως
2859 4007 2952 4060 καὶ
2982 4006 3076 4060 τοῦ
3115 4007 3278 4076 ἔργου
3309 4005 3527 4077 χρόνου·
3559 4021 3723 4074 νομι-

2130 4102 2283 4155 στέον
2316 4101 2424 4174 γὰρ
2460 4100 2537 4171 τῷ
2577 4100 2798 4173 ὕστερον
2850 4099 3091 4153 ποιοῦντι
3129 4101 3190 4154 τὸ
3232 4097 3720 4170 προστεταγμένον

2131 4191 2416 4264 παρακοῆς
2467 4191 2655 4262 χρόνον
2708 4185 2847 4244 εἶναι
2889 4190 3019 4260 περὶ
3050 4190 3149 4260 τῆς
3197 4188 3434 4258 ἐντολῆς,
3479 4186 3570 4240 τὸν
3616 4187 3714 4249 τῆς

2128 4283 2413 4353 ἀναϐολῆς.
2445 4283 2542 4335 Διὰ
2580 4281 2737 4334 τοῦτο
2780 4282 2836 4334 δὲ
2881 4281 2975 4334 καὶ
3006 4283 3035 4335 ὁ
3082 4283 3140 4334 ἐν
3172 4283 3238 4351 τῇ
3281 4275 3562 4347 παραϐολῇ
3613 4269 3713 4323 τοῦ

2127 4373 2458 4441 Εύαγγελίου
2489 4371 2848 4444 προσταχθεὶς
2875 4371 2978 4424 ὑπὸ
3019 4369 3112 4422 τοῦ
3147 4367 3349 4438 πατρὸς
3376 4360 3713 4432 πορευθῆναι

2128 4466 2209 4526 είς
2235 4464 2326 4516 τὸν
2347 4462 2536 4535 ἀγρὸν,
2561 4463 2656 4516 καὶ
2685 4461 3040 4533 ἐργάσασθαι,
3069 4460 3144 4531 μὴ
3185 4454 3526 4528 παραχρῆμα
3553 4451 3713 4520 ποιή-

447 4551 597 4619 fecit,
650 4554 744 4608 sed
797 4553 1016 4624 quando
1076 4553 1396 4620 pmnitentia
1451 4564 1632 4611 motus
1677 4555 1831 4622 abiit,
1859 4555 2022 4625 372

2149 4575 2248 4621 τας,
2286 4556 2398 4611 ἀλλ’
2446 4557 2536 4609 ὅτε
2583 4555 2808 4625 ὕστερον
2855 4551 3252 4625 μεταμεληθεὶς
3288 4545 3548 4647 ἀπῆλθεν,
3607 4543 3714 4596 οὐκ

447 4661 552 4702 non
594 4647 723 4702 fecit
763 4646 1101 4702 voluntatem
1153 4648 1326 4716 patris
1371 4662 1467 4716 per
1499 4649 1550 4703 id
1599 4659 1829 4718 tempus,
1877 4649 2020 4716 quod

2149 4649 2351 4719 ,ποίησε
2376 4648 2438 4700 τὸ
2467 4647 2675 4718 θέλημα
2699 4647 2790 4699 τοῦ
2833 4645 3036 4718 πατρὸς
3070 4645 3128 4696 ἐν
3160 4641 3236 4712 τῷ
3269 4639 3375 4736 πρὸ
3698 4661 3709 4669 ·

447 4739 774 4801 intercessit,
803 4748 1099 4810 antequam
1143 4740 1461 4809 paenitentia
1498 4749 1836 4794 moveretur.
1876 4739 2022 4805 Quo-

2149 4737 2346 4800 ιελείας
2367 4737 2562 4807 χρόνῳ.
2591 4735 2791 4807 Διόπερ
2815 4733 3213 4806 μνημονευτέον
3243 4728 3359 4784 τοῦ·
3402 4746 3421 4778 ι
3447 4726 3544 4796 Μὴ
3573 4725 3708 4776 ἀνά-

446 4831 587 4887 circa
610 4845 881 4886 memores
904 4830 1074 4886 simus
1101 4845 1324 4886 necesse
1344 4841 1430 4885 est
1465 4831 1610 4885 illius
1633 4830 1766 4886 dicti
1809 4849 1822 4884 :
1873 4848 1894 4882 ι
1945 4829 2023 4885 Ne

2149 4847 2258 4883 ιενε
2291 4829 2400 4900 (65)
2420 4828 2742 4900 ἐπιστρέψαι
2775 4827 2910 4896 πρὸς
2941 4825 3164 4898 Κύριον,
3204 4821 3340 4916 μηδέ
3365 4813 3708 4916 ὑπερϐάλλον

445 4923 814 4989 percuncteris
861 4922 1064 4978 reverti
1106 4923 1172 4977 ad
1221 4923 1533 4986 Dominum,
1582 4937 1759 4990 neque
1800 4921 2021 4978 din‘eras

2149 4921 2336 4992 ιμέραν
2358 4919 2418 4984 ἐξ
2444 4920 2678 4991 ἡμέρας,
2715 4937 2748 4996 ι¹
2768 4917 2862 4971 καὶ
2886 4917 3000 4970 τοῦ·
3043 4936 3061 4968 ι
3099 4915 3191 4986 Μὴ
3217 4910 3399 4981 εἴπῃς·
3438 4906 3706 5011 ’ξπανεὶῖ

444 5014 509 5066 de
539 5014 628 5069 die
657 5015 708 5070 in
733 5015 878 5070 diem
897 5014 976 5081 ἰς
1000 5034 1020 5067 ι
1043 5025 1097 5070 et
1125 5014 1266 5070 illius
1300 5031 1314 5067 :
1350 5032 1368 5065 ι
1400 5013 1476 5068 Nc
1499 5014 1704 5068 dixeris
1735 5031 1747 5066 :
1784 5014 2020 5069 Rediens

2149 5015 2231 5068 ιὼν
2261 5016 2520 5086 ἐπάνηκε,
2549 5013 2643 5066 καὶ
2665 5011 2854 5083 αῦριον
2877 5009 3053 5072 δώσω,
3086 5003 3311 5061 δυνατοῦ
3340 5017 3431 5054 σου
3456 4997 3610 5060 ὗντος

445 5105 582 5168 redi,
611 5116 667 5160 et
700 5121 828 5162 cras
849 5107 990 5161 dabo
1022 5107 1142 5170 tibi,
1168 5123 1290 5162 cum
1323 5107 1498 5175 possis
1526 5107 1846 5160 benellcium
1880 5121 2014 5160 con-

2149 5113 2316 5164 ποιεῖν.
2357 5129 2374 5160 ι
2417 5081 2538 5180 Χρὴ
2571 5081 2750 5160 τοίνυν
2783 5101 3118 5175 κατηγορίαν
3147 5095 3390 5170 νομίζειν
3429 5087 3564 5180 εἶναι
3599 5081 3701 5180 ἷξες

541 5195 584 5227 ⁸⁷
611 5195 764 5250 Jnau.
795 5198 956 5262 ",40
1083 5198 1276 5253 “Ibid.
1297 5200 1386 5255 41.
1483 5197 1527 5230 ⁸³
1552 5197 1682 5252 lbid.
1701 5197 1790 5253 '59.
1887 5199 2033 5254 “"‘l

442 5261 490 5294 ⁸⁵
503 5263 668 5320 Eccli.
693 5281 744 5320 v.
769 5266 823 5320 8.

2149 5242 2155 5256 .
2197 5203 2290 5257 40.
2402 5175 2610 5256 "l’sal.
2639 5198 2889 5260 xxxn,9.
3004 5195 3051 5227 ⁸³
3072 5193 3266 5247 Matth.
3316 5199 3430 5241 ul.
3471 5178 3566 5244 εδ.
3602 5175 3702 5232 39-

444 5368 574 5432 εεῖιξδ
605 5359 828 5420 βθεὶιιοε
856 5358 969 5413 fere
992 5361 1125 5432 duas
1148 5363 1453 5431 complexa,
1507 5375 1667 5432 quam
1701 5359 1770 5432 in
1818 5360 2010 5432 codice
2116 5362 2279 5432 male.
2339 5357 2687 5431 μανθάνεται.

446 5404 628 5474 nam;
797 5404 1669 5504 εειῖετεινιτξῑςενρίςὲῖῐῖιςαὲῑνέε
1699 5404 2010 5485 nam:
2589 5437 2646 5480 ιιι
2676 5425 2903 5504 vim.
2932 5404 3696 5504 madeas.caecias}?

445 5506 626 5570 ceses
654 5508 764 5570 uno
794 5483 942 5570 foi'Lte
969 5483 1240 5570 profectos
1271 5483 1813 5570 fi—ii'ss‘epervspicuum
1853 5483 1975 5570 est;
2121 5483 2232 5555 m“
2273 5483 2404 5559 ιέρίί
2476 5483 2560 5551 vel
2627 5491 3064 5561 coniecturaliter
3117 5483 3351 5537 reddidit
3401 5483 3666 5546 interpres

520 5560 630 5646 £60),
656 5562 835 5616 Codex
871 5560 1091 5634 Regius,
1125 5570 1283 5634 male,
1308 5573 1403 5642 τῆς
1439 5560 1535 5643 σῆς
1563 5560 1907 5641 δικαιοσύνης
1930 5569 2012 5622 λο-

2149 5571 2603 5646 ῖιητ;,ΡΑτειοιοκ
2664 5560 2747 5646 ..ί.
3154 5620 3282 5646 ..με

441 5617 783 5712 τιξειξένῖιςο.
1783 5617 1829 5712 ζ’

2317 5617 2534 5712 Crit-le;
2545 5617 2920 5712 Bodleian-us,
2941 5630 3100 5699 ἔργου
3110 5665 3135 5712 ,ι
3154 5617 3602 5712 [icilius-,3!

516 5691 628 5776 (lii)
671 5691 854 5776 Codex
911 5701 1263 5770 Bodleianus,
1303 5707 1528 5776 optime,
1583 5704 1725 5761 εἶδε·
1785 5707 2010 5775 Regius,

2194 5691 2308 5776 (61')
2342 5691 2531 5772 Οὗτος
2565 5704 2671 5776 τοῦ
2699 5701 2867 5776 Θεοῦ.
2900 5691 3042 5776 Lege
3071 5713 3086 5748 :
3113 5696 3141 5746 ὁ
3169 5691 3303 5776 [ibi
3315 5691 3409 5776 τοῦ
3421 5691 3587 5776 ¹Θεοῦἱ

444 5754 770 5849 ηκὲίςζξτνέ
824 5754 1263 5849 ζ

2325 5754 2876 5837 (ῖοθξιῖθοιίίοίουυε,
2898 5754 3153 5838 ἁνᾶμενε·
3175 5761 3397 5832 Regius,
3412 5759 3513 5812 ἀνα
3522 5754 3695 5811 nbat.

511 5839 624 5912 (62)
638 5839 820 5898 Codex
846 5841 1190 5911 Bodleianus,
1211 5854 1383 5913 recte,
1407 5846 1750 5916 μανθανέτω·
1789 5847 2008 5914 Regius,

2200 5839 2212 5853 \
2288 5839 2300 5849 1

3562 5884 3588 5893 ις
