4082 6558
221 460 301 514 685

1067 485 1070 488 -
1145 451 1501 508 COMMENT.
1545 451 1607 505 IN
1648 451 1843 506 JOAN.
1887 451 2127 506 'l'OMUS
2162 451 2393 506 XXVIII.

3319 458 3423 512 686

220 577 400 650 Μάρθας
450 574 770 647 βραδύτερον
802 575 1184 646 γεγραμμένον
1236 575 1316 628 τόν
1360 593 1379 625 ι
1426 570 1608 644 ’Ἦραν
1643 570 1728 627 οὖν

1845 573 1986 628 ferre
2020 574 2087 628 ⁸⁸.
2125 594 2144 628 ι
2192 575 2378 644 ltaqne
2423 575 2734 630 necessario
2786 575 2943 631 nobis
2995 577 3422 634 existimandum

221 667 283 720 τὸν
305 665 447 728 λίθον,
469 685 485 715 ι
506 665 622 719 δέον
646 665 774 737 ἑξῆς
802 665 933 720 αὐτὸ
959 665 1207 737 εἰρῆσθαι
1235 664 1330 736 τῷο
1360 685 1378 716 ι
1402 665 1562 734 Λέγει
1584 665 1612 716 ὁ
1639 665 1743 735 ’1η-

219 758 339 820 σοῦς·
359 759 542 830 Ἄρατε
559 757 650 811 τὸν
677 759 844 812 λίθον.
871 779 889 811 ι

1847 677 1952 726 est,
1989 668 2394 721 accusationem
2425 682 2546 722 esse
2575 667 2820 732 Marthae,
2881 671 3023 738 quod
3049 670 3255 724 tardius
3288 671 3427 725 scri-

1845 765 1998 826 ptum
2033 756 2194 812 fuerit
2226 776 2242 813 :
2281 775 2299 809 t
2331 757 2677 812 Sustulerunt
2705 759 2867 827 igitur
2914 758 3152 828 lapidem
3189 777 3204 812 :
3243 779 3263 813 ι
3297 775 3423 815 cum

218 854 406 924 alioquin
438 869 522 910 res
564 856 886 926 postularet,
919 865 978 910 ut
1009 871 1133 911 cum
1161 854 1388 910 dixisset
1429 852 1608 918 Iesus,
1642 870 1660 904 ι
1695 850 1891 908 Tollite
1920 853 2179 924 lapidem,
2221 872 2242 906 ι
2285 853 2542 924 deinceps
2569 862 2913 924 sequeretur,
2947 874 2968 904 α
3007 853 3272 909 Tulerunt
3294 869 3428 926 ergo

219 951 418 1018 lapidein.
462 969 481 1002 ι

264 1041 306 1096 ι.
333 1061 352 1094 ι
396 1041 449 1096 '0
472 1041 527 1096 δὲ
554 1040 764 1112 Ἰησοῦς
795 1033 895 1110 ἦρε
925 1040 1050 1101 τοὺς
1079 1039 1388 1110 ὀφθαλμοὺς
1439 1039 1582 1102 ἄνω,
1641 1040 1735 1096 καὶ

214 1127 931 1202 εἶπε)τάγεγραμμέναᾞερ)⁴
963 1133 1068 1185 τῶν
1099 1132 1391 1204 ὀφθαλμῶν
1429 1132 1603 1205 Ἰησοῦ
1639 1135 1734 1188 καὶ

215 1224 284 1293 τῆς
307 1221 516 1293 σχέσεως
545 1222 730 1276 αὐτῶν
765 1223 900 1296 πρός
950 1242 1100 1288 τινας
1131 1217 1404 1296 ἐπιμελῶς
1447 1227 1730 1300 τηρητέον,

209 1314 280 1366 καὶ
305 1313 592 1377 ἐξεταστέον
653 1309 769 1367 οἷον
815 1314 874 1367 ἐν
927 1315 1026 1385 μὲν
1075 1315 1154 1386 τῷ
1186 1315 1328 1369 κατὰ
1374 1316 1606 1379 Δουκᾶν,
1640 1317 1729 1370 ὅτε

211 1404 355 1475 ἔμελλε
379 1404 542 1473 λέγειν
566 1406 698 1469 τοὺς
727 1407 1126 1478 μακαρισμοὺς,
1149 1407 1242 1460 καὶ
1269 1407 1366 1479 τὴν
1397 1407 1523 1479 ἑξῆς
1549 1408 1731 1470 αὐτοῖς

211 1494 510 1560 διδασκαλίαν,
542 1514 560 1548 ι
583 1497 802 1568 ἐπάρας
823 1499 948 1562 τοὺς
971 1497 1281 1568 ὀφθαλμοὺς
1313 1499 1476 1552 αὐτοῦ
1507 1501 1586 1563 εἰς
1606 1501 1729 1564 τοὺς

212 1587 402 1656 μαθητὰς
431 1587 590 1642 αὑτοῦ
619 1589 800 1658 ἔλεγεο
835 1609 853 1641 ι
889 1591 1005 1644 νυνὶ
1030 1591 1084 1644 δὲ
1114 1611 1130 1642 ι
1155 1586 1256 1663 ἦρε
1281 1593 1404 1655 τοὺς
1419 1592 1728 1664 ὀφθαλμοὺς

209 1680 326 1731 αὑτοῦ
355 1682 473 1744 ἄνω,
500 1681 594 1735 καὶ
617 1676 768 1734 εἶπε·
807 1701 825 1734 ι
849 1682 1211 1754 διδασκόμεθα
1245 1684 1352 1755 γὰρ
1378 1686 1486 1738 ἀπὸ
1513 1687 1609 1756 μὲν
1634 1687 1726 1740 τοῦ

1911 1033 1968 1093 AI.
2002 1053 2021 1086 ι
2061 1035 2132 1088 At
2174 1034 2332 1090 Jesus
2363 1035 2583 1093 sustulit
2626 1036 2811 1092 oculos
2864 1051 3108 1100 sursum,
3139 1046 3192 1092 et
3225 1037 3360 1092 dixit
3396 1054 3421 1093 ι

1841 1141 1960 1196 qua:
1980 1127 2183 1197 scripta
2215 1137 2342 1182 sunt
2367 1127 2434 1181 ⁸⁸.
2485 1129 2560 1184 De
2601 1129 2774 1184 oculis
2811 1128 2961 1194 Jesu,
3003 1129 3180 1199 deque
3231 1145 3420 1184 eorum

1839 1219 2024 1274 habitu
2047 1234 2176 1288 erga
2209 1219 2497 1289 quosdam,
2551 1221 2778 1292 diligens
2831 1223 3146 1277 observatio
3194 1223 3424 1292 inquisi-

1841 1309 2025 1380 tioque
2054 1319 2139 1366 est
2184 1309 2514 1365 adhibenda.
2567 1309 2731 1365 Verbi
2781 1313 2982 1382 gratia,
3020 1313 3074 1366 in
3124 1312 3420 1382 Evangelia

1838 1398 1998 1454 Lucae
2053 1401 2295 1456 dicturus
2352 1401 2753 1470 beatitudines,
2814 1403 3012 1472 hisque
3067 1403 3418 1472 conjunclam

1839 1491 2163 1557 doctrinam,
2195 1511 2213 1544 (
2248 1492 2476 1548 elevatis
2521 1493 2694 1549 oculis
2741 1493 2795 1548 in
2837 1494 3136 1564 discipulos
3175 1511 3300 1550 suos
3331 1495 3421 1550 di-

1836 1585 1993 1638 cebat
2019 1585 2098 1649 5°;
2137 1604 2157 1637 ι
2195 1601 2340 1641 nunc
2379 1594 2561 1640 autem
2607 1604 2627 1638 ι
2662 1587 3097 1642 sustulitoculos
3137 1603 3266 1642 suos
3293 1603 3418 1642 sur-

1835 1691 1978 1744 sum,
2026 1687 2081 1732 et
2109 1679 2246 1734 dixit
2275 1697 2288 1733 :
2321 1699 2340 1732 ι
2373 1695 2401 1732 a
2429 1682 2606 1745 primo
2653 1695 2897 1750 namque
2937 1681 3080 1734 dicto
3129 1695 3418 1735 monemur

211 1771 434 1841 προτέρου,
457 1773 536 1825 ὅτι
573 1773 652 1845 μὴ
685 1773 840 1827 κάτω
882 1775 1017 1827 εἰσὶν
1043 1775 1092 1826 οὶ
1123 1774 1216 1828 τοῦ
1247 1774 1425 1844 Ἰησοῦ
1470 1776 1728 1846 μαθηταί⁸

1836 1767 2129 1837 discipulos
2162 1784 2288 1823 suos
2331 1769 2539 1824 inferne
2571 1787 2674 1825 non
2699 1786 2851 1837 esse,
2903 1786 3064 1840 quam
3095 1773 3166 1826 ob
3190 1786 3414 1826 causam

207 1861 342 1933 διόπερ
366 1863 678 1936 ἐπαίρονται
704 1866 755 1918 οἱ
788 1865 1054 1941 ὀφθαλμοὶ
1077 1866 1168 1919 τοῦ
1189 1867 1517 1922 Διδασκάλου
1536 1871 1613 1932 είς
1638 1871 1733 1922 αὺ-

207 1951 397 2020 τοὺς,οἷς
417 1955 557 2020 ἄξιον
589 1953 664 2028 ἦν
699 1957 906 2030 ἐπᾶραι
950 1960 1116 2013 αὑτὸν
1151 1962 1276 2023 τοὺς
1314 1960 1508 2014 ἐαυτοῦ
1535 1960 1734 2029 ὀφθαλ-

210 2046 318 2114 μούς.
360 2047 451 2100 Διά
481 2047 539 2102 δέ
584 2048 686 2102 τοῦ
721 2049 818 2104 νῦν
863 2051 1268 2123 ἐξεταζομένου,
1305 2053 1385 2106 ὅτι
1439 2054 1734 2124 μετέθηκεν

205 2138 344 2190 ἑαυτοῦ
361 2141 413 2192 τὺ
440 2141 788 2212 διανοητικδν
807 2143 912 2195 ἀπὸ
946 2144 1045 2212 τῆς
1081 2145 1216 2215 πρὸς
1259 2147 1384 2208 τοὺς
1419 2145 1568 2198 κάτω
1603 2147 1730 2215 ὁμι-

204 2230 300 2294 λίας,
325 2234 404 2286 καὶ
426 2235 698 2306 ἀνήγαγε,
717 2236 814 2290 καὶ
838 2235 1017 2305 ὕψωσε
1039 2238 1330 2309 προσάγων
1345 2239 1476 2292 αὐτὸ
1503 2243 1567 2311 τῇ
1597 2239 1734 2311 πρὸς

205 2322 264 2373 τὸν
288 2324 512 2395 ὑπεράνω
545 2327 778 2380 πάντων
824 2327 1045 2398 Πατέρα
1079 2328 1230 2400 εὐχῇ.
1268 2329 1428 2382 Ἀλλὰ
1449 2331 1543 2384 καὶ
1574 2331 1732 2401 εἴπερ

204 2417 387 2488 μιμητὴς
421 2419 661 2490 Χριστοῦ
709 2420 826 2472 ἐστι
876 2419 1106 2486 Παῦλος,
1148 2422 1242 2475 καὶ
1271 2425 1318 2475 οἱ
1361 2425 1730 2495 παραπλήσιοι

202 2506 319 2576 αὐτῷ,
342 2511 540 2582 ἀνάγκη
573 2511 674 2564 τὸν
710 2511 855 2565 κατά
886 2510 1044 2584 ζῆλον
1074 2514 1168 2568 καὶ⁵
1194 2513 1424 2586 μίμησιν
1473 2516 1572 2587 τῆς
1599 2518 1733 2587 Χρι-

200 2595 288 2648 στοῦ
313 2597 459 2670 εὐχῆς
496 2601 820 2672 εὐξάμενον,
859 2603 1073 2674 ἄραντα
1118 2605 1244 2668 τοὺς
1280 2605 1593 2678 ὀφθαλμοὺς
1631 2609 1731 2678 τῆς

197 2685 327 2756 illiti;
345 2690 464 2754 ἅνω,
506 2695 602 2746 καὶ
656 2694 1070 2748 ἀναϐιϐάσαντα
1100 2697 1298 2761 αὐτοὺς
1336 2697 1443 2751 ἀπὸ
1473 2699 1579 2751 τῶν
1603 2700 1729 2771 τῇδε

201 2779 495 2850 πραγμάτων,
525 2785 622 2839 καὶ
660 2787 905 2856 μνήμης,
932 2787 1025 2840 καὶ
1051 2787 1290 2852 ἐννοιῶν,
1312 2789 1406 2842 καὶ
1433 2788 1727 2860 λογισμῶν,

196 2868 319 2934 οὓτως
358 2877 520 2928 εἰπεῖν
573 2876 659 2947 τῷ
701 2877 823 2948 Θεῷ
857 2879 983 2942 τοὺς
1026 2866 1216 2948 λόγους
1256 2881 1357 2950 τῆς
1399 2882 1564 2952 εὐχῆς
1601 2884 1730 2948 τοὺς

197 2962 284 3031 περὶ
307 2967 536 3034 μεγάλων
565 2970 670 3022 καὶ
697 2971 1058 3041 ἐπουρανίων,
1081 2973 1347 3042 μεγάλους
1374 2974 1468 3027 καὶ
1494 2975 1730 3046 ἐπουρα-

194 3052 311 3118 νίοιυς.
331 3057 386 3110 Εἰ
407 3060 461 3113 δέ
477 3079 562 3125 τις
588 3061 739 3134 πρὸς
766 3061 940 3115 ταῦτα
970 3063 1289 3118 άνθυποίσει
1320 3065 1409 3119 τὸν
1439 3067 1573 3137 μηδέ
1601 3069 1727 3132 τοὺς

195 3143 439 3218 θφθαλμοὺξ
470 3154 686 3226 ἐπᾶραι
729 3152 1031 3226 θελήσαντα
1064 3157 1322 3228 τελώνην,
1356 3159 1448 3212 καὶ
1482 3158 1726 3229 τύψαντα

195 3234 331 3292 ἑαυτοῦ
357 3242 660 3315 τὸστῆθος,
690 3247 788 3300 καὶ
831 3247 1073 3302 είπόντα’
1107 3267 1125 3300 ι
1185 3249 1242 3303 '0
1275 3248 1429 3313 Θεὸς,
1476 3249 1727 3322 ἱλάσθητί

197 3331 330 3402 μοιτῴ
352 3335 688 3410 ἁμαρτωλῷ,
738 3358 757 3390 ι
785 3341 1003 3394 λεκτέον
1032 3341 1167 3412 πρὸς
1193 3342 1374 3408 αὐτὸν,
1406 3344 1508 3408 ὅτι,
1537 3342 1727 3416 ῶσπερ

192 3422 231 3472 0'3
270 3429 425 3494 πᾶσιν,
471 3433 597 3486 οὐδὲ
651 3432 746 3486 ἀεὶ
796 3433 1181 3505 παραληπτέον
1242 3437 1342 3508 τὴν
1397 3437 1538 3491 κατά
1594 3437 1727 3491 Θεὸν

195 3512 332 3586 tam,
388 3523 684 3592 μετάνοιαν
746 3527 828 3588 εἰς
873 3527 1144 3598 σωτηρίαν
1185 3528 1456 3599 ἀμέλητον
1500 3528 1609 3599 (66)
1638 3531 1727 3601 ἐρ·

193 3607 451 3684 Τιζομένην,
477 3616 597 3670 ἀλλ’
632 3618 669 3688 ἢ
727 3617 895 3687 μόνῳ,
943 3618 1038 3671 καὶ
1080 3621 1242 3672 παντὶ
1269 3619 1348 3690 τῷ
1385 3619 1510 3686 ἄξια
1542 3621 1726 3674 τοιαύ-

194 3713 260 3764 της
283 3702 434 3776 λύπης
461 3710 789 3780 ποιήσαντι,
831 3709 924 3762 καὶ
969 3709 1112 3780 μέγα
1157 3709 1479 3778 γινώσκοντι
1517 3712 1603 3764 ἐπ’
1628 3711 1725 3765 αὑ-

190 3793 279 3853 τιῐςο
318 3799 400 3851 καὶ
440 3799 848 3872 παραληπτέον
896 3818 958 3870 γε
1017 3800 1186 3872 αὐτὴν
1238 3803 1462 3874 ἀμέτρῳ
1517 3804 1612 3856 καὶ
1652 3803 1726 3874 μὴ

194 3885 367 3959 περξσση
400 3890 532 3962 (67),
569 3895 665 3948 ἵνα
719 3892 795 3964 μὴ
836 3896 903 3964 τῇ
949 3893 1311 3965 περισσοτέρᾳ
1356 3893 1500 3966 λύπῃ
1558 3911 1726 3948 κατα-

189 3976 284 4047 πιθῇ
332 3982 426 4037 ὑπὸ
485 3987 584 4040 τοῦ
654 3986 908 4040 Σατανᾶ·
969 3985 1140 4049 οὕτως
1185 3987 1394 4057 μήποτε
1455 3987 1515 4040 οὐ
1565 3987 1725 4040 παντὶ

188 4066 360 4138 καθήκει
392 4078 523 4148 μηδὲ
555 4079 694 4142 τοὺς
722 4077 1034 4148 ὀφθαλμοὺς
1057 4079 1261 4149 ἐπᾶραι
1292 4077 1485 4143 θέλειν,
1505 4078 1579 4142 ὡς
1606 4078 1727 4131 οὑδέ

189 4154 351 4216 ἑῖτιίναι
402 4171 709 4242 μακρόθεν.
755 4170 1026 4233 ’Ἕκαστος
1073 4169 1130 4222 δὲ
1187 4169 1380 4222 ἐαυτὸν
1435 4172 1562 4240 περὶ
1617 4167 1724 4222 τῶν

189 4252 380 4342 τοιούτων
410 4263 670 4333 κρινέτω,
699 4264 796 4316 καὶ
825 4260 1163 4332 δοκιμαζέτω
1196 4262 1479 4334 ἄνθρωπος
1507 4262 1723 4324 ἐαυτὸν,

187 4344 251 4395 καὶ
276 4347 423 4416 οὕτως
463 4356 525 4407 οὐ
567 4356 738 4427 μόνον
787 4357 853 4408 ἐκ
891 4354 986 4408 τοῦ
1035 4355 1199 4426 ἄρτου
1243 4354 1489 4418 ἐσθιέτω,
1526 4355 1618 4408 καὶ
1661 4356 1726 4406 ἐκ

188 4435 251 4542 ξεῧ
289 4446 528 4516 πητηρίου
593 4447 828 4510 πινέτω,
891 4445 1028 4498 ἀλλὰ
1076 4446 1172 4500 καὶ
1235 4447 1360 4510 τοὺς
1410 4445 1723 4516 ὀςρθαλμοὺς
1755 4487 1799 4542 D

185 4519 402 4595 ὲπαρὰτω,
441 4537 537 4588 καὶ
587 4536 801 4608 αἰρέτω
845 4536 1040 4601 αὐτοὺς
1074 4535 1186 4590 ἄνω
1217 4537 1359 4591 κατά
1398 4536 1498 4608 τῆς
1531 4537 1720 4607 εὖχῆς,

189 4610 442 4677 ὑποτάσσων
470 4629 676 4682 ἐαυτὸν
703 4627 847 4698 Θεῷ,
876 4631 971 4682 καὶ¹
1000 4627 1272 4682 ταπεινῶν
1305 4629 1496 4682 ἐαυτὸν
1528 4629 1722 4700 ἐκείνῳ

187 4700 334 4772 ῖετέτω
369 4717 498 4790 (68).
554 4723 622 4775 Et
672 4719 986 4792 νομίζωμεν
1017 4720 1095 4792 τῷ
1127 4721 1476 4775 ὁπωσποτοῦν
1520 4720 1722 4791 βιοῦντι

189 4798 388 4886 ﬂantem
427 4812 638 4882 ὁμοίως
686 4811 768 4883 τῷ
811 4811 1018 4886 τελώνῃ
1057 4813 1192 4884 μηδὲ
1237 4815 1364 4876 τοὺς
1410 4811 1722 4884 ὀφθαλμοὺς

188 4884 335 4962 ἐπᾶραι
376 4897 573 4964 θέλειν,
617 4901 744 4972 ὥρα
797 4884 1222 4972 λέγεινὸμοίως
1271 4901 1352 4972 τῷ
1399 4900 1473 4973 μὴ
1518 4904 1721 4974 ἐπᾶραι

189 4977 313 5066 θὶιειν
347 4996 466 5058 τοὺς
495 4995 844 5066 ὀφθαλμοὺς,
875 4996 970 5050 καὶ
1002 4996 1110 5049 ἀπὸ
1151 4995 1422 5066 μακρόθεν
1449 4993 1543 5047 τοῦ
1575 4994 1722 5066 ἱεροῦ

190 5063 352 5134 ίπάναι
396 5063 555 5140 δεῖν.-
587 5063 762 5158 Ἱερὸν
810 5087 868 5140 δὲ
912 5089 1062 5140 ποῖον
1109 5063 1173 5139 ἂν
1219 5063 1302 5158 εἴη
1351 5086 1384 5156 ἢ
1429 5063 1724 5156 Ἐκκλησία

189 5160 252 5212 τοῦ
288 5167 467 5240 ζῶντος
510 5177 698 5246 Θεοῦ;
744 5179 867 5248 ἥτις
916 5179 1011 5232 καὶ
1060 5172 1206 5241 οἶκος
1255 5177 1390 5230 θεοῦ
1440 5177 1590 5248 παρὰ
1645 5175 1722 5246 τῷ

191 5248 336 5329 Παύλῳ
369 5262 700 5336 ὀνομάζεται
734 5267 977 5336 λέγοντι·
1021 5288 1039 5318 ι
1073 5267 1199 5320 Ἐάν
1245 5267 1302 5320 δέ
1352 5265 1619 5338 βραδύνω,
1660 5265 1726 5316 ἵν’

188 5345 293 5436 ξὶὖῇς
330 5352 439 5418 πῶς
485 5356 572 5409 δεῖ
621 5360 680 5410 ἐν
733 5359 868 5430 οἴκῳ
917 5359 1052 5412 Θεοῦ
1099 5357 1562 5430 ἀναστρέφεσθαι,
1609 5357 1730 5426 ἥτις

193 5435 294 5487 επὶν
320 5441 616 5515 Ἐκκλησία
662 5446 802 5500 Θεοῦ
837 5447 1056 5513 ζῶντος,
1085 5448 1295 5512 στῦλος,
1325 5447 1419 5500 καὶ⁵
1451 5446 1730 5516 ἑδραίωμα

1754 3137 1795 3194 C

1833 1861 2113 1915 elevantur
2152 1862 2395 1930 Magistri
2460 1863 2604 1919 oculi
2638 1864 2688 1916 in
2721 1879 2835 1928 eos,
2899 1864 2952 1918 in
3001 1878 3138 1932 quos
3191 1864 3414 1933 dignum

1834 1963 1951 2007 erat
1978 1963 2036 2008 ut
2065 1969 2191 2008 suos
2214 1953 2330 2022 ipse
2355 1954 2543 2010 oculos
2573 1955 2864 2010 attolleret.
2893 1955 3006 2009 Iloc
3029 1967 3236 2021 autem,
3271 1954 3417 2024 quod

1835 2060 1977 2099 nunc
2023 2054 2346 2110 tractamus,
2392 2045 2688 2102 cdocemur
2741 2047 2928 2103 Jesum
2992 2047 3415 2117 intelligentiam

1835 2138 2125 2194 humanam
2168 2139 2514 2195 transtulisse
2543 2154 2575 2194 a
2605 2141 3002 2214 consuetudine
3054 2158 3220 2211 quam
3256 2141 3418 2196 habe-

1833 2230 1927 2286 bat
1954 2246 2076 2286 cum
2108 2233 2192 2286 his
2216 2233 2310 2302 qui
2345 2233 2555 2289 inferne
2603 2235 2891 2304 degebant,
2950 2249 3182 2304 eamque
3222 2235 3274 2288 in
3326 2249 3416 2290 su-

1835 2323 1998 2379 blime
2023 2325 2271 2381 elevasse
2295 2335 2350 2381 et
2373 2327 2668 2391 exaltasse,
2711 2327 2950 2383 evehens
2995 2341 3116 2382 eam
3163 2342 3260 2397 per
3290 2341 3416 2397 pre-

1834 2417 2102 2472 cationem
2129 2419 2196 2472 ad
2224 2417 2440 2473 Patrem
2467 2434 2633 2489 super
2663 2420 2844 2473 omnia
2875 2419 3250 2474 exsislentem.
3271 2419 3416 2486 Quin

1833 2509 1996 2562 etiam
2028 2509 2226 2565 Paulus
2249 2527 2372 2566 cum
2401 2511 2486 2565 sui
2517 2512 2807 2575 similibus,
2830 2513 3266 2580 quandoquidem
3293 2511 3417 2566 imi-

1836 2609 1978 2655 tator
2006 2601 2211 2656 Christi
2269 2612 2350 2656 cst
2379 2603 2449 2668 ⁸⁸,
2475 2603 2730 2672 exemplo
2767 2613 2822 2658 et
2872 2602 3178 2657 imitatione
3223 2617 3418 2672 preca-

1835 2690 1997 2747 tionis
2025 2692 2230 2747 Christi
2278 2703 2619 2762 precaturus.
2669 2694 2978 2749 necessario
3031 2694 3279 2750 attollere
3318 2695 3418 2750 de-

1832 2781 1922 2835 bet
1945 2781 2131 2836 oculos
2157 2784 2352 2836 anima:
2379 2797 2621 2846 sursum,
2651 2798 2854 2853 eosque
2888 2783 3162 2838 abducere
3187 2799 3217 2837 a
3251 2785 3414 2839 rebus

1831 2875 2210 2942 praesentibus,
2252 2889 2447 2943 nempe
2483 2889 2512 2927 a
2547 2876 2828 2942 memoria,
2881 2890 2911 2930 a
2955 2876 3416 2931 considerationi-

1832 2964 1952 3031 bus,
1983 2974 2148 3037 atque
2187 2964 2631 3035 cogitationibus,
2679 2966 2868 3036 sicque
2905 2967 3016 3021 Deo
3065 2968 3248 3024 dicere
3288 2983 3414 3038 pre-

1834 3056 2066 3112 cationis
2115 3055 2281 3111 verba
2331 3073 2563 3128 magna,
2617 3073 2790 3128 eaque
2822 3059 3086 3124 cmlestia,
3137 3062 3203 3115 de
3248 3063 3413 3116 rebus

1832 3148 2066 3217 magnis,
2096 3147 2271 3217 deque
2307 3149 2809 3218 supercmlestibus.
2845 3148 3046 3206 Verum
3082 3153 3125 3208 si
3157 3153 3281 3222 quis
3309 3169 3412 3223 op-

1831 3238 2076 3306 posuerit
2107 3237 2484 3308 publicanum,
2516 3243 2608 3311 qui
2645 3256 2712 3296 ne
2741 3242 2929 3298 oculos
2970 3244 3188 3312 quidem
3249 3244 3414 3299 attol-

1832 3329 1942 3384 lere
1974 3332 2230 3398 voluerit,
2277 3335 2482 3403 quique
2513 3335 2846 3404 percusserit
2901 3316 3094 3405 pectus
3143 3352 3298 3391 suum
3332 3335 3415 3390 di—

1829 3440 2008 3481 cens:
2050 3442 2070 3476 ι
2111 3425 2276 3492 Deus,
2330 3426 2599 3496 prepitius
2626 3437 2744 3482 esto
2795 3428 2931 3482 mihi
2974 3431 3245 3499 peccatori
3279 3429 3349 3494 ³³,
3388 3449 3406 3482 ι

1829 3520 1957 3575 huic
2008 3529 2092 3575 est
2163 3520 2601 3589 respondendum
2645 3539 2658 3574 :
2712 3521 3165 3589 quemadmodum
3235 3538 3416 3592 neque

1829 3610 2102 3678 omnibus,
2139 3625 2314 3680 neque
2355 3625 2570 3680 semper
2601 3611 2964 3667 assumendus
2991 3627 3076 3666 εει
3104 3613 3278 3678 dolor,
3318 3613 3413 3683 qui

1829 3713 1909 3757 est
1963 3701 2261 3758 secundum
2316 3701 2508 3766 Deum,
2563 3701 2767 3770 quique
2820 3712 3081 3771 Operatur
3137 3706 3412 3772 paeniten-

1832 3793 1961 3848 tiam
1994 3793 2060 3846 ad
2101 3792 2333 3847 salutem
2365 3790 2410 3822 ‘°
2439 3792 2581 3845 haud
2615 3794 3013 3862 poenitendam,
3047 3797 3142 3850 sed
3187 3796 3236 3850 ei
3285 3795 3413 3863 soli,

1828 3895 1883 3941 et
1921 3883 2068 3939 omni
2099 3882 2189 3952 qui
2236 3883 2460 3950 dignum
2513 3881 2718 3954 aliquid
2751 3885 2846 3939 tali
2891 3886 3077 3940 dolore
3120 3887 3410 3942 commise-

1832 3978 1921 4041 rit,
1975 3976 2045 4030 ob
2103 3989 2341 4044 eumque
2398 3973 2639 4028 dolorem
2694 3976 2988 4045 resipuerit
3057 3977 3232 4047 (isque
3281 3992 3414 4032 sane

1828 4065 2186 4123 assumendus
2243 4075 2328 4119 est
2391 4079 2514 4118 cum
2580 4079 2857 4131 mensura,
2942 4075 2996 4120 et
3050 4082 3156 4121 non
3202 4069 3412 4124 exube-

1827 4171 2006 4220 rans,
2078 4167 2149 4207 ne
2211 4151 2616 4207 exuberantiori
2696 4152 2880 4207 dolore
2951 4155 3314 4209 absorbeatur
3365 4155 3409 4187 ⁸¹

1827 4246 1989 4318 373
2020 4263 2048 4301 a
2079 4240 2407 4313 Satana),ita
2443 4243 2700 4298 fortassis
2740 4260 2844 4298 non
2875 4248 3199 4324 convenire,
3233 4256 3293 4300 ut
3322 4261 3414 4302 ve-

1831 4342 1926 4394 lint
1961 4354 2151 4394 omnes
2201 4351 2417 4407 semper
2463 4336 2714 4391 attollere
2743 4337 2965 4402 oculos,
2992 4347 3052 4392 ut
3097 4339 3260 4393 etiam
3302 4353 3414 4393 non

1828 4435 2080 4488 convenit
2108 4449 2322 4504 semper
2355 4442 2505 4488 stare
2545 4431 2756 4500 procul.
2796 4430 3067 4486 Caeterum
3118 4433 3415 4501 unusquis-

1827 4541 1933 4596 que
1960 4527 2196 4589 seipsum
2229 4527 2298 4580 de
2330 4527 2495 4581 rebus
2525 4523 2903 4594 hujuscemodi
2949 4524 3155 4592 iudicet
3196 4525 3418 4594 probet-

1830 4638 1935 4692 que
1962 4621 2124 4676 homo
2149 4619 2216 4685 δ’,
2249 4628 2305 4673 et
2337 4619 2416 4673 sic
2449 4631 2556 4671 non
2608 4604 2881 4671 solum-ex
2929 4617 3020 4670 illo
3060 4633 3200 4686 pane
3229 4632 3416 4672 come-

1831 4718 1962 4783 dat,
1987 4727 2042 4771 et
2067 4731 2134 4771 ex
2167 4715 2340 4770 calice
2369 4714 2545 4780 bibat,
2575 4729 2766 4768 verum
2803 4713 2969 4768 etiam
2999 4713 3185 4768 oculos
3215 4713 3414 4776 elevet,

1828 4820 2066 4876 superne
2096 4819 2192 4860 eos
2223 4805 2500 4870 attollens,
2531 4819 2862 4875 precemque
2898 4802 3090 4857 fundat
3115 4803 3417 4869 subjiciens

1829 4881 2067 4970 seipsum
2101 4901 2244 4964 Deo,
2273 4899 2682 4969 humiliansqne
2727 4899 2824 4952 illi.
2865 4897 3019 4964 Quod
3051 4897 3094 4952 si
3127 4895 3413 4966 existima-

1832 5005 1955 5044 mus
2005 4989 2501 5058 quomodocnnqne
2549 4986 2754 5040 viventi
2800 4985 2998 5047 licere,
3067 4981 3295 5051 perinde
3349 4996 3413 5036 ac

1830 5082 2140 5153 publicano,
2171 5080 2310 5135 nolle
2336 5080 2525 5135 oculos
2553 5080 2619 5133 ad
2642 5076 2844 5132 coelum
2874 5074 3057 5128 levare
3078 5112 3094 5138 ,
3129 5072 3413 5127 commode

1831 5177 2075 5231 dicemus
2107 5173 2307 5230 volenti
2340 5164 2520 5227 levare
2547 5170 2734 5226 oculos
2764 5182 2913 5232 suos,
2941 5165 3127 5219 itidem
3168 5163 3219 5216 ei
3262 5173 3411 5218 stan-

1831 5265 1958 5320 dum
1997 5278 2120 5318 esse
2155 5261 2394 5332 procula
2432 5263 2636 5329 templo
2663 5299 2680 5323 ,
2717 5258 2864 5328 quod
2909 5257 3068 5323 quale
3111 5253 3259 5308 aliud
3287 5254 3410 5317 erit,

1833 5357 1940 5412 nisi
1975 5353 2219 5410 Ecclesia
2247 5354 2342 5408 Dei
2371 5351 2639 5408 viventis?
2669 5364 2789 5418 quae
2816 5348 2984 5401 etiam
3013 5363 3042 5400 a
3077 5345 3244 5430 Pa‘ulo
3278 5344 3408 5397 dici-

1835 5456 1922 5502 tur
1967 5447 2166 5514 domus
2205 5446 2337 5510 Dei,
2381 5445 2507 5498 dum
2545 5443 2676 5498 dicit
2707 5442 2751 5472 ’⁵³
2789 5458 2802 5492 :
2851 5458 2870 5491 ι
2909 5440 3062 5505 Quod
3111 5437 3158 5492 si
3204 5435 3407 5488 tardius

235 5570 444 5647 “Prov.
472 5597 558 5644 ιιι,
592 5581 685 5638 ‘28.
765 5584 811 5614 "
839 5583 992 5637 Joan.
1016 5599 1096 5644 ιι,
1123 5583 1213 5638 41.
1291 5583 1332 5616 ⁵⁷
1362 5584 1490 5638 Luc.
1531 5599 1606 5644 vt.
1636 5581 1728 5636 20.

1832 5584 1852 5614 ⁸
1883 5585 1899 5637 |
1926 5584 2052 5638 Cor.
2079 5599 2154 5647 tv,
2181 5582 2276 5644 16;
2314 5595 2392 5642 XI,
2417 5579 2471 5632 2.
2549 5577 2593 5608 ‘9
2618 5574 2755 5630 Luc.
2780 5590 2934 5636 xvur,
2961 5573 3050 5627 15.
3127 5570 3172 5601 ⁸⁸
3208 5567 3247 5621 II
3281 5565 3408 5624 Cur.

192 5645 357 5702 "1.10.
428 5651 471 5680 ⁶¹
503 5653 545 5705 II
574 5651 705 5708 Cor.
745 5670 808 5718 ιι,
833 5655 888 5710 7.
962 5654 1006 5686 ⁶²
1031 5656 1050 5708 ι
1078 5655 1203 5710 Cor.
1235 5669 1311 5720 ιι,
1342 5655 1429 5708 28.
1511 5653 1554 5685 ⁸⁸
1582 5653 1602 5705 I
1633 5654 1773 5706 Tim.
1805 5669 1890 5723 ιιι,
1917 5655 2007 5709 15.

192 5759 725 5843 ._(65)'Apé.1ntor.
775 5769 922 5841 Legq
967 5788 1091 5827 cum
1143 5771 1395 5829 Ferrario
1447 5771 1726 5843 ἀμεταμέ-

191 5841 322 5893 qm.

237 5903 326 5972 W7)
365 5908 631 5978 Ἀμὲτρῳ
663 5915 762 5964 καὶ
803 5909 889 5980 μὴ
942 5913 1223 5981 περίσση.
1259 5910 1403 5979 Lego
1435 5925 1556 5990 runt
1591 5909 1723 5964 Fer-

1835 5771 1984 5824 rario
2011 5768 2109 5822 σῦν
2149 5768 2330 5839 μέτρῳ
2363 5766 2455 5839 καὶ
2489 5763 2561 5839 μὴ
2603 5765 2893 5839 περισσὴν.
3005 5832 3021 5839 _
3111 5816 3158 5839 ,ς

1909 5839 2020 5907 (GR)
2051 5823 2161 5891 Kal
2189 5823 2727 5908 reiaeta-Gir'éc'wtd'r
2750 5823 3224 5908 ἑκὲίνφιλεγέτω.
3275 5823 3396 5876 Pen-

1835 5901 1959 5978 dula
1991 5901 2185 5976 Oratio,
2218 5924 2336 5977 quin
2371 5905 2607 5961 hiulcum
2645 5906 2822 5960 locum
2853 5901 3050 5972 prodit.
