2041 3291
51 203 96 231 689
546 201 722 229 COMMENT.
745 201 778 228 IN
797 201 893 229 JOAN.
912 201 1032 229 TOMUS
1051 201 1168 228 XXVIII.

1607 198 1608 201 ‘
1627 202 1680 229 tioo

50 258 124 295 ὁρτῆς
144 257 195 285 καὶ
215 258 403 295 summm
423 259 477 295 (69)
498 259 655 295 ἀναπέμπει
680 259 729 295 τὴν
745 259 828 295 εὐχήν

890 267 940 295 per
952 260 1075 288 actiones
1090 245 1265 288 sustollentes
1280 264 1361 294 atque
1378 260 1531 288 exaltantes
1547 262 1677 296 animam,

51 304 117 331 Οὕτω
137 304 194 340 γὰρ
213 305 266 331 καὶ
287 305 341 332 τῶν
366 305 512 341 ὀφθαλμῶν
535 306 687 341 αἰρομένων
705 306 771 338 ἄνω,
797 305 840 332 διὰ

50 351 91 385 τῆς
106 350 226 383 ἑννοίας,
243 352 294 378 καὶ
311 351 360 387 τῆς
373 351 498 387 θεωρίας,
518 352 565 378 καὶ
585 351 640 378 τῶν
654 351 752 387 χειρῶν
764 351 842 378 ἐπαι-

50 396 162 432 ρομένων
177 398 209 423 ὲν
225 397 361 432 πράξεσιν
374 397 560 433 ὲπαιρούσαις,
574 398 621 424 καὶ
635 397 766 432 ὑψούσαις
786 397 837 433 τὴν

48 442 137 477 ψυχὴν,
156 441 196 473 ὡς
224 442 315 478 ἐπῆρε
332 443 451 479 Μωῡσῆς
470 443 520 475 τὰς
543 444 646 478 χεῖρας,
664 443 728 469 ὥστ’
748 442 782 469 ἂν
803 444 837 470 el-

50 490 117 514 πεῖν*
136 497 146 514 ι
162 489 307 525 Ἔπαρσις
322 490 375 516 τῶν
388 490 486 526 χειρῶν
503 498 552 526 μου
570 490 650 517 θυσία
672 491 813 527 ἐσπερινὴ,
825 500 835 516 ι

53 535 231 570 Ἀμαληκῖται
257 536 310 571 μὲν
324 536 372 563 καὶ
394 537 493 570 πάντες
507 538 532 564 oi
554 538 663 573 ἀόρατοι
682 537 775 573 ἐχθροὶ
789 538 838 573 ἠτ-

46 580 203 616 τηθήσονται
214 601 222 613 ,
241 582 266 608 οἱ
284 581 314 608 ἐν
332 583 399 617 ἡμῖν
414 582 442 609 δὲ
462 582 636 619 Ἰσραηλῖται,
657 582 782 618 λογισμοὶ
800 591 839 609 νι-

890 305 995 333 Moseos
1021 312 1096 333 more
1111 306 1132 321 “
1149 306 1186 332 ita
1212 304 1380 332 sustollentis
1404 313 1519 338 manus,
1544 311 1574 333 ut
1595 307 1679 335 etiam

891 352 1011 379 diceret:
1037 361 1047 377 ι
1064 352 1189 379 Elevatio
1213 358 1342 378 manuum
1365 358 1487 378 mearum
1514 352 1679 380 sacriﬁcium

889 398 1074 432 vespertinum
1088 397 1129 430 ";
1147 407 1157 424 ι
1177 397 1351 431 Amalecilae,
1375 401 1403 424 et
1416 404 1512 425 omnes
1530 398 1680 427 invisibiles

890 443 994 471 inimici
1007 445 1149 471 vincentur
1161 452 1168 477 ;
1188 443 1318 471 Israelita
1330 450 1408 475 vero,
1422 451 1520 478 nempe
1534 444 1679 480 cogitatio-

887 496 937 516 nes
954 493 1053 516 nostra
1064 489 1182 518 vincent.
1198 488 1334 517 Hactenus
1350 489 1384 517 de
1396 496 1429 516 eo
1440 489 1513 524 quod
1525 495 1576 522 est,
1591 498 1601 516 ι
1617 497 1680 517 sus-

888 535 952 562 tulit
978 535 1075 562 oculos
1088 534 1167 563 .Iesus
1187 542 1295 563 sursum
1308 555 1317 568 ,
1330 539 1359 563 et
1371 535 1453 567 dixit,
1471 545 1481 561 ι
1495 536 1523 562 in
1534 542 1616 570 quem
1636 535 1677 563 lo-

888 587 951 608 cum
964 580 1084 608 diximus
1095 587 1156 615 quze
1171 581 1250 609 nobis
1269 585 1333 608 sunt
1346 581 1406 608 visa
1421 582 1583 608 conducere.

48 628 162 662 κήσουσι.
177 626 310 654 Τοσαῦτα
324 628 371 655 καὶ
384 628 424 660 εἰς
442 628 488 655 τό·
507 628 557 655 εὐ
574 629 676 665 Ἰησοῦς
693 628 744 666 ἦρε
755 629 818 660 τοὺς
837 626 991 662 ὀφθαλμοὺς
1004 627 1070 659 ἄνω,
1090 627 1137 654 καὶ
1155 624 1226 659 εἷπε,
1249 636 1260 653 ι
1284 626 1356 654 κατὰ
1374 625 1452 653 τοῦτο
1478 626 1595 662 φανέντα
1611 627 1678 662 ἡμῖν

48 673 186 700 ἁνόλουθα.

76 717 99 744 5.
123 728 132 743 ι
144 718 254 754 Πάτερ,
270 719 422 755 εὐχαριστῶ
435 728 486 752 σοι,
497 720 538 747 ὅτι
551 720 671 756 ἤκουσάς
687 730 746 757 μου.
765 720 835 755 Ἐγὼ

47 764 70 790 δὲ
89 764 174 799 ᾔδειν,
197 765 242 791 ὅτι
267 765 382 792 πάντοτέ
408 774 459 801 μου
487 765 613 798 ἀκούεις·
638 766 705 793 ἀλλὰ
730 766 775 794 διὰ
790 767 836 794 τὸν

47 809 115 843 ὄχλον
139 810 187 836 τδν
206 811 381 846 περιεστῶτα
405 809 491 843 εἶπον,
517 812 562 838 ἴνα
579 813 770 844 πιστεύσωσιν,
794 813 835 839 ὃτι

48 854 74 880 οὐ
90 864 122 889 με
135 855 318 888 ἀπέστειλας.
331 866 340 882 ι
357 857 443 893 Εἴπερ
457 859 514 890 τοῖς
531 857 616 891 ἀξίοις
630 858 684 885 τῶν
704 859 732 885 ὲν
755 858 836 895 σαρκὶ

48 899 156 930 ζώντων,
179 902 231 927 καὶ
255 901 294 938 μὴ
312 902 381 929 κατὰ
404 903 494 939 σάρκα
512 904 732 939 στρατευομένων
754 904 834 939 εὐχο-
850 920 871 948 Β

48 945 144 978 μένοις,
164 947 285 983 τοιαύτη
302 956 344 980 τις
365 948 472 983 λέγεται
488 949 540 976 ὑπὸ
557 950 624 977 Θεοῦ
642 951 705 986 περὶ
723 950 773 986 τῆς
791 951 835 977 εὐ-

46 990 88 1025 χῆς
112 992 205 1019 αὐτῶν
238 994 409 1028 ἐπαγγελία·
435 1004 445 1020 ι
460 996 514 1022 Καὶ
536 995 575 1022 ἐτι
610 996 752 1028 λαλοῦντός
788 1005 834 1023 σου

46 1036 107 1070 ἐρῶ·
131 1037 198 1065 Ἰδοὺ
217 1039 347 1075 πάρειμι,
361 1049 370 1065 ι
389 1041 414 1066 τι
434 1041 486 1076 χρὴ
504 1041 625 1076 νομίζειν
647 1042 693 1068 ἐπὶ
714 1042 762 1069 τοῦ
779 1043 835 1068 Σω-

44 1081 117 1116 τῆρος
129 1082 175 1108 καὶ
187 1083 314 1118 Κυρίου;
329 1085 356 1119 ἢ,
377 1094 386 1110 ι
401 1084 469 1120 Πρὶν
486 1085 599 1121 λαλῆσαί
619 1094 659 1116 σε,
681 1086 748 1123 ὲρῶι
768 1087 834 1113 Ἰδοὺ

45 1126 168 1162 adpetiti;
186 1137 196 1153 ι
212 1128 293 1163 ’Λμα
309 1130 363 1165 γὰρ
376 1141 384 1156 ι
396 1128 446 1167 ¹ἦρε
460 1131 523 1163 τοὺς
534 1131 688 1167 ὀφθαλμοὺς
704 1132 770 1163 ἄνω,
788 1134 834 1160 καὶ

45 1168 105 1198 εἷπε.
119 1181 128 1197 ι
147 1172 181 1199 Τί
197 1173 229 1199 δὲ
243 1172 339 1207 εἷπεν;
356 1175 388 1201 Εἰ
399 1172 455 1202 οἷόν
467 1175 497 1202 τέ
519 1177 593 1202 ὲστιν
607 1176 645 1207 ὡς
663 1176 693 1202 ἐν
704 1175 834 1208 τοιούτοις

45 1219 217 1253 στοχάζεσθαι
237 1221 306 1255 (70),
319 1222 472 1254 ἀκολούθως
486 1222 539 1258 τῷ·
555 1232 564 1248 ι
580 1223 648 1258 Πρὶν
664 1223 780 1258 λαλῆσαί
792 1232 832 1255 σε,

44 1264 104 1298 ἐρᾶν
124 1265 191 1293 Ἰδοὺ
214 1267 345 1302 πάρειμι,
362 1277 372 1293 ι
387 1268 431 1294 ἵνα
447 1268 537 1295 πλεῖον
586 1269 615 1295 τὸ
632 1269 700 1304 πρὸς
719 1269 764 1296 τὸν
778 1270 834 1296 Σω-

43 1310 106 1345 τῆρα
121 1311 179 1346 (71)
196 1312 347 1348 λεγόμενον
365 1313 440 1349 παρά
450 1315 480 1341 τὸ
486 1315 514 1341 ἐν
522 1315 554 1350 τῇ
564 1314 632 1349 πρὸς
642 1315 705 1347 τοὺς
714 1315 833 1347 δικαίους

43 1357 188 1394 ἐπαγγελίᾳ
204 1359 401 1395 γεγραμμένον
411 1368 417 1375 ·
437 1370 446 1386 ι
462 1360 520 1388 Ἔτι
535 1361 678 1393 λαλοῦντός
696 1369 741 1387 σου
757 1361 831 1396 Epel-

48 1400 107 1428 Ἰδοὺ
131 1403 265 1438 πάρειμι.
282 1413 292 1429 ι
311 1402 400 1431 Τιοῦν
417 1403 494 1438 εἶπες
518 1405 653 1443 Προέθετο
673 1406 722 1441 μὲν
745 1407 832 1433 εἰπεῖν

43 1447 133 1483 εὐχήνο
150 1449 340 1482 προλαϐόντος
351 1450 379 1477 δὲ
393 1450 443 1486 τὴν
456 1451 537 1487 εὐχὴν
549 1450 632 1477 αὐτοῦ
649 1450 696 1477 τοῦ
710 1451 833 1483 εἰπόντος

42 1493 70 1520 ἂν
84 1495 176 1530 αὐτῷ·
195 1505 206 1521 ι
218 1496 291 1531 Πρὶν
306 1496 419 1532 λαλῆσαί
441 1505 481 1529 σε,
501 1497 571 1533 ἐρῶ·
593 1497 658 1524 Ἰδοὺ
675 1497 805 1533 πάρειμι,
820 1507 829 1523 ι

43 1540 94 1566 ἀντὶ
114 1541 163 1576 τῆς
179 1542 255 1568 κατὰ
277 1542 407 1577 πρόθεσιν
428 1542 461 1569 ἂν
482 1543 623 1578 λεχθείσης
643 1543 728 1578 εὐχῆς
757 1543 831 1577 λέγει

919 719 946 746 5.
962 727 973 744 ι
992 717 1086 750 Pater,
1100 716 1203 752 gratias
1216 723 1268 752 ago
1285 717 1345 749 tibi,
1361 717 1489 751 quoniam
1506 717 1603 745 audisti
1620 723 1674 745 me.

884 765 939 799 Ego
953 769 1045 791 autem
1070 763 1192 791 sciebam
1218 763 1291 798 quod
1317 770 1425 798 semper
1440 771 1483 792 me
1505 765 1599 799 audis;
1627 765 1675 792 sed

885 815 998 846 propter
1010 810 1117 838 turbam
1131 817 1191 845 qua
1214 810 1393 842 circumstat,
1410 810 1484 843 dixi,
1508 815 1538 838 ut
1560 811 1675 839 credant

884 857 956 893 quod
971 862 997 884 ιιι
1014 864 1058 884 me
1073 856 1183 883 miseris
1201 856 1237 885 ".
1258 865 1268 883 ι
1287 855 1316 883 Si
1331 855 1474 883 orantibus
1498 857 1564 884 viris
1581 857 1675 891 probis

886 904 913 930 in
929 910 1012 930 carne
1027 902 1194 934 viventibus,
1211 909 1261 929 nec
1275 902 1424 929 secundum
1436 910 1545 929 carnctn
1559 903 1675 929 militan-

886 949 958 976 tibus
972 949 1006 981 ",
1034 948 1087 975 tale
1110 948 1237 982 quiddam
1265 948 1392 982 promisit
1416 947 1489 975 Deus
1514 956 1562 982 pro
1577 956 1673 975 eorutn

883 1001 980 1028 prece:
1001 1004 1010 1020 ι
1030 994 1118 1021 Etiam
1132 994 1221 1022 adhuc
1246 993 1374 1029 loquente
1398 1000 1440 1026 te,
1468 994 1574 1021 dicam:
1602 995 1674 1022 Ecce

884 1040 979 1067 adsum
990 1040 1024 1071 ",
1041 1050 1050 1067 I
1066 1040 1132 1075 quid
1145 1041 1310 1068 censendum
1323 1045 1363 1067 est
1373 1040 1406 1067 de
1419 1039 1564 1067 Servatore
1580 1045 1607 1067 et
1620 1040 1672 1068 Do-

883 1085 978 1113 mino?
992 1093 1081 1113 nonne
1091 1086 1157 1113 hoc:
1177 1095 1186 1112 ι
1200 1086 1353 1120 Antequam
1368 1086 1490 1120 loquaris
1505 1091 1544 1118 In,
1560 1086 1670 1113 dicam:

884 1131 953 1159 Ecce
962 1131 1076 1159 adsum?
1091 1141 1099 1157 ι
1117 1132 1203 1159 Simul
1216 1132 1289 1159 enim
1305 1141 1314 1158 ι
1326 1132 1436 1159 sustulit
1445 1131 1538 1159 oculos
1550 1139 1671 1165 sursum,

883 1182 912 1204 et
925 1178 1003 1204 dixit.
1018 1187 1029 1203 ι
1047 1177 1117 1210 Quid
1130 1178 1216 1205 dixit?
1227 1177 1255 1205 Si
1270 1178 1328 1205 ﬁeri
1343 1182 1432 1212 potest
1447 1183 1476 1205 ut
1488 1178 1672 1212 coitjectemns

884 1224 912 1251 in
931 1224 1039 1257 talibus,
1054 1223 1135 1259 375
1151 1228 1351 1258 consequenter
1365 1224 1429 1251 huic
1445 1224 1535 1252 dicto:
1560 1233 1569 1249 ι
1585 1223 1671 1251 Ante-

882 1277 964 1304 quam
981 1270 1101 1305 loquaris
1118 1275 1157 1302 tu,
1178 1270 1267 1297 dicam
1282 1278 1289 1297 :
1305 1270 1374 1297 Ecce
1390 1270 1495 1303 adsunt,
1513 1280 1522 1296 ι
1541 1275 1569 1296 ιιι
1584 1270 1671 1304 majus

883 1316 917 1343 sit
932 1316 1005 1350 quod
1022 1316 1123 1343 dicitur
1145 1316 1178 1342 ad
1196 1316 1387 1349 Servatorem,
1413 1323 1492 1349 quam
1517 1316 1588 1350 quod
1603 1316 1672 1343 scri-

883 1366 958 1395 ptum
972 1361 1054 1388 fuerit
1070 1361 1095 1388 in
1121 1362 1322 1395 promissione,
1348 1369 1409 1395 qua:
1431 1366 1473 1388 est
1494 1362 1527 1388 ad
1548 1366 1670 1395 sanctos,

883 1413 996 1441 nempe:
1013 1415 1023 1433 ι
1039 1407 1135 1434 Adhuc
1146 1412 1171 1433 te
1184 1406 1322 1440 loquente,
1333 1407 1421 1433 dicam
1436 1415 1443 1433 :
1456 1406 1527 1434 Ecce
1537 1407 1643 1434 adsum.
1657 1414 1669 1433 ιι

882 1451 962 1485 Quid,
980 1451 1100 1486 inquam,
1115 1451 1201 1478 dixit?
1214 1452 1393 1485 Proposuerat
1409 1451 1540 1479 Servator
1552 1452 1669 1486 precari,

883 1498 931 1525 sed
958 1501 1164 1531 praeoccupatae
1185 1496 1257 1524 illius
1281 1497 1469 1530 precationem
1500 1496 1546 1524 illo
1572 1498 1619 1532 qui
1643 1498 1670 1525 ei

881 1542 1012 1570 dixerat:
1029 1550 1039 1567 ι
1060 1541 1214 1576 Antequam
1226 1541 1347 1576 loquaris
1361 1546 1400 1573 tu,
1415 1542 1524 1569 dicam:
1541 1542 1610 1569 Ecce
1621 1542 1671 1569 ad-

42 1586 82 1619 τήν
93 1586 138 1612 ἐπὶ
157 1586 198 1621 τῷ
221 1587 386 1622 προλαϐόντι
407 1587 457 1623 τὴν
479 1588 560 1624 εὐχὴν
576 1588 764 1624 εὐχαριστίαν·
784 1590 830 1616 καὶ

883 1595 961 1619 sum,
980 1595 990 1612 ι
1021 1593 1070 1620 pro
1093 1587 1270 1620 precatione,
1288 1594 1371 1621 quam
1396 1587 1488 1613 animo
1511 1591 1670 1621 conceptam

42 1630 72 1662 ὼς
86 1631 269 1664 ὲπακουσθεὶς
284 1633 326 1667 ἐφ’
336 1630 376 1665 οἷς
394 1632 517 1669 ἐνενόησε
535 1633 625 1669 μόνον,
637 1633 667 1660 οὐ
679 1634 831 1669 προήνεγκε

42 1676 64 1702 ἑὲ
76 1677 112 1712 τῷ
129 1677 275 1713 εὔχεσθαι,
296 1678 380 1714 φησί’
406 1687 416 1704 ι
428 1678 529 1715 Πάτερ,
550 1679 705 1715 εὐχαριστῶ
719 1688 777 1711 σοι,
791 1679 831 1705 ὅτι

41 1722 150 1756 ἤκουσάς
176 1732 244 1759 μου.
259 1733 269 1750 ι
289 1724 421 1759 Ἐμελλεν
449 1722 496 1752 οὖν
521 1724 650 1760 εὕχεσθαι
685 1725 750 1760 περὶ
781 1724 831 1760 τῆς

41 1766 156 1803 Λαζάρου
181 1768 373 1800 ἀναστάσεως,
390 1769 438 1795 καὶ
458 1770 603 1804 προλαϐὼν
623 1769 706 1796 αὐτοῦ
721 1770 771 1805 τὴν
786 1770 831 1796 εὐ-

41 1811 83 1846 χὴν
100 1813 114 1838 ὁ
136 1813 223 1848 μόνος
244 1813 348 1848 ἀγαθὸς
367 1814 433 1846 Θεὸς
456 1815 504 1842 καὶ
526 1815 633 1852 Πατὴρ,
652 1816 752 1851 ἢκουσε
776 1814 831 1842 τῶν

42 1858 184 1891 μελλόντων
208 1860 341 1894 λέγεσθαι
352 1862 381 1888 ἐν
395 1863 428 1898 τῇ
451 1862 527 1898 εὐχῇ,
548 1863 590 1897 ἐφ’
606 1859 647 1894 οἷς
669 1863 698 1889 ἐν
720 1861 831 1898 ἐπηκόῳ

39 1905 79 1930 τοῦ
100 1907 320 1943 περιεστηκότος
335 1908 416 1935 αὐτὸν
433 1908 513 1944 ὄχλου
528 1908 686 1943 ἀναπέμπει
707 1908 768 1934 ἀντὶ
788 1907 830 1934 εὖ·

41 1950 84 1984 Ζῆς
102 1953 286 1988 εὐχαριστίαν
306 1954 320 1980 ὀ
342 1954 448 1989 Σωτὴρ,
462 1953 508 1980 δύο
532 1953 591 1989 ἅμα
604 1954 698 1985 ποιῶν,
717 1953 763 1979 καὶ
784 1953 828 1979 εὑ-

39 1999 168 2032 χαριστῶν
189 1999 235 2033 ἐφ’
249 1996 293 2031 οἷς
314 2000 393 2035 ἔτυχε
416 1999 481 2036 περὶ
497 2000 543 2027 τοῦ
561 2000 698 2036 Λαζάρου,
717 2001 763 2028 καὶ
783 2009 829 2026 πι-

41 2045 163 2070 atomum
187 2045 236 2071 τὸν
261 2046 460 2081 περιεστηκότα
477 2046 557 2073 αὐτὸν
578 2046 674 2082 ὖχλον·
701 2047 828 2074 ἐϐούλετο

40 2088 87 2123 γὰρ
99 2091 198 2122 αὐτοὺς
212 2091 419 2126 παραδέξασθαι
434 2091 473 2123 ὡς
485 2092 539 2128 ἄρα
550 2093 604 2119 άπὸ
617 2092 684 2119 Θεοῦ
696 2094 828 2120 ἀπεσταλ-

40 2135 111 2168 μένος
129 2138 170 2173 τῷ
188 2138 242 2173 βίῳ
256 2137 463 2173 ἐπιδεδήμηκεν.
485 2139 576 2173 Ἔγνω
589 2139 617 2165 δὲ
635 2139 825 2172 ὲτιακουσθεὶς,

39 2178 145 2216 suis-sp
163 2181 305 2217 πνεύματι
320 2180 399 2214 εἶδεν,
420 2183 463 2209 ὅτι
484 2183 656 2219 ἀποκατέστη
672 2184 688 2219 ἡ
703 2184 751 2211 τοῦ
773 2186 827 2211 Λα-

39 2224 111 2259 ζάρου
130 2227 207 2262 ψυχὴ
227 2227 275 2254 ἐπὶ
288 2227 319 2254 τὸ
335 2227 414 2262 σῶμα
432 2229 524 2261 αὐτοῦ,
546 2229 755 2265 ἁναπεμφθεῖσα
773 2231 827 2258 άπὸ

882 1633 1004 1660 dicturus
1019 1636 1079 1659 erat
1092 1631 1178 1664 Patri,
1197 1632 1243 1667 qui
1257 1636 1463 1666 praeoccuparat
1483 1639 1588 1666 preces,
1604 1639 1668 1666 gra-

882 1680 932 1707 tias
948 1680 1019 1715 agit:
1036 1684 1064 1707 et
1076 1680 1154 1714 quasi
1168 1681 1312 1708 exauditus
1328 1680 1424 1708 luisset
1438 1685 1549 1715 propter
1560 1687 1592 1707 ea
1608 1687 1670 1715 qua

880 1726 972 1753 animo
987 1730 1091 1753 tantum
1114 1732 1293 1761 conceperat,
1316 1734 1370 1754 non
1408 1730 1497 1753 tamen
1519 1726 1671 1761 protulerat

880 1772 1030 1805 precando,
1047 1771 1135 1806 inquit
1149 1781 1156 1799 :
1181 1781 1191 1798 ι
1209 1772 1305 1805 Pater,
1321 1772 1424 1808 gratias
1437 1780 1488 1808 ago
1509 1772 1576 1806 tibi,
1596 1773 1670 1808 quod

880 1817 979 1844 audisti
997 1824 1051 1845 me.
1070 1827 1079 1843 ι
1096 1817 1259 1845 Precaturus
1272 1825 1337 1852 ergo
1363 1822 1423 1845 erat
1442 1826 1491 1853 pro
1506 1818 1600 1845 Lazari
1626 1825 1670 1845 re-

879 1862 1065 1895 surreclione,
1078 1867 1105 1890 et
1119 1870 1315 1898 praeoccupans
1331 1862 1402 1889 illius
1426 1864 1608 1897 precationem
1625 1870 1670 1890 so-

879 1906 921 1934 lus
937 1906 982 1934 ille
997 1908 1086 1934 bonus
1100 1908 1170 1935 Deus
1185 1909 1208 1924 "
1219 1914 1244 1935 et
1259 1909 1351 1942 Pater,
1365 1908 1470 1935 audivit
1481 1916 1540 1943 qua:
1553 1909 1668 1936 dicenda

880 1956 959 1979 erant
973 1951 999 1978 in
1017 1953 1193 1987 precatione,
1207 1960 1257 1987 pro
1273 1954 1372 1988 quibus
1389 1953 1416 1980 in
1440 1953 1576 1988 frequenti
1591 1954 1655 1980 audi

880 1999 953 2026 torio
969 1999 1175 2026 circumstantis
1191 2000 1277 2034 ipsum
1295 2000 1395 2032 turbae,
1418 2007 1528 2033 precum
1546 2000 1606 2026 vice
1622 2007 1667 2026 re—

879 2045 964 2073 mittit
985 2045 1136 2080 gratiarum
1155 2046 1291 2072 actionem
1316 2046 1447 2072 Servator
1463 2052 1470 2071 :
1489 2044 1542 2071 duo
1565 2044 1668 2079 pariter

877 2091 996 2124 faciens,
1011 2096 1039 2118 et
1050 2091 1152 2126 gratias
1164 2098 1248 2126 agens
1262 2099 1311 2126 pro
1324 2092 1367 2118 his
1376 2098 1437 2126 quas
1457 2090 1491 2118 de
1505 2089 1609 2118 Lazaro
1624 2097 1668 2117 as-

877 2142 987 2165 secutus
1003 2136 1105 2168 fuerat,
1125 2142 1152 2164 et
1171 2137 1396 2164 circumstantem
1410 2137 1462 2163 sibi
1481 2136 1587 2163 turbam
1600 2143 1670 2162 con-

878 2181 1001 2210 ﬁrmans.
1018 2180 1132 2209 Volebat
1144 2181 1216 2209 enim
1232 2180 1327 2214 Iesus,
1346 2186 1376 2208 ut
1400 2182 1426 2208 bi
1449 2181 1625 2209 admitterent
1637 2187 1668 2207 se

877 2234 892 2253 a
909 2227 964 2254 Deo
977 2228 1089 2254 missum
1102 2248 1110 2260 ,
1134 2229 1167 2254 ad
1182 2228 1251 2255 hanc
1274 2228 1358 2254 vitam
1372 2227 1526 2254 advenisse.
1548 2225 1667 2260 Agnovit

36 2270 78 2296 τηῦ
100 2273 200 2308 χωρίου
228 2273 284 2300 τῶν
300 2273 402 2309 ψυχῶν.
428 2275 465 2302 Οὐ
487 2275 543 2311 γὰρ
568 2276 720 2311 νομιστέον,
745 2277 786 2303 ὅτι
808 2278 825 2313 ἡ

880 2276 968 2299 autem
983 2280 1013 2300 se
1026 2274 1183 2300 exauditum
1196 2294 1203 2304 ,
1216 2273 1346 2308 quoniam
1362 2273 1460 2307 spiritu
1475 2277 1552 2300 norat
1568 2272 1666 2300 Lazari

36 2315 101 2352 ᾁυχὴ
114 2318 160 2345 τοῦ
177 2318 309 2354 Λαζάρου
333 2321 425 2356 παρῆν
439 2320 478 2356 τῷ
495 2321 601 2357 σώματι
621 2322 690 2357 μετὰ
705 2322 754 2358 τὴν
768 2323 826 2356 ἑξο-

36 2359 84 2391 ἔον,
97 2363 143 2389 καὶ
156 2363 197 2396 ὡς
220 2364 348 2401 τναροῦσα
363 2365 468 2400 ταχέως
484 2366 585 2402 ἢκουσε
602 2366 752 2402 κράξαντος
777 2368 825 2403 Ἰη-

37 2405 89 2438 W3,
107 2410 154 2435 καὶ
171 2409 314 2442 εἰπόντος·
335 2420 344 2436 ι
358 2410 477 2447 Λάζαρε,
492 2412 571 2447 δεῦρο
590 2412 652 2444 ἔξω.
666 2422 675 2438 ι
689 2413 725 2439 Ἦ
744 2413 823 2449 εἴπερ

36 2458 73 2483 τις
89 2454 165 2481 τοῦτο
178 2455 247 2490 περὶ
260 2454 309 2490 τῆς
325 2456 450 2491 Λαζάρου
462 2456 550 2493 ψυχῆς
563 2457 760 2493 ὑπολαμϐάνει,
775 2460 821 2486 καὶ

37 2498 167 2531 προσίεται
180 2500 213 2526 τὸ
228 2501 293 2536 περὶ
312 2501 363 2536 τῆς
375 2502 580 2538 ἀπαλλαγείσης
598 2502 686 2539 ψυχῆς
700 2503 748 2530 τοῦ
769 2504 820 2539 σῴ-

36 2551 113 2575 ματος
134 2545 249 2577 ἄτοπον,
264 2545 302 2577 ὡς
321 2547 581 2584 παρακαθεζομὲνης
601 2549 638 2584 τῷ
654 2550 753 2585 νεκρῷ,
776 2550 820 2577 λε-

35 2589 100 2620 γέτω
119 2591 177 2623 πῶς
200 2592 324 2628 ἠκούσθη
345 2594 359 2620 ό
379 2593 483 2629 Ἰησοῦς
504 2594 558 2621 ἀπὸ
580 2594 627 2621 τοῦ
645 2596 760 2630 ΙΙατρὸς,
776 2596 821 2631 μέ-

34 2643 116 2668 νοντος
138 2639 180 2664 ἔτι
205 2638 306 2673 νεκροῦ
329 2639 375 2665 τοῦ
396 2640 523 2676 Λαζάρου
544 2640 684 2675 σώματος,
706 2642 753 2668 καὶ
771 2642 821 2676 τῆς

33 2681 116 2715 ψυχῆς
137 2685 350 2721 κεχωρισμένης
370 2686 429 2721 μὲν,
450 2686 489 2718 ὡς
512 2686 618 2722 οἰηθείη
640 2687 673 2713 ἄν
697 2696 739 2719 τις
762 2688 819 2723 (72)

63 2728 83 2743 ⁷¹
99 2729 180 2765 Exod.
195 2738 264 2762 xvu,
284 2731 325 2758 II.
381 2733 402 2748 "
417 2732 489 2760 Psal.
507 2740 568 2765 (ιιι,
579 2732 607 2760 2.

33 2768 87 2792 tu.
103 2764 144 2790 I7.
182 2765 205 2781 ⁷⁷
219 2765 296 2792 Joan.
315 2774 351 2799 ιι,
366 2766 410 2795 45.

136 2810 228 2848 godex
242 2811 356 2848 ﬂegius,
371 2812 451 2844 male,
462 2812 508 2839 διὰ
523 2812 663 2848 λογισμοῦ.

136 2845 228 2882 (iudex
242 2843 417 2882 Iiodleianus,
433 2843 627 2882 στοχάσασθαι.

65 2878 426 2919 (7|).Co_dex_Bodlciau_us,
442 2878 556 2919 optime,
575 2882 620 2919 ἴνα
643 2881 764 2919 πλεῖονῇ
787 2881 817 2919 τὸ

33 2912 96 2946 πρὸς
111 2914 156 2940 τὸν
171 2915 303 2950 Σωτῆρα·
320 2912 430 2951 Regius,
445 2912 523 2950 male,
541 2912 685 2945 ἁναπλεῐου
708 2918 724 2954 ἦ
747 2912 815 2953 πρὸς

645 2734 667 2749 ⁷³
677 2733 755 2761 Joan.
769 2742 807 2767 ιι,
818 2735 864 2768 III,
878 2735 923 2762 42.

878 2319 996 2345 animam
1016 2319 1156 2345 remissam
1175 2319 1209 2345 ab
1221 2318 1375 2345 animarum
1392 2319 1464 2351 loco,
1477 2318 1585 2353 corpori
1606 2316 1666 2351 ejus

878 2364 1044 2392 restitutam.
1066 2364 1122 2392 Nec
1140 2364 1212 2392 enitn
1233 2365 1399 2392 censendum
1421 2369 1464 2392 est
1480 2365 1551 2400 quod
1568 2363 1667 2392 Lazari

875 2409 966 2436 anima
991 2411 1101 2437 adesset
1124 2411 1232 2446 corpori
1259 2415 1320 2445 post
1346 2418 1424 2437 suum
1450 2417 1613 2442 excessum,
1635 2413 1666 2437 οι

875 2456 945 2490 quod
967 2456 1045 2491 quasi
1067 2456 1192 2484 celeriter
1214 2465 1351 2492 prmsens,
1371 2465 1432 2484 cum
1456 2457 1601 2483 clamasset
1618 2454 1664 2482 3e-

873 2510 937 2534 sus,
961 2502 1132 2537 dixissetque
1148 2512 1155 2531 :
1175 2513 1184 2530 ι
1199 2504 1303 2531 Lazare
1316 2526 1324 2535 ,
1343 2503 1419 2538 prodi
1443 2503 1515 2529 foras
1530 2501 1564 2534 ",
1585 2510 1595 2527 ι
1613 2509 1663 2529 atl-

874 2550 965 2582 dierit,
980 2550 1178 2594 conjunctaque
1191 2553 1296 2585 corpori
1310 2551 1401 2579 fuerit.
1417 2549 1544 2584 Alioquin
1559 2548 1582 2575 si
1600 2548 1663 2582 quis

874 2595 926 2624 hoc
938 2596 971 2623 de
986 2596 1082 2623 Lazari
1101 2597 1191 2623 anima
1208 2597 1362 2631 suspicatur
1374 2615 1381 2628 ,
1409 2594 1662 2627 absurditatemque

873 2641 1002 2668 admittat
1024 2642 1058 2668 de
1084 2641 1172 2668 anima
1201 2650 1215 2668 a
1242 2649 1356 2676 corpore
1390 2640 1522 2671 liberata,
1546 2638 1661 2673 perinde

874 2689 951 2721 quasi
969 2691 1075 2714 mortuo
1087 2688 1222 2719 assideat,
1240 2688 1313 2714 dicat
1327 2686 1462 2721 quomodo
1480 2685 1586 2711 auditus
1603 2683 1659 2710 iue-

975 2735 999 2750 ⁷⁸
1010 2734 1032 2762 II
1045 2735 1107 2762 Cor.
1123 2742 1151 2764 x.
1162 2734 1189 2761 5.
1231 2734 1254 2750 ⁷⁸
1266 2734 1328 2761 Isai.
1346 2741 1422 2765 Lvm,
1441 2734 1468 2761 9.
1523 2731 1546 2747 ⁷⁸
1561 2729 1657 2758 Matth.

870 2811 916 2837 τὸν
930 2810 1052 2845 Σωτῆρα.

907 2846 964 2882 (72)
988 2842 1036 2882 ’.ὂς
1058 2843 1169 2882 οὶηίζειη
1193 2842 1232 2882 ᾷν
1243 2851 1307 2882 φις,
1328 2842 1615 2882 θιοεΪΙιεορΙιΧΙιιοιιιις
1629 2847 1657 2874 in

872 2877 997 2908 eumdem
1020 2881 1096 2915 hunc
1110 2877 1221 2915 Joannis
1243 2877 1331 2915 locum
1347 2886 1353 2903 :
1373 2879 1451 2915 Μέγα
1467 2880 1495 2906 δὲ
1510 2877 1629 2915 ἔκραξεν
1642 2883 1656 2908 ὁ

872 2916 972 2952 Κύριος
990 2915 1033 2942 διὰ
1051 2913 1130 2940 τοῦτο
1142 2932 1148 2944 ,
1168 2911 1212 2939 ἵνα
1235 2913 1269 2939 τὰ
1293 2912 1346 2939 τῶν
1378 2913 1511 2949 Ἑλλήνων
1529 2911 1656 2951 ἐμφράξῃ

1668 2700 1673 2800 ἱ

1943 82 1947 123 ;
2019 30 2037 122 ιι

1942 219 1947 259 ᾖ

1942 263 1946 316 ³
1989 291 2021 337 η

1942 458 1943 498 1
2015 393 2038 573 ἦ,

1942 517 1943 526 χ
2015 506 2019 522 .

1937 536 1942 566 λ
1986 533 2040 575 1,

1938 603 1943 619 ἱ

1985 698 2023 721 1'.

2001 642 2020 1038 ’a

1983 834 2040 871 ὶὲἓᾷ

1929 988 1931 1010 ῖ
1983 964 2022 1032 ςὲ,

1979 1032 2040 1102 Li!

1913 1304 1916 1310 .
1978 1289 1983 1313 λ
2032 1293 2033 1297 ‘

1920 1401 1930 1466 ξ·
1978 1400 1990 1479 :

1979 1478 2021 1538 νιῗ

1918 1555 1929 1609 έ
1970 1534 2019 1596 *i

2004 1597 2040 1687 ῐ.

1915 1759 1927 1815 ἑ
1974 1773 2019 1813 .1:

1954 1809 2017 1871 441‘

1912 1949 1919 1976 ττ
1975 1952 2019 1970 π

1954 1973 1991 2055 τί;

1902 2065 2013 2170 iii

1908 2294 2040 2341 "-35%

1920 2686 1953 2754 ξι
1989 2666 2036 2744 ﬁt?

1897 2759 1952 2817 ?i'

1896 2807 1952 2875 “II
1990 2822 2040 2879 uel;

1919 2883 1921 2885 .
1996 2879 2037 2922 ..μ

1989 2906 2038 2997 iiii

1890 3041 1916 3133 I
1946 3058 1951 3094 '
1987 3025 2038 3155 Ws,

1912 3125 1919 3134 ρ
1995 3083 2036 3189 ιζ,

1996 3195 2036 3247 ’.ξ
