4082 6574
736 429 848 491 695
2218 422 2534 480 ORIGENIS
3890 412 3983 471 096

734 555 862 619 pter
887 541 1328 600 mortiﬁcationis
1342 540 1573 602 vincula,
1593 540 1766 595 donec
1781 538 1936 595 Iesus
1951 538 2177 609 jusserit
2198 538 2295 593 sol-

2415 536 2739 608 νεκρότητος
2762 535 3019 604 δεσμοὺς,
3044 533 3151 598 ἓως
3191 532 3398 605 Ἰησοῦς
3422 531 3655 603 κελεύσῃ
3697 533 3812 594 τοῖς
3832 530 3985 586 λύσαο

735 638 987 694 ventibus
1021 650 1169 702 eum,
1199 650 1361 704 penes
1383 650 1519 704 quos
1546 634 1710 688 etiam
1738 633 1965 689 facultas
1989 642 2073 687 est
2097 633 2295 687 sinendi

2415 644 2499 680 σιν
2545 627 2709 680 αὐτὸν
2731 666 2747 690 ,
2787 625 3106 696 δυναμένοις
3149 624 3245 678 καὶ⁸
3292 622 3511 693 ἀφιέναι
3543 621 3711 676 αὐτὸν
3754 620 3982 674 ἀπεῖναι.

167 747 174 758 .

91 1885 96 1896 .

74 1910 98 1960 _.

79 1991 118 2018 ,μ
163 1991 166 2002 .

74 2044 89 2055 δ-
127 2051 134 2058 ,
161 2017 168 2040 ⁵
197 2047 202 2052 .

74 2060 168 2108 με

107 2113 172 2224 vi;

109 2221 134 2234 ~'
159 2227 166 2238 α

74 2249 166 2286 ςιη-
235 2235 246 2280 ὶ

74 2285 132 2326 ’.ξ
173 2305 180 2312 ι
235 2285 246 2328 ι

77 2329 130 2362 εἶ’
235 2333 246 2356 π

85 2387 108 2408 ,,
155 2271 178 2416 l
235 2359 246 2392 τ

74 2409 110 2457 ι.
159 2425 200 2460 ξ’
235 2407 244 2470 Ι

123 2469 134 2520 ξ
235 2481 242 2512 :

74 2530 134 2546 .,
233 2531 242 2556 ι

85 2571 94 2582 ⁴
123 2565 128 2572 -
235 2587 242 2596 ο

78 2595 130 2633 1
171 2641 174 2644 ,
233 2605 242 2648 ξ

233 2677 240 2704 ἶ

87 2785 98 2814 ἑ
235 2799 244 2810 ο

87 2877 130 2906 ιη.

87 2953 118 2968 ..

77 3305 98 3336 ἡ
163 3287 168 3300 '.

93 3401 98 3420 ι
165 3405 168 3408 .

79 3539 132 3576 ’.ὲ

77 3621 116 3668 :,'
177 3625 202 3640 '~

77 3691 98 3730 ,7

75 3731 98 3800 εί

93 3944 98 3956 .

77 4203 100 4238 λι

77 4475 130 4512 ,ἐῖ-

93 4515 102 4528 i‘

77 4545 104 4568 .‘r
175 4545 178 4548 ’

79 4581 104 4604 ιί
167 4577 170 4580 ’

79 4609 134 4648 νε.
165 4623 172 4630 _

77 4653 178 4720 4:5

77 4801 98 4820 φ
173 4787 178 4810 Σ

91 4867 118 4880 ι.
177 4855 242 4882 Π¹φ¹

83 4895 138 4932 ιτ,

85 4935 110 4956 ιζ

87 5073 110 5114 ἐ,
179 5081 186 5092 ι

93 5137 110 5172 .:
177 5117 202 5158 ι’

93 5183 108 5194 .

103 5243 110 5264 '
197 5237 200 5240 .

101 5311 108 5338 ε

99 5351 110 5362 θ
135 5363 140 5370 ο

95 5407 98 5410 .
166 5383 202 5408 ll

167 5497 204 5518 Ἀ.

167 5533 204 5576 εἶ’

107 5591 118 5634 ς
171 5597 178 5616 ι

74 5639 114 5699 ,ξ
173 5645 210 5680 ῗε

74 5735 116 5780 χ
169 5707 206 5774 ’.τ

74 5776 116 5855 μ
171 5791 182 5822 ι

89 5839 117 5864 ,ε
169 5823 206 5854 ς’.

74 5864 116 5895 i'
171 5869 204 5896 --'.

74 5893 116 5949 τι
179 5909 210 5938 ιλ.

74 5960 75 5973 l

74 5979 118 6047 ιπ
186 5998 217 6023 νο

139 6041 146 6046 ,
208 6028 217 6039 .

736 745 859 784 eum
896 727 1071 783 abire.
1104 726 1169 781 Et
1192 741 1324 781 sane
1358 727 1604 796 quisquis
1630 725 1814 782 dicere
1842 727 2024 779 valet:
2061 743 2079 776 ι
2109 725 2189 778 Αιι
2212 739 2310 778 ex-

736 820 1100 891 perimentum
1136 818 1379 886 quaeritis
1432 818 1484 872 in
1518 834 1605 872 me
1642 818 1918 887 loquentis
1946 813 2152 871 Cbristi
2172 816 2255 868 "1'
2282 834 2300 867 ι

734 912 783 966 is
818 919 990 965 tentet
1016 909 1140 964 talis
1182 909 1319 972 ﬁeri,
1373 920 1433 962 ut
1476 911 1580 965 sibi
1620 910 1872 965 Christus
1922 923 2057 963 voce
2108 922 2303 973 magna

732 1002 984 1056 clamans
1024 1002 1212 1055 dicat:
1259 1019 1277 1052 ι
1317 999 1549 1065 Lazare,
1592 1001 1747 1070 prodi
1799 1000 1982 1063 foras;
2011 1018 2031 1051 ι
2064 999 2189 1063 sibi,
2224 999 2307 1052 in-

732 1106 919 1161 quam,
949 1093 1038 1157 qui
1071 1104 1354 1161 pOStquam
1400 1104 1647 1146 mortuus
1696 1090 1817 1155 fuit,
1860 1092 2131 1145 invocavit
2181 1092 2304 1159 qui-

735 1186 878 1247 dem,
912 1185 1006 1239 sed
1038 1200 1141 1237 non
1174 1195 1357 1248 acute,
1389 1196 1439 1240 et
1473 1185 1677 1237 idcirco
1702 1185 1863 1238 etiam
1899 1199 2035 1251 opus
2070 1183 2305 1237 habebat

732 1274 857 1330 Jesu
881 1276 1131 1331 clamore.
1160 1275 1327 1347 378
1340 1275 1576 1330 Proinde
1599 1276 1771 1344 cogita
1789 1290 1911 1329 eum
1932 1275 2067 1341 quia
2087 1274 2304 1327 Christo

732 1369 982 1433 recessit,
1016 1370 1081 1421 ad
1115 1368 1368 1439 gentiiem
1396 1367 1639 1437 relapsus
1663 1368 1854 1431 vitam,
1883 1376 2000 1434 post
2021 1376 2301 1433 acceptam

727 1460 977 1515 veritatis
1005 1458 1391 1530 cognitionem,
1417 1468 1471 1514 et
1506 1468 1790 1529 postquam
1825 1457 2161 1512 illuminatus
2189 1455 2304 1509 fue-

728 1550 829 1614 rit,
870 1549 1282 1619 gnstaveritquo
1315 1549 1513 1604 donum
1560 1547 1974 1618 supercmleste,
2028 1546 2303 1614 particeps

730 1640 906 1695 factus
942 1639 1175 1710 Spiritus
1205 1643 1404 1705 sancti,
1439 1637 1607 1712 atque
1637 1638 1941 1709 gustaverit
1969 1637 2171 1691 bonum
2207 1637 2297 1690 Dei

728 1733 976 1797 verbum,
1024 1731 1365 1800 virtutesque
1404 1731 1570 1785 futuri
1619 1729 1803 1785 saeculi
1841 1729 1925 1794 ";
1967 1728 2167 1796 cogita,
2219 1727 2302 1779 in-

728 1837 916 1891 quam,
935 1823 1096 1878 talem
1121 1823 1173 1876 in
1200 1824 1414 1877 inierno
1438 1838 1558 1877 esse
1584 1837 1706 1876 cum
1729 1820 1939 1875 umbris
1960 1829 2019 1873 et
2041 1817 2294 1882 mortuis,

2414 720 2523 773 Καὶ
2546 719 2825 792 πειράσθω
2851 736 2916 787 γε
2946 718 3052 781 πᾶς
3078 720 3108 771 6
3148 716 3444 786 δυνάμενος
3469 714 3651 784 λέγειν
3673 729 3688 742 ·
3722 711 3828 764 «Ἦ
3852 710 3986 764 δοκι-

2415 810 2521 882 μὴν
2552 809 2764 882 ζητεῖτε
2791 809 2885 863 τοῦ
2914 810 2971 862 ἐν
2998 809 3123 878 ἐμοὶ
3145 806 3427 870 λαλοῦντος
3456 803 3735 877 Χριστοῦ;
3772 822 3793 854 ι
3826 798 3960 856 τοιοῦ

2411 919 2502 965 τος
2538 899 2822 971 γενέσθαι,
2851 902 2936 953 ἵνα
2983 900 3083 971 μὲν
3110 897 3262 968 αὐτῷ
3309 895 3543 968 Χριστὸς
3579 896 3735 965 φωνῇ
3784 893 3983 966 μεγάλη

2411 997 2541 1069 εἴπῃ
2591 996 2910 1068 κραυγάσας
2950 994 3028 1064 τῷ
3069 990 3207 1062 μετά
3250 990 3312 1042 τὸ
3371 989 3667 1044 ἀποθανεῖν
3710 986 3985 1057 κιρήσαντι

2415 1088 2511 1157 μὲν
2538 1086 2650 1157 (⁷⁷)
2671 1127 2686 1150 ν
2714 1087 2816 1139 οὐκ
2841 1083 3010 1150 ὁἕξεως
3051 1081 3108 1135 δὲ
3133 1120 3148 1145 ,
3195 1079 3291 1133 καὶ
3334 1078 3421 1133 διὰ
3442 1078 3601 1132 τοῦτο
3628 1076 3872 1148 δεομένῳ
3896 1076 3985 1145 τῆς

2424 1178 2597 1247 Ἰησοῦ
2625 1176 2890 1248 κραυγῆς,
2920 1176 2981 1228 τό
3003 1192 3017 1205 θ
3055 1193 3074 1225 ι
3102 1170 3341 1244 Λάζαρε,
3361 1170 3524 1239 δεῦρο
3553 1168 3682 1234 ἔξω.
3717 1187 3738 1218 ι
3766 1170 3881 1226 Καὶ
3907 1167 3986 1220 νό-

2414 1286 2570 1339 μισον
2590 1265 2728 1322 εἶναι
2749 1270 2807 1320 ἐν
2827 1268 2953 1338 ᾅδου
2988 1266 3125 1337 μετά
3154 1264 3261 1319 τῶν
3291 1261 3477 1327 σκιῶν,
3500 1262 3597 1316 καὶ
3622 1261 3737 1314 τῶν
3763 1259 3982 1332 νεκρῶν,

2409 1360 2504 1414 καὶ
2535 1362 2592 1413 ἐν
2616 1358 2769 1430 χώρᾳ
2797 1357 3004 1428 νεκρῶν
3025 1398 3040 1420 ,
3073 1358 3106 1430 ἢ
3138 1356 3421 1428 μνημείοις
3439 1396 3455 1417 ,
3500 1354 3592 1407 τὸν
3642 1352 3786 1424 μετά
3813 1352 3874 1405 τὸ
3900 1352 3985 1405 λα·

2408 1452 2523 1505 ϐεῖν
2550 1452 2842 1520 ἐπίγνωσιν
2869 1449 3155 1520 ἀληθείας,
3192 1450 3286 1503 καὶ
3309 1446 3647 1518 φωτισθέντα
3672 1487 3688 1512 ,
3720 1444 3985 1515 γευσάμε-

2408 1544 2497 1597 νόν
2526 1560 2585 1596 τε
2616 1544 2715 1612 τῆς
2751 1542 2958 1615 δωρεᾶς
2989 1542 3087 1612 τῆς
3118 1539 3441 1612 ἐπουρανίου
3460 1579 3475 1601 ,
3519 1538 3615 1591 καὶ
3648 1537 3881 1606 μέτοχον
3909 1552 3986 1605 γε·

2409 1637 2629 1707 νόμενον
2662 1635 2798 1687 Πνεύ
2808 1651 2974 1705 ματος
2999 1634 3173 1700 ἁγίου,
3192 1633 3287 1685 καὶ
3313 1631 3473 1685 καλὸν
3494 1631 3839 1700 γευσάμενον
3856 1627 3981 1682 Θεοῦ

2406 1728 2580 1799 ῥῆμα,
2599 1726 2856 1797 δυνάμεις
2881 1743 2938 1778 τε
2972 1725 3252 1796 μέλλοντος
3281 1723 3497 1788 αἰῶνος,
3531 1722 3981 1790 ἀποστατήσαντα

2405 1819 2498 1872 τοῦ
2525 1818 2759 1890 Χριστοῦ
2785 1859 2799 1881 ,
2832 1819 2927 1870 καὶ
2971 1818 3061 1870 ἐπὶ
3098 1816 3189 1871 τὸν
3225 1816 3435 1870 ἐθνικδν
3468 1813 3581 1884 (78)
3626 1812 3982 1883 παλινδρομή-

726 1916 783 1968 in
816 1912 934 1968 loco
961 1928 1024 1967 ac
1058 1914 1279 1983 regione
1323 1920 1668 1968 mortuorum
1701 1920 1756 1966 et
1786 1910 2169 1965 monumentis.
2208 1908 2295 1964 Si-

2404 1927 2571 1964 σαντα
2598 1907 2934 1982 βίονηἘπάν
2952 1902 3045 1960 οῦν
3070 1907 3198 1977 περὶ
3222 1905 3318 1958 τοῦ
3351 1903 3591 1958 τοιούτου
3619 1900 3797 1956 ἐλθὼν
3828 1899 3980 1955 αὐτοῦ

729 2002 843 2055 Inui
875 2014 1037 2072 atque
1065 2004 1229 2073 igitur
1264 2002 1575 2072 pervenerit
1618 1999 1775 2055 Iesus
1817 1999 1884 2052 ad
1933 1997 2302 2066 hujuscemodi

728 2094 966 2148 hominis
994 2104 1429 2156 monumentum,
1458 2102 1511 2147 et
1542 2101 1699 2146 extra
1729 2089 1858 2143 illud
1903 2098 2056 2143 stans
2082 2103 2180 2157 pro
2210 2088 2300 2141 tali

730 2188 994 2253 oraverit,
1050 2197 1103 2240 et
1159 2186 1444 2241 exauditus
1478 2184 1662 2246 fuerit,
1703 2182 1979 2253 postulans
2016 2196 2127 2236 suae
2184 2180 2300 2234 voci

728 2275 949 2343 suisque
964 2277 1306 2331 sermonibus
1324 2277 1529 2330 innasci
1550 2276 1732 2335 robur,
1741 2289 1873 2329 voce
1890 2288 2083 2344 magna
2102 2271 2301 2327 clamat

726 2367 876 2421 illum
905 2382 1064 2437 quem
1095 2369 1173 2423 sic
1203 2369 1514 2433 adamabat,
1542 2368 1609 2421 ad
1639 2383 1702 2422 ea
1726 2383 1848 2438 qua:
1881 2366 2069 2437 procul
2097 2367 2297 2420 absunt

726 2473 756 2510 a
796 2458 1076 2527 gentilium
1105 2460 1235 2521 vita,
1277 2470 1332 2514 et
1362 2475 1393 2513 a
1429 2468 1799 2523 monumento,
1837 2468 2001 2528 atque
2042 2456 2297 2528 spelunca

725 2561 914 2604 eorum
950 2563 1193 2603 vocans:
1228 2548 1443 2618 quando
1480 2547 1606 2604 Jesn
1649 2549 1905 2605 sectatori
1951 2549 2083 2604 licet
2130 2563 2300 2619 agno-

723 2655 899 2703 scere,
931 2655 1167 2710 quonam
1209 2648 1369 2710 pacto
1399 2641 1521 2696 talis
1548 2651 1773 2712 propter
1798 2639 1926 2695 Jesu
1953 2640 2173 2711 quidem
2202 2656 2297 2697 vo-

723 2745 841 2785 cem
870 2733 1111 2800 prodeat,
1143 2732 1237 2786 sed
1269 2731 1447 2786 adhuc
1475 2746 1699 2787 suorum
1742 2740 2089 2802 peccatorum
2126 2731 2294 2802 spiris

721 2820 921 2891 ligatus
954 2832 1009 2876 et
1032 2823 1275 2884 strictus.
1314 2832 1479 2893 atque
1514 2824 1584 2879 ob
1617 2825 2001 2894 ptenitentiam
2049 2826 2291 2896 quidem,

720 2920 885 2982 atque
918 2914 1045 2982 quia
1082 2915 1315 2968 audierit
1353 2915 1513 2969 Jesus
1553 2930 1767 2979 vocem,
1806 2917 2029 2981 vivens;
2062 2919 2154 2971 sed
2195 2932 2294 2972 nec

719 3006 970 3073 pedibus,
1000 3007 1124 3074 quia
1148 3007 1387 3062 nondum
1410 3007 1671 3063 liberatus
1694 3012 1767 3063 sit
1795 3011 2007 3077 peccati
2035 3010 2290 3077 vinculis,

720 3096 904 3153 liberis
934 3099 1164 3168 ingredi,
1196 3115 1297 3155 nec
1341 3115 1429 3156 res
1461 3102 1694 3157 eximias
1736 3103 1905 3157 libere
1934 3104 2153 3174 operari
2199 3119 2295 3158 va-

720 3188 859 3256 lens,
906 3206 1100 3247 manus
1148 3202 1206 3247 et
1257 3194 1422 3262 pedes
1470 3195 1747 3249 revinctos
1808 3196 2018 3251 habens
2060 3197 2292 3252 vinculis

723 3291 1059 3335 mortuorum
1091 3284 1510 3350 sepulcralibus.
1540 3286 1619 3341 Ac
1647 3285 1773 3340 talis
1801 3287 2044 3356 profecto
2070 3303 2292 3358 pr0pter

719 3372 775 3424 in
804 3386 864 3426 se
899 3374 1254 3428 exsistentem
1290 3373 1789 3440 mortiﬁcationem,
1831 3387 2033 3448 praeter
2075 3380 2294 3434 vincula

719 3462 885 3516 etiam
938 3479 1194 3517 manuum
1235 3473 1291 3519 et
1337 3466 1555 3535 pedum,
1608 3467 1803 3523 faciem
1862 3485 2078 3540 quoque
2132 3472 2289 3540 ignos-

722 3552 899 3607 rantia
925 3562 1246 3623 c00pertam
1282 3564 1334 3610 et
1364 3557 1681 3611 obvinctam
1714 3559 1894 3615 habet.
1929 3560 2134 3617 Deinde
2154 3579 2295 3632 quo-

723 3644 866 3697 niam
915 3659 1021 3697 non
1068 3655 1275 3699 tantum
1330 3646 1504 3701 voluit
1554 3646 1715 3703 Jesus
1761 3650 1906 3705 hunc
1937 3652 2145 3714 vivere,
2193 3668 2293 3709 nec

719 3736 952 3807 amplius
996 3739 1050 3792 in
1082 3752 1436 3796 monumento
1468 3756 1714 3808 manere,
1765 3754 1924 3799 extra
1968 3760 2293 3802 monumen-

724 3839 833 3882 tum
858 3846 981 3883 cum
1011 3831 1246 3886 venisset
1266 3832 1510 3888 Lazarus
1532 3834 1777 3905 ligatam,
1812 3847 1872 3891 ut
1918 3838 2166 3908 superius
2215 3839 2299 3893 di-

717 3928 865 3973 ctum
893 3921 1204 3985 est,faciem
1235 3925 1464 3990 habens,
1484 3935 1652 3996 atque
1682 3929 1997 3998 impeditus,
2019 3941 2292 3997 quatenus

720 4014 913 4084 ligatus
958 4025 1105 4079 erat,
1137 4034 1169 4071 e
1216 4026 1569 4073 momnmento
1602 4020 1839 4087 prodire,
1872 4020 2009 4075 dicit
2050 4020 2156 4076 illis
2197 4021 2291 4091 qui

716 4102 844 4157 huic
875 4106 1081 4159 muneri
1112 4107 1363 4162 obeundo
1397 4109 1578 4163 idonei
1607 4118 1765 4164 erant
1789 4108 1948 4165 Jesus
1974 4126 1990 4164 :
2028 4129 2048 4161 ι
2084 4110 2291 4166 Solvite

713 4207 838 4246 eum
872 4202 927 4248 et
945 4195 1109 4249 sinite
1140 4198 1325 4261 abire;
1355 4217 1375 4248 ι
1403 4199 1659 4254 existimo
1682 4200 1827 4268 quod
1849 4214 1955 4254 non
1983 4199 2293 4270 approbans

718 4285 982 4339 rationem
1013 4289 1417 4353 conversionis,
1443 4297 1730 4360 postquam
1770 4301 2136 4359 peccaverat;
2191 4306 2293 4346 nec

716 4375 892 4430 adhuc
912 4377 1097 4432 valens
1122 4377 1283 4445 juxta
1314 4379 1459 4434 illam
1490 4381 1696 4446 vivere,
1731 4382 1877 4452 quod
1908 4382 2291 4439 detinerentur

716 4465 913 4521 animae
960 4468 1105 4523 illius
1142 4474 1422 4537 potentiae,
1474 4487 1669 4541 nempe
1719 4475 1906 4540 eundi,
1938 4476 2199 4546 operandi
2236 4485 2292 4530 et

2403 2004 2484 2065 είς
2525 2001 2588 2054 τὸ
2624 2003 2921 2071 μνημεῖον,
2952 1999 3046 2052 καὶ
3078 1997 3183 2063 ἔξω
3225 1997 3389 2050 αὐτοῦ
3425 1997 3558 2059 στάς
3584 1998 3614 2050 6
3660 1994 3872 2066 Ἰησοῦς
3898 1994 3982 2048 εῦ-

2403 2093 2579 2163 ξηται,
2605 2092 2700 2146 καὶ
2726 2089 3037 2160 ἐπακοὺσθη
3063 2090 3197 2161 (79),
3225 2091 3457 2160 αἰτήσας
3478 2087 3807 2157 ἐγγένεσθαι
3834 2088 3983 2141 δύνα-

2405 2202 2496 2255 μιν
2521 2188 2588 2256 τῇ
2634 2186 2784 2254 φωνῇ
2853 2183 2945 2236 καὶ
2975 2185 3085 2245 τοῖς
3128 2182 3306 2250 λόγοις
3352 2181 3517 2235 αὑτοῦ
3537 2222 3553 2247 ,
3586 2184 3745 2251 φωνῇ
3783 2179 3984 2252 μεγάλῃ

2401 2273 2700 2345 κραυγάζει
2728 2273 2819 2325 ἐπὶ
2842 2272 2909 2325 τὰ
2943 2271 3045 2336 ἔξω
3071 2271 3167 2324 τοῦ
3197 2271 3307 2326 τῶν
3341 2271 3572 2325 ἐθνικῶν
3607 2270 3752 2341 βίου,
3779 2269 3983 2325 καὶτοῦ

2404 2366 2667 2437 μνημείου
2700 2365 2899 2427 αὐτῶν,
2924 2367 3016 2418 καὶ
3040 2365 3133 2419 τοῦ
3166 2365 3457 2435 σπηλαίου,
3483 2363 3668 2419 καλῶν
3694 2363 3983 2435 γενόμενον

2399 2456 2539 2509 οὕτω
2571 2456 2720 2525 φίλον
2739 2474 2752 2485 ·
2774 2458 2863 2509 ὅτε
2893 2455 3040 2510 ἔστιν
3073 2456 3198 2509 ἰδεῖν
3223 2457 3315 2510 τὸν
3348 2455 3755 2511 ἀκολουθοῦντα
3779 2456 3858 2527 τῷ
3888 2457 3984 2526 Ἰη-

2401 2546 2516 2612 σοῦ,
2564 2548 2687 2601 τίνα
2735 2546 2934 2618 τρόπον
2977 2548 3006 2599 6
3051 2545 3291 2610 τοιοῦτος
3321 2546 3604 2618 ἐξέρχεται
3637 2546 3742 2617 μὲν
3772 2545 3864 2599 διά
3890 2545 3983 2616 τὴν

2412 2637 2584 2708 Ἰησοῦ
2626 2637 2808 2708 φωνὴν
2828 2677 2843 2701 ,
2874 2637 2953 2690 ἔτι
2985 2636 3045 2689 δὲ
3079 2640 3285 2708 σειραῖς
3329 2639 3437 2691 τῶν
3469 2638 3618 2692 ἰδίων
3651 2637 3983 2712 ἁμαρτημά-

2395 2746 2503 2782 των
2543 2728 2821 2799 δεδεμένος
2866 2728 2961 2782 καὶ
3005 2730 3334 2800 ἐσφιγμένος
3357 2769 3372 2793 ,
3404 2729 3494 2783 διὰ
3539 2730 3641 2801 μὲν
3690 2730 3793 2802 τὴν
3826 2731 3984 2800 μετά-

2396 2838 2563 2884 νοιαν,
2597 2824 2691 2876 καὶ
2721 2823 2783 2876 τὸ
2808 2823 3104 2892 ἀκηκοέναι
3124 2822 3223 2892 τῆς
3265 2822 3439 2893 Ἰησοῦ
3487 2823 3675 2894 φωνῆς
3708 2822 3818 2886 ζῶν
3839 2866 3855 2890 ,
3897 2822 3983 2876 διά

2394 2915 2451 2969 δὲ
2482 2916 2543 2968 τὸ
2567 2914 2791 2986 μηδέπω
2811 2914 3174 2993 ἀπολελῦσθαι
3204 2916 3310 2968 τῶν
3331 2916 3430 2985 τῆς
3453 2917 3732 2989 ἁμαρτίας
3750 2917 3982 2988 δεσμῶν,

2398 3006 2534 3078 μηδὲ
2560 3006 2662 3077 ἥδη
2693 3005 2953 3061 δύνασθαι
2994 3006 3299 3079 ἐλευθέροις
3330 3007 3639 3062 ἐπιϐαίνειν
3664 3010 3781 3072 τοῖς
3809 3008 3982 3068 ποσὶν,

2393 3097 2529 3152 ἀλλά
2564 3097 2698 3169 μηδὲ
2720 3100 2959 3169 ἐνεργεῖν
2987 3098 3407 3170 ἀπολελυμένως
3431 3099 3501 3153 τὰ
3528 3100 3878 3173 διαφέροντα,
3898 3099 3984 3152 δε-

2392 3189 2613 3260 δεμένος
2658 3191 2781 3253 τοὺς
2817 3189 2983 3252 πόδας
3026 3191 3120 3243 καὶ
3151 3190 3249 3253 τὰς
3294 3192 3485 3262 χεῖρας
3521 3190 3750 3261 δεσμοῖς
3779 3189 3983 3260 νεκρὶἕιν

2394 3283 2647 3353 κειρίαις.
2676 3284 2786 3336 Καὶ
2807 3284 2835 3334 6
2865 3283 3105 3348 τοιοῦτός
3137 3301 3201 3352 γε
3230 3283 3319 3337 διά
3362 3284 3461 3355 τὴν
3488 3284 3858 3353 ἐγγενομένην
3893 3283 3985 3335 αῦ-

2392 3372 2473 3444 τῷ
2492 3373 2790 3444 νεκρότητα
2808 3414 2824 3437 ,
2852 3374 2988 3446 πρὸς
3008 3378 3120 3438 τοῖς
3146 3374 3224 3428 ἔτι
3249 3374 3359 3428 τῶν
3392 3375 3595 3447 χειρῶν
3630 3375 3729 3428 καί
3756 3374 3864 3428 τῶν
3889 3391 3985 3427 πο-

2393 3463 2500 3517 δῶν
2524 3464 2759 3535 δεσμοῖς,
2788 3465 2881 3518 καὶ
2908 3465 3006 3535 την
3036 3465 3158 3535 ὄψιν
3189 3468 3253 3537 τῇ
3280 3466 3474 3536 ἀγνοίᾳ
3497 3465 3862 3526 κεκάλυπται,
3890 3465 3986 3519 καὶ

2395 3555 2752 3627 περιδέδεται.
2784 3554 2895 3610 Εἶτ’
2926 3559 3048 3612 ἐπεὶ
3090 3557 3165 3630 μὴ
3199 3557 3363 3629 μόνον
3405 3558 3568 3629 ζῆσαι
3597 3558 3764 3611 αὐτὸν
3797 3554 3983 3628 βεϐού-

2394 3647 2555 3719 ληται
2579 3650 2609 3701 6
2647 3648 2872 3719 Ἰησοῦς,
2906 3651 2999 3704 καὶ
3026 3651 3082 3702 ἐν
3111 3649 3189 3720 τῷ
3225 3650 3477 3723 μνημείῳ
3519 3650 3595 3722 μὴ
3643 3650 3828 3722 μένειν
3850 3648 3983 3719 (80),

2394 3740 2488 3793 ἐπὶ
2505 3738 2576 3791 τά
2604 3738 2709 3806 ἔξω
2728 3739 2823 3793 τοῦ
2851 3741 3116 3811 μνημείου
3149 3735 3306 3805 οὗτος
3337 3739 3512 3794 ἐλθὼν
3539 3741 3774 3804 δέδεται,
3806 3739 3983 3803 καθὼς

2396 3833 2739 3905 προείρηται,
2764 3832 2867 3902 τῆς
2897 3833 3040 3905 ζωῆς
3069 3833 3203 3906 (81),
3226 3835 3323 3887 καὶ
3347 3833 3441 3887 τοῦ
3469 3833 3849 3907 ἐξεληλυθέναι
3876 3831 3985 3886 ἀπὸ

2394 3924 2487 3980 τοῦ
2524 3926 2791 3997 μνημείου
2829 3925 2903 3997 μὴ
2938 3925 3231 3989 δύνασθαι,
3257 3927 3383 3981 ὅσον
3423 3910 3638 3981 δέδεται
3658 3967 3674 3991 ,
3703 3926 3849 3995 λέγει
3871 3925 3983 3986 τοῖς

2392 4015 2710 4085 δυναμένοις
2768 4015 3215 4086 ὑπηρετήσασθαι
3266 4015 3417 4086 αὐτῷ
3470 4018 3499 4069 6
3544 4015 3785 4087 Ἰησοῦς·
3818 4035 3835 4066 ι
3875 4014 3983 4066 Δύο

2398 4122 2527 4160 σατε
2552 4104 2734 4169 αὐτὸν,
2770 4106 2862 4159 καὶ
2887 4106 3054 4174 ἄφετε
3092 4104 3254 4157 αὑτὸν
3285 4104 3551 4172 ὑπάγειν·
3588 4122 3609 4156 ι
3644 4103 3868 4174 νομίζω,
3901 4102 3981 4154 ὅτι

2397 4196 2472 4268 μὴ
2495 4196 2967 4268 συγκαταθέμενος
2996 4198 3093 4267 μὲν
3110 4196 3187 4267 τῷ
3206 4195 3337 4266 περὶ
3358 4196 3457 4266 τῆς
3487 4196 3827 4268 ἐπιστροφῆς
3847 4191 3981 4263 μετά

2393 4290 2454 4342 τὺ
2509 4288 2889 4360 ἡμαρτηκέναι
2937 4288 3081 4359 λόγῳ
3105 4306 3117 4318 ·
3162 4288 3242 4341 ἔτι
3280 4287 3338 4340 δὲ
3390 4286 3597 4341 ἀτονῶν
3649 4288 3772 4340 κατ’
3823 4286 3981 4341 αὐτὸν

2395 4380 2565 4451 βιοῦν,
2598 4380 2678 4451 τῷ
2707 4380 3033 4451 κατέχεσθαι
3062 4379 3227 4434 αὐτοῦ
3252 4380 3355 4442 τὰς
3384 4378 3487 4448 τῆς
3524 4380 3709 4451 ψυχῆς
3736 4396 3980 4451 πορευτι-

2394 4473 2517 4536 κάς,
2546 4474 2639 4526 καὶ
2665 4473 2979 4546 δραστικὰς,
3012 4473 3106 4525 καὶ
3128 4471 3472 4543 θεωρητικὰς
3503 4470 3785 4539 δυνάμεις,
3819 4473 3848 4524 6
3872 4487 3983 4523 τοι-

714 4559 1142 4627 contemplandi,
1199 4560 1323 4616 talis
1358 4562 1563 4631 prodiit
1607 4580 1639 4618 e
1687 4576 2067 4629 monumento,
2110 4566 2290 4621 adhuc

2401 4566 2551 4629 οῦτος
2584 4565 2805 4637 ἐξῆλθεν
2840 4565 2951 4618 ἀπὸ
2978 4564 3071 4619 τοῦ
3106 4564 3372 4637 μνημείου
3392 4604 3408 4629 ,
3446 4565 3542 4617 καὶ
3588 4563 3671 4617 ἔτι
3697 4565 3815 4616 ἐστὶ
3841 4562 3981 4617 δεδε-

717 4663 909 4703 manus
938 4661 993 4703 et
1025 4654 1186 4718 pedes
1219 4654 1492 4707 revinctos
1525 4655 1730 4710 habens
1770 4657 1954 4711 fasciis
2000 4655 2282 4725 sepulcra-

714 4738 874 4804 libus,
896 4739 1202 4812 faciemque
1227 4760 1383 4799 suam
1404 4746 1630 4800 sudario
1647 4748 1987 4802 obvinctam.
2012 4748 2117 4803 Sed
2136 4760 2287 4819 post-

711 4841 875 4899 quam
901 4833 1114 4888 dicente
1135 4834 1261 4889 Jesu
1289 4835 1509 4892 Christo
1532 4848 1789 4908 tanquam
1818 4840 2082 4893 Domino:
2113 4860 2132 4891 ι
2160 4841 2285 4896 Sol-

716 4921 824 4976 vite
858 4938 982 4978 eum
1002 4936 1057 4980 et
1083 4928 1249 4981 sinite
1278 4928 1452 4993 abire,
1480 4948 1501 4981 »
1533 4931 1619 4984 bis
1652 4931 1742 4999 qui
1775 4931 1992 4985 solvere
2014 4931 2164 4985 illum
2191 4946 2287 4999 po-

713 5021 911 5080 terant,
952 5018 1022 5071 ob
1065 5016 1370 5086 iussionem
1405 5020 1537 5076 Jesu
1574 5021 1784 5077 solutus
1817 5020 1922 5076 fuit
1968 5022 2203 5092 pedibus
2232 5032 2288 5078 et

780 5104 827 5139 ⁸⁸
860 5105 905 5160 ll
926 5108 1056 5164 Cor.
1082 5128 1201 5177 xm,
1236 5113 1293 5169 ὅ.
1374 5113 1420 5146 ⁸¹
1440 5114 1607 5170 Hebr.
1632 5131 1707 5181 v1,
1731 5115 1789 5181 4,
1827 5114 1883 5170 5.

781 5218 1252 5299 (ἎηΚιρήσαντι
1299 5228 1436 5296 μέν.
1475 5231 1570 5284 Sic
1624 5231 1793 5286 habet
1841 5231 2013 5285 codex
2070 5227 2296 5298 Regius,

712 5285 1038 5346 Bodleianus
1057 5285 1240 5367 autem
1262 5285 1584 5367 κηρύξαντι.
1599 5285 1883 5355 Perionius
1897 5300 2092 5354 vertit:
2122 5319 2138 5349 ι
2152 5285 2293 5352 Cum

713 5363 1630 5439 postmo_rtem_fasciis'sepulturze
1667 5372 1885 5425 vinetus
1905 5381 2008 5423 est.
2050 5390 2068 5420 ι
2109 5369 2297 5423 Finxit

712 5428 814 5510 ἐξὺὶ
844 5428 1434 5510 Verbuurlferionius'a
1459 5440 1686 5510 κειρίαι,
1716 5443 1860 5509 quod
1888 5453 2154 5508 nusquam
2172 5438 2294 5493 iuit.

710 5493 1001 5581 Fell'jg‘rigs
1032 5493 1812 5581 ,νίάε-ιυιδ-ΙθείεεθῨκαλέσαῦτι
1840 5493 1962 5581 μέν.

929 5568 1113 5650 βρύει
1149 5566 1369 5650 Regius",
1407 5580 1567 5644 male,
1598 5580 1698 5650 τὴν
1732 5566 1974 5650 ἐθνίκήν.

929 5636 1076 5716 idem
1109 5636 1280 5716 code}
1315 5636 1534 5716 Regius,
1556 5636 1730 5713 'ma'le,
1760 5636 2062 5716 ἐπακούσῃ.

787 5665 898 5707 va;
930 5665 1076 5693 mem
1109 5665 1279 5696 couex
1316 5665 1534 5716 negtiis,
1570 5665 1730 5713 male,
1760 5666 1968 5703 επακου
2050 5690 2062 5702 .

787 5705 900 5787 (σθ)
930 5709 1109 5763 Codex
1155 5713 1481 5791 Bodleianus
1511 5730 1657 5791 recte
1684 5721 1848 5775 habet
1880 5721 1954 5791 μὴ
1975 5665 2188 5789 ilva“.
2239 5720 2294 5776 in

713 5773 890 5858 Belgio
911 5792 1193 5858 perperam
1220 5788 1494 5858 muittitur
1523 5789 1622 5858 μή.

787 5846 896 5917 (Si)
930 5846 1133 5918 Καθὼς
1162 5846 1534 5925 προείρηται,
1556 5846 1664 5927 τῆς
1691 5856 1855 5927 ζωῆς,
1891 5869 1995 5917 etc.
2019 5859 2094 5913 Ita
2119 5858 2290 5916 codex

2401 4658 2559 4728 μένος
2584 4659 2711 4721 τοὺς
2739 4656 2906 4719 πόδας
2931 4658 3024 4708 καὶ
3053 4656 3152 4718 τὰς
3181 4657 3370 4725 χεῖρας
3397 4656 3653 4725 κειρίαις,
3678 4656 3771 4708 καὶ
3801 4655 3834 4725 ἠ
3859 4652 3979 4723 ὄψις

2398 4747 2564 4800 αὑτοῦ
2610 4748 2876 4819 σουδαρίῳ
2924 4747 3278 4820 περιδέδεται.
3334 4745 3473 4798 Ἀλλ’
3521 4744 3698 4809 ἐπὰν,
3740 4745 3979 4807 εἰπόντος

2410 4840 2584 4910 Ἰησοῦ
2612 4844 2724 4904 τοῖς
2752 4840 2911 4894 λῦσαι
2935 4840 3096 4893 αὐτὸν
3127 4838 3464 4909 δυναμένοις,
3499 4837 3590 4891 διὰ
3621 4837 3721 4910 τὴν
3755 4836 3979 4910 πρόστα-

2395 4928 2477 4997 ξιν
2510 4930 2587 4993 ὡς
2621 4931 2890 4985 Δεσπότου
2944 4930 3040 4986 τοῦ
3064 4929 3299 5002 Χριστοῦ
3320 4970 3336 4995 ,
3368 4930 3458 4983 τό·
3499 4948 3520 4981 t
3556 4929 3773 4984 Λύσατε
3797 4928 3975 4991 αὑτὸν,

2396 5023 2490 5076 καὶ
2548 5022 2714 5091 ἄφετε
2776 5025 2938 5079 αὑτὸν
2997 5025 3227 5093 ὑπάγειν
3248 5063 3264 5087 ,
3340 5042 3359 5074 ι
3422 5021 3562 5093 λυθῇ
3619 5025 3748 5087 τοὺς
3812 5019 3975 5085 πόδας

2401 5229 2795 5302 Βειζῐιιεηυεηι
2829 5239 3050 5285 secutus
3074 5241 3158 5302 est
3182 5230 3489 5299 Perionius,
3515 5234 3611 5302 qui
3644 5234 3726 5287 sic
3759 5232 3970 5302 habet:

2406 5319 2424 5351 ι
2462 5300 2661 5355 Deinde
2683 5302 2942 5369 quoniam
2978 5317 3100 5355 eum
3128 5299 3288 5356 Jesus
3329 5304 3512 5358 vivere
3536 5299 3736 5365 voluit,
3769 5315 3865 5355 nec
3919 5301 3971 5352 in

2400 5371 2654 5439 sepulcro
2678 5386 2919 5442 manere,
2953 5387 3076 5425 cum
3115 5371 3183 5424 ad
3212 5385 3277 5425 ea
3316 5388 3437 5442 quae
3467 5384 3623 5427 extra
3671 5371 3973 5442 sepulcrum

2400 5453 2527 5494 sunt
2567 5441 2792 5510 prodiit,
2825 5442 3043 5495 vinctus
3067 5449 3264 5510 est,_ut
3308 5441 3435 5497 ante
3481 5441 3747 5505 diximus,
3788 5441 3969 5503 avita,

2401 5527 2501 5565 nec
2536 5508 2757 5580 prodire
2781 5520 2965 5578 potest
2992 5525 3024 5565 e
3052 5508 3330 5578 sepulcro,
3356 5514 3597 5580 quandiu
3634 5522 3720 5566 est
3741 5513 3930 5580 ligatus
3954 5527 3967 5563 :

2399 5595 2509 5636 tum
2546 5582 2813 5650 praecipit,
2847 5600 2866 5632 ι
2894 5590 3001 5636 etc.
3037 5580 3161 5634 Haec
3187 5582 3387 5646 partim
3422 5598 3455 5637 e
3495 5584 3693 5636 vitiosa
3747 5581 3971 5635 lectiune

2399 5651 2640 5719 profecta
2674 5649 2810 5711 eSse.
2846 5651 3049 5721 partim
3074 5649 3214 5721 male
3251 5666 3523 5706 conversa
3558 5653 3690 5705 mihi
3733 5650 3969 5721 certissi-

2398 5715 2545 5774 iuum
2581 5734 2681 5775 est.
2720 5715 3008 5775 Ferrarius
3034 5720 3251 5789 videtur
3298 5720 3494 5789 legisse
3530 5722 3757 5787 δέδεται,
3793 5715 3968 5782 καθὼς

2400 5792 2739 5863 προείρηται,
2777 5792 2874 5863 τὴν
2911 5790 3053 5861 ὄψιν,
3082 5800 3183 5845 etc.
3213 5788 3481 5847 HUE'ftth.
