3804 6540
74 436 177 494 697

1063 434 1427 492 COMMENT.
1472 433 1536 489 IN
1576 432 1776 493 JOAN.
1814 433 2053 492 TOMUS
2094 436 2327 496 XXVIII.

3233 437 3337 494 698

73 561 158 616 καὶ
198 558 298 621 τὰς
334 562 560 632 χεῖρας,
615 559 710 613 καὶ
746 556 1014 628 ἀποθῆται
1058 556 1120 609 τὸ
1165 556 1513 627 ἐπικείμενον
1565 555 1629 609 αὐ

1770 556 2043 624 manibus,
2077 573 2141 611 ac
2178 558 2428 629 deposuit
2463 556 2605 626 quod
2638 556 2950 624 impositum
2989 553 3155 625 379
3178 552 3335 608 faciei
3402 636 3405 639 Α

70 652 157 708 τοῦ
191 654 260 724 τῇ
291 652 414 721 ὄψει
441 651 707 723 κάλυμμα
736 649 1051 723 ἀφαιρεθὲν,
1079 647 1371 721 πορεύεται
1401 647 1655 720 τοιαύτην

69 744 308 816 πορείαν,
333 743 477 798 ὥστε
504 744 707 815 φθάσαι
728 743 890 796 αὑτὸν
918 742 1012 796 ἐπὶ
1038 742 1102 795 τὸ
1127 740 1227 795 ’ἐνα
1247 743 1343 796 καὶ
1371 739 1532 795 αὐτὸν
1563 757 1655 810 γε-

66 837 240 894 νέσθαι
269 837 384 890 τῶν
411 836 882 907 συνανακειμένων
912 834 990 906 τῷ
1029 833 1226 906 Ἰησοῦ.

128 930 179 982 7.
210 928 374 983 Μετὰ
395 930 553 983 τοῦτο
576 928 665 983 διὰ
693 928 755 982 τό
776 944 791 959 ’
833 945 853 979 ι
895 926 1152 998 Ἐξῆλθεν
1177 928 1207 980 ὁ
1230 926 1527 1000 τεθνηκὼς,
1561 928 1650 982 δε-

64 1020 283 1092 δεμένος
315 1024 449 1085 τοὺς
492 1023 658 1087 πόδας
704 1022 798 1075 καὶ
830 1020 930 1084 τὰς
972 1024 1161 1092 χεῖρας
1200 1020 1463 1092 κειρίαις,
1507 1039 1527 1072 ι
1558 1020 1650 1074 λε-

67 1115 233 1178 κτέον,
265 1116 353 1169 ὅτι
378 1114 610 1185 διαφορά
645 1116 760 1167 ἐστι
792 1114 887 1168 καὶ
920 1112 1028 1166 τῶν
1071 1111 1369 1184 δεδεμένων
1401 1115 1527 1179 τοὺς
1557 1115 1652 1169 πό-

65 1207 151 1272 δας
179 1208 274 1261 καὶ
307 1208 412 1270 τὰς
438 1209 656 1279 χεῖρας·
696 1206 791 1261 καὶ
819 1206 881 1260 οὐ
905 1205 1098 1260 ταύτόν
1130 1207 1246 1259 ἐστι
1281 1204 1392 1276 (82)
1416 1207 1515 1278 τὴν
1548 1207 1651 1279 ἀρ-

64 1299 153 1370 χὴν
172 1297 267 1352 τοῦ
293 1298 546 1354 δεδέσθαι
576 1299 640 1352 ἐκ
664 1296 758 1352 τοῦ
790 1296 1159 1355 νενεκοῶσθαι
1189 1296 1489 1367 εἰληφέναι,
1510 1293 1649 1349 ὥστε

66 1391 302 1454 καὶτοὺς
320 1391 562 1462 δεσμοὺς
585 1389 943 1462 ἐπιφέρεσθαι
970 1390 1031 1443 τὸ
1062 1390 1232 1460 ὄνομα
1263 1388 1364 1460 τῆς
1390 1389 1649 1462 νεκρότη-

62 1503 143 1551 τος
173 1484 294 1552 (νῦν
329 1484 444 1560 γὰρ
476 1486 531 1539 αἰ
579 1484 781 1557 κειρίαι
806 1484 1015 1556 νεκρῶν
1042 1487 1146 1539 εἰσι
1175 1482 1415 1553 δεσμοί),
1457 1482 1535 1553 τῷ
1565 1482 1651 1536 δε-

60 1576 233 1632 δέσθαι
260 1576 384 1647 (85)
410 1576 593 1648 κρίσει
622 1576 831 1647 Κυρίου
871 1575 1147 1645 γενέσθαι,
1176 1575 1273 1629 τοῦ
1309 1575 1650 1637 εἰσελθόντος

63 1670 360 1725 θεάσασθαι
382 1671 510 1734 τοὺς
525 1670 935 1741 ἀνακειμένους,
954 1668 1047 1723 καὶ
1075 1666 1277 1733 εἰδότος
1308 1668 1398 1722 τὸν
1417 1666 1490 1740 μὴ
1505 1666 1648 1721 ἐνδε-

58 1763 271 1834 δυμένον
300 1762 514 1835 ἔνδυμα
539 1761 739 1834 γάμου,
760 1761 855 1814 καὶ
872 1759 1001 1832 περὶ
1019 1758 1184 1813 αὐτοῦ
1211 1759 1470 1823 εἰπόντος·
1497 1779 1514 1809 ι
1545 1759 1647 1830 Δή-

62 1874 236 1921 σαντες
264 1856 442 1910 αὑτοῦ
478 1856 643 1921 πόδας
674 1855 767 1909 καί
795 1858 983 1926 χεῖρας
1014 1852 1273 1907 ἐκϐάλετε
1295 1852 1457 1906 αὑτὸν
1486 1853 1567 1916 εἰς
1585 1852 1646 1905 τὸ

62 1917 235 2011 σκότος
266 1948 334 2001 τὸ
372 1917 659 2020 ἐξώτερον.
699 1966 718 1999 ι
760 1917 917 2001 ’ἐστι
1056 1962 1109 1999 τι
1157 1946 1214 1998 ἐν
1245 1943 1324 2016 τῷ
1355 1943 1504 2015 τόπῳ
1527 1943 1643 1997 δεό-
1675 1917 1716 1972 Β

63 2056 208 2107 μενον
239 2038 600 2110 διακρίσεως,
616 2041 674 2092 ἐν
689 2035 767 2109 τῷ
787 2055 801 2068 σ
844 2057 863 2089 ι
901 2039 1011 2091 Καὶ
1040 2039 1073 2109 ἡ
1099 2035 1222 2107 ὃψις
1252 2034 1419 2090 αὑτοῦ
1455 2034 1643 2090 σουδα-

61 2130 144 2200 pit?
173 2131 540 2203 περιεδέδετο,
567 2150 585 2182 ι
613 2130 705 2185 καὶ
737 2132 795 2185 ἐν
829 2129 907 2202 τῷ
935 2129 1199 2201 κάλυμμα
1230 2128 1537 2182 ἐπικεῖσθαι
1566 2126 1645 2199 τῷ

58 2221 322 2295 προσώπῳ
354 2222 623 2288 Μωσέως,
680 2221 844 2293 ἡνίκα
872 2219 1051 2275 ἐλάλει
1073 2218 1153 2291 τῷ
1177 2217 1316 2290 λαῷο
1335 2219 1397 2272 τὸ
1424 2217 1643 2291 μὲνγὰρ

55 2313 396 2385 ἐκκεέμενον
429 2316 496 2386 τῇ
535 2313 655 2383 ws:
702 2311 799 2366 τοῦ
833 2310 1089 2382 Λαζάρου
1125 2307 1409 2380 σουδάριον
1450 2306 1644 2361 ἐκάλυ-

56 2421 171 2457 πτεν
218 2405 400 2458 αὐτοῦ
446 2403 861 2476 νενεκρωμένας
905 2402 1006 2468 τὰς
1037 2402 1255 2475 δράσεις
1277 2418 1289 2431 ·
1326 2400 1387 2453 τὸ
1424 2399 1479 2453 δὲ
1511 2401 1641 2454 Μω-

56 2497 176 2559 σέως
202 2497 483 2567 κάλυμμα
515 2497 634 2550 κατ’
666 2495 980 2567 οἰκονομίαν
1017 2490 1086 2569 ἦν
1119 2493 1197 2566 τῷ
1236 2492 1513 2566 προσώπῳ
1547 2493 1643 2547 αὑ-

56 2588 134 2641 τοῦ
173 2588 570 2661 περικείμενον
608 2588 695 2642 διὰ
742 2590 870 2652 τοὺς
925 2589 1000 2660 μὴ
1043 2586 1355 2659 χωροῦντας
1400 2585 1508 2640 ἀπὸ
1546 2584 1640 2639 τοῦ

55 2680 165 2732 λαοῦ
192 2683 395 2752 ἐνορᾷν
426 2685 493 2753 τῇ
519 2681 645 2755 δόξῃ
679 2680 867 2734 αὐτοῦ.
903 2681 1170 2751 Ζητήσεις
1197 2679 1254 2733 δέ
1285 2679 1412 2752 περὶ
1444 2678 1538 2732 τοῦ
1564 2678 1641 2751 μὴ

56 2772 393 2843 ἐνδεδυμένοι)
432 2773 544 2843 (84)
596 2773 799 2843 ἔνδυμα
840 2773 1053 2843 γάμου,
1098 2772 1227 2842 περὶ
1279 2765 1340 2826 οὗ
1387 2770 1635 2843 εἴρηται·

58 2884 74 2915 ι
106 2867 378 2935 Δήσαντες
404 2865 568 2918 αὐτὸν
604 2864 780 2918 ποδῶν
809 2863 1146 2936 καὶ·χειρῶν,
1181 2864 1441 2918 ἐκϐάλετε
1478 2864 1640 2919 αὐτὸν

56 2958 119 3019 εἰς
162 2957 219 3009 τὸ
272 2957 475 3021 σκότος
522 2957 584 3011 τὸ
621 2955 919 3027 ἐξώτερον,
964 2976 984 3009 ι
1040 2957 1268 3029 πότερον
1313 2958 1488 3012 εἰσαεὶ
1542 2955 1640 3029 μέ-

54 3066 119 3100 νει
151 3049 258 3121 (85)
308 3048 599 3120 δεδεμένος
621 3088 636 3112 ,
676 3049 772 3102 καὶ
812 3051 870 3103 ἐν
920 3048 998 3120 τῷ
1031 3048 1280 3122 ἐξωτὲρῳ
1338 3049 1514 3121 σκότῳ
1555 3049 1638 3118 (ού

56 3140 149 3212 γὰρ
183 3142 513 3215 πρόσκειται
542 3141 601 3195 τὺ
622 3183 637 3205 ,
672 3162 690 3194 ι
726 3143 805 3205 εἰς
825 3141 915 3196 τὸν
941 3141 1114 3195 αἰῶνα
1139 3182 1153 3206 ,
1196 3161 1213 3194 ι
1248 3141 1314 3212 ἦ,
1356 3160 1376 3194 α
1406 3142 1488 3207 είς
1511 3143 1639 3206 τοὺς

1756 666 1870 706 sua:
1898 651 2291 719 operimentum
2312 651 2512 713 fuerat.
2532 649 2769 705 instituit
2795 651 2899 704 iter
2928 647 3055 713 tale,
3082 656 3143 701 ut
3169 650 3333 701 etiam

1757 742 1873 812 ipse
1889 757 1955 798 eo
1971 743 2283 813 perveniat.
2313 752 2371 798 ut
2388 743 2459 799 sit
2478 757 2623 799 unus
2643 757 2712 798 ex
2735 740 3187 797 accumbentibus
3211 754 3334 794 cum

1752 832 1900 890 Jesu.

1824 925 1878 980 7.
1909 925 2028 983 Jam
2064 936 2287 998 propter
2311 926 2486 983 illud:
2523 945 2543 979 ι
2568 925 2782 982 Prodiit
2812 927 2902 998 qui
2936 935 3183 982 mortuus
3215 924 3333 978 fue-

1752 1030 1862 1085 rat,
1873 1020 2085 1076 vinctos
2097 1021 2303 1076 habens
2320 1022 2484 1090 pedes
2497 1031 2552 1075 et
2569 1034 2760 1075 manus
2774 1019 2961 1077 fasciis
2978 1018 3293 1080 funereis”,
3305 1037 3326 1071 ι

1752 1112 2041 1167 dicendum
2087 1123 2172 1168 est
2210 1111 2578 1169 differentiam
2622 1128 2743 1170 esse
2775 1114 2920 1168 inter
2947 1128 3044 1168 eos
3077 1114 3168 1184 qui
3210 1114 3333 1168 vin-

1752 1213 1868 1260 ctos
1889 1207 2095 1264 habent
2108 1205 2271 1276 pedes
2301 1217 2356 1261 et
2391 1221 2618 1273 manus;
2660 1221 2759 1262 nec
2785 1207 2927 1262 idem
2952 1222 3074 1262 esse
3098 1206 3333 1274 cmpisse

1750 1294 1911 1366 ligari
1966 1297 2036 1352 ob
2084 1296 2560 1352 mortiﬁcationem
2613 1298 2780 1371 (nunc
2839 1311 3077 1368 namque
3123 1298 3331 1369 κειρίαι

1751 1386 1960 1441 vincula
2001 1398 2330 1442 mortuorum
2364 1388 2718 1459 significant),
2773 1400 2830 1446 et
2885 1391 3107 1462 ligatum
3156 1389 3329 1444 luisse

1746 1479 1953 1546 judicio
1991 1482 2227 1548 Domini,
2270 1481 2363 1551 qui
2418 1483 2700 1553 ingressus
2745 1494 2808 1538 ut
2848 1483 3058 1539 videret
3111 1498 3331 1538 accum-

1750 1574 1969 1640 bentes,
1999 1590 2124 1630 cum
2159 1576 2386 1632 vidisset
2419 1590 2524 1632 non
2559 1577 2848 1634 habentem
2882 1587 3089 1631 vestem
3116 1576 3330 1644 nuptia-

1749 1664 1878 1731 lem,
1908 1669 1975 1720 de
2007 1681 2075 1722 eo
2102 1667 2277 1723 dixit:
2320 1686 2339 1722 ι
2375 1668 2589 1740 Ligatis
2625 1669 2772 1725 illius
2797 1669 3022 1738 pedibus
3055 1679 3112 1723 et
3152 1669 3329 1721 mani-

1748 1758 1869 1824 bus,
1902 1759 2083 1829 ejicite
2103 1774 2226 1814 eum
2249 1762 2303 1815 in
2331 1763 2587 1818 tenebras
2618 1761 2921 1816 exteriores
2944 1760 3047 1816 ⁸⁸.»
3103 1759 3328 1831 Insuper

1750 1849 1852 1903 hoc
1882 1850 1933 1903 in
1970 1850 2094 1905 loco
2125 1860 2210 1906 est
2245 1852 2493 1908 nonnihil
2540 1853 2684 1923 quod
2729 1863 2888 1923 egeat
2926 1851 3322 1921 inquisitione;

1746 1956 1942 2012 nempe
1960 1944 2083 1996 dum
2099 1943 2299 1998 dicitur
2314 1943 2507 1999 Lazari
2530 1963 2550 1996 ι
2574 1945 2768 2000 faciem
2784 1944 3003 2000 sudario
3015 1942 3323 1998 obvinctam

1744 2032 1913 2088 fuisse
1932 2034 2023 2099 δι’,
2052 2053 2071 2086 ι
2100 2044 2155 2089 et
2186 2036 2430 2091 velamen
2450 2037 2760 2107 impositum
2789 2035 2946 2091 faciei
2962 2036 3323 2109 Moysis,cum

1744 2125 2001 2195 populum
2026 2127 2480 2197 alloqueretur”.
2514 2128 2829 2200 Impositum
2853 2143 3090 2199 namque
3125 2125 3321 2182 Lazari

1744 2217 1901 2273 faciei
1935 2220 2215 2275 sudarium
2238 2222 2453 2292 tegebat
2483 2221 2630 2278 illius
2665 2223 3019 2278 mortiﬁcatas
3043 2222 3319 2285 visiones;

1742 2321 1798 2365 at
1833 2327 1962 2367 vero
1994 2311 2195 2385 Moysis
2213 2314 2457 2369 velamen
2481 2332 2578 2386 per
2606 2315 2963 2371 meonomiam
2988 2313 3144 2369 faciei
3175 2312 3324 2367 illius

1743 2404 2054 2474 impositum
2082 2415 2222 2470 erat,
2251 2408 2319 2462 ob
2354 2408 2475 2462 illos
2508 2423 2570 2461 ex
2602 2406 2800 2477 popqu
2832 2408 2922 2477 qui
2951 2406 3176 2477 gloriam
3206 2403 3323 2458 vnl-

1744 2506 1829 2552 tus
1866 2496 1987 2569 ejus
2024 2498 2223 2553 intueri
2257 2513 2366 2555 non
2422 2508 2694 2569 poterant.
2756 2497 2861 2553 Sed
2907 2512 3121 2568 quaeres
3157 2496 3223 2551 de
3256 2509 3323 2550 eo

1741 2587 1835 2660 qui
1859 2603 1966 2642 non
2002 2588 2225 2643 indutus
2261 2597 2380 2642 erat
2406 2600 2555 2643 veste
2585 2589 2836 2660 nuptiali.
2870 2588 2936 2644 de
2976 2604 3083 2658 quo
3116 2587 3349 2642 dictum'

1740 2688 1822 2733 est
1858 2695 1873 2732 :
1915 2699 1933 2731 ι
1967 2677 2174 2746 Ligatis
2202 2678 2345 2733 illius
2369 2681 2617 2736 manibus
2643 2689 2695 2734 et
2724 2680 2970 2749 pedibus,
2992 2679 3172 2748 ejicite
3197 2691 3322 2730 eum

1742 2768 1795 2822 in
1839 2768 2092 2823 tenebras
2132 2770 2433 2824 exteriores
2459 2769 2525 2836 ",
2556 2788 2575 2821 ι
2609 2779 2790 2823 utrum
2817 2781 3076 2839 perpetuo
3105 2775 3323 2821 maneat

1739 2859 1981 2926 vinctus,
2011 2871 2067 2917 et
2103 2862 2156 2916 in
2191 2863 2433 2918 tenebris
2468 2862 2835 2917 exterioribus
2868 2864 3001 2933 (non
3048 2859 3194 2914 enim
3226 2859 3323 2912 ad-

1740 2952 1889 3008 ditur
1919 2952 2243 3009 vocabulnm
2276 2952 2448 3017 illud,
2487 2972 2506 3005 ι
2552 2955 2603 3006 in
2657 2952 2936 3017 saeculum,
2965 2971 2983 3002 ο
3038 2950 3124 3005 vel
3152 2988 3167 3015 ,
3212 2968 3231 3001 ι
3265 2948 3319 3003 in

1740 3050 1938 3106 arcula
1966 3050 2035 3122 ι),
2076 3067 2143 3105 an
2180 3050 2471 3121 aliquando
2526 3046 2822 3103 solvendus
2868 3045 2981 3109 sit;
3033 3058 3140 3097 non
3173 3040 3323 3096 enim

1741 3153 1968 3213 apparet
2005 3158 2070 3198 ex
2121 3142 2207 3198 bis
2260 3158 2382 3213 qua:
2426 3140 2494 3195 de
2550 3140 2668 3210 ipso
2721 3139 3001 3200 dicuntur,
3053 3135 3319 3203 scriptum

56 3231 238 3296 αἰῶνας
260 3233 305 3304 ),
348 3252 370 3283 ι
407 3232 441 3305 ἢ
472 3232 766 3304 λυθήσεται
795 3250 925 3286 ποτε
946 3250 959 3263 ·
987 3233 1048 3287 οὐ
1077 3231 1186 3305 γὰρ
1218 3234 1537 3305 ἐμφαίνεται
1573 3236 1629 3288 ἐκ

1757 3229 1913 3288 inisse
1942 3230 2010 3285 de
2045 3230 2228 3286 futura
2259 3231 2377 3301 ejus
2408 3230 2776 3295 liberatione;
2834 3242 2933 3282 nec
2978 3225 3109 3280 mihi
3142 3231 3320 3277 tntum

53 3321 136 3391 τῆς
162 3325 295 3395 περὶ
331 3323 501 3377 αὑτοῦ
531 3322 731 3389 λέξεως
766 3323 833 3378 τὰ
867 3324 996 3394 περί
1021 3324 1341 3389 ἀπολύσεως
1368 3325 1651 3403 ἐσομένης.

57 3416 411 3487 γεγραμμένα
440 3417 569 3488 περί
594 3415 759 3471 αὑτοῦ
777 3432 791 3446 ’
823 3417 884 3470 ού
913 3416 1060 3470 δοκεῖ
1081 3416 1138 3470 δέ
1168 3434 1257 3488 μοι
1288 3418 1528 3487 ἀσφαλὲς
1560 3413 1637 3471 εἰ·

54 3522 126 3557 ναι
156 3508 232 3578 μὴ
268 3507 654 3562 καταλαϐόντα
685 3507 991 3572 ότιποτοῢν,
1038 3508 1275 3580 μάλιστα
1300 3508 1378 3581 τῷ
1428 3509 1505 3582 μὴ
1544 3527 1637 3581 γε-

55 3598 277 3667 γράφθαι
308 3597 442 3671 περὶ
480 3599 647 3654 αὐτοῦ
673 3642 688 3665 ,
720 3602 1123 3674 ἀποφήνασθαι.
1162 3604 1426 3675 Ζητήσεις
1453 3603 1511 3657 δὲ
1547 3603 1635 3658 διά

55 3691 129 3742 τό·
161 3712 178 3743 ι
218 3693 395 3761 Λέγει
440 3693 647 3764 Ἰησοῦς
670 3695 880 3758 αὐτοῖς’
944 3695 1157 3748 Λύσατε
1185 3695 1346 3749 αὑτὸν
1367 3738 1382 3763 ,
1425 3715 1445 3749 ι
1471 3697 1633 3762 τίσιν,

55 3784 257 3850 sitsic;
300 3785 432 3857 οὔτε
475 3786 584 3858 γὰρ
624 3788 707 3840 ὅτι
745 3786 1013 3857 μαθηταῖς
1042 3787 1478 3859 ἀναγέγραπται,
1521 3788 1634 3842 οὔθ⁹

52 3878 121 3930 ὅτι
146 3878 219 3950 τῷ
254 3863 591 3950 περιεστῶτι
616 3878 779 3951 ὄχλῳ,
805 3878 920 3932 ἀλλ’
954 3880 1074 3933 ούδέ
1103 3880 1183 3933 ὅτι
1209 3883 1321 3944 τοῖς
1352 3879 1491 3952 μετά
1516 3882 1636 3934 Μα-

56 3970 157 4039 ρίας
195 3968 322 4025 οὖσι
370 3969 678 4036 Ἰουδαίοις,
727 3970 822 4024 καί
864 3969 1381 4043 παραμυθουμένοις
1421 3971 1593 4042 αὐτήν
1616 3985 1631 4000 ⁸

54 4061 336 4135 ὑπονοῆσαι
381 4061 428 4116 δ’
475 4063 542 4117 ἄν
573 4079 659 4126 τις
704 4062 794 4115 διά
823 4063 916 4117 τό·
956 4080 976 4114 ι
1016 4061 1271 4131 ’Ἄγγελοι
1305 4061 1631 4135 προσῆλθον,

55 4154 131 4205 καὶ
148 4153 433 4225 διηκόνουν
455 4153 625 4225 αύτῷ,
646 4154 742 4207 καὶ
773 4153 861 4208 διὰ
887 4153 989 4227 τὴν
1020 4153 1161 4207 κατά
1190 4152 1283 4205 τὸν
1311 4152 1475 4206 τόπον
1504 4153 1636 4206 ἀνα-

55 4245 241 4315 γωγὴν,
280 4246 370 4298 ὅτι
411 4244 622 4316 μήποτε
662 4244 938 4308 κάκείνοις
983 4243 1207 4297 δύναται
1266 4242 1517 4314 εἰρῆσθαι
1549 4243 1630 4297 τόο

59 4336 310 4390 ιΛύσατε
355 4335 540 4399 αὐτὸν,
582 4336 677 4389 καὶ
715 4334 883 4404 ἄφετε
920 4333 1084 4389 αὐτὸν
1126 4333 1378 4402 ὑπάγειν.
1422 4351 1443 4385 ι

112 4425 160 4481 8.
193 4427 318 4480 Ἔτι
355 4425 505 4498 ζητῶ
538 4428 586 4480 εἰ
618 4425 976 4499 πεπλήρωκεν
1004 4428 1033 4479 ὁ
1061 4424 1264 4496 Ἰησοῦς
1293 4423 1356 4478 τὸ
1381 4424 1637 4496 ἐπιφερό-

58 4532 200 4589 μενον
227 4518 346 4591 τῷ·
380 4538 399 4571 ι
430 4518 680 4593 Λάζαρος
701 4520 730 4572 ὁ
756 4519 907 4589 φίλος
931 4517 1089 4589 ἡμῶν
1114 4517 1460 4589 κεκοίμηται,
1491 4536 1509 4569 ι
1540 4516 1630 4569 τόο

1740 3336 1865 3379 esse
1894 3323 2111 3379 videtur
2136 3322 2205 3378 de
2227 3323 2410 3394 aliquo
2439 3322 2798 3394 pronuntiare
2839 3319 2982 3391 quod
3038 3325 3322 3371 assecutus

1738 3433 1847 3475 non
1887 3418 2078 3486 fueris,
2118 3420 2422 3491 praesertim
2458 3435 2583 3474 cum
2631 3416 2833 3471 litteris
2880 3431 2984 3469 non
3024 3415 3097 3468 sit
3134 3411 3185 3466 id
3216 3426 3318 3465 ex-

1738 3524 2007 3581 pressum.
2036 3509 2258 3577 Quaeres
2288 3520 2578 3582 praeterea,
2602 3524 2669 3565 eo
2708 3508 2853 3577 quod
2884 3506 3032 3561 dicat
3056 3503 3216 3559 Jesus
3238 3502 3324 3572 lp-

1736 3603 1838 3669 sis,
1872 3623 1891 3656 ι
1930 3602 2141 3659 Solvite
2166 3621 2313 3670 eum,
2341 3623 2359 3656 ι
2398 3603 2623 3674 quinam
2651 3602 2763 3657 sint
2794 3601 2849 3656 bi
2879 3600 2977 3669 ipsi
3012 3597 3212 3669 quibus
3235 3596 3321 3651 di-

1735 3697 1818 3750 xit
1834 3714 1847 3749 :
1866 3710 2044 3766 neque
2060 3696 2205 3750 enim
2224 3694 2528 3766 discipulis,
2544 3708 2718 3764 neque
2736 3689 3110 3747 circumstanti
3130 3687 3320 3754 turbaa,

1736 3803 1801 3843 ac
1826 3802 1894 3841 ne
1922 3787 2120 3842 ludatis
2151 3787 2373 3856 quidem
2404 3788 2495 3854 qui
2527 3801 2648 3841 cum
2683 3783 2851 3838 Maria
2895 3792 3075 3849 erant,
3121 3782 3323 3849 quique

1735 3896 1856 3936 eam
1886 3882 2336 3944 consolabantur,
2368 3881 2634 3950 scriptum
2678 3887 2764 3933 est
2792 3894 2915 3932 eum
2959 3877 3190 3941 dixisse;
3225 3874 3322 3927 sed

1736 3971 1969 4028 fortasse
1997 3973 2196 4042 aliquis
2236 3983 2460 4043 propter
2501 3982 2813 4026 contextum
2845 3970 3026 4023 illum:
3070 3987 3088 4018 ι
3125 3969 3323 4020 Arces-

1734 4075 1927 4119 sernnt
1957 4064 2163 4135 angeli.
2212 4073 2269 4118 et
2318 4061 2710 4116 ministrabant
2760 4061 2806 4114 ei
2838 4060 2946 4119 ⁸⁷.»
3003 4071 3059 4114 et
3103 4064 3323 4125 propter

1736 4170 1958 4213 sensum
2008 4156 2369 4226 anagogicum
2425 4154 2586 4225 hujus
2636 4154 2737 4208 loci
2798 4152 3165 4223 suspicabitur
3215 4148 3323 4202 illis

1734 4248 1901 4304 etiam
1923 4247 2129 4304 dictum
2161 4247 2331 4303 videri
2360 4262 2554 4319 posse:
2591 4265 2610 4297 ι
2642 4244 2851 4300 Solvite
2892 4258 3042 4310 eum,
3071 4251 3125 4297 et
3157 4239 3323 4295 sinite

1735 4352 1907 4393 amre.
1922 4357 1945 4392 ν
3058 4371 3064 4378 .

1770 4339 1974 4499 Ἔἓό
1992 4427 2048 4484 8.
2086 4426 2274 4483 Adhuc
2310 4443 2497 4499 quaero
2544 4442 2612 4481 an
2667 4426 2979 4497 impleverit
3025 4424 3185 4481 Jesus
3214 4425 3325 4480 hoc

1735 4521 1941 4575 dictum
1974 4539 1989 4575 :
2033 4537 2053 4571 ι
2081 4521 2185 4575 Sed
2215 4521 2373 4584 vado,
2403 4530 2462 4575 ut
2489 4535 2518 4573 a
2558 4535 2754 4574 somno
2791 4520 3027 4574 excitem
3058 4533 3183 4574 eum
3205 4516 3276 4581 ⁸⁸,
3296 4534 3317 4568 ι

61 4628 75 4659 ι
104 4612 255 4665 Ἀλλά
288 4610 616 4683 πορεύομαι,
645 4611 735 4665 ἵνα
769 4610 1040 4676 ἐξυπνίσω
1070 4610 1230 4664 αὐτόν
1250 4630 1267 4643 ·
1293 4627 1312 4661 ι
1365 4609 1629 4680 ἐφίστημι

1757 4612 1877 4683 [uod
1916 4612 1991 4665 illi
2021 4612 2398 4682 subiungitur:
2433 4629 2455 4664 ι
2480 4611 2725 4667 Lazarus
2755 4610 2964 4664 amicus
2986 4618 3173 4664 noster
3194 4607 3319 4662 dor-

55 4698 132 4755 οὖν
171 4707 385 4774 μήποτε
442 4705 500 4757 ἐν
548 4704 627 4775 τῷ
679 4703 960 4776 εἰρηκέναι
999 4704 1164 4757 αὐτὸν
1213 4704 1363 4773 φωνῇ
1416 4701 1626 4773 μεγάλη

58 4799 431 4865 ιραυγὰσαντα
451 4813 466 4826 ο
503 4815 522 4846 ι
552 4794 971 4867 Δάζαρε,δεῦρο
995 4794 1101 4861 ἔξω
1119 4811 1137 4828 ·
1173 4813 1191 4847 ι
1225 4796 1258 4864 ἡ
1284 4793 1392 4864 γὰρ
1417 4792 1625 4865 μεγάλη

59 4882 189 4954 φωνὴ
218 4882 315 4936 καὶ
340 4886 374 4953 ἡ
403 4883 618 4953 κραυγὴ
650 4883 750 4936 οὐκ
776 4881 841 4936 ἀν
869 4882 1088 4947 ἀτόπως
1104 4881 1314 4952 λέγοιτο
1345 4881 1631 4948 ἐξυπνικέ-

62 4984 134 5021 ναι
164 4973 348 5025 αὐτόν’
427 4972 519 5025 καί
543 4975 590 5026 εἰ
618 4973 698 5026 δεῖ
719 4972 977 5026 δύνασθαι
1002 4971 1385 5045 ἀποφήνασθαι
1417 4972 1475 5025 ἐν
1505 4972 1629 5026 τού-

58 5073 123 5129 τῳ
160 5062 362 5130 μᾶλλον
397 5062 787 5136 πεπληρῶσθαι
826 5064 922 5118 τό*
958 5087 975 5115 ι
1013 5064 1359 5135 Πορεύομαι,
1394 5062 1480 5116 ἴνα
1514 5064 1629 5130 ἐξυ-

60 5152 213 5205 πνίσω
238 5153 459 5219 absim,»
493 5154 638 5227 ἥπερ
670 5156 728 5208 ἐν
757 5154 838 5226 τῷ
864 5154 965 5226 τῆς
984 5155 1153 5227 εὐχῆς
1178 5153 1274 5209 τοῦ
1305 5152 1437 5207 Υἱοῦ
1456 5152 1623 5207 ἀκού-

119 5341 160 5371 ¹¹⁸
203 5341 338 5395 Joan
407 5357 482 5398 ιι,
519 5340 610 5395 44.

58 5407 293 5466 I"llatth.
320 5428 393 5475 iv,
417 5412 502 5465 ll.
577 5412 624 5445 ⁸⁸
650 5411 808 5467 Joan.
837 5428 913 5479 xi,
944 5413 1031 5467 ll.

120 5570 234 5641 (82)
263 5570 449 5627 Codex
480 5569 832 5637 Bodleianus,
848 5582 1020 5638 recte,
1051 5571 1147 5626 xui.
1172 5571 1235 5626 ού
1265 5571 1463 5625 ταύτόν
1485 5572 1622 5626 ἐστι’

64 5638 269 5710 Regius,
302 5641 500 5695 ταύτόν
527 5644 665 5707 ἐστι,
698 5640 855 5697 male.

121 5712 231 5782 (ᾧ)
255 5711 555 5766 Δεδέσθαε.
587 5711 875 5767 Ferrarius
908 5711 1120 5782 legebat
1150 5710 1448 5782 δεδεμένον.

125 5778 234 5853 (86)
262 5781 441 5853 codex
474 5782 819 5847 Bodleianus,
848 5778 1018 5846 recte,
1062 5781 1137 5853 μὴ
1161 5778 1529 5853 ἐνδεδυμένον.
1566 5781 1621 5837 In

67 5850 292 5925 editione
319 5851 495 5925 linetii
519 5855 671 5906 deest
702 5854 798 5925 μή.

134 5920 246 5993 (85)
276 5923 534 5992 Πότερον
558 5920 744 5978 εἰσαεὶ
765 5920 775 5925 ’
783 5924 975 5995 μένει.
1013 5923 1102 5979 Sic
1134 5924 1297 5980 habet
1327 5925 1498 5981 codex
1514 5922 1622 5979 Bo-

716 5343 763 5374 “
802 5340 993 5396 Matth.
1026 5358 1161 5408 xxii,
1198 5312 1314 5398 15..
1388 5343 1456 5376 ⁸⁸⁸
1487 5342 1623 5399 Joan

1757 5344 1887 5403 .44.
1983 5345 2032 5377 ⁸⁸
2078 5345 2248 5400 Exod.
2286 5361 2478 5413 xxxiv,
2522 5346 2616 5402 E3.

1737 4706 1891 4759 init.»
1931 4702 2113 4774 Itaque
2145 4703 2377 4774 inspicio
2411 4717 2479 4758 an
2517 4702 2662 4771 forte
2692 4702 2970 4771 expletum
3001 4697 3169 4753 fuerit
3215 4696 3321 4752 hoc

1735 4795 1980 4850 dictum:
2023 4815 2043 4848 ι
2078 4796 2257 4860 Vado,
2288 4806 2347 4850 nt
2377 4812 2406 4850 a
2446 4810 2638 4851 somno
2676 4796 2910 4849 excitem
2958 4805 3138 4852 eum,»
3192 4801 3319 4841 cum

1734 4884 1895 4941 Jesus
1927 4901 2061 4941 voce
2100 4902 2297 4956 magna
2331 4888 2580 4941 clamans
2614 4884 2792 4939 dixit:
2837 4902 2856 4934 ι
2895 4881 3123 4945 Lazare,
3162 4875 3321 4947 prodi

1735 4975 1919 5041 foras;
1957 4995 1976 5028 ι
2020 4993 2147 5031 nam
2174 4992 2279 5032 vox
2317 4993 2533 5048 magna,
2565 4987 2620 5029 et
2660 4975 2889 5037 clamor,
2926 4986 3037 5025 non
3083 4967 3321 5024 absurde

1736 5067 1949 5122 dicetur
1994 5071 2267 5124 excitasse
2314 5084 2463 5123 eum.
2518 5066 2756 5136 InSpicio
2801 5068 2966 5117 etiam
3021 5078 3089 5116 an
3142 5062 3322 5132 possis

1733 5160 2020 5216 enuntiare
2037 5162 2090 5214 in
2117 5162 2217 5217 hoc
2241 5164 2413 5232 magis
2430 5160 2707 5230 impletum
2734 5156 2900 5211 fuisse
2921 5155 3085 5211 illud:
3106 5173 3127 5208 ι
3149 5154 3321 5221 Vado,

2726 5343 2776 5376 ⁸⁸
2799 5342 2990 5397 Matth.
3059 5352 3197 5405 xxn,
3231 5335 3316 5391 1'5.

1741 5568 2012 5623 dleianus.
2028 5566 2085 5620 lo
2116 5565 2356 5621 editione
2370 5563 2552 5619 lluetii
2568 5564 2721 5618 deest
2744 5561 2994 5632 πότερον,
3019 5556 3320 5632 et_legitur,

1738 5640 1789 5692 εἰ
1829 5638 1919 5692 ἀεὶ
1962 5637 2137 5709 μένει.
2164 5635 2235 5691 Ut
2268 5644 2471 5709 ut_est,
2507 5632 2854 5709 videtnr_hoc
2880 5626 3023 5694 'locp
3060 5626 3322 5709 Origenes

1739 5697 2145 5778 aliquantisper
2187 5697 2512 5779 recedere'a
2549 5702 2868 5779 pervulgata
2899 5716 2996 5756 sua
3022 5697 3320 5779 et_absona

1736 5768 2188 5845 scnieutiafquze
2211 5768 2594 5845 damnatorum
2631 5768 2807 5845 pinnis
2836 5772 3000 5845 finem
3027 5768 3319 5845 aliquando

1734 5839 2055 5916 impositum
2088 5839 2175 5901 'iri
2225 5846 2494 5905 decernit.
2521 5842 2578 5900 ld
2618 5839 2685 5901 ex
2720 5841 2976 5898 instituto
3015 5839 3318 5911 disputatur

1734 5919 1789 5974 in
1823 5918 2183 5989 Origenianis.
