  <div class='ocr_page' id='page_1' title='image "/cluster/home/n/w/nwhite01/storage/ocr_20150623/14/hvd.32044024333478/357.png"; bbox 0 0 4082 6564; ppageno 0'>
   <div class='ocr_carea' id='block_1_1' title="bbox 54 72 348 6340">
    <p class='ocr_par' dir='ltr' id='par_1_1' title="bbox 97 263 264 6088">
     <span class='ocr_line' id='line_1_1' title="bbox 143 263 264 290; baseline 0 -6"><span class='ocrx_word' id='word_1_1' title='bbox 143 263 150 290; x_wconf 77' lang='grc' dir='ltr'><strong>ι</strong></span> <span class='ocrx_word' id='word_1_2' title='bbox 261 281 264 284; x_wconf 84' lang='grc'>.</span> 
     </span>
     <span class='ocr_line' id='line_1_2' title="bbox 149 503 170 568; baseline 0 -24"><span class='ocrx_word' id='word_1_3' title='bbox 149 503 170 568; x_wconf 77' lang='grc' dir='ltr'><strong>ξ.</strong></span> 
     </span>
     <span class='ocr_line' id='line_1_3' title="bbox 149 641 158 678; baseline 0 0"><span class='ocrx_word' id='word_1_4' title='bbox 149 641 158 678; x_wconf 74' lang='lat' dir='ltr'><strong>i</strong></span> 
     </span>
     <span class='ocr_line' id='line_1_4' title="bbox 97 689 156 742; baseline 0 0"><span class='ocrx_word' id='word_1_5' title='bbox 97 689 156 742; x_wconf 81' lang='lat' dir='ltr'><strong>.i</strong></span> 
     </span>
     <span class='ocr_line' id='line_1_5' title="bbox 147 745 158 806; baseline 0 0"><span class='ocrx_word' id='word_1_6' title='bbox 147 745 158 806; x_wconf 67' lang='grc' dir='ltr'>Ξ</span> 
     </span>
     <span class='ocr_line' id='line_1_6' title="bbox 149 833 152 856; baseline 0 0"><span class='ocrx_word' id='word_1_7' title='bbox 149 833 152 856; x_wconf 96' lang='grc' dir='ltr'><strong>Ι</strong></span> 
     </span>
     <span class='ocr_line' id='line_1_7' title="bbox 225 1355 234 1444; baseline 0 0"><span class='ocrx_word' id='word_1_8' title='bbox 225 1355 234 1444; x_wconf 73' lang='grc' dir='ltr'><strong>ἰ</strong></span> 
     </span>
     <span class='ocr_line' id='line_1_8' title="bbox 163 1635 242 1700; baseline 0 0"><span class='ocrx_word' id='word_1_9' title='bbox 163 1635 242 1700; x_wconf 69' lang='grc' dir='ltr'><strong>εξ</strong></span> 
     </span>
     <span class='ocr_line' id='line_1_9' title="bbox 127 1707 242 1740; baseline 0 0"><span class='ocrx_word' id='word_1_10' title='bbox 127 1707 242 1740; x_wconf 78' lang='grc' dir='ltr'><strong><em>τ</em></strong></span> 
     </span>
     <span class='ocr_line' id='line_1_10' title="bbox 125 1949 238 2018; baseline -0.018 -3"><span class='ocrx_word' id='word_1_11' title='bbox 125 1949 238 2018; x_wconf 61' lang='grc' dir='ltr'><strong>,ᾖῖ</strong></span> 
     </span>
     <span class='ocr_line' id='line_1_11' title="bbox 121 2025 240 2091; baseline -0.008 0"><span class='ocrx_word' id='word_1_12' title='bbox 121 2025 240 2091; x_wconf 49' lang='lat' dir='ltr'><strong>iii</strong></span> 
     </span>
     <span class='ocr_line' id='line_1_12' title="bbox 123 2099 242 2140; baseline 0 -24"><span class='ocrx_word' id='word_1_13' title='bbox 123 2099 242 2140; x_wconf 45' lang='grc' dir='ltr'>,ιφ</span> 
     </span>
     <span class='ocr_line' id='line_1_13' title="bbox 155 2187 240 2242; baseline 0 -14"><span class='ocrx_word' id='word_1_14' title='bbox 155 2187 240 2242; x_wconf 70' lang='grc' dir='ltr'>ιτ</span> 
     </span>
     <span class='ocr_line' id='line_1_14' title="bbox 159 2409 240 2430; baseline 0 0"><span class='ocrx_word' id='word_1_15' title='bbox 159 2409 164 2424; x_wconf 76' lang='grc' dir='ltr'><em>ι</em></span> <span class='ocrx_word' id='word_1_16' title='bbox 237 2423 240 2430; x_wconf 96' lang='grc'>.</span> 
     </span>
     <span class='ocr_line' id='line_1_15' title="bbox 127 2667 132 2682; baseline 0 0"><span class='ocrx_word' id='word_1_17' title='bbox 127 2667 132 2682; x_wconf 65' lang='grc' dir='ltr'><strong>ι</strong></span> 
     </span>
     <span class='ocr_line' id='line_1_16' title="bbox 127 3385 136 3400; baseline 0 0"><span class='ocrx_word' id='word_1_18' title='bbox 127 3385 136 3400; x_wconf 61' lang='grc' dir='ltr'><strong><em>π</em></strong></span> 
     </span>
     <span class='ocr_line' id='line_1_17' title="bbox 109 4325 246 4346; baseline 0 -6"><span class='ocrx_word' id='word_1_19' title='bbox 109 4325 114 4346; x_wconf 82' lang='lat'><strong>.</strong></span> <span class='ocrx_word' id='word_1_20' title='bbox 243 4335 246 4340; x_wconf 95' lang='lat'><strong>.</strong></span> 
     </span>
     <span class='ocr_line' id='line_1_18' title="bbox 97 5399 210 5474; baseline 0 -52"><span class='ocrx_word' id='word_1_21' title='bbox 97 5399 106 5474; x_wconf 57' lang='grc' dir='ltr'>ἐ</span> <span class='ocrx_word' id='word_1_22' title='bbox 207 5415 210 5422; x_wconf 66' lang='grc' dir='ltr'><strong>ι</strong></span> 
     </span>
     <span class='ocr_line' id='line_1_19' title="bbox 99 5481 222 5506; baseline 0 0"><span class='ocrx_word' id='word_1_23' title='bbox 99 5481 108 5498; x_wconf 70' lang='grc'><strong><em>⁵</em></strong></span> <span class='ocrx_word' id='word_1_24' title='bbox 217 5503 222 5506; x_wconf 98' lang='grc'>.</span> 
     </span>
     <span class='ocr_line' id='line_1_20' title="bbox 99 5509 108 5554; baseline 0 0"><span class='ocrx_word' id='word_1_25' title='bbox 99 5509 108 5554; x_wconf 73' lang='grc' dir='ltr'><strong>ι</strong></span> 
     </span>
     <span class='ocr_line' id='line_1_21' title="bbox 101 5555 246 5594; baseline 0 0"><span class='ocrx_word' id='word_1_26' title='bbox 101 5555 110 5594; x_wconf 62' lang='grc' dir='ltr'><strong>ς</strong></span> 
     </span>
     <span class='ocr_line' id='line_1_22' title="bbox 107 5897 222 5938; baseline -0.017 0"><span class='ocrx_word' id='word_1_27' title='bbox 107 5897 116 5938; x_wconf 70' lang='lat' dir='ltr'>f</span> <span class='ocrx_word' id='word_1_28' title='bbox 215 5929 222 5936; x_wconf 92' lang='lat'><strong>.</strong></span> 
     </span>
     <span class='ocr_line' id='line_1_23' title="bbox 111 5973 246 6024; baseline 0 -20"><span class='ocrx_word' id='word_1_29' title='bbox 111 5977 116 6004; x_wconf 83' lang='grc' dir='ltr'><strong>Ι</strong></span> <span class='ocrx_word' id='word_1_30' title='bbox 207 5973 246 6024; x_wconf 44' lang='grc'><strong>.’</strong></span> 
     </span>
     <span class='ocr_line' id='line_1_24' title="bbox 111 6027 222 6088; baseline 0 0"><span class='ocrx_word' id='word_1_31' title='bbox 111 6027 118 6088; x_wconf 66' lang='lat'>2</span> 
     </span>
    </p>
   </div>
   <div class='ocr_carea' id='block_1_2' title="bbox 745 408 849 465">
    <p class='ocr_par' dir='ltr' id='par_1_2' title="bbox 745 408 849 465">
     <span class='ocr_line' id='line_1_25' title="bbox 745 408 849 465; baseline 0.019 -2"><span class='ocrx_word' id='word_1_32' title='bbox 745 408 849 465; x_wconf 83' lang='lat'><strong>699</strong></span> 
     </span>
    </p>
   </div>
   <div class='ocr_carea' id='block_1_3' title="bbox 2204 403 2528 460">
    <p class='ocr_par' dir='ltr' id='par_1_3' title="bbox 2204 403 2528 460">
     <span class='ocr_line' id='line_1_26' title="bbox 2204 403 2528 460; baseline 0 -4"><span class='ocrx_word' id='word_1_33' title='bbox 2204 403 2528 460; x_wconf 75' lang='lat' dir='ltr'><strong>ORIGENIS</strong></span> 
     </span>
    </p>
   </div>
   <div class='ocr_carea' id='block_1_4' title="bbox 3901 401 3996 458">
    <p class='ocr_par' dir='ltr' id='par_1_4' title="bbox 3901 401 3996 458">
     <span class='ocr_line' id='line_1_27' title="bbox 3901 401 3996 458; baseline 0.042 -4"><span class='ocrx_word' id='word_1_34' title='bbox 3901 401 3996 458; x_wconf 76' lang='lat'><strong>700</strong></span> 
     </span>
    </p>
   </div>
   <div class='ocr_carea' id='block_1_5' title="bbox 747 521 2351 599">
    <p class='ocr_par' dir='ltr' id='par_1_5' title="bbox 747 528 2328 599">
     <span class='ocr_line' id='line_1_28' title="bbox 747 528 2328 599; baseline -0.004 -11"><span class='ocrx_word' id='word_1_35' title='bbox 747 544 807 587; x_wconf 93' lang='lat' dir='ltr'><strong>ut</strong></span> <span class='ocrx_word' id='word_1_36' title='bbox 840 550 870 587; x_wconf 91' lang='lat' dir='ltr'><strong>a</strong></span> <span class='ocrx_word' id='word_1_37' title='bbox 904 545 1097 587; x_wconf 84' lang='lat' dir='ltr'><strong>somno</strong></span> <span class='ocrx_word' id='word_1_38' title='bbox 1123 529 1356 585; x_wconf 93' lang='lat' dir='ltr'><strong>excitem</strong></span> <span class='ocrx_word' id='word_1_39' title='bbox 1383 543 1531 593; x_wconf 88' lang='lat' dir='ltr'><strong>eum,</strong></span> <span class='ocrx_word' id='word_1_40' title='bbox 1553 546 1571 580; x_wconf 77' lang='grc' dir='ltr'><strong>ι</strong></span> <span class='ocrx_word' id='word_1_41' title='bbox 1599 542 1763 599; x_wconf 87' lang='lat' dir='ltr'><strong>quam</strong></span> <span class='ocrx_word' id='word_1_42' title='bbox 1793 542 1918 583; x_wconf 90' lang='lat' dir='ltr'><strong>cum</strong></span> <span class='ocrx_word' id='word_1_43' title='bbox 1953 528 2115 583; x_wconf 84' lang='lat' dir='ltr'><strong>Pater</strong></span> <span class='ocrx_word' id='word_1_44' title='bbox 2144 528 2328 583; x_wconf 91' lang='lat' dir='ltr'><strong>audita</strong></span> 
     </span>
    </p>
   </div>
   <div class='ocr_carea' id='block_1_6' title="bbox 2449 521 3999 599">
    <p class='ocr_par' dir='ltr' id='par_1_6' title="bbox 2449 521 3999 597">
     <span class='ocr_line' id='line_1_29' title="bbox 2449 521 3999 597; baseline -0.002 -17"><span class='ocrx_word' id='word_1_45' title='bbox 2449 543 2602 580; x_wconf 75' lang='grc' dir='ltr'>ταντα</span> <span class='ocrx_word' id='word_1_46' title='bbox 2628 525 2720 578; x_wconf 85' lang='grc' dir='ltr'><strong>τδν</strong></span> <span class='ocrx_word' id='word_1_47' title='bbox 2756 525 2979 597; x_wconf 81' lang='grc' dir='ltr'><strong>Πατέρα</strong></span> <span class='ocrx_word' id='word_1_48' title='bbox 3012 522 3375 593; x_wconf 77' lang='grc' dir='ltr'><strong>πεποιηκέναι</strong></span> <span class='ocrx_word' id='word_1_49' title='bbox 3408 521 3508 594; x_wconf 81' lang='grc' dir='ltr'>τὴν</span> <span class='ocrx_word' id='word_1_50' title='bbox 3550 522 3800 593; x_wconf 80' lang='grc' dir='ltr'><strong>Λαζάρου</strong></span> <span class='ocrx_word' id='word_1_51' title='bbox 3832 522 3999 595; x_wconf 77' lang='grc' dir='ltr'>ψυχὴν</span> 
     </span>
    </p>
   </div>
   <div class='ocr_carea' id='block_1_7' title="bbox 744 619 2329 694">
    <p class='ocr_par' dir='ltr' id='par_1_7' title="bbox 744 619 2329 694">
     <span class='ocr_line' id='line_1_30' title="bbox 744 619 2329 694; baseline -0.002 -14"><span class='ocrx_word' id='word_1_52' title='bbox 744 623 876 680; x_wconf 83' lang='lat' dir='ltr'><strong>Jesu</strong></span> <span class='ocrx_word' id='word_1_53' title='bbox 916 622 1279 694; x_wconf 78' lang='lat' dir='ltr'><strong>precatione,</strong></span> <span class='ocrx_word' id='word_1_54' title='bbox 1325 620 1522 676; x_wconf 86' lang='lat' dir='ltr'><strong>Lazari</strong></span> <span class='ocrx_word' id='word_1_55' title='bbox 1558 621 1797 675; x_wconf 89' lang='lat' dir='ltr'><strong>animam</strong></span> <span class='ocrx_word' id='word_1_56' title='bbox 1842 619 1972 675; x_wconf 88' lang='lat' dir='ltr'><strong>fecit</strong></span> <span class='ocrx_word' id='word_1_57' title='bbox 2016 619 2083 674; x_wconf 92' lang='lat' dir='ltr'><strong>ad</strong></span> <span class='ocrx_word' id='word_1_58' title='bbox 2128 634 2329 690; x_wconf 88' lang='lat' dir='ltr'><strong>corpus</strong></span> 
     </span>
    </p>
   </div>
   <div class='ocr_carea' id='block_1_8' title="bbox 746 712 2326 787">
    <p class='ocr_par' dir='ltr' id='par_1_8' title="bbox 746 712 2326 787">
     <span class='ocr_line' id='line_1_31' title="bbox 746 712 2326 787; baseline -0.002 -17"><span class='ocrx_word' id='word_1_59' title='bbox 746 717 867 787; x_wconf 85' lang='lat' dir='ltr'><strong>ejus</strong></span> <span class='ocrx_word' id='word_1_60' title='bbox 918 713 1119 783; x_wconf 87' lang='lat' dir='ltr'><strong>redire,</strong></span> <span class='ocrx_word' id='word_1_61' title='bbox 1166 713 1312 783; x_wconf 93' lang='lat' dir='ltr'><strong>quod</strong></span> <span class='ocrx_word' id='word_1_62' title='bbox 1358 712 1414 766; x_wconf 93' lang='lat' dir='ltr'><strong>in</strong></span> <span class='ocrx_word' id='word_1_63' title='bbox 1458 721 1811 768; x_wconf 89' lang='lat' dir='ltr'><strong>monumento</strong></span> <span class='ocrx_word' id='word_1_64' title='bbox 1840 712 2139 782; x_wconf 88' lang='lat' dir='ltr'><strong>repositum</strong></span> <span class='ocrx_word' id='word_1_65' title='bbox 2187 721 2326 768; x_wconf 88' lang='lat' dir='ltr'><strong>erat.</strong></span> 
     </span>
    </p>
   </div>
   <div class='ocr_carea' id='block_1_9' title="bbox 2430 615 4001 689">
    <p class='ocr_par' dir='ltr' id='par_1_9' title="bbox 2430 615 4001 689">
     <span class='ocr_line' id='line_1_32' title="bbox 2430 615 4001 689; baseline -0.003 -15"><span class='ocrx_word' id='word_1_66' title='bbox 2430 618 2747 674; x_wconf 72' lang='grc' dir='ltr'>ἐπανελθεῖν</span> <span class='ocrx_word' id='word_1_67' title='bbox 2781 618 2875 670; x_wconf 77' lang='grc' dir='ltr'><strong>ὲπὶ</strong></span> <span class='ocrx_word' id='word_1_68' title='bbox 2901 617 2963 671; x_wconf 82' lang='grc' dir='ltr'>τὸ</span> <span class='ocrx_word' id='word_1_69' title='bbox 2985 618 3043 670; x_wconf 84' lang='grc' dir='ltr'>ὲν</span> <span class='ocrx_word' id='word_1_70' title='bbox 3068 616 3147 688; x_wconf 81' lang='grc' dir='ltr'>τῷ</span> <span class='ocrx_word' id='word_1_71' title='bbox 3178 616 3433 689; x_wconf 84' lang='grc' dir='ltr'>μνημείῳ</span> <span class='ocrx_word' id='word_1_72' title='bbox 3458 615 3816 686; x_wconf 74' lang='grc' dir='ltr'><strong>ἀποκείμενον</strong></span> <span class='ocrx_word' id='word_1_73' title='bbox 3845 616 4001 670; x_wconf 82' lang='grc' dir='ltr'>αὐτοῦ</span> 
     </span>
    </p>
   </div>
   <div class='ocr_carea' id='block_1_10' title="bbox 2432 706 4001 783">
    <p class='ocr_par' dir='ltr' id='par_1_10' title="bbox 2432 706 4001 783">
     <span class='ocr_line' id='line_1_33' title="bbox 2432 706 4001 783; baseline -0.004 -16"><span class='ocrx_word' id='word_1_74' title='bbox 2432 713 2593 783; x_wconf 84' lang='grc' dir='ltr'>σῶμα</span> <span class='ocrx_word' id='word_1_75' title='bbox 2614 728 2627 742; x_wconf 88' lang='grc'><strong>·</strong></span> <span class='ocrx_word' id='word_1_76' title='bbox 2665 710 2808 763; x_wconf 87' lang='grc' dir='ltr'>είποι</span> <span class='ocrx_word' id='word_1_77' title='bbox 2837 708 2947 780; x_wconf 91' lang='grc' dir='ltr'><strong>γάρ</strong></span> <span class='ocrx_word' id='word_1_78' title='bbox 2975 707 3040 762; x_wconf 80' lang='grc' dir='ltr'>ἄν</span> <span class='ocrx_word' id='word_1_79' title='bbox 3072 725 3176 773; x_wconf 85' lang='grc' dir='ltr'>τις,</span> <span class='ocrx_word' id='word_1_80' title='bbox 3208 709 3292 762; x_wconf 86' lang='grc' dir='ltr'>ὄτι</span> <span class='ocrx_word' id='word_1_81' title='bbox 3323 711 3353 762; x_wconf 91' lang='lat'><strong>6</strong></span> <span class='ocrx_word' id='word_1_82' title='bbox 3392 708 3493 779; x_wconf 86' lang='grc' dir='ltr'>μὲν</span> <span class='ocrx_word' id='word_1_83' title='bbox 3521 706 3764 771; x_wconf 73' lang='grc' dir='ltr'>ἀκούσας</span> <span class='ocrx_word' id='word_1_84' title='bbox 3794 706 4001 779; x_wconf 79' lang='grc' dir='ltr'>εὐξαμέ-</span> 
     </span>
    </p>
   </div>
   <div class='ocr_carea' id='block_1_11' title="bbox 754 798 2351 875">
    <p class='ocr_par' dir='ltr' id='par_1_11' title="bbox 754 804 2331 875">
     <span class='ocr_line' id='line_1_34' title="bbox 754 804 2331 875; baseline -0.002 -12"><span class='ocrx_word' id='word_1_85' title='bbox 754 808 1015 863; x_wconf 89' lang='lat' dir='ltr'><strong>Dicturus</strong></span> <span class='ocrx_word' id='word_1_86' title='bbox 1040 815 1125 863; x_wconf 81' lang='lat' dir='ltr'><strong>est</strong></span> <span class='ocrx_word' id='word_1_87' title='bbox 1150 805 1297 863; x_wconf 87' lang='lat' dir='ltr'><strong>enim</strong></span> <span class='ocrx_word' id='word_1_88' title='bbox 1329 804 1531 875; x_wconf 81' lang='lat' dir='ltr'><strong>aliquis</strong></span> <span class='ocrx_word' id='word_1_89' title='bbox 1548 804 1768 861; x_wconf 89' lang='lat' dir='ltr'><strong>Patrem</strong></span> <span class='ocrx_word' id='word_1_90' title='bbox 1785 819 1907 859; x_wconf 91' lang='lat' dir='ltr'><strong>cum</strong></span> <span class='ocrx_word' id='word_1_91' title='bbox 1924 804 2331 861; x_wconf 89' lang='lat' dir='ltr'><strong>audissetoran-</strong></span> 
     </span>
    </p>
   </div>
   <div class='ocr_carea' id='block_1_12' title="bbox 2449 798 4003 875">
    <p class='ocr_par' dir='ltr' id='par_1_12' title="bbox 2449 798 4003 874">
     <span class='ocr_line' id='line_1_35' title="bbox 2449 798 4003 874; baseline -0.005 -16"><span class='ocrx_word' id='word_1_92' title='bbox 2449 822 2522 859; x_wconf 74' lang='grc' dir='ltr'>νου</span> <span class='ocrx_word' id='word_1_93' title='bbox 2552 803 2647 858; x_wconf 87' lang='grc' dir='ltr'><strong>τοῦ</strong></span> <span class='ocrx_word' id='word_1_94' title='bbox 2675 801 2809 856; x_wconf 85' lang='grc' dir='ltr'>Υίοῦ</span> <span class='ocrx_word' id='word_1_95' title='bbox 2836 801 3029 873; x_wconf 79' lang='grc' dir='ltr'>Πατὴρ</span> <span class='ocrx_word' id='word_1_96' title='bbox 3055 801 3121 855; x_wconf 79' lang='grc' dir='ltr'>ἑκ</span> <span class='ocrx_word' id='word_1_97' title='bbox 3148 800 3361 874; x_wconf 77' lang='grc' dir='ltr'><strong>νεκρῶν</strong></span> <span class='ocrx_word' id='word_1_98' title='bbox 3392 800 3483 854; x_wconf 79' lang='grc' dir='ltr'>τὸν</span> <span class='ocrx_word' id='word_1_99' title='bbox 3513 799 3763 871; x_wconf 81' lang='grc' dir='ltr'><strong>Λάζαρον</strong></span> <span class='ocrx_word' id='word_1_100' title='bbox 3793 798 4003 870; x_wconf 79' lang='grc' dir='ltr'>ἀνέστη-</span> 
     </span>
    </p>
   </div>
   <div class='ocr_carea' id='block_1_13' title="bbox 749 894 2329 963">
    <p class='ocr_par' dir='ltr' id='par_1_13' title="bbox 749 894 2329 963">
     <span class='ocr_line' id='line_1_36' title="bbox 749 894 2329 963; baseline 0 -11"><span class='ocrx_word' id='word_1_101' title='bbox 749 908 863 954; x_wconf 87' lang='lat' dir='ltr'><strong>tem</strong></span> <span class='ocrx_word' id='word_1_102' title='bbox 899 897 1120 963; x_wconf 86' lang='lat' dir='ltr'><strong>Filium,</strong></span> <span class='ocrx_word' id='word_1_103' title='bbox 1152 895 1348 952; x_wconf 89' lang='lat' dir='ltr'><strong>Lazari</strong></span> <span class='ocrx_word' id='word_1_104' title='bbox 1378 894 1617 950; x_wconf 90' lang='lat' dir='ltr'><strong>animam</strong></span> <span class='ocrx_word' id='word_1_105' title='bbox 1648 910 1717 952; x_wconf 89' lang='lat' dir='ltr'><strong>ex</strong></span> <span class='ocrx_word' id='word_1_106' title='bbox 1761 895 1991 951; x_wconf 84' lang='lat' dir='ltr'><strong>mortuis</strong></span> <span class='ocrx_word' id='word_1_107' title='bbox 2034 895 2329 963; x_wconf 78' lang='lat' dir='ltr'><strong>excitasse,</strong></span> 
     </span>
    </p>
   </div>
   <div class='ocr_carea' id='block_1_14' title="bbox 741 985 2330 1055">
    <p class='ocr_par' dir='ltr' id='par_1_14' title="bbox 741 985 2330 1055">
     <span class='ocr_line' id='line_1_37' title="bbox 741 985 2330 1055; baseline 0.001 -13"><span class='ocrx_word' id='word_1_108' title='bbox 741 985 936 1045; x_wconf 74' lang='lat' dir='ltr'><strong>Iesum</strong></span> <span class='ocrx_word' id='word_1_109' title='bbox 971 1003 1105 1044; x_wconf 91' lang='lat' dir='ltr'><strong>vero</strong></span> <span class='ocrx_word' id='word_1_110' title='bbox 1153 1000 1290 1043; x_wconf 91' lang='lat' dir='ltr'><strong>voce</strong></span> <span class='ocrx_word' id='word_1_111' title='bbox 1325 1001 1522 1055; x_wconf 73' lang='lat' dir='ltr'><strong>magna</strong></span> <span class='ocrx_word' id='word_1_112' title='bbox 1553 1001 1679 1043; x_wconf 93' lang='lat' dir='ltr'><strong>cum</strong></span> <span class='ocrx_word' id='word_1_113' title='bbox 1714 986 2027 1052; x_wconf 81' lang='lat' dir='ltr'><strong>clamasset,</strong></span> <span class='ocrx_word' id='word_1_114' title='bbox 2063 1001 2130 1043; x_wconf 88' lang='lat' dir='ltr'><strong>ac</strong></span> <span class='ocrx_word' id='word_1_115' title='bbox 2156 986 2330 1043; x_wconf 86' lang='lat' dir='ltr'><strong>dixis-</strong></span> 
     </span>
    </p>
   </div>
   <div class='ocr_carea' id='block_1_15' title="bbox 752 1077 2331 1149">
    <p class='ocr_par' dir='ltr' id='par_1_15' title="bbox 752 1077 2331 1149">
     <span class='ocr_line' id='line_1_38' title="bbox 752 1077 2331 1149; baseline -0.001 -14"><span class='ocrx_word' id='word_1_116' title='bbox 752 1088 858 1143; x_wconf 81' lang='lat' dir='ltr'><strong>set,</strong></span> <span class='ocrx_word' id='word_1_117' title='bbox 900 1097 919 1131; x_wconf 88' lang='grc' dir='ltr'><strong>ι</strong></span> <span class='ocrx_word' id='word_1_118' title='bbox 942 1077 1172 1145; x_wconf 82' lang='lat' dir='ltr'><strong>Lazare,</strong></span> <span class='ocrx_word' id='word_1_119' title='bbox 1205 1078 1361 1149; x_wconf 88' lang='lat' dir='ltr'><strong>prodi</strong></span> <span class='ocrx_word' id='word_1_120' title='bbox 1400 1078 1574 1143; x_wconf 90' lang='lat' dir='ltr'><strong>foras,</strong></span> <span class='ocrx_word' id='word_1_121' title='bbox 1601 1096 1621 1129; x_wconf 72' lang='grc' dir='ltr'><strong>ι</strong></span> <span class='ocrx_word' id='word_1_122' title='bbox 1659 1077 1713 1133; x_wconf 89' lang='lat' dir='ltr'><strong>id</strong></span> <span class='ocrx_word' id='word_1_123' title='bbox 1738 1078 1880 1147; x_wconf 91' lang='lat' dir='ltr'><strong>quod</strong></span> <span class='ocrx_word' id='word_1_124' title='bbox 1910 1089 2071 1133; x_wconf 86' lang='lat' dir='ltr'><strong>antea</strong></span> <span class='ocrx_word' id='word_1_125' title='bbox 2118 1080 2331 1149; x_wconf 90' lang='lat' dir='ltr'><strong>promi-</strong></span> 
     </span>
    </p>
   </div>
   <div class='ocr_carea' id='block_1_16' title="bbox 753 1169 2333 1240">
    <p class='ocr_par' dir='ltr' id='par_1_16' title="bbox 753 1169 2333 1240">
     <span class='ocr_line' id='line_1_39' title="bbox 753 1169 2333 1240; baseline 0.001 -13"><span class='ocrx_word' id='word_1_126' title='bbox 753 1179 903 1227; x_wconf 87' lang='lat' dir='ltr'><strong>serat</strong></span> <span class='ocrx_word' id='word_1_127' title='bbox 944 1170 1220 1240; x_wconf 84' lang='lat' dir='ltr'><strong>implesse,</strong></span> <span class='ocrx_word' id='word_1_128' title='bbox 1275 1187 1297 1221; x_wconf 81' lang='grc' dir='ltr'><strong>ι</strong></span> <span class='ocrx_word' id='word_1_129' title='bbox 1331 1169 1440 1225; x_wconf 89' lang='lat' dir='ltr'><strong>Sed</strong></span> <span class='ocrx_word' id='word_1_130' title='bbox 1483 1169 1647 1238; x_wconf 89' lang='lat' dir='ltr'><strong>vado,</strong></span> <span class='ocrx_word' id='word_1_131' title='bbox 1698 1179 1758 1223; x_wconf 90' lang='lat' dir='ltr'><strong>ut</strong></span> <span class='ocrx_word' id='word_1_132' title='bbox 1794 1185 1826 1223; x_wconf 91' lang='lat' dir='ltr'><strong>a</strong></span> <span class='ocrx_word' id='word_1_133' title='bbox 1866 1184 2059 1226; x_wconf 91' lang='lat' dir='ltr'><strong>somno</strong></span> <span class='ocrx_word' id='word_1_134' title='bbox 2099 1172 2333 1228; x_wconf 80' lang='lat' dir='ltr'><strong>excitem</strong></span> 
     </span>
    </p>
   </div>
   <div class='ocr_carea' id='block_1_17' title="bbox 752 1248 2336 1333">
    <p class='ocr_par' dir='ltr' id='par_1_17' title="bbox 752 1248 2336 1333">
     <span class='ocr_line' id='line_1_40' title="bbox 752 1248 2336 1333; baseline 0.003 -15"><span class='ocrx_word' id='word_1_135' title='bbox 752 1276 930 1318; x_wconf 66' lang='lat' dir='ltr'><strong>eum.»</strong></span> <span class='ocrx_word' id='word_1_136' title='bbox 956 1262 1136 1333; x_wconf 81' lang='lat' dir='ltr'><strong>Atque</strong></span> <span class='ocrx_word' id='word_1_137' title='bbox 1152 1262 1259 1318; x_wconf 87' lang='lat' dir='ltr'><strong>hoc</strong></span> <span class='ocrx_word' id='word_1_138' title='bbox 1280 1261 1499 1331; x_wconf 88' lang='lat' dir='ltr'><strong>quidem</strong></span> <span class='ocrx_word' id='word_1_139' title='bbox 1528 1262 1622 1332; x_wconf 86' lang='lat' dir='ltr'><strong>qui</strong></span> <span class='ocrx_word' id='word_1_140' title='bbox 1655 1262 1875 1327; x_wconf 87' lang='lat' dir='ltr'><strong>astruit,</strong></span> <span class='ocrx_word' id='word_1_141' title='bbox 1901 1248 2119 1320; x_wconf 78' lang='lat' dir='ltr'><strong>differre</strong></span> <span class='ocrx_word' id='word_1_142' title='bbox 2145 1265 2336 1324; x_wconf 88' lang='lat' dir='ltr'><strong>dicens</strong></span> 
     </span>
    </p>
   </div>
   <div class='ocr_carea' id='block_1_18' title="bbox 755 1354 2337 1425">
    <p class='ocr_par' dir='ltr' id='par_1_18' title="bbox 755 1354 2337 1425">
     <span class='ocr_line' id='line_1_41' title="bbox 755 1354 2337 1425; baseline 0.004 -17"><span class='ocrx_word' id='word_1_143' title='bbox 755 1355 858 1409; x_wconf 82' lang='lat' dir='ltr'><strong>hoc</strong></span> <span class='ocrx_word' id='word_1_144' title='bbox 885 1355 1089 1411; x_wconf 91' lang='lat' dir='ltr'><strong>dictum</strong></span> <span class='ocrx_word' id='word_1_145' title='bbox 1120 1373 1135 1410; x_wconf 90' lang='lat'><strong>:</strong></span> <span class='ocrx_word' id='word_1_146' title='bbox 1184 1372 1203 1407; x_wconf 82' lang='lat' dir='ltr'><strong>t</strong></span> <span class='ocrx_word' id='word_1_147' title='bbox 1238 1354 1479 1409; x_wconf 84' lang='lat' dir='ltr'><strong>Lazarus</strong></span> <span class='ocrx_word' id='word_1_148' title='bbox 1510 1355 1722 1410; x_wconf 92' lang='lat' dir='ltr'><strong>amicus</strong></span> <span class='ocrx_word' id='word_1_149' title='bbox 1752 1366 1942 1412; x_wconf 87' lang='lat' dir='ltr'><strong>noster</strong></span> <span class='ocrx_word' id='word_1_150' title='bbox 1966 1358 2187 1425; x_wconf 85' lang='lat' dir='ltr'><strong>dormit,</strong></span> <span class='ocrx_word' id='word_1_151' title='bbox 2215 1378 2234 1412; x_wconf 75' lang='grc' dir='ltr'><strong>ι</strong></span> <span class='ocrx_word' id='word_1_152' title='bbox 2267 1360 2337 1415; x_wconf 90' lang='lat' dir='ltr'><strong>ab</strong></span> 
     </span>
    </p>
   </div>
   <div class='ocr_carea' id='block_1_19' title="bbox 756 1443 2334 1517">
    <p class='ocr_par' dir='ltr' id='par_1_19' title="bbox 756 1443 2334 1517">
     <span class='ocr_line' id='line_1_42' title="bbox 756 1443 2334 1517; baseline 0.006 -20"><span class='ocrx_word' id='word_1_153' title='bbox 756 1443 881 1509; x_wconf 86' lang='lat' dir='ltr'><strong>hoc,</strong></span> <span class='ocrx_word' id='word_1_154' title='bbox 914 1464 933 1496; x_wconf 86' lang='grc' dir='ltr'><strong>ι</strong></span> <span class='ocrx_word' id='word_1_155' title='bbox 959 1443 1204 1501; x_wconf 81' lang='lat' dir='ltr'><strong>Lazarus</strong></span> <span class='ocrx_word' id='word_1_156' title='bbox 1230 1453 1481 1500; x_wconf 86' lang='lat' dir='ltr'><strong>mortuus</strong></span> <span class='ocrx_word' id='word_1_157' title='bbox 1509 1454 1614 1512; x_wconf 78' lang='lat' dir='ltr'><strong>est,</strong></span> <span class='ocrx_word' id='word_1_158' title='bbox 1643 1465 1665 1499; x_wconf 74' lang='grc' dir='ltr'><strong>ι</strong></span> <span class='ocrx_word' id='word_1_159' title='bbox 1703 1446 1847 1502; x_wconf 88' lang='lat' dir='ltr'><strong>dicet</strong></span> <span class='ocrx_word' id='word_1_160' title='bbox 1888 1449 1956 1503; x_wconf 87' lang='lat' dir='ltr'><strong>ad</strong></span> <span class='ocrx_word' id='word_1_161' title='bbox 1989 1450 2334 1517; x_wconf 80' lang='lat' dir='ltr'><strong>vocabulum,</strong></span> 
     </span>
    </p>
   </div>
   <div class='ocr_carea' id='block_1_20' title="bbox 758 1534 2341 1612">
    <p class='ocr_par' dir='ltr' id='par_1_20' title="bbox 758 1534 2341 1612">
     <span class='ocr_line' id='line_1_43' title="bbox 758 1534 2341 1612; baseline 0.005 -24"><span class='ocrx_word' id='word_1_162' title='bbox 758 1552 779 1588; x_wconf 80' lang='grc' dir='ltr'><strong>ι</strong></span> <span class='ocrx_word' id='word_1_163' title='bbox 800 1534 1021 1600; x_wconf 88' lang='lat' dir='ltr'><strong>dormit,</strong></span> <span class='ocrx_word' id='word_1_164' title='bbox 1034 1555 1052 1587; x_wconf 75' lang='grc' dir='ltr'><strong>ι</strong></span> <span class='ocrx_word' id='word_1_165' title='bbox 1072 1534 1254 1592; x_wconf 83' lang='lat' dir='ltr'><strong>Jesum</strong></span> <span class='ocrx_word' id='word_1_166' title='bbox 1271 1536 1607 1607; x_wconf 72' lang='lat' dir='ltr'><strong>promisisse,</strong></span> <span class='ocrx_word' id='word_1_167' title='bbox 1622 1536 1921 1593; x_wconf 91' lang='lat' dir='ltr'><strong>dicentem:</strong></span> <span class='ocrx_word' id='word_1_168' title='bbox 1940 1536 2077 1612; x_wconf 87' lang='lat'><strong>[(86)</strong></span> <span class='ocrx_word' id='word_1_169' title='bbox 2096 1539 2234 1597; x_wconf 70' lang='lat' dir='ltr'><strong>«Sed</strong></span> <span class='ocrx_word' id='word_1_170' title='bbox 2250 1556 2341 1596; x_wconf 87' lang='lat' dir='ltr'><strong>va-</strong></span> 
     </span>
    </p>
   </div>
   <div class='ocr_carea' id='block_1_21' title="bbox 755 1627 2337 1701">
    <p class='ocr_par' dir='ltr' id='par_1_21' title="bbox 755 1627 2337 1701">
     <span class='ocr_line' id='line_1_44' title="bbox 755 1627 2337 1701; baseline 0.005 -19"><span class='ocrx_word' id='word_1_171' title='bbox 755 1627 850 1695; x_wconf 90' lang='lat' dir='ltr'><strong>do,</strong></span> <span class='ocrx_word' id='word_1_172' title='bbox 868 1638 927 1682; x_wconf 89' lang='lat' dir='ltr'><strong>ut</strong></span> <span class='ocrx_word' id='word_1_173' title='bbox 955 1644 984 1682; x_wconf 94' lang='lat' dir='ltr'><strong>a</strong></span> <span class='ocrx_word' id='word_1_174' title='bbox 1025 1644 1219 1685; x_wconf 79' lang='lat' dir='ltr'><strong>somno</strong></span> <span class='ocrx_word' id='word_1_175' title='bbox 1246 1628 1482 1686; x_wconf 89' lang='lat' dir='ltr'><strong>excitem</strong></span> <span class='ocrx_word' id='word_1_176' title='bbox 1510 1645 1671 1697; x_wconf 90' lang='lat' dir='ltr'><strong>eum;</strong></span> <span class='ocrx_word' id='word_1_177' title='bbox 1700 1650 1720 1683; x_wconf 72' lang='grc' dir='ltr'><strong>ι</strong></span> <span class='ocrx_word' id='word_1_178' title='bbox 1748 1639 1803 1685; x_wconf 93' lang='lat' dir='ltr'><strong>et</strong></span> <span class='ocrx_word' id='word_1_179' title='bbox 1838 1632 1905 1687; x_wconf 87' lang='lat' dir='ltr'><strong>ad</strong></span> <span class='ocrx_word' id='word_1_180' title='bbox 1947 1633 2169 1689; x_wconf 81' lang='lat' dir='ltr'><strong>verbum</strong></span> <span class='ocrx_word' id='word_1_181' title='bbox 2210 1634 2337 1701; x_wconf 88' lang='lat' dir='ltr'><strong>hoc,</strong></span> 
     </span>
    </p>
   </div>
   <div class='ocr_carea' id='block_1_22' title="bbox 760 1722 2342 1795">
    <p class='ocr_par' dir='ltr' id='par_1_22' title="bbox 760 1722 2342 1795">
     <span class='ocr_line' id='line_1_45' title="bbox 760 1722 2342 1795; baseline 0.005 -22"><span class='ocrx_word' id='word_1_182' title='bbox 760 1738 782 1773; x_wconf 80' lang='grc' dir='ltr'><strong>ι</strong></span> <span class='ocrx_word' id='word_1_183' title='bbox 811 1731 1057 1777; x_wconf 89' lang='lat' dir='ltr'><strong>mortuus</strong></span> <span class='ocrx_word' id='word_1_184' title='bbox 1083 1733 1188 1788; x_wconf 89' lang='lat' dir='ltr'><strong>est,</strong></span> <span class='ocrx_word' id='word_1_185' title='bbox 1211 1741 1231 1775; x_wconf 74' lang='grc' dir='ltr'><strong>ι</strong></span> <span class='ocrx_word' id='word_1_186' title='bbox 1270 1738 1379 1779; x_wconf 91' lang='lat' dir='ltr'><strong>non</strong></span> <span class='ocrx_word' id='word_1_187' title='bbox 1413 1723 1765 1793; x_wconf 85' lang='lat' dir='ltr'><strong>respondisse</strong></span> <span class='ocrx_word' id='word_1_188' title='bbox 1791 1722 1997 1795; x_wconf 88' lang='lat' dir='ltr'><strong>illud:]</strong></span> <span class='ocrx_word' id='word_1_189' title='bbox 2030 1743 2050 1776; x_wconf 87' lang='grc' dir='ltr'><strong>ι</strong></span> <span class='ocrx_word' id='word_1_190' title='bbox 2086 1724 2257 1790; x_wconf 88' lang='lat' dir='ltr'><strong>Vado,</strong></span> <span class='ocrx_word' id='word_1_191' title='bbox 2282 1734 2342 1781; x_wconf 93' lang='lat' dir='ltr'><strong>ut</strong></span> 
     </span>
    </p>
   </div>
   <div class='ocr_carea' id='block_1_23' title="bbox 756 1811 2339 1883">
    <p class='ocr_par' dir='ltr' id='par_1_23' title="bbox 756 1811 2339 1883">
     <span class='ocr_line' id='line_1_46' title="bbox 756 1811 2339 1883; baseline 0.002 -17"><span class='ocrx_word' id='word_1_192' title='bbox 756 1811 1014 1866; x_wconf 88' lang='lat' dir='ltr'><strong>suscitem</strong></span> <span class='ocrx_word' id='word_1_193' title='bbox 1048 1825 1170 1867; x_wconf 92' lang='lat' dir='ltr'><strong>eum</strong></span> <span class='ocrx_word' id='word_1_194' title='bbox 1200 1827 1271 1867; x_wconf 87' lang='lat' dir='ltr'><strong>ex</strong></span> <span class='ocrx_word' id='word_1_195' title='bbox 1306 1813 1557 1867; x_wconf 88' lang='lat' dir='ltr'><strong>mortuis.</strong></span> <span class='ocrx_word' id='word_1_196' title='bbox 1588 1830 1608 1864; x_wconf 74' lang='grc' dir='ltr'><strong>ι</strong></span> <span class='ocrx_word' id='word_1_197' title='bbox 1639 1811 1710 1867; x_wconf 80' lang='lat' dir='ltr'><strong>At</strong></span> <span class='ocrx_word' id='word_1_198' title='bbox 1753 1826 1884 1867; x_wconf 91' lang='lat' dir='ltr'><strong>vero</strong></span> <span class='ocrx_word' id='word_1_199' title='bbox 1918 1812 2009 1883; x_wconf 91' lang='lat' dir='ltr'><strong>qui</strong></span> <span class='ocrx_word' id='word_1_200' title='bbox 2039 1813 2205 1869; x_wconf 86' lang='lat' dir='ltr'><strong>solvit</strong></span> <span class='ocrx_word' id='word_1_201' title='bbox 2223 1814 2339 1869; x_wconf 85' lang='lat' dir='ltr'><strong>dis-</strong></span> 
     </span>
    </p>
   </div>
   <div class='ocr_carea' id='block_1_24' title="bbox 2434 892 4004 965">
    <p class='ocr_par' dir='ltr' id='par_1_24' title="bbox 2434 892 4004 965">
     <span class='ocr_line' id='line_1_47' title="bbox 2434 892 4004 965; baseline -0.004 -15"><span class='ocrx_word' id='word_1_202' title='bbox 2434 915 2526 951; x_wconf 88' lang='grc' dir='ltr'><strong>σεν</strong></span> <span class='ocrx_word' id='word_1_203' title='bbox 2545 914 2558 928; x_wconf 87' lang='grc'><strong>·</strong></span> <span class='ocrx_word' id='word_1_204' title='bbox 2583 897 2613 949; x_wconf 86' lang='grc'>6</span> <span class='ocrx_word' id='word_1_205' title='bbox 2637 895 2693 950; x_wconf 80' lang='grc' dir='ltr'>δὲ</span> <span class='ocrx_word' id='word_1_206' title='bbox 2724 894 2895 949; x_wconf 83' lang='grc' dir='ltr'>είπὼν</span> <span class='ocrx_word' id='word_1_207' title='bbox 2918 896 3070 965; x_wconf 79' lang='grc' dir='ltr'>φωνῇ</span> <span class='ocrx_word' id='word_1_208' title='bbox 3095 893 3326 965; x_wconf 80' lang='grc' dir='ltr'>μεγάλῃ,</span> <span class='ocrx_word' id='word_1_209' title='bbox 3354 894 3450 947; x_wconf 76' lang='grc' dir='ltr'>καὶ</span> <span class='ocrx_word' id='word_1_210' title='bbox 3481 892 3832 964; x_wconf 56' lang='grc' dir='ltr'>κραυγάσας</span> <span class='ocrx_word' id='word_1_211' title='bbox 3862 910 3882 943; x_wconf 84' lang='grc' dir='ltr'><strong>ι</strong></span> <span class='ocrx_word' id='word_1_212' title='bbox 3906 892 4004 944; x_wconf 88' lang='grc' dir='ltr'>Λά-</span> 
     </span>
    </p>
   </div>
   <div class='ocr_carea' id='block_1_25' title="bbox 2432 984 3999 1063">
    <p class='ocr_par' dir='ltr' id='par_1_25' title="bbox 2432 984 3999 1063">
     <span class='ocr_line' id='line_1_48' title="bbox 2432 984 3999 1063; baseline -0.004 -19"><span class='ocrx_word' id='word_1_213' title='bbox 2432 990 2600 1063; x_wconf 86' lang='grc' dir='ltr'>ζαρε,</span> <span class='ocrx_word' id='word_1_214' title='bbox 2646 987 2806 1061; x_wconf 88' lang='grc' dir='ltr'>δεῦρο</span> <span class='ocrx_word' id='word_1_215' title='bbox 2844 986 2988 1053; x_wconf 73' lang='grc' dir='ltr'>ἔξω,</span> <span class='ocrx_word' id='word_1_216' title='bbox 3028 1006 3048 1041; x_wconf 73' lang='grc' dir='ltr'><strong>ι</strong></span> <span class='ocrx_word' id='word_1_217' title='bbox 3088 986 3408 1060; x_wconf 78' lang='grc' dir='ltr'>ἐπλήρωσεν</span> <span class='ocrx_word' id='word_1_218' title='bbox 3438 986 3469 1039; x_wconf 83' lang='grc' dir='ltr'><strong>δ</strong></span> <span class='ocrx_word' id='word_1_219' title='bbox 3514 984 3999 1058; x_wconf 77' lang='grc' dir='ltr'><strong>προεπηγγείλατο·</strong></span> 
     </span>
    </p>
   </div>
   <div class='ocr_carea' id='block_1_26' title="bbox 2439 1072 4005 1152">
    <p class='ocr_par' dir='ltr' id='par_1_26' title="bbox 2439 1072 4005 1152">
     <span class='ocr_line' id='line_1_49' title="bbox 2439 1072 4005 1152; baseline -0.006 -18"><span class='ocrx_word' id='word_1_220' title='bbox 2439 1098 2459 1133; x_wconf 79' lang='grc' dir='ltr'><strong>ι</strong></span> <span class='ocrx_word' id='word_1_221' title='bbox 2509 1080 2670 1134; x_wconf 84' lang='grc' dir='ltr'>Ἀλλά</span> <span class='ocrx_word' id='word_1_222' title='bbox 2709 1077 3047 1152; x_wconf 77' lang='grc' dir='ltr'>πορεύομαι,</span> <span class='ocrx_word' id='word_1_223' title='bbox 3089 1077 3178 1132; x_wconf 77' lang='grc' dir='ltr'>ἵνα</span> <span class='ocrx_word' id='word_1_224' title='bbox 3216 1074 3489 1143; x_wconf 75' lang='grc' dir='ltr'><strong>ἐξυπνίσω</strong></span> <span class='ocrx_word' id='word_1_225' title='bbox 3536 1075 3722 1131; x_wconf 80' lang='grc' dir='ltr'>αὐτόν.</span> <span class='ocrx_word' id='word_1_226' title='bbox 3776 1093 3796 1126; x_wconf 72' lang='grc' dir='ltr'><strong>ι</strong></span> <span class='ocrx_word' id='word_1_227' title='bbox 3838 1072 3944 1127; x_wconf 79' lang='grc' dir='ltr'><strong>Καὶ</strong></span> <span class='ocrx_word' id='word_1_228' title='bbox 3979 1073 4005 1125; x_wconf 97' lang='lat'><strong>6</strong></span> 
     </span>
    </p>
   </div>
   <div class='ocr_carea' id='block_1_27' title="bbox 2432 1164 4010 1241">
    <p class='ocr_par' dir='ltr' id='par_1_27' title="bbox 2432 1164 4010 1241">
     <span class='ocr_line' id='line_1_50' title="bbox 2432 1164 4010 1241; baseline -0.005 -16"><span class='ocrx_word' id='word_1_229' title='bbox 2432 1170 2592 1225; x_wconf 89' lang='grc' dir='ltr'>τοῦτό</span> <span class='ocrx_word' id='word_1_230' title='bbox 2617 1187 2682 1240; x_wconf 90' lang='grc' dir='ltr'><strong>γε</strong></span> <span class='ocrx_word' id='word_1_231' title='bbox 2712 1168 3141 1235; x_wconf 79' lang='grc' dir='ltr'><strong>κατασκευάζων</strong></span> <span class='ocrx_word' id='word_1_232' title='bbox 3183 1167 3450 1241; x_wconf 61' lang='grc' dir='ltr'>διαφορὰν</span> <span class='ocrx_word' id='word_1_233' title='bbox 3480 1166 3657 1231; x_wconf 81' lang='grc' dir='ltr'>διδοὺς</span> <span class='ocrx_word' id='word_1_234' title='bbox 3696 1164 3791 1219; x_wconf 89' lang='grc' dir='ltr'><strong>τοῦ</strong></span> <span class='ocrx_word' id='word_1_235' title='bbox 3810 1183 3824 1197; x_wconf 77' lang='grc' dir='ltr'><strong><em>ο</em></strong></span> <span class='ocrx_word' id='word_1_236' title='bbox 3858 1185 3875 1215; x_wconf 86' lang='grc' dir='ltr'><strong>ι</strong></span> <span class='ocrx_word' id='word_1_237' title='bbox 3916 1165 4010 1217; x_wconf 83' lang='grc' dir='ltr'>Λά-</span> 
     </span>
    </p>
   </div>
   <div class='ocr_carea' id='block_1_28' title="bbox 2436 1252 4005 1333">
    <p class='ocr_par' dir='ltr' id='par_1_28' title="bbox 2436 1252 4005 1333">
     <span class='ocr_line' id='line_1_51' title="bbox 2436 1252 4005 1333; baseline -0.006 -18"><span class='ocrx_word' id='word_1_238' title='bbox 2436 1259 2602 1333; x_wconf 79' lang='grc' dir='ltr'>ζαρος</span> <span class='ocrx_word' id='word_1_239' title='bbox 2633 1263 2661 1314; x_wconf 90' lang='lat'><strong>6</strong></span> <span class='ocrx_word' id='word_1_240' title='bbox 2689 1259 2840 1330; x_wconf 85' lang='grc' dir='ltr'>φίλος</span> <span class='ocrx_word' id='word_1_241' title='bbox 2866 1259 3025 1332; x_wconf 81' lang='grc' dir='ltr'>ημῶν</span> <span class='ocrx_word' id='word_1_242' title='bbox 3054 1258 3404 1331; x_wconf 82' lang='grc' dir='ltr'>κεκοίμηται,</span> <span class='ocrx_word' id='word_1_243' title='bbox 3443 1276 3463 1309; x_wconf 73' lang='grc' dir='ltr'><strong>ι</strong></span> <span class='ocrx_word' id='word_1_244' title='bbox 3496 1256 3592 1309; x_wconf 72' lang='grc' dir='ltr'>καὶ</span> <span class='ocrx_word' id='word_1_245' title='bbox 3611 1254 3709 1308; x_wconf 88' lang='grc' dir='ltr'><strong>τοῦ</strong></span> <span class='ocrx_word' id='word_1_246' title='bbox 3728 1271 3743 1284; x_wconf 78' lang='grc'><strong>’</strong></span> <span class='ocrx_word' id='word_1_247' title='bbox 3782 1273 3802 1305; x_wconf 85' lang='grc' dir='ltr'><strong>ι</strong></span> <span class='ocrx_word' id='word_1_248' title='bbox 3839 1252 4005 1318; x_wconf 86' lang='grc' dir='ltr'>Λάζα-</span> 
     </span>
    </p>
   </div>
   <div class='ocr_carea' id='block_1_29' title="bbox 2440 1348 4006 1425">
    <p class='ocr_par' dir='ltr' id='par_1_29' title="bbox 2440 1348 4006 1425">
     <span class='ocr_line' id='line_1_52' title="bbox 2440 1348 4006 1425; baseline -0.004 -19"><span class='ocrx_word' id='word_1_249' title='bbox 2440 1370 2531 1425; x_wconf 92' lang='grc' dir='ltr'><strong>ρος</strong></span> <span class='ocrx_word' id='word_1_250' title='bbox 2555 1352 2860 1416; x_wconf 75' lang='grc' dir='ltr'>ἀπέθανεν,</span> <span class='ocrx_word' id='word_1_251' title='bbox 2897 1371 2917 1404; x_wconf 74' lang='grc' dir='ltr'><strong>ι</strong></span> <span class='ocrx_word' id='word_1_252' title='bbox 2950 1354 3101 1423; x_wconf 84' lang='grc' dir='ltr'>ὲρεϊ,</span> <span class='ocrx_word' id='word_1_253' title='bbox 3127 1352 3209 1405; x_wconf 84' lang='grc' dir='ltr'><strong>δτι</strong></span> <span class='ocrx_word' id='word_1_254' title='bbox 3248 1350 3387 1421; x_wconf 77' lang='grc' dir='ltr'>πρὸς</span> <span class='ocrx_word' id='word_1_255' title='bbox 3439 1349 3539 1420; x_wconf 85' lang='grc' dir='ltr'>μὲν</span> <span class='ocrx_word' id='word_1_256' title='bbox 3579 1348 3675 1413; x_wconf 84' lang='grc' dir='ltr'>τὸ,</span> <span class='ocrx_word' id='word_1_257' title='bbox 3710 1366 3730 1400; x_wconf 85' lang='grc' dir='ltr'><strong>ι</strong></span> <span class='ocrx_word' id='word_1_258' title='bbox 3765 1349 4006 1419; x_wconf 67' lang='grc' dir='ltr'>κεκοίμηυ</span> 
     </span>
    </p>
   </div>
   <div class='ocr_carea' id='block_1_30' title="bbox 2437 1438 4008 1515">
    <p class='ocr_par' dir='ltr' id='par_1_30' title="bbox 2437 1438 4008 1515">
     <span class='ocr_line' id='line_1_53' title="bbox 2437 1438 4008 1515; baseline -0.004 -16"><span class='ocrx_word' id='word_1_259' title='bbox 2437 1462 2548 1515; x_wconf 84' lang='grc' dir='ltr'>ται,</span> <span class='ocrx_word' id='word_1_260' title='bbox 2581 1464 2600 1495; x_wconf 74' lang='grc' dir='ltr'><strong>ι</strong></span> <span class='ocrx_word' id='word_1_261' title='bbox 2642 1443 3008 1515; x_wconf 75' lang='grc' dir='ltr'>ἐπηγγείλατο</span> <span class='ocrx_word' id='word_1_262' title='bbox 3047 1442 3249 1497; x_wconf 77' lang='grc' dir='ltr'>είπώνο</span> <span class='ocrx_word' id='word_1_263' title='bbox 3290 1462 3309 1496; x_wconf 85' lang='grc' dir='ltr'><strong>ι</strong></span> <span class='ocrx_word' id='word_1_264' title='bbox 3358 1441 3519 1496; x_wconf 80' lang='grc' dir='ltr'>Ἀλλά</span> <span class='ocrx_word' id='word_1_265' title='bbox 3567 1438 3896 1513; x_wconf 81' lang='grc' dir='ltr'>πορεύομαι,</span> <span class='ocrx_word' id='word_1_266' title='bbox 3932 1439 4008 1493; x_wconf 80' lang='grc' dir='ltr'>ἵνα</span> 
     </span>
    </p>
   </div>
   <div class='ocr_carea' id='block_1_31' title="bbox 2440 1514 4008 1609">
    <p class='ocr_par' dir='ltr' id='par_1_31' title="bbox 2440 1514 4008 1609">
     <span class='ocr_line' id='line_1_54' title="bbox 2440 1514 4008 1609; baseline -0.003 -18"><span class='ocrx_word' id='word_1_267' title='bbox 2440 1514 2715 1604; x_wconf 64' lang='grc' dir='ltr'><strong>ἐξυπνίσω</strong></span> <span class='ocrx_word' id='word_1_268' title='bbox 2740 1514 2951 1591; x_wconf 80' lang='grc' dir='ltr'>αὐτόν’</span> <span class='ocrx_word' id='word_1_269' title='bbox 2994 1557 3014 1588; x_wconf 70' lang='grc' dir='ltr'><strong>ι</strong></span> <span class='ocrx_word' id='word_1_270' title='bbox 3047 1538 3185 1609; x_wconf 77' lang='grc' dir='ltr'>πρὸς</span> <span class='ocrx_word' id='word_1_271' title='bbox 3224 1538 3282 1591; x_wconf 72' lang='grc' dir='ltr'><strong>δι</strong></span> <span class='ocrx_word' id='word_1_272' title='bbox 3327 1537 3430 1602; x_wconf 72' lang='grc' dir='ltr'>τὸ,</span> <span class='ocrx_word' id='word_1_273' title='bbox 3466 1555 3486 1588; x_wconf 80' lang='grc' dir='ltr'><strong>ι</strong></span> <span class='ocrx_word' id='word_1_274' title='bbox 3525 1534 3837 1598; x_wconf 87' lang='grc' dir='ltr'>ἀπέθανεν,</span> <span class='ocrx_word' id='word_1_275' title='bbox 3872 1553 3892 1586; x_wconf 72' lang='grc' dir='ltr'><strong>ι</strong></span> <span class='ocrx_word' id='word_1_276' title='bbox 3919 1533 4008 1587; x_wconf 82' lang='grc' dir='ltr'>οὐκ</span> 
     </span>
    </p>
   </div>
   <div class='ocr_carea' id='block_1_32' title="bbox 2439 1624 4009 1700">
    <p class='ocr_par' dir='ltr' id='par_1_32' title="bbox 2439 1624 4009 1700">
     <span class='ocr_line' id='line_1_55' title="bbox 2439 1624 4009 1700; baseline -0.004 -19"><span class='ocrx_word' id='word_1_277' title='bbox 2439 1627 2746 1681; x_wconf 87' lang='grc' dir='ltr'>ἀποδέδωκε</span> <span class='ocrx_word' id='word_1_278' title='bbox 2774 1627 2836 1680; x_wconf 92' lang='grc' dir='ltr'><strong>τό</strong></span> <span class='ocrx_word' id='word_1_279' title='bbox 2854 1644 2867 1657; x_wconf 91' lang='grc'><strong>·</strong></span> <span class='ocrx_word' id='word_1_280' title='bbox 2909 1646 2928 1677; x_wconf 84' lang='grc' dir='ltr'><strong>ι</strong></span> <span class='ocrx_word' id='word_1_281' title='bbox 2962 1627 3301 1699; x_wconf 81' lang='grc' dir='ltr'>Πορεύομαι,</span> <span class='ocrx_word' id='word_1_282' title='bbox 3333 1626 3421 1680; x_wconf 86' lang='grc' dir='ltr'><strong>ἴνα</strong></span> <span class='ocrx_word' id='word_1_283' title='bbox 3449 1626 3745 1700; x_wconf 71' lang='grc' dir='ltr'>ἀναστήσω</span> <span class='ocrx_word' id='word_1_284' title='bbox 3770 1624 3926 1678; x_wconf 78' lang='grc' dir='ltr'>αὑτὸν</span> <span class='ocrx_word' id='word_1_285' title='bbox 3953 1625 4009 1675; x_wconf 80' lang='grc' dir='ltr'>ὲκ</span> 
     </span>
    </p>
   </div>
   <div class='ocr_carea' id='block_1_33' title="bbox 2441 1713 4009 1791">
    <p class='ocr_par' dir='ltr' id='par_1_33' title="bbox 2441 1713 4009 1791">
     <span class='ocr_line' id='line_1_56' title="bbox 2441 1713 4009 1791; baseline -0.004 -16"><span class='ocrx_word' id='word_1_286' title='bbox 2441 1720 2671 1791; x_wconf 84' lang='grc' dir='ltr'>νεκρῶν.</span> <span class='ocrx_word' id='word_1_287' title='bbox 2714 1739 2732 1772; x_wconf 76' lang='grc' dir='ltr'><strong>ι</strong></span> <span class='ocrx_word' id='word_1_288' title='bbox 2753 1719 2912 1772; x_wconf 82' lang='grc' dir='ltr'>Ἀλλά</span> <span class='ocrx_word' id='word_1_289' title='bbox 2934 1721 2963 1772; x_wconf 89' lang='lat'><strong>6</strong></span> <span class='ocrx_word' id='word_1_290' title='bbox 2989 1718 3130 1773; x_wconf 82' lang='grc' dir='ltr'>λύων</span> <span class='ocrx_word' id='word_1_291' title='bbox 3154 1719 3251 1791; x_wconf 82' lang='grc' dir='ltr'>τὴν</span> <span class='ocrx_word' id='word_1_292' title='bbox 3274 1720 3333 1773; x_wconf 82' lang='grc' dir='ltr'>ὲν</span> <span class='ocrx_word' id='word_1_293' title='bbox 3355 1717 3568 1782; x_wconf 78' lang='grc' dir='ltr'>τούτοις</span> <span class='ocrx_word' id='word_1_294' title='bbox 3600 1716 3863 1771; x_wconf 82' lang='grc' dir='ltr'>δοκοῦσαν</span> <span class='ocrx_word' id='word_1_295' title='bbox 3888 1713 4009 1769; x_wconf 83' lang='grc' dir='ltr'>εἶναι</span> 
     </span>
    </p>
   </div>
   <div class='ocr_carea' id='block_1_34' title="bbox 2441 1808 4009 1883">
    <p class='ocr_par' dir='ltr' id='par_1_34' title="bbox 2441 1808 4009 1883">
     <span class='ocr_line' id='line_1_57' title="bbox 2441 1808 4009 1883; baseline -0.003 -18"><span class='ocrx_word' id='word_1_296' title='bbox 2441 1811 2735 1882; x_wconf 81' lang='grc' dir='ltr'>διαφορὰν,</span> <span class='ocrx_word' id='word_1_297' title='bbox 2777 1812 2872 1864; x_wconf 74' lang='grc' dir='ltr'>καὶ</span> <span class='ocrx_word' id='word_1_298' title='bbox 2910 1810 3086 1874; x_wconf 82' lang='grc' dir='ltr'>διδοὺς</span> <span class='ocrx_word' id='word_1_299' title='bbox 3131 1810 3231 1883; x_wconf 81' lang='grc' dir='ltr'>τὴν</span> <span class='ocrx_word' id='word_1_300' title='bbox 3276 1809 3371 1863; x_wconf 89' lang='grc' dir='ltr'><strong>τοῦ</strong></span> <span class='ocrx_word' id='word_1_301' title='bbox 3410 1810 3663 1881; x_wconf 78' lang='grc' dir='ltr'>Λαζάρου</span> <span class='ocrx_word' id='word_1_302' title='bbox 3707 1810 3774 1862; x_wconf 82' lang='grc' dir='ltr'>ὲκ</span> <span class='ocrx_word' id='word_1_303' title='bbox 3821 1808 4009 1880; x_wconf 76' lang='grc' dir='ltr'>νεκριῖιν</span> 
     </span>
    </p>
   </div>
   <div class='ocr_carea' id='block_1_35' title="bbox 756 1894 2351 1974">
    <p class='ocr_par' dir='ltr' id='par_1_35' title="bbox 756 1902 2338 1974">
     <span class='ocr_line' id='line_1_58' title="bbox 756 1902 2338 1974; baseline 0.004 -18"><span class='ocrx_word' id='word_1_304' title='bbox 756 1902 1091 1973; x_wconf 86' lang='lat' dir='ltr'><strong>crepantiam</strong></span> <span class='ocrx_word' id='word_1_305' title='bbox 1122 1918 1245 1974; x_wconf 62' lang='lat' dir='ltr'><strong>qua;</strong></span> <span class='ocrx_word' id='word_1_306' title='bbox 1274 1904 1330 1959; x_wconf 93' lang='lat' dir='ltr'><strong>in</strong></span> <span class='ocrx_word' id='word_1_307' title='bbox 1379 1904 1468 1959; x_wconf 85' lang='lat' dir='ltr'><strong>his</strong></span> <span class='ocrx_word' id='word_1_308' title='bbox 1498 1918 1623 1959; x_wconf 89' lang='lat' dir='ltr'><strong>esse</strong></span> <span class='ocrx_word' id='word_1_309' title='bbox 1664 1904 1901 1972; x_wconf 91' lang='lat' dir='ltr'><strong>videtur,</strong></span> <span class='ocrx_word' id='word_1_310' title='bbox 1938 1915 1995 1960; x_wconf 91' lang='lat' dir='ltr'><strong>et</strong></span> <span class='ocrx_word' id='word_1_311' title='bbox 2022 1906 2118 1960; x_wconf 91' lang='lat' dir='ltr'><strong>dat</strong></span> <span class='ocrx_word' id='word_1_312' title='bbox 2143 1905 2338 1962; x_wconf 81' lang='lat' dir='ltr'><strong>Lazari</strong></span> 
     </span>
    </p>
   </div>
   <div class='ocr_carea' id='block_1_36' title="bbox 2449 1894 4012 1974">
    <p class='ocr_par' dir='ltr' id='par_1_36' title="bbox 2449 1899 4012 1974">
     <span class='ocr_line' id='line_1_59' title="bbox 2449 1899 4012 1974; baseline -0.003 -17"><span class='ocrx_word' id='word_1_313' title='bbox 2449 1904 2739 1957; x_wconf 76' lang='grc' dir='ltr'>ἀνάστασιν</span> <span class='ocrx_word' id='word_1_314' title='bbox 2770 1903 2947 1956; x_wconf 82' lang='grc' dir='ltr'>κοινὸν</span> <span class='ocrx_word' id='word_1_315' title='bbox 2976 1902 3136 1974; x_wconf 82' lang='grc' dir='ltr'>ἔργον</span> <span class='ocrx_word' id='word_1_316' title='bbox 3167 1901 3455 1972; x_wconf 90' lang='grc' dir='ltr'>γεγονέναι</span> <span class='ocrx_word' id='word_1_317' title='bbox 3493 1901 3628 1955; x_wconf 91' lang='grc' dir='ltr'>Υἱοῦ</span> <span class='ocrx_word' id='word_1_318' title='bbox 3671 1901 3769 1954; x_wconf 92' lang='grc' dir='ltr'><strong>τοῦ</strong></span> <span class='ocrx_word' id='word_1_319' title='bbox 3794 1899 4012 1971; x_wconf 79' lang='grc' dir='ltr'>εὐξαμέ-</span> 
     </span>
    </p>
   </div>
   <div class='ocr_carea' id='block_1_37' title="bbox 756 1993 2341 2066">
    <p class='ocr_par' dir='ltr' id='par_1_37' title="bbox 756 1993 2341 2066">
     <span class='ocr_line' id='line_1_60' title="bbox 756 1993 2341 2066; baseline 0.005 -20"><span class='ocrx_word' id='word_1_320' title='bbox 756 2007 827 2047; x_wconf 88' lang='lat' dir='ltr'><strong>ex</strong></span> <span class='ocrx_word' id='word_1_321' title='bbox 878 1993 1112 2049; x_wconf 84' lang='lat' dir='ltr'><strong>mortuis</strong></span> <span class='ocrx_word' id='word_1_322' title='bbox 1158 1995 1620 2050; x_wconf 85' lang='lat' dir='ltr'><strong>resurrectionem</strong></span> <span class='ocrx_word' id='word_1_323' title='bbox 1673 2009 1965 2051; x_wconf 89' lang='lat' dir='ltr'><strong>commune</strong></span> <span class='ocrx_word' id='word_1_324' title='bbox 1992 2010 2131 2066; x_wconf 89' lang='lat' dir='ltr'><strong>opus</strong></span> <span class='ocrx_word' id='word_1_325' title='bbox 2173 1996 2341 2054; x_wconf 87' lang='lat' dir='ltr'><strong>fuisse</strong></span> 
     </span>
    </p>
   </div>
   <div class='ocr_carea' id='block_1_38' title="bbox 760 2083 2342 2155">
    <p class='ocr_par' dir='ltr' id='par_1_38' title="bbox 760 2083 2342 2155">
     <span class='ocr_line' id='line_1_61' title="bbox 760 2083 2342 2155; baseline 0.004 -18"><span class='ocrx_word' id='word_1_326' title='bbox 760 2094 873 2138; x_wconf 90' lang='lat' dir='ltr'><strong>tum</strong></span> <span class='ocrx_word' id='word_1_327' title='bbox 900 2083 1023 2139; x_wconf 85' lang='lat' dir='ltr'><strong>Filii</strong></span> <span class='ocrx_word' id='word_1_328' title='bbox 1055 2086 1359 2155; x_wconf 87' lang='lat' dir='ltr'><strong>precantis,</strong></span> <span class='ocrx_word' id='word_1_329' title='bbox 1393 2096 1505 2140; x_wconf 92' lang='lat' dir='ltr'><strong>tum</strong></span> <span class='ocrx_word' id='word_1_330' title='bbox 1536 2085 1717 2141; x_wconf 88' lang='lat' dir='ltr'><strong>Patris</strong></span> <span class='ocrx_word' id='word_1_331' title='bbox 1740 2086 2110 2155; x_wconf 73' lang='lat' dir='ltr'><strong>exaudientia,</strong></span> <span class='ocrx_word' id='word_1_332' title='bbox 2159 2096 2342 2144; x_wconf 90' lang='lat' dir='ltr'><strong>utetur</strong></span> 
     </span>
    </p>
   </div>
   <div class='ocr_carea' id='block_1_39' title="bbox 759 2175 2340 2250">
    <p class='ocr_par' dir='ltr' id='par_1_39' title="bbox 759 2175 2340 2250">
     <span class='ocr_line' id='line_1_62' title="bbox 759 2175 2340 2250; baseline 0.003 -21"><span class='ocrx_word' id='word_1_333' title='bbox 759 2176 1074 2233; x_wconf 89' lang='lat' dir='ltr'><strong>testimonio</strong></span> <span class='ocrx_word' id='word_1_334' title='bbox 1096 2175 1309 2234; x_wconf 91' lang='lat' dir='ltr'><strong>Domini</strong></span> <span class='ocrx_word' id='word_1_335' title='bbox 1344 2178 1413 2232; x_wconf 90' lang='lat' dir='ltr'><strong>ad</strong></span> <span class='ocrx_word' id='word_1_336' title='bbox 1440 2176 1707 2233; x_wconf 83' lang='lat' dir='ltr'><strong>Martham</strong></span> <span class='ocrx_word' id='word_1_337' title='bbox 1734 2178 1965 2235; x_wconf 91' lang='lat' dir='ltr'><strong>dicentis</strong></span> <span class='ocrx_word' id='word_1_338' title='bbox 1991 2194 2008 2233; x_wconf 92' lang='lat'><strong>:</strong></span> <span class='ocrx_word' id='word_1_339' title='bbox 2037 2198 2057 2232; x_wconf 82' lang='grc' dir='ltr'><strong>ι</strong></span> <span class='ocrx_word' id='word_1_340' title='bbox 2085 2180 2197 2250; x_wconf 80' lang='lat' dir='ltr'><strong>Ego</strong></span> <span class='ocrx_word' id='word_1_341' title='bbox 2221 2195 2340 2236; x_wconf 91' lang='lat' dir='ltr'><strong>sum</strong></span> 
     </span>
    </p>
   </div>
   <div class='ocr_carea' id='block_1_40' title="bbox 760 2268 2343 2341">
    <p class='ocr_par' dir='ltr' id='par_1_40' title="bbox 760 2268 2343 2341">
     <span class='ocr_line' id='line_1_63' title="bbox 760 2268 2343 2341; baseline 0.004 -21"><span class='ocrx_word' id='word_1_342' title='bbox 760 2268 1091 2324; x_wconf 85' lang='lat' dir='ltr'><strong>resurrectio</strong></span> <span class='ocrx_word' id='word_1_343' title='bbox 1124 2278 1183 2324; x_wconf 89' lang='lat' dir='ltr'><strong>et</strong></span> <span class='ocrx_word' id='word_1_344' title='bbox 1211 2269 1330 2324; x_wconf 87' lang='lat' dir='ltr'><strong>vita</strong></span> <span class='ocrx_word' id='word_1_345' title='bbox 1357 2269 1441 2324; x_wconf 66' lang='lat'><strong>8’:</strong></span> <span class='ocrx_word' id='word_1_346' title='bbox 1474 2288 1495 2323; x_wconf 75' lang='grc' dir='ltr'><strong>ι</strong></span> <span class='ocrx_word' id='word_1_347' title='bbox 1527 2269 1799 2341; x_wconf 88' lang='lat' dir='ltr'><strong>addetque</strong></span> <span class='ocrx_word' id='word_1_348' title='bbox 1824 2270 1955 2325; x_wconf 91' lang='lat' dir='ltr'><strong>illud</strong></span> <span class='ocrx_word' id='word_1_349' title='bbox 1989 2272 2153 2329; x_wconf 86' lang='lat' dir='ltr'><strong>etiam</strong></span> <span class='ocrx_word' id='word_1_350' title='bbox 2186 2288 2203 2326; x_wconf 93' lang='lat'><strong>:</strong></span> <span class='ocrx_word' id='word_1_351' title='bbox 2230 2291 2249 2324; x_wconf 83' lang='grc' dir='ltr'><strong>ι</strong></span> <span class='ocrx_word' id='word_1_352' title='bbox 2269 2271 2343 2329; x_wconf 92' lang='lat' dir='ltr'><strong>Ut</strong></span> 
     </span>
    </p>
   </div>
   <div class='ocr_carea' id='block_1_41' title="bbox 757 2358 2342 2429">
    <p class='ocr_par' dir='ltr' id='par_1_41' title="bbox 757 2358 2342 2429">
     <span class='ocr_line' id='line_1_64' title="bbox 757 2358 2342 2429; baseline 0.004 -19"><span class='ocrx_word' id='word_1_353' title='bbox 757 2358 902 2412; x_wconf 79' lang='lat' dir='ltr'><strong>enim</strong></span> <span class='ocrx_word' id='word_1_354' title='bbox 938 2358 1098 2415; x_wconf 90' lang='lat' dir='ltr'><strong>Pater</strong></span> <span class='ocrx_word' id='word_1_355' title='bbox 1137 2362 1365 2417; x_wconf 86' lang='lat' dir='ltr'><strong>suscitat</strong></span> <span class='ocrx_word' id='word_1_356' title='bbox 1392 2371 1639 2416; x_wconf 84' lang='lat' dir='ltr'><strong>mortuos</strong></span> <span class='ocrx_word' id='word_1_357' title='bbox 1668 2369 1725 2416; x_wconf 86' lang='lat' dir='ltr'><strong>et</strong></span> <span class='ocrx_word' id='word_1_358' title='bbox 1758 2360 2019 2429; x_wconf 84' lang='lat' dir='ltr'><strong>vivificat,</strong></span> <span class='ocrx_word' id='word_1_359' title='bbox 2058 2363 2139 2420; x_wconf 91' lang='lat' dir='ltr'><strong>sic</strong></span> <span class='ocrx_word' id='word_1_360' title='bbox 2174 2364 2342 2419; x_wconf 87' lang='lat' dir='ltr'><strong>etiam</strong></span> 
     </span>
    </p>
   </div>
   <div class='ocr_carea' id='block_1_42' title="bbox 759 2447 1629 2519">
    <p class='ocr_par' dir='ltr' id='par_1_42' title="bbox 759 2447 1629 2519">
     <span class='ocr_line' id='line_1_65' title="bbox 759 2447 1629 2519; baseline 0.001 -16"><span class='ocrx_word' id='word_1_361' title='bbox 759 2447 949 2515; x_wconf 88' lang='lat' dir='ltr'><strong>Filius,</strong></span> <span class='ocrx_word' id='word_1_362' title='bbox 974 2465 1111 2519; x_wconf 90' lang='lat' dir='ltr'><strong>quos</strong></span> <span class='ocrx_word' id='word_1_363' title='bbox 1126 2452 1241 2506; x_wconf 94' lang='lat' dir='ltr'><strong>vult</strong></span> <span class='ocrx_word' id='word_1_364' title='bbox 1261 2452 1498 2507; x_wconf 79' lang='lat' dir='ltr'><strong>vivificat</strong></span> <span class='ocrx_word' id='word_1_365' title='bbox 1518 2450 1586 2506; x_wconf 71' lang='grc' dir='ltr'><strong>θ’.</strong></span> <span class='ocrx_word' id='word_1_366' title='bbox 1608 2470 1629 2503; x_wconf 74' lang='grc' dir='ltr'><strong>ι</strong></span> 
     </span>
    </p>
   </div>
   <div class='ocr_carea' id='block_1_43' title="bbox 830 2540 2345 2614">
    <p class='ocr_par' dir='ltr' id='par_1_43' title="bbox 830 2540 2345 2614">
     <span class='ocr_line' id='line_1_66' title="bbox 830 2540 2345 2614; baseline 0.002 -18"><span class='ocrx_word' id='word_1_367' title='bbox 830 2540 886 2596; x_wconf 88' lang='lat'><strong>9.</strong></span> <span class='ocrx_word' id='word_1_368' title='bbox 920 2558 940 2593; x_wconf 85' lang='grc' dir='ltr'><strong>ι</strong></span> <span class='ocrx_word' id='word_1_369' title='bbox 971 2540 1124 2597; x_wconf 77' lang='lat' dir='ltr'><strong>Multi</strong></span> <span class='ocrx_word' id='word_1_370' title='bbox 1162 2543 1329 2614; x_wconf 76' lang='lat' dir='ltr'><strong>igitur</strong></span> <span class='ocrx_word' id='word_1_371' title='bbox 1354 2557 1421 2599; x_wconf 88' lang='lat' dir='ltr'><strong>ex</strong></span> <span class='ocrx_word' id='word_1_372' title='bbox 1453 2542 1657 2598; x_wconf 60' lang='lat' dir='ltr'><strong>ludatis</strong></span> <span class='ocrx_word' id='word_1_373' title='bbox 1684 2543 1775 2612; x_wconf 90' lang='lat' dir='ltr'><strong>qui</strong></span> <span class='ocrx_word' id='word_1_374' title='bbox 1818 2552 2085 2600; x_wconf 78' lang='lat' dir='ltr'><strong>venerant</strong></span> <span class='ocrx_word' id='word_1_375' title='bbox 2120 2544 2187 2599; x_wconf 89' lang='lat' dir='ltr'><strong>ad</strong></span> <span class='ocrx_word' id='word_1_376' title='bbox 2226 2543 2345 2599; x_wconf 73' lang='lat' dir='ltr'><strong>Ma-</strong></span> 
     </span>
    </p>
   </div>
   <div class='ocr_carea' id='block_1_44' title="bbox 759 2634 2347 2706">
    <p class='ocr_par' dir='ltr' id='par_1_44' title="bbox 759 2634 2347 2706">
     <span class='ocr_line' id='line_1_67' title="bbox 759 2634 2347 2706; baseline 0.002 -16"><span class='ocrx_word' id='word_1_377' title='bbox 759 2637 920 2701; x_wconf 83' lang='lat' dir='ltr'><strong>riam,</strong></span> <span class='ocrx_word' id='word_1_378' title='bbox 947 2650 1069 2691; x_wconf 87' lang='lat' dir='ltr'><strong>cum</strong></span> <span class='ocrx_word' id='word_1_379' title='bbox 1097 2634 1361 2692; x_wconf 83' lang='lat' dir='ltr'><strong>vidissent</strong></span> <span class='ocrx_word' id='word_1_380' title='bbox 1388 2650 1510 2706; x_wconf 59' lang='lat' dir='ltr'><strong>quae</strong></span> <span class='ocrx_word' id='word_1_381' title='bbox 1548 2635 1771 2692; x_wconf 84' lang='lat' dir='ltr'><strong>fecisset</strong></span> <span class='ocrx_word' id='word_1_382' title='bbox 1789 2634 1972 2704; x_wconf 85' lang='lat' dir='ltr'><strong>Jesus,</strong></span> <span class='ocrx_word' id='word_1_383' title='bbox 1999 2636 2347 2694; x_wconf 89' lang='lat' dir='ltr'><strong>crediderunt</strong></span> 
     </span>
    </p>
   </div>
   <div class='ocr_carea' id='block_1_45' title="bbox 762 2728 2348 2800">
    <p class='ocr_par' dir='ltr' id='par_1_45' title="bbox 762 2728 2348 2800">
     <span class='ocr_line' id='line_1_68' title="bbox 762 2728 2348 2800; baseline 0.002 -18"><span class='ocrx_word' id='word_1_384' title='bbox 762 2729 818 2784; x_wconf 92' lang='lat' dir='ltr'><strong>in</strong></span> <span class='ocrx_word' id='word_1_385' title='bbox 850 2744 976 2784; x_wconf 92' lang='lat' dir='ltr'><strong>eum</strong></span> <span class='ocrx_word' id='word_1_386' title='bbox 996 2729 1067 2782; x_wconf 81' lang='lat'><strong>&quot;.</strong></span> <span class='ocrx_word' id='word_1_387' title='bbox 1087 2746 1108 2780; x_wconf 79' lang='grc' dir='ltr'><strong>ι</strong></span> <span class='ocrx_word' id='word_1_388' title='bbox 1148 2728 1215 2783; x_wconf 86' lang='lat' dir='ltr'><strong>Et</strong></span> <span class='ocrx_word' id='word_1_389' title='bbox 1243 2742 1377 2784; x_wconf 88' lang='lat' dir='ltr'><strong>sane</strong></span> <span class='ocrx_word' id='word_1_390' title='bbox 1404 2743 1700 2797; x_wconf 87' lang='lat' dir='ltr'><strong>quemnam</strong></span> <span class='ocrx_word' id='word_1_391' title='bbox 1737 2742 1929 2787; x_wconf 91' lang='lat' dir='ltr'><strong>eorum</strong></span> <span class='ocrx_word' id='word_1_392' title='bbox 1962 2729 2056 2800; x_wconf 92' lang='lat' dir='ltr'><strong>qui</strong></span> <span class='ocrx_word' id='word_1_393' title='bbox 2108 2729 2348 2791; x_wconf 84' lang='lat' dir='ltr'><strong>demersi</strong></span> 
     </span>
    </p>
   </div>
   <div class='ocr_carea' id='block_1_46' title="bbox 760 2819 2347 2890">
    <p class='ocr_par' dir='ltr' id='par_1_46' title="bbox 760 2819 2347 2890">
     <span class='ocr_line' id='line_1_69' title="bbox 760 2819 2347 2890; baseline 0.002 -16"><span class='ocrx_word' id='word_1_394' title='bbox 760 2819 1056 2876; x_wconf 84' lang='lat' dir='ltr'><strong>admodum</strong></span> <span class='ocrx_word' id='word_1_395' title='bbox 1112 2819 1267 2876; x_wconf 89' lang='lat' dir='ltr'><strong>fuere</strong></span> <span class='ocrx_word' id='word_1_396' title='bbox 1314 2819 1468 2884; x_wconf 86' lang='lat' dir='ltr'><strong>vitio.</strong></span> <span class='ocrx_word' id='word_1_397' title='bbox 1524 2828 1781 2890; x_wconf 88' lang='lat' dir='ltr'><strong>tanquam</strong></span> <span class='ocrx_word' id='word_1_398' title='bbox 1834 2819 2254 2878; x_wconf 85' lang='lat' dir='ltr'><strong>mortificatione</strong></span> <span class='ocrx_word' id='word_1_399' title='bbox 2291 2830 2347 2879; x_wconf 84' lang='lat' dir='ltr'><strong>et</strong></span> 
     </span>
    </p>
   </div>
   <div class='ocr_carea' id='block_1_47' title="bbox 760 2908 2343 2982">
    <p class='ocr_par' dir='ltr' id='par_1_47' title="bbox 760 2908 2343 2982">
     <span class='ocr_line' id='line_1_70' title="bbox 760 2908 2343 2982; baseline 0.002 -19"><span class='ocrx_word' id='word_1_400' title='bbox 760 2908 954 2975; x_wconf 89' lang='lat' dir='ltr'><strong>fetore,</strong></span> <span class='ocrx_word' id='word_1_401' title='bbox 983 2909 1187 2979; x_wconf 90' lang='lat' dir='ltr'><strong>quique</strong></span> <span class='ocrx_word' id='word_1_402' title='bbox 1217 2923 1429 2965; x_wconf 87' lang='lat' dir='ltr'><strong>summa</strong></span> <span class='ocrx_word' id='word_1_403' title='bbox 1455 2910 1754 2965; x_wconf 85' lang='lat' dir='ltr'><strong>mutatione</strong></span> <span class='ocrx_word' id='word_1_404' title='bbox 1772 2908 1914 2965; x_wconf 86' lang='lat' dir='ltr'><strong>facta</strong></span> <span class='ocrx_word' id='word_1_405' title='bbox 1944 2911 2343 2982; x_wconf 89' lang='lat' dir='ltr'><strong>deposuerunt,</strong></span> 
     </span>
    </p>
   </div>
   <div class='ocr_carea' id='block_1_48' title="bbox 763 2999 2347 3071">
    <p class='ocr_par' dir='ltr' id='par_1_48' title="bbox 763 2999 2347 3071">
     <span class='ocr_line' id='line_1_71' title="bbox 763 2999 2347 3071; baseline 0.002 -16"><span class='ocrx_word' id='word_1_406' title='bbox 763 3000 994 3071; x_wconf 89' lang='lat' dir='ltr'><strong>imperio</strong></span> <span class='ocrx_word' id='word_1_407' title='bbox 1025 3009 1081 3056; x_wconf 90' lang='lat' dir='ltr'><strong>et</strong></span> <span class='ocrx_word' id='word_1_408' title='bbox 1107 3000 1496 3071; x_wconf 88' lang='lat' dir='ltr'><strong>cooperatione</strong></span> <span class='ocrx_word' id='word_1_409' title='bbox 1525 2999 1649 3055; x_wconf 87' lang='lat' dir='ltr'><strong>Filii</strong></span> <span class='ocrx_word' id='word_1_410' title='bbox 1683 2999 1802 3069; x_wconf 89' lang='lat' dir='ltr'><strong>Dei,</strong></span> <span class='ocrx_word' id='word_1_411' title='bbox 1833 3016 1940 3056; x_wconf 92' lang='lat' dir='ltr'><strong>non</strong></span> <span class='ocrx_word' id='word_1_412' title='bbox 1986 3002 2159 3058; x_wconf 91' lang='lat' dir='ltr'><strong>solum</strong></span> <span class='ocrx_word' id='word_1_413' title='bbox 2202 3002 2347 3058; x_wconf 91' lang='lat' dir='ltr'><strong>mul-</strong></span> 
     </span>
    </p>
   </div>
   <div class='ocr_carea' id='block_1_49' title="bbox 762 3091 2346 3161">
    <p class='ocr_par' dir='ltr' id='par_1_49' title="bbox 762 3091 2346 3161">
     <span class='ocr_line' id='line_1_72' title="bbox 762 3091 2346 3161; baseline 0.002 -13"><span class='ocrx_word' id='word_1_414' title='bbox 762 3101 877 3148; x_wconf 87' lang='lat' dir='ltr'><strong>tum</strong></span> <span class='ocrx_word' id='word_1_415' title='bbox 929 3091 1160 3149; x_wconf 79' lang='lat' dir='ltr'><strong>fetorem</strong></span> <span class='ocrx_word' id='word_1_416' title='bbox 1190 3107 1260 3149; x_wconf 81' lang='lat' dir='ltr'><strong>ex</strong></span> <span class='ocrx_word' id='word_1_417' title='bbox 1301 3100 1528 3158; x_wconf 89' lang='lat' dir='ltr'><strong>peccato</strong></span> <span class='ocrx_word' id='word_1_418' title='bbox 1556 3101 1918 3161; x_wconf 87' lang='lat' dir='ltr'><strong>contractum,</strong></span> <span class='ocrx_word' id='word_1_419' title='bbox 1952 3108 2140 3149; x_wconf 89' lang='lat' dir='ltr'><strong>verum</strong></span> <span class='ocrx_word' id='word_1_420' title='bbox 2180 3096 2346 3151; x_wconf 87' lang='lat' dir='ltr'><strong>etiam</strong></span> 
     </span>
    </p>
   </div>
   <div class='ocr_carea' id='block_1_50' title="bbox 761 3180 2347 3254">
    <p class='ocr_par' dir='ltr' id='par_1_50' title="bbox 761 3180 2347 3254">
     <span class='ocr_line' id='line_1_73' title="bbox 761 3180 2347 3254; baseline 0.003 -19"><span class='ocrx_word' id='word_1_421' title='bbox 761 3182 977 3239; x_wconf 86' lang='lat' dir='ltr'><strong>vincula</strong></span> <span class='ocrx_word' id='word_1_422' title='bbox 1004 3184 1152 3239; x_wconf 86' lang='lat' dir='ltr'><strong>vires</strong></span> <span class='ocrx_word' id='word_1_423' title='bbox 1179 3182 1379 3238; x_wconf 67' lang='lat' dir='ltr'><strong>anima:</strong></span> <span class='ocrx_word' id='word_1_424' title='bbox 1398 3180 1729 3250; x_wconf 90' lang='lat' dir='ltr'><strong>detinentia,</strong></span> <span class='ocrx_word' id='word_1_425' title='bbox 1757 3196 1957 3254; x_wconf 86' lang='lat' dir='ltr'><strong>nempe</strong></span> <span class='ocrx_word' id='word_1_426' title='bbox 2003 3184 2152 3241; x_wconf 90' lang='lat' dir='ltr'><strong>vires</strong></span> <span class='ocrx_word' id='word_1_427' title='bbox 2182 3185 2347 3241; x_wconf 88' lang='lat' dir='ltr'><strong>eundi</strong></span> 
     </span>
    </p>
   </div>
   <div class='ocr_carea' id='block_1_51' title="bbox 758 3255 2418 3350">
    <p class='ocr_par' dir='ltr' id='par_1_51' title="bbox 758 3255 2418 3350">
     <span class='ocr_line' id='line_1_74' title="bbox 758 3255 2418 3350; baseline 0.002 -20"><span class='ocrx_word' id='word_1_428' title='bbox 758 3283 818 3330; x_wconf 86' lang='lat' dir='ltr'><strong>et</strong></span> <span class='ocrx_word' id='word_1_429' title='bbox 842 3274 1128 3345; x_wconf 89' lang='lat' dir='ltr'><strong>operandi,</strong></span> <span class='ocrx_word' id='word_1_430' title='bbox 1153 3283 1320 3338; x_wconf 88' lang='lat' dir='ltr'><strong>atque</strong></span> <span class='ocrx_word' id='word_1_431' title='bbox 1346 3272 1517 3350; x_wconf 75' lang='lat' dir='ltr'><strong>etiam</strong></span> <span class='ocrx_word' id='word_1_432' title='bbox 1542 3281 1807 3343; x_wconf 69' lang='lat' dir='ltr'><strong>praeterea</strong></span> <span class='ocrx_word' id='word_1_433' title='bbox 1837 3276 1946 3330; x_wconf 88' lang='lat' dir='ltr'><strong>vim</strong></span> <span class='ocrx_word' id='word_1_434' title='bbox 1970 3277 2346 3349; x_wconf 83' lang='lat' dir='ltr'><strong>contemplan-</strong></span> <span class='ocrx_word' id='word_1_435' title='bbox 2374 3255 2418 3314; x_wconf 68' lang='grc' dir='ltr'>ο</span> 
     </span>
    </p>
   </div>
   <div class='ocr_carea' id='block_1_52' title="bbox 762 3366 2347 3438">
    <p class='ocr_par' dir='ltr' id='par_1_52' title="bbox 762 3366 2347 3438">
     <span class='ocr_line' id='line_1_75' title="bbox 762 3366 2347 3438; baseline 0.003 -17"><span class='ocrx_word' id='word_1_436' title='bbox 762 3366 850 3432; x_wconf 91' lang='lat' dir='ltr'><strong>di;</strong></span> <span class='ocrx_word' id='word_1_437' title='bbox 886 3382 1203 3438; x_wconf 85' lang='lat' dir='ltr'><strong>quemnam,</strong></span> <span class='ocrx_word' id='word_1_438' title='bbox 1238 3366 1486 3437; x_wconf 90' lang='lat' dir='ltr'><strong>inquam,</strong></span> <span class='ocrx_word' id='word_1_439' title='bbox 1520 3380 1627 3421; x_wconf 93' lang='lat' dir='ltr'><strong>non</strong></span> <span class='ocrx_word' id='word_1_440' title='bbox 1659 3376 1952 3423; x_wconf 92' lang='lat' dir='ltr'><strong>moverunt</strong></span> <span class='ocrx_word' id='word_1_441' title='bbox 1976 3369 2094 3425; x_wconf 61' lang='lat' dir='ltr'><strong>haec</strong></span> <span class='ocrx_word' id='word_1_442' title='bbox 2125 3369 2194 3424; x_wconf 88' lang='lat' dir='ltr'><strong>ad</strong></span> <span class='ocrx_word' id='word_1_443' title='bbox 2222 3385 2347 3427; x_wconf 89' lang='lat' dir='ltr'><strong>cre-</strong></span> 
     </span>
    </p>
   </div>
   <div class='ocr_carea' id='block_1_53' title="bbox 764 3459 2350 3535">
    <p class='ocr_par' dir='ltr' id='par_1_53' title="bbox 764 3459 2350 3535">
     <span class='ocr_line' id='line_1_76' title="bbox 764 3459 2350 3535; baseline 0.003 -20"><span class='ocrx_word' id='word_1_444' title='bbox 764 3459 1021 3526; x_wconf 89' lang='lat' dir='ltr'><strong>dendum,</strong></span> <span class='ocrx_word' id='word_1_445' title='bbox 1053 3472 1222 3530; x_wconf 89' lang='lat' dir='ltr'><strong>atque</strong></span> <span class='ocrx_word' id='word_1_446' title='bbox 1243 3462 1411 3516; x_wconf 88' lang='lat' dir='ltr'><strong>etiam</strong></span> <span class='ocrx_word' id='word_1_447' title='bbox 1439 3463 1508 3517; x_wconf 92' lang='lat' dir='ltr'><strong>ad</strong></span> <span class='ocrx_word' id='word_1_448' title='bbox 1538 3476 1671 3517; x_wconf 88' lang='lat' dir='ltr'><strong>vere</strong></span> <span class='ocrx_word' id='word_1_449' title='bbox 1700 3463 2034 3519; x_wconf 91' lang='lat' dir='ltr'><strong>credendum</strong></span> <span class='ocrx_word' id='word_1_450' title='bbox 2085 3464 2350 3535; x_wconf 67' lang='lat' dir='ltr'><strong>praedica-</strong></span> 
     </span>
    </p>
   </div>
   <div class='ocr_carea' id='block_1_54' title="bbox 764 3548 2348 3625">
    <p class='ocr_par' dir='ltr' id='par_1_54' title="bbox 764 3548 2348 3625">
     <span class='ocr_line' id='line_1_77' title="bbox 764 3548 2348 3625; baseline 0.005 -20"><span class='ocrx_word' id='word_1_451' title='bbox 764 3552 900 3606; x_wconf 89' lang='lat' dir='ltr'><strong>tioni</strong></span> <span class='ocrx_word' id='word_1_452' title='bbox 930 3550 1097 3607; x_wconf 82' lang='lat' dir='ltr'><strong>Jesu?</strong></span> <span class='ocrx_word' id='word_1_453' title='bbox 1129 3551 1371 3608; x_wconf 87' lang='lat' dir='ltr'><strong>Perculsi</strong></span> <span class='ocrx_word' id='word_1_454' title='bbox 1419 3554 1565 3609; x_wconf 90' lang='lat' dir='ltr'><strong>enim</strong></span> <span class='ocrx_word' id='word_1_455' title='bbox 1613 3555 1709 3624; x_wconf 91' lang='lat' dir='ltr'><strong>qui</strong></span> <span class='ocrx_word' id='word_1_456' title='bbox 1765 3548 2217 3625; x_wconf 78' lang='lat' dir='ltr'><strong>glorificabantur</strong></span> <span class='ocrx_word' id='word_1_457' title='bbox 2266 3569 2348 3620; x_wconf 83' lang='lat' dir='ltr'><strong>se,</strong></span> 
     </span>
    </p>
   </div>
   <div class='ocr_carea' id='block_1_55' title="bbox 766 3642 2351 3716">
    <p class='ocr_par' dir='ltr' id='par_1_55' title="bbox 766 3642 2351 3716">
     <span class='ocr_line' id='line_1_78' title="bbox 766 3642 2351 3716; baseline 0.003 -18"><span class='ocrx_word' id='word_1_458' title='bbox 766 3642 937 3698; x_wconf 78' lang='lat' dir='ltr'><strong>multa</strong></span> <span class='ocrx_word' id='word_1_459' title='bbox 990 3644 1275 3716; x_wconf 72' lang='lat' dir='ltr'><strong>diligentia</strong></span> <span class='ocrx_word' id='word_1_460' title='bbox 1324 3645 1596 3713; x_wconf 84' lang='lat' dir='ltr'><strong>adhibita,</strong></span> <span class='ocrx_word' id='word_1_461' title='bbox 1647 3646 1894 3703; x_wconf 88' lang='lat' dir='ltr'><strong>exerceri</strong></span> <span class='ocrx_word' id='word_1_462' title='bbox 1930 3647 1987 3701; x_wconf 91' lang='lat' dir='ltr'><strong>in</strong></span> <span class='ocrx_word' id='word_1_463' title='bbox 2022 3648 2198 3703; x_wconf 89' lang='lat' dir='ltr'><strong>verbo</strong></span> <span class='ocrx_word' id='word_1_464' title='bbox 2229 3647 2351 3716; x_wconf 87' lang='lat' dir='ltr'><strong>Dei,</strong></span> 
     </span>
    </p>
   </div>
   <div class='ocr_carea' id='block_1_56' title="bbox 767 3730 2355 3809">
    <p class='ocr_par' dir='ltr' id='par_1_56' title="bbox 767 3730 2355 3809">
     <span class='ocr_line' id='line_1_79' title="bbox 767 3730 2355 3809; baseline 0.003 -20"><span class='ocrx_word' id='word_1_465' title='bbox 767 3734 1165 3805; x_wconf 88' lang='lat' dir='ltr'><strong>plenitudinem</strong></span> <span class='ocrx_word' id='word_1_466' title='bbox 1201 3751 1335 3792; x_wconf 91' lang='lat' dir='ltr'><strong>vero</strong></span> <span class='ocrx_word' id='word_1_467' title='bbox 1365 3738 1484 3809; x_wconf 84' lang='lat' dir='ltr'><strong>ejus</strong></span> <span class='ocrx_word' id='word_1_468' title='bbox 1526 3730 1634 3794; x_wconf 91' lang='lat' dir='ltr'><strong>non</strong></span> <span class='ocrx_word' id='word_1_469' title='bbox 1685 3746 2071 3808; x_wconf 87' lang='lat' dir='ltr'><strong>perceperant,</strong></span> <span class='ocrx_word' id='word_1_470' title='bbox 2104 3738 2355 3794; x_wconf 88' lang='lat' dir='ltr'><strong>credide-</strong></span> 
     </span>
    </p>
   </div>
   <div class='ocr_carea' id='block_1_57' title="bbox 768 3828 2347 3902">
    <p class='ocr_par' dir='ltr' id='par_1_57' title="bbox 768 3828 2347 3902">
     <span class='ocr_line' id='line_1_80' title="bbox 768 3828 2347 3902; baseline 0 -19"><span class='ocrx_word' id='word_1_471' title='bbox 768 3840 894 3884; x_wconf 92' lang='lat' dir='ltr'><strong>runt</strong></span> <span class='ocrx_word' id='word_1_472' title='bbox 926 3830 1174 3886; x_wconf 88' lang='lat' dir='ltr'><strong>videntes</strong></span> <span class='ocrx_word' id='word_1_473' title='bbox 1206 3828 1393 3888; x_wconf 84' lang='lat' dir='ltr'><strong>Jesum</strong></span> <span class='ocrx_word' id='word_1_474' title='bbox 1432 3831 1484 3885; x_wconf 89' lang='lat' dir='ltr'><strong>in</strong></span> <span class='ocrx_word' id='word_1_475' title='bbox 1527 3831 1732 3892; x_wconf 82' lang='lat' dir='ltr'><strong>talibus</strong></span> <span class='ocrx_word' id='word_1_476' title='bbox 1785 3838 1997 3886; x_wconf 89' lang='lat' dir='ltr'><strong>tantum</strong></span> <span class='ocrx_word' id='word_1_477' title='bbox 2058 3830 2347 3902; x_wconf 89' lang='lat' dir='ltr'><strong>potuisse:</strong></span> 
     </span>
    </p>
   </div>
   <div class='ocr_carea' id='block_1_58' title="bbox 765 3919 2356 3993">
    <p class='ocr_par' dir='ltr' id='par_1_58' title="bbox 765 3919 2356 3993">
     <span class='ocr_line' id='line_1_81' title="bbox 765 3919 2356 3993; baseline -0.004 -12"><span class='ocrx_word' id='word_1_478' title='bbox 765 3919 927 3993; x_wconf 80' lang='lat'><strong>381</strong></span> <span class='ocrx_word' id='word_1_479' title='bbox 992 3922 1405 3992; x_wconf 67' lang='lat' dir='ltr'><strong>pra&#39;sertimque</strong></span> <span class='ocrx_word' id='word_1_480' title='bbox 1463 3921 1727 3977; x_wconf 91' lang='lat' dir='ltr'><strong>credituri</strong></span> <span class='ocrx_word' id='word_1_481' title='bbox 1773 3931 1932 3977; x_wconf 89' lang='lat' dir='ltr'><strong>erant</strong></span> <span class='ocrx_word' id='word_1_482' title='bbox 1984 3922 2077 3992; x_wconf 91' lang='lat' dir='ltr'><strong>qui</strong></span> <span class='ocrx_word' id='word_1_483' title='bbox 2135 3928 2356 3990; x_wconf 89' lang='lat' dir='ltr'><strong>propter</strong></span> 
     </span>
    </p>
   </div>
   <div class='ocr_carea' id='block_1_59' title="bbox 769 4011 2359 4084">
    <p class='ocr_par' dir='ltr' id='par_1_59' title="bbox 769 4011 2359 4084">
     <span class='ocr_line' id='line_1_82' title="bbox 769 4011 2359 4084; baseline -0.003 -17"><span class='ocrx_word' id='word_1_484' title='bbox 769 4025 1044 4068; x_wconf 86' lang='lat' dir='ltr'><strong>mortuum</strong></span> <span class='ocrx_word' id='word_1_485' title='bbox 1079 4023 1136 4070; x_wconf 91' lang='lat' dir='ltr'><strong>et</strong></span> <span class='ocrx_word' id='word_1_486' title='bbox 1182 4014 1407 4070; x_wconf 90' lang='lat' dir='ltr'><strong>omnino</strong></span> <span class='ocrx_word' id='word_1_487' title='bbox 1439 4014 1805 4084; x_wconf 90' lang='lat' dir='ltr'><strong>desperatum,</strong></span> <span class='ocrx_word' id='word_1_488' title='bbox 1844 4028 2007 4084; x_wconf 89' lang='lat' dir='ltr'><strong>quem</strong></span> <span class='ocrx_word' id='word_1_489' title='bbox 2038 4020 2094 4067; x_wconf 92' lang='lat' dir='ltr'><strong>et</strong></span> <span class='ocrx_word' id='word_1_490' title='bbox 2133 4011 2236 4081; x_wconf 85' lang='lat' dir='ltr'><strong>ipsi</strong></span> <span class='ocrx_word' id='word_1_491' title='bbox 2263 4011 2359 4064; x_wconf 87' lang='lat' dir='ltr'><strong>de-</strong></span> 
     </span>
    </p>
   </div>
   <div class='ocr_carea' id='block_1_60' title="bbox 769 4105 2358 4175">
    <p class='ocr_par' dir='ltr' id='par_1_60' title="bbox 769 4105 2358 4175">
     <span class='ocr_line' id='line_1_83' title="bbox 769 4105 2358 4175; baseline -0.001 -15"><span class='ocrx_word' id='word_1_492' title='bbox 769 4105 1036 4173; x_wconf 89' lang='lat' dir='ltr'><strong>ploratum</strong></span> <span class='ocrx_word' id='word_1_493' title='bbox 1071 4108 1372 4174; x_wconf 87' lang='lat' dir='ltr'><strong>habebant,</strong></span> <span class='ocrx_word' id='word_1_494' title='bbox 1392 4108 1462 4164; x_wconf 89' lang='lat' dir='ltr'><strong>ad</strong></span> <span class='ocrx_word' id='word_1_495' title='bbox 1486 4107 1711 4163; x_wconf 82' lang='lat' dir='ltr'><strong>Mariam</strong></span> <span class='ocrx_word' id='word_1_496' title='bbox 1742 4115 2014 4163; x_wconf 87' lang='lat' dir='ltr'><strong>venerant</strong></span> <span class='ocrx_word' id='word_1_497' title='bbox 2039 4105 2204 4161; x_wconf 86' lang='lat' dir='ltr'><strong>ollicii</strong></span> <span class='ocrx_word' id='word_1_498' title='bbox 2232 4119 2358 4175; x_wconf 78' lang='lat' dir='ltr'><strong>gra-</strong></span> 
     </span>
    </p>
   </div>
   <div class='ocr_carea' id='block_1_61' title="bbox 771 4199 2358 4270">
    <p class='ocr_par' dir='ltr' id='par_1_61' title="bbox 771 4199 2358 4270">
     <span class='ocr_line' id='line_1_84' title="bbox 771 4199 2358 4270; baseline 0 -18"><span class='ocrx_word' id='word_1_499' title='bbox 771 4199 863 4264; x_wconf 91' lang='lat' dir='ltr'><strong>tia,</strong></span> <span class='ocrx_word' id='word_1_500' title='bbox 912 4200 1221 4270; x_wconf 90' lang='lat' dir='ltr'><strong>plorantem</strong></span> <span class='ocrx_word' id='word_1_501' title='bbox 1273 4202 1344 4257; x_wconf 92' lang='lat' dir='ltr'><strong>ob</strong></span> <span class='ocrx_word' id='word_1_502' title='bbox 1400 4201 1588 4257; x_wconf 79' lang='lat' dir='ltr'><strong>fratris</strong></span> <span class='ocrx_word' id='word_1_503' title='bbox 1637 4216 1864 4267; x_wconf 90' lang='lat' dir='ltr'><strong>casum;</strong></span> <span class='ocrx_word' id='word_1_504' title='bbox 1917 4214 2155 4270; x_wconf 88' lang='lat' dir='ltr'><strong>quorum</strong></span> <span class='ocrx_word' id='word_1_505' title='bbox 2189 4199 2358 4254; x_wconf 88' lang='lat' dir='ltr'><strong>etiam</strong></span> 
     </span>
    </p>
   </div>
   <div class='ocr_carea' id='block_1_62' title="bbox 771 4291 2357 4371">
    <p class='ocr_par' dir='ltr' id='par_1_62' title="bbox 771 4291 2357 4371">
     <span class='ocr_line' id='line_1_85' title="bbox 771 4291 2357 4371; baseline -0.001 -23"><span class='ocrx_word' id='word_1_506' title='bbox 771 4308 937 4348; x_wconf 89' lang='lat' dir='ltr'><strong>causa</strong></span> <span class='ocrx_word' id='word_1_507' title='bbox 979 4294 1162 4371; x_wconf 79' lang='lat' dir='ltr'><strong>potius</strong></span> <span class='ocrx_word' id='word_1_508' title='bbox 1212 4308 1375 4363; x_wconf 90' lang='lat' dir='ltr'><strong>quam</strong></span> <span class='ocrx_word' id='word_1_509' title='bbox 1428 4294 1545 4363; x_wconf 90' lang='lat' dir='ltr'><strong>ejus</strong></span> <span class='ocrx_word' id='word_1_510' title='bbox 1576 4295 1669 4365; x_wconf 92' lang='lat' dir='ltr'><strong>qui</strong></span> <span class='ocrx_word' id='word_1_511' title='bbox 1711 4303 1956 4350; x_wconf 89' lang='lat' dir='ltr'><strong>mortuus</strong></span> <span class='ocrx_word' id='word_1_512' title='bbox 1994 4291 2203 4359; x_wconf 83' lang='lat' dir='ltr'><strong>fuerat,</strong></span> <span class='ocrx_word' id='word_1_513' title='bbox 2234 4307 2357 4348; x_wconf 90' lang='lat' dir='ltr'><strong>cum</strong></span> 
     </span>
    </p>
   </div>
   <div class='ocr_carea' id='block_1_63' title="bbox 775 4384 2359 4457">
    <p class='ocr_par' dir='ltr' id='par_1_63' title="bbox 775 4384 2359 4457">
     <span class='ocr_line' id='line_1_86' title="bbox 775 4384 2359 4457; baseline 0.001 -18"><span class='ocrx_word' id='word_1_514' title='bbox 775 4385 1012 4440; x_wconf 88' lang='lat' dir='ltr'><strong>venisset</strong></span> <span class='ocrx_word' id='word_1_515' title='bbox 1054 4386 1125 4440; x_wconf 90' lang='lat' dir='ltr'><strong>ad</strong></span> <span class='ocrx_word' id='word_1_516' title='bbox 1166 4386 1413 4441; x_wconf 87' lang='lat' dir='ltr'><strong>defuncti</strong></span> <span class='ocrx_word' id='word_1_517' title='bbox 1455 4385 1799 4457; x_wconf 89' lang='lat' dir='ltr'><strong>speluncam,</strong></span> <span class='ocrx_word' id='word_1_518' title='bbox 1842 4404 1861 4438; x_wconf 85' lang='grc' dir='ltr'><strong>ι</strong></span> <span class='ocrx_word' id='word_1_519' title='bbox 1904 4384 2130 4442; x_wconf 88' lang='lat' dir='ltr'><strong>sustulit</strong></span> <span class='ocrx_word' id='word_1_520' title='bbox 2169 4384 2359 4441; x_wconf 86' lang='lat' dir='ltr'><strong>oculos</strong></span> 
     </span>
    </p>
   </div>
   <div class='ocr_carea' id='block_1_64' title="bbox 772 4477 2361 4551">
    <p class='ocr_par' dir='ltr' id='par_1_64' title="bbox 772 4477 2361 4551">
     <span class='ocr_line' id='line_1_87' title="bbox 772 4477 2361 4551; baseline -0.003 -16"><span class='ocrx_word' id='word_1_521' title='bbox 772 4492 1008 4544; x_wconf 86' lang='lat' dir='ltr'><strong>sursum,</strong></span> <span class='ocrx_word' id='word_1_522' title='bbox 1044 4489 1101 4535; x_wconf 93' lang='lat' dir='ltr'><strong>et</strong></span> <span class='ocrx_word' id='word_1_523' title='bbox 1130 4479 1270 4535; x_wconf 84' lang='lat' dir='ltr'><strong>dixit</strong></span> <span class='ocrx_word' id='word_1_524' title='bbox 1308 4498 1323 4535; x_wconf 88' lang='lat'><strong>:</strong></span> <span class='ocrx_word' id='word_1_525' title='bbox 1354 4479 1535 4548; x_wconf 89' lang='lat' dir='ltr'><strong>Pater,</strong></span> <span class='ocrx_word' id='word_1_526' title='bbox 1572 4480 1777 4551; x_wconf 81' lang='lat' dir='ltr'><strong>gratias</strong></span> <span class='ocrx_word' id='word_1_527' title='bbox 1806 4494 1908 4550; x_wconf 79' lang='lat' dir='ltr'><strong>ago</strong></span> <span class='ocrx_word' id='word_1_528' title='bbox 1934 4480 2054 4543; x_wconf 91' lang='lat' dir='ltr'><strong>tibi,</strong></span> <span class='ocrx_word' id='word_1_529' title='bbox 2084 4477 2230 4549; x_wconf 89' lang='lat' dir='ltr'><strong>quod</strong></span> <span class='ocrx_word' id='word_1_530' title='bbox 2258 4492 2361 4533; x_wconf 79' lang='lat' dir='ltr'><strong>au-</strong></span> 
     </span>
    </p>
   </div>
   <div class='ocr_carea' id='block_1_65' title="bbox 2441 1991 4015 2067">
    <p class='ocr_par' dir='ltr' id='par_1_65' title="bbox 2441 1991 4015 2067">
     <span class='ocr_line' id='line_1_88' title="bbox 2441 1991 4015 2067; baseline -0.003 -17"><span class='ocrx_word' id='word_1_531' title='bbox 2441 2014 2534 2051; x_wconf 90' lang='grc' dir='ltr'><strong>νου</strong></span> <span class='ocrx_word' id='word_1_532' title='bbox 2593 1995 2689 2050; x_wconf 77' lang='grc' dir='ltr'>καὶ</span> <span class='ocrx_word' id='word_1_533' title='bbox 2717 1995 2930 2067; x_wconf 85' lang='grc' dir='ltr'>Πατρδς</span> <span class='ocrx_word' id='word_1_534' title='bbox 2961 1994 3055 2048; x_wconf 85' lang='grc' dir='ltr'><strong>τοῦ</strong></span> <span class='ocrx_word' id='word_1_535' title='bbox 3086 1993 3510 2058; x_wconf 71' lang='grc' dir='ltr'>ἐπακούσαντος,</span> <span class='ocrx_word' id='word_1_536' title='bbox 3539 1995 3805 2066; x_wconf 79' lang='grc' dir='ltr'>χρήσεται</span> <span class='ocrx_word' id='word_1_537' title='bbox 3830 1993 3921 2046; x_wconf 75' lang='grc' dir='ltr'>καὶ</span> <span class='ocrx_word' id='word_1_538' title='bbox 3944 1991 4015 2064; x_wconf 77' lang='grc' dir='ltr'>τῷ</span> 
     </span>
    </p>
   </div>
   <div class='ocr_carea' id='block_1_66' title="bbox 2442 2084 4018 2161">
    <p class='ocr_par' dir='ltr' id='par_1_66' title="bbox 2442 2084 4018 2161">
     <span class='ocr_line' id='line_1_89' title="bbox 2442 2084 4018 2161; baseline -0.004 -18"><span class='ocrx_word' id='word_1_539' title='bbox 2442 2088 2717 2161; x_wconf 76' lang='grc' dir='ltr'><strong>εἰρημένῳ</strong></span> <span class='ocrx_word' id='word_1_540' title='bbox 2764 2087 2870 2140; x_wconf 79' lang='grc' dir='ltr'><strong>ὑπὸ</strong></span> <span class='ocrx_word' id='word_1_541' title='bbox 2900 2085 2996 2139; x_wconf 80' lang='grc' dir='ltr'><strong>τοῦ</strong></span> <span class='ocrx_word' id='word_1_542' title='bbox 3044 2086 3250 2157; x_wconf 82' lang='grc' dir='ltr'>Κυρίου</span> <span class='ocrx_word' id='word_1_543' title='bbox 3279 2086 3418 2158; x_wconf 80' lang='grc' dir='ltr'>πρὸς</span> <span class='ocrx_word' id='word_1_544' title='bbox 3462 2085 3561 2158; x_wconf 76' lang='grc' dir='ltr'>τὴν</span> <span class='ocrx_word' id='word_1_545' title='bbox 3592 2085 3823 2157; x_wconf 82' lang='grc' dir='ltr'>Μάρθαν</span> <span class='ocrx_word' id='word_1_546' title='bbox 3849 2084 4018 2153; x_wconf 85' lang='grc' dir='ltr'>λέγον-</span> 
     </span>
    </p>
   </div>
   <div class='ocr_carea' id='block_1_67' title="bbox 2442 2175 4016 2249">
    <p class='ocr_par' dir='ltr' id='par_1_67' title="bbox 2442 2175 4016 2249">
     <span class='ocr_line' id='line_1_90' title="bbox 2442 2175 4016 2249; baseline -0.003 -17"><span class='ocrx_word' id='word_1_547' title='bbox 2442 2197 2533 2244; x_wconf 90' lang='grc' dir='ltr'><strong>τος</strong></span> <span class='ocrx_word' id='word_1_548' title='bbox 2555 2196 2570 2210; x_wconf 73' lang='grc' dir='ltr'><strong>ο</strong></span> <span class='ocrx_word' id='word_1_549' title='bbox 2607 2199 2626 2231; x_wconf 88' lang='grc' dir='ltr'><strong>ι</strong></span> <span class='ocrx_word' id='word_1_550' title='bbox 2663 2177 2804 2248; x_wconf 85' lang='grc' dir='ltr'>Ἐγώ</span> <span class='ocrx_word' id='word_1_551' title='bbox 2834 2180 2951 2249; x_wconf 80' lang='grc' dir='ltr'>εἰμι</span> <span class='ocrx_word' id='word_1_552' title='bbox 2998 2179 3031 2249; x_wconf 82' lang='grc' dir='ltr'><strong>ἠ</strong></span> <span class='ocrx_word' id='word_1_553' title='bbox 3074 2176 3372 2241; x_wconf 84' lang='grc' dir='ltr'>ἀνάστασις</span> <span class='ocrx_word' id='word_1_554' title='bbox 3407 2177 3504 2231; x_wconf 70' lang='grc' dir='ltr'>καὶ</span> <span class='ocrx_word' id='word_1_555' title='bbox 3537 2178 3571 2248; x_wconf 79' lang='grc' dir='ltr'><strong>ἡ</strong></span> <span class='ocrx_word' id='word_1_556' title='bbox 3602 2175 3720 2248; x_wconf 81' lang='grc' dir='ltr'>ζωή</span> <span class='ocrx_word' id='word_1_557' title='bbox 3743 2194 3757 2207; x_wconf 91' lang='grc'><strong>·</strong></span> <span class='ocrx_word' id='word_1_558' title='bbox 3791 2194 3809 2228; x_wconf 78' lang='grc' dir='ltr'><strong>ι</strong></span> <span class='ocrx_word' id='word_1_559' title='bbox 3854 2192 4016 2248; x_wconf 73' lang='lat' dir='ltr'><strong>mp1-</strong></span> 
     </span>
    </p>
   </div>
   <div class='ocr_carea' id='block_1_68' title="bbox 2445 2268 4018 2343">
    <p class='ocr_par' dir='ltr' id='par_1_68' title="bbox 2445 2268 4018 2343">
     <span class='ocr_line' id='line_1_91' title="bbox 2445 2268 4018 2343; baseline -0.003 -18"><span class='ocrx_word' id='word_1_560' title='bbox 2445 2270 2669 2342; x_wconf 76' lang='grc' dir='ltr'>θήσεται</span> <span class='ocrx_word' id='word_1_561' title='bbox 2700 2271 2792 2325; x_wconf 81' lang='grc' dir='ltr'>καὶ</span> <span class='ocrx_word' id='word_1_562' title='bbox 2840 2271 2900 2324; x_wconf 88' lang='grc' dir='ltr'><strong>τό</strong></span> <span class='ocrx_word' id='word_1_563' title='bbox 2919 2288 2931 2300; x_wconf 94' lang='grc'><strong>·</strong></span> <span class='ocrx_word' id='word_1_564' title='bbox 2965 2289 2984 2321; x_wconf 82' lang='grc' dir='ltr'><strong>ι</strong></span> <span class='ocrx_word' id='word_1_565' title='bbox 3011 2270 3222 2339; x_wconf 82' lang='grc' dir='ltr'>Ὠσπερ</span> <span class='ocrx_word' id='word_1_566' title='bbox 3253 2268 3362 2343; x_wconf 82' lang='grc' dir='ltr'><strong>γὰρ</strong></span> <span class='ocrx_word' id='word_1_567' title='bbox 3392 2270 3422 2322; x_wconf 92' lang='lat'><strong>6</strong></span> <span class='ocrx_word' id='word_1_568' title='bbox 3451 2269 3647 2342; x_wconf 83' lang='grc' dir='ltr'>Πατὴρ</span> <span class='ocrx_word' id='word_1_569' title='bbox 3679 2268 3881 2340; x_wconf 74' lang='grc' dir='ltr'>ἐγείρει</span> <span class='ocrx_word' id='word_1_570' title='bbox 3904 2270 4018 2331; x_wconf 80' lang='grc' dir='ltr'>τοὺς</span> 
     </span>
    </p>
   </div>
   <div class='ocr_carea' id='block_1_69' title="bbox 2444 2358 4019 2435">
    <p class='ocr_par' dir='ltr' id='par_1_69' title="bbox 2444 2358 4019 2435">
     <span class='ocr_line' id='line_1_92' title="bbox 2444 2358 4019 2435; baseline -0.002 -19"><span class='ocrx_word' id='word_1_571' title='bbox 2444 2364 2672 2435; x_wconf 79' lang='grc' dir='ltr'>νεκροὺς</span> <span class='ocrx_word' id='word_1_572' title='bbox 2714 2364 2809 2417; x_wconf 78' lang='grc' dir='ltr'>καὶ</span> <span class='ocrx_word' id='word_1_573' title='bbox 2852 2361 3140 2427; x_wconf 85' lang='grc' dir='ltr'>ζωοποιεῖ,</span> <span class='ocrx_word' id='word_1_574' title='bbox 3181 2358 3355 2425; x_wconf 76' lang='grc' dir='ltr'>οὕτως</span> <span class='ocrx_word' id='word_1_575' title='bbox 3394 2362 3488 2415; x_wconf 78' lang='grc' dir='ltr'>καὶ</span> <span class='ocrx_word' id='word_1_576' title='bbox 3534 2363 3566 2415; x_wconf 83' lang='grc' dir='ltr'><strong>ὁ</strong></span> <span class='ocrx_word' id='word_1_577' title='bbox 3598 2361 3730 2425; x_wconf 85' lang='grc' dir='ltr'><strong>Υἱὸς</strong></span> <span class='ocrx_word' id='word_1_578' title='bbox 3761 2360 3855 2424; x_wconf 80' lang='grc' dir='ltr'>οὓς</span> <span class='ocrx_word' id='word_1_579' title='bbox 3890 2359 4019 2413; x_wconf 84' lang='grc' dir='ltr'>θέλει</span> 
     </span>
    </p>
   </div>
   <div class='ocr_carea' id='block_1_70' title="bbox 2446 2454 2785 2521">
    <p class='ocr_par' dir='ltr' id='par_1_70' title="bbox 2446 2454 2785 2521">
     <span class='ocr_line' id='line_1_93' title="bbox 2446 2454 2785 2521; baseline -0.006 -12"><span class='ocrx_word' id='word_1_580' title='bbox 2446 2454 2715 2521; x_wconf 84' lang='grc' dir='ltr'>ζωοποιεῖ.</span> <span class='ocrx_word' id='word_1_581' title='bbox 2766 2474 2785 2507; x_wconf 79' lang='grc' dir='ltr'><strong>ι</strong></span> 
     </span>
    </p>
   </div>
   <div class='ocr_carea' id='block_1_71' title="bbox 2516 2541 4021 2615">
    <p class='ocr_par' dir='ltr' id='par_1_71' title="bbox 2516 2541 4021 2615">
     <span class='ocr_line' id='line_1_94' title="bbox 2516 2541 4021 2615; baseline -0.005 -12"><span class='ocrx_word' id='word_1_582' title='bbox 2516 2548 2569 2603; x_wconf 87' lang='grc'><strong>9.</strong></span> <span class='ocrx_word' id='word_1_583' title='bbox 2613 2567 2632 2601; x_wconf 84' lang='grc' dir='ltr'><strong>ι</strong></span> <span class='ocrx_word' id='word_1_584' title='bbox 2668 2547 2862 2603; x_wconf 68' lang='grc' dir='ltr'>Πολλοὶ</span> <span class='ocrx_word' id='word_1_585' title='bbox 2886 2542 2980 2601; x_wconf 78' lang='grc' dir='ltr'>οὖν</span> <span class='ocrx_word' id='word_1_586' title='bbox 3005 2547 3071 2600; x_wconf 81' lang='grc' dir='ltr'>ἐκ</span> <span class='ocrx_word' id='word_1_587' title='bbox 3096 2544 3204 2599; x_wconf 90' lang='grc' dir='ltr'><strong>τῶν</strong></span> <span class='ocrx_word' id='word_1_588' title='bbox 3245 2544 3516 2599; x_wconf 82' lang='grc' dir='ltr'>Ἰουδαίων</span> <span class='ocrx_word' id='word_1_589' title='bbox 3540 2546 3590 2598; x_wconf 84' lang='grc' dir='ltr'><strong>οἱ</strong></span> <span class='ocrx_word' id='word_1_590' title='bbox 3620 2542 3867 2607; x_wconf 72' lang='grc' dir='ltr'>ἐλθόντες</span> <span class='ocrx_word' id='word_1_591' title='bbox 3896 2541 4021 2615; x_wconf 78' lang='grc' dir='ltr'>πρὸς</span> 
     </span>
    </p>
   </div>
   <div class='ocr_carea' id='block_1_72' title="bbox 2445 2635 4022 2713">
    <p class='ocr_par' dir='ltr' id='par_1_72' title="bbox 2445 2635 4022 2713">
     <span class='ocr_line' id='line_1_95' title="bbox 2445 2635 4022 2713; baseline -0.004 -18"><span class='ocrx_word' id='word_1_592' title='bbox 2445 2639 2544 2713; x_wconf 81' lang='grc' dir='ltr'>τὴν</span> <span class='ocrx_word' id='word_1_593' title='bbox 2564 2640 2807 2713; x_wconf 79' lang='grc' dir='ltr'>Μαρίαν,</span> <span class='ocrx_word' id='word_1_594' title='bbox 2830 2640 2925 2693; x_wconf 81' lang='grc' dir='ltr'>καὶ</span> <span class='ocrx_word' id='word_1_595' title='bbox 2947 2638 3268 2709; x_wconf 86' lang='grc' dir='ltr'>θεασάμενοι</span> <span class='ocrx_word' id='word_1_596' title='bbox 3289 2637 3326 2693; x_wconf 83' lang='grc' dir='ltr'><strong>ἀ</strong></span> <span class='ocrx_word' id='word_1_597' title='bbox 3346 2638 3602 2708; x_wconf 78' lang='grc' dir='ltr'>εποίησεν</span> <span class='ocrx_word' id='word_1_598' title='bbox 3623 2639 3653 2692; x_wconf 88' lang='lat'><strong>6</strong></span> <span class='ocrx_word' id='word_1_599' title='bbox 3680 2636 3886 2708; x_wconf 88' lang='grc' dir='ltr'>Ἰησοῦς</span> <span class='ocrx_word' id='word_1_600' title='bbox 3900 2635 4022 2706; x_wconf 88' lang='lat'><strong>(87),</strong></span> 
     </span>
    </p>
   </div>
   <div class='ocr_carea' id='block_1_73' title="bbox 2447 2726 4023 2797">
    <p class='ocr_par' dir='ltr' id='par_1_73' title="bbox 2447 2726 4023 2797">
     <span class='ocr_line' id='line_1_96' title="bbox 2447 2726 4023 2797; baseline -0.004 -13"><span class='ocrx_word' id='word_1_601' title='bbox 2447 2730 2775 2784; x_wconf 74' lang='grc' dir='ltr'>ἐπίστευσαν</span> <span class='ocrx_word' id='word_1_602' title='bbox 2807 2732 2887 2793; x_wconf 85' lang='grc' dir='ltr'><strong>είς</strong></span> <span class='ocrx_word' id='word_1_603' title='bbox 2919 2729 3101 2783; x_wconf 77' lang='grc' dir='ltr'>αὐτόν.</span> <span class='ocrx_word' id='word_1_604' title='bbox 3139 2749 3158 2781; x_wconf 74' lang='grc' dir='ltr'><strong>ι</strong></span> <span class='ocrx_word' id='word_1_605' title='bbox 3196 2729 3304 2783; x_wconf 80' lang='grc' dir='ltr'><strong>Καὶ</strong></span> <span class='ocrx_word' id='word_1_606' title='bbox 3336 2728 3459 2782; x_wconf 88' lang='grc' dir='ltr'>τίνα</span> <span class='ocrx_word' id='word_1_607' title='bbox 3483 2744 3548 2797; x_wconf 88' lang='grc' dir='ltr'><strong>γε</strong></span> <span class='ocrx_word' id='word_1_608' title='bbox 3577 2728 3680 2780; x_wconf 84' lang='grc' dir='ltr'><strong>ούκ</strong></span> <span class='ocrx_word' id='word_1_609' title='bbox 3721 2726 3789 2780; x_wconf 85' lang='grc' dir='ltr'>ἂν</span> <span class='ocrx_word' id='word_1_610' title='bbox 3819 2727 4023 2796; x_wconf 83' lang='grc' dir='ltr'>κινήσαι</span> 
     </span>
    </p>
   </div>
   <div class='ocr_carea' id='block_1_74' title="bbox 2449 2818 4024 2894">
    <p class='ocr_par' dir='ltr' id='par_1_74' title="bbox 2449 2818 4024 2894">
     <span class='ocr_line' id='line_1_97' title="bbox 2449 2818 4024 2894; baseline -0.003 -18"><span class='ocrx_word' id='word_1_611' title='bbox 2449 2822 2588 2894; x_wconf 85' lang='grc' dir='ltr'>πρὸς</span> <span class='ocrx_word' id='word_1_612' title='bbox 2630 2822 2694 2876; x_wconf 82' lang='grc' dir='ltr'>τὸ</span> <span class='ocrx_word' id='word_1_613' title='bbox 2742 2821 3031 2876; x_wconf 87' lang='grc' dir='ltr'>πιστεῦσαι</span> <span class='ocrx_word' id='word_1_614' title='bbox 3080 2820 3158 2893; x_wconf 89' lang='grc' dir='ltr'>τῷ</span> <span class='ocrx_word' id='word_1_615' title='bbox 3199 2820 3294 2875; x_wconf 89' lang='grc' dir='ltr'><strong>τοῦ</strong></span> <span class='ocrx_word' id='word_1_616' title='bbox 3333 2819 3508 2892; x_wconf 81' lang='grc' dir='ltr'>Ἰησοῦ</span> <span class='ocrx_word' id='word_1_617' title='bbox 3556 2820 3912 2893; x_wconf 81' lang='grc' dir='ltr'>κηρύγματι,</span> <span class='ocrx_word' id='word_1_618' title='bbox 3940 2818 4024 2872; x_wconf 77' lang='grc' dir='ltr'>καὶ</span> 
     </span>
    </p>
   </div>
   <div class='ocr_carea' id='block_1_75' title="bbox 2448 2911 4023 2989">
    <p class='ocr_par' dir='ltr' id='par_1_75' title="bbox 2448 2911 4023 2989">
     <span class='ocr_line' id='line_1_98' title="bbox 2448 2911 4023 2989; baseline -0.005 -18"><span class='ocrx_word' id='word_1_619' title='bbox 2448 2916 2665 2988; x_wconf 90' lang='grc' dir='ltr'>ἀληθῶς</span> <span class='ocrx_word' id='word_1_620' title='bbox 2687 2956 2703 2981; x_wconf 95' lang='grc'><strong>,</strong></span> <span class='ocrx_word' id='word_1_621' title='bbox 2745 2915 2988 2989; x_wconf 77' lang='grc' dir='ltr'>ὡσπερεὶ</span> <span class='ocrx_word' id='word_1_622' title='bbox 3032 2917 3098 2969; x_wconf 80' lang='grc' dir='ltr'>ὲκ</span> <span class='ocrx_word' id='word_1_623' title='bbox 3130 2914 3457 2985; x_wconf 87' lang='grc' dir='ltr'>νεκρότητος</span> <span class='ocrx_word' id='word_1_624' title='bbox 3491 2915 3587 2968; x_wconf 78' lang='grc' dir='ltr'>καὶ</span> <span class='ocrx_word' id='word_1_625' title='bbox 3606 2913 3902 2976; x_wconf 84' lang='grc' dir='ltr'>δυσωδίας,</span> <span class='ocrx_word' id='word_1_626' title='bbox 3926 2911 4023 2965; x_wconf 84' lang='grc' dir='ltr'><strong>τῶν</strong></span> 
     </span>
    </p>
   </div>
   <div class='ocr_carea' id='block_1_76' title="bbox 2451 3004 4030 3078">
    <p class='ocr_par' dir='ltr' id='par_1_76' title="bbox 2451 3004 4030 3078">
     <span class='ocr_line' id='line_1_99' title="bbox 2451 3004 4030 3078; baseline -0.004 -16"><span class='ocrx_word' id='word_1_627' title='bbox 2451 3008 2593 3062; x_wconf 90' lang='grc' dir='ltr'>πάνυ</span> <span class='ocrx_word' id='word_1_628' title='bbox 2627 3007 2734 3062; x_wconf 81' lang='grc' dir='ltr'><strong>ὑπὸ</strong></span> <span class='ocrx_word' id='word_1_629' title='bbox 2759 3007 2860 3078; x_wconf 80' lang='grc' dir='ltr'>τῆς</span> <span class='ocrx_word' id='word_1_630' title='bbox 2890 3007 3090 3071; x_wconf 83' lang='grc' dir='ltr'>κακίας</span> <span class='ocrx_word' id='word_1_631' title='bbox 3113 3004 3732 3077; x_wconf 77' lang='grc' dir='ltr'>καταϐεὸαπτισμένων,</span> <span class='ocrx_word' id='word_1_632' title='bbox 3764 3004 4030 3077; x_wconf 72' lang='grc' dir='ltr'>ἀκροτάτη</span> 
     </span>
    </p>
   </div>
   <div class='ocr_carea' id='block_1_77' title="bbox 2452 3094 4029 3174">
    <p class='ocr_par' dir='ltr' id='par_1_77' title="bbox 2452 3094 4029 3174">
     <span class='ocr_line' id='line_1_100' title="bbox 2452 3094 4029 3174; baseline -0.004 -21"><span class='ocrx_word' id='word_1_633' title='bbox 2452 3099 2725 3174; x_wconf 68' lang='grc' dir='ltr'>μεταϐολῇ</span> <span class='ocrx_word' id='word_1_634' title='bbox 2748 3098 3199 3172; x_wconf 79' lang='grc' dir='ltr'>ἀποσεισαμένων</span> <span class='ocrx_word' id='word_1_635' title='bbox 3216 3100 3282 3170; x_wconf 80' lang='grc' dir='ltr'>τῇ</span> <span class='ocrx_word' id='word_1_636' title='bbox 3309 3098 3608 3170; x_wconf 82' lang='grc' dir='ltr'>προστάξει</span> <span class='ocrx_word' id='word_1_637' title='bbox 3632 3098 3730 3151; x_wconf 73' lang='grc' dir='ltr'>καὶ</span> <span class='ocrx_word' id='word_1_638' title='bbox 3754 3094 4029 3167; x_wconf 73' lang='grc' dir='ltr'>συνεργείᾳ</span> 
     </span>
    </p>
   </div>
   <div class='ocr_carea' id='block_1_78' title="bbox 2448 3187 4029 3263">
    <p class='ocr_par' dir='ltr' id='par_1_78' title="bbox 2448 3187 4029 3263">
     <span class='ocr_line' id='line_1_101' title="bbox 2448 3187 4029 3263; baseline -0.005 -15"><span class='ocrx_word' id='word_1_639' title='bbox 2448 3193 2543 3248; x_wconf 88' lang='grc' dir='ltr'><strong>τοῦ</strong></span> <span class='ocrx_word' id='word_1_640' title='bbox 2560 3192 2734 3262; x_wconf 84' lang='grc' dir='ltr'>Λόγου</span> <span class='ocrx_word' id='word_1_641' title='bbox 2755 3192 2816 3246; x_wconf 79' lang='grc' dir='ltr'>οὺ</span> <span class='ocrx_word' id='word_1_642' title='bbox 2840 3191 3000 3263; x_wconf 88' lang='grc' dir='ltr'>μόνον</span> <span class='ocrx_word' id='word_1_643' title='bbox 3020 3191 3118 3263; x_wconf 82' lang='grc' dir='ltr'>τὴν</span> <span class='ocrx_word' id='word_1_644' title='bbox 3134 3190 3242 3246; x_wconf 83' lang='grc' dir='ltr'><strong>ἀπὺ</strong></span> <span class='ocrx_word' id='word_1_645' title='bbox 3254 3190 3355 3262; x_wconf 81' lang='grc' dir='ltr'>τῆς</span> <span class='ocrx_word' id='word_1_646' title='bbox 3368 3190 3643 3262; x_wconf 82' lang='grc' dir='ltr'>ἁμαρτίας</span> <span class='ocrx_word' id='word_1_647' title='bbox 3663 3187 3864 3260; x_wconf 64' lang='grc' dir='ltr'>πολλὴν</span> <span class='ocrx_word' id='word_1_648' title='bbox 3876 3188 4029 3241; x_wconf 79' lang='grc' dir='ltr'>δυσω-</span> 
     </span>
    </p>
   </div>
   <div class='ocr_carea' id='block_1_79' title="bbox 2449 3280 4029 3355">
    <p class='ocr_par' dir='ltr' id='par_1_79' title="bbox 2449 3280 4029 3355">
     <span class='ocr_line' id='line_1_102' title="bbox 2449 3280 4029 3355; baseline -0.006 -15"><span class='ocrx_word' id='word_1_649' title='bbox 2449 3285 2589 3351; x_wconf 90' lang='grc' dir='ltr'>δίαν,</span> <span class='ocrx_word' id='word_1_650' title='bbox 2605 3284 2741 3339; x_wconf 86' lang='grc' dir='ltr'><strong>ἀλλά</strong></span> <span class='ocrx_word' id='word_1_651' title='bbox 2763 3284 2858 3338; x_wconf 68' lang='grc' dir='ltr'><strong>καὶ⁹</strong></span> <span class='ocrx_word' id='word_1_652' title='bbox 2883 3284 3010 3349; x_wconf 79' lang='grc' dir='ltr'>τοὺς</span> <span class='ocrx_word' id='word_1_653' title='bbox 3038 3282 3369 3355; x_wconf 81' lang='grc' dir='ltr'>κατέχοντας</span> <span class='ocrx_word' id='word_1_654' title='bbox 3399 3282 3634 3353; x_wconf 78' lang='grc' dir='ltr'>δεσμοὺς</span> <span class='ocrx_word' id='word_1_655' title='bbox 3657 3280 3759 3353; x_wconf 82' lang='grc' dir='ltr'>τὴν</span> <span class='ocrx_word' id='word_1_656' title='bbox 3793 3294 4029 3354; x_wconf 80' lang='grc' dir='ltr'>πορευτι-</span> 
     </span>
    </p>
   </div>
   <div class='ocr_carea' id='block_1_80' title="bbox 2451 3370 4028 3448">
    <p class='ocr_par' dir='ltr' id='par_1_80' title="bbox 2451 3370 4028 3448">
     <span class='ocr_line' id='line_1_103' title="bbox 2451 3370 4028 3448; baseline -0.004 -19"><span class='ocrx_word' id='word_1_657' title='bbox 2451 3375 2556 3448; x_wconf 76' lang='grc' dir='ltr'>κὴν</span> <span class='ocrx_word' id='word_1_658' title='bbox 2576 3375 2669 3429; x_wconf 79' lang='grc' dir='ltr'>καὶ</span> <span class='ocrx_word' id='word_1_659' title='bbox 2684 3374 2784 3446; x_wconf 83' lang='grc' dir='ltr'><strong>τὴν</strong></span> <span class='ocrx_word' id='word_1_660' title='bbox 2802 3373 3099 3447; x_wconf 83' lang='grc' dir='ltr'>δραστικὴν</span> <span class='ocrx_word' id='word_1_661' title='bbox 3119 3373 3220 3444; x_wconf 80' lang='grc' dir='ltr'>τῆς</span> <span class='ocrx_word' id='word_1_662' title='bbox 3234 3372 3412 3444; x_wconf 78' lang='grc' dir='ltr'>ψυχῆς</span> <span class='ocrx_word' id='word_1_663' title='bbox 3431 3371 3682 3443; x_wconf 85' lang='grc' dir='ltr'>δύναμιν,</span> <span class='ocrx_word' id='word_1_664' title='bbox 3698 3370 3780 3425; x_wconf 77' lang='grc' dir='ltr'>ἐτι</span> <span class='ocrx_word' id='word_1_665' title='bbox 3797 3370 3853 3423; x_wconf 84' lang='grc' dir='ltr'>δὲ</span> <span class='ocrx_word' id='word_1_666' title='bbox 3872 3370 4028 3441; x_wconf 74' lang='grc' dir='ltr'>χωρἰς</span> 
     </span>
    </p>
   </div>
   <div class='ocr_carea' id='block_1_81' title="bbox 2451 3463 4029 3539">
    <p class='ocr_par' dir='ltr' id='par_1_81' title="bbox 2451 3463 4029 3539">
     <span class='ocr_line' id='line_1_104' title="bbox 2451 3463 4029 3539; baseline -0.004 -18"><span class='ocrx_word' id='word_1_667' title='bbox 2451 3467 2658 3522; x_wconf 89' lang='grc' dir='ltr'>τούτων</span> <span class='ocrx_word' id='word_1_668' title='bbox 2684 3468 2779 3521; x_wconf 66' lang='grc' dir='ltr'><strong>καὶ⁵</strong></span> <span class='ocrx_word' id='word_1_669' title='bbox 2813 3467 2910 3539; x_wconf 82' lang='grc' dir='ltr'>τὴν</span> <span class='ocrx_word' id='word_1_670' title='bbox 2945 3467 3316 3538; x_wconf 82' lang='grc' dir='ltr'>θεωρητικήν;</span> <span class='ocrx_word' id='word_1_671' title='bbox 3349 3465 3817 3533; x_wconf 81' lang='grc' dir='ltr'>Καταπλαγέντες</span> <span class='ocrx_word' id='word_1_672' title='bbox 3856 3463 3964 3534; x_wconf 82' lang='grc' dir='ltr'><strong>γάρ</strong></span> <span class='ocrx_word' id='word_1_673' title='bbox 3985 3463 4029 3514; x_wconf 75' lang='grc' dir='ltr'>οἱ</span> 
     </span>
    </p>
   </div>
   <div class='ocr_carea' id='block_1_82' title="bbox 2456 3554 4031 3629">
    <p class='ocr_par' dir='ltr' id='par_1_82' title="bbox 2456 3554 4031 3629">
     <span class='ocr_line' id='line_1_105' title="bbox 2456 3554 4031 3629; baseline -0.001 -19"><span class='ocrx_word' id='word_1_674' title='bbox 2456 3557 2654 3623; x_wconf 73' lang='grc' dir='ltr'>ἰδόντες</span> <span class='ocrx_word' id='word_1_675' title='bbox 2671 3558 2761 3612; x_wconf 86' lang='grc' dir='ltr'><strong>τδν</strong></span> <span class='ocrx_word' id='word_1_676' title='bbox 2790 3558 2995 3629; x_wconf 82' lang='grc' dir='ltr'>Ἰησοῦν</span> <span class='ocrx_word' id='word_1_677' title='bbox 3008 3559 3066 3612; x_wconf 80' lang='grc' dir='ltr'>ὲν</span> <span class='ocrx_word' id='word_1_678' title='bbox 3078 3562 3189 3623; x_wconf 86' lang='grc' dir='ltr'>τοῖς</span> <span class='ocrx_word' id='word_1_679' title='bbox 3202 3556 3464 3621; x_wconf 85' lang='grc' dir='ltr'>τοιούτοις</span> <span class='ocrx_word' id='word_1_680' title='bbox 3477 3557 3734 3611; x_wconf 86' lang='grc' dir='ltr'>τοσοῦτον</span> <span class='ocrx_word' id='word_1_681' title='bbox 3752 3554 4031 3626; x_wconf 83' lang='grc' dir='ltr'>δεδυνημέ-</span> 
     </span>
    </p>
   </div>
   <div class='ocr_carea' id='block_1_83' title="bbox 2454 3643 4031 3723">
    <p class='ocr_par' dir='ltr' id='par_1_83' title="bbox 2454 3643 4031 3723">
     <span class='ocr_line' id='line_1_106' title="bbox 2454 3643 4031 3723; baseline -0.004 -19"><span class='ocrx_word' id='word_1_682' title='bbox 2454 3667 2565 3714; x_wconf 88' lang='grc' dir='ltr'>νον,</span> <span class='ocrx_word' id='word_1_683' title='bbox 2599 3652 2648 3704; x_wconf 87' lang='grc' dir='ltr'>οἱ</span> <span class='ocrx_word' id='word_1_684' title='bbox 2677 3649 2972 3721; x_wconf 79' lang='grc' dir='ltr'>αὐχοῦντες</span> <span class='ocrx_word' id='word_1_685' title='bbox 3012 3651 3110 3723; x_wconf 80' lang='grc' dir='ltr'>μὲν</span> <span class='ocrx_word' id='word_1_686' title='bbox 3146 3650 3276 3722; x_wconf 74' lang='grc' dir='ltr'>περὶ</span> <span class='ocrx_word' id='word_1_687' title='bbox 3316 3650 3475 3719; x_wconf 91' lang='grc' dir='ltr'>λόγον</span> <span class='ocrx_word' id='word_1_688' title='bbox 3506 3648 3854 3720; x_wconf 85' lang='grc' dir='ltr'>ἀσχολεῖσθαι</span> <span class='ocrx_word' id='word_1_689' title='bbox 3882 3643 4031 3710; x_wconf 87' lang='grc' dir='ltr'>Θεοῦ,</span> 
     </span>
    </p>
   </div>
   <div class='ocr_carea' id='block_1_84' title="bbox 2452 3740 4033 3818">
    <p class='ocr_par' dir='ltr' id='par_1_84' title="bbox 2452 3740 4033 3818">
     <span class='ocr_line' id='line_1_107' title="bbox 2452 3740 4033 3818; baseline -0.004 -21"><span class='ocrx_word' id='word_1_690' title='bbox 2452 3742 2517 3797; x_wconf 80' lang='grc' dir='ltr'>τὸ</span> <span class='ocrx_word' id='word_1_691' title='bbox 2557 3743 2828 3818; x_wconf 81' lang='grc' dir='ltr'>πλήρωμα</span> <span class='ocrx_word' id='word_1_692' title='bbox 2868 3742 2926 3797; x_wconf 84' lang='grc' dir='ltr'>δὲ</span> <span class='ocrx_word' id='word_1_693' title='bbox 2968 3743 3063 3797; x_wconf 90' lang='grc' dir='ltr'><strong>τοῦ</strong></span> <span class='ocrx_word' id='word_1_694' title='bbox 3108 3743 3265 3813; x_wconf 90' lang='grc' dir='ltr'>λόγου</span> <span class='ocrx_word' id='word_1_695' title='bbox 3317 3743 3543 3815; x_wconf 84' lang='grc' dir='ltr'>μηδέπω</span> <span class='ocrx_word' id='word_1_696' title='bbox 3579 3740 4033 3814; x_wconf 80' lang='grc' dir='ltr'>παραδεξάμενοι,</span> 
     </span>
    </p>
   </div>
   <div class='ocr_carea' id='block_1_85' title="bbox 2456 3828 4033 3908">
    <p class='ocr_par' dir='ltr' id='par_1_85' title="bbox 2456 3828 4033 3908">
     <span class='ocr_line' id='line_1_108' title="bbox 2456 3828 4033 3908; baseline -0.006 -19"><span class='ocrx_word' id='word_1_697' title='bbox 2456 3836 2550 3889; x_wconf 74' lang='grc' dir='ltr'>καὶ</span> <span class='ocrx_word' id='word_1_698' title='bbox 2579 3834 2930 3891; x_wconf 86' lang='grc' dir='ltr'>πιστεύσαιεν</span> <span class='ocrx_word' id='word_1_699' title='bbox 2972 3835 3040 3891; x_wconf 86' lang='grc' dir='ltr'><strong>ἀν</strong></span> <span class='ocrx_word' id='word_1_700' title='bbox 3076 3835 3310 3908; x_wconf 84' lang='grc' dir='ltr'>μάλιστα</span> <span class='ocrx_word' id='word_1_701' title='bbox 3341 3837 3456 3890; x_wconf 86' lang='grc' dir='ltr'>ὅσοι</span> <span class='ocrx_word' id='word_1_702' title='bbox 3488 3833 3812 3906; x_wconf 69' lang='grc' dir='ltr'>ἐληλύθασιν</span> <span class='ocrx_word' id='word_1_703' title='bbox 3839 3831 3915 3895; x_wconf 85' lang='grc' dir='ltr'>ὡς</span> <span class='ocrx_word' id='word_1_704' title='bbox 3944 3828 4033 3882; x_wconf 77' lang='grc' dir='ltr'><strong>ἐπὶ</strong></span> 
     </span>
    </p>
   </div>
   <div class='ocr_carea' id='block_1_86' title="bbox 2455 3920 4036 3999">
    <p class='ocr_par' dir='ltr' id='par_1_86' title="bbox 2455 3920 4036 3999">
     <span class='ocr_line' id='line_1_109' title="bbox 2455 3920 4036 3999; baseline -0.003 -18"><span class='ocrx_word' id='word_1_705' title='bbox 2455 3926 2656 3999; x_wconf 85' lang='grc' dir='ltr'>νεκρῷ,</span> <span class='ocrx_word' id='word_1_706' title='bbox 2686 3929 2783 3982; x_wconf 72' lang='grc' dir='ltr'>καὶ</span> <span class='ocrx_word' id='word_1_707' title='bbox 2807 3929 2983 3999; x_wconf 85' lang='grc' dir='ltr'>πάντη</span> <span class='ocrx_word' id='word_1_708' title='bbox 3017 3927 3448 3999; x_wconf 84' lang='grc' dir='ltr'>ἀπεγνωσμένῳ,</span> <span class='ocrx_word' id='word_1_709' title='bbox 3480 3926 3577 3979; x_wconf 77' lang='grc' dir='ltr'>καὶ</span> <span class='ocrx_word' id='word_1_710' title='bbox 3599 3925 3757 3979; x_wconf 81' lang='grc' dir='ltr'>αὐτοὶ</span> <span class='ocrx_word' id='word_1_711' title='bbox 3782 3920 4036 3992; x_wconf 80' lang='grc' dir='ltr'>ἀπογνόν-</span> 
     </span>
    </p>
   </div>
   <div class='ocr_carea' id='block_1_87' title="bbox 2455 4011 4037 4091">
    <p class='ocr_par' dir='ltr' id='par_1_87' title="bbox 2455 4011 4037 4091">
     <span class='ocr_line' id='line_1_110' title="bbox 2455 4011 4037 4091; baseline -0.004 -19"><span class='ocrx_word' id='word_1_712' title='bbox 2455 4036 2548 4083; x_wconf 86' lang='grc' dir='ltr'><strong>τες</strong></span> <span class='ocrx_word' id='word_1_713' title='bbox 2573 4018 2665 4072; x_wconf 83' lang='grc' dir='ltr'>τὸν</span> <span class='ocrx_word' id='word_1_714' title='bbox 2687 4018 2947 4085; x_wconf 87' lang='grc' dir='ltr'>τοιοῦτον,</span> <span class='ocrx_word' id='word_1_715' title='bbox 2970 4014 3465 4091; x_wconf 83' lang='grc' dir='ltr'>παραμυθήσεσθαι</span> <span class='ocrx_word' id='word_1_716' title='bbox 3496 4017 3598 4088; x_wconf 78' lang='grc' dir='ltr'>τὴν</span> <span class='ocrx_word' id='word_1_717' title='bbox 3618 4016 3714 4069; x_wconf 76' lang='grc' dir='ltr'><strong>ἐπὶ</strong></span> <span class='ocrx_word' id='word_1_718' title='bbox 3739 4016 3805 4087; x_wconf 81' lang='grc' dir='ltr'>τῇ</span> <span class='ocrx_word' id='word_1_719' title='bbox 3834 4011 4037 4067; x_wconf 82' lang='grc' dir='ltr'>ὲκπτὼ-</span> 
     </span>
    </p>
   </div>
   <div class='ocr_carea' id='block_1_88' title="bbox 2460 4101 4036 4182">
    <p class='ocr_par' dir='ltr' id='par_1_88' title="bbox 2460 4101 4036 4182">
     <span class='ocr_line' id='line_1_111' title="bbox 2460 4101 4036 4182; baseline -0.004 -18"><span class='ocrx_word' id='word_1_720' title='bbox 2460 4128 2544 4165; x_wconf 88' lang='grc' dir='ltr'><strong>σει</strong></span> <span class='ocrx_word' id='word_1_721' title='bbox 2573 4110 2668 4164; x_wconf 89' lang='grc' dir='ltr'><strong>τοῦ</strong></span> <span class='ocrx_word' id='word_1_722' title='bbox 2714 4111 2945 4180; x_wconf 83' lang='grc' dir='ltr'>ἀδελφοῦ</span> <span class='ocrx_word' id='word_1_723' title='bbox 2994 4110 3337 4182; x_wconf 84' lang='grc' dir='ltr'>ὀδυνωμένην</span> <span class='ocrx_word' id='word_1_724' title='bbox 3357 4127 3372 4141; x_wconf 84' lang='grc'>⁶</span> <span class='ocrx_word' id='word_1_725' title='bbox 3407 4109 3477 4163; x_wconf 86' lang='grc' dir='ltr'><strong>δι’</strong></span> <span class='ocrx_word' id='word_1_726' title='bbox 3509 4107 3607 4174; x_wconf 82' lang='grc' dir='ltr'>οὓς</span> <span class='ocrx_word' id='word_1_727' title='bbox 3651 4107 3793 4179; x_wconf 85' lang='grc' dir='ltr'>τάχα</span> <span class='ocrx_word' id='word_1_728' title='bbox 3821 4101 4036 4172; x_wconf 84' lang='grc' dir='ltr'>πλέονῆ</span> 
     </span>
    </p>
   </div>
   <div class='ocr_carea' id='block_1_89' title="bbox 2458 4190 4036 4274">
    <p class='ocr_par' dir='ltr' id='par_1_89' title="bbox 2458 4190 4036 4274">
     <span class='ocr_line' id='line_1_112' title="bbox 2458 4190 4036 4274; baseline -0.007 -18"><span class='ocrx_word' id='word_1_729' title='bbox 2458 4201 2547 4256; x_wconf 84' lang='grc' dir='ltr'><strong>διά</strong></span> <span class='ocrx_word' id='word_1_730' title='bbox 2589 4201 2681 4256; x_wconf 80' lang='grc' dir='ltr'>τὸν</span> <span class='ocrx_word' id='word_1_731' title='bbox 2710 4200 2884 4274; x_wconf 84' lang='grc' dir='ltr'>ταῦτα</span> <span class='ocrx_word' id='word_1_732' title='bbox 2913 4201 3174 4265; x_wconf 88' lang='grc' dir='ltr'>παθόντα,</span> <span class='ocrx_word' id='word_1_733' title='bbox 3220 4199 3390 4254; x_wconf 72' lang='grc' dir='ltr'>ἐλθὼν</span> <span class='ocrx_word' id='word_1_734' title='bbox 3441 4198 3535 4252; x_wconf 73' lang='grc' dir='ltr'><strong>ἐπὶ</strong></span> <span class='ocrx_word' id='word_1_735' title='bbox 3564 4197 3627 4250; x_wconf 86' lang='grc' dir='ltr'><strong>τδ</strong></span> <span class='ocrx_word' id='word_1_736' title='bbox 3661 4197 3923 4269; x_wconf 79' lang='grc' dir='ltr'>σπήλαιον</span> <span class='ocrx_word' id='word_1_737' title='bbox 3950 4190 4036 4246; x_wconf 84' lang='grc' dir='ltr'><strong>τοῦ</strong></span> 
     </span>
    </p>
   </div>
   <div class='ocr_carea' id='block_1_90' title="bbox 2458 4286 4035 4368">
    <p class='ocr_par' dir='ltr' id='par_1_90' title="bbox 2458 4286 4035 4368">
     <span class='ocr_line' id='line_1_113' title="bbox 2458 4286 4035 4368; baseline -0.004 -20"><span class='ocrx_word' id='word_1_738' title='bbox 2458 4294 2676 4368; x_wconf 85' lang='grc' dir='ltr'>νεκροῦ,</span> <span class='ocrx_word' id='word_1_739' title='bbox 2712 4314 2732 4347; x_wconf 78' lang='grc' dir='ltr'><strong>ι</strong></span> <span class='ocrx_word' id='word_1_740' title='bbox 2753 4291 2859 4367; x_wconf 80' lang='grc' dir='ltr'>ἦρε</span> <span class='ocrx_word' id='word_1_741' title='bbox 2889 4296 3016 4359; x_wconf 80' lang='grc' dir='ltr'>τοὺς</span> <span class='ocrx_word' id='word_1_742' title='bbox 3046 4292 3358 4364; x_wconf 81' lang='grc' dir='ltr'>ὀφθαλμοὺς</span> <span class='ocrx_word' id='word_1_743' title='bbox 3383 4292 3519 4357; x_wconf 85' lang='grc' dir='ltr'>ἀνω,</span> <span class='ocrx_word' id='word_1_744' title='bbox 3540 4290 3635 4344; x_wconf 75' lang='grc' dir='ltr'>καὶ</span> <span class='ocrx_word' id='word_1_745' title='bbox 3663 4286 3787 4344; x_wconf 81' lang='grc' dir='ltr'>εἷπε</span> <span class='ocrx_word' id='word_1_746' title='bbox 3804 4307 3818 4320; x_wconf 90' lang='grc'>·</span> <span class='ocrx_word' id='word_1_747' title='bbox 3841 4288 4035 4356; x_wconf 85' lang='grc' dir='ltr'>Πάτερ,</span> 
     </span>
    </p>
   </div>
   <div class='ocr_carea' id='block_1_91' title="bbox 2460 4379 4039 4457">
    <p class='ocr_par' dir='ltr' id='par_1_91' title="bbox 2460 4379 4039 4457">
     <span class='ocr_line' id='line_1_114' title="bbox 2460 4379 4039 4457; baseline -0.004 -21"><span class='ocrx_word' id='word_1_748' title='bbox 2460 4384 2769 4457; x_wconf 75' lang='grc' dir='ltr'>εὐχαριστῶ</span> <span class='ocrx_word' id='word_1_749' title='bbox 2804 4403 2906 4451; x_wconf 90' lang='grc' dir='ltr'>σοι,</span> <span class='ocrx_word' id='word_1_750' title='bbox 2951 4386 3035 4439; x_wconf 83' lang='grc' dir='ltr'>ὅτι</span> <span class='ocrx_word' id='word_1_751' title='bbox 3082 4384 3323 4457; x_wconf 80' lang='grc' dir='ltr'>ἡκουσάς</span> <span class='ocrx_word' id='word_1_752' title='bbox 3355 4400 3457 4453; x_wconf 88' lang='grc' dir='ltr'><strong>μου</strong></span> <span class='ocrx_word' id='word_1_753' title='bbox 3478 4399 3492 4412; x_wconf 88' lang='grc'><strong>·</strong></span> <span class='ocrx_word' id='word_1_754' title='bbox 3530 4381 3642 4451; x_wconf 72' lang='grc' dir='ltr'><strong>ἐγὼ</strong></span> <span class='ocrx_word' id='word_1_755' title='bbox 3672 4381 3731 4435; x_wconf 80' lang='grc' dir='ltr'>δὲ</span> <span class='ocrx_word' id='word_1_756' title='bbox 3761 4380 3926 4453; x_wconf 71' lang='grc' dir='ltr'>ᾔδειν,</span> <span class='ocrx_word' id='word_1_757' title='bbox 3962 4379 4039 4431; x_wconf 85' lang='grc' dir='ltr'><strong>δτι</strong></span> 
     </span>
    </p>
   </div>
   <div class='ocr_carea' id='block_1_92' title="bbox 2462 4463 4039 4548">
    <p class='ocr_par' dir='ltr' id='par_1_92' title="bbox 2462 4463 4039 4548">
     <span class='ocr_line' id='line_1_115' title="bbox 2462 4463 4039 4548; baseline -0.005 -17"><span class='ocrx_word' id='word_1_758' title='bbox 2462 4476 2694 4531; x_wconf 85' lang='grc' dir='ltr'>πάντοτέ</span> <span class='ocrx_word' id='word_1_759' title='bbox 2728 4494 2831 4548; x_wconf 92' lang='grc' dir='ltr'><strong>μου</strong></span> <span class='ocrx_word' id='word_1_760' title='bbox 2859 4476 3100 4542; x_wconf 88' lang='grc' dir='ltr'>ἀκούεις,</span> <span class='ocrx_word' id='word_1_761' title='bbox 3129 4496 3149 4529; x_wconf 75' lang='grc' dir='ltr'><strong>ι</strong></span> <span class='ocrx_word' id='word_1_762' title='bbox 3190 4477 3313 4530; x_wconf 83' lang='grc' dir='ltr'><strong>ὐτι</strong></span> <span class='ocrx_word' id='word_1_763' title='bbox 3339 4474 3448 4547; x_wconf 84' lang='grc' dir='ltr'><strong>γὰρ</strong></span> <span class='ocrx_word' id='word_1_764' title='bbox 3478 4472 3567 4528; x_wconf 86' lang='grc' dir='ltr'>διὰ</span> <span class='ocrx_word' id='word_1_765' title='bbox 3594 4472 3819 4538; x_wconf 85' lang='grc' dir='ltr'>τούτους</span> <span class='ocrx_word' id='word_1_766' title='bbox 3850 4463 4039 4542; x_wconf 70' lang='grc' dir='ltr'>μᾶλλον</span> 
     </span>
    </p>
   </div>
   <div class='ocr_carea' id='block_1_93' title="bbox 772 4562 2351 4665">
    <p class='ocr_par' dir='ltr' id='par_1_93' title="bbox 772 4569 2351 4641">
     <span class='ocr_line' id='line_1_116' title="bbox 772 4569 2351 4641; baseline -0.001 -17"><span class='ocrx_word' id='word_1_767' title='bbox 772 4569 900 4625; x_wconf 89' lang='lat' dir='ltr'><strong>disti</strong></span> <span class='ocrx_word' id='word_1_768' title='bbox 936 4584 1061 4636; x_wconf 91' lang='lat' dir='ltr'><strong>me;</strong></span> <span class='ocrx_word' id='word_1_769' title='bbox 1090 4586 1192 4641; x_wconf 80' lang='lat' dir='ltr'><strong>ego</strong></span> <span class='ocrx_word' id='word_1_770' title='bbox 1218 4580 1399 4627; x_wconf 86' lang='lat' dir='ltr'><strong>autem</strong></span> <span class='ocrx_word' id='word_1_771' title='bbox 1430 4585 1690 4626; x_wconf 89' lang='lat' dir='ltr'><strong>noveram</strong></span> <span class='ocrx_word' id='word_1_772' title='bbox 1726 4570 1868 4641; x_wconf 91' lang='lat' dir='ltr'><strong>quod</strong></span> <span class='ocrx_word' id='word_1_773' title='bbox 1900 4584 2116 4640; x_wconf 88' lang='lat' dir='ltr'><strong>semper</strong></span> <span class='ocrx_word' id='word_1_774' title='bbox 2148 4585 2233 4624; x_wconf 92' lang='lat' dir='ltr'><strong>me</strong></span> <span class='ocrx_word' id='word_1_775' title='bbox 2259 4585 2351 4624; x_wconf 90' lang='lat' dir='ltr'><strong>au-</strong></span> 
     </span>
    </p>
   </div>
   <div class='ocr_carea' id='block_1_94' title="bbox 2449 4562 4040 4665">
    <p class='ocr_par' dir='ltr' id='par_1_94' title="bbox 2464 4562 4040 4665">
     <span class='ocr_line' id='line_1_117' title="bbox 2464 4562 4040 4665; baseline -0.006 -40"><span class='ocrx_word' id='word_1_776' title='bbox 2464 4570 2500 4642; x_wconf 76' lang='grc' dir='ltr'>ἢ</span> <span class='ocrx_word' id='word_1_777' title='bbox 2524 4570 2614 4625; x_wconf 82' lang='grc' dir='ltr'>τὸν</span> <span class='ocrx_word' id='word_1_778' title='bbox 2641 4568 2889 4643; x_wconf 88' lang='grc' dir='ltr'>Λάζαρον</span> <span class='ocrx_word' id='word_1_779' title='bbox 2920 4569 3123 4643; x_wconf 88' lang='grc' dir='ltr'>ταύτην</span> <span class='ocrx_word' id='word_1_780' title='bbox 3157 4568 3523 4639; x_wconf 81' lang='grc' dir='ltr'>ἀνεφθέγξατο</span> <span class='ocrx_word' id='word_1_781' title='bbox 3548 4565 3687 4638; x_wconf 80' lang='grc' dir='ltr'>πρὸς</span> <span class='ocrx_word' id='word_1_782' title='bbox 3713 4566 3806 4619; x_wconf 83' lang='grc' dir='ltr'>τὸν</span> <span class='ocrx_word' id='word_1_783' title='bbox 3830 4562 4040 4665; x_wconf 72' lang='grc' dir='ltr'>Πατέρα</span> 
     </span>
    </p>
   </div>
   <div class='ocr_carea' id='block_1_95' title="bbox 772 4662 2362 4735">
    <p class='ocr_par' dir='ltr' id='par_1_95' title="bbox 772 4662 2362 4735">
     <span class='ocr_line' id='line_1_118' title="bbox 772 4662 2362 4735; baseline 0.001 -18"><span class='ocrx_word' id='word_1_784' title='bbox 772 4664 859 4719; x_wconf 89' lang='lat' dir='ltr'><strong>dis</strong></span> <span class='ocrx_word' id='word_1_785' title='bbox 872 4665 973 4719; x_wconf 63' lang='lat'><strong>&quot;.3</strong></span> <span class='ocrx_word' id='word_1_786' title='bbox 992 4663 1148 4733; x_wconf 82' lang='lat' dir='ltr'><strong>Quod</strong></span> <span class='ocrx_word' id='word_1_787' title='bbox 1175 4666 1321 4720; x_wconf 90' lang='lat' dir='ltr'><strong>enim</strong></span> <span class='ocrx_word' id='word_1_788' title='bbox 1345 4666 1540 4720; x_wconf 84' lang='lat' dir='ltr'><strong>horum</strong></span> <span class='ocrx_word' id='word_1_789' title='bbox 1563 4665 1741 4735; x_wconf 78' lang='lat' dir='ltr'><strong>gratia</strong></span> <span class='ocrx_word' id='word_1_790' title='bbox 1764 4665 1937 4735; x_wconf 77' lang='lat' dir='ltr'><strong>magis</strong></span> <span class='ocrx_word' id='word_1_791' title='bbox 1953 4678 2116 4733; x_wconf 90' lang='lat' dir='ltr'><strong>quam</strong></span> <span class='ocrx_word' id='word_1_792' title='bbox 2142 4662 2362 4729; x_wconf 91' lang='lat' dir='ltr'><strong>Lazari,</strong></span> 
     </span>
    </p>
   </div>
   <div class='ocr_carea' id='block_1_96' title="bbox 773 4755 2365 4827">
    <p class='ocr_par' dir='ltr' id='par_1_96' title="bbox 773 4755 2365 4827">
     <span class='ocr_line' id='line_1_119' title="bbox 773 4755 2365 4827; baseline -0.001 -18"><span class='ocrx_word' id='word_1_793' title='bbox 773 4756 1151 4827; x_wconf 81' lang='lat' dir='ltr'><strong>hujuscemodi</strong></span> <span class='ocrx_word' id='word_1_794' title='bbox 1204 4757 1502 4827; x_wconf 71' lang='lat' dir='ltr'><strong>gratiarum</strong></span> <span class='ocrx_word' id='word_1_795' title='bbox 1553 4757 1827 4811; x_wconf 84' lang='lat' dir='ltr'><strong>actionem</strong></span> <span class='ocrx_word' id='word_1_796' title='bbox 1876 4755 2192 4819; x_wconf 90' lang='lat' dir='ltr'><strong>reddiderit,</strong></span> <span class='ocrx_word' id='word_1_797' title='bbox 2239 4768 2365 4824; x_wconf 89' lang='lat' dir='ltr'><strong>per-</strong></span> 
     </span>
    </p>
   </div>
   <div class='ocr_carea' id='block_1_97' title="bbox 771 4842 2365 4916">
    <p class='ocr_par' dir='ltr' id='par_1_97' title="bbox 771 4842 2365 4916">
     <span class='ocr_line' id='line_1_120' title="bbox 771 4842 2365 4916; baseline 0 -17"><span class='ocrx_word' id='word_1_798' title='bbox 771 4845 1020 4914; x_wconf 87' lang='lat' dir='ltr'><strong>spicuum</strong></span> <span class='ocrx_word' id='word_1_799' title='bbox 1049 4855 1134 4901; x_wconf 91' lang='lat' dir='ltr'><strong>est</strong></span> <span class='ocrx_word' id='word_1_800' title='bbox 1163 4859 1231 4900; x_wconf 88' lang='lat' dir='ltr'><strong>ex</strong></span> <span class='ocrx_word' id='word_1_801' title='bbox 1255 4845 1341 4900; x_wconf 90' lang='lat' dir='ltr'><strong>his</strong></span> <span class='ocrx_word' id='word_1_802' title='bbox 1367 4846 1550 4901; x_wconf 85' lang='lat' dir='ltr'><strong>verbis</strong></span> <span class='ocrx_word' id='word_1_803' title='bbox 1584 4864 1597 4899; x_wconf 92' lang='lat'><strong>:</strong></span> <span class='ocrx_word' id='word_1_804' title='bbox 1629 4842 1651 4916; x_wconf 95' lang='lat'>[</span> <span class='ocrx_word' id='word_1_805' title='bbox 1677 4843 1790 4915; x_wconf 88' lang='lat'><strong>(88)</strong></span> <span class='ocrx_word' id='word_1_806' title='bbox 1820 4861 1839 4895; x_wconf 85' lang='grc' dir='ltr'><strong>ι</strong></span> <span class='ocrx_word' id='word_1_807' title='bbox 1879 4842 1988 4900; x_wconf 88' lang='lat' dir='ltr'><strong>Sed</strong></span> <span class='ocrx_word' id='word_1_808' title='bbox 2017 4852 2239 4914; x_wconf 90' lang='lat' dir='ltr'><strong>propter</strong></span> <span class='ocrx_word' id='word_1_809' title='bbox 2266 4859 2365 4914; x_wconf 84' lang='lat' dir='ltr'><strong>po-</strong></span> 
     </span>
    </p>
   </div>
   <div class='ocr_carea' id='block_1_98' title="bbox 772 4936 2364 5006">
    <p class='ocr_par' dir='ltr' id='par_1_98' title="bbox 772 4936 2364 5006">
     <span class='ocr_line' id='line_1_121' title="bbox 772 4936 2364 5006; baseline 0.003 -16"><span class='ocrx_word' id='word_1_810' title='bbox 772 4938 981 5006; x_wconf 87' lang='lat' dir='ltr'><strong>pulum,</strong></span> <span class='ocrx_word' id='word_1_811' title='bbox 1004 4937 1098 5006; x_wconf 91' lang='lat' dir='ltr'><strong>qui</strong></span> <span class='ocrx_word' id='word_1_812' title='bbox 1128 4938 1470 5004; x_wconf 85' lang='lat' dir='ltr'><strong>circumstat,</strong></span> <span class='ocrx_word' id='word_1_813' title='bbox 1504 4936 1641 5003; x_wconf 84' lang='lat' dir='ltr'><strong>dixi,</strong></span> <span class='ocrx_word' id='word_1_814' title='bbox 1675 4947 1737 4991; x_wconf 93' lang='lat' dir='ltr'><strong>ut</strong></span> <span class='ocrx_word' id='word_1_815' title='bbox 1785 4937 2007 4991; x_wconf 90' lang='lat' dir='ltr'><strong>credant</strong></span> <span class='ocrx_word' id='word_1_816' title='bbox 2036 4938 2164 5006; x_wconf 93' lang='lat' dir='ltr'><strong>quia</strong></span> <span class='ocrx_word' id='word_1_817' title='bbox 2189 4947 2245 4992; x_wconf 94' lang='lat' dir='ltr'><strong>tu</strong></span> <span class='ocrx_word' id='word_1_818' title='bbox 2275 4952 2364 4994; x_wconf 88' lang='lat' dir='ltr'><strong>me</strong></span> 
     </span>
    </p>
   </div>
   <div class='ocr_carea' id='block_1_99' title="bbox 775 5025 2363 5099">
    <p class='ocr_par' dir='ltr' id='par_1_99' title="bbox 775 5025 2363 5099">
     <span class='ocr_line' id='line_1_122' title="bbox 775 5025 2363 5099; baseline 0.001 -18"><span class='ocrx_word' id='word_1_819' title='bbox 775 5028 974 5084; x_wconf 87' lang='lat' dir='ltr'><strong>misisti</strong></span> <span class='ocrx_word' id='word_1_820' title='bbox 998 5030 1067 5083; x_wconf 82' lang='grc'><strong>⁹⁸.</strong></span> <span class='ocrx_word' id='word_1_821' title='bbox 1096 5050 1117 5082; x_wconf 75' lang='grc' dir='ltr'><strong>ι</strong></span> <span class='ocrx_word' id='word_1_822' title='bbox 1155 5028 1396 5085; x_wconf 85' lang='lat' dir='ltr'><strong>Lazarus</strong></span> <span class='ocrx_word' id='word_1_823' title='bbox 1423 5043 1555 5099; x_wconf 82' lang='lat' dir='ltr'><strong>ergo</strong></span> <span class='ocrx_word' id='word_1_824' title='bbox 1582 5028 1633 5083; x_wconf 92' lang='lat' dir='ltr'><strong>ei</strong></span> <span class='ocrx_word' id='word_1_825' title='bbox 1665 5041 1811 5083; x_wconf 67' lang='lat' dir='ltr'><strong>cura:</strong></span> <span class='ocrx_word' id='word_1_826' title='bbox 1833 5025 1985 5099; x_wconf 86' lang='lat' dir='ltr'><strong>fuit,]</strong></span> <span class='ocrx_word' id='word_1_827' title='bbox 2019 5042 2213 5096; x_wconf 91' lang='lat' dir='ltr'><strong>nempe</strong></span> <span class='ocrx_word' id='word_1_828' title='bbox 2235 5042 2363 5097; x_wconf 91' lang='lat' dir='ltr'><strong>pro-</strong></span> 
     </span>
    </p>
   </div>
   <div class='ocr_carea' id='block_1_100' title="bbox 774 5119 2360 5190">
    <p class='ocr_par' dir='ltr' id='par_1_100' title="bbox 774 5119 2360 5190">
     <span class='ocr_line' id='line_1_123' title="bbox 774 5119 2360 5190; baseline -0.001 -14"><span class='ocrx_word' id='word_1_829' title='bbox 774 5129 897 5190; x_wconf 89' lang='lat' dir='ltr'><strong>pter</strong></span> <span class='ocrx_word' id='word_1_830' title='bbox 941 5122 1395 5178; x_wconf 90' lang='lat' dir='ltr'><strong>circumstantem</strong></span> <span class='ocrx_word' id='word_1_831' title='bbox 1435 5123 1686 5186; x_wconf 88' lang='lat' dir='ltr'><strong>turbam;</strong></span> <span class='ocrx_word' id='word_1_832' title='bbox 1716 5131 1776 5174; x_wconf 94' lang='lat' dir='ltr'><strong>ut</strong></span> <span class='ocrx_word' id='word_1_833' title='bbox 1819 5120 1976 5175; x_wconf 93' lang='lat' dir='ltr'><strong>multi</strong></span> <span class='ocrx_word' id='word_1_834' title='bbox 2023 5119 2360 5189; x_wconf 66' lang='lat' dir='ltr'><strong>Iudaeorum,</strong></span> 
     </span>
    </p>
   </div>
   <div class='ocr_carea' id='block_1_101' title="bbox 774 5212 2363 5286">
    <p class='ocr_par' dir='ltr' id='par_1_101' title="bbox 774 5212 2363 5286">
     <span class='ocr_line' id='line_1_124' title="bbox 774 5212 2363 5286; baseline 0.003 -20"><span class='ocrx_word' id='word_1_835' title='bbox 774 5212 870 5280; x_wconf 85' lang='lat' dir='ltr'><strong>qui</strong></span> <span class='ocrx_word' id='word_1_836' title='bbox 926 5214 995 5269; x_wconf 89' lang='lat' dir='ltr'><strong>ad</strong></span> <span class='ocrx_word' id='word_1_837' title='bbox 1024 5213 1252 5270; x_wconf 82' lang='lat' dir='ltr'><strong>Mariam</strong></span> <span class='ocrx_word' id='word_1_838' title='bbox 1289 5224 1579 5280; x_wconf 88' lang='lat' dir='ltr'><strong>venerant,</strong></span> <span class='ocrx_word' id='word_1_839' title='bbox 1611 5215 1819 5286; x_wconf 89' lang='lat' dir='ltr'><strong>quique</strong></span> <span class='ocrx_word' id='word_1_840' title='bbox 1857 5214 2110 5270; x_wconf 89' lang='lat' dir='ltr'><strong>viderunt</strong></span> <span class='ocrx_word' id='word_1_841' title='bbox 2135 5229 2256 5285; x_wconf 66' lang='lat' dir='ltr'><strong>quae</strong></span> <span class='ocrx_word' id='word_1_842' title='bbox 2282 5212 2363 5270; x_wconf 83' lang='lat' dir='ltr'><strong>fe-</strong></span> 
     </span>
    </p>
   </div>
   <div class='ocr_carea' id='block_1_102' title="bbox 776 5302 1805 5378">
    <p class='ocr_par' dir='ltr' id='par_1_102' title="bbox 776 5302 1805 5378">
     <span class='ocr_line' id='line_1_125' title="bbox 776 5302 1805 5378; baseline 0.004 -21"><span class='ocrx_word' id='word_1_843' title='bbox 776 5303 947 5359; x_wconf 89' lang='lat' dir='ltr'><strong>cisset</strong></span> <span class='ocrx_word' id='word_1_844' title='bbox 973 5302 1157 5374; x_wconf 79' lang='lat' dir='ltr'><strong>.lesus,</strong></span> <span class='ocrx_word' id='word_1_845' title='bbox 1199 5307 1254 5362; x_wconf 93' lang='lat' dir='ltr'><strong>in</strong></span> <span class='ocrx_word' id='word_1_846' title='bbox 1286 5308 1464 5378; x_wconf 90' lang='lat' dir='ltr'><strong>ipsum</strong></span> <span class='ocrx_word' id='word_1_847' title='bbox 1493 5306 1805 5362; x_wconf 89' lang='lat' dir='ltr'><strong>crederent.</strong></span> 
     </span>
    </p>
   </div>
   <div class='ocr_carea' id='block_1_103' title="bbox 849 5394 2357 5464">
    <p class='ocr_par' dir='ltr' id='par_1_103' title="bbox 849 5394 2357 5464">
     <span class='ocr_line' id='line_1_126' title="bbox 849 5394 2357 5464; baseline 0.003 -16"><span class='ocrx_word' id='word_1_848' title='bbox 849 5394 939 5450; x_wconf 81' lang='lat' dir='ltr'><strong>l0.</strong></span> <span class='ocrx_word' id='word_1_849' title='bbox 981 5394 1089 5451; x_wconf 86' lang='lat' dir='ltr'><strong>Sed</strong></span> <span class='ocrx_word' id='word_1_850' title='bbox 1142 5399 1267 5453; x_wconf 90' lang='lat' dir='ltr'><strong>audi</strong></span> <span class='ocrx_word' id='word_1_851' title='bbox 1305 5400 1469 5454; x_wconf 88' lang='lat' dir='ltr'><strong>etiam</strong></span> <span class='ocrx_word' id='word_1_852' title='bbox 1516 5399 1585 5455; x_wconf 92' lang='lat' dir='ltr'><strong>de</strong></span> <span class='ocrx_word' id='word_1_853' title='bbox 1632 5399 1744 5464; x_wconf 89' lang='lat' dir='ltr'><strong>his,</strong></span> <span class='ocrx_word' id='word_1_854' title='bbox 1770 5412 1961 5454; x_wconf 87' lang='lat' dir='ltr'><strong>verum</strong></span> <span class='ocrx_word' id='word_1_855' title='bbox 2009 5411 2118 5452; x_wconf 92' lang='lat' dir='ltr'><strong>non</strong></span> <span class='ocrx_word' id='word_1_856' title='bbox 2148 5405 2357 5452; x_wconf 91' lang='lat' dir='ltr'><strong>tantum</strong></span> 
     </span>
    </p>
   </div>
   <div class='ocr_carea' id='block_1_104' title="bbox 777 5488 2359 5559">
    <p class='ocr_par' dir='ltr' id='par_1_104' title="bbox 777 5488 2359 5559">
     <span class='ocr_line' id='line_1_127' title="bbox 777 5488 2359 5559; baseline -0.001 -14"><span class='ocrx_word' id='word_1_857' title='bbox 777 5488 1158 5558; x_wconf 86' lang='lat' dir='ltr'><strong>corporaliter.</strong></span> <span class='ocrx_word' id='word_1_858' title='bbox 1198 5509 1217 5544; x_wconf 85' lang='grc' dir='ltr'><strong>ι</strong></span> <span class='ocrx_word' id='word_1_859' title='bbox 1278 5491 1508 5559; x_wconf 88' lang='lat' dir='ltr'><strong>Quidam</strong></span> <span class='ocrx_word' id='word_1_860' title='bbox 1561 5500 1748 5547; x_wconf 86' lang='lat' dir='ltr'><strong>autem</strong></span> <span class='ocrx_word' id='word_1_861' title='bbox 1782 5507 1851 5547; x_wconf 91' lang='lat' dir='ltr'><strong>ex</strong></span> <span class='ocrx_word' id='word_1_862' title='bbox 1888 5490 1969 5546; x_wconf 89' lang='lat' dir='ltr'><strong>eis</strong></span> <span class='ocrx_word' id='word_1_863' title='bbox 2002 5490 2260 5545; x_wconf 86' lang='lat' dir='ltr'><strong>abierunt</strong></span> <span class='ocrx_word' id='word_1_864' title='bbox 2291 5490 2359 5544; x_wconf 89' lang='lat' dir='ltr'><strong>ad</strong></span> 
     </span>
    </p>
   </div>
   <div class='ocr_carea' id='block_1_105' title="bbox 780 5580 2357 5655">
    <p class='ocr_par' dir='ltr' id='par_1_105' title="bbox 780 5580 2357 5655">
     <span class='ocr_line' id='line_1_128' title="bbox 780 5580 2357 5655; baseline -0.003 -16"><span class='ocrx_word' id='word_1_865' title='bbox 780 5580 1110 5651; x_wconf 69' lang='lat' dir='ltr'><strong>Pharisaeos,</strong></span> <span class='ocrx_word' id='word_1_866' title='bbox 1141 5591 1198 5638; x_wconf 91' lang='lat' dir='ltr'><strong>et</strong></span> <span class='ocrx_word' id='word_1_867' title='bbox 1226 5584 1478 5641; x_wconf 86' lang='lat' dir='ltr'><strong>dixerunt</strong></span> <span class='ocrx_word' id='word_1_868' title='bbox 1507 5586 1616 5642; x_wconf 89' lang='lat' dir='ltr'><strong>illis</strong></span> <span class='ocrx_word' id='word_1_869' title='bbox 1652 5598 1777 5655; x_wconf 68' lang='lat' dir='ltr'><strong>quae</strong></span> <span class='ocrx_word' id='word_1_870' title='bbox 1804 5581 2029 5639; x_wconf 84' lang='lat' dir='ltr'><strong>fecisset</strong></span> <span class='ocrx_word' id='word_1_871' title='bbox 2070 5581 2230 5637; x_wconf 81' lang='lat' dir='ltr'><strong>Jesus</strong></span> <span class='ocrx_word' id='word_1_872' title='bbox 2254 5580 2357 5635; x_wconf 75' lang='grc'><strong>⁸⁸.»</strong></span> 
     </span>
    </p>
   </div>
   <div class='ocr_carea' id='block_1_106' title="bbox 2466 4653 4040 4735">
    <p class='ocr_par' dir='ltr' id='par_1_106' title="bbox 2466 4653 4040 4735">
     <span class='ocr_line' id='line_1_129' title="bbox 2466 4653 4040 4735; baseline -0.007 -19"><span class='ocrx_word' id='word_1_873' title='bbox 2466 4662 2564 4734; x_wconf 76' lang='grc' dir='ltr'>τὴν</span> <span class='ocrx_word' id='word_1_874' title='bbox 2598 4662 2969 4735; x_wconf 83' lang='grc' dir='ltr'>εὐχαριστίαν,</span> <span class='ocrx_word' id='word_1_875' title='bbox 3002 4661 3162 4733; x_wconf 85' lang='grc' dir='ltr'>δῆλον</span> <span class='ocrx_word' id='word_1_876' title='bbox 3185 4662 3249 4715; x_wconf 84' lang='grc' dir='ltr'>ὲκ</span> <span class='ocrx_word' id='word_1_877' title='bbox 3268 4660 3361 4716; x_wconf 84' lang='grc' dir='ltr'><strong>τοῦ</strong></span> <span class='ocrx_word' id='word_1_878' title='bbox 3380 4677 3395 4691; x_wconf 87' lang='grc'><strong>·</strong></span> <span class='ocrx_word' id='word_1_879' title='bbox 3432 4678 3452 4711; x_wconf 83' lang='grc' dir='ltr'><strong>ι</strong></span> <span class='ocrx_word' id='word_1_880' title='bbox 3489 4657 3651 4712; x_wconf 81' lang='grc' dir='ltr'>’Λλλά</span> <span class='ocrx_word' id='word_1_881' title='bbox 3674 4657 3762 4712; x_wconf 83' lang='grc' dir='ltr'><strong>διὰ</strong></span> <span class='ocrx_word' id='word_1_882' title='bbox 3782 4656 3868 4710; x_wconf 80' lang='grc' dir='ltr'>τὸν</span> <span class='ocrx_word' id='word_1_883' title='bbox 3893 4653 4040 4724; x_wconf 78' lang='grc' dir='ltr'>δχλον</span> 
     </span>
    </p>
   </div>
   <div class='ocr_carea' id='block_1_107' title="bbox 2463 4746 4041 4826">
    <p class='ocr_par' dir='ltr' id='par_1_107' title="bbox 2463 4746 4041 4826">
     <span class='ocr_line' id='line_1_130' title="bbox 2463 4746 4041 4826; baseline -0.008 -18"><span class='ocrx_word' id='word_1_884' title='bbox 2463 4755 2557 4808; x_wconf 79' lang='grc' dir='ltr'>τὸν</span> <span class='ocrx_word' id='word_1_885' title='bbox 2591 4754 2934 4826; x_wconf 84' lang='grc' dir='ltr'>περιεστῶτα</span> <span class='ocrx_word' id='word_1_886' title='bbox 2977 4749 3151 4820; x_wconf 80' lang='grc' dir='ltr'>εἷπον,</span> <span class='ocrx_word' id='word_1_887' title='bbox 3197 4753 3283 4806; x_wconf 86' lang='grc' dir='ltr'>ἵνα</span> <span class='ocrx_word' id='word_1_888' title='bbox 3316 4749 3704 4815; x_wconf 85' lang='grc' dir='ltr'>πιστεύσωσιν,</span> <span class='ocrx_word' id='word_1_889' title='bbox 3745 4749 3826 4803; x_wconf 83' lang='grc' dir='ltr'>ὅτι</span> <span class='ocrx_word' id='word_1_890' title='bbox 3874 4746 3939 4799; x_wconf 86' lang='grc' dir='ltr'><strong>σύ</strong></span> <span class='ocrx_word' id='word_1_891' title='bbox 3976 4759 4041 4815; x_wconf 83' lang='grc' dir='ltr'><strong>με</strong></span> 
     </span>
    </p>
   </div>
   <div class='ocr_carea' id='block_1_108' title="bbox 2464 4836 4041 4917">
    <p class='ocr_par' dir='ltr' id='par_1_108' title="bbox 2464 4836 4041 4917">
     <span class='ocr_line' id='line_1_131' title="bbox 2464 4836 4041 4917; baseline -0.007 -14"><span class='ocrx_word' id='word_1_892' title='bbox 2464 4846 2811 4910; x_wconf 85' lang='grc' dir='ltr'>ἀπέστειλας.</span> <span class='ocrx_word' id='word_1_893' title='bbox 2836 4864 2857 4898; x_wconf 72' lang='grc' dir='ltr'><strong>ι</strong></span> <span class='ocrx_word' id='word_1_894' title='bbox 2911 4842 3434 4917; x_wconf 85' lang='grc' dir='ltr'>Ἐπραγματεύσατο</span> <span class='ocrx_word' id='word_1_895' title='bbox 3459 4838 3552 4897; x_wconf 83' lang='grc' dir='ltr'><strong>οὗν</strong></span> <span class='ocrx_word' id='word_1_896' title='bbox 3588 4842 3718 4913; x_wconf 65' lang='grc' dir='ltr'><strong>περὶ⁸</strong></span> <span class='ocrx_word' id='word_1_897' title='bbox 3743 4839 3835 4895; x_wconf 90' lang='grc' dir='ltr'><strong>τοῦ</strong></span> <span class='ocrx_word' id='word_1_898' title='bbox 3865 4836 4041 4902; x_wconf 78' lang='grc' dir='ltr'>Λαζά-</span> 
     </span>
    </p>
   </div>
   <div class='ocr_carea' id='block_1_109' title="bbox 2467 4928 4041 5012">
    <p class='ocr_par' dir='ltr' id='par_1_109' title="bbox 2467 4928 4041 5012">
     <span class='ocr_line' id='line_1_132' title="bbox 2467 4928 4041 5012; baseline -0.008 -18"><span class='ocrx_word' id='word_1_899' title='bbox 2467 4956 2563 5012; x_wconf 93' lang='grc' dir='ltr'><strong>ρου</strong></span> <span class='ocrx_word' id='word_1_900' title='bbox 2612 4939 2700 4994; x_wconf 92' lang='grc' dir='ltr'><strong>διά</strong></span> <span class='ocrx_word' id='word_1_901' title='bbox 2746 4940 2839 4993; x_wconf 84' lang='grc' dir='ltr'>τὸν</span> <span class='ocrx_word' id='word_1_902' title='bbox 2894 4937 3238 5011; x_wconf 86' lang='grc' dir='ltr'>περιεστῶτα</span> <span class='ocrx_word' id='word_1_903' title='bbox 3285 4936 3463 5008; x_wconf 76' lang='grc' dir='ltr'>ὄχλον,</span> <span class='ocrx_word' id='word_1_904' title='bbox 3503 4935 3571 4989; x_wconf 86' lang='grc' dir='ltr'><strong>ἵν’</strong></span> <span class='ocrx_word' id='word_1_905' title='bbox 3619 4936 3671 4988; x_wconf 77' lang='grc' dir='ltr'>οἱ</span> <span class='ocrx_word' id='word_1_906' title='bbox 3716 4932 3895 4987; x_wconf 81' lang='grc' dir='ltr'>πολλοῖ</span> <span class='ocrx_word' id='word_1_907' title='bbox 3936 4928 4041 4982; x_wconf 84' lang='grc' dir='ltr'><strong>τῶν</strong></span> 
     </span>
    </p>
   </div>
   <div class='ocr_carea' id='block_1_110' title="bbox 2477 5024 4040 5103">
    <p class='ocr_par' dir='ltr' id='par_1_110' title="bbox 2477 5024 4040 5103">
     <span class='ocr_line' id='line_1_133' title="bbox 2477 5024 4040 5103; baseline -0.006 -16"><span class='ocrx_word' id='word_1_908' title='bbox 2477 5033 2766 5097; x_wconf 90' lang='grc' dir='ltr'>Ἰουδαίων,</span> <span class='ocrx_word' id='word_1_909' title='bbox 2792 5032 3041 5097; x_wconf 82' lang='grc' dir='ltr'>ἐλθόντες</span> <span class='ocrx_word' id='word_1_910' title='bbox 3065 5031 3203 5103; x_wconf 82' lang='grc' dir='ltr'>πρὸς</span> <span class='ocrx_word' id='word_1_911' title='bbox 3226 5030 3326 5102; x_wconf 85' lang='grc' dir='ltr'>τὴν</span> <span class='ocrx_word' id='word_1_912' title='bbox 3358 5028 3599 5101; x_wconf 88' lang='grc' dir='ltr'>Μαρίαν,</span> <span class='ocrx_word' id='word_1_913' title='bbox 3635 5028 3731 5081; x_wconf 80' lang='grc' dir='ltr'>καὶ</span> <span class='ocrx_word' id='word_1_914' title='bbox 3776 5024 4040 5094; x_wconf 83' lang='grc' dir='ltr'>θεασάμε-</span> 
     </span>
    </p>
   </div>
   <div class='ocr_carea' id='block_1_111' title="bbox 2468 5119 3600 5197">
    <p class='ocr_par' dir='ltr' id='par_1_111' title="bbox 2468 5119 3600 5197">
     <span class='ocr_line' id='line_1_134' title="bbox 2468 5119 3600 5197; baseline -0.003 -16"><span class='ocrx_word' id='word_1_915' title='bbox 2468 5141 2549 5180; x_wconf 91' lang='grc' dir='ltr'><strong>νοι</strong></span> <span class='ocrx_word' id='word_1_916' title='bbox 2574 5124 2613 5181; x_wconf 78' lang='grc' dir='ltr'><strong>ἃ</strong></span> <span class='ocrx_word' id='word_1_917' title='bbox 2640 5126 2885 5197; x_wconf 78' lang='grc' dir='ltr'>ἐποίησε,</span> <span class='ocrx_word' id='word_1_918' title='bbox 2916 5123 3283 5179; x_wconf 88' lang='grc' dir='ltr'>πιστεύσωσιν</span> <span class='ocrx_word' id='word_1_919' title='bbox 3309 5123 3389 5186; x_wconf 83' lang='grc' dir='ltr'><strong>εἰς</strong></span> <span class='ocrx_word' id='word_1_920' title='bbox 3415 5119 3600 5178; x_wconf 76' lang='grc' dir='ltr'>αὐτόν.</span> 
     </span>
    </p>
   </div>
   <div class='ocr_carea' id='block_1_112' title="bbox 2538 5392 4043 5468">
    <p class='ocr_par' dir='ltr' id='par_1_112' title="bbox 2538 5392 4043 5468">
     <span class='ocr_line' id='line_1_135' title="bbox 2538 5392 4043 5468; baseline -0.01 -12"><span class='ocrx_word' id='word_1_921' title='bbox 2538 5401 2629 5457; x_wconf 78' lang='grc'><strong>10.</strong></span> <span class='ocrx_word' id='word_1_922' title='bbox 2672 5401 2832 5457; x_wconf 81' lang='grc' dir='ltr'>Ἀλλὰ</span> <span class='ocrx_word' id='word_1_923' title='bbox 2860 5401 3024 5457; x_wconf 77' lang='grc' dir='ltr'>ἄκουε</span> <span class='ocrx_word' id='word_1_924' title='bbox 3047 5402 3144 5455; x_wconf 71' lang='grc' dir='ltr'>καὶ</span> <span class='ocrx_word' id='word_1_925' title='bbox 3172 5397 3300 5468; x_wconf 78' lang='grc' dir='ltr'>περὶ</span> <span class='ocrx_word' id='word_1_926' title='bbox 3326 5395 3553 5461; x_wconf 87' lang='grc' dir='ltr'>τούτων,</span> <span class='ocrx_word' id='word_1_927' title='bbox 3575 5393 3653 5466; x_wconf 81' lang='grc' dir='ltr'>μὴ</span> <span class='ocrx_word' id='word_1_928' title='bbox 3684 5392 3838 5464; x_wconf 88' lang='grc' dir='ltr'>μόνον</span> <span class='ocrx_word' id='word_1_929' title='bbox 3861 5404 4043 5460; x_wconf 77' lang='grc' dir='ltr'>σωμα-</span> 
     </span>
    </p>
   </div>
   <div class='ocr_carea' id='block_1_113' title="bbox 2466 5480 4044 5566">
    <p class='ocr_par' dir='ltr' id='par_1_113' title="bbox 2466 5480 4044 5566">
     <span class='ocr_line' id='line_1_136' title="bbox 2466 5480 4044 5566; baseline -0.008 -16"><span class='ocrx_word' id='word_1_930' title='bbox 2466 5498 2778 5566; x_wconf 85' lang='grc' dir='ltr'>τικώτερον.</span> <span class='ocrx_word' id='word_1_931' title='bbox 2830 5515 2848 5547; x_wconf 88' lang='grc' dir='ltr'><strong>ι</strong></span> <span class='ocrx_word' id='word_1_932' title='bbox 2868 5494 3026 5556; x_wconf 78' lang='grc' dir='ltr'>Τινὲς</span> <span class='ocrx_word' id='word_1_933' title='bbox 3055 5492 3114 5546; x_wconf 83' lang='grc' dir='ltr'>δὲ</span> <span class='ocrx_word' id='word_1_934' title='bbox 3155 5488 3215 5555; x_wconf 74' lang='grc' dir='ltr'><strong>ἐξ</strong></span> <span class='ocrx_word' id='word_1_935' title='bbox 3250 5488 3429 5544; x_wconf 79' lang='grc' dir='ltr'>αὐτῶν</span> <span class='ocrx_word' id='word_1_936' title='bbox 3465 5486 3712 5558; x_wconf 85' lang='grc' dir='ltr'>ἀπῆλθον</span> <span class='ocrx_word' id='word_1_937' title='bbox 3750 5483 3882 5555; x_wconf 80' lang='grc' dir='ltr'>πρὸς</span> <span class='ocrx_word' id='word_1_938' title='bbox 3918 5480 4044 5537; x_wconf 73' lang='grc' dir='ltr'>τοὺς</span> 
     </span>
    </p>
   </div>
   <div class='ocr_carea' id='block_1_114' title="bbox 2468 5572 4043 5660">
    <p class='ocr_par' dir='ltr' id='par_1_114' title="bbox 2468 5572 4043 5660">
     <span class='ocr_line' id='line_1_137' title="bbox 2468 5572 4043 5660; baseline -0.009 -19"><span class='ocrx_word' id='word_1_939' title='bbox 2468 5588 2815 5660; x_wconf 73' lang='grc' dir='ltr'>Φαρισαίους,</span> <span class='ocrx_word' id='word_1_940' title='bbox 2850 5588 2944 5642; x_wconf 79' lang='grc' dir='ltr'>καὶ</span> <span class='ocrx_word' id='word_1_941' title='bbox 2975 5581 3128 5640; x_wconf 81' lang='grc' dir='ltr'>εἶπον</span> <span class='ocrx_word' id='word_1_942' title='bbox 3156 5584 3339 5647; x_wconf 82' lang='grc' dir='ltr'>αὐτοῖς</span> <span class='ocrx_word' id='word_1_943' title='bbox 3363 5581 3399 5635; x_wconf 79' lang='grc' dir='ltr'>ἃ</span> <span class='ocrx_word' id='word_1_944' title='bbox 3430 5580 3690 5652; x_wconf 76' lang='grc' dir='ltr'>ἐποίησεν</span> <span class='ocrx_word' id='word_1_945' title='bbox 3711 5572 4043 5660; x_wconf 73' lang='grc' dir='ltr'>όἸησοῦς.»</span> 
     </span>
    </p>
   </div>
   <div class='ocr_carea' id='block_1_115' title="bbox 852 5689 2351 5769">
    <p class='ocr_par' dir='ltr' id='par_1_115' title="bbox 852 5689 2351 5763">
     <span class='ocr_line' id='line_1_138' title="bbox 852 5689 2351 5763; baseline 0.002 -18"><span class='ocrx_word' id='word_1_946' title='bbox 852 5689 900 5723; x_wconf 73' lang='grc'>⁸⁸</span> <span class='ocrx_word' id='word_1_947' title='bbox 928 5689 1090 5747; x_wconf 82' lang='lat' dir='ltr'><strong>Joan.</strong></span> <span class='ocrx_word' id='word_1_948' title='bbox 1114 5709 1192 5760; x_wconf 85' lang='lat' dir='ltr'><strong>xt,</strong></span> <span class='ocrx_word' id='word_1_949' title='bbox 1218 5695 1308 5751; x_wconf 73' lang='lat'><strong>25.</strong></span> <span class='ocrx_word' id='word_1_950' title='bbox 1388 5698 1434 5729; x_wconf 75' lang='lat'><strong>’°</strong></span> <span class='ocrx_word' id='word_1_951' title='bbox 1465 5697 1624 5752; x_wconf 86' lang='lat' dir='ltr'><strong>Joau.</strong></span> <span class='ocrx_word' id='word_1_952' title='bbox 1646 5712 1707 5763; x_wconf 90' lang='lat' dir='ltr'><strong>.v,</strong></span> <span class='ocrx_word' id='word_1_953' title='bbox 1737 5696 1829 5751; x_wconf 74' lang='grc'><strong>21.</strong></span> <span class='ocrx_word' id='word_1_954' title='bbox 1906 5695 1947 5728; x_wconf 70' lang='grc' dir='ltr'><strong>θ’</strong></span> <span class='ocrx_word' id='word_1_955' title='bbox 1981 5693 2142 5751; x_wconf 78' lang='lat' dir='ltr'><strong>.loan.</strong></span> <span class='ocrx_word' id='word_1_956' title='bbox 2174 5708 2251 5761; x_wconf 89' lang='lat' dir='ltr'><strong>xt,</strong></span> <span class='ocrx_word' id='word_1_957' title='bbox 2283 5692 2351 5749; x_wconf 74' lang='grc'><strong>45</strong></span> 
     </span>
    </p>
   </div>
   <div class='ocr_carea' id='block_1_116' title="bbox 2449 5689 3461 5769">
    <p class='ocr_par' dir='ltr' id='par_1_116' title="bbox 2449 5696 3461 5769">
     <span class='ocr_line' id='line_1_139' title="bbox 2449 5696 3461 5769; baseline -0.008 -12"><span class='ocrx_word' id='word_1_958' title='bbox 2449 5700 2490 5734; x_wconf 79' lang='grc'><strong>⁵³</strong></span> <span class='ocrx_word' id='word_1_959' title='bbox 2524 5701 2682 5758; x_wconf 78' lang='lat' dir='ltr'><strong>Joan.</strong></span> <span class='ocrx_word' id='word_1_960' title='bbox 2714 5720 2793 5769; x_wconf 90' lang='lat' dir='ltr'><strong>xt,</strong></span> <span class='ocrx_word' id='word_1_961' title='bbox 2828 5704 2920 5767; x_wconf 76' lang='grc'><strong>41,</strong></span> <span class='ocrx_word' id='word_1_962' title='bbox 2958 5700 3053 5756; x_wconf 70' lang='grc'><strong>42.</strong></span> <span class='ocrx_word' id='word_1_963' title='bbox 3127 5700 3173 5733; x_wconf 83' lang='grc'><strong>’⁸</strong></span> <span class='ocrx_word' id='word_1_964' title='bbox 3200 5697 3331 5755; x_wconf 78' lang='lat' dir='ltr'><strong>ibid.</strong></span> <span class='ocrx_word' id='word_1_965' title='bbox 3370 5696 3461 5750; x_wconf 68' lang='grc'><strong>42.</strong></span> 
     </span>
    </p>
   </div>
   <div class='ocr_carea' id='block_1_117' title="bbox 859 5783 1906 5855">
    <p class='ocr_par' dir='ltr' id='par_1_117' title="bbox 859 5783 1906 5855">
     <span class='ocr_line' id='line_1_140' title="bbox 859 5783 1906 5855; baseline 0.006 -18"><span class='ocrx_word' id='word_1_966' title='bbox 859 5783 973 5855; x_wconf 80' lang='lat'><strong>(86)</strong></span> <span class='ocrx_word' id='word_1_967' title='bbox 1005 5784 1130 5839; x_wconf 76' lang='lat' dir='ltr'><strong>llaec</strong></span> <span class='ocrx_word' id='word_1_968' title='bbox 1159 5788 1533 5855; x_wconf 87' lang='lat' dir='ltr'><strong>supplevimus</strong></span> <span class='ocrx_word' id='word_1_969' title='bbox 1563 5802 1593 5841; x_wconf 89' lang='lat' dir='ltr'><strong>c</strong></span> <span class='ocrx_word' id='word_1_970' title='bbox 1624 5789 1906 5843; x_wconf 85' lang='lat' dir='ltr'><strong>Perionio.</strong></span> 
     </span>
    </p>
   </div>
   <div class='ocr_carea' id='block_1_118' title="bbox 858 5853 2461 5927">
    <p class='ocr_par' dir='ltr' id='par_1_118' title="bbox 858 5853 2461 5927">
     <span class='ocr_line' id='line_1_141' title="bbox 858 5853 2461 5927; baseline -0.002 -12"><span class='ocrx_word' id='word_1_971' title='bbox 858 5853 973 5927; x_wconf 81' lang='lat'><strong>(87)</strong></span> <span class='ocrx_word' id='word_1_972' title='bbox 1016 5857 1071 5909; x_wconf 91' lang='lat' dir='ltr'><strong><em>&#39;O</em></strong></span> <span class='ocrx_word' id='word_1_973' title='bbox 1114 5853 1362 5927; x_wconf 73' lang='grc' dir='ltr'>Ἰησοῦς.</span> <span class='ocrx_word' id='word_1_974' title='bbox 1399 5859 1558 5916; x_wconf 87' lang='lat' dir='ltr'><strong>Deest</strong></span> <span class='ocrx_word' id='word_1_975' title='bbox 1588 5860 1643 5914; x_wconf 89' lang='lat' dir='ltr'><strong>in</strong></span> <span class='ocrx_word' id='word_1_976' title='bbox 1667 5858 1906 5915; x_wconf 88' lang='lat' dir='ltr'><strong>editione</strong></span> <span class='ocrx_word' id='word_1_977' title='bbox 1927 5856 2127 5925; x_wconf 81' lang='lat' dir='ltr'><strong>Huetii,</strong></span> <span class='ocrx_word' id='word_1_978' title='bbox 2165 5855 2259 5913; x_wconf 80' lang='lat' dir='ltr'><strong>sed</strong></span> <span class='ocrx_word' id='word_1_979' title='bbox 2293 5854 2372 5913; x_wconf 85' lang='lat' dir='ltr'><strong>le-</strong></span> <span class='ocrx_word' id='word_1_980' title='bbox 2456 5888 2461 5891; x_wconf 98' lang='lat'><em>-</em></span> 
     </span>
    </p>
   </div>
   <div class='ocr_carea' id='block_1_119' title="bbox 2477 5793 3524 5871">
    <p class='ocr_par' dir='ltr' id='par_1_119' title="bbox 2477 5793 3524 5871">
     <span class='ocr_line' id='line_1_142' title="bbox 2477 5793 3524 5871; baseline -0.014 -14"><span class='ocrx_word' id='word_1_981' title='bbox 2477 5793 3256 5871; x_wconf 64' lang='lat' dir='ltr'><strong>giturinrodiceBodleiano.</strong></span> <span class='ocrx_word' id='word_1_982' title='bbox 3310 5858 3350 5871; x_wconf 39' lang='grc' dir='ltr'>ἢ</span> <span class='ocrx_word' id='word_1_983' title='bbox 3417 5857 3430 5869; x_wconf 32' lang='grc' dir='ltr'>θ</span> <span class='ocrx_word' id='word_1_984' title='bbox 3511 5857 3524 5869; x_wconf 47' lang='grc'><strong>.</strong></span> 
     </span>
    </p>
   </div>
   <div class='ocr_carea' id='block_1_120' title="bbox 2551 5858 3584 5942">
    <p class='ocr_par' dir='ltr' id='par_1_120' title="bbox 2551 5858 3584 5942">
     <span class='ocr_line' id='line_1_143' title="bbox 2551 5858 3584 5942; baseline -0.015 -13"><span class='ocrx_word' id='word_1_985' title='bbox 2551 5871 2664 5942; x_wconf 79' lang='lat'><strong>(88)</strong></span> <span class='ocrx_word' id='word_1_986' title='bbox 2702 5869 2826 5928; x_wconf 71' lang='lat' dir='ltr'><strong>lla-c</strong></span> <span class='ocrx_word' id='word_1_987' title='bbox 2857 5865 3224 5939; x_wconf 86' lang='lat' dir='ltr'><strong>supplevimus</strong></span> <span class='ocrx_word' id='word_1_988' title='bbox 3254 5877 3284 5918; x_wconf 91' lang='lat' dir='ltr'><strong>c</strong></span> <span class='ocrx_word' id='word_1_989' title='bbox 3310 5858 3584 5915; x_wconf 85' lang='lat' dir='ltr'><strong>Perionio.</strong></span> 
     </span>
    </p>
   </div>
  </div>
