3804 6550
110 412 224 470 τοι

1115 423 1468 483 COMMENT.
1509 429 1577 484 IN
1613 429 1804 487 JOAN.
1852 432 2087 492 TOMUS
2128 435 2362 494 XXVIII.

3273 443 3377 498 702

113 536 285 608 Ἔχει
319 535 420 607 μέν
443 554 496 589 τι
521 539 554 609 ἡ
581 535 726 606 λέξις
751 538 1046 610 ἀμφίϐολον
1064 559 1078 574 ·
1111 545 1339 618 πότερον
1369 551 1418 602 οἱ
1442 549 1668 605 ἀπελθόν

1807 554 2060 613 Nonnihil
2087 557 2325 630 ambigui
2360 559 2521 615 habet
2561 558 2653 638 hic
2701 569 3016 629 contextus;
3059 561 3236 618 utruni
3278 565 3374 635 qui

103 645 213 694 τες
267 630 408 701 πρὸς
451 632 577 693 τοὺς
620 633 964 705 Φαρισαίους,
1014 637 1108 690 καὶ
1154 640 1398 704 εἰπόντες
1441 643 1623 708 αὐτοῖς
1665 644 1702 699 ἃ

102 720 384 792 εποίησεν
413 725 442 776 6
485 723 711 794 Ἰησοῦς,
745 726 854 779 ἀπὸ
881 726 989 779 τῶν
1022 728 1230 785 πολλῶν
1271 732 1537 791 Ἰουδαίων
1560 732 1701 809 ἦσαν

100 811 226 866 ubi:
269 812 622 886 θεασαμένων
662 815 698 870 ἃ
745 818 990 890 ἐποίησε,
1040 821 1134 875 καὶ
1182 825 1587 882 πιστευσάντων
1621 831 1701 895 είς

100 903 303 971 αὐτὸν,
325 906 636 980 βουλόμενοι
665 908 755 962 καὶ
785 911 911 976 τοὺς
939 911 1147 984 ἐχθρῶς
1169 914 1543 988 διακειμένους
1564 921 1701 992 πρὸς

101 996 281 1052 αὐτὸν
319 998 633 1071 δυσωπῆσαι
659 999 747 1054 διὰ
772 1001 868 1072 τῆς
897 1005 1026 1074 περὶ
1058 1001 1152 1058 τοῦ
1183 1007 1435 1080 Λαζάρου
1461 1011 1698 1081 ὲπαγγεο

99 1091 266 1154 λίας·
298 1092 332 1164 ἢ
367 1093 418 1145 οἱ
439 1092 615 1146 λοιποὶ
647 1095 797 1166 παρά
820 1096 944 1159 τοὺς
979 1095 1223 1162 πολλοὺς,
1252 1100 1345 1153 καὶ
1371 1103 1696 1158 πιστεύσαν-

94 1200 201 1247 τες
232 1184 373 1255 (89),
407 1186 484 1248 ὡς
515 1186 590 1256 μὴ
621 1186 934 1257 κινηθέντες
957 1189 1023 1242 ἐκ
1049 1189 1141 1243 τοῦ
1172 1193 1462 1262 γενομένου
1489 1197 1570 1258 είς
1598 1196 1696 1268 τὴν

96 1276 243 1347 περὶ
282 1277 462 1348 Ἰησοῦ
492 1277 694 1341 πίστιν,
728 1279 809 1333 ὅτι
849 1280 910 1333 τὸ
950 1282 1071 1338 ὅσον
1110 1284 1194 1353 ἐφ’
1225 1285 1436 1350 ἑαυτοῖς
1463 1287 1574 1357 (90)
1601 1289 1695 1342 καὶ

97 1371 231 1423 κατ’
279 1371 450 1425 αὐτοῦ
483 1373 610 1438 τοὺς
641 1373 966 1445 Φαρισαίους
1007 1375 1098 1430 τὸν
1142 1378 1198 1430 ὲν
1243 1379 1426 1444 αὐτοῖς
1463 1382 1694 1452 πονηρὸν

97 1461 276 1530 ἥλιον
310 1463 616 1532 ἐγείροντες
638 1464 726 1517 διὰ
752 1465 853 1535 τῆς
885 1468 1011 1539 περὶ
1051 1467 1142 1521 τοῦ
1175 1467 1426 1541 Λαζάρου
1456 1473 1693 1541 ἐπαγγεο

94 1551 252 1616 λίας.
291 1557 407 1608 Καὶ⁸
437 1555 584 1609 δοκεῖ
625 1573 713 1627 μοι
752 1556 908 1610 τοῦτο
949 1559 1147 1629 μᾶλλον
1178 1559 1463 1631 βούλεσθαι
1492 1563 1692 1633 σημαί-

95 1663 215 1697 νειν
250 1647 283 1699 6
307 1645 742 1718 Εὑαγγελιστής·
775 1648 855 1701 διὸ
887 1650 980 1702 καὶ
1007 1651 1323 1723 ἐπιφέρεται
1355 1655 1414 1707 τό
1433 1671 1445 1684 ο
1482 1674 1498 1705 ι
1521 1655 1689 1727 Συνή-

93 1751 280 1803 γαγον
309 1732 408 1788 οὖν
450 1737 500 1788 οἱ
543 1738 819 1809 ἀρχιερεῖς
856 1740 952 1793 καὶ
1001 1743 1048 1794 oi
1095 1743 1436 1813 Φαρισαῖοι.)
1485 1748 1579 1802 καὶ
1619 1747 1688 1801 τά

95 1824 254 1894 ἑῆς.
310 1825 550 1891 Πολλοὺς
582 1829 680 1898 μὲν
719 1825 812 1883 οὖν
846 1825 989 1894 εἷπε,
1021 1832 1149 1896 τοὺς
1177 1833 1263 1888 διὰ
1301 1834 1362 1888 τὸ
1394 1836 1685 1892 θεάσασθαι

1804 654 1931 710 inde
1963 657 2031 710 ad
2067 655 2373 714 Pharisaeos
2415 641 2822 726 concesserant,
2855 662 3212 732 dixerantque
3242 665 3377 734 ipsis

1801 765 1922 822 quae
1949 752 2168 810 fecisset
2197 753 2378 822 Jesus,
2410 767 2592 813 essent
2620 771 2687 811 ex
2726 773 2788 812 ea
2837 758 3149 815 Judaaorum
3189 765 3375 821 multi-

1800 847 1988 904 tudine
2021 853 2113 918 qui
2137 850 2486 907 crediderant
2510 854 2566 908 in
2605 869 2756 920 eum,
2798 859 3104 926 conspectis
3133 859 3218 914 his
3251 874 3374 930 qua

1799 945 2037 1012 fecisset,
2087 949 2191 1004 hoc
2245 959 2484 1020 agentes,
2522 961 2582 1006 ut
2629 953 2795 1008 etiam
2823 970 2918 1010 eos
2963 955 3246 1012 ﬂecterent
3278 958 3371 1026 qui

1799 1040 1980 1096 hostili
2012 1042 2193 1098 animo
2222 1059 2350 1112 erga
2384 1043 2572 1099 Jesum
2622 1055 2780 1100 erant
2820 1045 3034 1115 affecti,
3061 1049 3373 1108 nuntiantes

1797 1148 1918 1203 quae
1941 1134 2147 1190 Lazaro
2173 1135 2520 1204 evenissent;
2553 1153 2623 1191 an
2655 1137 2766 1202 alii,
2788 1150 2988 1209 prater
3021 1141 3142 1196 illos
3173 1142 3375 1201 multos

1796 1235 1886 1305 qui
1918 1237 2299 1302 crediderant,
2330 1253 2432 1293 ceu
2479 1237 2626 1294 edito
2667 1240 2929 1296 miraculo
2961 1256 3066 1296 non
3117 1242 3246 1297 moti
3301 1243 3370 1298 ad

1795 1335 2122 1389 credendum
2165 1335 2216 1390 in
2251 1333 2478 1402 Jesum;
2511 1335 2619 1389 imo
2667 1336 2868 1406 potius,
2913 1346 3172 1406 quantum
3203 1338 3255 1392 in
3284 1353 3372 1392 se-

1795 1422 1928 1494 ipsis
1945 1432 2082 1491 erat,
2098 1425 2405 1480 Pharisaaos
2435 1436 2602 1494 atque
2642 1426 2817 1480 zelum
2859 1427 3061 1481 malum
3089 1427 3142 1482 in
3172 1427 3370 1496 seipsis

1793 1516 2141 1570 exsistentem
2189 1516 2492 1571 excitantes
2526 1528 2714 1572 contra
2758 1517 2960 1582 Jesum,
3004 1532 3100 1587 per
3139 1532 3204 1572 ea
3248 1533 3370 1586 quae

1792 1615 1858 1671 de
1883 1615 2093 1670 Lazaro
2120 1615 2475 1682 nuntiabant;
2521 1616 2573 1670 id
2613 1618 2756 1687 quod
2789 1617 3003 1671 videtur
3036 1617 3205 1688 magis
3233 1617 3365 1672 mihi

1789 1713 2100 1782 signiﬁcare
2125 1715 2362 1770 voluisse
2397 1716 2760 1786 evangelista.
2789 1715 3053 1783 Quocirca
3098 1717 3370 1786 subjungi-

1793 1817 1880 1862 tur
1901 1809 1947 1839 ³⁸
1977 1826 1990 1862 :
2030 1826 2048 1860 ι
2079 1808 2425 1878 Collegerunt
2457 1809 2622 1880 igitur
2643 1809 2926 1880 pontifices
2947 1821 3002 1865 et
3024 1809 3310 1878 Pharisaei,
3339 1829 3362 1865 ι

93 1915 164 1968 τὰ
193 1917 334 1989 περὶ
361 1917 452 1970 τὸν
488 1918 734 1991 Λάζαρον
761 1923 1158 1988 πιστεύσαντας
1176 1942 1189 1954 ·
1223 1925 1464 1999 ὡσπερεὶ
1491 1929 1547 1982 δὲ
1582 1930 1668 1984 ὁλι

1792 1912 1847 1956 et
1892 1916 2013 1971 quae
2046 1913 2367 1970 sequuntur.
2409 1900 2604 1956 Multos
2656 1902 2821 1973 igitur
2862 1903 3066 1970 dicens,
3099 1905 3366 1960 intellexit

94 2008 395 2079 γωτέρους
430 2009 629 2081 ἔφησεν
660 2011 799 2068 εἶναι
845 2017 972 2078 τοὺς
1005 2016 1080 2087 μὴ
1120 2017 1434 2085 τοιούτους,
1479 2021 1648 2074 εἰπών
1671 2040 1684 2052 ο

100 2116 121 2149 ε
152 2097 320 2163 Τινὲς
350 2100 409 2154 δὲ
441 2100 501 2166 ἐξ
528 2103 706 2159 αὐτῶν
730 2105 989 2177 ἀπῆλθον,
1017 2125 1035 2158 ›
1069 2109 1253 2164 καὶτὰ
1273 2110 1421 2176 ἑξῆς.
1446 2112 1689 2184 Πρόσχες

92 2187 148 2241 δὲ
175 2189 282 2242 καὶ
327 2193 442 2256 τοῖς
475 2191 893 2266 λεχθησομένοις
923 2199 972 2250 εί
1003 2197 1225 2254 δύναται
1277 2202 1423 2272 ἡμᾶς
1467 2203 1687 2274 κινῆσαι

94 2282 239 2352 1:96;
267 2285 691 2353 συγκατάθεσιν,
721 2289 844 2343 ἐπεὶ
865 2291 937 2361 μὴ
972 2291 1186 2365 εἴρηται
1222 2295 1342 2364 μέν·
1372 2295 1565 2350 Πολλοὶ
1594 2294 1687 2352 οὖν

93 2371 158 2424 ἐκ
187 2373 304 2428 τῶν
349 2375 619 2432 Ἰουδαίων
660 2379 768 2433 τῶν
817 2381 1079 2438 ἐλθόντων
1123 2385 1260 2456 πρὸς
1308 2386 1404 2459 τὴν
1445 2389 1683 2460 Μαρίαν,

95 2469 190 2520 καὶ
226 2470 585 2543 θεασαμένων
620 2474 656 2529 ἃ
702 2477 977 2548 ἐποίησεν,
1017 2481 1342 2539 ἐπίστευσαν
1388 2487 1467 2550 είς
1499 2487 1682 2553 αὐτὸν,

93 2557 419 2629 γέγραπται
469 2562 554 2616 δέ·
617 2583 636 2616 ι
661 2565 853 2621 Πολλοὶ
903 2565 995 2622 οὖν
1042 2572 1106 2624 ὲκ
1151 2572 1260 2626 τῶν
1323 2575 1584 2630 Ἰουδαίων
1635 2581 1684 2632 οἱ

95 2649 355 2715 ἐλθόντες
388 2654 524 2724 πρὸς
554 2655 650 2728 τὴν
682 2659 923 2730 Μαρίαν,
960 2664 1053 2716 καὶ
1088 2663 1410 2736 θεασάμενοι
1438 2669 1473 2722 ά
1499 2670 1685 2742 ἐποίη-

95 2757 210 2806 σεν,
263 2745 596 2803 ἐπίστευσαν
648 2753 729 2814 είς
770 2753 965 2807 αὐτόν’
995 2775 1012 2808 ι
1061 2758 1155 2810 καὶ
1184 2759 1416 2830 μάλιστα
1465 2761 1552 2816 διὰ
1584 2763 1685 2834 τὴν

93 2835 396 2907 ἀναγωγὴν
429 2840 706 2910 κινοῦμαι,
761 2845 971 2915 μήποτε
1003 2847 1205 2913 πάντες
1251 2852 1300 2905 oi
1337 2851 1680 2925 θεασάμενοι,

91 2926 345 2979 τουτέστι
375 2928 749 3003 θεωρήσαντες
781 2937 876 2990 καὶ
909 2939 1180 3005 συνιέντες
1203 2942 1312 3012 (91)
1347 2943 1382 2998 ἃ
1429 2945 1682 3017 ἐποίησεν

91 3019 120 3071 6
156 3019 398 3088 Ἰησοῦς,
428 3023 753 3081 ἐπίστευσαν
790 3029 871 3092 είς
917 3030 1111 3084 αὐτόν·
1141 3035 1190 3085 oi
1224 3035 1469 3105 μέντοιγε
1512 3038 1681 3092 ἀπελ-

94 3107 286 3174 θόντες
316 3112 458 3182 πρὸς
486 3117 610 3180 τοὺς
640 3118 985 3190 Φαρισαίους,
1016 3124 1110 3177 καὶ
1148 3125 1395 3191 εἰπόντες
1427 3129 1611 3194 αὐτοῖς
1643 3130 1680 3187 ἃ.

93 3199 359 3272 ιποίησεν
408 3206 438 3257 6
505 3207 728 3278 Ἰησοῦς,
767 3211 891 3265 ἐπεὶ
941 3212 1016 3286 μὴ
1071 3217 1537 3290 μεμαρτύρηνται,
1598 3223 1678 3276 ὅτι
1705 3243 1747 3302 c

95 3294 420 3360 ἐθεάσαντο,
455 3300 660 3372 μήποτε
690 3304 750 3356 τὸ
776 3305 834 3360 ὲν
863 3307 1069 3379 ἐπαίνῳ
1097 3308 1387 3381 λεγόμενον
1413 3315 1543 3386 περὶ
1573 3315 1681 3370 τῶν

96 3389 507 3442 πιστευσάντων
551 3393 648 3446 οὐκ
692 3394 870 3466 ἔσχον,
913 3399 1005 3452 1:6-
1063 3401 1410 3459 Ἐθεάσαντο·
1460 3408 1682 3464 ἐδύνατο

94 3478 220 3549 γὰρ,
258 3483 423 3553 εἴπερ
450 3485 544 3536 καὶ
570 3479 715 3540 οὗτοι
744 3489 1055 3557 ἐθεάσαντο,
1086 3497 1413 3566 γεγράφθαι,
1437 3500 1518 3553 ὄτι
1540 3501 1682 3567 τινὲς

96 3568 152 3633 ἐξ
183 3572 374 3625 αὐτῶν
406 3575 647 3646 ἀπῆλθον
681 3580 816 3652 πρὸς
842 3584 968 3647 τοὺς
1000 3585 1344 3657 Φαρισαίους,
1397 3593 1487 3644 καὶ
1529 3589 1682 3649 εἷπον

94 3663 276 3726 αὐτοῖς
317 3663 358 3718 ἃ
404 3667 695 3723 ἐθεάσαντο
740 3676 1078 3746 πεποιηκότα
1120 3677 1211 3731 τὸν
1275 3681 1510 3752 Ἰησοῦν⁵
1542 3685 1596 3756 ἢ,
1645 3686 1681 3740 ἃ

94 3751 391 3808 ἐθεάσαντο
415 3757 506 3810 καὶ
528 3759 780 3831 ἐποίησεν
807 3765 834 3816 6
876 3765 1110 3836 Ἰησοῢςο
1141 3769 1259 3823 νυνὶ
1287 3751 1345 3824 δέ
1374 3775 1455 3826 τό·
1498 3751 1681 3830 Ἐθεά-

97 3859 276 3910 σαντο,
316 3849 412 3900 ἐπὶ
443 3850 647 3904 τούτων
683 3854 779 3924 μὲν
805 3855 1056 3926 οὐδαμῶς
1087 3859 1332 3931 εἴρηταιο
1369 3865 1460 3917 ἐπὶ
1488 3864 1544 3919 δὲ
1569 3867 1680 3922 τῶν

95 3940 525 4008 πιστευσάντων,
571 3945 764 4009 οἵτινες
806 3948 899 4002 καὶ
945 3949 1190 4015 ἐλθόντες
1227 3948 1367 4024 ἦσαν
1400 3956 1536 4027 πρὸς
1582 3957 1680 4029 τὴν

95 4028 336 4118 Μαρίαν,
389 4034 482 4087 καὶ
527 4033 851 4107 θεασάμενοι
881 4039 917 4092 ἃ
947 4041 1202 4113 ἐποίησεν
1247 4045 1276 4097 6
1323 4046 1558 4118 Ἰησοῦς
1609 4028 1678 4102 δι’

93 4118 202 4211 ούς,
238 4116 421 4192 οἶμαι,
464 4125 556 4177 καὶ
588 4122 710 4181 εῐπε
734 4129 797 4182 τό
822 4128 966 4202 (92)-
1003 4151 1022 4183 ‹
1062 4133 1218 4188 Ἀλλά
1251 4136 1340 4190 διὰ
1378 4116 1470 4193 τὸν
1520 4140 1677 4211 ὄχλον

93 4210 178 4264 τὸν
221 4216 566 4285 περιεστῶτα
611 4214 785 4290 εἶπον,
828 4223 916 4276 ίνα
954 4226 1336 4294 πιστεύσωσιν,
1383 4231 1466 4284 ὅτι
1511 4233 1575 4286 σύ
1610 4250 1678 4304 με

98 4302 440 4394 άπέστειλας.
467 4326 484 4358 ι
524 4310 673 4380 ’Ἂμα
713 4311 769 4366 δὲ
816 4314 910 4367 καὶ
955 4317 1083 4388 περὶ
1126 4317 1318 4372 τούτου
1362 4302 1676 4394 πρόσχες-εί

93 4391 314 4448 δύνασαι
341 4398 470 4460 τοὺς
494 4398 746 4465 ἐλθόντας
770 4405 907 4474 πρὸς
935 4406 1033 4475 τὴν
1073 4409 1312 4479 Μαρίαν,
1342 4391 1438 4465 καλ.
1469 4391 1670 4470 θεασα-

99 4483 287 4551 μένους
322 4487 362 4540 ἃ
405 4490 659 4561 ἐποίησεν
690 4495 720 4546 6
757 4494 982 4565 Ἰησοῦς,
1021 4497 1117 4549 καὶ
1160 4501 1558 4567 πιστεύσαντας
1593 4506 1676 4568 είς

1789 2005 1884 2043 eos
1910 1989 2026 2060 qui,
2057 1994 2363 2060 conspectis
2406 1993 2491 2048 his
2519 2007 2641 2063 qua:
2669 1993 2812 2047 circa
2864 1993 3130 2049 Lazarum
3157 2003 3363 2064 egerat,

1788 2083 2168 2149 crediderant,
2229 2085 2681 2155 quemadmodum
2741 2088 3026 2156 pauciores
3057 2089 3192 2143 dixit
3244 2103 3366 2142 esse

1787 2175 1878 2243 qui
1915 2174 2222 2246 hujusmodi
2254 2193 2357 2232 non
2377 2188 2584 2244 essent,
2619 2180 2838 2234 dicens:
2875 2198 2893 2232 ι
2922 2180 3148 2248 Quidam
3182 2195 3362 2235 autem

1787 2282 1850 2320 ex
1883 2267 2013 2336 ipsis
2043 2269 2316 2335 abierunt,
2345 2289 2364 2323 ι
2407 2280 2462 2324 et
2483 2286 2605 2340 quae.
2647 2284 2966 2342 sequuntur.
2994 2273 3205 2328 Adhibe
3233 2289 3365 2329 vero

1787 2359 2028 2412 animum
2062 2359 2147 2413 his
2197 2361 2361 2415 etiam
2410 2378 2532 2432 qua:
2571 2363 2813 2418 dicturus
2860 2381 3012 2429 sum;
3062 2381 3255 2435 nempe
3292 2381 3361 2420 an

1787 2450 1851 2503 ad
1904 2450 2062 2518 hujus
2099 2454 2542 2522 approbationem
2592 2471 2810 2511 movere
2850 2473 2950 2512 nos
2993 2459 3188 2526 possit,
3219 2459 3362 2529 quod

1786 2543 1991 2597 dictum
2039 2559 2146 2598 non
2184 2544 2395 2602 fuerit:
2424 2545 2574 2602 Multi
2608 2547 2772 2618 igitur
2800 2564 2866 2603 ex
2901 2550 3124 2616 Judaeis,
3169 2565 3364 2620 nempe

1788 2635 1843 2690 hi
1881 2636 1973 2706 qui
2001 2647 2266 2692 venerant
2303 2639 2371 2693 ad
2401 2638 2649 2706 Mariam,
2681 2650 2735 2696 et
2769 2641 3017 2696 viderant
3043 2657 3163 2711 qua:
3198 2641 3362 2698 fecis-

1784 2737 1866 2782 set
1913 2727 2093 2794 .lesus,
2132 2730 2481 2785 crediderunt
2507 2732 2566 2801 in
2598 2746 2720 2786 eum
2745 2750 2760 2798 ;
2790 2734 2884 2788 sed
2927 2734 3189 2803 scriptum
3231 2735 3306 2788 sit
3344 2750 3358 2786 :

1789 2837 1808 2870 ι
1846 2818 1996 2874 Multi
2027 2820 2192 2889 igitur
2229 2837 2297 2876 ex
2342 2822 2450 2877 illis
2481 2821 2682 2878 Judzeis
2725 2825 2817 2893 qui
2856 2834 3122 2879 venerant
3154 2825 3220 2878 ad
3246 2824 3361 2878 Ma-

1783 2911 1946 2977 riam,
1985 2921 2039 2967 et
2071 2913 2324 2968 viderant
2372 2929 2494 2984 qua:
2546 2915 2767 2972 fecisset
2797 2915 2975 2980 Jesus,
3015 2917 3362 2973 crediderunt

1783 3003 1836 3058 in
1865 3017 2042 3060 eum.»
2071 3004 2289 3061 Moveor
2312 3009 2609 3076 praesertim
2630 3008 2700 3063 ob
2718 3008 2881 3078 382
2913 3024 3212 3080 anagogen,
3232 3024 3359 3062 num

1782 3095 1922 3153 forte
1947 3113 2134 3154 omnes
2183 3097 2256 3172 [οἱ
2299 3100 2646 3172 θεασάμενοι,
2690 3101 2933 3156 τουτέστι
2963 3102 3360 3176 θεωρήσαντες,

1783 3189 1878 3242 καὶ
1906 3190 2175 3255 συνιέντες
2197 3232 2213 3257 ,
2247 3193 2346 3246 hoc
2379 3192 2484 3265 est]
2517 3194 2608 3262 qui
2637 3195 2882 3249 viderant
2913 3204 2969 3250 ct
3013 3191 3360 3262 contemplati

1786 3285 2028 3349 fuerant,
2049 3293 2103 3337 et
2135 3284 2520 3340 intellexerant
2542 3302 2662 3356 quae
2681 3287 2896 3343 fecisset
2911 3284 3090 3351 Jesns,
3110 3285 3361 3342 credide-

1784 3377 1894 3430 rint
1922 3376 1974 3430 in
2002 3390 2146 3440 eum,
2168 3391 2292 3430 cum
2315 3385 2506 3432 contra
2533 3377 2602 3432 de
2625 3379 2709 3432 his
2727 3379 2818 3448 qui
2845 3379 3099 3433 abierunt
3125 3377 3194 3432 ad
3219 3376 3363 3431 Pha-

1784 3467 2058 3534 risazos,et
2087 3468 2342 3524 dixerunt
2368 3469 2474 3524 illis
2507 3485 2628 3540 qua:
2646 3471 2858 3527 fecisset
2872 3470 3050 3537 Iesus,
3076 3487 3182 3526 non
3209 3471 3362 3526 dica-

1785 3569 1871 3613 tur
1894 3561 2035 3629 quod
2075 3560 2314 3614 viderint
2341 3569 2398 3615 et
2421 3561 2767 3632 contemplati
2796 3561 3102 3617 fuerint.Et
3129 3561 3364 3618 fortasse

1781 3651 1907 3720 quia
1949 3650 2096 3706 laudi
2144 3653 2302 3706 datur
2350 3652 2436 3707 his
2470 3653 2563 3722 qui
2612 3653 2986 3718 crediderunt,
3036 3655 3360 3708 vocabulum

1779 3742 1997 3796 videndi
2030 3756 2126 3797 seu
2161 3743 2587 3813 contemplandi,
2618 3743 2673 3798 hi
2713 3745 2804 3812 qui
2850 3743 3188 3798 ahieruntad
3220 3743 3362 3796 Pha-

1783 3836 1989 3900 risazos,
2029 3850 2135 3890 non
2159 3836 2360 3890 habent
2392 3835 2713 3890 vocabulum
2745 3836 2961 3890 videndi
2991 3850 3086 3890 seu
3117 3845 3362 3889 contem-

1777 3925 1982 3996 plandi.
2021 3927 2465 3996 Quandoquidem
2497 3927 2542 3982 si
2581 3928 2745 3982 etiam
2786 3927 2842 3981 hi
2872 3927 2964 3996 qui
3003 3927 3057 3980 in
3088 3941 3212 3980 eum
3241 3941 3362 3979 cre-

1779 4016 2052 4082 diderunt,
2074 4016 2425 4086 contemplati
2457 4017 2710 4082 fuissent,
2727 4018 2992 4086 scriptum
3027 4026 3172 4072 esset
3195 4031 3361 4085 quos-

1779 4109 1900 4163 dam
1930 4123 1996 4163 ex
2032 4109 2116 4163 his
2167 4109 2234 4162 ad
2287 4109 2590 4164 Pharismos
2635 4109 2975 4164 concessisse
2997 4148 3013 4175 ,
3048 4107 3361 4175 dixisseque

1777 4200 1908 4271 ipsis
1935 4217 2054 4270 quae
2087 4203 2435 4272 contemplati
2467 4201 2692 4257 fuissent
2733 4201 2929 4256 fecisse
2947 4199 3154 4268 Iesum,
3185 4201 3271 4254 vel
3299 4215 3362 4254 se

1777 4293 2175 4362 contemplatos
2229 4293 2396 4348 fuisse
2436 4296 2580 4363 quod
2623 4294 3059 4352 fecissetJesus;
3096 4307 3238 4346 nunc
3263 4306 3363 4346 au-

1779 4390 1886 4444 tem
1916 4382 2235 4437 vocabulum
2265 4383 2666 4451 contemplandi
2703 4385 3124 4452 haudquaquam
3153 4383 3359 4440 dictum

1776 4485 1858 4530 eat
1883 4475 2145 4542 dehisce,
2171 4476 2264 4530 sed
2298 4477 2363 4532 de
2398 4478 2482 4531 his
2508 4478 2600 4548 qui
2625 4480 2990 4540 crediderant,
3013 4487 3066 4530 et
3095 4483 3364 4532 venerant

98 4578 273 4642 αὑτὸν,
323 4581 518 4650 μόνους
561 4583 757 4653 λέγειν,
804 4587 899 4641 ἅτε
946 4589 1041 4643 καὶ
1091 4591 1318 4657 πολλοὺς
1367 4566 1548 4660 ὄντας,

1791 4566 1942 4620 etiam
1970 4567 2037 4620 ad
2065 4567 2314 4629 Mariam,
2352 4577 2406 4623 et
2446 4569 2699 4623 viderant
2728 4584 2848 4639 qua:
2885 4569 3104 4624 fecisset
3142 4566 3300 4622 Jesus
3337 4581 3356 4632 ;

96 4665 234 4723 οὗτοι
264 4667 406 4743 ἦσαν
432 4676 462 4727 6
489 4676 794 4748 περιεστὼς
820 4680 912 4733 τὸν
952 4682 1160 4752 Ἰησοῦν
1184 4683 1359 4755 ὄχλος,
1378 4687 1447 4740 δι’
1469 4688 1529 4742 ὃν
1553 4686 1672 4743 εἷπε

98 4761 177 4812 =6-
218 4782 238 4814 ι
262 4765 466 4836 Πάτερ,
514 4768 822 4839 εὐχαριστῶ
855 4788 958 4838 σοι,
1000 4775 1082 4827 ὃτι
1116 4777 1356 4847 ἤκουσάς
1387 4796 1488 4848 μου
1509 4797 1523 4810 ·
1560 4780 1672 4850 ἐγὼ

99 4851 148 4903 δὲ
189 4853 360 4924 ᾔδειν,
401 4858 484 4910 ὃτι
514 4859 746 4914 πάντοτέ
793 4880 892 4933 μου
935 4865 1173 4930 ἀκούεις.
1199 4886 1217 4920 ι
1256 4870 1319 4922 Ei
1352 4870 1460 4942 γὰρ
1497 4873 1672 4928 ταῦτα

98 4941 178 4996 διὰ
208 4946 297 5000 τὸν
327 4948 484 5018 ὄχλον
525 4951 618 5004 τὸν
665 4954 1004 5024 περιεστῶτα
1040 4953 1212 5022 εἶπεν,
1246 4960 1334 5014 ἴνα
1367 4962 1670 5016 πιστεύσω-

103 5050 198 5101 σιν,
244 5040 324 5092 ὅτι
368 5042 398 5092 6
433 5042 624 5114 Πατὴρ
670 5045 835 5099 αὐτὸν
885 5047 1193 5114 ἀπέστειλε,
1236 5052 1332 5105 καὶ
1371 5053 1547 5122 λέγων
1579 5054 1666 5109 διὰ

99 5125 248 5181 τοῦτο
284 5125 460 5195 εἶπεν,
492 5133 579 5185 ἵνα
627 5135 657 5186 6
705 5137 1010 5208 περιεστὼς
1046 5139 1198 5210 ὄχλος
1233 5143 1497 5215 πιστεύσῃ
1519 5161 1533 5176 ο
1568 5146 1669 5200 ούκ

99 5215 160 5270 ἂν
188 5218 264 5285 δὲ,
313 5224 387 5294 μὴ
439 5227 821 5292 πιστεύσοντός
851 5247 995 5295 τινος
1037 5232 1094 5299 ἐξ
1125 5234 1325 5299 αὐτῶν,
1376 5237 1453 5300 τῷ
1494 5238 1669 5312 Πατρὶ

163 5381 210 5413 ³⁸
235 5380 387 5436 Joan.
417 5399 493 5450 χι,
519 5384 608 5438 46.
668 5387 734 5467 1⁸⁸
764 5385 894 5443 ibid.
924 5388 1016 5442 47.
1089 5389 1136 5422 ⁸⁸
1165 5391 1294 5446 ibid.
1321 5391 1412 5445 42.

308 5498 416 5549 Καὶ
447 5500 902 5568 πιστεύσαντες.
951 5503 1307 5560 Scribendum
1343 5508 1561 5563 videtur
1590 5509 1667 5582 μὴ

105 5578 501 5631 πιστεύσαντες.

167 5634 416 5713 i90)_"_0{r
460 5639 525 5691 τὸ
586 5641 736 5696 ὅσον
781 5643 873 5712 ἐφ’
921 5643 1175 5713 ἑαυτοῖς,
1222 5655 1328 5699 etc.
1372 5645 1666 5704 Persuadet

106 5701 326 5784 ferrarii
367 5708 760 5784 interpretatio,
813 5701 869 5766 ῖιι
916 5717 993 5768 sic
1018 5701 1279 5784 legamus,
1315 5719 1491 5770 ὅτιτὸ
1540 5701 1664 5772 ὅσον
1749 5733 1752 5738 ·

108 5771 181 5852 é?‘
211 5774 416 5857 ἑαυτοῖς
453 5771 774 5857 κατ’μαύτοῦ
813 5785 938 5857 τους
967 5771 1292 5857 Φαρῖσαίουξ
1336 5787 1428 5840 καὶ
1461 5789 1553 5842 τὸν
1603 5792 1661 5842 έν

107 5845 278 5907 αὐτοῖς
312 5849 540 5919 πονηρὸν
580 5850 739 5921 ζῆλον
786 5845 1108 5926 ἐγείροντες.
1160 5845 1338 5912 Malim
1372 5869 1571 5926 tamen,
1600 5862 1658 5913 ὲν

1782 4653 2003 4726 propter
2023 4673 2161 4726 quos
2183 4659 2348 4712 etiam
2379 4658 2573 4728 opinor
2604 4674 2728 4713 eum
2759 4660 2966 4714 dixisse
2995 4675 3008 4710 :
3037 4677 3056 4710 ι
3091 4657 3197 4711 Sed
3230 4671 3358 4725 pro-

1779 4761 1901 4821 pter
1930 4752 2373 4808 circnmstantem
2422 4754 2638 4808 turbam
2673 4753 2806 4821 dixi,
2845 4763 2903 4808 ut
2940 4754 3165 4807 credant
3211 4751 3356 4822 quod

1784 4853 1839 4897 tu
1873 4857 1958 4898 me
1988 4845 2207 4901 miseris
2230 4846 2298 4902 ⁹⁶.
2342 4866 2362 4900 ι
2407 4845 2618 4901 Pariter
2646 4847 2812 4901 etiam
2854 4848 2958 4900 huc
2986 4855 3223 4900 mentem
3258 4842 3356 4896 ad-

1779 4935 1928 5000 hibe,
1961 4953 2088 4990 num
2119 4939 2298 5008 possis
2322 4955 2416 4994 eos
2439 4940 2589 4995 solos
2613 4941 2704 5009 qui
2739 4940 2806 4993 ad
2828 4939 3050 4992 Mariam
3081 4933 3352 4997 venerint,

1777 5028 1979 5098 quique
2007 5031 2359 5102 contemplati
2393 5031 2598 5086 fuerint
2625 5047 2746 5101 qua:
2771 5031 2988 5085 fecisset
3016 5027 3194 5095 .Iesus,
3229 5024 3352 5096 qui-

1774 5150 1883 5205 que
1915 5137 1969 5191 in
1996 5137 2170 5206 ipsum
2203 5139 2760 5204 crediderint,dicere
2791 5136 2939 5206 (quia
2971 5133 3123 5188 multi
3147 5131 3355 5200 essent)

1777 5239 1946 5296 fuisse
1980 5241 2193 5296 turbam
2227 5242 2430 5298 circum
2471 5241 2656 5296 .lesum
2697 5249 2971 5303 stantem;
3007 5238 3160 5307 cujus
3187 5251 3352 5292 causa

1779 5508 2269 5586 a6?9i€-.'_'UFT"1$«
2833 5576 2838 5582 .
2920 5575 2931 5586 .
3123 5571 3164 5586 ς-
3243 5573 3255 5586 ο

1850 5581 1964 5651 (91)
1997 5581 2178 5651 Codex
2206 5578 2553 5642 Bodleianus,
2580 5588 2747 5643 recte,
2787 5575 3092 5638 συνιέντες’
3123 5571 3346 5642 Regius,

1777 5649 2265 5722 ῐιιιιιιδσυ-νένταςε
2855 5712 2881 5722 _
3029 5716 3042 5722 _
3125 5714 3157 5722 κ
3243 5714 3252 5722 ,

1851 5720 1968 5788 (92)
2001 5720 2179 5772 Codex
2208 5712 2212 5713 ν
2237 5719 2584 5789 Bodleianns,
2615 5730 2784 5786 recte,
2830 5712 2952 5770 εἶπε
2984 5716 3045 5769 τό
3067 5731 3080 5746 ·
3121 5714 3348 5782 Regius,

1774 5801 2045 5858 corrupte,
2086 5792 2132 5842 εί
2159 5791 2289 5862 περὶ
2306 5790 2384 5844 τό.
