4082 6598
46 1478 51 1569 ί

45 1586 51 1781 ὲ

46 1818 48 1891 ἰ

46 1952 51 2055 ἕ

59 65 284 92 1,.

57 209 280 272 ἶιίξ

58 421 278 504 ξ.ἷ

61 509 276 576 iii

61 573 278 628 5"}

61 627 276 668 ῗιί

59 685 274 724 t.’1

57 737 162 780 ΞΤ

59 803 160 832 ἰ

57 827 156 912 ξ.

51 999 62 1066 ὲ

51 1073 154 1122 i.

52 1125 62 1194 ΐ

49 1187 230 1432 ii

46 1433 230 1572 ξ

47 1639 230 1734 ἒέῖ

153 1751 230 1772 τι

46 1859 228 1922 .;.1

46 2033 228 2102 :i

46 2100 226 2154 ἓξ

46 2165 226 2214 ιε

46 2246 224 2320 ἐξ

730 434 834 490 703
2202 417 2342 475 08H

2362 420 2529 477 LENIS
3004 458 3013 479 ι
3882 429 3974 487 ’ποι

725 549 864 605 dixit
897 546 1030 603 illud
1070 564 1086 602 :
1126 564 1146 599 ι
1181 543 1363 610 Pater,
1395 544 1603 617 gratias
1634 558 1738 614 ago
1760 543 1889 608 tibi,
1918 543 2175 613 quoniam
2203 558 2303 598 au-
2332 592 2337 601 .

2364 566 2379 603 ι
2404 542 2611 611 ἔλεγεν,
2642 540 2719 604 ὡς
2748 539 2807 594 εί
2829 558 2914 605 τις
2938 542 3049 597 τῶν
3083 541 3144 597 τὸ
3175 543 3372 617 μέλλον
3413 544 3755 617 ἀγνοούντων
3781 544 3976 619 ἀνθρώ-

724 642 856 697 disti
899 655 985 695 me
1012 652 1031 706 ;
1054 655 1156 710 ego
1184 647 1372 694 autem
1400 635 1644 693 sciebam
1673 634 1817 706 quod
1839 649 2054 705 semper
2086 649 2172 688 me
2196 650 2297 688 au-

2405 650 2523 687 πων
2544 632 2680 703 (95)·
2706 650 2725 683 ι
2750 631 2911 686 Ἀλλά
2926 631 3015 687 διά
3032 634 3125 688 τὸν
3150 634 3304 707 δχλον
3325 638 3418 692 τὸν
3445 636 3790 710 περιεστῶτα
3821 633 3976 705 εἷπον,

726 735 832 791 dis.
868 753 888 788 ι
922 733 1057 791 Nam
1087 732 1135 788 si
1166 731 1283 788 haec
1309 730 1447 786 dixit
1480 731 1651 787 turba:
1686 727 2090 785 circumstantis
2114 740 2302 793 causa,

2403 723 2492 778 ἵνα
2525 722 2910 789 πιστεύσωσιν,
2942 724 3026 780 δτι
3062 726 3127 780 σύ
3162 744 3233 799 με
3261 729 3621 794 ἀπέστειλας·
3646 748 3667 782 ι
3707 731 3910 803 μήποτε
3937 736 3979 788 oi

724 836 788 883 ut
812 826 1100 883 crederem
1126 823 1273 895 quod
1316 821 1482 879 Pater
1515 820 1665 876 illum
1709 819 1966 885 misisset,
2000 825 2055 871 et
2078 825 2302 887 propter

2404 816 2650 882 ἐλθόντες
2677 818 2814 891 πρὸς
2834 819 2931 892 τὴν
2946 819 3188 892 Μαρίαν,
3211 822 3304 876 καὶ
3331 822 3661 895 θεασάμενοι
3682 821 3721 878 ἀ
3751 823 3977 896 ἐποίησε,

727 921 835 977 hoc
858 920 1085 990 loquens
1105 918 1242 973 dixit
1264 924 1324 971 ut
1340 916 1498 971 turba
1518 914 1883 970 circumstans
1901 908 2297 972 credat,haud-

2404 909 2501 963 καὶ
2528 908 2919 974 πιστεύσαντες
2947 911 3027 976 είς
3053 910 3238 978 αὐτὸν,
3272 913 3425 985 μόνοι
3455 909 3599 985 ἦσαν
3631 915 3662 968 6
3694 912 3981 982 περιεστὼς

727 1023 1002 1080 quaquam
1032 1009 1099 1063 ad
1122 1006 1338 1062 Patrem
1364 1005 1640 1061 locuturus
1669 1000 1868 1064 fuerat,
1886 998 2111 1071 perinde
2138 1007 2304 1067 atque

2404 1000 2496 1054 τὸν
2550 1000 2760 1074 Ἰησοῦν
2798 1000 2988 1074 ὄχλος·
3020 1003 3070 1058 οἱ
3105 1003 3165 1060 δέ
3212 1003 3393 1059 λοιποὶ
3443 1005 3570 1059 οὔτε
3616 1004 3906 1061 ἐθεάσαντο
3948 1005 3981 1062 ἃ

723 1102 922 1172 aliquis
955 1101 1115 1155 homo
1145 1098 1450 1155 futurorum
1483 1097 1722 1166 ignarus,
1744 1094 1788 1148 si
1834 1092 2079 1147 futurum
2110 1098 2226 1146 erat
2247 1097 2309 1144 ut

2405 1088 2683 1161 ἐποίησεν,
2708 1088 2834 1145 οὔτε
2860 1094 3336 1167 περιειστήκεισαν
3364 1095 3553 1154 αὐτόν.
3945 1088 3958 1101 ’

725 1193 920 1263 aliquis
944 1207 1011 1246 ex
1037 1191 1167 1260 ipsis
1198 1205 1306 1246 non
1332 1189 1583 1245 crederet
1607 1205 1621 1243 :
1649 1205 1668 1239 ι
1705 1184 1810 1241 Sed
1845 1193 2064 1256 propter
2099 1182 2310 1236 turbam
2334 1179 2780 1238 circumstantem
2810 1182 2946 1249 dixi,
2977 1192 3039 1240 ut
3070 1185 3295 1242 credant
3315 1187 3464 1258 quod
3496 1194 3553 1241 tu
3589 1201 3679 1243 me
3714 1186 3924 1242 misisti.
3956 1205 3977 1242 I

724 1284 959 1341 Proinde
999 1284 1123 1339 vide
1170 1299 1240 1339 ne
1286 1282 1429 1339 forte
1474 1280 1570 1352 qui
1624 1287 1892 1335 venerant
1938 1277 2006 1331 ad
2054 1274 2321 1340 Mariam,
2374 1281 2431 1329 et
2472 1275 2825 1346 contemplati
2869 1275 3085 1333 fuerant
3121 1293 3244 1350 qua
3279 1279 3517 1347 fecerat,
3551 1288 3609 1336 et
3650 1280 3980 1337 crediderant

724 1377 776 1431 in
810 1391 931 1431 eum
952 1416 967 1440 ,
1007 1375 1107 1430 soli
1140 1376 1251 1430 sint
1295 1373 1449 1428 turba
1492 1372 1856 1428 circumstans
1887 1368 2105 1437 Iesum;
2138 1376 2365 1425 caeteros
2391 1380 2522 1423 vero
2559 1382 2736 1438 neque
2764 1369 3161 1441 contemplatus
3197 1370 3369 1430 fuisse
3410 1387 3533 1444 quae
3577 1372 3788 1430 fecerat
3814 1370 3977 1439 Iesus,

721 1484 897 1537 neque
931 1470 1077 1525 circa
1113 1485 1237 1524 eum
1272 1469 1511 1525 stetisse.
3833 1528 3836 1541 ,

797 1562 878 1616 ll.
917 1579 937 1612 ι
971 1561 1314 1631 Collegerunt
1343 1578 1474 1633 ergo
1507 1563 1788 1633 pontifices
1813 1572 1870 1618 et
1890 1560 2149 1618 Pharismi
2169 1576 2301 1618 con-

2480 1557 2567 1611 Hs
2604 1576 2623 1610 ι
2650 1558 2964 1630 Συνήγαγον
2992 1552 3088 1615 οὖν
3116 1561 3166 1614 οἱ
3196 1561 3473 1633 ἀρχιερεῖς
3506 1558 3603 1616 καὶ
3631 1561 3682 1613 οῖ
3709 1561 3980 1633 Φαρισαῖοι

720 1650 924 1716 cilium,
959 1667 1021 1707 ac
1049 1654 1303 1708 dicebant
1333 1671 1349 1708 :
1378 1654 1516 1723 Quid
1553 1655 1783 1710 facimus
1803 1695 1818 1720 ,
1847 1656 1975 1725 quia
2006 1656 2095 1711 hic
2131 1656 2298 1710 homo

2405 1646 2699 1720 συνέδριον,
2741 1648 2833 1702 καὶ
2859 1648 3078 1718 ἔλεγον·
3112 1651 3177 1704 Τί
3211 1650 3493 1721 ποιοῦμεν,
3529 1651 3613 1705 ὅτι
3646 1643 3801 1715 οὗτος
3830 1653 3858 1705 ό
3892 1652 3977 1705 ἀν-

720 1742 885 1797 tuulta
913 1743 1065 1815 signa
1096 1746 1252 1800 edit?
1283 1746 1343 1801 Si
1382 1747 1792 1817 permiserimus
1821 1762 1946 1803 eum
1978 1746 2080 1813 sic,
2102 1762 2295 1804 omnes

2402 1739 2619 1812 θρωπος
2672 1740 2843 1795 πολλά
2892 1746 3039 1799 ποιεῖ
3089 1746 3325 1817 σημεία;
3386 1745 3513 1799 Ἐὰν
3553 1743 3789 1816 ἀφῶμεν
3828 1745 3978 1799 αὐτὸν

717 1836 943 1891 credent
976 1838 1027 1891 in
1053 1853 1216 1905 eum;
1250 1839 1578 1908 venientque
1609 1839 1864 1906 Romani,
1882 1850 1937 1896 et
1964 1841 2153 1895 tollent
2187 1852 2297 1897 tum

2363 1855 2373 1904 ι
2399 1833 2566 1899 οὕτω,
2598 1833 2801 1898 πάντες
2825 1834 3209 1891 πιστεύσουσιν
3233 1838 3312 1900 είς
3337 1836 3529 1891 αὐτόν·
3556 1838 3655 1893 καὶ
3678 1838 3975 1892 ἐλεύσονται

719 1927 894 1983 locum
930 1941 1200 1997 nostrum,
1232 1944 1344 1987 tum
1393 1936 1697 2006 gentem".
1738 1954 1758 1988 ι
1800 1935 1953 2001 Quod
1978 1923 2197 1990 'atlinet
2226 1934 2294 1989 ad

2392 1927 2445 1980 οί
2488 1927 2772 1998 Ῥωμαῖοι,
2800 1927 2896 1981 καὶ
2921 1927 3148 1999 ἀροῦσιν
3178 1928 3333 2000 ἡμῶν
3363 1929 3459 1982 καὶ
3482 1929 3574 1985 τὸν
3594 1930 3785 1995 τόπον,
3811 1930 3978 1984 καὶτὸ

718 2032 1054 2090 contextum,
1098 2025 1358 2080 Pharisaei
1391 2035 1445 2082 et
1496 2026 1777 2098 pontifices
1808 2028 2065 2084 videbant
2099 2026 2295 2082 facilli-

2393 2015 2563 2081 ἔθνος.
2592 2036 2611 2070 ι
2660 2018 2749 2083 Ὠς
2783 2018 2920 2090 πρὸς
2940 2018 3002 2072 τὸ
3029 2018 3191 2090 ῥητὸν
3212 2021 3259 2072 οἱ
3285 2020 3570 2091 Φαρισαῖοι
3604 2021 3702 2074 καί¹
3725 2022 3776 2074 οἱ
3804 2022 3980 2093 ἀρχιε-

717 2125 865 2164 mum
905 2111 1049 2168 factu
1085 2129 1224 2181 esse,
1262 2126 1318 2168 ut
1346 2118 1416 2171 ob
1458 2119 1884 2187 magnitudinem
1918 2118 2292 2190 prodigiorum

2394 2109 2509 2178 ρεῖς
2538 2106 2746 2179 ἐώρων,
2793 2108 2875 2162 ὅτι
2920 2107 3009 2162 διὰ
3050 2108 3112 2163 τὸ
3159 2109 3392 2182 μέγεθος
3422 2104 3498 2165 ὧν
3532 2113 3855 2184 ἐπεποιήκει
3891 2130 3979 2165 τε-

715 2216 782 2257 ac
828 2204 1088 2259 virtutum
1122 2223 1261 2277 quas
1311 2208 1528 2265 fecisset
1570 2208 1750 2278 Jesus,
1787 2222 1934 2267 totus
1980 2210 2292 2267 Iudaeorum

2394 2197 2631 2270 ραστίων
2679 2199 2774 2252 καὶ
2815 2198 3100 2271 δυνάμεων
3141 2198 3254 2272 (94)
3304 2203 3335 2254 6
3398 2200 3627 2272 Ἰησοῦς,
3662 2202 3887 2257 δυνατὸν
3916 2198 3980 2276 ἦν

716 2295 947 2365 populus
977 2296 1139 2369 383
1173 2301 1549 2356 traduceretur
1589 2303 1658 2357 ad
1692 2304 2023 2358 credendum
2051 2304 2105 2359 in
2141 2320 2292 2372 eum,

2391 2291 2488 2345 καὶ
2516 2290 2693 2346 πάντα
2732 2291 2824 2345 τὸν
2856 2292 2984 2346 λαὸν
3027 2292 3119 2346 τὸν
3168 2292 3423 2347 Ἰουδαῖον
3463 2294 3778 2366 ὑπαχθῆναι
3805 2298 3872 2367 τῇ
3906 2299 3983 2361 εἰς

714 2394 767 2438 et
800 2388 1081 2442 traductus
1110 2389 1415 2459 despiceret
1461 2390 1664 2446 cultum
1719 2392 1863 2448 illius
1900 2393 2003 2450 loci
2037 2408 2293 2463 corpora-

2391 2380 2553 2435 αὐτὸν
2590 2382 2792 2448 πίστει,
2828 2381 3139 2454 ὑπαχθέντα
3159 2382 3218 2437 δὲ
3242 2384 3659 2456 καταφρονῆσαι
3697 2387 3797 2457 τῆς
3819 2388 3877 2439 ἐν
3908 2384 3981 2458 τῷ

714 2475 846 2540 lem,
876 2487 986 2531 tum
1037 2477 1364 2547 Leviticum,
1397 2492 1509 2537 tum
1554 2485 1954 2541 sacerdotalem
1988 2502 2006 2553 ;
2045 2487 2183 2541 adeo
2235 2494 2296 2542 ut

2390 2473 2541 2544 τόπῳ
2571 2473 2894 2546 σωματικῆς
2920 2475 3233 2546 Δευῖτικῆς,
3260 2476 3356 2530 καὶ
3385 2478 3673 2550 ἱερατικῆς
3702 2478 3977 2551 λατρείας·

713 2579 802 2619 res
853 2566 1255 2634 hujuscemodi'
1279 2581 1574 2641 praetextus
1614 2572 1790 2641 fieret,
1832 2576 1961 2644 quia
2005 2592 2110 2631 non
2145 2575 2295 2632 fove-

2389 2564 2519 2619 ὥστ’
2555 2564 2623 2620 ἂν
2654 2566 2926 2638 πρόφασιν
2959 2567 3020 2621 τὸ
3052 2568 3294 2622 τοιοῦτον
3323 2569 3579 2639 γενέσθαι
3624 2570 3742 2637 τοῦ,
3780 2573 3875 2626 ἆτε
3906 2572 3978 2644 μὴ

716 2664 834 2710 rent
861 2657 1031 2714 Judaei
1063 2662 1262 2728 locum,
1298 2674 1354 2718 ut
1389 2663 1618 2721 Romani
1656 2665 1940 2735 haberent,
1972 2683 2135 2724 causa
2164 2668 2291 2724 Ser-

2391 2657 2765 2731 περιεπόντων
2802 2659 3070 2714 Ἰουδαίων
3096 2661 3188 2715 τὸν
3214 2661 3399 2726 τόπον,
3440 2661 3737 2734 Ῥωμαίοις
3765 2663 3871 2717 ύπδ
3889 2661 3982 2718 τοῦ

710 2752 940 2816 vatoris,
997 2764 1106 2807 tum
1165 2755 1342 2811 locum
1379 2757 1608 2823 dictum,
1644 2761 1789 2828 quod
1828 2762 1897 2814 ab
1930 2760 2039 2817 illis
2067 2761 2287 2832 plurimi

2388 2749 2643 2822 Σωτῆρος
2665 2749 2941 2821 γενέσθαι,
2966 2752 3061 2807 καὶ
3090 2753 3180 2806 τὸν
3210 2751 3567 2825 νομιζόμενον
3594 2756 3727 2825 παρ’
3755 2754 3984 2820 ἐκείνοις

711 2836 895 2908 ﬁebat,
947 2853 1057 2897 tum
1112 2857 1327 2912 gentem
1373 2848 1685 2905 Iudaeorum
1740 2860 1949 2918 totam,
1987 2854 2288 2909 nolentium

2387 2841 2677 2913 εἰρημένον
2715 2842 2901 2906 τόπον,
2957 2842 3055 2897 καὶ
3086 2845 3195 2898 πᾶν
3237 2844 3297 2898 τὸ
3318 2871 3323 2876 λ
3342 2843 3496 2908 ἔθνος
3555 2844 3850 2909 Ἰουδαίων,
3883 2845 3986 2899 οὐκ

707 2932 929 2988 omnino
959 2937 1180 2991 servare
1224 2937 1651 3009 confessionem,
1687 2945 1832 3013 quod
1879 2954 2063 3001 essent
2113 2945 2287 3001 Judzei

2387 2935 2480 2988 ἐπὶ
2504 2935 2668 2988 παντὶ¹
2688 2936 2876 3007 τρόπῳ
2895 2938 3083 3007 τηρεῖν
3117 2936 3408 2991 ἐθελόντων
3433 2938 3532 3010 τὴν
3557 2937 3689 3009 περὶ
3712 2937 3807 2991 τοῦ
3852 2937 3986 2990 Ἰου-

707 3021 829 3088 ipsi.
883 3024 1085 3080 Deinde
1136 3028 1395 3096 quoniam
1435 3031 1643 3086 cultum
1684 3033 2033 3100 divinum,et
2080 3035 2282 3102 locum,

2385 3029 2571 3093 δαίους
2602 3030 2830 3093 ἑαυτοὺς
2862 3024 3002 3083 εἶναι
3032 3029 3346 3101 ὁμολογίαν.
3389 3025 3501 3083 Εἶτ’
3536 3030 3663 3083 ἐπεὶ
3708 3029 3818 3101 (95)
3849 3028 3986 3083 πάν-

708 3124 762 3167 et
817 3117 993 3186 gentis
1039 3120 1439 3178 multitudinem
1479 3124 1734 3181 omnibus
1760 3125 2141 3196 praeferebant,
2168 3143 2286 3197 qua:

2386 3137 2497 3175 των
2524 3122 2851 3195 προέκρινον
2876 3122 2973 3193 τὴν
2999 3121 3279 3193 λατρείαν,
3314 3120 3523 3175 καὶτὸν
3544 3120 3735 3187 τόπον,
3764 3119 3861 3174 καί⁵
3884 3119 3988 3191 τὴν

706 3220 813 3272 prae
844 3207 927 3262 his
956 3208 1177 3278 majoris
1221 3228 1342 3268 esse
1384 3216 1643 3270 momenti
1696 3217 2104 3286 censebantur;
2140 3210 2318 3276 hanc‘

2385 3212 2481 3267 τοῦ
2504 3212 2689 3277 ἐθνους
2712 3214 2992 3280 σύστασιν,
3007 3213 3116 3267 τῶν
3144 3212 3507 3285 νομισθέντων
3533 3213 3602 3267 ἂν
3626 3209 3764 3267 εἷναι
3791 3229 3983 3286 κρειτ-

704 3297 776 3350 ob
808 3313 1027 3353 causam
1057 3303 1343 3359 consilium
1377 3309 1585 3375 agitant
1627 3319 1816 3366 contra
1849 3309 2057 3377 Jesnm,
2098 3327 2165 3368 ne
2205 3314 2281 3370 si-

2387 3304 2560 3358 τόνων
2602 3303 2757 3377 παρά
2802 3303 3004 3358 ταῦτα·
3053 3302 3143 3357 διὰ
3179 3302 3337 3357 τοῦτο
3383 3302 3651 3357 σκοποῦσι
3698 3302 3843 3357 κατά
3883 3301 3984 3357 τοῦ

705 3394 839 3441 nant
890 3403 1011 3442 eum
1051 3392 1266 3449 .vivere.
1326 3395 1685 3468 Arbitrorque
1736 3415 1831 3456 eos
1893 3402 2057 3457 simili
2116 3404 2282 3460 modo

2398 3396 2596 3468 Ἰησοῦ,
2618 3398 2706 3450 ἵνα
2733 3396 2896 3450 αὐτὸν
2923 3394 2998 3467 μὴ
3028 3396 3230 3450 ἐάσωσι
3252 3393 3373 3466 ζῇν.
3409 3395 3505 3458 Ὣς
3526 3394 3572 3447 δ’
3600 3395 3800 3458 αὐτοὺς
3825 3390 3987 3465 οἶμαι

705 3476 943 3544 dixisse,
979 3482 1114 3538 «hic
1161 3484 1366 3554 homo,
1413 3507 1433 3542 ι
1468 3499 1724 3560 tanquam
1771 3495 1839 3550 ad
1892 3496 2280 3552 destruendam

2384 3491 2478 3545 καὶ
2527 3492 2620 3544 ἐπὶ
2665 3489 2985 3562 καθαιρέσει
3017 3490 3115 3560 τῆς
3158 3487 3315 3557 δόξης
3359 3487 3527 3541 αὑτοῦ
3578 3489 3861 3560 εἰρηκέναι
3886 3488 3984 3541 τό·

704 3564 927 3659 gloriam
951 3570 1101 3642 ejus;
1135 3590 1234 3630 nec
1264 3577 1406 3632 enim
1431 3583 1731 3639 credebant
1763 3585 1848 3641 bis
1879 3602 2001 3656 quae
2031 3590 2281 3659 superius

2387 3599 2408 3635 ι
2432 3577 2599 3645 Οὗτος
2628 3584 2657 3636 6
2705 3581 3019 3654 ἄνθρωπος·
3041 3599 3060 3632 ι
3113 3580 3374 3649 ἠπίστουν
3409 3579 3519 3651 γὰρ
3551 3583 3668 3645 τοῖς
3708 3580 3801 3635 καὶ
3835 3581 3986 3634 ἀνω·

702 3655 930 3725 dlxerat,
964 3680 1158 3736 nempe
1184 3670 1326 3737 quod
1353 3683 1496 3727 esset
1535 3674 1653 3744 ipse
1682 3676 1845 3743 Deus,
1877 3655 2002 3734 cum
2035 3655 2280 3751 lapidare

2379 3673 2524 3745 τέρω
2545 3673 2855 3745 εἰρημένοις
2872 3672 3001 3745 περὶ
3020 3669 3115 3725 τοῦ
3135 3671 3247 3741 (96)
3277 3671 3412 3725 Θεὸν
3439 3672 3604 3726 αὑτὸν
3625 3669 3789 3737 εἶναι,
3813 3672 3991 3744 ἡνίκα

699 3762 823 3804 eum
853 3752 1157 3820 voluerunt,
1188 3768 1445 3830 tanquam
1497 3778 1594 3832 pro
1624 3766 2002 3837 blasphemia;
2035 3771 2278 3829 dicentes

2379 3765 2620 3831 λιθάζειν
2651 3766 2814 3820 αὐτὸν
2847 3764 3147 3828 ἐϐούλοντο,
3184 3763 3261 3828 ὡς
3301 3764 3432 3837 περὶ
3478 3764 3851 3837 βλασφημίας,
3888 3762 3986 3817 λέ-

700 3837 778 3894 illi
810 3857 826 3895 :
867 3861 887 3895 ι
920 3843 999 3899 Τιι
1037 3848 1200 3904 homo
1224 3867 1345 3905 cum
1379 3856 1474 3919 sis,
1509 3857 1646 3913 facis
1696 3859 1928 3931 teipsum
1955 3859 2123 3918 Deum
2149 3864 2228 3931 ⁹⁹;
2250 3884 2271 3918 ι

2379 3874 2567 3928 γοντες
2582 3857 2749 3929 αὐτῷ·
2781 3877 2800 3910 ι
2819 3858 2914 3922 Σὺ,
2934 3855 3030 3910 ἀνθ
3040 3872 3219 3929 ρωπος
3238 3856 3335 3922 ὢν,
3359 3860 3535 3920 ποιεῖς
3564 3858 3756 3912 ἐαυτὸν
3775 3855 3915 3909 Θεόν
3930 3871 3947 3884 ·
3960 3872 3984 3906 ο

698 3935 914 3998 quando
960 3940 1122 3994 etiam
1182 3958 1277 3997 sua
1334 3947 1669 4017 benignitate
1726 3955 2275 4021 respondit,docens

2375 3951 2468 4006 ὅτε
2527 3950 2673 4005 κατὰ
2725 3950 2825 4021 τὴν
2877 3948 3074 4003 ἐαυτοῦ
3132 3947 3547 4020 φιλανθρωπίαν
3612 3948 3983 4021 ἀπεκρίνατο,

692 4035 908 4112 omnem
943 4029 1009 4082 ad
1038 4045 1198 4099 quem
1230 4050 1411 4091 sermo
1448 4040 1539 4093 Dei
1580 4040 1754 4099 factus
1786 4045 2015 4110 est,dici
2050 4045 2215 4103 Deum
2241 4063 2273 4104 a

2377 4044 2664 4107 διδάσκων,
2692 4042 2776 4096 δτι
2805 4042 2913 4105 πᾶς
2947 4039 3082 4112 πρὸς
3111 4038 3170 4093 ὃν
3200 4041 3230 4092 ό
3257 4037 3414 4108 λόγος
3445 4040 3541 4094 τοῦ
3565 4040 3703 4095 Θεοῦ
3729 4040 3989 4110 ἐγένετο,

693 4108 843 4209 Deo;
871 4130 994 4173 cum
1044 4137 1150 4177 non
1189 4125 1368 4181 valeat
1409 4130 1544 4186 solvi
1591 4135 1674 4187 vel
1716 4108 1938 4191 dissolvi
1988 4135 2272 4209 Scriptura

2379 4135 2509 4200 Θεὸς
2542 4135 2758 4204 λέγεται
2788 4133 2894 4187 ὑπὸ
2928 4108 3025 4186 τοῦ
3068 4131 3224 4187 Θεοῦ·
3259 4132 3337 4204 μὴ
3387 4132 3703 4204 δυναμένης
3745 4108 3991 4203 λυθῆναι

692 4207 1006 4275 prophetica
1040 4228 1162 4282 qua:
1196 4218 1297 4273 hoc
1351 4224 1621 4279 enuntiat.
1663 4225 1815 4282 Licet
1864 4230 2030 4284 etiam
2082 4207 2150 4286 ex
2185 4232 2273 4289 his

2379 4229 2471 4282 καὶ
2532 4225 2903 4295 καταλυθῆναι
2955 4224 3058 4296 τῆς
3119 4223 3557 4296 ἀποφηναμένης
3621 4222 3991 4295 προφητικῆς

690 4308 808 4392 quae
855 4298 1111 4358 Pharisaei
1163 4317 1217 4360 et
1267 4312 1552 4378 pontiﬁces
1589 4314 1883 4383 dixerunt,
1916 4320 2271 4378 considerare

2382 4320 2617 4392 Γραφῆς.
2653 4319 2809 4371 Ἔστι
2837 4318 2897 4371 δὲ
2939 4319 3006 4370 ἐκ
3040 4316 3150 4370 τῶν
3182 4316 3497 4388 λεγομένων
3528 4315 3641 4370 ἀπὸ
3671 4316 3775 4369 τῶν
3802 4315 3994 4385 Φαρι-

688 4384 900 4483 illorum
932 4406 1173 4462 apertam
1208 4403 1496 4470 malitiam,
1538 4417 1593 4461 et
1615 4422 1848 4473 caecam;
1881 4421 2123 4480 apertam
2144 4414 2269 4483 qui-

2384 4384 2565 4467 παίων·
2585 4411 2682 4466 καὶ
2723 4410 2834 4465 τῶν
2873 4409 3177 4482 ἀρχιερέων
3210 4384 3548 4479 κατανοῆσαι
3581 4408 3761 4464 αὐτῶν
3785 4407 3895 4461 κα)⁵
3920 4402 3996 4461 τδ

687 4476 830 4579 dem,
860 4488 1109 4554 quoniam
1152 4496 1553 4553 attestabantur
1602 4499 1679 4553 illi
1713 4514 1836 4555 eum
1870 4476 2037 4556 multa
2073 4476 2268 4561 fecisse

2380 4505 2471 4576 τῆς
2512 4503 2715 4568 κακίας
2755 4476 3255 4573 ἀνομολογούμενον
3301 4501 3397 4555 καὶ
3429 4476 3632 4569 τυφλόν
3651 4517 3666 4530 ·
3704 4500 3992 4570 ἀνομολο-

684 4581 853 4666 ³¹8ηξκ
886 4590 1151 4650 nosseque
1191 4585 1339 4651 huic,
1365 4592 1457 4657 qui
1502 4599 1580 4645 tot
1613 4591 1771 4662 signa
1802 4604 2009 4662 egerat,
2043 4594 2267 4652 insidias

2380 4594 2657 4666 γούμενον,
2705 4594 2789 4649 δτι
2823 4592 3169 4664 ἐμαρτύρουν
3202 4590 3354 4663 αὐτῷ
3391 4590 3487 4646 καὶ
3533 4590 3704 4645 πολλά
3732 4608 3992 4662 πεποιη-

687 4661 857 4758 strni;
894 4668 1118 4758 perinde
1147 4678 1302 4743 quasi
1348 4678 1433 4734 sui
1472 4694 1635 4735 causa
1672 4661 1810 4737 nihil
1843 4661 2029 4754 posset
2071 4697 2265 4743 contra

2380 4661 2522 4741 κέναι
2553 4688 2777 4758 σημεῖα,
2829 4661 2922 4738 καὶ
2941 4661 3216 4736 ⁷δύνασθαι
3249 4661 3333 4753 τῷ
3360 4682 3600 4736 τοσαῦτα
3630 4683 3831 4753 σημεῖα
3873 4661 3992 4735 πε-

683 4749 854 4809 laetas
879 4757 980 4850 sibi
1014 4762 1268 4834 insidias;
1305 4769 1356 4823 id
1399 4774 1546 4840 quod
1589 4774 1766 4843 ipsum
1798 4749 1961 4830 etiam
1994 4778 2268 4834 nihilomi-

2383 4749 3054 4850 Mthdrt'sm6ouleﬁcat,
3083 4774 3159 4838 ὡς
3191 4749 3360 4844 μηδέν
3391 4773 3540 4846 ὑπὲρ
3572 4749 3767 4827 ἐαυτοῦ
3796 4774 3865 4827 ἐν
3900 4774 3995 4846 τῷ

681 4853 785 4938 nus
813 4848 1073 4908 czecilatis
1117 4866 1258 4922 erat,
1291 4874 1417 4915 cum
1463 4862 1709 4932 ejusdem
1750 4875 1917 4935 esset,
1955 4868 2046 4935 qui
2092 4870 2264 4925 multa

2385 4848 2820 4926 ἐπιϐουλεύεσθαι
2848 4866 3131 4938 δυναμένῳ
3149 4883 3163 4897 ·
3192 4865 3394 4936 τυφλὸν
3415 4865 3473 4919 δέ
3498 4866 3653 4920 οὐδὲν
3671 4866 3781 4938 (97)
3796 4861 3997 4937 ἦττον

679 4931 900 5033 fecisset
926 4944 1206 5017 miracula,
1226 4951 1454 5009 insidias
1481 4957 1647 5010 etiam
1670 4972 1930 5028 superare
1956 4961 2258 5017 nolentium

2386 4965 2463 5019 ιαὶ
2503 4964 2636 5018 αὐτὸ
2682 4961 2843 5017 τοῦτο
2872 4931 3159 5033 ’ἦν-’καἑά
3191 4931 3303 5030 γάῥ
3343 4960 3436 5012 τὸν
3484 4931 3998 5012 “mandastis:

681 5037 803 5128 eum
829 5031 910 5128 sic
939 5035 1234 5100 dimittere.
1266 5043 1379 5099 Nisi
1412 5045 1553 5102 forte
1584 5049 1885 5106 credebant
1908 5067 2032 5107 eum
2076 5052 2261 5109 facere

2388 5059 2571 5128 τημεῖα
2610 5052 2679 5128 ἦν
2713 5055 2807 5110 καὶ
2837 5054 2899 5109 τὸ
2913 5031 3173 5127 κρεῖττον
3203 5046 3345 5105 εἶναι
3393 5050 3494 5122 τῆς
3528 5049 3822 5120 ἐπιϐουλῆς
3858 5049 4000 5104 τῶν

677 5120 961 5217 miracula,
994 5140 1049 5186 et
1080 5134 1210 5189 item
1234 5138 1744 5207 suspicabantur'ea
1765 5158 1874 5198 non
1909 5145 2025 5201 ﬁeri
2057 5147 2262 5202 virtute

2388 5120 2587 5217 ιιριέναι
2615 5120 2778 5201 αὑτὸν
2815 5147 2892 5217 μὴ
2930 5120 3192 5200 θελόντων
3211 5161 3225 5174 ·
3261 5145 3311 5197 εί
3340 5142 3415 5214 μὴ
3444 5120 3555 5214 ἀρα
3587 5143 3683 5195 καὶ
3708 5141 4000 5195 ἐπίστευ-

677 5211 885 5280 divina,
911 5218 984 5275 ita
1018 5233 1075 5278 ut
1106 5226 1251 5283 hanc
1273 5229 1347 5284 ob
1385 5245 1610 5286 causam
1639 5233 1824 5288 omnia
1854 5234 1969 5303 ipse
1997 5249 2105 5290 non
2129 5249 2258 5305 pos-

2387 5211 2448 5301 w',
2473 5240 2556 5293 ὅτι
2579 5240 2725 5293 ποιεῖ
2757 5211 2980 5307 σημεῖα,
3004 5236 3099 5291 και
3126 5211 3386 5289 ὑπενόουν
3402 5211 3549 5286 εωιά
3573 5233 3652 5304 μὴ
3680 5232 3785 5285 ἀπὸ
3804 5230 3999 5297 θείας

675 5314 778 5367 set,
811 5323 984 5379 neque
1018 5329 1079 5370 se
1107 5320 1320 5389 eripere
1350 5337 1419 5377 ex
1451 5322 1667 5380 illorum
1703 5325 1938 5381 insidiis.
1972 5328 2151 5398 Atque
2182 5326 2259 5382 illi

2386 5330 2609 5397 πίνεσθαι
2636 5331 2920 5402 δυνάμεως
2944 5370 2959 5395 ,
2987 5330 3131 5384 ὥστε
3160 5328 3249 5384 διὰ
3286 5326 3445 5381 τοῦτο
3471 5325 3549 5396 μὴ
3582 5324 3762 5378 πάντα
3790 5325 3998 5381 αὐτὸν

739 5444 784 5476 ’⁷
807 5441 959 5501 Joan.
987 5465 1061 5514 ιι,
1098 5452 1189 5517 47,
1223 5454 1313 5511 48.
1391 5456 1439 5489 ⁸⁸
1468 5458 1597 5513 ibid.
1625 5459 1716 5515 47.
1790 5461 1837 5493 ⁹¹⁹
1862 5459 2021 5517 Joau.
2054 5477 2110 5529 x,
2141 5459 2233 5526 33,
2256 5461 2347 5519 55.

717 5560 848 5643 '(93')
881 5564 1059 5646 (19:19:
1072 5568 1306 5646 _Bodleia_
1312 5585 1438 5646 nus,
1469 5581 1636 5640 recte,
1659 5574 1768 5629 τῶν
1791 5575 1854 5628 τὸ
1877 5576 2070 5646 μέλλον
2092 5578 2257 5645 ἀγνο-

2439 5572 2552 5643 (96)
2578 5573 2773 5646 Οοίίεξῄ
2808 5573 3159 5637 Bodleianns,
3200 5584 3367 5646 recte,
3417 5572 3543 5646 τοῦ,
3571 5572 3792 5645 Regius,
3840 5572 3996 5646 ψ,

672 5637 874 5718 ςῡντορν
914 5637 1217 5718 ἀνθρώπων
1237 5657 1272 5718 °_
1292 5641 1513 5718 liegius,
1549 5637 1831 5714 corrupte,
1868 5637 1979 5699 τῶν
2019 5648 2079 5702 τὸ
2127 5637 2257 5718 μέλ-

2390 5637 2683 5718 ιιιιξιθζουιιι
2720 5644 2972 5718 Christus
3002 5647 3301 5718 secundum
3335 5637 3633 5718 O_rigeri_em
3658 5637 3780 5696 'non
3824 5644 3927 5718 sit
3960 5637 4002 5700 ὃ

672 5698 1509 5784 λονλτδηηούντωνὰνθρώσῖιωνξ
1594 5698 1603 5699 ί
1930 5698 1965 5699 Π
2032 5698 2075 5702 Π
2127 5698 2231 5718 Γῆ

2392 5698 2610 5776 ιεόςί-ὲ-
2641 5698 2758 5784 Sex,
2775 5698 2981 5784 abhinc
3014 5698 3197 5778 lineis,
3240 5698 3622 5784 supplev'roﬁro
3654 5722 3776 5768 ante
3807 5698 4004 5772 ἅποξ

747 5771 803 5842 (9
819 5775 858 5853 ξι)
893 5777 1070 5856 Ιῦιιιιῇυ
1118 5771 1318 5859 lluetii,
1348 5781 1648 5903 τεραστίων
1677 5771 1981 5858 δυνάμεων.

747 5844 853 5903 [95)
886 5844 1064 5902 Ειιιιιυ
1096 5848 1295 5903 Ιιιιοιίι.
1323 5865 1408 5903 ma
1433 5865 1481 5903 e.
1516 5852 1629 5903 ἐπί.

1575 5799 1648 5835 ων
1677 5771 1981 5858 δυνάμεων.
2402 5771 2705 5854 ηναμένης.
2746 5783 2905 5838 Ent'r.
2942 5771 3187 5840 Punon.

1575 5852 1629 5903 εί.
2434 5854 2544 5903 (97)
2573 5855 2755 5903 Codex
2795 5852 3021 5903 Regius-
3047 5856 3185 5903 male

1433 5865 1481 5919 ει

742 5844 853 5915 (95)
886 5844 1064 5902 Edltiu
1096 5848 1295 5915 lluetii,
1323 5844 1481 5919 male,
1516 5852 1629 5906 ἐπί.
1816 5844 1829 5858 ’

2428 5844 2544 5927 ’(9Ὶ)
2573 5844 2755 5911 ϐάθει
2795 5852 3021 5925 Regius,
3047 5856 3207 5921 male,
3246 5852 3432 5925 τυφλῷ
3461 5854 3518 5908 δέ
3556 5853 3730 5909 οὐδέν.
