4082 6548
119 447 215 503 705

1125 441 1478 498 COMMENT.
1519 437 1587 494 IN
1627 435 1820 494 JOAN.
1864 431 2104 490 TOMUS
2140 433 2354 488 XXVIII

3299 439 3398 495 706

117 565 426 636 δυνηθῆναι,
491 565 631 636 μηδέ
675 564 837 619 αύτδν
889 562 1156 636 ῥύσασθαι
1191 563 1300 617 ἀπὸ
1348 563 1449 634 τῆς
1491 559 1713 614 ἐκείνων

1818 553 2034 622 quidem
2068 553 2386 624 cogitabant
2431 564 2536 606 non
2576 551 2852 606 dimittere
2886 565 3048 618 eum,
3080 551 3393 606 existiman-
3449 597 3464 609 .

118 658 402 728 ἐπιϐουλῆς
434 657 578 728 (98).
630 659 856 711 Ἐκεῖνοι
885 657 984 726 μὲν
1016 650 1108 709 οῦν
1138 656 1404 708 ἐσκόπουν
1439 653 1516 725 μὴ
1549 654 1710 722 ἀφιέ-

118 768 198 806 ναι
217 749 403 812 αὑτὸν,
421 749 671 821 οίόμενοι
692 750 780 804 διά
799 749 954 802 τοῦτο
975 747 1286 820 ἐμποδίσειν
1305 750 1417 812 τοῖς
1433 747 1713 801 πιστεύου-

121 859 197 899 σιν
223 843 300 906 είς
327 841 506 896 αὐτὸν
540 842 637 896 καὶ
674 841 966 912 Ῥωμαίοις
998 840 1280 911 μέλλουσιν
1322 839 1498 913 αἴρειν
1532 839 1712 893 αὐτῶν

111 935 200 988 τὸν
223 935 412 996 τόπον,
449 935 553 986 καὶ
587 934 649 987 τὸ
681 933 852 996 ἔθνος.
883 932 1021 984 Ἀλλ’
1052 931 1176 984 ἐπεὶ
1209 950 1227 983 ι
1258 930 1464 1002 Κύριος
1491 931 1712 984 διασκε-

119 1025 254 1090 δάζει
293 1023 501 1094 βουλὰς
557 1023 759 1087 ἐθνῶν,
803 1024 898 1076 καὶ
943 1021 1126 1076 ἀθετεῖ
1150 1021 1444 1094 λογισμοὺς
1494 1019 1659 1087 λαῶν,
1689 1040 1706 1073 ι

65 1097 74 1108 ’
120 1117 256 1169 οὐδὲν
281 1112 453 1188 ἦττον
486 1116 588 1169 καὶ
616 1116 718 1170 οὐκ
745 1115 965 1185 ἀφῆκαν
998 1113 1180 1179 αὐτὸν,
1209 1115 1304 1168 καλ⁸
1335 1115 1364 1167 ὁ
1390 1113 1522 1177 Θεὸς
1551 1114 1714 1168 αὐτὸν

121 1207 398 1278 ἀνέστησε,
436 1208 541 1260 καὶ
573 1207 778 1278 ἀφῆκε,
802 1207 898 1260 καὶ
931 1205 1109 1260 πάντα
1141 1205 1206 1259 τὰ
1238 1205 1364 1277 ἔθνη
1391 1205 1713 1259 ἐδούλευσαν

124 1301 277 1370 αὐτῷ,
322 1301 422 1354 καὶ
471 1300 729 1364 ἐλθόντες
781 1302 829 1354 oi
891 1300 1151 1372 Ῥωμαῖοι
1207 1295 1351 1372 ἦραν
1397 1301 1578 1354 αὐτῶν
1620 1300 1714 1353 τὸν

123 1394 302 1445 τόπον
341 1391 491 1462 (ποῦ
543 1393 656 1464 γὰρ
701 1395 730 1446 ὃ
772 1409 936 1461 φασιν
971 1394 1167 1446 ἐκεῖνοι
1215 1393 1534 1464 ἀγίασμα;)
1571 1388 1714 1464 ἦραν

122 1483 171 1535 δὲ
201 1483 288 1534 καὶ
317 1482 381 1534 τὸ
429 1482 612 1547 ἔθνος,
651 1482 1001 1545 ἐκϐάλλοντες
1031 1483 1227 1547 αὐτοὺς
1259 1483 1370 1536 ἀπὸ
1398 1482 1492 1536 τοῦ
1524 1483 1710 1549 τόπου,

128 1574 204 1627 καὶ
252 1572 412 1642 μόγις
451 1573 861 1645 ἐπιτρέψαντες
907 1575 1091 1638 αὐτοῖς
1137 1569 1272 1627 εἶναι
1312 1575 1447 1627 ὅπου
1501 1574 1714 1644 βούλον-

125 1682 200 1716 ται
217 1665 323 1733 (99)
351 1665 454 1718 καὶ
489 1668 551 1718 ἐν
587 1669 656 1738 τῇ
695 1665 981 1737 διασπορᾷ.
1018 1667 1081 1719 El
1105 1666 1163 1720 δὲ
1200 1665 1306 1738 χρὴ
1327 1666 1595 1737 τολμῆσαι
1619 1668 1714 1720 καὶ

126 1758 192 1820 είς
212 1758 514 1828 ἀναγωγὴν
547 1757 661 1812 τῶν
691 1758 832 1812 κατὰ
864 1758 933 1812 τὰ
961 1759 1181 1830 ῥήματα
1216 1759 1412 1821 ταῦτα.
1449 1761 1712 1832 φήσομεν,

127 1851 195 1902 ὃτι
223 1851 310 1902 τὸν
351 1851 534 1904 τόπον
591 1851 704 1904 τῶν
751 1853 817 1905 ἐκ
861 1852 1168 1922 περιτομῆς
1207 1851 1398 1907 ἔλαϐον
1440 1853 1510 1907 τὰ
1550 1855 1707 1924 ἔθνηο

1822 655 1905 700 tes
1941 645 2182 701 futurum
2213 654 2274 700 ut
2301 644 2441 699 hanc
2462 643 2533 698 ob
2559 657 2778 697 causam
2805 642 3190 712 impedimento
3215 655 3395 697 essent

1811 738 2166 793 credentibus
2203 737 2258 791 in
2288 749 2435 800 eum,
2473 741 2529 788 et
2555 732 2839 800 Romanis,
2864 734 2954 802 qui
2984 734 3219 788 ablaturi
3245 743 3400 787 erant

1811 830 1880 885 ab
1910 829 1990 885 eis
2026 837 2135 883 tum
2181 828 2380 894 locum,
2429 835 2541 880 tum
2572 837 2812 897 gentem.
2848 827 3042 883 Verum
3080 827 3206 896 quia
3239 845 3258 878 ι
3293 825 3400 880 Do-

1811 920 1992 975 minus
2025 919 2257 987 dissipat
2285 915 2514 972 consilia
2559 916 2824 984 gentium,
2860 927 2913 970 et
2952 917 3210 986 reprobat
3245 915 3400 984 cogi-

1814 1010 2045 1066 tationes
2067 1008 2390 1080 populorum
2423 1009 2467 1073 ¹,
2505 1027 2524 1061 ι
2557 1007 2916 1062 nihilominus
2940 1007 3153 1061 etiamsi
3181 1021 3285 1060 nou
3319 1007 3398 1059 di-

1812 1103 2080 1159 miserunt
2107 1116 2256 1167 eum,
2290 1108 2348 1156 et
2392 1100 2535 1154 Deus
2564 1115 2689 1156 eum
2719 1098 2984 1154 excitavit
3015 1106 3069 1152 et
3104 1095 3402 1162 dimisit,et

1811 1203 2002 1245 omnes
2032 1198 2223 1261 gentes
2275 1188 2590 1244 servierunt
2619 1191 2693 1253 ei,
2744 1197 2799 1244 et
2835 1187 3066 1241 Romani
3118 1187 3402 1242 venientes

1813 1281 2058 1337 tulerunt
2084 1281 2304 1335 illorum
2335 1280 2509 1336 locum
2547 1283 2658 1353 (ubi
2691 1282 2834 1336 enim
2887 1281 3033 1350 quod
3081 1279 3156 1334 illi
3205 1289 3397 1333 vocant

1813 1371 2190 1425 sanctuarium
2217 1369 2278 1442 τ)
2309 1382 2472 1440 atque
2503 1372 2667 1426 etiam
2705 1371 2877 1426 tulere
2918 1380 3131 1439 gentem
3157 1413 3172 1435 ,
3203 1370 3401 1424 ablatis

1815 1462 1975 1516 illise
2013 1461 2181 1534 384
2211 1462 2329 1517 loco
2360 1479 2379 1530 ;
2422 1465 2512 1517 vix
2571 1465 2934 1518 concedentes
2984 1463 3091 1518 illis
3128 1473 3273 1517 stare
3308 1465 3398 1516 ubi

1814 1553 2037 1620 vellent,
2073 1554 2238 1608 etiam
2275 1553 2328 1607 in
2387 1554 2751 1623 dispersione.
2781 1553 2934 1619 Quod
2964 1555 3007 1608 si
3057 1553 3257 1608 audere
3302 1567 3399 1607 ne-

1814 1659 1968 1702 cesse
1989 1655 2074 1701 est
2107 1647 2160 1702 in
2192 1661 2410 1702 sensum
2462 1648 2816 1718 anagogicum
2860 1648 3052 1702 horum
3082 1649 3396 1710 verborum,

1815 1738 2058 1793 dicemus
2084 1738 2301 1800 horum,
2330 1739 2419 1806 qui
2452 1753 2520 1792 ex
2564 1738 2991 1793 circumcisione
3035 1747 3180 1804 sunt,
3221 1738 3400 1792 locum

1817 1838 2007 1900 gentes
2033 1829 2331 1898 accepisse,
2368 1831 2496 1899 quia
2529 1849 2548 1882 ι
2591 1829 2804 1885 illorum
2839 1829 2989 1898 lapsu
3019 1829 3165 1884 salus
3196 1829 3403 1884 venerit

133 1942 232 2012 «τῷ
273 1943 384 2014 γὰρ
453 1943 697 1998 ἐκείνων
740 1920 1147 2016 παραπτώματι
1215 1946 1456 2018 σωτηρία
1521 1920 1713 2016 γέγονε

1819 1920 2118 1990 gentibus,
2174 1936 2283 1991 quo
2340 1922 2476 1992 ipsis
2533 1920 2702 1976 Judaei
2761 1921 3144 1975 mmularentur
3172 1922 3217 1987 ',
3266 1939 3286 1974 ι
3347 1931 3404 1973 et

126 2037 221 2097 τοῖς
246 2034 483 2098 ἔθνεσιν,
523 2037 611 2096 είς
642 2036 702 2089 τὸ
733 2036 1124 2108 παραζηλῶσαι
1149 2037 1346 2102 αὐτούς
1368 2055 1382 2070 ο
1409 2058 1428 2090 ι
1467 2039 1548 2103 είς
1569 2039 1625 2092 δὲ
1647 2041 1718 2094 τὰ

127 2125 233 2197 ἔθνη
280 2127 562 2197 Ῥωμαῖοι
614 2127 1064 2200 παρελήφθησαν,
1110 2128 1218 2182 ἀπὸ
1261 2129 1372 2183 τῶν
1410 2129 1718 2200 βασιλευόν-

125 2236 217 2272 των
251 2220 299 2272 oi
343 2219 778 2291 βασιλευόμενοι
803 2219 1191 2291 ὀνομασθέντες
1211 2237 1226 2252 ·
1261 2223 1355 2276 καὶ
1384 2223 1444 2276 τὸ
1481 2223 1632 2288 ἔθνος
1658 2224 1716 2278 δέ

129 2307 216 2362 eis
234 2311 338 2364 τῶν
365 2312 426 2379 ἐξ
469 2311 654 2366 ἐθνῶν
685 2311 824 2384 ἤρθη
844 2330 858 2343 ο
894 2313 1084 2382 γέγονε
1111 2313 1222 2386 γὰρ
1248 2317 1276 2367 ό
1306 2313 1434 2379 λαὸς
1471 2315 1531 2368 ού
1555 2315 1711 2380 λαός·

128 2401 208 2454 καὶ
238 2403 285 2455 οἱ
313 2402 372 2468 ἐξ
418 2404 654 2476 Ἰσραὴλ
673 2405 856 2458 οὐκέτι
877 2404 1014 2458 εἰσὶν
1058 2405 1306 2476 Ἰσραήλ·
1335 2406 1429 2460 καὶ
1461 2406 1521 2460 τὸ
1551 2406 1718 2478 σπέρ-

131 2509 194 2562 μα
219 2493 312 2546 οὐκ
350 2494 612 2564 ἔφθασεν
652 2496 745 2548 ἐπὶ
780 2496 840 2548 τὸ
872 2497 1124 2565 γενέσθαι
1152 2497 1338 2550 τέκνα.
1372 2498 1481 2552 Καὶ
1511 2497 1717 2554 τούτων

129 2584 278 2636 αἴτιον
317 2585 388 2638 τὰ
430 2585 621 2640 πολλά
654 2586 748 2639 τοῦ
791 2586 966 2657 Ἰησοῦ
1002 2591 1226 2660 σημεῖα,
1263 2591 1356 2643 καὶ
1389 2590 1471 2643 ὅτι
1504 2590 1716 2660 ἀφῆκεν

130 2676 315 2729 «nam
348 2677 560 2749 Πατὴρ
592 2679 882 2749 κρείττονα
925 2680 1218 2750 γενόμενον
1263 2682 1361 2752 τῆς
1390 2682 1498 2735 τῶν
1533 2684 1717 2756 ἀρχιε-

131 2767 249 2837 ρέων
303 2769 401 2822 καὶ
467 2769 798 2840 Φαρισαίων
868 2771 1336 2841 συνεδρευσάντων
1389 2775 1512 2827 κατ’
1549 2775 1714 2830 αὑτοῦ

130 2858 420 2930 ἐπιϐουλῆς.
491 2860 810 2930 Ἀρχιερεῖς
851 2859 907 2912 δὲ
947 2861 1038 2913 καὶ
1079 2862 1228 2914 πᾶσα
1269 2863 1302 2932 ἡ
1339 2864 1626 2934 σωματικὴ
1657 2865 1716 2916 ἐν

138 2951 389 3014 Ἰουδαίοις
421 2950 687 3022 λατρεία,
717 2952 996 3023 Φαρισαίοί
1027 2970 1091 3005 ’τε
1118 2953 1212 3006 καὶ
1246 2955 1394 3007 πᾶσα
1424 2955 1456 3025 ἡ
1489 2954 1630 3008 κατά
1654 2955 1716 3009 τὸ

130 3044 339 3113 γράμμα
372 3043 472 3096 τοῦ
529 3044 723 3114 Νόμου
755 3043 1072 3098 διδασκαλία
1113 3045 1455 3101 ἐπιϐουλεύει
1513 3045 1712 3117 Ἰησοῦ,

130 3136 185 3204 τῇ
226 3135 476 3207 ἀληθείᾳ,
541 3137 642 3189 καὶ
698 3135 942 3206 βούλεται
991 3139 1020 3191 ό
1065 3138 1236 3202 τύπος
1289 3138 1375 3191 ἵνα
1431 3139 1713 3214 ὑφεστήκῃ

131 3226 412 3295 ἐμποδίζων
437 3229 524 3298 (I)
558 3231 626 3299 τῇ
653 3229 953 3300 φανερώσει
972 3229 1071 3300 τῆς
1096 3229 1380 3302 ἀληθείας·
1406 3234 1500 3286 καὶ
1524 3231 1713 3304 ῶσπερ

132 3315 305 3388 ἡσάρξ
335 3319 432 3372 καὶ
471 3320 628 3373 κατὰ
673 3319 831 3372 τοῦτο
876 3320 1134 3392 ἐπιθυμεῖ
1164 3323 1304 3376 κατά
1336 3323 1430 3377 τοῦ
1462 3323 1710 3395 πνεύμα-

131 3423 221 3470 to“
269 3410 410 3464 Ἀλλ’
462 3411 827 3481 ισχυρότερον
867 3411 925 3464 ὃν
964 3412 1023 3464 τὸ
1076 3413 1378 3484 ἐπιθυμοῦν
1425 3416 1567 3468 κατά
1613 3416 1713 3486 τῆς

136 3505 307 3574 σαρκὸς
343 3505 600 3576 πνεῦμα,
663 3505 759 3573 καὶ
794 3507 827 3575 ἡ
858 3504 1064 3576 ἀληθὴς
1112 3505 1206 3558 τοῦ
1249 3506 1504 3578 Σωτῆρος
1553 3509 1712 3578 ἡμῶν

133 3595 522 3667 ἀρχιερωσύνη,
557 3597 722 3666 καὶὴ
767 3598 1108 3669 πνευματικὴ
1156 3598 1320 3651 αὑτοῦ
1375 3599 1710 3666 διδασκαλία,

132 3686 308 3741 διαλύει
328 3691 388 3742 τὸ
403 3690 524 3743 τῶν
552 3689 679 3742 κατ’
695 3687 860 3740 αὑτοῦ
893 3688 1290 3759 βουλευομένων
1316 3688 1392 3759 (2)
1412 3691 1713 3761 ἀρχιερέων

133 3780 209 3830 καὶ
231 3780 552 3850 Φαρισαίων
598 3778 895 3849 συνέδριον.
941 3778 1123 3832 Ταῦτα
1152 3779 1208 3832 δέ
1236 3779 1574 3851 ὑποληπτέον
1620 3783 1714 3834 καὶ

133 3868 210 3922 νῦν
238 3872 508 3938 γίνεσθαι,
542 3871 740 3942 ὥσπερ
777 3871 925 3924 ἐστιν
960 3871 1086 3925 ἰδεῖν
1117 3875 1175 3925 ἐν
1204 3876 1316 3936 τοῖς
1347 3872 1441 3925 τοῦ
1472 3890 1714 3943 σωματι-

127 3961 214 4039 λκοῦ
236 3963 321 4016 τοῦ
379 3962 738 4034 ’ἰουδαῖσμοῦ
785 3964 1094 4028 συστάσεως
1139 3967 1231 4019 καὶ
1262 3966 1550 4020 καταλύειν
1596 3966 1716 4021 ἐθέ-

133 4048 257 4104 λουσι
290 4055 391 4125 τὴν
433 4054 827 4125 πνευματικὴν
858 4056 1093 4126 Χριστοῦ
1127 4057 1498 4111 διδασκαλίαν.

191 4143 268 4197 12.
303 4166 320 4196 ι
353 4142 452 4211 Εἷς
485 4147 549 4200 δέ
581 4163 671 4209 τις
701 4146 758 4213 ἐξ
792 4147 970 4200 αὐτῶν
999 4148 1274 4216 Καϊάφας,
1308 4150 1600 4221 ἀρχιερεὺς
1636 4149 1713 4204 ῶν

135 4235 208 4286 τοῦ
258 4239 513 4292 ἐνιαυτοῦ
600 4239 834 4301 ἐκείνου,
889 4236 1040 4291 εἶπεν
1093 4241 1301 4304 αὐτοῖς’
1365 4241 1558 4312 Ὑμεῖς
1613 4242 1714 4295 ούκ

132 4328 283 4382 θῶατε
317 4333 497 4396 ούδέν,
529 4331 656 4384 ούδέ
690 4330 991 4398 λογίζεσθε,
1028 4333 1110 4386 ὅτι
1149 4333 1419 4404 συμφέρει
1453 4337 1588 4405 ἡμῖν
1626 4334 1713 4388 ἵνα

135 4413 198 4480 εἷς
223 4422 509 4493 ἄνθρωπος
547 4421 799 4493 ἀποθάνῃ
831 4423 971 4494 ὑπὲρ
1012 4425 1105 4477 τοῦ
1152 4424 1302 4492 λαοῦ,
1353 4427 1448 4480 καὶ
1486 4427 1560 4497 μὴ
1594 4427 1713 4481 ὅλον

134 4509 182 4560 τὸ
210 4511 352 4578 ἔθνος
379 4515 688 4586 ἀπόληται.
740 4515 910 4567 Τοῦτο
941 4515 996 4568 δὲ
1043 4517 1132 4585 ἀφ’
1163 4515 1360 4570 ἑαυτοῦ
1393 4519 1493 4570 ούκ
1526 4515 1709 4571 εἶπεν·

1816 2028 1918 2083 pro
1961 2015 2218 2084 gentibus
2253 2014 2530 2070 Romanos
2566 2014 2736 2070 fuisse
2778 2014 2985 2069 dictos:
3027 2016 3130 2070 hoc
3175 2023 3278 2081 est,
3307 2028 3404 2084 pro

1816 2106 2074 2171 subditis,
2099 2120 2194 2162 eos
2225 2106 2318 2176 qui
2356 2122 2538 2161 rerum
2579 2109 2967 2176 potiebantur;
3010 2105 3240 2177 proinde
3271 2120 3404 2175 gens

1816 2211 1846 2251 a
1878 2197 2133 2262 gentibus
2163 2199 2343 2254 ablata
2374 2200 2478 2254 l'uit
2513 2218 2528 2266 ;
2571 2201 2662 2270 qui
2695 2202 2838 2256 enim
2891 2198 3120 2271 populus
3145 2206 3287 2261 erat,
3322 2197 3406 2250 ίέι-Δ

1817 2298 1939 2344 ctus
1965 2299 2047 2343 est
2076 2305 2184 2344 non
2217 2291 2450 2360 populus
2479 2292 2500 2323 ³
2529 2309 2544 2359 ;
2581 2301 2636 2346 et
2667 2293 2756 2362 qui
2787 2307 2851 2347 ex
2888 2289 3052 2346 Israel
3088 2299 3266 2351 erant,
3301 2303 3406 2342 nor.

1817 2378 2054 2448 amplius
2083 2389 2211 2435 sunt
2260 2379 2512 2447 Israelis;
2544 2381 2750 2450 quique
2780 2396 2964 2436 semen
2994 2388 3167 2444 erant,
3200 2393 3265 2433 eo
3297 2392 3404 2431 non

1817 2482 2186 2541 pervenerunt
2234 2481 2294 2526 ut
2343 2471 2436 2526 lilii
2479 2473 2695 2528 ﬁerent.
2737 2471 2981 2540 Quarum
3012 2485 3193 2525 rerum
3240 2481 3402 2522 causa

1819 2562 1988 2616 multa
2020 2560 2173 2617 luere
2202 2562 2330 2618 Jesu
2380 2563 2689 2629 miracula;
2728 2573 2783 2618 et
2817 2563 2948 2633 quia
3001 2560 3208 2615 dimisit
3256 2558 3405 2613 illum

1817 2652 1982 2705 Pater
2004 2653 2344 2721 superiorem
2387 2651 2587 2707 factum
2632 2653 2947 2722 pontiﬁcum
2992 2662 3048 2708 et
3103 2650 3408 2706 Pharisaeo-

1819 2758 1960 2808 rum,
1995 2745 2086 2813 qui
2118 2745 2410 2799 concilium
2451 2745 2714 2800 adversus
2743 2760 2866 2798 eum
2909 2743 3262 2813 collegerant,
3287 2756 3412 2798 con-

1817 2837 1966 2892 cilio.
2008 2839 2079 2891 At
2109 2853 2236 2892 vero
2265 2837 2574 2906 pontiﬁces,
2608 2846 2663 2890 et
2697 2843 2846 2890 totus
2878 2834 3187 2891 Iudaeorum
3219 2849 3410 2903 corpo-

1818 2925 1946 2984 ralis
1979 2926 2177 2994 cultus,
2227 2927 2622 2997 Pharisaaique,
2667 2935 2724 2982 et
2777 2935 2888 2984 tota
2924 2926 3083 2997 chis
3136 2925 3410 2990 doctrina,

1810 3017 1963 3090 juxta
1999 3019 2236 3074 litteram
2278 3017 2508 3074 insidias
2555 3017 2782 3074 molitur
2815 3018 3033 3072 veritati
3070 3015 3243 3088 (Jesu)
3271 3016 3413 3071 vult-

1817 3126 1922 3182 que
1952 3111 2179 3182 ﬁguram
2239 3111 2544 3166 subsistere
2571 3153 2587 3178 ,
2620 3109 2873 3165 veritatis
2911 3109 3408 3164 manifestationem

1819 3203 2156 3274 impediens;
2191 3212 2246 3257 et
2299 3218 2405 3258 non
2435 3215 2593 3257 secus
2634 3215 2700 3256 ac
2741 3215 2905 3266 caro,
2941 3201 3105 3254 etiam
3148 3199 3292 3254 banc
3337 3200 3410 3253 ob

1740 3275 1787 3339 (ἶ
1817 3311 2039 3352 causam
2067 3294 2411 3364 concupiscit
2433 3296 2695 3349 adversus
2719 3294 2971 3363 spiritum
2999 3293 3041 3349 ³.
3068 3293 3174 3348 Sed
3213 3292 3412 3347 fortior

1817 3405 1942 3444 cum
1982 3390 2052 3444 sit
2104 3389 2332 3459 spiritus
2379 3387 2780 3456 concupiscens
2830 3386 3095 3440 adversus
3133 3398 3354 3438 carnem
3383 3422 3400 3448 ,

1817 3492 1874 3536 et
1904 3497 2067 3538 verus
2107 3481 2418 3536 Servatoris
2477 3480 2651 3534 nostri
2712 3478 3050 3548 principatus
3108 3477 3404 3532 sacerdotii

1816 3574 2223 3645 spiritualisque
2254 3572 2400 3628 illius
2423 3572 2697 3636 doctrina,
2742 3570 3062 3641 poutillcum
3108 3569 3412 3624 Pharisaeo-

1817 3683 2046 3737 rumque
2076 3667 2374 3723 concilium
2435 3666 2702 3722 adversus
2739 3680 2862 3720 eum
2906 3663 3133 3718 insidias
3191 3673 3409 3719 struen-

1818 3763 1952 3816 tium
1983 3762 2254 3815 dissolvit.
2295 3759 2420 3814 Ilaec
2461 3769 2642 3814 autem
2673 3758 2976 3813 etiamnum
3025 3758 3141 3811 ﬁeri
3175 3771 3408 3812 censen-

1816 3856 1940 3906 tlum
1972 3861 2089 3914 est,
2142 3862 2200 3905 ut
2248 3861 2334 3905 est
2390 3863 2614 3904 cernere
2661 3849 2725 3902 'in
2779 3849 2867 3902 bis
2923 3847 3012 3916 qui
3069 3846 3406 3916 spiritualetn

1813 3944 2015 4000 Christi
2049 3943 2358 3998 doctrinam
2417 3957 2516 4010 per
2561 3939 2906 4009 corporalem
2956 3936 3224 3993 Judaisnti
3275 3953 3409 3992 con-

1816 4039 2169 4110 spirationem
2197 4035 2496 4090 dissolvere
2521 4033 2730 4087 volunt.

1888 4150 1978 4204 12.
2021 4167 2040 4200 ι
2075 4148 2226 4204 Unus
2253 4157 2430 4200 autem
2461 4145 2729 4215 quispiam
2761 4157 2828 4197 ex
2854 4144 2959 4208 his,
2994 4143 3213 4198 nomine
3245 4140 3408 4199 Caia-

1815 4243 1969 4314 phas,
2010 4256 2134 4296 cum
2171 4249 2317 4294 esset
2349 4238 2595 4307 pontifex
2620 4237 2747 4290 anni
2779 4236 2943 4304 illius,
2981 4238 3110 4290 dixit
3144 4237 3262 4291 eis:
3297 4235 3406 4292 Vos

1815 4334 2042 4390 nescitis
2076 4331 2397 4402 quidquam,
2434 4343 2538 4384 nec
2560 4329 2905 4399 perpenditis
2941 4329 3197 4398 expedire
3247 4330 3406 4385 nobis

1815 4437 1875 4482 ut
1902 4441 2041 4481 unus
2086 4425 2251 4479 homo
2305 4423 2574 4478 moriatur
2623 4436 2721 4491 pro
2769 4421 2992 4491 populo,
3039 4437 3104 4476 ac
3155 4437 3260 4475 non
3293 4429 3402 4475 teta

1815 4533 1949 4589 gens
1977 4524 2182 4587 pereat.
2220 4514 2332 4569 Iloc
2356 4524 2539 4568 autem
2567 4528 2596 4566 a
2620 4513 2916 4582 semetipso
2945 4529 3049 4566 non
3081 4513 3218 4566 dixit
3243 4528 3260 4574 ;
3284 4516 3401 4575 sed,

135 4600 229 4652 ἀλλ’
258 4607 558 4678 ἀρχιερεὺς
587 4604 668 4658 ὢν
696 4605 789 4658 τοῦ
823 4607 1070 4660 ἐνιαυτοῦ
1099 4609 1331 4672 ἐκείνου,
1368 4611 1710 4681 προεφήτευ-

1815 4625 1936 4665 cum
1972 4617 2117 4663 esset
2145 4605 2386 4677 pontifex
2412 4606 2535 4658 anni
2564 4605 2731 4670 illius,
2756 4603 3084 4658 Vaticinatus
3105 4614 3188 4658 est
3215 4602 3400 4658 Jesum

136 4709 228 4758 σεν,
251 4697 328 4750 ὅτι
356 4699 594 4769 ἔμελλεν
621 4699 826 4767 Ἰησοῦς
853 4699 1212 4771 ἀποθνήσκειν
1227 4701 1366 4772 ὑπὲρ
1385 4701 1479 4754 τοῦ
1503 4701 1710 4766 ἔθνουςο

136 4787 212 4838 καὶ
242 4791 335 4860 ούχ
367 4793 518 4863 ύπέρ
538 4789 640 4843 τοῦ
665 4790 850 4854 ἔθνους
875 4791 1054 4862 μόνον,
1073 4791 1186 4844 ἀλλ’
1212 4792 1298 4845 ἵνα
1331 4793 1422 4846 καὶ
1449 4795 1517 4847 τά
1546 4794 1712 4847 τέκνα

136 4879 210 4933 τοῦ
241 4883 371 4937 Θεοῦ
396 4886 468 4938 τά
495 4884 966 4955 διεσκορπισμένα
999 4886 1282 4958 συναγάγῃ
1317 4887 1396 4949 είς
1421 4887 1498 4939 ἓν.
1529 4907 1546 4937 ι
1576 4887 1712 4957 Ούχὶ

137 4973 178 5022 τί
203 4990 279 5037 τις
311 4975 684 5046 προφητεύει,
721 4978 1006 5047 προφήτης
1040 4979 1190 5032 ἐστὶν
1223 4980 1450 5041 ἐκεῖνος.
1490 4980 1550 5033 '0
1579 4979 1710 5048 γοῦν

137 5060 385 5134 Καϊάφας,
425 5087 444 5119 ι
471 5069 772 5138 ἀρχιερεὺς
798 5067 872 5120 ῶν
901 5069 994 5122 τοῦ
1023 5069 1268 5123 ἐνιαυτοῦ
1296 5069 1525 5134 ἐκείνου,
1550 5088 1712 5143 προε-

137 5153 343 5220 φήτευσε
385 5159 510 5228 μὲν,
548 5159 634 5210 ὅτι
669 5157 890 5228 ἔμελλεν
938 5159 1142 5228 Ἰησοῦς
1174 5159 1538 5231 ἀποθνήσκειν
1568 5162 1711 5233 ὑπὲρ

137 5241 212 5293 τοῦ
241 5244 460 5311 ἔθνους·
499 5249 599 5300 καὶ
634 5248 732 5318 ούχ
764 5249 904 5320 ὑπὲρ
961 5250 1054 5303 τοῦ
1117 5249 1304 5314 ἔθνους
1359 5252 1537 5321 μόνον,
1597 5249 1724 5305 ἀλλ’

137 5332 207 5386 ἵνα
261 5342 354 5392 καὶ⁸
419 5341 496 5395 τά
561 5341 730 5394 τέκνα
792 5342 888 5394 τοῦ
950 5342 1086 5395 Θεοῦ
1153 5343 1221 5396 τὰ
1286 5344 1709 5416 διεσκορπισμέ-

138 5439 190 5475 να
243 5434 530 5504 συναγάγῃ
583 5433 666 5495 είς
724 5432 803 5495 ἒν,
879 5454 899 5486 ι
955 5436 1016 5488 ού
1083 5436 1190 5506 μὴν
1254 5437 1349 5488 καὶ
1423 5437 1708 5507 προφήτης

137 5509 207 5585 ἦν.
251 5521 312 5575 Ei
359 5525 418 5578 δὲ
456 5524 556 5577 καὶ
616 5523 845 5596 Βαλαὰμ
903 5529 1276 5598 προεφήτευσε
1341 5523 1412 5578 τὰ
1469 5528 1527 5578 ἐν
1595 5529 1708 5587 τοῖς

196 5710 213 5742 ¹
237 5709 378 5765 Psal.
401 5729 585 5776 xxxtt,
614 5711 701 5766 10.
778 5713 797 5743 ¹
830 5711 984 5764 Rom.
1020 5727 1094 5778 XI,
1129 5713 1210 5765 Il.
1289 5711 1310 5742 ³
1335 5709 1349 5764 1
1376 5711 1522 5768 Petr.
1547 5726 1608 5774 II,
1639 5710 1727 5765 I0.

198 5847 304 5916 (98)
332 5849 520 5904 Codex
549 5848 776 5916 Regius,
806 5849 914 5901 ἀπὸ
932 5849 1030 5918 τῆς
1055 5848 1113 5914 ἐξ
1140 5847 1360 5901 ἐκείνων
1387 5845 1699 5917 ἐπιϐουλῆς.

201 5921 307 5988 (99)
339 5922 522 5974 Codex
563 5921 788 5988 Regius,
817 5918 1084 5987 βούλεται.

1819 4700 2142 4757 moriturum
2169 4712 2290 4754 esse
2317 4713 2414 4768 pro
2436 4706 2624 4768 gente;
2645 4707 2700 4751 et
2721 4713 2826 4750 non
2851 4707 3060 4750 tantum
3097 4712 3195 4765 pro
3217 4707 3429 4763 gente.-

1818 4793 1914 4848 sed
1941 4804 1999 4845 ut
2033 4791 2198 4846 etiam
2236 4790 2377 4843 ﬁlios
2416 4788 2531 4852 Dei,
2560 4789 2652 4857 qui
2689 4798 2847 4842 erant
2887 4788 3142 4856 dispersi,
3177 4803 3402 4856 congre-

1818 4895 1970 4956 garet
2001 4886 2053 4939 in
2085 4900 2248 4937 unum
2263 4883 2306 4937 ⁸.
2329 4902 2350 4934 ›
2386 4882 2526 4943 Non,
2552 4883 2596 4936 si
2621 4882 2744 4950 quis
2763 4881 3075 4949 prophetat,
3117 4881 3240 4934 ideo
3269 4896 3398 4949 pro-

1818 4979 1980 5048 pheta
2003 4975 2388 5045 est.Caiaphas
2417 4974 2578 5044 igitur
2598 4991 2618 5024 ι
2655 4972 2894 5042 pontifex
2927 4989 3052 5027 cum
3097 4982 3240 5028 esset
3267 4975 3397 5029 anni

1820 5067 1984 5132 illius,
2014 5065 2357 5137 prophetavit
2391 5083 2409 5116 ι
2437 5063 2656 5134 quidem
2692 5082 2712 5114 ι
2735 5063 2920 5118 Jesum
2953 5064 3276 5118 moriturum
3299 5080 3399 5135 pro

1821 5169 2082 5228 gentezet
2104 5175 2212 5214 non
2239 5173 2338 5227 pro
2361 5167 2520 5228 gente
2543 5164 2773 5219 tantum,
2794 5157 2888 5210 sed
2913 5164 2970 5208 ut
3002 5156 3140 5210 ﬁlios
3165 5155 3281 5222 Dei,
3305 5157 3398 5226 qui

1820 5261 1976 5306 erant
2003 5251 2256 5321 dispersi,
2296 5257 2650 5320 congregaret
2672 5250 2726 5302 in
2757 5263 2962 5312 unum;
2993 5266 3012 5299 ι
3037 5249 3180 5302 haud
3219 5259 3402 5305 tamen

1821 5343 2085 5410 propheta
2120 5351 2260 5397 erat.
2304 5341 2460 5408 Quod
2505 5341 2552 5394 si
2597 5340 2763 5394 etiam
2802 5339 3016 5394 Balaam
3055 5343 3406 5410 prophetavit

1815 5449 1938 5503 qua:
1957 5436 2008 5488 in
2033 5434 2395 5490 Numerorum
2420 5433 2558 5487 libro
2579 5445 2704 5486 sunt
2726 5435 2954 5502 scripta,
2983 5433 3203 5489 dicens:
3225 5452 3243 5485 ι
3271 5432 3405 5488 Ver-

1815 5529 1942 5582 bum
1975 5527 2140 5598 385
2182 5528 2325 5596 quod
2367 5527 2653 5582 immiserit
2699 5527 2841 5582 Deus
2877 5527 2927 5580 in
2944 5539 3007 5582 os
3055 5542 3261 5594 meum,
3297 5525 3406 5586 hoc

1803 5708 1825 5740 ⁸
1852 5708 2027 5765 Galat.
2057 5707 2223 5772 v.17.
2291 5709 2312 5741 ⁸
2335 5707 2492 5764 Joan.
2521 5725 2598 5774 ιι,
2620 5708 2689 5764 49
2714 5725 2831 5780 seq.

1889 5847 1962 5912 (I)
1995 5843 2136 5896 Ideni
2163 5844 2328 5897 codex
2360 5843 2574 5913 Regius.
2605 5845 2932 5915 ἐμποδίζειν.

1891 5916 1966 5985 (‘2)
1999 5917 2181 5968 Codex
2213 5915 2432 5983 lie-gius,
2469 5916 2822 5986 βουλομένων.

3844 208 3849 235 l

3844 386 3849 411 τ

3846 510 3851 569 ζ
3938 544 3939 547 η

3846 574 3851 623 l

3846 690 3851 711 τ
3940 732 3943 735 .

3848 788 3849 847 1
3972 826 3985 1253 Ι

3846 1268 3851 1337 ὲ
3974 1284 3985 1645 i

3932 2176 4001 2387 1‘,

3990 2334 3997 2431 ἑ

3824 2464 3825 2469 ,
3968 2392 3999 2599 ις

3826 2696 3827 2699 γ
3986 2564 4001 2707 ξ

3822 2846 3829 2853 .
3966 2830 4001 2855 ‘l

3940 2946 4003 2975 li

3828 3120 3833 3189 ς

3924 3198 4003 3265 Vl

3826 3584 3833 3617 ι
3940 3580 4005 3635 ,τ

3818 3894 3839 3959 ﬂ

3816 4110 3819 4155 ζ
3936 4120 3967 4161 .1

3964 4202 4009 4279 ι

3814 4284 3891 4313 μ.

3812 4324 4009 4423 igtur

3812 4516 3891 4605 ,Ἡ
4000 4524 4007 4589 ‘1

3810 4608 4005 4653 ιω.

3974 4950 4009 5099 ig

3806 5070 3893 5369 ‘Ll

3894 5402 3901 5503 ἑ
3988 5440 4017 5509 εγ

3894 5516 3981 5549 ε,

3842 5558 3903 5613 .ι
3976 5520 4021 5611 ‘l.

3834 5610 3907 5739 πὶ
3980 5620 4003 5739 l

3994 5746 4003 5783 ‘

3834 5824 3847 5843 ..
3994 5804 4005 5837 I

3834 5856 3845 5875 λ’
3994 5848 4007 5921 i

3832 5858 3907 6017 sl
3984 5940 4007 6019 ξ

3809 6010 3905 6105 ξι
3998 6042 4009 6075 ι

3808 6112 3837 6147 ιι
3978 6092 4007 6151 ’ἷΙ

3830 6114 3907 6311 li;

3998 6296 4009 6349 ι
