4082 6538
699 398 805 455 707
1701 417 1704 419 λ
2182 389 2266 447 OB

2368 389 2509 447 ENIS
3842 406 3940 461 768

703 521 889 583 loquar
909 512 954 582 ³,
977 532 996 566 ι
1026 521 1080 568 ει
1099 527 1217 584 quae
1247 521 1374 566 sunt
1411 511 1481 566 ab
1509 525 1573 566 eo
1607 509 1722 564 loco
1744 547 1759 571 .
1801 526 1819 560 ι
1853 522 1917 561 ex
1959 505 2266 574 Mesopota-

2382 503 2654 576 Ἀριθμοῖς
2699 505 3162 575 ἀναγεγραμμένα
3197 505 3296 577 (3),
3344 507 3568 576 φάσκων
3593 527 3606 540 ·
3648 529 3666 563 ι
3693 512 3767 566 Τὸ
3800 516 3941 588 ῥῆμα

703 606 810 661 mia
837 605 1122 661 accersivit
1159 620 1243 660 me
1262 606 1305 669 ⁷,
1346 623 1366 656 ι
1397 612 1454 658 ει
1474 610 1794 671 sequuntur,
1823 599 2168 669 perSpicuum
2191 604 2266 651 est

2375 595 2404 648 δ
2431 594 2523 647 ἐὰν
2555 594 2767 668 ἐμϐάλῃ
2795 596 2824 647 ὁ
2861 595 2994 659 Θεὸς
3033 598 3112 661 είς
3148 597 3209 650 τὺ
3251 599 3426 669 στόμα
3471 617 3608 671 μου,
3662 605 3822 659 τοῦτο
3851 609 3940 662 λα-

134 620 141 657 i

134 674 139 689 ι

136 758 141 785 1

136 836 141 849 ι

136 856 141 897 Ἰ

140 906 141 939 ἦ

138 946 147 1033 ἓ

140 1048 145 1079 τ

146 1278 151 1293 ι

150 1420 155 1433 ι

150 1440 155 1463 Ι

164 2104 171 2123 ἱ

168 2200 173 2221 ι

172 2330 175 2343 ι

118 2398 119 2405 ι
172 2382 177 2409 '.

174 2472 179 2495 Τ

176 2546 181 2571 l

178 2578 181 2593 1

178 2610 183 2629 ί

182 2768 189 2799 ἦ

228 4564 231 4581 Ι

232 4754 235 4779 l

236 4884 241 4903 ὖ

242 5190 247 5211 l

252 5526 257 5593 Ὲ

254 5642 259 5659 1

266 6048 271 6111 ἒ

700 697 846 768 quod
879 697 1136 768 propheta
1169 710 1272 749 non
1309 704 1458 761 erat;
1489 709 1744 765 augurem
1765 693 1909 748 enim
1938 689 2107 744 fuisse
2135 685 2276 744 scri-

705 798 853 858 ptum
881 798 982 842 est.
999 791 1077 843 Ac
1101 787 1340 856 profecto
1365 787 1410 840 si
1435 786 1555 855 quis
1577 785 1837 856 propheta
1854 789 1960 846 est,
1979 779 2025 834 is
2058 778 2273 848 quidem

703 879 1022 948 prephetat;
1056 877 1138 932 sin
1184 891 1312 931 vero
1346 877 1468 946 quis
1507 875 1826 946 prophetat,
1860 887 1966 927 non
2014 870 2273 926 continuo

704 969 870 1022 etiam
891 979 974 1023 est
1002 968 1281 1038 propheta.
1307 966 1585 1035 Tanquam
1615 966 1660 1019 si
1694 965 1760 1018 de
1797 975 1856 1016 re
1892 961 1996 1016 alia
2019 960 2270 1030 quapiam

705 1043 930 1119 meliore
959 1061 1192 1116 dicerem
1221 1079 1233 1114 :
1270 1059 1325 1114 Si
1349 1059 1472 1128 quis
1509 1067 1589 1113 est
1610 1056 1808 1127 justus,
1831 1054 1918 1124 jus
1945 1055 2108 1108 etiam
2146 1066 2270 1121 per-

705 1157 982 1225 sequitur;
1011 1165 1065 1206 at
1089 1153 1270 1221 siquis
1296 1153 1386 1220 jus
1415 1150 1777 1222 persequitur,
1816 1163 1921 1203 non
1955 1157 2130 1200 tamen
2155 1153 2269 1199 sta-

707 1249 800 1300 tim
828 1247 1004 1316 justus
1030 1254 1149 1310 est;
1183 1244 1234 1298 id
1264 1243 1404 1312 quod
1448 1242 1719 1310 intelliges
1754 1247 1946 1293 notans
1971 1238 2172 1291 dictum
2206 1235 2272 1290 il-

705 1337 793 1392 Iud
823 1357 834 1390 :
870 1354 888 1388 ι
919 1336 1070 1391 Juste
1099 1337 1239 1405 quod
1265 1335 1472 1400 justttm
1505 1343 1588 1388 est
1609 1329 2025 1402 persequeris“;
2054 1348 2071 1380 ι
2094 1344 2270 1396 quan-

704 1429 988 1498 doquidem
1038 1428 1149 1480 haec
1191 1426 1384 1480 vocula
1429 1427 1577 1495 juste
1616 1439 1722 1478 non
1753 1423 1951 1476 frustra
1981 1419 2269 1489 prazposita

703 1517 867 1570 fuerit
897 1517 1000 1570 illis
1025 1516 1249 1579 voculis,
1285 1532 1305 1564 ‹
1344 1515 1487 1584 quod
1508 1513 1710 1580 justum
1737 1523 1821 1568 est
1852 1512 2215 1582 persequeris.
2244 1529 2263 1562 ι

631 1626 636 1629 ·
703 1611 1038 1666 Facillimum
1071 1610 1216 1663 enim
1253 1607 1398 1662 factu
1433 1622 1555 1662 esse
1586 1621 1737 1669 reor,
1787 1617 1844 1660 ut
1870 1606 1958 1676 jus
1991 1606 2115 1677 quis
2147 1619 2268 1672 per-

701 1711 978 1770 sequatur,
1009 1701 1102 1755 sed
1134 1715 1238 1754 non
1270 1700 1435 1769 juste.
1473 1697 1680 1751 Etenim
1738 1698 1826 1764 qui
1880 1698 2088 1751 faciunt
2136 1710 2270 1765 opus

703 1791 921 1860 aliquod
954 1806 1019 1845 ex
1061 1805 1120 1843 se
1162 1791 1383 1849 bonum,
1420 1799 1480 1840 ut
1514 1787 1581 1840 ah
1620 1786 1930 1840 hominibus
1963 1785 2268 1856 gloriﬁcen-

703 1892 813 1947 tur,
842 1881 990 1935 verbi
1030 1879 1230 1950 gratia,
1251 1879 1304 1931 in
1335 1891 1598 1946 pauperes
1631 1876 1882 1940 beneﬁci,
1915 1890 2028 1930 rem
2051 1876 2266 1945 quidem

699 1972 902 2042 justam
935 1971 1199 2034 fecerunt,
1224 1970 1363 2023 haud
1395 1977 1575 2022 tamen
1607 1981 1674 2021 ex
1701 1968 1884 2021 habitu
1906 1967 2155 2036 justitiaa,
2176 1967 2268 2022 sed

701 2063 774 2120 ob
800 2078 991 2118 vanam
1025 2062 1274 2132 gloriam.
1310 2065 1385 2116 Ac
1414 2075 1534 2114 mea
1565 2059 1782 2127 quidem
1804 2059 2091 2122 sententia,
2116 2057 2268 2127 juxta

703 2157 1170 2225 comparationem
1222 2153 1350 2208 dicti
1387 2153 1548 2223 hujus
1579 2171 1592 2206 :
1633 2169 1651 2203 ι
1686 2150 1840 2206 Juste
1875 2151 2020 2221 quod
2065 2150 2269 2220 justum

703 2254 787 2302 est
816 2243 1179 2314 persequeris,
1207 2261 1226 2294 ι
1257 2243 1470 2296 dicetur
1527 2242 1690 2296 etiam
1739 2241 1842 2296 hoc
1875 2258 1889 2294 :
1930 2240 2166 2294 Modeste
2219 2240 2270 2294 id

703 2335 846 2407 quod
872 2336 1172 2389 modestum
1214 2343 1298 2388 est
1344 2334 1732 2402 persequeris;
1782 2342 1836 2387 et
1887 2351 1900 2386 :
1938 2329 2174 2386 Viriliter
2218 2332 2268 2386 id

703 2427 847 2498 quod
880 2426 1035 2480 virile
1063 2433 1148 2480 est
1190 2425 1570 2494 persequeris;
1599 2435 1656 2478 et
1686 2443 1700 2478 :
1729 2423 2014 2493 Sapienter
2047 2424 2099 2478 id
2128 2425 2269 2493 quod

703 2518 924 2588 sapiens
957 2525 1043 2571 est
1078 2515 1457 2585 persequeris;
1489 2530 1550 2569 ac
1580 2515 1787 2588 deinde
1805 2514 2056 2570 similiter
2086 2515 2138 2569 in
2166 2530 2271 2570 cte-

705 2608 835 2662 teris
865 2607 1180 2662 virtutibus.
1226 2606 1352 2662 llaec
1401 2614 1584 2661 autem
1633 2587 1872 2662 diximus
1898 2617 1956 2660 ιιι
1995 2607 2270 2662 conferre-

702 2715 824 2756 mus
861 2716 982 2755 cum
1010 2698 1269 2770 prapheta
1321 2713 1578 2769 augurem
1605 2737 1624 2765 ,
1668 2699 1760 2767 qui
1793 2697 1989 2753 similis
2021 2697 2097 2752 illi
2147 2712 2268 2752 cum

699 2791 795 2856 sit,
829 2806 933 2846 non
960 2800 1136 2845 tamen
1167 2790 1558 2860 est-propheta.
1592 2789 1744 2845 Hanc
1771 2791 1934 2844 etiam
1958 2791 2026 2843 ob
2051 2804 2270 2844 causam

699 2884 1041 2938 continenter
1076 2883 1127 2936 in
1169 2883 1468 2952 propltetiis
1515 2882 1582 2937 de
1635 2882 1919 2953 prophetis
1965 2883 2071 2936 dici
2121 2881 2270 2934 arbi-

705 2985 854 3028 tror:
894 2994 912 3026 ι
934 2974 1070 3028 Dicit
1086 2973 1350 3029 Jeremias
1371 2975 1633 3043 propheta
1661 2975 1706 3041 ’,
1729 2993 1748 3027 ι
1783 2981 1838 3028 et
1861 2974 1904 3028 si
1932 2973 2062 3042 quid
2085 2971 2168 3027 his
2185 2981 2271 3028 est

700 3067 898 3123 simile.
922 3065 1088 3122 Porro
1113 3068 1203 3138 qui
1225 3069 1501 3122 nominum
1527 3067 1634 3122 vim
1655 3074 1858 3130 tenent,
1885 3065 2132 3134 inquiunt
2162 3079 2268 3119 non

700 3159 955 3211 continuo
999 3157 1045 3212 si
1077 3157 1198 3225 quis
1229 3158 1356 3226 quid
1409 3156 1598 3211 fecerit
1625 3157 1768 3227 quod
1820 3157 1886 3210 ad
1942 3154 2264 3209 medicinam

701 3257 927 3317 spectet,
955 3248 1038 3304 vel
1067 3264 1182 3311 rem
1214 3248 1526 3320 quampiam
1557 3263 1678 3318 quae
1708 3247 1774 3302 ad
1809 3246 2096 3302 sanitatem
2134 3260 2265 3301 con-

701 3343 882 3408 ducat,
916 3341 1062 3395 illum
1095 3343 1362 3396 medicum
1393 3354 1552 3407 esse;
1589 3355 1764 3409 neque
1795 3340 1840 3394 si
1880 3339 2002 3408 quis
2028 3340 2158 3410 quid
2185 3339 2264 3394 fe-

699 3434 839 3488 cerit
873 3433 1116 3502 quod.ad
1143 3441 1312 3486 artem
1339 3431 1638 3486 aetiilicandi
1669 3433 1961 3501 pertineat,
1983 3432 2264 3486 domorum

701 3521 1081 3580 fabricatorem
1109 3539 1249 3580 esse.
1283 3523 1508 3592 Insuper
1531 3537 1598 3577 ex
1625 3523 1710 3578 his
1735 3538 1854 3593 quae
1900 3522 1968 3576 de
2022 3522 2265 3591 Caiapha

699 3617 899 3685 scripta
931 3628 1076 3682 sunt,
1109 3618 1204 3687 qui
1241 3617 1306 3670 de
1333 3615 1627 3670 Servatore
1669 3614 2033 3686 prophetavit,
2087 3615 2267 3670 dicere

698 3723 986 3778 possumus
1019 3709 1255 3764 animam
1292 3723 1506 3779 quoque
1552 3724 1774 3779 pravam
1838 3708 2115 3778 suscipere
2143 3721 2267 3775 pro-

699 3802 950 3869 pltetandi
992 3819 1208 3858 munus.
1263 3803 1565 3858 Accusatur
1619 3802 1764 3856 enirn
1799 3799 1867 3854 ab
1919 3800 2265 3870 evangelistis

696 3893 947 3963 Caiaphae
964 3897 1321 3967 pravitas,qni
1335 3906 1454 3952 erat
1474 3895 1716 3966 pontifex
1733 3893 1857 3947 anni
1877 3892 2266 3961 illius.quando

699 3985 957 4042 Servator
988 3971 1194 4051 noster,
1220 3989 1346 4043 dum
1366 4002 1465 4058 pro
1489 3987 1799 4043 hominibus
1828 3995 2124 4053 pateretur,
2143 3999 2266 4051 pcr-

698 4078 826 4134 fecit
852 4081 1228 4136 oeconomiam.
1256 4079 1538 4134 Matthaans
1554 4079 1750 4134 etenim
1777 4077 2040 4146 inquit":
2076 4096 2094 4128 ι
2115 4075 2266 4129 Tunc

695 4168 971 4238 profectus
1005 4185 1143 4222 unus
1169 4171 1237 4224 de
1263 4169 1546 4223 duodecim
1574 4206 1589 4232 ,
1647 4167 1739 4237 qui
1769 4167 2051 4223 dicebatur
2095 4165 2264 4221 Judas

697 4261 1010 4324 lscariotes,
1073 4263 1140 4316 ad
1201 4263 1472 4333 principes
1523 4262 1864 4318 sacerdotum
1913 4261 2092 4316 dixit:
2125 4258 2264 4326 Quid

694 4353 857 4408 vultis
886 4353 1015 4408 mihi
1045 4356 1194 4420 dare,
1227 4364 1282 4408 et
1305 4369 1406 4423 ego
1437 4355 1592 4408 vobis
1621 4353 1772 4406 illum
1801 4351 2052 4405 tradam?
2080 4350 2150 4403 At
2189 4349 2260 4404 illi

696 4445 1099 4500 constituerunt
1129 4446 1178 4500 ei
1211 4445 1429 4516 triginta
1463 4456 1748 4515 argenteos
1775 4461 1790 4498 :
1822 4461 1840 4496 ι
1874 4452 1924 4499 ει
1955 4441 2115 4512 paulo
2141 4448 2263 4510 post

2374 686 2523 757 λήσω
2548 705 2560 716 ·
2601 705 2620 737 ι
2654 687 2748 740 καὶ
2776 686 2943 739 εἰπὼν
2968 687 3038 740 τά
3062 688 3169 742 ἀπὸ
3200 690 3316 743 τοῦ·
3351 708 3369 741 ‹
3401 692 3495 745 Ἐκ
3523 695 3943 768 Μεσοποταμίας

2377 777 2762 848 μετεπέμψατό
2796 795 2886 848 με,
2911 797 2930 829 ι
2960 778 3054 833 καὶ
3087 779 3154 834 τά
3185 779 3347 852 ἑξῆς,
3383 784 3570 852 σαφὲς,
3603 786 3688 838 ὅτι
3737 794 3941 862 προφή-
4025 781 4030 788 ’

2371 887 2470 939 της
2515 869 2615 923 οὐκ
2646 865 2744 941 ἦν·
2789 871 2984 941 μάντις
3029 871 3134 944 γὰρ
3179 866 3318 926 εἶναι
3382 873 3803 948 ἀναγέγραπται
3849 880 3940 952 (4).

2373 963 2441 1016 Εἴ
2463 979 2548 1025 τις
2577 963 2673 1033 μὲν
2704 957 2796 1016 οὖν
2823 965 3109 1036 προφήτης
3139 964 3277 1028 ἐστὶ,
3315 965 3538 1030 πάντως
3582 970 3940 1040 προφητεύει·

2372 1055 2420 1108 εί
2460 1055 2514 1107 δέ
2553 1071 2636 1117 τις
2676 1053 3030 1125 προφητεύει,
3073 1053 3132 1108 οὐ
3186 1055 3405 1121 πάντως
3453 1060 3571 1112 ἐστὶ
3641 1065 3939 1134 προφήτης.

2383 1146 2526 1198 Ὠσεὶ
2558 1145 2651 1198 καὶ
2680 1145 2772 1198 ἐπὶ
2805 1145 2995 1216 ἐτέρου
3029 1145 3173 1210 τινὸς
3205 1147 3312 1202 τῶν
3342 1151 3673 1220 κρειττόνων
3715 1153 3943 1208 τοιοῦτον

2370 1236 2576 1305 ἔλεγον·
2607 1236 2669 1288 Ei
2706 1235 2806 1305 μέν
2839 1236 2930 1300 τίς
2953 1235 3070 1289 ἐστι
3099 1237 3304 1301 δίκαιος
3324 1279 3339 1303 ,
3373 1239 3435 1293 τὸ
3486 1242 3695 1296 δίκαιον
3743 1244 3938 1298 διώκει·

2369 1329 2429 1382 ού
2459 1330 2564 1400 μὴν
2597 1329 2649 1382 εί
2676 1346 2756 1392 τις
2789 1327 2849 1380 τὸ
2876 1327 3078 1381 δίκαιον
3100 1328 3302 1394 διώκει,
3321 1331 3528 1398 δίκαιός
3559 1336 3729 1388 ἐστιν·
3755 1337 3939 1401 έκεῖνο,

2369 1423 2504 1493 ὅπερ
2529 1421 2602 1490 (5)
2640 1421 2890 1492 συνήσεις
2923 1421 3226 1492 ἐπιστήσας
3251 1421 3329 1492 τῷ
3355 1441 3368 1454 ·
3411 1443 3428 1475 ι
3462 1427 3702 1490 Δικαίως
3760 1428 3820 1480 τὸ
3868 1427 3939 1481 δε..

2370 1531 2524 1567 καιον
2573 1512 2758 1584 διώξῃ,
2783 1532 2800 1563 ι
2830 1512 2986 1582 εἴπερ
3023 1511 3096 1582 μὴ
3133 1513 3308 1585 μάτην
3347 1516 3441 1580 τὸ,
3494 1517 3777 1583 δικαίως,
3818 1536 3942 1591 προ-

2368 1605 2624 1658 τέτακται
2655 1605 2731 1677 (6)
2768 1605 2884 1658 τοῦ·
2930 1626 2947 1658 ε
2970 1607 3030 1660 τὸ
3075 1607 3280 1660 δίκαιον
3312 1607 3501 1679 διώξῃ·
3528 1628 3546 1660 ι
3585 1609 3810 1662 δυνατὸν
3841 1610 3939 1680 γὰρ

2369 1692 2519 1768 οἶμαι
2551 1696 2611 1749 τὸ
2635 1695 2839 1750 δίκαιον
2886 1696 3122 1763 διώκειν,
3172 1698 3287 1752 ἀλλ’
3321 1699 3380 1752 οὺ
3412 1699 3642 1764 δικαίως
3662 1719 3675 1731 ·
3715 1703 3809 1755 καὶ
3841 1702 3938 1772 γὰρ

2371 1788 2419 1840 οἱ
2453 1786 2728 1850 ποιοῦντες
2763 1787 2899 1857 πρὸς
2925 1787 2984 1840 τὸ
3015 1788 3336 1860 δοξασθῆναι
3370 1789 3474 1844 ὑπὸ
3505 1791 3616 1844 τῶν
3645 1792 3940 1863 ἀνθρώπων

2371 1877 2527 1950 ἔργον
2552 1877 2670 1930 καθ’
2705 1877 2834 1931 αὐτὸ
2866 1878 3124 1951 καθῆκον,
3161 1881 3294 1953 φέρε
3326 1885 3520 1948 εἰπεῖν,
3557 1887 3640 1948 είς
3675 1885 3934 1956 πένητας,

2369 1971 2571 2023 δίκαιον
2602 1971 2698 2040 μέν
2739 1988 2792 2023 τι
2845 1973 3227 2042 πεποιήκασιν,
3261 1974 3326 2027 οὐ
3377 1974 3484 2045 μὴν
3519 1976 3629 2029 ἀπὸ
3661 1977 3829 2042 ἕξεως
3866 1977 3938 2030 δι-

2370 2061 2658 2132 καιοσύνης
2681 2101 2696 2126 ,
2745 2062 2859 2116 ἀλλ’
2914 2063 3021 2116 άπὸ
3055 2064 3382 2128 κενοδοξίας.
3422 2061 3590 2136 Οἶμαι
3620 2067 3667 2119 δ’
3702 2068 3784 2121 ὅτι
3818 2069 3940 2122 ἀνά-

2369 2152 2524 2222 λογον
2551 2153 2658 2224 τῷ·
2699 2171 2717 2204 ι
2757 2154 2990 2218 Δικαίως
3026 2154 3086 2207 τὸ
3120 2155 3325 2210 δίκαιον
3355 2155 3541 2230 διώξῃ,
3570 2177 3590 2208 ι
3633 2158 3831 2227 λέγοιτ’
3857 2161 3935 2214 ἄν·

2370 2231 2667 2314 Σωφρόνως
2727 2243 2786 2296 τὸ
2843 2243 3055 2314 σῶφρον
3107 2243 3293 2315 διώξῃ·
3345 2245 3479 2299 καί·
3531 2247 3822 2317 Ἀνδρείως
3881 2248 3937 2300 τὺ

2368 2334 2609 2406 ἀνδρεῖον
2634 2333 2821 2408 διώξῃ,
2857 2335 2948 2388 καί
2977 2350 2992 2364 ·
3023 2335 3210 2404 Σοφῶς
3257 2337 3319 2390 τὸ
3353 2337 3516 2407 σοφὸν
3544 2337 3735 2411 διώξῃ,
3765 2340 3857 2392 καὶ
3884 2339 3939 2392 τὺ

2369 2426 2627 2496 ἀνάλογον
2655 2427 2749 2479 ἐπὶ
2781 2426 2888 2479 τῶν
2922 2426 3122 2480 λοιπῶν
3153 2428 3380 2498 ἀρετῶν.
3426 2428 3610 2482 Ταῦτα
3643 2429 3689 2482 δ’
3719 2430 3938 2500 εἴπομεν

2369 2517 2509 2589 ὑπὲρ
2535 2516 2629 2572 τοῦ
2658 2517 2993 2589 παραϐαλεῖν
3026 2519 3208 2590 ὅμοιόν
3239 2537 3291 2572 τι
3328 2519 3406 2590 τῷ
3440 2521 3811 2592 προφητεύειν
3847 2523 3939 2591 μέν

2368 2626 2508 2672 τινα,
2556 2611 2617 2663 οὐ
2656 2610 2762 2681 μὴν
2810 2611 3092 2682 προφήτην
3142 2607 3298 2664 εἶναι.
3334 2612 3433 2664 Διὰ
3459 2611 3619 2665 τοῦτο
3663 2612 3732 2678 δ’,
3762 2609 3936 2682 οἶμαι,

2372 2707 2607 2778 συνεχῶς
2653 2709 2712 2760 ὲν
2771 2711 2889 2770 ταῖς
2937 2708 3292 2780 προφητείαις
3328 2708 3454 2778 περὶ
3486 2708 3596 2760 τῶν
3650 2707 3939 2779 προφητῶν

2369 2798 2582 2867 λέγεται
2615 2799 2705 2852 τό·
2763 2816 2782 2848 ι
2826 2795 2989 2852 Εἶπεν
3045 2799 3312 2870 Ἱερεμίας
3355 2801 3384 2851 ὁ
3425 2801 3746 2871 προφήτης,
3788 2819 3806 2850 ι
3849 2798 3933 2851 καὶ

2369 2891 2424 2944 εί
2451 2910 2503 2945 τι
2535 2890 2740 2954 τούτοις
2771 2892 2974 2962 ὅμοιον.
3029 2891 3093 2943 Οἱ
3136 2891 3192 2944 δὲ
3226 2893 3355 2962 περὶ
3406 2891 3473 2945 τά
3507 2892 3752 2962 ὀνόματα
3786 2890 3936 2944 δεινοί

2370 2999 2554 3052 φασιν,
2585 2981 2666 3034 ὅτι
2691 2981 2830 3052 ούχὶ,
2857 2981 2910 3033 εἴ
2957 2998 3042 3044 τις
3077 2981 3316 3052 ἰατρικόν
3347 2999 3399 3034 τι
3437 2983 3731 3051 ἐποίησεν,
3771 2979 3805 3050 ἢ
3838 2980 3938 3031 τῶν

2371 3076 2506 3148 πρὸς
2531 3075 2741 3144 ὑγίειαν
2772 3073 3221 3144 συμϐαλλομένων
3267 3075 3357 3139 ἓν,
3396 3074 3580 3144 ἰατρός
3622 3076 3774 3126 ἐστιν
3803 3074 3936 3126 ἐκεῖ-

2294 3165 2337 3224 C
2369 3185 2479 3231 νος·
2506 3167 2624 3220 οὐδὲ
2663 3166 2716 3220 εί
2749 3184 2830 3230 τις
2858 3166 3196 3236 οἰκοδομικόν
3229 3181 3282 3216 τι
3316 3164 3634 3236 πεποίηκεν,
3665 3164 3935 3235 οἰκοδόμος

2367 3261 2514 3314 ἐστὶν
2546 3260 2773 3324 ἐκεῖνος.
2818 3259 2912 3312 Ἐκ
2937 3258 2994 3311 δὲ
3044 3257 3152 3310 τῶν
3209 3257 3336 3329 περὶ
3381 3257 3473 3311 τὸν
3513 3258 3773 3326 Καϊάφαν
3820 3259 3938 3311 ἀνα-

2367 3351 2798 3425 γεγραμμένων,
2849 3347 3302 3420 προφητεύσαντα
3339 3349 3470 3419 περὶ
3506 3347 3604 3401 τοῦ
3659 3348 3935 3420 Σωτῆρος,

2367 3444 2511 3498 ἐστιν
2549 3445 2742 3505 εἰπεῖν,
2787 3443 2868 3496 ὅτι
2902 3441 2994 3494 καὶ
3030 3441 3104 3510 (7)
3141 3439 3391 3511 μοχθηρά
3426 3440 3574 3511 ψυχὴ
3631 3440 3932 3510 ἐπιδέχεταί

2367 3555 2496 3591 ποτε
2517 3537 2576 3590 τὸ
2600 3531 2980 3608 προφητεύειν·
3001 3537 3383 3604 κατηγορεῖται
3407 3533 3518 3603 γὰρ
3541 3534 3574 3602 ή
3600 3532 3697 3585 τοῦ
3724 3533 3938 3600 Καῖάφα

2370 3626 2669 3699 μοχθηρία,
2724 3625 2783 3689 ὃς
2828 3620 2895 3695 ἦν
2933 3623 3225 3696 ἀρχιερεὺς
3277 3623 3372 3676 τοῦ
3407 3621 3659 3676 ἐνιαυτοῦ
3718 3623 3936 3682 ἐκείνου,

2366 3722 2454 3775 ὅτε
2484 3721 2512 3772 ὁ
2545 3717 2732 3790 Σωτὴρ
2760 3716 2916 3788 ήμῶν
2949 3716 3048 3788 τὴν
3097 3717 3154 3769 ὲν
3185 3714 3261 3786 τῷ
3293 3715 3522 3785 πάσχειν
3562 3713 3708 3785 ὑπὲρ
3738 3712 3938 3783 ἀνθρώ-

2366 3830 2482 3866 πων
2535 3811 2770 3866 ὲπιτελεῖ
2825 3809 3154 3879 οἰκονομίαν,
3206 3807 3312 3861 ὑπὸ
3357 3808 3466 3860 τῶν
3519 3806 3936 3875 εύαγγελιστῶν·

2367 3903 2646 3966 Ματθαῖος
2683 3903 2782 3974 μὲν
2815 3899 2924 3972 γάρ
2958 3915 3110 3970 φησι·
3153 3917 3172 3950 ι
3201 3899 3335 3951 Τότε
3380 3897 3668 3969 πορευθεὶς
3719 3893 3800 3962 εἷς
3841 3897 3942 3950 τῶν

2364 3997 2591 4060 δώδεκα,
2630 3995 2921 4066 λεγόμενος
2963 3993 3162 4056 Ἰούδας
3217 3991 3606 4064 Ἰσκαριώτης,
3643 3990 3784 4063 πρὸς
3820 3991 3942 4052 τοὺς

2365 4093 2640 4162 ἀρχιερεῖς
2696 4085 2850 4142 εἷπε·
2899 4087 2965 4140 Τί
3005 4084 3184 4140 θέλετέ
3230 4101 3320 4156 μοι
3351 4084 3566 4150 δοῦναι,
3601 4083 3763 4152 κάγὼ
3817 4083 3942 4153 ύμῖν

2365 4179 2674 4251 παραδώσω
2723 4177 2920 4240 αὐτόν;
2961 4177 3023 4230 Οί
3065 4176 3120 4228 δὲ
3159 4175 3392 4245 ἔστησαν
3439 4175 3590 4244 αύτῷ
3645 4174 3944 4244 τριάκοντα

2364 4272 2622 4343 ἀργύρια·
2652 4291 2670 4323 ι
2708 4269 2801 4324 καὶ
2832 4270 2950 4340 μετ’
2995 4267 3187 4335 ὀλίγα·
3238 4284 3256 4317 σ
3302 4265 3435 4318 Ἰδοὺ
3483 4265 3719 4328 Ἰούδας,
3759 4263 3940 4334 φησιν,

2366 4359 2448 4426 εἷς
2488 4364 2597 4417 τῶν
2650 4361 2856 4416 δώδεκα
2894 4356 3046 4430 ἦλθε,
3097 4358 3190 4411 καὶ
3228 4356 3346 4428 μετ’
3383 4355 3549 4410 αὐτοῦ
3587 4355 3746 4426 δχλος
3783 4354 3944 4416 πολὺς

2373 4456 2508 4526 μετὰ
2544 4453 2828 4526 μαχαιρῶν
2875 4453 2968 4506 καὶ
3011 4449 3181 4516 ξύλων
3200 4488 3214 4510 ,
3245 4447 3354 4501 ἀπὸ
3387 4447 3498 4500 τῶν
3525 4446 3831 4518 ἀρχιερέων
3854 4445 3945 4498 καὶ

697 4535 876 4605 inquit
903 4537 943 4568 “
974 4555 988 4593 :
1020 4555 1039 4589 ι
1067 4539 1204 4593 Ecce
1227 4536 1394 4592 Judas
1423 4553 1561 4592 unus
1607 4553 1670 4593 ex
1699 4510 1982 4591 duodecim
2009 4535 2180 4602 venit,
2211 4541 2266 4587 et

2371 4546 2760 4620 πρεσϐυτέρων
2809 4543 2904 4596 τοῦ
2939 4541 3090 4595 λαοῦ.
3116 4560 3134 4590 ι
3183 4541 3270 4592 Ἐν
3295 4537 3506 4602 τούτοις
3541 4538 3642 4608 μὲν
3686 4532 3783 4591 οὖν
3836 4538 3943 4598 τοῖς

695 4644 818 4686 cum
850 4644 916 4684 eo
948 4631 1103 4685 turba
1129 4631 1293 4702 386
1319 4632 1482 4685 multa
1509 4645 1632 4684 cum
1661 4629 1854 4698 gladiis
1913 4637 1967 4681 et
2007 4625 2264 4692 fustibus,

696 4735 727 4776 a
761 4722 1098 4792 principibus
1149 4724 1516 4784 sacerdotum.
1565 4731 1619 4776 et
1661 4719 1965 4775 senioribus
1995 4717 2198 4789 populi.
2239 4736 2258 4770 ι

695 4813 874 4884 Atque
901 4816 954 4870 in
992 4817 1078 4871 his
1109 4817 1326 4886 quidem
1367 4814 1704 4884 principibus
1731 4811 2074 4867 sacerdotum
2107 4811 2266 4867 intel-

696 4902 912 4972 ligimus
934 4907 1096 4961 etiam
1123 4908 1301 4961 inesse
1329 4905 1648 4974 Caiapham,
1678 4903 1824 4973 quod
1865 4903 1930 4957 de
1970 4902 2061 4958 illo
2096 4912 2262 4957 testa-

697 4997 808 5048 tum
845 4998 1065 5050 sitcum
1098 4995 1409 5063 pontiﬁcem
1437 5009 1558 5050 esse
1601 4994 1726 5048 anni
1785 4993 1928 5046 illius
1965 4991 2028 5047 ι’.
2058 4992 2262 5064 Aperte

697 5094 877 5139 autem
905 5096 1024 5154 post
1052 5088 1164 5141 haec
1189 5086 1473 5142 Matthzcus
1504 5087 1682 5156 inquit
1712 5084 1757 5116 ¹³
1790 5102 1803 5138 :
1837 5101 1855 5134 ι
1891 5083 1961 5138 Αι
2009 5084 2085 5138 illi
2117 5099 2264 5139 cmu-

795 5181 815 5211 ⁸
848 5179 1004 5235 Num.
1031 5197 1169 5244 nu,
1210 5183 1302 5237 58.
1401 5184 1420 5214 "
1448 5181 1604 5235 Num.
1630 5197 1782 5240 χχιιι.
1811 5181 1864 5233 7.

2367 4639 2682 4711 ἀρχιερεῦσι
2736 4637 2960 4706 νοοῦμεν
2995 4630 3133 4686 εἶναι
3186 4632 3279 4684 καὶ
3329 4629 3419 4684 τὸν
3475 4631 3780 4699 Καϊάφαν,
3827 4627 3946 4682 Emi.

2371 4729 2787 4802 μεμαρτύρηται
2831 4726 3116 4797 ἀρχιερεὺς
3157 4723 3232 4776 ὢν
3280 4723 3374 4776 τοῦ
3409 4721 3660 4776 ἐνιαυτοῦ
3715 4722 3942 4775 ἐκείνου.

2365 4821 2559 4889 Σαφῶς
2607 4820 2665 4872 δὲ
2714 4817 2851 4889 μετὰ
2882 4815 3053 4868 ταῦτα
3101 4815 3130 4866 ὁ
3171 4812 3449 4876 Ματϐαἷός
3500 4829 3689 4883 φησιν·
3732 4831 3752 4863 r
3787 4811 3849 4865 Οί
3889 4810 3944 4864 δι

2367 4912 2738 4982 κρατήσαντες
2769 4907 2860 4960 τὸν
2897 4904 3099 4974 Ἰησοῦν
3130 4905 3417 4974 ἀπήγαγον
3462 4903 3600 4975 πρὸς
3644 4902 3740 4956 τὸν
3774 4900 3943 4954 Καϊά-

2371 5017 2475 5070 φαν
2514 4999 2604 5052 τὸν
2636 4996 2921 5071 ἀρχιερέα,
2951 4997 3087 5048 ὅπου
3117 4996 3167 5047 οἱ
3213 4997 3564 5066 γραμματεῖς
3596 4996 3693 5048 καὶ
3721 4995 3774 5047 οἱ
3810 5010 3942 5065 πρε-

2373 5077 2620 5160 σϐύτεροι
2670 5084 3032 5157 συνήχθησαν·
3060 5103 3079 5138 ι
3137 5087 3232 5136 καὶ
3288 5085 3404 5154 μετ’
3457 5084 3616 5153 ὀλίγα
3651 5085 3939 5156 ἐπιφέρει·

1960 5181 1981 5212 ⁸
2007 5181 2164 5235 Deut.
2190 5199 2300 5246 ενι,
2331 5185 2423 5239 20.
2515 5183 2756 5239 ’Jerem.
2806 5197 2996 5248 xxvttt,
3042 5181 3106 5246 5;
3133 5195 3207 5245 vt,
3239 5181 3340 5246 t5;
3410 5196 3599 5246 xxxiv,
3629 5181 3698 5248 6;
3733 5197 3865 5248 ιω,
3887 5179 3938 5235 4.

699 5248 743 5282 ⁸⁸
767 5247 1230 5314 Mattlt.xxvt,ﬂ.
1307 5253 1501 5306 “ibid.
1530 5252 1620 5305 47.
1699 5253 1741 5282 ¹¹
1767 5249 1923 5305 Joan.
1962 5267 2038 5311 ιι.
2071 5251 2160 5306 49.
2241 5253 2266 5284 ⁸η

2368 5257 2505 5309 atth.
2539 5270 2691 5317 xxw,
2721 5253 2810 5307 57.

787 5343 840 5417 ᾇ)
873 5343 1016 5417 Idem
1049 5345 1222 5417 codex
1249 5345 1471 5417 Regius,
1498 5344 1880 5417 γεγραμμένα.

785 5408 842 5484 4)
867 5408 1092 5484 Μάντις
1122 5415 1231 5484 γὰρ
1275 5408 1429 5469 cierat
1458 5408 1932 5484 ’ἀκάγέγραπταμ
1951 5483 1960 5484 7
1981 5411 2096 5468 Jos.
2145 5431 2265 5478 xm,

692 5481 784 5572 ξιξ
822 5481 1156 5572 μείξει
1193 5481 1424 5572 CW”,-
1467 5481 1987 5572 asesa-inggaﬁ.
2022 5484 2257 5572 βαλαδιι

690 5551 806 5625 υίδν
849 5551 998 5625 βεὼρ
1026 5554 1297 5625 ΦαΘουρά,
1331 5551 1419 5609 'ex
1471 5555 1695 5608 Hebraeo
1729 5561 1984 5625 unum,
2022 5555 2122 5606 hoc
2151 5551 2255 5625 est,

697 5640 719 5674 ι
750 5624 816 5676 de
851 5621 1069 5687 Petlior,
1106 5644 1122 5674 ι
1145 5621 1374 5678 ιιιί·εειε
1403 5635 1618 5677 vertunt
1645 5623 1904 5684 Onkelos,
1944 5621 2257 5676 Tawassius

697 5691 883 5758 Persa,
915 5693 1294 5748 Samaritanus
1323 5703 1380 5746 et
1421 5694 1616 5748 Arabs.
1645 5693 1874 5761 Vulgata
1921 5703 2100 5745 autem
2135 5694 2259 5744 recl-

694 5763 791 5827 dit,
829 5781 848 5814 ι
884 5763 1192 5823 hariolum;
1242 5780 1259 5812 ι
1309 5763 1498 5832 Syrus.
1537 5783 1554 5814 ι
1595 5765 1929 5818 somniorum
1993 5761 2258 5829 interpre-

693 5840 824 5900 tem,
886 5854 904 5886 ο
957 5834 1113 5900 quasi
1160 5831 1392 5899 legerint
1445 5841 1585 5894 una.
1649 5832 1922 5889 Jonatltan
1977 5839 2262 5902 utramque

2379 5349 2712 5404 notationem
2737 5345 3170 5422 comprehendit,
3202 5343 3424 5422 vultque
3469 5357 3498 5394 a
3540 5341 3827 5422 Balaamo,
3851 5356 3940 5411 qn.

2377 5428 2496 5472 erat
2541 5425 2665 5477 ἰι-ιε)
2727 5419 2960 5486 patriam
3027 5417 3146 5484 ejus
3203 5421 3351 5473 “.1115
3414 5425 3613 5465 nomen
3685 5417 3938 5466 traxisse.

2366 5487 2738 5632 HU(ES)'$;r_8p.
2760 5555 3001 5632 yidetur
3028 5551 3322 5632 παρέλκειν
3347 5559 3402 5602 ει
3431 5549 3816 5606 resecandum.

2542 5622 2724 5683 Codex
2760 5625 2982 5694 Regius,
3021 5622 3444 5695 προστέτακται.

2441 5703 2449 5741 l
2495 5703 2512 5741 \
2546 5698 2694 5741 Illam
2724 5698 2894 5741 omlex
2924 5695 3146 5741 Regius-
3170 5693 3316 5741 ἔστιν
3345 5693 3434 5741 ὅτε
3466 5688 3594 5741 καὶ-
3614 5700 3749 5741 etc..
3771 5689 3875 5741 omi

2433 5688 2512 5768 (‘7)
2546 5698 2694 5751 Idem
2724 5688 2909 5768 code—g
2924 5688 3147 5768 Regius,
3170 5693 3316 5746 ἔστιν
3345 5693 3438 5768 ore
3466 5688 3595 5761 καὶ,
3614 5700 3750 5758 etc.,
3771 5689 3935 5746 omis-

2367 5763 2664 5832 εοέίπεῖν,
2702 5766 2848 5838 quod
2876 5763 3204 5820 Bodleianus
3234 5763 3489 5818 restituit.
