3804 6528
521 367 622 421 711

2009 367 2337 428 ORIGENIS
3645 398 3713 455 π,

520 503 646 542 eum
675 487 778 542 illis
813 506 826 541 :
861 487 964 541 hoc
1017 497 1199 544 autem
1253 487 1330 543 illi
1365 490 1549 543 audito
1587 489 1756 559 gavisi
1813 499 1942 546 sunt
1971 532 1986 557 ,

2206 513 2324 566 της,
2345 489 2426 559 εἷς
2447 495 2555 549 τῶν
2583 495 2812 564 δώδεκα,
2837 502 2932 554 καὶ
2959 505 3078 572 μετ’
3111 504 3272 558 αὑτοῦ
3297 505 3444 576 δχλος
3466 511 3606 575 πολὺς
3621 524 3716 582 μετά

521 579 747 651 polliciti
790 591 917 633 sunt
955 580 1004 633 ei
1051 582 1337 646 pecuniam
1365 596 1426 635 se
1454 581 1674 635 daturos
1701 581 1787 645 “;
1825 601 1844 634 ι
1881 573 1938 638 εἰ
1984 596 2107 652 post

521 686 693 742 pauca
725 688 738 724 :
787 691 805 724 ε
838 672 1031 725 Adhuc
1058 671 1313 740 loquente
1346 670 1494 736 Jesu,
1531 672 1745 727 accedit
1767 671 1935 728 Judas
1961 675 2107 730 [sca-

522 765 711 830 riotes,
744 765 834 835 qui
868 774 986 818 erat
1009 778 1149 818 unus
1180 779 1210 818 e
1243 764 1552 828 duodecim,
1583 773 1784 818 etcum
1813 765 1910 820 illo
1946 768 2102 822 turba

521 859 692 911 multa
732 873 854 912 cum
889 857 1105 927 gladiis,
1136 865 1192 912 et
1224 856 1459 912 fustibus
1479 894 1497 921 ,
1523 871 1552 912 a
1586 859 1816 914 summis
1843 860 2100 914 sacerdo-

519 950 685 1016 tibus,
721 959 776 1004 et
812 950 1030 1013 scribis,
1069 959 1124 1004 et
1158 949 1506 1015 senioribus;
1538 968 1557 1002 ι
1593 960 1649 1006 et
1677 960 1799 1021 post
1821 966 1992 1021 pauca
2017 953 2098 1009 "z

521 1059 543 1092 ι
566 1041 924 1096 Abduxerunt
954 1039 1136 1096 Jesum
1166 1042 1233 1096 ad
1263 1055 1534 1096 summum
1572 1044 1912 1099 sacerdotem
1939 1044 2102 1100 Caia-

512 1131 700 1200 pham,
737 1140 791 1185 ct
831 1141 1206 1188 convenerunt
1237 1133 1306 1187 ad
1361 1132 1511 1188 illum
1543 1148 1734 1190 omnes
1770 1133 1968 1188 summi
2012 1147 2102 1187 sa-

511 1225 787 1289 cerdotes,
820 1234 874 1278 et
919 1224 1134 1291 scribae,
1169 1233 1222 1280 et
1255 1226 1540 1290 seniores;
1575 1244 1596 1278 ι
1634 1227 1828 1281 deinde
1883 1241 2097 1280 rursum

511 1326 634 1386 post
658 1331 830 1386 pauca
850 1301 908 1349 ³³
942 1336 955 1371 :
996 1336 1014 1369 ‹
1055 1316 1123 1372 Ει
1173 1332 1404 1384 surgens
1436 1332 1684 1373 summus
1731 1319 1991 1372 sacerdos
2021 1317 2100 1372 in-

510 1409 802 1478 terrogavit
824 1407 1031 1475 Jesum,
1056 1409 1280 1464 dicens:
1306 1407 1422 1492 N\on
1447 1408 1743 1477 respondes
1765 1408 2098 1480 quidquam?

505 1501 636 1570 quid
665 1502 752 1556 isti
782 1503 1072 1558 adversum
1105 1512 1155 1556 te
1192 1501 1595 1557 testiﬁcantur?
1637 1501 1709 1556 At
1739 1502 1829 1556 ille
1859 1501 2095 1569 tacebat,

505 1609 680 1662 neque
705 1595 999 1664 quidquam
1038 1597 1420 1666 respondebat.
1470 1594 1706 1651 Rursum
1735 1610 1980 1652 summus
2007 1611 2096 1651 sa-

504 1688 697 1742 cerdos
732 1689 1103 1758 interrogabat
1150 1702 1274 1742 eum
1301 1689 1539 1744 secundo
1564 1688 1749 1744 dicens
1787 1689 1894 1744 :Es
1921 1697 1978 1744 tu
2003 1687 2096 1743 ille

502 1778 753 1834 Christus
779 1779 949 1834 Filius
980 1779 1124 1834 illius
1147 1778 1460 1836 Benedicti?
1488 1781 1553 1834 At
1573 1780 1734 1836 Jesus
1761 1782 2094 1851 respondens

2212 588 2497 660 μαχαιρῶν
2531 591 2625 645 καὶ
2655 591 2850 658 ξύλων,
2871 595 3022 666 παρά
3041 596 3151 650 τῶν
3177 598 3467 670 ἀρχιερέων
3482 603 3565 656 καί
3585 620 3713 677 γραμ-

2211 680 2428 750 ματέων
2457 683 2550 735 καὶ
2582 683 2691 738 τῶν
2718 686 3052 757 Φαρισαίων,
3088 690 3181 743 καὶ
3213 692 3587 764 πρεσϐυτέρων·
3613 716 3627 746 ι
3651 702 3714 752 καὶ

2211 774 2330 841 μετ’
2357 773 2543 843 ὀλίγα·
2587 793 2606 826 ‹
2652 777 2970 850 Ἀπήγαγον
3008 781 3099 834 τὸν
3144 783 3348 853 Ἰησοῦν
3369 785 3495 856 πρὸς
3522 788 3713 859 hia-scr;

2205 859 2297 911 τὸν
2331 860 2618 932 ἀρχιερέα,
2656 867 2752 920 καὶ⁵
2788 868 3142 939 συνέρχονται
3173 872 3374 937 πάντες
3412 877 3457 927 οἱ
3505 877 3712 950 ἀρχιερεῖς

2205 951 2301 1003 καὶ
2335 958 2686 1024 γραμματεῖς
2742 958 2836 1012 καὶ
2869 960 3253 1034 πρεσϐύτεροι·
3277 983 3296 1015 ι
3337 961 3450 1018 εἶτα
3475 969 3610 1022 πάλιν
3635 976 3711 1040 μετ’

2202 1042 2357 1112 ὀλίγα
2379 1061 2391 1074 ·
2431 1063 2452 1097 ι
2501 1047 2764 1114 Ἀναστὰς
2793 1053 2821 1104 6
2847 1052 3141 1125 ἀρχιερεὺς
3193 1057 3506 1129 ἐπηρώτησε
3535 1061 3610 1114 τὸν
3642 1065 3710 1132 ’1η-

2203 1134 2350 1199 σοῦν,
2381 1136 2577 1206 λέγων·
2605 1142 2720 1195 Οὐκ
2749 1143 3022 1218 ἀποκρίνῃ
3040 1147 3228 1214 ούόἐνς
3254 1151 3307 1202 τί
3337 1145 3475 1204 οὗτοί
3494 1169 3572 1206 σου
3593 1171 3710 1207 κειται

2203 1228 2610 1300 μαρτυροῦσιν;
2661 1233 2718 1286 ’0
2746 1234 2806 1288 δὲ
2839 1235 3070 1303 ἐσιώπα,
3096 1241 3192 1294 καὶ
3218 1241 3374 1295 οὐδὲν
3422 1244 3705 1313 ἀπεκρίνατο.

2199 1319 2372 1374 Πάλιν
2411 1323 2441 1376 6
2473 1323 2769 1396 ἀρχιερεὺς
2804 1328 3164 1402 ἐπηρώτησεν
3199 1331 3360 1386 αὐτὸν
3393 1333 3456 1385 ὲκ
3486 1331 3708 1405 δευτέρου,

2197 1409 2406 1480 λέγων·
2455 1417 2527 1470 Σὺ
2570 1415 2623 1472 εἴ
2656 1421 2695 1486 ὁρ
2729 1419 2965 1489 Χριστὸς
2989 1422 3018 1473 6
3052 1422 3180 1486 Υἱὸς
3203 1421 3300 1475 τοῦ
3335 1423 3636 1494 Εὐλογητοῦ;
3670 1424 3710 1478 Ὁ

2211 1504 2420 1576 Ἰησοῦς
2459 1508 2783 1581 ἀποκριθεὶς
2817 1512 2968 1581 λέγει
3005 1514 3176 1585 αὐτῷ·
3224 1516 3298 1569 Σὺ
3332 1511 3515 1578 εἶπας,
3542 1517 3608 1568 ὅτι
3635 1514 3710 1583 ἐγώ

2195 1600 2312 1670 είμι
2338 1617 2352 1630 ·
2396 1601 2490 1654 καὶ
2527 1602 2724 1672 ὄψεσθε
2743 1606 2836 1660 τὸν
2870 1607 2997 1660 Υίὸν
3023 1607 3119 1661 τοῦ
3157 1607 3446 1679 ἀνθρώπου
3476 1609 3710 1678 καθήμεναι

2197 1691 2263 1744 ὲκ
2295 1689 2487 1756 δεξιῶν
2538 1693 2637 1764 τῆς
2689 1693 2996 1766 δυνάμεως,
3038 1698 3133 1750 καὶ
3187 1698 3474 1768 ἐρχόμενον
3503 1699 3616 1768 μετὰ
3638 1697 3709 1750 τῶν

2195 1782 2433 1852 νεφελῶν
2477 1784 2572 1838 τοῦ
2623 1787 2886 1858 οὐρανοῦ.
2928 1789 2986 1842 '0
3037 1789 3095 1842 δὲ
3147 1790 3440 1860 ἀρχιερεὺς
3483 1787 3710 1860 διαρρήξας

501 1871 636 1925 dicit
668 1871 740 1925 illi
772 1886 787 1925 :
822 1871 900 1926 Tu
931 1872 1154 1939 dixisti;
1201 1887 1300 1942 ego
1326 1888 1482 1927 sum:
1513 1884 1568 1928 et
1593 1874 1852 1930 videbitis
1875 1873 2039 1930 Filiul

2189 1873 2395 1938 εὐθέως
2437 1875 2564 1939 τοὺς
2593 1877 2827 1945 χιτῶνας
2853 1877 3022 1932 αὐτοῦ
3056 1879 3234 1949 (12)...
3269 1899 3288 1929 ι
3319 1876 3434 1932 εἶτα
3463 1883 3563 1950 μετ’
3583 1880 3706 1944 ὀλίγα·

501 1962 738 2018 hominis
764 1964 1048 2020 sedentem
1101 1981 1130 2020 a
1177 1967 1370 2020 dextra
1401 1966 1678 2036 potentiae,
1702 1975 1757 2022 et
1782 1967 2039 2023 veniente:

2199 1983 2218 2016 ε
2244 1963 2396 2036 Πρωῖ
2439 1965 2762 2036 συμϐούλιον
2805 1967 3067 2036 ἐποίησαν
3098 1967 3147 2019 οἱ
3179 1968 3455 2039 ἀρχιερεῖς
3502 1967 3617 2037 μετὰ
3637 1965 3711 2017 τῶν

499 2067 620 2107 cum
654 2055 888 2112 nubibus
931 2057 1075 2112 coeli.
1112 2058 1182 2111 At
1213 2073 1462 2113 summus
1492 2059 1749 2114 sacerdos
1777 2057 2039 2114 dilacerat

2193 2056 2583 2130 πρεσϐυτέρων
2628 2058 2721 2112 καὶ
2773 2057 2884 2112 τῶν
2939 2060 3314 2130 γραμματέων
3338 2100 3353 2124 ,
3411 2061 3500 2114 καὶ
3544 2059 3639 2111 ὅλον
3669 2054 3712 2110 τὸ

498 2147 683 2200 statim
713 2149 955 2204 vestibus
979 2153 1094 2204 suis
1124 2147 1278 2220 [dicit
1310 2166 1324 2202 :
1367 2147 1510 2216 Quid
1540 2157 1804 2218 praeterea
1831 2162 1968 2219 opus
1985 2148 2039 2202 h:

2195 2150 2497 2223 συνέδριον,
2533 2152 2629 2205 καὶ
2655 2151 2918 2223 δήσαντες
2950 2152 3061 2224 (15)
3107 2153 3199 2206 τὸν
3243 2151 3451 2224 Ἰησοῦν
3489 2152 3712 2222 ἀπήγαγον

498 2239 691 2296 bemus
747 2242 1014 2297 testibus?
1066 2241 1308 2296 Audistis
1339 2239 1783 2310 blasphemiam]
1822 2257 1840 2290 ι
1885 2239 2039 2294 Deint

2190 2244 2272 2305 εἰς
2304 2241 2401 2314 τὴν
2433 2242 2622 2316 αὐλὴν,
2659 2243 2753 2297 καὶ
2800 2243 3130 2315 παρέδωκαν
3169 2245 3439 2316 Πιλάτῳ.»
3475 2240 3590 2296 Εἶτα
3628 2243 3708 2313 μετ¹

497 2339 622 2399 post
653 2346 825 2400 pauca
850 2332 894 2364 ’⁷
927 2350 940 2386 :
981 2351 1000 2385 ι
1049 2331 1116 2385 Et
1149 2329 1386 2386 diluculo
1427 2329 1656 2385 consilio
1703 2331 1840 2386 inito
1887 2345 2039 2384 sumu

2188 2333 2373 2403 ὀλίγα·
2412 2353 2431 2386 ι
2467 2335 2827 2408 Κατηγόρουν
2861 2336 3028 2390 αὐτοῦ
3057 2338 3106 2390 οἱ
3133 2338 3408 2410 ἀρχιερεῖς
3440 2335 3622 2399 πολλὰ,
3642 2335 3710 2388 αὖ·

495 2425 808 2480 Sacerdotes
837 2441 958 2479 cum
989 2425 1301 2481 senioribus
1325 2463 1340 2488 ,
1367 2431 1424 2477 et
1453 2423 1674 2488 scribis,
1707 2438 1773 2478 ac
1807 2431 1918 2478 toto
1953 2436 2087 2477 con-

494 2530 678 2580 sessu,
701 2515 943 2571 vinctum
967 2516 1154 2572 Jesum
1185 2519 1534 2572 abduxerunt
1564 2517 1616 2570 in
1647 2515 1853 2582 aulam,
1913 2514 2085 2569 tradi-

496 2607 804 2676 deruntque
836 2608 1028 2663 Pilato.
1070 2628 1088 2661 ›
1127 2609 1334 2664 Deinde
1356 2618 1478 2679 post
1508 2622 1681 2677 pauca
1711 2607 1794 2662 '3:
1841 2625 1860 2660 σ
1897 2608 2078 2662 Accu-

493 2697 688 2750 sabant
713 2712 837 2751 eum
863 2699 1061 2754 summi
1103 2698 1418 2753 sacerdotes
1447 2698 1513 2753 de
1543 2697 1756 2763 multis,
1808 2697 1929 2767 ipse
1948 2709 2077 2750 vero

491 2786 630 2842 nihil
659 2788 960 2856 I‘CSPOndit.
997 2808 1014 2839 ι
1047 2789 1288 2846 Joannes
1322 2806 1452 2846 vero
1497 2789 1676 2860 inquit
1698 2790 1742 2822 '9
1774 2805 1786 2842 :
1829 2806 1847 2839 ‹
1889 2787 2078 2842 Addu-

491 2888 623 2933 cunt
649 2877 838 2935 Jesum
868 2898 897 2936 a
924 2883 1164 2952 Caiapha
1202 2885 1255 2938 in
1291 2884 1633 2952 praetorium.
1666 2901 1684 2934 ι
1717 2881 1842 2936 Ηαεο
1888 2891 2070 2935 autem

490 2971 696 3027 diutius
723 2974 1100 3043 exposuimus,
1130 2985 1190 3030 ut
1217 2977 1406 3032 multis
1437 2977 1679 3030 omnium
1713 2972 2065 3043 evangelista-

490 3078 612 3117 rum
646 3066 974 3121 testimoniis
995 3068 1416 3123 ostenderemus
1450 3065 1771 3121 etlusionem
1802 3063 2076 3118 vitiosita-

2185 2422 2276 2487 τὸς
2328 2424 2386 2478 δὲ
2439 2424 2591 2480 οὐδὲν
2632 2426 2988 2498 ἀπεκρίνατο.
3028 2446 3046 2478 ι
3095 2429 3152 2481 Ὁ
3187 2427 3244 2480 δὲ
3287 2425 3532 2497 Ἰωάννης
3574 2426 3707 2493 φησὶν,

2191 2518 2274 2572 ὅτι
2314 2537 2334 2571 ί
2362 2520 2589 2589 Ἀγουσι
2635 2519 2730 2573 τὸν
2785 2521 2994 2592 Ἰησοῦν
3038 2522 3148 2576 ἀπὸ
3197 2520 3294 2574 τοῦ
3344 2519 3557 2587 Καῖάφα
3585 2519 3645 2581 εἰς
3671 2515 3711 2568 τὸ

2184 2611 2538 2685 πραιτώριον.
2579 2631 2599 2664 ι
2639 2613 2827 2667 Ταῦτα
2876 2614 2934 2668 δὲ
2975 2616 3066 2669 ἐπὶ
3112 2615 3296 2668 πλεῖον
3345 2614 3451 2684 (14)
3480 2608 3711 2680 ὲξεθέμεθι

2182 2703 2325 2775 ὑπὲρ
2372 2705 2466 2758 τοῦ
2519 2705 2609 2759 διὰ
2658 2705 2869 2758 πολλῶν
2921 2705 3178 2760 ἁπάντων
3212 2706 3324 2759 τῶν
3373 2698 3710 2774 εὑαγγελιστῶν

2182 2797 2526 2869 παραστῆναι
2549 2797 2650 2870 τὴν
2695 2797 2851 2870 χύσιν
2883 2797 2994 2871 (15)
3018 2799 3118 2870 τῆς
3147 2799 3242 2854 τοῦ
3290 2799 3513 2868 Καῖάφα
3544 2795 3708 2854 κακίας,

2181 2891 2278 2944 καὶ
2309 2891 2393 2945 ὅτι
2449 2891 2596 2946 κατά
2637 2892 2734 2946 τοῦ
2776 2891 2956 2963 Ἰησοῦ
3005 2893 3410 2962 ἀγωνιζόμενος
3435 2890 3572 2944 οὐδὲν
3594 2880 3710 2957 ἦττον

2182 2983 2619 3052 προεφήτευσεν·
2665 2983 2748 3036 ὅτι
2803 2983 2903 3054 μὲν
2947 2979 3040 3038 οὖν
3103 2986 3503 3056 προεφήτευσε,
3573 2972 3711 3045 σαφῶς

2183 3069 2418 3136 ἐδίδαξεν
2452 3075 2600 3145 ἡμᾶς
2625 3075 2655 3126 6
2687 3075 2964 3146 Ἰωάννης.

489 3156 562 3211 tis
581 3157 834 3226 Caiapba:
862 3177 877 3226 ;
908 3167 964 3213 et
1007 3162 1149 3229 quod
1181 3159 1471 3214 adversum
1499 3155 1683 3213 Jesum
1725 3160 2058 3214 contendens
2088 3159 2442 3220 nihilominus
2465 3167 2825 3236 prophetarit.
2855 3169 3032 3238 Atque
3068 3170 3214 3239 quod
3261 3168 3603 3239 prophetarit,
3624 3180 3709 3220 ma-

487 3249 685 3304 nifeste
718 3249 900 3304 docuit
924 3264 1022 3304 nos
1057 3248 1300 3304 Joannes
1326 3248 1395 3303 ³⁰.

556 3343 726 3414 388
751 3344 837 3398 15.
865 3341 970 3397 Sed
999 3358 1211 3412 quaeres
1232 3360 1300 3398 an
1324 3343 1417 3415 qui
1439 3343 1756 3415 prophetat,
1773 3344 1820 3399 is
1848 3344 2038 3399 omnin

2253 3351 2342 3406 15.
2378 3349 2646 3420 Ζητήσεις
2679 3349 2736 3402 δὲ
2765 3350 2814 3402 εί
2848 3350 3088 3414 πάντως,
3121 3349 3284 3412 εἴτις
3321 3345 3642 3420 προφητεύει,
3668 3344 3713 3394 ἐκ

486 3445 518 3487 e
547 3433 754 3502 Spiritu
794 3441 984 3488 sancto
1030 3433 1358 3503 prophetet,
1393 3433 1610 3489 etiamsi
1665 3433 1935 3503 aliquibus
1963 3448 2070 3488 non

483 3523 734 3578 videatur
760 3524 867 3581 hoc
909 3525 1115 3580 dictum
1145 3527 1503 3596 quaestionem
1533 3527 1834 3598 postulare.
1870 3527 2070 3583 Verum

484 3618 762 3684 quomodo
796 3634 905 3674 non
950 3627 1035 3674 est
1079 3619 1184 3677 hoc
1233 3620 1462 3691 quaesitu
1502 3619 1724 3691 dignum
1754 3662 1770 3688 ,
1822 3619 1868 3676 si
1902 3620 2072 3678 David

483 3721 607 3782 post
646 3725 928 3782 peccatum
961 3715 1015 3768 in
1045 3713 1233 3769 Uriam
1266 3714 1650 3778 commissum,
1688 3713 1885 3769 timens
1915 3727 1982 3769 ne
2004 3712 2072 3768 ab

483 3819 545 3859 se
577 3803 887 3859 auferretur
931 3805 1171 3875 Spiritus
1204 3815 1452 3870 sanctus,
1487 3803 1707 3875 inquit:
1745 3821 1765 3856 ‹
1803 3801 2068 3872 Spiritum

481 3909 733 3952 sanctum
776 3906 929 3952 tuum
970 3913 1039 3952 ne
1067 3897 1290 3953 auferas
1341 3912 1370 3952 a
1401 3911 1488 3952 me
1513 3897 1599 3952 ³¹ἳ
1636 3916 1656 3950 ι
1686 3896 1842 3965 Quod
1865 3896 1912 3953 si
1946 3898 2071 3966 quis

479 3988 646 4042 etiam
673 3989 927 4043 admittat
951 3988 1080 4044 illud
1113 4007 1127 4043 :
1177 4007 1197 4040 ι
1229 3989 1472 4059 Spiritus
1502 3998 1726 4043 sanctus
1763 3987 2070 4058 disciplina

482 4078 708 4147 ell‘ugiet
742 4080 1014 4147 dolosum,
1044 4090 1099 4136 et
1127 4082 1348 4136 recedet
1371 4096 1400 4134 a
1426 4080 1612 4150 pravis
1637 4080 1882 4135 consiliis
1909 4079 1956 4112 "
1986 4120 2004 4145 ,
2041 4098 2062 4134 ι

479 4180 668 4240 aperte
700 4172 976 4226 videbitur
997 4175 1286 4226 ostendere
1328 4168 1595 4238 Spiritum
1643 4179 1898 4224 sanctqu
1943 4171 2066 4225 ani~

476 4279 622 4318 mam
645 4265 890 4320 dolosam
922 4249 1146 4335 fugere,
1174 4266 1390 4319 etiamsi
1419 4267 1472 4318 in
1506 4280 1569 4319 ea
1603 4274 1730 4318 aute
1771 4265 1958 4320 dolum
2013 4273 2069 4320 et

476 4368 760 4426 peccatum
790 4356 1146 4413 habitaverit.
1204 4356 1295 4411 Sic
1351 4367 1533 4411 autem
1565 4357 1798 4426 quzesitu
1847 4357 2064 4425 dignum

476 4455 562 4501 est
593 4445 723 4500 illud
753 4448 819 4502 de
847 4445 1054 4515 Spiritu
1080 4457 1291 4512 sancto,
1329 4463 1396 4502 an
1433 4448 1487 4500 in
1511 4449 1820 4517 peccatrice
1845 4462 2068 4518 quoque

475 4537 657 4592 anima
683 4552 808 4592 esse
840 4538 1029 4608 possit,
1077 4548 1139 4593 ut
1172 4539 1369 4608 aliquis
1423 4539 1672 4596 dicturus
1723 4541 1796 4596 sit
1844 4543 1898 4596 iu
1934 4543 2067 4612 ipsis

473 4643 690 4699 quoque
715 4630 1096 4698 peccatoribus
1123 4644 1245 4686 esse
1275 4629 1542 4700 Spiritum
1586 4641 1861 4697 sanctum,
1893 4650 2063 4703 quan-

2176 3443 2494 3513 Πνεύματος
2519 3441 2675 3510 ἁγίου
2713 3441 3070 3514 προφητεύει,
3101 3442 3203 3495 κάν
3233 3459 3347 3494 τισι
3377 3441 3612 3510 φαίνηται
3631 3433 3711 3504 (lli)

2176 3533 2449 3606 μηδεμιᾶς
2485 3533 2770 3606 ζητήσεως
2812 3532 3033 3602 ἔχεσθαι
3079 3531 3144 3585 τὸ
3193 3531 3507 3603 λεγόμενον.
3548 3525 3711 3589 [litigii

2171 3625 2234 3679 οὐ
2285 3624 2568 3696 ζητήσεως
2599 3624 2748 3689 ἄξιόν
2790 3624 2901 3695 (17)
2930 3625 3100 3689 ἐστιν,
3132 3623 3187 3676 εἴ
3208 3640 3272 3692 γε
3311 3622 3476 3677 Δαυῖδ
3505 3621 3622 3693 μετὰ
3644 3617 3711 3684 τὴν

2173 3718 2268 3770 ἐπὶ
2294 3717 2387 3771 τοῦ
2419 3717 2616 3788 Οὐρίου
2641 3715 2937 3788 ἁμαρτίαν,
2971 3714 3375 3787 εὐλαόούμενος
3407 3711 3710 3785 ἀφαιρεθῆναι

2171 3809 2268 3862 ἀπ’
2301 3808 2468 3862 αὑτοῦ
2519 3809 2580 3862 τὸ
2609 3808 2764 3878 ἆγιον
2790 3807 3042 3879 Πνεῦμα,
3081 3807 3215 3877 φησί
3236 3823 3249 3836 ·
3291 3826 3309 3858 ι
3339 3808 3413 3860 Τὸ
3441 3803 3638 3873 Πνεῦμα
3669 3799 3710 3849 τὸ

2173 3900 2329 3969 ἅγιόν
2361 3918 2454 3954 σου
2489 3901 2564 3972 μὴ
2595 3900 2889 3973 ἀντανέλῃς
2913 3901 3007 3953 ἀπ’
3040 3897 3212 3970 ὲμοῦ;
3250 3918 3268 3949 ι
3302 3899 3368 3952 Εἰ
3398 3898 3456 3951 δέ
3478 3914 3554 3960 τις
3578 3908 3709 3964 προσ

2173 3993 2309 4046 ίεται
2365 3992 2460 4046 καὶ
2508 3992 2600 4045 τό·
2654 4010 2673 4043 ι
2711 3993 2901 4061 Ἀγιον
2936 3992 3163 4062 Πνεῦμα
3225 3991 3477 4054 παιδείας
3508 3986 3710 4057 φεύξεται

2170 4087 2263 4139 καὶ
2291 4085 2463 4149 δόλον,
2497 4086 2592 4139 καὶ
2622 4086 3071 4156 ἀπαναστήσεται
3113 4084 3222 4139 ἀπὸ
3267 4084 3538 4156 λογισμῶν
3563 4077 3710 4134 ἀσυνέ-

2169 4194 2332 4241 των,ι
2363 4177 2551 4246 σαφῶς
2577 4176 2719 4242 δόξει
2747 4177 3139 4250 παρίστασθαι,
3175 4179 3258 4232 ὅτι
3291 4176 3482 4247 φεύγει
3521 4172 3614 4228 ἀπὸ
3639 4169 3710 4237 τῆς

2167 4269 2577 4342 δεδολιευμένης
2629 4271 2742 4343 (18)
2771 4270 2975 4342 ψυχῆς,
3016 4269 3119 4324 κᾶν
3164 4270 3432 4341 πρότερον
3468 4267 3595 4340 τύχῃ
3631 4261 3712 4332 πρὸ

2167 4361 2318 4416 δόλου
2350 4363 2444 4416 καὶ
2475 4363 2755 4434 ἁμαρτίας
2794 4363 3086 4433 γενόμενον
3119 4365 3236 4415 ἐκεῖ
3255 4363 3317 4416 τὸ
3342 4363 3494 4431 ἅγιον
3511 4357 3708 4426 Πνεῦμα.

2169 4453 2327 4507 υῦτω
2374 4454 2432 4508 δὲ
2477 4452 2762 4526 ζητήσεως
2813 4453 2962 4520 ἄξιόν
3016 4457 3136 4509 ἐστι
3197 4456 3260 4510 τὸ
3302 4458 3431 4528 περὶ
3473 4454 3558 4509 τοῦ
3589 4450 3709 4519 ἁγίου

2168 4547 2486 4617 Πνεύματος
2508 4586 2522 4609 ,
2551 4549 2599 4599 εί
2629 4546 2848 4600 δύναται
2873 4542 3014 4601 εἶναι
3040 4549 3135 4601 καὶ
3161 4549 3218 4600 ὲν
3241 4546 3549 4620 ἁμαρτωλῷ
3576 4543 3707 4613 ψυχῇ.

2166 4637 2296 4692 ὥστ’
2321 4639 2388 4693 ἀν
2419 4655 2542 4691 τινα
2571 4639 2746 4692 εἰπεῖν
2788 4640 2905 4702 ὅτι,
2938 4639 3098 4711 εἴπερ
3147 4657 3165 4691 ι
3198 4639 3378 4704 οὐδεὶς
3424 4638 3626 4692 δύναται
3654 4634 3709 4684 εἰ·

472 4719 763 4789 doquidem
793 4738 812 4771 ι
842 4721 1061 4776 nemine
1088 4721 1304 4777 valente
1327 4723 1516 4777 dicere
1538 4722 1824 4778 Dominum
1847 4723 2039 4782 Iesum.

2182 4733 2284 4784 τεῖν
2310 4771 2324 4796 ,
2359 4730 2564 4802 Κύριος
2589 4730 2836 4802 Ἰησοῦς,
2885 4733 2935 4786 εἰ
2992 4733 3065 4803 μὴ
3100 4733 3158 4786 ὲν
3208 4732 3488 4804 Πνεῦματι
3515 4728 3703 4798 ἁγίῳ.»

473 4813 576 4866 nisi
616 4812 668 4867 in
705 4811 912 4882 Spiritu
959 4823 1153 4868 sancto
1177 4815 1247 4880 ³³,
1283 4833 1304 4867 ι
1338 4814 1498 4870 multi
1531 4825 1708 4870 tamen
1742 4827 2062 4887 peccatores

473 4901 648 4956 aﬂ‘ecti
680 4903 1026 4958 inveniantur
1061 4919 1191 4974 erga
1228 4903 1439 4969 .lesum,
1497 4914 1758 4976 tanquam
1791 4924 1920 4986 erga
1955 4908 2062 4964 Do-

472 4996 697 5050 minum.
724 4997 803 5050 Ac
834 4994 1003 5062 forte,
1031 4997 1293 5066 quoniam
1326 4999 1420 5067 qui
1460 5008 1693 5068 peccant
1713 5039 1729 5065 ,
1765 5009 2058 5070 postquam

542 5133 589 5205 ’f
619 5134 787 5189 Marc.
841 5152 958 5202 xw,
990 5135 1084 5190 45.
1196 5137 1241 5170 ³³
1266 5136 1400 5191 ibid.
1441 5138 1530 5192 53.
1629 5139 1674 5170 "
1703 5138 1836 5192 ibid.
1860 5138 1929 5192 60
1961 5154 2076 5205 seq.

2169 4823 2354 4877 πολλοὶ
2384 4823 2442 4878 δὲ
2489 4824 2582 4879 καὶ
2628 4823 2738 4878 τῶν
2769 4824 3106 4896 ἁμαρτωλῶν
3138 4824 3438 4880 διάκεινται
3480 4823 3603 4896 πρὸς
3638 4817 3707 4870 τὺν

2169 4915 2399 4986 Ἰησοῦν,
2431 4916 2509 4979 ὡς
2539 4916 2678 4988 πρὸς
2705 4915 2910 4988 Κύριον
2939 4957 2954 4980 ,
2994 4918 3088 4969 καὶ
3124 4919 3182 4970 ὲν
3213 4918 3402 4981 αὐτοῖς
3448 4916 3512 4971 ἂν
3551 4913 3626 4982 εἴη
3663 4908 3708 4960 τὺ

2169 5007 2326 5079 ἆγιον
2364 5006 2612 5079 Πνεῦμα.
2644 5008 2755 5062 Καὶ
2778 5009 2921 5080 τάχα
2960 5010 3084 5063 ἐπεὶ
3117 5011 3166 5062 οἱ
3205 5009 3343 5080 μετὰ
3369 5009 3431 5062 τὸ
3454 5009 3618 5077 τυχεῖν
3635 5001 3708 5055 αὺ-

2174 5139 2216 5170 "
2243 5137 2410 5193 Marc.
2461 5155 2552 5206 xv,
2583 5140 2635 5194 1.
2741 5139 2787 5173 ³⁸
2814 5141 2944 5195 ibid.
2980 5142 3033 5206 5,
3060 5140 3114 5197 5.
3222 5142 3267 5172 ”
3288 5139 3448 5196 Joan.
3470 5153 3612 5197 xvm.
3635 5133 3705 5189 28.

471 5202 518 5236 ³⁸
549 5203 705 5258 Joan.
736 5221 814 5272 xl,
839 5207 928 5261 51.
1001 5207 1049 5238 ⁸³
1072 5207 1218 5263 Psal.
1250 5209 1411 5272 L,15.
1489 5209 1534 5240 ³³
1564 5209 1694 5278 Sap.
1739 5225 1779 5273 I.
1810 5209 1866 5263 5.
1945 5210 1993 5242 ³³
2032 5210 2039 5262 l

2186 5248 2200 5262 .
2229 5224 2330 5272 xtl,
2358 5210 2412 5263 5.

537 5318 948 5391 (12)(Χιτῶνας
971 5324 1180 5378 αὐτοῦ.
1226 5324 1358 5378 Post
1386 5325 1500 5379 lucc
1527 5328 1692 5380 verba
1722 5327 1939 5381 videtur
1976 5327 2054 5380 lc-

468 5389 614 5458 gisse
634 5389 953 5470 'lt‘erlrarius,
980 5393 1162 5470 λέγει]
1193 5395 1258 5470 Τί
1281 5394 1361 5449 ἔτι
1388 5397 1808 5470 χρείαν-ἔχομεν
1826 5397 2056 5470 μαρτύ-

473 5478 586 5538 ρων
604 5473 725 5538 Lai
741 5461 1520 5538 Ρετίορίιιε,λἪκούσατεξτῆς
1554 5461 1928 5538 βλασφημίας.

545 5530 660 5600 (15)
686 5531 878 5609 Codex
902 5529 1248 5609 Bodleiauus,
1294 5529 1798 5609 ῐθοιθ,’δῆσαντὲς”·
1853 5529 2056 5609 liegius

470 5617 757 5675 perperam
779 5600 958 5675 Ahabet
985 5602 1340 5675 λαλήσαντες.

543 5671 655 5744 (14)
679 5670 861 5744 (index
897 5670 1246 5744 ﬁtitlleiaiius,
1275 5675 1546 5730 πλεῖστον.

542 5740 866 5816 (1‘5)C_odex
898 5741 1246 5816 Bodleiauus,
1291 5745 1472 5814 χύσιν,
1513 5756 1568 5801 et
1613 5749 1682 5800 ita
1733 5744 2048 5816 legendum,

475 5830 580 5873 nou
616 5825 672 5868 ut
696 5812 986 5868 Ferrarius
1007 5814 1112 5867 nui.
1135 5812 1340 5872 codicis
1377 5818 1531 5889 licgii
1576 5812 1865 5874 lectionem
1894 5815 2050 5870 λύσιν

2163 5339 2387 5383 secutus
2416 5336 2518 5390 est,
2547 5343 2710 5397 quam
2746 5329 2924 5383 reddit
2971 5345 3070 5398 per
3101 5329 3519 5383 dissolutionem.
3568 5323 3707 5398 X632;

2162 5408 2247 5453 est
2274 5400 2539 5460 cumulus,
2568 5395 2657 5451 vel
2683 5402 2846 5453 etiam
2880 5395 3074 5466 exponi
3106 5411 3286 5469 potest
3308 5401 3410 5453 hoc
3444 5400 3576 5469 loco.
3597 5395 3704 5461 εἸῙει·

2162 5470 2268 5529 sio.
2301 5483 2370 5522 ex
2405 5484 2566 5523 sensu
2598 5484 2707 5537 quo
2731 5470 2967 5537 aliquem
2997 5470 3048 5522 in
3079 5468 3240 5523 omne
3267 5472 3456 5522 vitium
3513 5468 3701 5537 allusit"!

2162 5538 2417 5660 dieIimns.
2456 5538 2569 5593 Vox
2601 5533 3084 5609 Origeni'aliisque
3121 5537 3330 5596 Graecis
3381 5533 3615 5593 Patribus
3639 5533 3705 5586 la-

2163 5624 2233 5660 Πὶι
2265 5624 2421 5660 IiITIS.

2163 5624 2421 5662 Dlllliil‘IS.

2233 5678 2345 5748 (16)
2380 5678 2562 5733 Codex
2592 5677 2817 5749 Regius.
2848 5679 3119 5748 φαίνεται.

2231 5749 2342 5816 (l7)
2379 5749 2524 5818 idem
2551 5753 2724 5804 codex
2766 5750 2988 5818 Regius,
3019 5749 3180 5808 male.
3215 5749 3384 5814 ἄξιος.

2228 5820 2340 5890 (18)
2377 5817 2523 5874 Idem
2555 5821 2726 5876 codex
2753 5817 2976 5890 Regius,
3001 5818 3406 5891 δεδολισμένης.

3522 6475 3762 6517 Had-1

3017 6516 3032 6518 —
3041 6517 3088 6524 —-.
3103 6517 3168 6524 -——.
3177 6515 3292 6528 τμη...-
3315 6515 3513 6528 ——-—
