3804 6532
89 392 188 447 713

1073 399 1428 460 COMMENT.
1464 404 1533 460 IN
1567 403 1763 463 JOAN.
1805 408 2042 464 TOMUS
2080 408 2319 466 XXVIII.

3226 420 3336 477 714

82 510 172 565 τοῦ
215 512 649 603 ἁμαρτάνοντες,
684 517 785 571 οὐκ
829 516 895 572 ἂν
926 518 1242 590 τυγχάνοιεν
1274 521 1540 590 ἀφέσεως,
1572 522 1647 577 διε

1769 532 1944 600 ipsum
1975 527 2308 597 acceperint,
2332 544 2436 582 non
2459 530 2763 585 assecuturi
2786 540 2915 586 sunt
2939 532 3337 603 remissionem,

82 604 233 660 τοῦτο
269 598 496 677 λέγεται
534 611 665 682 περὶ
701 609 810 664 τῶν
857 611 964 683 πρὸ
1004 612 1099 666 τοῦ
1150 614 1304 682 ἁγίου
1350 615 1661 686 Πνεύματός

81 715 179 753 τινι
216 700 635 773 ἡμαρτημένων
670 702 759 756 τό·
791 722 811 754 ι
842 704 999 758 Πᾶσα
1023 705 1265 777 ἁμαρτία
1293 707 1387 761 καὶ
1418 706 1663 779 βλασφη-

86 790 177 861 μία
220 792 569 865 ἀφεθήσεται
609 798 723 859 τοῖς
768 798 908 861 υἱοῖς
955 797 1064 851 τῶν
1099 799 1423 872 ἀνθρώπων·
1458 821 1479 855 ι
1534 806 1664 877 περὶ

81 884 132 937 δὲ
158 883 271 937 τῶν
301 886 449 956 μετά
476 887 537 941 τὸ
563 891 748 959 τυχεῖν
781 890 944 959 ἁγίου
980 892 1295 963 Πνεύματος
1324 895 1661 953 ἐπταικότων

80 978 165 1031 τό·
206 997 224 1029 ι
265 979 332 1032 '0
360 979 418 1034 δὲ
453 982 533 1045 ei;
562 982 623 1035 τὸ
649 982 759 1053 (19)
789 982 944 1054 ἅγιον
979 985 1206 1057 Πνεῦμα
1240 987 1658 1061 βλασφημήσας,

79 1071 170 1124 οὐκ
199 1071 318 1143 ἔχει
357 1074 571 1144 ἄφεσιν,
612 1074 737 1130 οὔτε
775 1078 834 1131 ὲν
865 1076 1040 1152 τούτῳ
1089 1080 1168 1152 τῷ
1214 1072 1391 1147 αἰῶνι,
1427 1083 1551 1138 οὔτε
1603 1087 1662 1139 ὲν

79 1163 152 1235 τῷ
208 1166 490 1237 μέλλοντι·
520 1189 539 1221 ι
599 1169 912 1243 βλασφημεῖ
960 1174 1068 1246 γάρ
1121 1174 1306 1247 ἔργοις
1348 1178 1444 1231 καὶ⁹
1475 1178 1659 1249 λόγοις

81 1258 357 1329 ἁμαρτίας
391 1263 473 1324 εἰς
493 1261 553 1315 τὸ
576 1262 752 1335 παρὸν
779 1262 1002 1336 Πνεῦμα
1035 1266 1099 1319 τὸ
1134 1267 1288 1336 ἆγιον
1326 1268 1437 1341 (ειν)
1460 1309 1474 1334 ,
1504 1270 1534 1324 6
1567 1271 1662 1324 καὶ

82 1351 345 1422 παρόντος
380 1353 544 1407 αὐτοῦ
572 1357 629 1408 ἐν
653 1358 718 1428 τῇ
748 1356 892 1429 ψυχῇ
923 1358 1272 1429 ἁμαρτάνων.
1315 1360 1471 1415 Οὕτω
1495 1362 1553 1416 δέ
1576 1381 1660 1427 τις

81 1443 231 1512 φήσει
264 1444 531 1516 εξρῆσθαι
564 1446 659 1499 καὶ
690 1448 752 1501 τὸ
779 1448 837 1501 ὲν
867 1451 934 1520 τῇ
967 1450 1102 1519 πρὸς
1144 1450 1428 1522 Ἑϐραίους
1470 1451 1660 1506 τοῦτον

79 1535 574 1610 ἀναγεγραμμένον
605 1540 698 1594 τὸν
737 1540 957 1613 τρόπον·
998 1561 1018 1594 ι
1048 1540 1335 1597 ’Δδύνατον
1389 1544 1498 1615 γὰρ
1533 1546 1660 1609 τοὺς

81 1629 214 1697 ἅπαξ
254 1631 640 1699 φωτισθέντας
658 1674 672 1697 ,
706 1634 1076 1706 γευσαμένους
1105 1652 1163 1689 τε
1189 1636 1291 1707 τῆς
1320 1637 1524 1706 δωρεᾶς
1556 1637 1658 1708 τῆς

79 1724 407 1797 ἐπουρανίου
435 1768 451 1792 ,
503 1728 597 1782 καὶ
650 1728 910 1800 μετόχους
965 1728 1291 1801 γενηθέντας
1340 1730 1656 1802 Πνεύματος

1769 619 1910 673 hanc
1940 616 2010 670 ob
2034 631 2257 669 causam
2307 616 2510 672 dicitur
2533 618 2750 674 cuidam
2783 621 2852 677 de
2889 621 2977 678 his
3010 625 3102 693 qui
3137 640 3338 696 pecca-

1767 716 1963 763 verunt
1992 717 2121 763 ante
2156 715 2440 777 acceptum
2478 708 2741 780 Spiritum
2768 722 3015 770 sanctum
3046 733 3062 771 :
3102 734 3123 770 ι
3164 715 3341 774 Omne

1766 810 2049 872 peccatum
2103 809 2157 857 et
2199 800 2537 869 blasphemia
2611 804 2920 860 remittetur
2978 805 3104 864 ﬁliis
3160 809 3343 865 homi-

1766 908 1892 948 num
1920 892 1998 960 “;
2038 910 2059 945 ι
2092 901 2149 948 at
2174 907 2306 949 vero
2335 892 2402 947 de
2426 893 2531 960 his,
2563 895 2654 964 qui
2689 906 2813 965 post
2855 908 3141 970 acceptum
3169 899 3341 972 Spiri-

1766 995 1879 1041 tum
1903 995 2155 1042 sanctum
2182 989 2549 1057 peccaverint,
2579 989 2740 1045 illud:
2777 1008 2796 1042 ι
2835 989 2938 1060 Qui
2978 1008 3106 1049 vero
3133 994 3187 1050 in
3214 993 3341 1067 Spi-

1765 1079 1928 1133 ritum
1958 1089 2204 1136 sauctum
2239 1080 2630 1151 blasphemiam
2660 1085 2859 1141 dixerit
2880 1126 2896 1149 ,
2926 1101 3029 1142 non
3055 1087 3218 1144 habet
3246 1105 3337 1146 re-

1764 1170 2077 1227 missionem
2102 1187 2278 1242 neque
2295 1173 2350 1227 in
2374 1172 2478 1229 huc
2498 1175 2717 1237 saeculo.
2732 1192 2907 1247 neque
2932 1178 2985 1231 in
3011 1177 3193 1236 futuro
3215 1179 3282 1235 ³⁸.
3309 1200 3330 1235 ι

1762 1262 2282 1332 BlaSphematenim
2316 1267 2572 1337 operibus
2624 1278 2677 1323 et
2728 1271 3076 1326 sermonibus
3122 1274 3334 1342 peccati

1763 1356 1816 1409 in
1850 1369 2090 1425 praesens
2145 1357 2202 1411 in
2232 1356 2493 1427 Spiritum
2515 1368 2794 1425 sanctum,
2852 1361 2945 1431 qui
2993 1373 3183 1431 peccat
3217 1361 3338 1433 Spi-

1768 1448 1875 1503 ritu
1907 1460 2096 1505 sancto
2124 1461 2390 1517 praesente
2424 1452 2475 1506 in
2502 1450 2620 1520 ejus
2648 1452 2851 1507 anima.
2885 1451 2979 1509 Sic
3027 1462 3206 1509 autem
3252 1455 3335 1511 dl-

1765 1550 1852 1595 cet
1882 1540 2078 1611 aliquis
2101 1542 2299 1598 dictum
2333 1543 2497 1599 etiam
2532 1543 2665 1598 illud
2717 1542 2909 1610 fuisse,
2935 1548 3079 1615 quod
3122 1547 3177 1601 in
3213 1544 3335 1615 Epi-

1763 1631 1899 1686 stola
1928 1633 1995 1686 ad
2024 1632 2281 1688 Ilehra-os
2307 1633 2452 1689 hunc
2484 1634 2539 1689 in
2575 1636 2792 1689 modum
2844 1636 3105 1706 scriptum
3134 1645 3218 1694 est
3242 1637 3330 1695 “3

1766 1742 1785 1773 ι
1825 1724 2160 1793 lrnpossibile
2187 1725 2331 1780 enim
2360 1735 2490 1793 est,
2547 1741 2642 1783 eos
2690 1728 2783 1798 qui
2839 1728 3009 1782 semel
3039 1727 3306 1784 illuminas

77 1817 243 1885 ἀγίου,
278 1819 460 1873 καλὸν
500 1821 869 1893 γευσαμένους
901 1820 1036 1875 Θεοῦ
1083 1822 1255 1893 ῥῆμα,
1290 1822 1549 1893 δυνάμεις
1596 1843 1647 1880 τε

1759 1812 1982 1877 fuerint,
2012 1815 2455 1885 gustaverintque
2477 1814 2681 1870 donum
2712 1817 3118 1885 supercmleste,
3160 1818 3311 1889 parti-

81 1909 371 1978 μέλλοντος
399 1913 611 1978 αἰῶνος,
645 1915 740 1970 καλ⁸
760 1917 1199 1989 παραπεσόντας,
1226 1921 1388 1975 πάλιν
1420 1924 1652 1977 ἀνακαι-

75 1999 227 2062 νίζειν
276 2003 375 2067 εἰς
423 2004 708 2074 μετάνοιαν
737 2046 751 2069 ,
792 2007 1264 2081 ἀνασταυροῦντας
1315 2012 1525 2077 ἑαυτοῖς
1560 2011 1652 2066 τὸν

76 2089 191 2142 Υἰδν
218 2090 319 2145 τοῦ
359 2092 517 2157 Θεοῦ,
560 2095 653 2148 xci.
704 2096 1316 2169 παραδειγματίζοντας.
1353 2120 1372 2153 ι
1409 2102 1653 2173 Πρόσχες

75 2185 170 2255 γὰρ
234 2186 296 2237 ὲν
363 2184 575 2251 τούτοις
629 2188 719 2241 τό·
759 2207 777 2239 ι
808 2188 1087 2259 Μετόχους
1120 2192 1442 2263 γενομένους
1482 2194 1651 2249 Πνεῦ-

79 2294 229 2345 ματος
261 2277 454 2347 ἁγίου.
489 2299 506 2331 ι
538 2280 632 2344 El;
675 2280 731 2335 δὲ
760 2281 821 2334 τὸ
848 2282 1107 2349 ἐναντίον,
1136 2283 1240 2349 ὡς,
1277 2287 1325 2339 si
1375 2286 1471 2339 καὶ
1515 2304 1650 2359 προ-

76 2375 378 2443 εφήτευσεν
402 2375 431 2426 6
456 2375 730 2444 Καϊάφας,
774 2376 925 2430 οὐδὲν
965 2372 1127 2449 ἦττον
1165 2377 1265 2431 οὒκ
1315 2374 1385 2450 ἦν
1426 2380 1649 2451 Πνεῦμα

76 2464 215 2531 ἆγιον
249 2466 314 2518 ὲν
349 2464 533 2535 αύτῷ,
564 2465 779 2538 λεχθείη
808 2465 875 2521 ἂν
911 2468 971 2521 τό
1017 2467 1151 2539 (21)°
1188 2486 1207 2520 t
1234 2467 1400 2523 Οῦπω
1431 2469 1539 2542 γὰρ
1582 2467 1650 2541 ἦν

74 2555 311 2625 Πνεῦμα,
342 2558 428 2610 ὅτι
449 2556 659 2628 Ἰησοῦς
680 2556 831 2613 οῦπω
864 2558 1141 2630 ἐδοξάσθη·
1179 2578 1198 2611 ι
1237 2560 1330 2613 καὶ
1360 2559 1647 2632 εῖπερβὲ)

73 2647 161 2699 οὐκ
181 2643 250 2719 ἦν
270 2648 509 2718 Πνεῦμα
531 2648 680 2701 οῦδὲν
709 2651 765 2702 ἐν
796 2652 910 2713 τοῖς
935 2649 1251 2713 ἀποστόλοις
1275 2651 1380 2723 πρὸ
1405 2650 1501 2705 τοῦ
1545 2652 1650 2723 Ἰη-

76 2737 157 2791 σοῦ
193 2738 552 2809 ὼξασθῆναι.
587 2740 738 2811 πόσῳ
765 2740 926 2794 πλέον
956 2741 1055 2795 οὐκ
1078 2737 1148 2814 ἦν
1180 2743 1238 2795 ἐν
1278 2742 1357 2814 τῷ
1386 2743 1644 2815 Καϊάφας

74 2830 335 2895 Ἀναστάς
384 2831 442 2884 δὲ
492 2832 521 2884 6
570 2833 761 2905 Σωτὴρ
811 2832 1111 2905 ἐνεφύσησε
1168 2836 1280 2898 τοῖς
1332 2833 1600 2907 μαθηταῖς
1628 2875 1645 2902 ,

80 2936 94 2967 ι
126 2920 212 2971 καὶ
240 2918 398 2987 λέγει
431 2920 610 2982 αὐτοῖς
636 2936 650 2952 ·
718 2924 927 2979 Λάϐετε
968 2924 1193 2995 Πνεῦμα
1242 2925 1396 2993 ἅγιον
1424 2967 1438 2992 ,
1482 2946 1501 2979 ι
1553 2926 1647 2980 καὶ

72 3013 132 3064 τά
158 3014 309 3084 ἑξῆς.
341 3012 647 3085 Τολμηρῶς
676 3016 772 3086 μὲν
806 3011 900 3069 οῦν
924 3032 1009 3080 τις
1042 3015 1415 3088 παραϐήσεται
1450 3016 1520 3071 τά
1557 3017 1647 3071 λε-

73 3106 383 3177 χθησόμενα
413 3106 547 3180 πρὸς
576 3106 636 3160 τὸ
659 3107 731 3177 μὴ
768 3105 876 3161 ἀπὸ
903 3106 1059 3175 ἁγίου
1091 3107 1409 3178 Πνεύματος
1438 3124 1647 3180 προπε-

74 3199 401 3269 φητευκέναι
440 3199 531 3252 τὸν
576 3199 829 3269 Καϊάφαν
853 3239 867 3263 ,
929 3200 1078 3270 ὅμως
1122 3199 1168 3253 6'
1208 3194 1302 3254 οῦν
1340 3200 1454 3271 (25)
1510 3202 1644 3272 ἐρεῖ,

75 3291 143 3344 ὅτι
168 3293 399 3347 δύναται
434 3292 527 3346 καὶ
561 3291 771 3364 πονηρὰ
806 3291 1093 3364 πνεύματα
1122 3296 1420 3365 μαρτυρεῖν
1447 3292 1524 3364 τῷ
1545 3294 1645 3364 Ἰη-

78 3381 181 3445 σοῦ,
208 3382 309 3435 καὶ
359 3381 720 3459 προφητεύειν
753 3380 881 3453 περὶ
911 3380 1095 3448 αύτοῦ,
1151 3381 1183 3453 ἢ
1224 3385 1521 3454 μαρτυρεῖν
1545 3384 1648 3436 αύ-

75 3476 141 3548 τῷ
170 3476 309 3548 (24).
356 3476 546 3547 ὥσπερ
594 3476 655 3529 τὸ
697 3474 880 3545 λέγον·
922 3493 942 3526 ι
998 3474 1231 3547 Οῖδαμέν
1277 3492 1338 3529 σε
1389 3476 1475 3539 τίς
1509 3466 1580 3539 εἴ,
1619 3478 1649 3530 6

76 3570 253 3638 Ἀγιος
278 3568 378 3623 τοῦ
403 3567 539 3622 Θεοῦ
565 3585 579 3599 ·
608 3587 626 3621 ι
661 3569 752 3621 καὶ
790 3569 860 3623 τὰ
894 3566 1314 3640 παρακαλοῦντα
1346 3568 1528 3634 αὐτὸν,
1559 3569 1647 3622 ῖνα

78 3662 143 3731 μὴ
170 3661 408 3733 ἐπιτάξῃ
433 3661 618 3725 αὐτοῖς
646 3663 726 3724 εἰς
746 3660 845 3731 τὴν
875 3659 1107 3714 ἄϐυσσον
1134 3660 1407 3725 ἀπελθεῖν,
1438 3664 1532 3716 καὶ
1557 3662 1647 3716 λέο

74 3771 257 3822 γοντα·
303 3752 539 3819 ιἿὶλθες
574 3754 834 3809 ἀπολέσαι
875 3746 1031 3824 ἡμᾶς’
1051 3753 1200 3825 (95);
1231 3773 1249 3806 ι
1289 3756 1401 3809 Καὶ
1433 3756 1491 3808 ὲν
1528 3759 1648 3820 ταῖς

77 3846 304 3918 Πράξεσι
334 3848 391 3902 δὲ
416 3848 524 3902 τῶν
554 3848 865 3902 ἀποστόλων
887 3848 1197 3919 γέγραπται
1222 3845 1395 3901 ταῦτα
1414 3864 1429 3878 ·
1462 3867 1481 3899 ‹
1505 3848 1648 3916 Ἐγέ-

75 3956 204 4005 νετο,
223 3941 605 4013 πορευομένων
622 3940 778 4011 ἡμῶν
793 3941 871 4004 εἰς
885 3940 983 4012 τὴν
1005 3940 1332 4013 προσευχὴν,
1357 3939 1647 4011 παιδίσκην

76 4034 188 4087 τινα
219 4033 453 4104 ἔχουσαν
497 4034 715 4105 πνεῦμα
744 4033 972 4087 Πύθωνα
1017 4035 1319 4105 ὑπαντῆσαι
1346 4034 1501 4104 ἡμῖν,
1523 4033 1646 4103 ἥτις

75 4123 328 4197 ἒργασξαν
352 4125 551 4196 πολλὴν
579 4129 803 4197 παρεῖχε
830 4128 941 4188 τοῖς
960 4126 1168 4196 κυρίοις
1199 4126 1371 4196 αὐτῆς
1393 4141 1648 4196 μαντευο-

80 4217 233 4288 μένη·
286 4216 427 4286 αῦτη
490 4215 1007 4287 κατακολουθήσασα
1077 4215 1274 4287 Παύλῳ
1340 4216 1435 4270 καὶ
1489 4218 1643 4286 ἡμῖν,

75 4307 263 4381 ἕκραζε
274 4309 434 4377 λέγου
444 4309 641 4371 σα,ὅτι·
664 4300 820 4362 Οὗτοι
838 4309 886 4361 οἱ
903 4307 1001 4362 ἀνθ
1010 4326 1179 4382 ρωποι
1202 4307 1376 4361 δοῦλοι
1392 4307 1485 4361 τοῦ
1511 4306 1644 4361 Θεοῦ

76 4398 161 4452 τοῦ
192 4400 421 4469 ὑψίστου
462 4401 617 4463 εἰσιν,
651 4400 844 4463 οἵτινες
874 4400 1331 4470 καταγγέλλουσιν
1364 4401 1497 4472 ἡμῖν
1529 4399 1646 4453 ὁδὸν

79 4493 361 4563 σωτηρίας.
386 4511 404 4542 ι
445 4492 610 4562 Φήσει
656 4487 749 4544 οὖν
796 4494 825 4546 ό
862 4491 1071 4556 τούτοις
1109 4488 1517 4563 συγχρώμενος,
1560 4491 1643 4543 ὅτι

1758 1909 2014 1977 clpesqne
2039 1906 2169 1963 facti
2195 1906 2398 1964 fuerint
2422 1909 2661 1978 Spiritus
2690 1910 2891 1976 sancti,
2919 1919 2974 1967 et
3000 1912 3201 1968 bonum
3232 1911 3329 1970 Dei

1755 2002 1982 2057 verbum
2034 2001 2375 2072 degustarint
2424 2002 2801 2072 potentiaeque
2871 2001 3038 2060 futuri
3095 2006 3277 2061 saeculi
3308 2047 3326 2074 ,

1757 2096 2105 2167 prolapsique
2125 2095 2348 2160 fuerint,
2378 2096 2449 2151 ab
2484 2096 2694 2167 integro
2746 2097 2998 2153 renovari
3044 2097 3111 2152 ad
3154 2099 3330 2169 pumi-

1759 2186 2004 2250 tentiam,
2037 2185 2422 2255 cruciﬁgentes
2472 2187 2824 2258 sibimetipsis
2869 2186 3067 2243 Filium
3122 2188 3218 2245 Dei
3271 2197 3330 2245 et

1756 2277 2103 2335 infamantes.
2133 2296 2154 2333 ι
2185 2281 2418 2336 Attende
2443 2280 2587 2335 enim
2616 2281 2705 2336 his
2729 2280 2908 2336 verbis
2927 2323 2943 2347 ,
2980 2299 3001 2334 ι
3035 2282 3330 2352 participes

1755 2368 1881 2426 facti
1910 2369 2144 2441 Spiritus
2175 2372 2379 2428 sancti.
2402 2389 2421 2424 ι
2444 2371 2522 2426 Ex
2546 2370 2774 2427 adverso
2791 2381 2971 2428 autem
2997 2372 3141 2444 quod
3171 2372 3331 2429 Caia-

1755 2466 1911 2533 phas,
1949 2463 2164 2520 etiamsi
2210 2465 2584 2535 prophetarit,
2650 2464 3002 2522 nihilominus
3062 2480 3169 2523 non
3234 2466 3329 2522 hac

1753 2555 1935 2611 buerit
1968 2557 2022 2611 in
2052 2571 2113 2612 se
2142 2555 2405 2628 Spiritum
2463 2556 2746 2623 sanctum,
2780 2557 2886 2613 dici
2936 2566 3115 2628 potest
3146 2558 3275 2617 illud
3308 2580 3323 2616 :

1760 2663 1780 2700 ι
1811 2644 2060 2702 Nondum
2087 2648 2231 2703 enim
2263 2658 2383 2705 erat
2405 2647 2679 2718 Spiritus,
2711 2649 2855 2719 quod
2900 2650 3141 2704 nondum
3178 2660 3328 2706 esset

1752 2736 1911 2794 Iesus
1936 2737 2267 2807 gloriﬁcatus
2290 2739 2356 2793 π.
2392 2759 2412 2792 ι
2446 2740 2598 2807 Quod
2622 2740 2668 2795 si
2707 2754 2776 2796 ne
2821 2739 2875 2795 in
2907 2739 3168 2810 apostolis
3201 2742 3325 2813 qui-

1753 2831 1874 2887 dem
1904 2841 2025 2888 erat
2042 2833 2299 2904 Spiritus,
2333 2843 2624 2903 antequam
2668 2832 3065 2904 gloriﬁcaretur
3116 2832 3278 2891 Jesus
3301 2872 3321 2900 ,

1753 2932 1954 2994 quanto
2017 2925 2188 2997 magis
2254 2942 2362 2982 non
2412 2934 2529 2981 erat
2584 2925 2641 2980 in
2713 2922 3019 2993 Caiapha?
3087 2925 3324 2984 Proinde

1753 3030 1875 3071 cum
1916 3017 2244 3074 surrexisset
2313 3017 2606 3081 Servator,
2655 3016 2947 3073 insulIIavit
2996 3016 3314 3089 discipulis.

1759 3123 1780 3159 ι
1812 3116 1869 3162 et
1897 3108 2028 3163 dicit
2051 3109 2194 3165 illis:
2249 3109 2494 3179 Accipite
2548 3107 2812 3180 Spiritum
2864 3118 3111 3166 sanctum
3130 3110 3193 3172 ³⁸,
3218 3128 3237 3162 ι
3264 3118 3322 3166 ct

1752 3198 1920 3270 389
1946 3214 2067 3269 qum
2099 3210 2420 3270 sequuntur.
2461 3201 2638 3271 Atque
2690 3201 2951 3258 audacter
2972 3202 3191 3273 quidem
3223 3203 3322 3257 ad-

1752 3290 1844 3342 det
1885 3288 2081 3358 aliquis
2127 3290 2195 3344 ad
2240 3290 2394 3356 illud,
2428 3289 2573 3359 quod
2616 3304 2686 3347 ex
2734 3291 2940 3362 Spiritu
2990 3301 3180 3348 sancto
3210 3308 3319 3349 non

1751 3381 2156 3449 prophetaverit
2173 3381 2464 3453 Caiaphas,
2480 3398 2601 3453 qua:
2634 3383 2860 3440 dicenda
2883 3393 3031 3441 sunt.
3052 3384 3321 3442 Similiter

1753 3471 1918 3541 igitur
1941 3472 2084 3530 dicet
2112 3474 2216 3530 iste
2246 3475 2417 3530 malos
2439 3476 2609 3531 etiam
2646 3475 2870 3546 spiritus
2895 3491 3056 3545 posse
3078 3476 3323 3532 testimo-

1753 3562 1902 3616 nium
1937 3565 2183 3633 praebere
2210 3562 2363 3632 Jesu,
2396 3574 2449 3622 et
2476 3566 2807 3636 prophetare
2834 3568 2901 3623 de
2932 3582 2999 3623 eo
3030 3582 3136 3624 non
3164 3583 3323 3623 secus

1750 3665 1916 3722 atque
1936 3654 2027 3709 ille
2056 3655 2149 3725 qui
2180 3657 2318 3710 dixit
2344 3671 2360 3709 :
2401 3675 2420 3709 ι
2450 3657 2711 3714 Novimus
2746 3666 2799 3714 te
2824 3658 2947 3728 quis
2977 3658 3095 3725 sis;
3128 3674 3323 3729 nempe

1753 3747 1841 3801 ille
1870 3747 2105 3802 Sanctus
2148 3748 2238 3802 Dei
2258 3748 2338 3814 ”;
2369 3766 2388 3813 ι
2424 3758 2481 3804 et
2514 3758 2568 3803 ut
2612 3749 2688 3804 illi
2721 3751 2813 3818 qui
2860 3751 3127 3822 rogabant
3158 3768 3318 3816 eum,

1751 3852 1820 3892 ne
1844 3838 2167 3906 praeciperet
2192 3837 2301 3892 illis
2349 3837 2404 3893 in
2429 3840 2687 3909 abyssum
2720 3840 2896 3903 abire,
2937 3849 2993 3894 et
3020 3841 3272 3897 dicebant
3301 3861 3316 3897 :

1753 3949 1773 3983 ι
1802 3930 2016 3986 Venisti
2061 3929 2129 3983 ad
2176 3928 2508 3998 perdendum
2541 3945 2641 3985 nos
2658 3929 2705 3961 “
2728 3930 2753 3985 2
2777 3949 2798 3984 ι
2825 3930 2965 3997 Quin
2999 3931 3052 3985 in
3093 3941 3320 4001 aposto-

1748 4022 1925 4078 lorum
1955 4035 2172 4091 quoque
2201 4021 2352 4077 Actis
2387 4021 2502 4077 haec
2534 4022 2734 4092 scripta
2765 4031 2892 4078 sunt
2914 4022 2959 4055 “
2987 4038 3003 4077 :
3039 4040 3060 4075 ι
3081 4022 3322 4094 Contigit

1748 4124 1809 4169 ut
1855 4114 2113 4170 euntibus
2155 4113 2313 4170 nobis
2347 4114 2421 4168 ad
2457 4113 3046 4186 precationem,puella
3073 4116 3318 4185 quaedam

1746 4206 1996 4277 spiritum
2042 4206 2310 4276 Pythonis
2354 4205 2563 4262 habens
2606 4205 2767 4262 nobis
2806 4216 3158 4271 occurreret,
3198 4221 3321 4276 qua

1747 4308 2012 4368 quaestum
2056 4312 2310 4368 magnum
2338 4298 2635 4368 praestabat
2667 4297 2908 4354 dominis
2934 4304 3049 4353 suls
3068 4298 3303 4354 divinan-

1747 4395 1857 4447 do:
1887 4393 2001 4447 haec
2043 4391 2327 4448 subsecuta
2368 4390 2592 4447 Paulum
2617 4430 2634 4459 ,
2675 4399 2734 4448 et
2775 4406 2899 4459 nos,
2931 4390 3208 4446 clamabat
3233 4388 3321 4445 di-

1747 4501 1878 4541 cens
1904 4500 1921 4539 :
1946 4484 2041 4541 Isti
2076 4484 2324 4541 homines
2357 4484 2501 4539 servi
2533 4484 2628 4539 Dei
2658 4482 3018 4539 excelsissimi
3049 4494 3195 4548 sunt,
3225 4482 3319 4552 qui

76 4583 218 4636 οὐδὲν
248 4586 443 4639 ἀποδεῖ
468 4585 799 4656 προφητείας
825 4584 854 4637 6
878 4583 971 4638 τοῦ
997 4582 1252 4647 Πύθωνος
1283 4583 1461 4653 λόγος,
1494 4600 1637 4655 μαρο

1754 4578 2071 4633 annuntiant
2111 4578 2268 4633 nobis
2323 4580 2469 4632 viam
2523 4577 2734 4632 salutis.
2767 4594 2787 4627 ι
2825 4576 3063 4631 Proinde
3092 4576 3183 4645 qui
3235 4575 3319 4628 his

78 4676 240 4747 τυρῶν
258 4680 372 4739 τοῖς
390 4676 723 4740 ἀποστόλοις,
739 4675 833 4729 καὶ¹
849 4675 1172 4748 προτρέπων
1189 4675 1265 4738 ὡς
1282 4674 1375 4727 ἐπὶ
1398 4673 1518 4727 όδδν
1537 4691 1642 4726 σω-

78 4751 255 4840 τηρίας
275 4769 790 4841 καταγγελλομένην
817 4768 1092 4824 πιστεύειν
1117 4770 1244 4832 τοὺς
1272 4767 1631 4829 ἀκούσαντας.

90 4860 229 4915 Ἐπεὶ
254 4862 311 4915 δὲ
337 4864 432 4915 καὶ
456 4861 525 4917 τά
550 4861 641 4915 τοῦ
666 4861 894 4932 Βαλαάμ
920 4859 1281 4932 περιεθέμεθα
1306 4858 1464 4928 (25'),
1485 4856 1647 4929 πρόσ-

80 4968 166 5021 χες
187 4954 227 5005 εἰ
246 4953 475 5017 δύναται
501 4953 594 5006 καὶ⁵
620 4952 747 5024 περὶ
766 4950 932 5005 αὐτοῦ
965 4948 1237 5019 λέγεσθαι,
1261 4949 1343 5001 ὃτι
1372 4948 1436 5001 ού
1460 4945 1643 4999 θεόθεν

82 5043 321 5100 ὲλάλτσεν
384 5045 502 5099 ἀλλ’
534 5044 640 5099 ἀπὸ
678 5043 909 5114 ἀγγέλου
931 5061 944 5075 ·
978 5062 997 5095 ι
1021 5043 1191 5113 Ἔστη
1239 5060 1257 5090 ι
1295 5039 1424 5112 γὰρ,
1454 5038 1640 5110 φησὶν,

180 5188 217 5220 ³⁸
242 5187 436 5241 Matth.
482 5202 555 5239 xtl
582 5225 597 5246 ,
628 5186 716 5247 5|,
789 5185 833 5216 ⁸³
861 5184 989 5245 ibid.
1022 5185 1112 5238 52.
1188 5182 1233 5214 ³⁸
1271 5181 1431 5235 llebr.
1458 5196 1535 5241 Vl,
1556 5177 1647 5231 4-6

180 5275 264 5302 .tm-
299 5272 416 5302 wnt-
450 5255 547 5302 Si:
584 5255 745 5302 Marc-
782 5270 820 5302 l-
849 5255 949 5302 24:
983 5253 1112 5302 Luc.
1144 5267 1218 5302 ιν.
1247 5252 1338 5302 54.
1437 5250 1482 5282 ⁸⁸
1519 5248 1641 5302 Act.

1754 5177 1791 5206 ¹⁷
1816 5177 1975 5229 Joan.
2004 5190 2011 5206 ε

1754 5261 1784 5302 l.
1824 5247 1913 5302 I6.
1944 5244 2011 5297 I7

84 5257 124 5286 "
145 5256 265 5313 Luc.
299 5272 418 5322 vut,
450 5255 549 5322 δίς
583 5255 746 5312 Marc.
782 5270 820 5318 l,
849 5255 949 5321 24;
982 5253 1112 5308 Luc.
1144 5267 1219 5315 tv,
1247 5252 1338 5306 54.

113 5372 246 5493 δ(11))
279 5373 425 5429 Idem
479 5372 654 5427 codex
702 5371 925 5442 Regius,
971 5368 1349 5422 ἐπταικότων·
1390 5365 1508 5420 τόδε
1557 5365 1638 5427 εἰς

146 5480 162 5493 .
186 5455 284 5493 etc.

82 5455 162 5501 το,
186 5455 284 5497 PIC.

151 5512 248 5581 (20)
279 5512 463 5568 Codex
483 5510 708 5581 Regius,
736 5513 816 5575 εἰς
830 5511 893 5564 τὸ
917 5510 1088 5581 παρὸν
1111 5506 1337 5581 Πνεῦμα
1367 5506 1543 5576 ἁγιον.

153 5579 253 5652 (Si)
285 5584 429 5638 Idem
448 5579 619 5639 codex
645 5582 867 5652 Regius,
891 5579 1105 5653 λεχθείη
1133 5579 1215 5653 τό,

151 5650 248 5722 (2:!)
275 5655 418 5707 Idem
448 5654 617 5707 codex
642 5650 860 5721 Regius.
893 5650 1284 5722 οὗπερίιιιριθ.

282 5723 570 5803 ζει-νοτίης
601 5715 811 5803 legebat
839 5715 1043 5803 ὁμοίως
1067 5721 1110 5800 δῖ
1137 5715 1253 5803 οὖν.

158 5787 259 5866 (26)
291 5796 360 5851 Ἣ
378 5787 707 5866 μαρτυρεῖν
728 5787 907 5858 αὐτῷ.
923 5790 1042 5844 llaec
1064 5790 1307 5847 videntur
1322 5787 1636 5861 παρέλκειν.

465 5887 743 5947 Ριτιιοι..
791 5885 886 5946 Gn
955 5883 1126 5945 XIV.

1745 4670 2073 4725 testimoniis
2124 4670 2318 4737 utitur,
2349 4669 2496 4724 dicet
2545 4669 2679 4723 nihil
2726 4669 2931 4724 distare
2969 4683 3000 4722 a
3032 4666 3315 4737 prophetia

1744 4764 2045 4816 orationem
2098 4761 2323 4831 spiritus
2366 4760 2711 4824 divinatoris,
2762 4759 3133 4816 testimonium
3177 4771 3317 4826 prte-

1746 4855 1923 4909 bentis
1970 4852 2254 4922 apostolis,
2284 4862 2341 4908 et
2371 4851 2714 4908 admonentis
2767 4851 3052 4906 audientes
3083 4857 3142 4902 ut
3170 4848 3317 4902 viain

1744 4945 1955 5008 salutis,
2001 4960 2122 5013 qua:
2177 4944 2640 5007 annuntiabatur,
2686 4942 2997 4998 crederent.
3047 4939 3316 5004 Quoniam

1745 5045 1926 5091 autem
1974 5038 2029 5090 in
2080 5037 2316 5092 medium
2365 5036 2687 5092 adduximus
2731 5048 2851 5103 qua:
2896 5032 3034 5087 dixit
3072 5028 3313 5089 Balaam,

1747 5175 1791 5206 ³⁷
1816 5173 1975 5229 Joan.
2004 5187 2103 5238 vn,
2132 5171 2222 5227 59.
2297 5169 2345 5203 ³⁸
2366 5168 2526 5225 Joan.
2571 5185 2663 5233 xx,
2690 5165 2783 5224 22.
2876 5167 2922 5199 ³⁸
2949 5164 3113 5219 Marc.
3143 5178 3184 5229 ι,
3225 5161 3314 5216 2i.

1805 5360 1919 5432 (‘25)
1976 5359 2088 5414 Καὶ
2155 5359 2442 5432 λέγοντας
2505 5351 2723 5432 ΪΗτιθες
2776 5349 3079 5432 ἀπολέσαι
3135 5348 3298 5418 ἡμᾶς

1738 5424 1915 5489 Verba
1955 5432 2069 5485 haec
2104 5444 2208 5482 non
2236 5424 2476 5482 hominis
2507 5427 2666 5491 hujus
2694 5433 2843 5487 sunt,
2883 5424 2936 5476 in
2992 5436 3312 5491 munumen-

1736 5504 1808 5557 tis
1831 5500 2120 5561 versantis,
2154 5508 2211 5552 et
2238 5499 2451 5567 legione
2478 5490 2790 5567 datiionutn
2820 5492 2997 5567 vexati
3026 5506 3042 5553 ;
3094 5490 3163 5542 de
3207 5503 3314 5567 quo

1733 5573 1869 5628 Luc.
1896 5586 2015 5635 vm,
2047 5559 2114 5625 ’27
2145 5577 2200 5623 et
2221 5559 2361 5636 seq.,
2390 5576 2450 5621 ut
2477 5567 2568 5621 hic
2604 5565 2801 5638 scribit
2821 5634 2832 5638 _
2853 5561 3152 5638 Origenes;
3196 5559 3314 5638 sed

1737 5643 1970 5697 hominis
1991 5630 2159 5702 illius,
2182 5639 2274 5707 qui
2300 5630 2589 5691 immundo
2621 5634 2991 5707 spiritui_era_t_
3006 5630 3312 5695 obnoxius;

1737 5715 1803 5769 de
1830 5728 1935 5776 quo
1969 5700 2215 5768 Marci,-
2236 5709 2329 5769 95,
2359 5720 2413 5761 et
2437 5707 2568 5760 Luc.
2600 5700 2672 5762 ινζ
2706 5700 2799 5776 55,
2832 5703 2921 5776 δᾴ.
2952 5703 3217 5776 "genus.

1809 5771 2356 5855 (‘25')H€pt€0éﬁ800.
2389 5777 2549 5834 Forte
2588 5771 3148 5923 παρεθέμεθα.3Εοιτ.

2915 5867 2955 5923 2

2915 5867 2955 5926 2

3164 5968 3185 5999 ν.
