4082 6604
1 43 319 6376 Ι

770 423 876 479 715

2246 422 2567 482 ORIGENIS
3904 449 3988 505 πο

767 542 968 599 adhibe
1010 549 1250 597 mentem
1281 555 1351 596 an
1381 539 1452 596 de
1476 540 1571 595 illo
1599 555 1816 612 quoque
1845 539 1951 596 dicl
1981 538 2176 609 possit,
2198 538 2302 594 divi

2403 571 2413 599 ι
2447 558 2468 590 ι
2491 540 2521 593 ό
2542 528 2774 610 ἄγγελος
2817 545 2914 600 τοῦ
2945 547 3081 604 Θεοῦ
3109 551 3169 605 ἐν
3199 555 3265 624 τῇ
3292 552 3402 624 6δῷ
3428 553 3793 612 ἑνδιαὸάλλειν
3832 562 3989 630 αὑτὸν,

766 639 916 691 nitus
962 650 1087 691 eum
1149 650 1257 690 non
1317 632 1484 690 fuisse
1535 634 1796 700 locutum,
1830 635 1925 690 sed
1978 635 2046 689 ab
2103 632 2333 703 angelo:

776 747 798 781 ι
834 729 1001 783 Stetit
1036 729 1203 791 enim,
1245 728 1423 795 inquit
1442 727 1513 793 ⁸⁸,
1548 728 1774 799 angelus
1823 727 1914 781 Dei
1962 728 2016 780 in
2068 727 2176 790 via,
2208 726 2335 781 dum

766 820 1028 876 transiret
1078 820 1216 888 ipse,
1264 821 1616 889 ascenditque
1657 820 1874 874 Balaam
1925 833 2094 888 super
2122 819 2332 874 asinam

759 928 943 980 suam,
986 922 1043 969 et
1076 914 1184 968 duo
1228 913 1312 969 sui
1355 913 1509 982 pueri
1559 927 1764 967 secum.
1811 912 2121 981 Vidensque
2177 912 2331 966 asina

760 1009 1013 1079 angelum
1042 1007 1137 1063 Dei
1168 1017 1403 1063 stantem
1443 1025 1476 1065 e
1506 1011 1730 1080 regione
1757 1010 1812 1063 in
1845 1011 1953 1074 via,
1981 1009 2332 1081 gladiumque

759 1101 1074 1157 districtum
1124 1103 1178 1156 in
1225 1118 1387 1155 manu
1426 1102 1561 1171 ejus,
1593 1104 1888 1159 declinavit
1929 1104 2084 1159 asina
2121 1104 2189 1158 de
2218 1104 2326 1167 via,

755 1205 811 1250 et
844 1195 943 1249 ivit
973 1194 1027 1249 in
1067 1209 1341 1264 campum.
1386 1194 1455 1247 At
1500 1193 1717 1248 Balaam
1763 1195 2073 1251 verberavit
2117 1195 2325 1249 asinam

753 1288 930 1356 virga,
961 1295 1022 1339 ut
1059 1287 1262 1341 rediret
1296 1286 1349 1340 in
1378 1287 1519 1339 viam
1551 1303 1566 1339 :
1597 1286 1747 1339 stetit
1769 1297 1948 1341 autem
1979 1287 2208 1358 angelus
2232 1286 2326 1341 Dei

749 1380 807 1433 in
849 1386 1078 1449 angusta
1118 1377 1314 1433 semita
1361 1377 1665 1443 vinearum,
1703 1387 1930 1447 eratque
1967 1396 2035 1433 ex
2078 1390 2319 1451 utraque

749 1481 907 1541 parte
959 1470 1219 1525 maceria.
1244 1489 1264 1521 ι
1318 1469 1522 1525 Deinde
1574 1480 1699 1539 post
1748 1486 1919 1541 pauca
1942 1471 1990 1503 “
2021 1490 2034 1526 :
2071 1490 2092 1523 ι
2121 1472 2326 1529 Videns

746 1563 902 1619 asina
933 1563 1183 1634 angelum
1228 1561 1346 1625 Dei,
1379 1564 1668 1618 succubuit
1695 1563 1795 1618 sub
1826 1562 2069 1620 Balaam.
2094 1582 2119 1619 ι
2154 1564 2321 1619 Dein-

743 1670 853 1725 que
900 1664 1022 1727 post
1072 1655 1351 1726 pauca“:
1388 1673 1409 1707 ι
1441 1656 1589 1711 Dixit
1627 1655 1852 1725 angelus
1905 1657 2000 1711 Dei
2056 1657 2131 1712 illi
2163 1676 2176 1712 :
2213 1657 2323 1712 Cur

738 1750 852 1815 jam
908 1758 991 1802 ter
1032 1747 1336 1803 verberasti
1379 1750 1591 1803 asinam
1624 1749 1807 1801 tuam?
1827 1747 1904 1801 En
1936 1762 2039 1819 ego
2067 1764 2321 1819 egressus

743 1853 863 1893 sum
903 1847 965 1893 ut
993 1847 1045 1894 le
1079 1837 1395 1907 impedirem
1421 1856 1437 1905 ;
1468 1838 1690 1892 aberrat
1714 1838 1861 1893 enim
1892 1840 1979 1894 via
2013 1850 2100 1894 tua
2131 1856 2315 1895 coram

2439 633 2536 687 καὶ
2559 636 2721 700 αὐτὸς
2752 638 3069 713 ἐπιϐεὸήκει
3092 645 3186 698 ἐπὶ
3219 647 3320 717 τῆς
3340 646 3465 700 δνου
3494 649 3684 716 αὐτοῦ,
3710 652 3805 707 καὶ
3839 657 3887 708 ol.
3910 657 3993 712 δύο

2437 726 2625 790 ruﬁs;
2652 727 2819 782 αὑτοῦ
2850 732 2969 800 μετ’
3003 734 3191 789 αὑτοῦ.
3230 738 3342 791 Καὶ
3380 738 3566 793 ἰδοῦσα
3600 741 3635 811 ή
3660 740 3778 806 ὄνος
3797 742 3882 797 τὸν
3905 747 3991 815 ἀγ-

2434 819 2590 887 γελον
2616 821 2710 874 τοῦ
2732 821 2867 876 Θεοῦ
2904 824 3277 898 ἀνθεστηκότα
3302 830 3362 883 ὲν
3387 833 3455 902 τῇ
3484 831 3610 903 ὁδῷ,
3645 833 3741 886 καὶ
3761 834 3855 906 τὴν
3881 840 3992 907 ῥομ-

2433 913 2599 983 φαίαν
2626 914 2793 968 αὑτοῦ
2828 917 3178 989 ὲσπασμένην
3205 923 3263 974 ὲν
3294 924 3361 993 τῇ
3392 924 3538 993 χειρὶ
3564 924 3754 991 αὑτοῦ,
3797 929 3884 980 καὶ
3920 929 3992 995 ἐξ·

2430 1005 2637 1059 ἐκλινεν
2652 1008 2686 1078 ή
2708 1007 2828 1072 ὄνος
2849 1011 2915 1062 ὲκ
2932 1010 3033 1080 τῆς
3053 1012 3196 1077 ὁδοῦ,
3223 1014 3518 1085 ἐπορεύετο
3535 1016 3594 1069 δὲ
3619 1020 3702 1081 εὶς
3720 1018 3784 1072 τὸ
3813 1020 3991 1080 πεδίον.

2429 1098 2541 1152 Kal.
2581 1100 2822 1168 ἐπάταξε
2868 1102 3095 1176 Βαλαὰμ
3131 1107 3232 1176 τὴν
3252 1108 3373 1161 ὄνον
3404 1110 3463 1161 ὲν
3486 1112 3553 1181 τῇ
3591 1110 3775 1182 ῥάϐδῳ
3795 1113 3883 1167 τοῦ
3917 1107 3993 1170 εὖ-

2429 1189 2583 1243 θῦναι
2604 1192 2771 1263 αὐτὴν
2799 1195 2858 1248 ὲν
2894 1198 2961 1267 τῇ
2994 1195 3102 1268 ὀδῷ
3120 1213 3135 1227 ’
3165 1201 3260 1252 καὶ
3285 1200 3416 1271 ἔστη
3443 1202 3474 1253 6
3497 1202 3731 1272 ἄγγελος
3754 1207 3845 1261 τοῦ
3873 1208 3991 1262 Θεοῦ

2427 1282 2487 1333 ὲν
2522 1286 2643 1345 ταῖς
2664 1284 2858 1350 αὕλαξι
2881 1287 2990 1340 τῶν
3014 1289 3295 1359 ἀμπέλων,
3329 1296 3584 1365 φραγμὸς
3617 1298 3882 1366 ἐντεῦθεν,
3912 1304 3993 1357 καὶ

2425 1375 2677 1445 φραγμὸς
2697 1378 2965 1434 ἐντεῦθεν.
2992 1398 3011 1431 ι
3042 1378 3173 1435 Εἶτα
3197 1386 3315 1454 μετ’
3338 1385 3497 1452 ὀλίγα
3518 1403 3532 1414 °
3566 1407 3585 1439 ι
3611 1389 3814 1443 ’ἰδοῦσα
3834 1393 3866 1462 ή
3888 1393 3991 1457 ὄνος

2421 1467 2514 1521 τὸν
2537 1468 2767 1537 ἄγγελον
2784 1470 2878 1524 τοῦ
2900 1472 3036 1525 Θεοῦ
3058 1475 3408 1531 συνεκάθισεν
3439 1479 3700 1535 ὑποκάτω
3718 1483 3953 1555 Βαλαάμ.
3968 1505 3986 1538 ι

2420 1559 2532 1612 Kal.
2580 1561 2742 1615 πάλιν
2773 1564 2891 1633 μετ’
2916 1565 3103 1634 ὀλίγα·
3160 1586 3181 1618 ι
3202 1565 3368 1623 Εἶπεν
3401 1571 3552 1643 αὑτῷ
3576 1574 3606 1625 6
3649 1574 3876 1644 ἄγγελος
3911 1578 3990 1631 τοῦ

2418 1651 2550 1742 Θεοῦ
2571 1670 2585 1682 ·
2618 1653 2719 1707 Διά
2744 1655 2798 1708 τί
2821 1657 3095 1722 ὲπάταξας
3132 1660 3231 1730 τὴν
3276 1660 3396 1715 ὄνον
3449 1681 3545 1717 σου
3588 1666 3750 1720 τοῦτο
3792 1670 3987 1742 τρίτον;

2430 1741 2562 1797 Ἰδοὺ
2591 1744 2702 1812 ἐγὼ
2728 1745 2950 1816 ἐξῆλθον
2973 1749 3053 1811 εἰς
3084 1749 3340 1822 διασολήν
3368 1770 3485 1818 σου,
3516 1755 3601 1808 ὅτι
3630 1757 3734 1811 οὐκ
3758 1741 3985 1830 εὐθείαή

2415 1834 2532 1897 ὁδός
2559 1852 2653 1889 σου
2683 1838 2923 1891 ἐναντίον
2955 1856 3077 1909 μου.
3123 1841 3233 1895 Kal.
3282 1843 3465 1898 ἰδοῦσά
3492 1863 3559 1916 με
3587 1848 3622 1917 ἡ
3648 1846 3771 1911 ὄνος
3795 1848 3986 1914 ἐξέκλι-

743 1944 830 1985 me
856 1949 872 1986 :
900 1939 957 1987 et
985 1930 1177 1987 videns
1204 1946 1292 1987 me
1323 1932 1475 1986 asina
1501 1931 1797 1986 declinavit
1816 1932 1929 1999 jam
1968 1941 2083 1998 ter;
2119 1948 2239 2002 qua:
2268 1935 2302 1987 si

2418 1942 2508 1978 νεν
2531 1925 2626 1978 ἀπ’
2656 1927 2792 1998 ἐμοῦ
2838 1927 2996 1982 τοῦτο
3024 1931 3206 2001 τρίτον
3229 1949 3243 1963 ⁸
3276 1933 3373 1988 καὶ
3419 1936 3468 1987 εί
3504 1935 3581 2007 μὴ
3611 1936 3883 2003 ἐξέκλινεν
3903 1941 3987 1994 ἀπ’

742 2035 847 2075 non
911 2021 1237 2078 declinasset
1299 2036 1484 2077 coram
1543 2037 1653 2087 me,
1712 2038 1879 2078 nunc.
1920 2033 1975 2080 te
2027 2024 2318 2080 interfecto

739 2114 912 2185 ipsam
957 2114 1288 2170 incolumem
1334 2129 1662 2170 servassem.
1692 2115 1762 2171 Et
1800 2117 1950 2172 dixit
1970 2117 2189 2172 Balaam
2220 2135 2318 2173 an-

737 2204 859 2274 gelo
884 2221 900 2258 :
928 2203 1178 2272 Domine,
1209 2207 1452 2274 peccavi,
1482 2207 1738 2276 quoniam
1790 2224 1897 2265 non
1927 2210 2052 2265 novi
2083 2211 2227 2279 quod
2258 2220 2313 2264 tu

736 2295 1026 2350 adversum
1066 2310 1154 2349 me
1199 2295 1255 2350 in
1306 2296 1392 2350 via
1428 2308 1638 2362 stares;
1671 2308 1727 2353 et
1760 2314 1906 2354 nunc
1931 2300 1976 2353 si
2010 2300 2107 2355 tibi
2129 2301 2314 2370 displi-

734 2394 843 2453 cet,
872 2395 1141 2443 revertar.
1167 2386 1364 2456 Aitque
1394 2388 1615 2458 angelus
1650 2388 1743 2443 Dei
1778 2390 1846 2443 ad
1876 2389 2092 2445 Balaam
2112 2410 2128 2446 :
2147 2392 2314 2463 390

734 2475 892 2532 Vade
939 2492 1061 2533 cum
1114 2477 1247 2533 viris
1295 2478 1432 2542 illis;
1483 2480 1576 2534 sed
1644 2483 2022 2537 tantummodo
2082 2485 2309 2538 verbum

733 2570 1095 2638 quodcunque
1140 2569 1357 2625 locutus
1396 2569 1549 2626 fuero
1596 2572 1673 2626 ad
1720 2583 1790 2636 te,
1841 2574 1943 2629 hoc
1991 2576 2310 2632 observabis

730 2662 903 2731 loqui.
933 2682 953 2716 ι
984 2662 1228 2719 Observa
1265 2665 1410 2717 enim
1440 2667 1584 2735 quod
1611 2667 1834 2736 angelus
1862 2669 1958 2735 sit,
1999 2670 2090 2739 qui
2126 2669 2259 2723 dicit
2288 2687 2304 2725 :

677 2761 681 2764 ’
734 2771 757 2806 ι
787 2752 1016 2809 Verbum
1045 2754 1411 2827 quodcunque
1445 2757 1657 2811 locutus
1690 2757 1848 2814 fuero
1883 2759 1950 2812 ad
1976 2768 2048 2824 te,
2077 2758 2180 2814 boc
2208 2759 2307 2814 ob-
2326 2770 2343 2787 ‘

730 2847 975 2904 servabis
1013 2848 1232 2919 loqui.)
1279 2848 1478 2904 Verum
1550 2851 1698 2905 dices
1748 2851 1909 2919 paulo
1956 2861 2080 2921 post
2134 2852 2302 2906 Deum

727 2942 831 3010 ipsi
863 2940 1082 2997 Balaam
1130 2943 1471 3013 apparuisse,
1506 2941 1818 3011 dixisseque
1857 2943 1929 2998 illi
1973 2942 2251 2998 Balaam“
2282 2959 2300 2998 :

729 3052 750 3086 ι
789 3033 1007 3104 Septem
1043 3049 1169 3090 aras
1210 3034 1423 3105 paravi,
1473 3041 1531 3088 et
1585 3035 1817 3105 imposui
1875 3035 1928 3089 in
1977 3049 2302 3105 unaquaque

723 3127 957 3181 vitulum
986 3135 1044 3183 et
1075 3128 1327 3184 arietem.
1356 3128 1425 3182 Et
1461 3127 1605 3183 Deus
1635 3143 1944 3184 sermonem
1983 3128 2180 3183 indidit
2208 3128 2294 3184 ori

723 3216 968 3284 Balaam,
999 3229 1055 3277 et
1082 3220 1224 3275 dixit
1253 3240 1268 3275 :
1296 3219 1567 3276 Reversus
1598 3221 1665 3275 ad
1697 3219 1859 3276 Balac
1882 3220 1964 3276 sic
1995 3220 2291 3291 loqueris.»

723 3316 794 3369 At
828 3330 959 3370 vero.
1000 3324 1055 3369 tu
1084 3317 1305 3369 attende
1338 3315 1610 3384 quomodo
1640 3323 1870 3383 utraque
1899 3328 2027 3368 vera
2057 3322 2207 3379 sunt,
2241 3324 2296 3368 et

720 3407 865 3476 quod
916 3406 986 3462 ab
1039 3406 1231 3478 angelo
1301 3407 1526 3472 dicitur,
1594 3420 1832 3475 nempe:
1872 3405 2297 3477 «Quodcunque

718 3497 934 3555 locutus
979 3498 1135 3552 fuero
1163 3498 1227 3552 ad
1274 3507 1347 3562 te,
1377 3498 1481 3552 hoc
1523 3495 1844 3552 observabis
1890 3495 2146 3566 loqui“;
2182 3515 2203 3548 ι
2238 3506 2295 3552 et

716 3590 861 3659 quod
912 3589 1195 3658 Scriptura
1224 3589 1548 3659 pronuntiat
1579 3607 1593 3642 :
1626 3605 1645 3641 ι
1680 3588 1879 3643 lndidit
1915 3589 2056 3643 Deus
2082 3602 2292 3644 sermo-

719 3695 842 3735 nem
875 3680 957 3735 ori
987 3680 1230 3746 Balaam,
1255 3689 1309 3736 et
1341 3680 1481 3736 dixit
1497 3679 1567 3734 ⁸⁷.
1596 3698 1616 3731 ι
1648 3678 1915 3734 Caeterum
1942 3693 2074 3733 veru
2110 3689 2290 3734 trans-

717 3774 938 3831 ﬁximus
986 3775 1101 3830 haec
1148 3774 1355 3830 verba:
1401 3792 1420 3827 α
1449 3773 1651 3829 Factus
1699 3783 1784 3829 est
1829 3773 2054 3844 Spiritus
2096 3775 2187 3830 Dei
2234 3774 2288 3829 in

711 3866 855 3938 ipso,
891 3888 910 3922 ι
951 3870 1096 3939 quod
1143 3884 1319 3938 neque
1364 3868 1450 3923 bis
1482 3867 1663 3923 simile
1712 3866 2008 3938 quidquam
2039 3868 2093 3922 in
2124 3879 2288 3923 cane-

712 3975 896 4015 rorum
945 3961 1271 4016 editionibus
1317 3961 1709 4015 invenerimus.
1758 3960 2105 4030 Rursumque
2146 3959 2290 4015 edi-

710 4060 870 4102 verso
892 4057 1017 4118 post
1042 4063 1211 4118 pauca
1246 4067 1262 4102 :
1296 4066 1316 4100 ι
1336 4048 1608 4110 Occurrit,
1640 4048 1835 4118 inquit,
1872 4049 2017 4104 Deus
2042 4048 2285 4115 Balaam,

707 4149 763 4194 et
803 4140 997 4196 indidit
1049 4156 1364 4196 sermonem
1394 4141 1447 4195 in
1478 4155 1577 4196 ore
1601 4140 1829 4206 ejus,‘et
1862 4142 2040 4195 dixit:
2077 4139 2286 4195 Rever-

709 4243 825 4287 tere
852 4233 919 4288 ad
936 4232 1135 4297 'Balac,
1178 4243 1235 4288 et
1271 4233 1389 4288 haec
1423 4233 1663 4301 loqueris
1686 4232 1753 4288 ⁸⁸.
1790 4252 1809 4286 ι
1846 4232 1903 4287 lu
1940 4233 2054 4287 haec
2102 4240 2283 4286 autem

703 4325 884 4378 onmia
917 4326 1124 4380 audens
1158 4325 1377 4393 aliquis,
1405 4324 1549 4377 dicet
1580 4324 1645 4378 de
1684 4322 1850 4378 Saule
1882 4324 2047 4378 etiam
2073 4324 2279 4377 dictum

703 4417 872 4473 fuisse
902 4435 917 4470 :
947 4436 964 4467 ι
997 4416 1236 4487 Spiritus
1287 4417 1379 4473 Dei
1434 4416 1610 4471 malus
1662 4414 1963 4471 sull‘ocabat
2014 4416 2222 4471 eum“.
2253 4435 2274 4470 ι

702 4508 843 4576 Quin
877 4510 1041 4563 etiam
1071 4525 1193 4564 cum
1217 4509 1420 4566 exisset
1450 4508 1677 4578 spiritus
1721 4506 1959 4562 mendax
1986 4507 2164 4563 factus
2194 4517 2279 4563 est

2417 2018 2551 2088 ἐμοῦ
2583 2018 2718 2090 (26),
2763 2019 2857 2074 νῦν
2905 2040 2968 2076 σε
3007 2024 3106 2094 μὲν
3146 2025 3213 2079 ἂν
3257 2026 3579 2092 ἀπέκτεινα,
3614 2030 3833 2103 ἐκείνην
3855 2032 3897 2086 δ’
3928 2033 3987 2087 ἂν

2416 2113 2909 2185 περιεποιησάμην.
2939 2116 3051 2169 Kat
3076 2115 3198 2172 εἷπε
3236 2118 3469 2193 Βαλαὰμ
3493 2121 3573 2193 τῷ
3606 2124 3826 2195 ἀγγέλῳ
3854 2123 3983 2194 (27)-

2414 2201 2608 2271 Κύριε,
2633 2205 2965 2277 ἡμάρτηκα’
3015 2208 3076 2262 οὐ
3119 2209 3230 2282 γὰρ
3253 2212 3598 2284 ἠπιστάμην,
3632 2214 3717 2267 ὃτι
3749 2215 3812 2267 σὺ
3840 2214 3986 2268 ἀνθέ-

2414 2310 2620 2365 στηκας
2646 2298 2726 2360 είς
2751 2299 3073 2371 συνάντησιν
3098 2319 3189 2372 μοι
3216 2304 3275 2356 ὲν
3303 2307 3369 2375 τῇ
3402 2305 3508 2377 ὀδῷ
3529 2323 3544 2336 ο
3572 2306 3670 2360 καὶ
3695 2307 3790 2361 νῦν
3836 2310 3883 2360 εί
3912 2310 3983 2380 μή

2413 2402 2494 2438 σοι
2523 2387 2770 2458 ἀρέσκει.
2802 2390 3316 2465 ἀποστραφήσομαι.
3362 2398 3473 2451 Καὶ
3512 2396 3670 2455 εἶπεν
3706 2404 3735 2455 6
3766 2400 3985 2470 ἄγγελος

2407 2476 2501 2530 τοῦ
2528 2478 2664 2532 Θεοῦ
2690 2480 2827 2551 πρὸς
2858 2483 3089 2555 Βαλαάμ
3110 2502 3125 2516 ·
3163 2488 3580 2562 Συμπορεύθητι
3609 2500 3750 2565 μετὰ
3773 2498 3878 2550 τῶν
3900 2498 3985 2551 ἁν-

2409 2568 2641 2640 θρώπων
2662 2587 2678 2601 ⁸
2737 2572 2879 2645 πλὴν
2924 2575 2987 2629 τὸ
3026 2577 3179 2649 ῥῆμα
3210 2579 3240 2632 6
3264 2579 3331 2634 ἂν
3367 2580 3507 2636 εἷται)
3555 2588 3695 2656 πρὸς
3721 2588 3801 2653 σὲ,
3831 2588 3983 2641 τοῦτο

2407 2660 2617 2736 φυλάξῃ
2645 2662 2893 2735 λαλῆσαι.
2918 2686 2938 2719 ι
2970 2669 3286 2743 Παρατήρει
3313 2673 3445 2745 γὰρ,
3467 2676 3554 2729 ὅτι
3583 2677 3814 2747 ἄγγελός
3837 2683 3982 2733 ἐστιν

2404 2753 2433 2805 6
2466 2752 2637 2821 λέγων
2657 2771 2674 2786 ·
2706 2773 2725 2807 ι
2748 2756 2822 2809 Τὸ
2852 2757 3002 2829 ῥῆμα
3028 2759 3058 2812 6
3080 2760 3176 2814 ἐὰν
3208 2764 3347 2817 εἴπω
3374 2766 3512 2837 πρὸς
3535 2767 3620 2830 σὲ,
3645 2769 3803 2823 τοῦτο
3821 2770 3988 2839 φυλά-

2404 2841 2471 2915 ξῃ
2504 2842 2752 2913 λαλῆσαι.
2782 2865 2802 2898 ι
2851 2846 3012 2902 Ἀλλὰ
3055 2851 3269 2922 φήσεις,
3310 2853 3392 2907 ὅτι
3424 2855 3545 2926 μετ’
3573 2856 3731 2925 ὀλίγα
3764 2859 3932 2929 ἐφάνη
3958 2861 3989 2912 6

2402 2931 2536 2995 Θεὸς
2600 2933 2680 3005 τῷ
2723 2935 2971 3009 Βαλαὰμ,
3019 2940 3114 2994 καὶ
3162 2936 3285 2996 εἶπε
3335 2944 3475 3015 πρὸς
3521 2946 3691 3001 αὐτὸν
3734 2948 3981 3019 Βαλαάμ·

2406 3042 2427 3077 t
2444 3024 2584 3089 Τοὺς
2608 3026 2751 3082 ἕτετά
2778 3028 2995 3101 βωμοὺς
3022 3032 3317 3105 ἡτοίμασα,
3343 3036 3438 3089 καὶ
3460 3038 3763 3094 ἀνεϐίϐασα
3787 3040 3989 3111 μόσχον

2401 3117 2497 3172 καὶ
2527 3118 2691 3190 κριὸν
2710 3121 2804 3175 ἐπὶ
2830 3122 2924 3177 τὸν
2954 3122 3158 3195 βωμόν.
3188 3127 3300 3179 Kal.
3323 3128 3578 3184 ἐνέϐαλεν
3604 3134 3635 3185 6
3667 3132 3801 3196 Θεὸς
3832 3134 3990 3205 ῥῆμα

2399 3209 2481 3273 είς
2511 3208 2571 3263 τὸ
2599 3211 2774 3283 στόμα
2802 3213 3051 3286 Βαλαὰμ,
3082 3217 3173 3269 καὶ
3195 3214 3347 3274 εἶπεν
3365 3236 3378 3250 ο
3424 3220 3815 3295 Ἐπιστραφεὶς
3846 3225 3987 3297 πρὸς

2398 3302 2579 3358 Βαλὰκ
2600 3306 2733 3377 (28),
2760 3306 2902 3360 οὕτω
2926 3308 3202 3380 λαλήσεις.
3224 3329 3244 3361 ι
3279 3312 3389 3367 Kal.
3418 3314 3484 3366 σὺ
3509 3314 3565 3368 δὲ
3597 3319 3841 3390 πρόσχες
3864 3319 3988 3383 πῶς

2393 3394 2679 3468 ἀμφότερα
2712 3398 2886 3468 ἀληθῆ
2911 3401 3049 3464 ἐστι,
3079 3401 3174 3454 καὶ
3200 3402 3265 3455 τὸ
3292 3404 3399 3457 ὑπὸ
3423 3404 3518 3459 τοῦ
3553 3407 3789 3475 ἀγγέλου
3823 3409 3985 3478 λεγό-

2397 3504 2555 3558 μενον
2588 3490 2646 3542 ὲν
2665 3488 2778 3561 τῷ,
2814 3509 2833 3542 ι
2862 3493 2928 3545 Ὃ
2960 3492 3055 3546 ἐὰν
3087 3494 3227 3547 εἴπω
3279 3495 3416 3567 πρὸς
3444 3496 3528 3561 σὲ,
3577 3497 3741 3552 τοῦτο
3766 3499 3989 3572 φυλάξῃ

2392 3581 2641 3655 λαλῆσαι,
2680 3602 2701 3635 ι
2731 3584 2825 3638 καὶ
2862 3584 2923 3637 τὸ
2960 3585 3066 3639 ὑπὸ
3096 3585 3196 3655 τῆς
3222 3586 3445 3660 Γραφῆς
3475 3589 3985 3662 ἀπαγγελλόμενον,

2390 3673 2494 3726 ὅτι’
2547 3692 2566 3725 t
2604 3674 2885 3728 Ἐνέῧαλεν
2911 3676 2941 3727 6
2962 3676 3091 3740 Θεὸς
3117 3676 3269 3748 ῥῆμα
3300 3681 3383 3742 εἰς
3425 3679 3486 3733 τὸ
3517 3681 3694 3752 στόμα
3723 3682 3988 3754 Βαλαὰμ,

2391 3767 2487 3820 καὶ
2516 3761 2660 3819 εἶπε*
2691 3787 2711 3819 ι
2742 3767 2804 3821 τὸ
2842 3768 2923 3834 δὲ,
2961 3787 2980 3820 ι
3005 3769 3269 3841 Ἐγενήθη
3318 3770 3536 3842 πνεῦμα
3583 3774 3721 3828 Θεοῦ
3766 3775 3854 3827 ἐπ’
3881 3776 3989 3829 at)-

2388 3858 2528 3931 τῷ,ι
2566 3860 2906 3932 ὠὸελίσαμεν
2936 3862 3068 3933 (29),
3126 3866 3264 3933 μήτε
3306 3864 3459 3929 αὐτὸ,
3499 3867 3638 3938 μήτε
3687 3869 3991 3939 παραπλήο

2390 3953 2505 4007 σιόν
2528 3971 2582 4007 τι
2606 3952 2756 4025 αὐτῷ
2798 3954 3049 4022 εὑρόντες
3094 3956 3152 4007 ἐν
3178 3958 3299 4019 ταῖς
3329 3955 3544 4021 λοιπαῖς
3570 3958 3831 4014 ὲκδόσεσι.
3869 3960 3992 4013 Πά-

2387 4045 2471 4099 λιν
2509 4063 2569 4098 τε
2602 4041 2669 4099 αὖ
2705 4047 2821 4117 μετ’
2846 4046 3020 4115 ὀλίγα,
3060 4062 3076 4093 ι
3102 4047 3443 4119 Συνήντησε.
3513 4051 3717 4121 φησὶν,
3778 4052 3809 4103 6
3835 4050 3992 4114 8.56;

2385 4138 2465 4210 τῷ
2511 4137 2759 4207 Βαλαὰμ,
2796 4138 2891 4191 καὶ
2919 4137 3136 4192 ἐνέϐαλε
3169 4138 3320 4209 ῥῆμα
3351 4139 3432 4203 εἰς
3464 4139 3527 4193 τὸ
3558 4140 3734 4213 στόμα
3776 4142 3989 4205 αὑτοῦ,

2386 4233 2481 4287 καὶ
2506 4227 2623 4284 εἷπε
2642 4248 2656 4262 ο
2720 4230 3123 4304 ’Δποστράφηθι
3153 4231 3294 4303 πρὸς
3338 4232 3526 4287 Βαλὰκ
3561 4235 3696 4307 (50),
3720 4237 3812 4290 καὶ
3839 4238 3992 4292 τάδε

2383 4326 2654 4396 λαλήσεις.
2682 4342 2701 4375 ι
2745 4325 2840 4387 Εἰς
2865 4324 3037 4378 ταῦτα
3078 4324 3135 4378 δὲ
3163 4325 3344 4380 πάντα
3369 4327 3399 4379 6
3427 4328 3749 4400 ἀποτολμῶν
3776 4332 3990 4401 φήσει,

2381 4417 2463 4471 ὅτι
2489 4417 2583 4470 καὶ
2617 4416 2708 4469 ἐπὶ
2735 4415 2830 4469 τοῦ
2855 4415 3028 4469 Σαοὺλ
3055 4415 3271 4487 εἴρηται
3288 4434 3304 4447 ·
3347 4436 3364 4470 ι
3388 4418 3617 4491 Πνεῦμα
3635 4420 3767 4473 Θεοῦ
3794 4440 4000 4493 πονη-

2385 4508 2477 4580 ρὸν
2507 4508 2725 4576 ἔπνιγεν
2757 4507 2939 4561 αὐτόν.
2966 4526 2986 4558 ι
3032 4506 3190 4559 Ἀλλὰ
3221 4507 3317 4561 καὶ
3345 4509 3565 4580 πνεῦμα
3598 4510 3789 4581 ψευδὲς
3819 4513 4001 4578 ἐξελ-

701 4605 755 4657 in
783 4617 879 4657 ore
907 4602 1147 4657 omnium
1180 4603 1570 4673 prophetarum
1594 4600 1802 4664 Achab,
1838 4600 2058 4654 dicente
2088 4600 2273 4654 Domi-

2403 4602 2470 4654 »ὸν
2513 4600 2735 4669 γέγονεν
2766 4600 2823 4653 ὲν
2870 4600 3096 4671 στόματι
3123 4599 3342 4654 πάντων
3382 4601 3494 4655 τῶν
3543 4604 3849 4675 προφητῶν
3886 4605 4001 4661 τοῦ

700 4709 769 4748 no
800 4710 815 4746 :
848 4693 1028 4761 (Quis
1082 4694 1316 4765 decipiet
1361 4691 1639 4747 Achab?»
1684 4700 1739 4745 et
1786 4699 2023 4744 exeunte
2073 4689 2269 4758 Spiritu

698 4783 972 4849 mendaci,
1005 4792 1060 4838 et
1082 4784 1293 4839 dicente
1331 4800 1345 4837 :
1380 4800 1401 4833 ι
1424 4780 1538 4850 Ego
1564 4780 1831 4849 decipiam
1867 4792 1990 4832 eum
2009 4778 2079 4830 ⁸⁰.
2112 4796 2132 4829 ι
2165 4778 2264 4830 At-

2390 4693 2593 4764 ’Ᾱχαὰϐ
2628 4694 2761 4763 (51),
2809 4692 3052 4756 εἰπόντος
3079 4692 3322 4762 Kupiou'
3376 4712 3395 4744 ι
3425 4694 3523 4758 Τίς
3568 4696 3855 4767 ἀπατήσει
3893 4701 4002 4754 τὸν

2388 4785 2619 4854 Ἀχαά6;
2650 4804 2667 4835 ι
2722 4784 2819 4836 καὶ
2847 4782 3153 4847 ἐξελθόντος
3205 4783 3518 4854 πνεύματος
3561 4786 3820 4856 ψευδοῦς,
3860 4792 4006 4845 ικαὶ

694 4891 800 4942 que
848 4877 961 4931 ltzec
1002 4875 1217 4944 quidem
1249 4874 1337 4929 bis
1369 4875 1423 4928 in
1452 4873 1589 4927 locis
1626 4872 1938 4926 examinata
1971 4879 2121 4932 sunt,
2147 4886 2269 4923 cum

2407 4873 2617 4938 ἐπόντος
2637 4889 2650 4903 ⁸
2689 4892 2709 4924 ι
2733 4871 2871 4940 Ἐγὼ
2905 4873 3188 4942 ἀπατήσω.
3218 4892 3237 4922 ι
3276 4873 3462 4926 Ταῦτα
3488 4876 3589 4946 μὲν
3613 4872 3707 4929 οὖν
3729 4879 3819 4940 είς
3852 4884 4008 4946 τοὺς

695 4965 933 5038 alioquin
980 4967 1163 5021 valeat
1211 4967 1595 5035 unusquisque
1650 4980 1680 5018 a
1735 4962 2273 5033 semetipso.couse-

692 5069 926 5126 quenter
964 5059 1051 5113 bis
1099 5059 1424 5115 testimoniis
1466 5071 1587 5126 qua:
1629 5060 1683 5110 in
1741 5055 1976 5109 medium
2043 5055 2271 5124 protuli-

693 5167 835 5215 mus,
863 5152 1210 5206 considerare
1242 5149 1521 5220 quomodo
1538 5148 1944 5220 prophetaverit
1972 5146 2263 5218 Caiapltas.

763 5287 811 5319 ιι
844 5288 1001 5344 Num.
1032 5306 1168 5353 xx",
1195 5291 1391 5345 22-24.
1450 5288 1678 5360 λιι-ιδιά.
1705 5289 1797 5344 27.
1873 5288 2082 5360 “ibid.
2111 5288 2182 5360 ξε
2215 5305 2333 5360 seq.

1044 5360 1090 5392 ⁸⁸
1114 5361 1245 5415 ibid.
1275 5360 1369 5415 ‘16.
1445 5358 1493 5392 “
1520 5358 1539 5412 l
1587 5359 1719 5429 Reg.
1744 5375 1856 5424 xvr,
1888 5359 1979 5413 M.
2054 5360 2100 5390 "
2128 5358 2195 5413 Ill
2226 5355 2359 5432 Reg.
2390 5374 2526 5422 xxu,
2554 5355 2742 5411 20-22.

692 5374 850 5421 ιιιιιι,
886 5360 942 5414 5.

764 5477 877 5556 (26)
916 5477 978 5556 In
1016 5480 1201 5556 chice
1239 5482 1409 5556 Regio
1429 5481 1816 5556 desideratur,
1853 5481 2012 5556 τοῦτο
2046 5485 2262 5556 τρίτον,

690 5549 787 5600 καὶ
824 5549 873 5600 εἰ
916 5549 990 5621 μὴ
1028 5550 1297 5615 ἐξέκλινεν
1327 5549 1442 5605 ’ἀπ’
1489 5551 1659 5621 ἐμοῦ,
1708 5553 1804 5608 sed
1850 5549 2152 5608 restituitur
2198 5572 2264 5611 ex

690 5617 1001 5674 Bodleiano.

1131 5692 1354 5763 Regius,
1394 5706 1707 5763 perperam,
1740 5691 1819 5763 τῷ
1856 5692 2191 5763 Εὐάγγελὶῳ.

693 5760 877 5880 mag?)
915 5761 1141 5816 Βαλὰκ.
1177 5760 1240 5816 Ιιῐ
1268 5760 1595 5831 οοᾱξίὶθεὶο
1627 5760 1903 5832 perperam
1932 5760 2269 5834 legitur'Ba-

768 5900 877 5970 (29)
923 5903 992 5960 Τὸ
1029 5901 1114 5956 δέ.
1162 5921 1182 5954 ι
1242 5900 1533 5970 Ἐγενήθη
1571 5901 1803 5969 πνεῦμα
1843 5902 1991 5954 Θεοῦ
2040 5903 2131 5955 ἐπ’
2164 5906 2267 5959 αὐ-

2368 5486 2470 5552 τῷ,
2494 5507 2521 5559 ξι
2550 5490 2906 5559 ὼϐεεῑίσαμει

2370 4966 2567 5028 τόπους
2616 4963 2919 5036 ὲζητήσθω,
2965 4963 3266 5033 δυναμένου
3314 4965 3457 5027 τινὸς
3506 4968 3601 5035 ἀφ’
3653 4970 3874 5025 ἑαυτοῦ
3927 4977 4012 5029 τὰ,

2369 5056 2639 5111 ἀκόλουθα
2665 5057 2778 5120 τοῖς
2818 5054 3084 5109 ὲκτεθεϊσι
3134 5056 3321 5126 ῥητοῖς
3375 5058 3649 5128 σκοπῆσαι
3683 5062 3826 5130 περὶ
3863 5066 4012 5119 τοῦ,

2373 5149 2488 5213 πῶς
2520 5150 2921 5219 προεφήτευσεν
2953 5150 2982 5201 6
3011 5147 3287 5215 Καϊάφας.
3316 5148 3547 5219 Μήποτε
3577 5149 3634 5203 δὲ
3662 5151 3754 5203 καὶ
3792 5156 4010 5213 ταῦτα

2435 5287 2485 5321 ⁸⁸
2510 5286 2667 5340 Num.
2695 5299 2851 5346 χχιιι,
2878 5284 2937 5349 4,
2959 5283 3013 5339 5.
3118 5281 3165 5313 “
3193 5281 3355 5336 Num.
3376 5298 3518 5351 xm,
3545 5284 3635 5340 55.
3713 5287 3759 5318 "
3805 5290 4010 5351 Num.

2906 5509 2939 5545 ·.
2971 5491 3143 5563 Χξετιιο
3185 5492 3303 5548 haec
3338 5493 3689 5563 reperiuntur
3725 5494 3801 5548 in
3854 5501 4014 5554 Aue-

2371 5557 2631 5627 xandrino
2669 5557 2853 5614 codice
2888 5570 2944 5614 et
2989 5560 3192 5615 Sixtina
3216 5557 3471 5617 .editioite
3513 5581 3525 5616 :
3567 5563 4015 5627 desiderantur

2372 5626 2425 5678 in
2456 5626 2840 5710 Complutensi,
2872 5631 3012 5710 utin
3054 5631 3320 5710 llebraico
3347 5635 3669 5710 archetypo,
3694 5626 4018 5710 reliquis-

2370 5712 2474 5767 que
2507 5697 3038 5767 interpretationibus
3064 5701 3218 5765 plane
3244 5703 3517 5758 omnibus.

2370 5765 2553 5888 mgf.)
2596 5765 2816 5823 amata.
2858 5770 2915 5823 ln
2954 5770 3137 5825 codice
3189 5772 3363 5844 Regio
3400 5775 3541 5830 male
3593 5773 3820 5846 legitur
3879 5783 4017 5840 Ba-

2402 5853 2538 5887 ααυ..

2444 5853 2553 5975 (ᾖ.)
2591 5905 2769 5962 Codex
2806 5906 3021 5979 Regius,
3063 5910 3297 5982 Ἀχαάμ.
