3804 6564
94 431 194 488 7I'I
1075 432 1435 491 COMMENT.
1472 434 1541 489 IN
1577 429 1766 490 JOAN.
1803 430 2043 489 TOMUS
2080 431 2317 489 XXVIII.
3221 430 3323 489 7I8

91 554 168 617 είς
187 551 291 624 τὴν
320 553 656 626 προφητείαν
683 551 846 607 αὐτοῦ
873 552 1109 621 λεκτέον,
1139 556 1243 622 ὅτι,
1268 556 1388 610 ἐπεὶ¹
1421 556 1495 628 μὴ
1518 557 1669 625 ἀγιος

1787 554 1905 611 Vide
1931 570 2060 610 vero
2089 570 2156 609 an
2194 554 2338 610 forte
2380 554 2494 609 haec
2522 553 2685 609 etiam
2715 551 2942 609 dicenda
2968 553 3077 611 sint
3102 553 3168 611 de
3195 570 3323 625 pro-

91 638 176 714 ἦν,
213 644 266 697 εί
301 645 398 697 καὶ
438 642 862 717 προεφήτευσεν,
892 645 1007 698 ἀλλ’
1045 646 1144 699 οὐκ
1177 646 1284 701 ἀπὸ
1316 646 1663 719 έμπνεύσεως

1787 647 1946 701 »Ιιειὶα
1971 647 2110 717 ejus,
2141 647 2399 717 quoniam
2424 661 2531 701 non
2558 655 2779 701 sanctus
2800 654 2938 711 erat,
2961 647 3171 702 etiamsi
3200 663 3327 717 pro-

91 736 409 808 Πνεύματος
450 736 606 807 ἀγίου
638 739 1041 810 προεφήτευσεν
1070 738 1202 812 (32).
1249 740 1454 811 Ὠσπερ
1481 740 1537 793 δὲ
1572 739 1665 811 ξη-

1787 737 2026 803 thetarit,
2058 753 2164 792 non
2204 747 2382 792 tamen
2416 752 2483 793 ex
2508 736 2687 792 alIlatu
2728 737 2961 809 Spiritus
2996 741 3167 795 sancti
3199 756 3330 812 pro-

87 832 301 900 τήσεως
335 826 484 894 ἀξιὸν
516 832 654 894 ἐστι,
684 830 801 894 πῶς
828 832 1198 903 προεφήτευσε
1222 833 1495 903 Καϊάφας,
1524 833 1665 886 οὕτω

1787 826 2018 882 )betasse
2051 828 2372 898 Caiapham.
2396 826 2468 882 Ut
2499 837 2677 883 autem
2706 830 2936 897 quaesita
2964 829 3185 900 dignum
3221 842 3328 898 est,

84 922 176 975 καὶ
205 924 266 975 ὲν
308 923 376 992 τῇ
419 920 611 993 πρώτῃ
640 919 748 974 τῶν
777 921 1073 975 Βασιλειῶν
1106 921 1380 995 ζητήσεις,
1408 922 1525 986 πῶς
1554 922 1665 993 (55)

1787 917 2042 986 pmmodo
2077 918 2489 988 prophetaverit
2514 918 2804 989 Caiaphas,
2834 920 2914 976 sic
2942 921 3107 975 etiam
3139 922 3191 976 in
3218 922 3330 992 pri-

80 1015 507 1085 προεφήτευσαν
550 1013 601 1065 οί
640 1011 859 1082 ἄγγελοι
900 1013 993 1067 τοῦ
1039 1013 1211 1068 Σαοὺλ
1257 1013 1535 1078 σταλέντες
1574 1014 1668 1067 ἐπὶ

1787 1024 1858 1063 no
1903 1009 2111 1081 Regum
2162 1025 2394 1081 quaeres,
2440 1012 2711 1081 quomodo
2748 1013 3124 1081 prophetarint
3156 1013 3331 1069 nuntii

79 1103 174 1158 τὸν
204 1104 397 1169 Δαϐὶδ,
425 1103 521 1158 καὶ
554 1105 669 1175 μετ’
695 1104 889 1170 αὐτοὺς
920 1105 949 1159 6
972 1104 1159 1160 Σαούλ.
1189 1104 1502 1179 Γέγραπται
1529 1106 1663 1177 γάρ·

1770 1101 1952 1157 Saulis
1980 1102 2129 1157 missi
2164 1104 2230 1157 ad
2260 1102 2540 1168 Davidem,
2567 1113 2623 1159 et
2650 1113 2772 1175 post
2812 1108 2961 1176 Ipsos
2992 1104 3147 1161 Saul.
3179 1106 3333 1161 Scri-

83 1211 104 1245 ι
122 1194 243 1247 Καὶ
267 1194 556 1265 ἀπηγγέλη
582 1193 659 1265 τῷ
680 1195 873 1260 Σαοὺλ,
898 1194 1145 1265 λέγοντες
1165 1212 1179 1225 ⁸
1216 1195 1345 1250 Ἰδοὺ
1366 1194 1530 1249 Δαυῖδ
1555 1194 1667 1267 (54)

1787 1204 1920 1249 itum
1964 1203 2050 1250 est
2083 1194 2226 1249 enim
2252 1194 2297 1227 "
2329 1214 2343 1249 :
2377 1212 2396 1247 σ
2421 1196 2485 1250 Et
2521 1197 2826 1251 nuntiatum
2875 1208 2959 1254 est
2987 1198 3136 1254 Sauli
3179 1198 3333 1254 hisce

78 1284 160 1346 είς
192 1282 359 1336 Αύὼθ
406 1286 464 1338 ὲν
508 1284 704 1356 Ῥαμᾷ.
740 1285 851 1340 Καὶ
882 1285 1167 1339 ἀπέστειλε
1207 1284 1379 1340 Σαοὺλ
1406 1286 1671 1355 ἀγγέλους

79 1371 275 1427 λαϐεῖν
299 1373 395 1427 τὸν
417 1373 598 1432 Δαυῖδ,
619 1374 716 1428 καὶ
736 1373 948 1430 είδοσαν
969 1376 1068 1448 τὴν
1093 1375 1383 1447 ἐκκλησίαν
1406 1374 1515 1431 τῶν
1544 1392 1672 1446 προ-

81 1464 300 1534 φητῶν,
324 1464 420 1517 καὶ
446 1464 696 1537 Σαμουὴλ
715 1466 953 1539 εἱστήκει
979 1465 1331 1538 καθεστηκὼς
1354 1468 1439 1521 ἐπ’
1461 1467 1667 1521 αὐτῶν*

82 1558 183 1611 καὶ
211 1557 451 1630 ἐγενήθη
499 1558 594 1612 ἐπὶ
629 1558 755 1624 τοὺς
798 1559 1062 1629 ἀγγέλους
1098 1560 1269 1614 Σαοὺλ
1317 1558 1534 1631 πνεῦμα
1560 1561 1671 1613 Κυ-

85 1648 235 1719 ρίου,
266 1647 369 1702 καὶ
400 1648 807 1720 προεφήτευσαν
832 1647 927 1701 καὶ
953 1648 1125 1702 αὐτοί.
1154 1649 1266 1703 Καὶ
1293 1648 1576 1720 ἀπηγγέλη
1595 1648 1672 1720 τῷ

83 1736 286 1802 Σαοὺλ,
315 1739 411 1794 καὶ
443 1738 763 1792 ἀπέστειλεν
808 1737 1073 1807 ἀγγέλους
1122 1739 1361 1811 ἐτέρους,
1404 1739 1497 1795 καλ⁸
1535 1758 1672 1813 προ-

82 1829 404 1899 εφήτευσαν
430 1831 523 1885 καὶ
552 1831 724 1888 αὐτοί.
754 1831 866 1884 Καὶ
895 1830 1149 1903 ἐθυμώθη
1176 1832 1311 1904 ὀργῇ
1340 1832 1533 1900 Σαοὺλ,
1578 1835 1672 1888 καὶ

1770 1286 1953 1340 verbis
1981 1301 1996 1340 :
2028 1283 2169 1340 Ecce
2200 1285 2368 1340 David
2399 1294 2482 1341 est
2514 1286 2566 1341 in
2593 1287 2789 1355 Avmh,
2824 1287 2878 1342 in
2908 1288 3103 1343 Rama.
3129 1286 3197 1343 Et
3226 1288 3332 1343 mi-

1769 1375 1841 1431 sit
1872 1374 2003 1430 Saul
2041 1376 2256 1432 nuntios
2285 1378 2377 1445 qui
2412 1378 2741 1433 adducerent
2790 1379 3068 1444 Davidem,
3101 1387 3155 1434 et
3183 1378 3332 1433 vide-

1771 1478 1897 1523 runt
1938 1484 2166 1523 cuneum
2207 1468 2612 1540 prophetarum,
2650 1478 2707 1524 et
2755 1470 3060 1525 Samuelem
3099 1478 3331 1527 stantem

1772 1560 2075 1615 antistitem
2109 1575 2275 1631 super
2303 1574 2400 1615 eos
2427 1576 2443 1626 ;
2475 1559 2760 1630 factusque
2793 1570 2874 1616 est
2903 1560 3126 1631 spiritus
3150 1562 3336 1619 Domi-

1774 1653 1829 1707 ni
1881 1668 2045 1724 super
2088 1653 2309 1711 nuntios
2348 1652 2543 1718 Saulis,
2594 1661 2652 1705 ut
2693 1664 2749 1708 et
2790 1654 2890 1725 ipsi
2931 1655 3332 1724 prophetarent.

1773 1742 2201 1812 Nuntiatumque
2234 1752 2319 1799 est
2359 1743 2529 1807 Sauli,
2562 1742 2720 1813 391
2766 1753 2821 1798 et
2851 1744 2999 1799 misit
3033 1745 3168 1801 alios
3199 1762 3337 1802 nun-

1775 1834 1902 1898 tios,
1934 1833 2026 1903 qui
2056 1833 2217 1888 etiam
2258 1832 2357 1901 ipsi
2388 1834 2803 1904 prophetarum.
2834 1832 2901 1887 Et
2929 1833 3223 1889 excanduit
3254 1834 3336 1889 ira

82 1898 364 1991 ἐπορεύθη
394 1921 473 1984 είς
505 1918 837 1992 ’Δρμαθαῖμ,
873 1919 967 1972 καὶ
997 1898 1221 1991 ἔρχεται.
1378 1918 1472 1973 τοῦ
1503 1898 1671 1993 φρέα-

1787 1925 1925 1989 Saul,
1951 1898 2349 1994 concessitque
2388 1898 2558 1980 etiam
2601 1936 2717 1993 Ipse
2761 1924 2816 1979 in
2868 1925 3255 1991 Armatbaeam,
3282 1934 3339 1981 et

82 2025 176 2073 τος
207 2009 306 2063 τοῦ
331 2012 588 2082 μεγάλου,
610 2011 703 2065 καὶ
724 2012 781 2065 έν
799 2014 866 2083 τῇ
891 2010 998 2084 ὁδῷ
1039 2013 1119 2077 είς
1154 2012 1394 2082 Σωφείμο
1431 2013 1527 2067 καὶ
1577 2014 1674 2066 ὲπο

82 2104 369 2177 ηρὼτησε,
395 2104 491 2158 καὶ
521 2101 662 2158 εἴπεο
686 2103 797 2159 Ποῦ
830 2104 1100 2178 Σαμουὴλ,
1127 2106 1221 2159 καὶ⁹
1242 2106 1435 2171 Δαϐίδ;
1464 2105 1575 2159 Καὶ
1599 2100 1675 2159 εἷ-

83 2214 189 2250 πον
218 2196 338 2267 (35)
362 2213 376 2226 ο
441 2197 571 2251 Ἰδοὺ
612 2198 693 2262 είς
737 2196 891 2252 Αὐὼθ
926 2200 984 2251 ὲν
1032 2198 1228 2271 Ῥαμᾷ.
1268 2200 1378 2254 Καὶ
1406 2199 1673 2272 ἐπορεύθη

85 2288 305 2341 ἐκεῖθεν
333 2289 415 2351 εἰς
434 2288 592 2344 Δὺὼθ
618 2292 677 2344 ὲν
707 2289 884 2362 Ῥαμᾷ
905 2288 1016 2362 (36)
1032 2307 1048 2322 ·
1085 2292 1179 2345 καὶ
1210 2291 1438 2364 ἐγενήθη
1465 2292 1552 2345 ἐπ’
1579 2291 1675 2345 αύ-

84 2382 180 2436 τδν
227 2381 454 2452 πνεῦμα
481 2380 636 2448 Θεοῦ,
683 2384 776 2437 καὶ
815 2382 1106 2455 ἐπορεύετο
1152 2383 1530 2454 πορευόμενος,
1581 2384 1677 2438 καὶ

88 2472 482 2545 προφητεύων,
513 2474 617 2539 ἕως
637 2474 809 2529 ἐλθὼν
830 2476 912 2540 είς
934 2475 1091 2530 Αύὼθ
1117 2478 1175 2532 ὲν
1211 2478 1421 2550 Ῥαμᾷ’
1458 2480 1551 2533 καὶ.
1591 2476 1678 2544 ὲξ-

88 2561 327 2617 εδύσατο
361 2563 430 2617 τὰ
462 2564 651 2636 ἱμάτια
677 2565 866 2635 αὐτοῦ,
896 2567 993 2621 καὶ
1018 2570 1422 2641 προεφήτευσεν
1448 2569 1678 2624 ἐνώπιον

87 2654 388 2728 Σαμουήλ’
424 2656 519 2711 καὶ
549 2657 711 2712 έπεσε
761 2659 968 2731 γυμνὸς
1009 2660 1138 2733 ὅλην
1172 2661 1272 2734 τὴν
1298 2660 1510 2735 ἡμέραν
1538 2661 1679 2716 ὲκεί-

90 2763 217 2816 νην,
245 2747 347 2800 καὶ
390 2747 520 2820 ὃλην
555 2749 654 2821 τὴν
697 2749 886 2806 νύκτα.
928 2751 1027 2805 Διά
1059 2751 1217 2807 τοῦτο
1249 2752 1430 2823 ἔλεγον
1452 2770 1468 2785 ο
1494 2754 1557 2807 Ei
1586 2754 1680 2808 καὶ

92 2837 273 2909 Σῳὺλ
304 2839 369 2891 ἐν
399 2843 742 2913 προφήταις;
773 2860 792 2895 ι
856 2842 1188 2913 Ἀναγκαίως
1238 2843 1297 2898 δὲ
1342 2844 1546 2916 νομίζω
1586 2845 1681 2899 καὶ

91 2927 276 2983 ταῦτα
310 2932 737 3002 παρατεθεῖσθαι
770 2932 908 3007 ὑπὲρ
939 2934 1031 2988 τοῦ
1062 2937 1295 3006 φανῆναι
1342 2935 1463 2999 πῶς
1504 2936 1682 3008 ἀμαρ-

89 3020 262 3075 τωλοὶ
282 3023 710 3095 προφητεύουσι,
731 3025 825 3080 καὶ
843 3024 1068 3099 πότερον
1090 3028 1150 3091 ἐξ
1170 3027 1324 3095 ἁγίου
1345 3027 1485 3081 Πνεύ
1492 3044 1679 3099 ματος,

93 3111 127 3183 ἢ
164 3112 276 3169 ἀπὸ
302 3113 473 3187 ἀλλης
496 3115 795 3187 δυνάμεως,
823 3116 948 3171 ὅσον
968 3131 1033 3187 γε
1062 3118 1156 3171 ἐπὶ
1182 3117 1260 3189 τῷ
1292 3122 1587 3192 μαρτυρεῖν
1612 3122 1681 3191 τῇ

1773 2019 1923 2073 venit
1956 2032 2131 2087 usque
2179 2015 2248 2072 ad
2287 2026 2506 2087 puteum
2553 2030 2830 2087 magnum,
2855 2024 2911 2071 et
2953 2016 3019 2070 ad
3046 2016 3188 2071 viam
3216 2030 3338 2087 quae

1775 2119 1861 2166 est
1917 2110 1971 2166 in
2021 2109 2292 2176 Sopbem;
2343 2114 2399 2163 et
2439 2108 2781 2179 interrogans
2824 2108 2898 2163 ait
2934 2124 2949 2163 :
2982 2107 3084 2165 Ubi
3119 2118 3203 2163 est
3237 2109 3339 2164 Su-

1776 2202 1944 2270 muel,
1996 2211 2052 2258 et
2091 2201 2295 2257 David?
2336 2199 2405 2256 Et
2453 2200 2750 2256 dixerunt:
2782 2201 2919 2257 Ecce
2963 2201 3016 2254 in
3063 2199 3239 2256 Avoth
3282 2200 3338 2256 in

1777 2295 1967 2349 Rama.
2000 2294 2066 2349 Et
2088 2294 2337 2349 concedit
2358 2292 2507 2348 illinc
2533 2292 2586 2347 in
2604 2291 2778 2347 Avoth
2808 2291 2861 2347 in
2893 2291 3064 2347 Rama
3093 2308 3106 2344 :
3131 2291 3339 2347 factus-

1777 2400 1883 2458 que
1921 2396 2005 2442 est
2036 2387 2262 2455 spiritus
2299 2383 2509 2441 Domini
2543 2396 2708 2453 super
2735 2397 2880 2448 eum,
2910 2392 2966 2438 et
2997 2383 3177 2439 eundo
3206 2384 3338 2449 ibat,

1777 2488 1942 2548 atque
1987 2478 2370 2547 prophetabat,
2407 2476 2582 2531 donec
2628 2490 2750 2530 cum
2801 2476 3040 2531 venisset
3084 2474 3138 2530 in
3162 2474 3341 2532 Avoth

1779 2571 1832 2626 in
1866 2570 2055 2636 Rama,
2084 2569 2264 2626 exutis
2284 2568 2624 2625 vestimentis
2657 2567 2768 2622 suis
2791 2566 3131 2638 prophetavit
3157 2580 3341 2621 coram

1780 2662 2067 2731 Samuele;
2115 2672 2172 2717 et
2224 2660 2458 2731 procidit
2493 2659 2673 2715 nudus
2709 2667 2821 2713 tota
2865 2657 2955 2712 illa
2989 2658 3101 2724 die,
3140 2668 3196 2714 et
3232 2666 3342 2713 tota

1780 2764 1960 2811 nocte.
2012 2754 2149 2810 Hinc
2183 2754 2384 2809 dicitur
2413 2770 2429 2807 :
2458 2750 2599 2806 Num
2645 2760 2701 2806 et
2747 2749 2880 2805 Saul
2925 2750 3065 2805 inter
3113 2750 3346 2820 prophe-

1782 2848 1910 2904 tas?
1936 2866 1955 2901 ι
1985 2848 2111 2903 Hzec
2140 2861 2271 2902 vero
2297 2844 2607 2901 necessario
2641 2843 2883 2914 apposita
2918 2842 3086 2898 fuisse
3116 2857 3261 2902 reor.
3286 2848 3345 2895 ut

1782 2941 2017 2995 clareret
2061 2946 2380 3008 peccatores
2412 2947 2628 3005 quoque
2671 2932 3032 3004 prophetare;
3074 2940 3128 2986 et
3162 2940 3342 2985 utrum

1784 3040 1850 3080 ex
1902 3024 2109 3095 Spiritu
2155 3031 2363 3089 sancto,
2409 3036 2479 3077 an
2524 3037 2591 3077 ex
2638 3021 2745 3075 alia
2784 3022 3023 3092 potentia
3058 3033 3162 3075 non
3195 3033 3347 3073 men-

1787 3115 1975 3183 tiente,
2005 3124 2268 3187 quantum
2321 3114 2387 3169 ad
2426 3111 2822 3169 testiﬁcandum
2863 3111 3076 3166 veritati
3126 3109 3344 3175 attinet,

92 3203 353 3276 ἀληθείᾳ,
406 3207 481 3279 μὴ
513 3206 866 3281 ψευδομένης.
923 3210 1092 3264 Πάλιν
1120 3227 1179 3265 τε
1207 3206 1274 3265 αὖ
1309 3213 1367 3264 ὲν
1395 3213 1462 3282 τῇ
1495 3209 1684 3283 πρώτη

1787 3207 1842 3261 hi
1871 3207 2215 3277 prophetent.
2240 3204 2581 3273 Rursumque
2606 3202 2659 3256 in
2689 3200 2866 3271 primo
2890 3198 3093 3269 Regum
3112 3196 3160 3229 “
3193 3198 3347 3289 iuve-

92 3293 208 3347 τῶν
253 3294 553 3353 Βασιλειῶν
609 3301 952 3371 εὑρίσκονται
991 3303 1040 3356 οἱ
1090 3301 1198 3357 τῶν
1243 3302 1476 3356 εἰδώλων
1542 3302 1682 3374 μάν-

97 3402 215 3451 τεις
265 3389 682 3456 ύποδεικνύντες
724 3394 793 3447 τά
828 3395 957 3467 περὶ
1002 3394 1103 3466 τῆς
1151 3394 1406 3461 κιϐωτοῦ,
1441 3395 1535 3449 καὶ
1579 3394 1682 3459 ὅτι,

96 3480 245 3534 ἐπὰν
276 3480 403 3552 βόες
434 3485 874 3555 πρωτοτοκοῦσαι
918 3486 1054 3557 (57),
1080 3486 1181 3558 τὴν
1230 3486 1349 3541 ὁδὸν
1388 3484 1563 3559 Ἰησοῦ
1588 3484 1684 3539 τοῦ

102 3570 526 3642 Βεθσαμυσαίου
556 3575 882 3647 πορευθῶσι,
917 3575 1271 3647 σημαίνουσιν
1300 3577 1407 3631 ἀπὸ
1431 3577 1565 3632 Θεοῦ
1595 3596 1686 3648 γε·

100 3664 324 3731 γονέναι
358 3665 456 3737 τὴν
500 3666 713 3739 πληγὴν
748 3669 864 3733 τοῖς
892 3668 1266 3732 Φυλιστιαίοις.
1303 3669 1437 3723 Οὐδὲ
1463 3670 1533 3723 τά
1561 3670 1689 3743 περὶ

101 3757 203 3829 τὴν
237 3757 677 3830 ὲγγαστρίμυθον
719 3759 816 3813 καὶ
853 3758 944 3814 τὸν
989 3760 1239 3832 Σαμουὴλ
1284 3763 1340 3815 ὲν
1368 3764 1479 3825 τοῖς
1504 3762 1689 3826 τόποις

101 3848 319 3914 τούτοις
348 3851 821 3923 παρασιωπητέον,
857 3851 951 3921 ἀφ’
989 3845 1065 3908 ὧν
1096 3851 1296 3924 ἔμαθεν
1324 3854 1353 3906 6
1389 3853 1580 3917 Σαοὺλ,
1606 3854 1688 3906 ὅτι

104 3943 171 4012 τῇ
212 3941 346 4012 ἑξῆς
374 3942 595 4013 ἔμελλεν
620 3943 735 4014 ἀμα
764 3945 880 4008 τοῖς
900 3944 1037 4009 υἱοῖς
1074 3944 1524 4017 ἀναιρεθήσεσθαι
1554 3944 1690 4017 ἡμέ-

107 4049 203 4105 pa.
252 4035 326 4088 Τὸ
356 4034 413 4088 δὲ
435 4036 658 4108 ἀκριϐὲς
687 4040 744 4091 ὲν
771 4040 885 4102 τοῖς
911 4037 1097 4102 τόποις
1127 4037 1317 4108 ὄψεται
1340 4038 1369 4090 6
1394 4037 1690 4109 δυνάμενος

106 4121 390 4177 διαλαϐεῖν
440 4125 570 4197 περὶ
613 4125 885 4199 διαφόρων
936 4125 1236 4197 δυνάμεων,
1289 4125 1545 4198 χειρόνων
1595 4127 1691 4180 καὶ

110 4214 461 4284 κρειττόνων,
486 4218 534 4270 εί
564 4216 622 4270 δὲ
642 4217 737 4271 καὶ
757 4213 866 4271 εἶέν
890 4234 1034 4281 τινες
1057 4217 1281 4288 μεταξὺ,
1310 4217 1405 4270 καὶ
1423 4217 1551 4289 περὶ
1569 4216 1691 4270 τού-

112 4321 242 4360 των,
279 4305 452 4360 Πάλιν
495 4324 552 4360 τε
583 4304 651 4361 αῦ
678 4310 708 4361 6
738 4308 1057 4380 βουλόμενος
1084 4309 1194 4362 ἀπὸ
1241 4309 1482 4380 χείρονος
1526 4308 1690 4362 δυνά·

114 4412 266 4465 μεως
301 4399 813 4469 προπεφητευκέναι
838 4399 928 4453 τὸν
962 4399 1237 4470 Καϊάφαν,
1274 4400 1437 4472 φησὶν
1463 4401 1565 4465 ὅτι,
1598 4401 1692 4453 ού-

107 4486 200 4539 62»
219 4488 521 4559 παράδοξόν
545 4490 659 4542 ἐστι
680 4490 920 4562 πονηρὰν
941 4489 1168 4561 δύναμιν
1193 4489 1364 4544 ταῦτα
1389 4491 1688 4563 εἰρηκέναι,

108 4576 247 4630 ὅπου
275 4595 341 4646 γε
375 4579 436 4632 οὐ
467 4580 640 4653 πάντη
672 4580 885 4650 ἀγνοῶν
917 4584 1009 4637 καὶ
1041 4584 1069 4636 6
1096 4582 1339 4647 διάϐολος
1376 4584 1689 4654 εὑρίσκεται
1721 4566 1764 4621 Ῑ)

110 4667 206 4721 τὸν
237 4669 365 4723 Υίδν
409 4670 539 4724 ὄντα
568 4671 724 4736 Θεοῦ,
759 4672 818 4728 ὲν
847 4675 960 4738 τοῖς
1000 4674 1390 4747 ἀναγραφεῖσιν
1429 4675 1535 4728 ὑπὸ
1580 4677 1688 4732 τῶν

110 4758 517 4828 εὖαγγελιστῶν
549 4762 801 4833 εἰρῆσθαι
843 4765 934 4818 ὑπ’
964 4764 1127 4818 αὐτοῦ
1158 4765 1294 4836 πρὸς
1330 4765 1422 4819 τὸν
1459 4765 1684 4837 Κύριον.

110 4849 277 4919 θήσει
297 4850 376 4914 δὲ,
394 4852 479 4905 ὅτι
491 4852 585 4906 καὶ
602 4852 833 4925 πονηρία
847 4871 931 4918 τις
943 4853 1185 4908 ἔκκειται
1201 4855 1336 4927 (57⁸)
1353 4858 1418 4928 τῇ
1438 4857 1689 4928 ἐνεργού-

115 4954 192 5011 σῃ
228 4941 456 5012 δυνάμει
493 4942 667 4997 ταῦτα
687 4945 1121 5016 προφητεύεσθαι
1146 4946 1276 5017 περὶ
1295 4946 1387 4999 τοῦ
1410 4947 1682 5018 Σωτῆρος

117 5032 316 5096 σκοπὸς
345 5033 458 5104 γὰρ
483 5029 551 5105 ἦν
578 5036 714 5107 αὐτῇ
743 5036 805 5089 ού
832 5038 893 5090 τὸ
924 5037 1306 5108 πιστοποιῆσαι
1338 5039 1462 5101 τοὺς
1487 5039 1691 5110 ἀκροωα
1720 5106 1723 5107 ν

117 5123 330 5193 μένους,
366 5126 483 5181 ἀλλ’
510 5127 749 5200 ἐρεθίσαι
773 5128 902 5192 τοὺς
930 5130 988 5183 ὲν
1024 5128 1104 5201 τῷ
1132 5130 1391 5203 συνεδρίῳ
1419 5131 1690 5203 ἀρχιερεῖς

195 5266 276 5321 "l
305 5270 443 5339 Reg.
477 5284 593 5335 nx,
623 5268 690 5324 19
724 5284 838 5339 seq.

205 5359 305 5429 (32)
319 5359 475 5414 Ἀλλ’
495 5361 606 5413 οὐκ
624 5358 743 5429 ἀπὸ
761 5358 1139 5429 ὲμπνεύσεως
1159 5360 1502 5427 Πνεύματος
1517 5360 1689 5428 ἁγίου

120 5428 590 5498 προεφήτευσεν.
621 5428 746 5482 “me
780 5429 836 5482 in
867 5429 1050 5499 codice
1076 5428 1262 5499 Regio,
1296 5444 1359 5499 ac
1384 5429 1608 5498 proinde
1632 5430 1688 5484 in

120 5499 254 5552 edit.
282 5499 483 5561 Huetii,
509 5499 905 5559 desiderantur,
931 5498 1025 5551 sed
1051 5498 1266 5552 exstant
1292 5498 1347 5551 in
1376 5499 1685 5553 Bodleiano.

207 5569 305 5638 (3'5)
334 5569 468 5635 Πῶς
511 5568 920 5636 προεφήτευσε
941 5567 1249 5638 Καϊάφας,
1290 5568 1443 5638 οὕτω
1486 5569 1584 5622 καί
1619 5570 1689 5623 ἐν

121 5635 209 5704 τῇ
254 5635 449 5709 metu
504 5635 624 5692 τῶν
662 5635 1007 5709 Βασιλειίῶν
1030 5635 1321 5709 ζητήσεις
1365 5636 1510 5702 πῶς.
1564 5639 1690 5695 Haec

122 5722 349 5835 ςῐυοὲἑιὲι
376 5707 442 5790 in
465 5709 653 5764 codice
686 5707 855 5780 Regio
892 5708 1300 5775 desiderantur,
1339 5710 1437 5764 sed
1476 5718 1689 5765 exstant

124 5793 187 5829 in
351 5795 525 5834 enano.

124 5793 187 5829 In
228 5793 525 5834 DOUICIaIIO.

210 5846 310 5919 (δέ)
342 5852 447 5904 Καὶ
476 5850 605 5919 μετ’
632 5849 853 5914 αὐτοὺς
880 5850 914 5902 d
942 5850 1158 5904 Σαούλ.
1198 5848 1530 5919 Γέγραπται
1557 5850 1687 5918 γάρ’

123 5916 244 5971 Καὶ
271 5916 568 5991 ἀπηγγέλη
596 5919 678 5986 τῷ
707 5919 926 5989 Σαοὺλ,
961 5918 1256 5990 λέγοντες
1289 5916 1451 5975 ’Ἰδοὺ
1488 5916 1682 5975 Asta/1‘6.

1786 3299 2011 3352 niuntur
2064 3295 2331 3352 idolorum
2379 3303 2552 3359 vates,
2601 3292 2951 3349 ostendentes
2979 3290 3047 3344 de
3074 3303 3222 3355 arca,
3255 3287 3350 3343 de-

1785 3388 2204 3457 nuntiantesque
2229 3385 2576 3449 Philisthaeis,
2610 3383 2753 3453 quod
2783 3381 2829 3438 si
2858 3380 3065 3437 bucula
3092 3380 3351 3435 lactentes

1786 3474 1840 3530 in
1871 3476 2013 3530 viam
2048 3472 2598 3529 ambulaverintJesu
2626 3472 3014 3536 Bethsamusae,
3049 3470 3225 3525 sciant
3247 3467 3352 3524 sibi

1787 3582 1819 3622 a
1862 3567 1973 3623 Deo
2024 3566 2222 3632 factam
2268 3563 2437 3619 fuisse
2469 3564 2701 3635 plagam.
2732 3562 2813 3617 Ac
2856 3575 2923 3616 ne
2972 3562 3100 3616 illud
3134 3562 3350 3631 quidem

1787 3660 1855 3715 de
1887 3659 2114 3714 muliere
2157 3659 2391 3713 habente
2428 3656 2676 3725 spiritum
2721 3653 3008 3726 Pythonis,
3033 3654 3206 3723 deque
3254 3650 3356 3707 Sa-

1790 3753 1964 3806 muele
1997 3752 2050 3805 in
2075 3751 2160 3804 his
2190 3750 2323 3804 locis
2354 3747 2689 3802 reticendum
2729 3755 2816 3801 est
2841 3763 2856 3799 :
2878 3760 2944 3801 ex
2976 3746 3176 3815 quibus
3202 3744 3350 3801 didi-

1789 3845 1864 3899 cit
1895 3842 2023 3899 Saul
2069 3841 2329 3905 futurum,
2366 3849 2426 3894 ut
2449 3850 2670 3909 postero
2701 3836 2787 3893 die
2819 3851 2940 3893 cum
2986 3836 3110 3893 [iliis
3146 3837 3355 3892 interli-

1791 3944 2007 3991 ceretur
2030 3933 2076 3965 ⁸³
2102 3950 2116 3987 :
2143 3946 2372 4003 quorum
2402 3929 2645 3984 locorum
2690 3939 3007 3983 accuratam
3047 3930 3352 3998 intelligen-

1791 4032 1920 4084 tiam
1946 4029 1992 4083 is
2018 4026 2233 4081 visurus
2253 4035 2356 4091 est,
2389 4025 2478 4093 qui
2513 4025 2784 4079 disserere
2810 4030 2988 4090 putest
3033 4022 3098 4076 de
3124 4022 3355 4075 diversis

1789 4117 2069 4189 potentiis,
2104 4123 2218 4169 tum
2247 4114 2408 4169 bonis
2442 4122 2553 4166 tum
2584 4112 2758 4174 malis,
2796 4121 2960 4180 atque
2981 4111 3048 4165 de
3074 4110 3156 4164 his
3185 4111 3351 4165 etiam

1792 4226 1911 4281 quae
1941 4202 2086 4264 inter
2114 4208 2212 4262 has
2241 4205 2429 4262 Inedia:
2456 4214 2603 4268 sunt,
2631 4203 2674 4258 si
2699 4218 2821 4272 quas
2848 4212 2997 4257 sunt.
3031 4201 3240 4256 Rursus
3260 4203 3379 4269 qui-

1792 4301 1922 4356 velit
1995 4298 2290 4368 Caiapham
2344 4296 2698 4366 prophetasse
2750 4292 2800 4345 vi
2866 4293 3116 4359 potentia:
3167 4292 3354 4358 malae,

1792 4393 2035 4448 dicturus
2068 4400 2152 4445 est
2202 4388 2277 4443 nil
2322 4389 2519 4442 mirum
2546 4401 2689 4450 esse,
2714 4385 2759 4438 si
2795 4383 2937 4438 mala
2963 4383 3204 4453 potentia
3243 4382 3359 4437 haec

1796 4481 2480 4552 dixerit,-quandoquidem
2508 4478 2814 4534 inveniatur
2835 4475 3084 4531 diabolus
3103 4490 3206 4530 non
3237 4491 3358 4531 om-

1794 4579 1922 4632 nino
1953 4578 2205 4646 ignorare
2245 4572 2432 4629 Iesum
2470 4573 2676 4626 dictum
2719 4568 2888 4624 fuisse
2920 4569 2974 4623 in
3024 4568 3111 4622 his
3142 4583 3264 4638 qua:
3289 4569 3359 4621 ab

1792 4668 2140 4736 evangelistis
2162 4674 2289 4720 sunt
2323 4664 2547 4734 scripta,
2573 4662 2768 4717 Filium
2804 4659 2898 4716 Dei
2926 4674 3066 4727 esse,
3094 4674 3216 4715 cum
3247 4659 3360 4728 ipse

1792 4762 2104 4831 loqueretur
2155 4757 2223 4811 ad
2279 4754 2589 4811 Dominum.
2648 4752 2801 4808 Dicet
2864 4760 3042 4806 autem
3097 4748 3359 4804 malitiam

1792 4853 1954 4906 etiam
1990 4850 2279 4919 quamdam
2305 4847 2485 4900 inesse
2510 4845 2568 4897 in
2601 4842 2840 4913 potentia
2865 4850 3124 4910 operante
3159 4851 3218 4896 ut
3242 4840 3361 4895 haec

1792 4948 1859 5000 de
1912 4943 2206 4997 Servatore
2236 4935 2958 5010 prophetareutur:quippe
3004 4935 3092 4990 cui
3161 4948 3359 5003 scapus

1795 5046 1941 5091 esset
1970 5051 2078 5090 non
2104 5031 2294 5087 ﬁdeles
2318 5030 2500 5086 facere
2528 5030 2830 5092 auditores,
2855 5027 2949 5082 sed
2998 5041 3243 5081 summos
3266 5041 3357 5081 sa—

1795 5130 2043 5184 cerdotes
2085 5126 2514 5195 Pharisazosque,
2552 5123 2644 5194 qui
2680 5129 3047 5176 convenerant
3087 5119 3140 5173 in
3177 5120 3359 5174 conci-

944 5270 991 5303 "
1026 5269 1198 5340 IReg.
1231 5286 1308 5339 v1,
1342 5271 1396 5327 9.
1472 5270 1519 5303 ⁸³
1547 5271 1567 5325 I
1594 5271 1727 5340 Reg.
1766 5280 1963 5330 xxvm,
1990 5264 2075 5320 19.

1796 5362 1930 5483 ιιωὲ
1949 5362 2111 5485 etiam
2142 5362 2199 5417 in
2227 5363 2412 5421 codice
2440 5360 2607 5433 Regio
2631 5363 2829 5419 omissa
2853 5375 2999 5431 sunt,
3031 5365 3126 5420 sed
3152 5376 3366 5423 exstant

1797 5448 1848 5484 ιη
1933 5447 1979 5483 0t
2023 5448 2195 5485 elano.

1797 5448 1848 5484 ιη
1894 5447 2195 5487 ηοιιιριίιηο.

1870 5501 1979 5568 (55)
2015 5501 2193 5556 Codex
2226 5503 2447 5572 Regius,
2489 5501 2657 5555 εἶπεν.

1868 5572 1977 5642 (56)
2018 5573 2127 5643 Καὶ
2158 5574 2449 5643 ἐπορεύθη
2486 5573 2714 5626 ἐκεῖθεν
2746 5575 2832 5638 εὶς
2855 5573 3027 5630 Αὺὼθ
3052 5574 3121 5628 ἐν
3164 5573 3361 5643 Ῥαιιᾷ.

1797 5640 1919 5696 Ιίτεο
1950 5640 2322 5697 desiderantur
2352 5642 2405 5697 in
2439 5644 2673 5698 editione
2703 5643 2901 5697 lluetii.

1867 5712 1977 5783 (37)
2020 5713 2525 5783 Πρωτοτοκοῦσαι.
2567 5714 2657 5768 Sic
2703 5729 2803 5768 nos
2841 5729 2964 5769 cum
3003 5713 3233 5779 Huctio;
3273 5714 3364 5767 alii

1794 5782 2315 5853 πρωτοτοκεύουσαι.
2353 5784 2500 5853 Enn.

1795 5921 1836 5976 Ε
1868 5854 1998 5919 (57⁸)
2034 5854 2349 5909 Ἐκκειται.
2377 5852 2687 5927 Legendum
2710 5853 2922 5910 videtur
2947 5870 3067 5912 esse
3096 5853 3338 5922 ἔγκειται

1840 5939 1946 5976 υιτ.

1840 5939 1946 5978 DIT.
