4082 6614
749 436 855 493 719

2214 445 2534 502 ORIGENIS

3871 449 3962 504 7‘20

751 560 883 609 lium
927 554 1186 610 adversus
1221 553 1427 620 Iesum,
1466 555 1707 623 irritare,
1735 566 1795 612 ut
1838 559 2013 628 ipsum
2049 561 2290 616 interﬁce

2420 560 2512 613 καὶ
2537 560 2859 630 Φαρισαίους
2890 559 3030 614 κατά
3057 560 3149 614 τοῦ
3195 561 3389 634 Ἰησοῦ,
3432 564 3518 616 ἵνα
3547 562 3710 616 αὐτὸν
3741 563 3961 619 ἀποκτεί-

753 659 871 702 rent
903 664 918 702 :
953 665 1073 718 quae
1107 652 1354 720 operatio
1385 665 1491 703 non
1524 660 1647 703 erat
1672 665 1736 704 ex
1771 649 1975 720 Spiritu
2007 663 2217 708 sancto.

820 739 908 794 M.
951 740 1084 796 Vide
1123 757 1254 796 vero
1288 757 1354 794 an
1403 756 1510 794 non
1553 742 1840 794 concitare
1872 742 2003 795 velit
2037 744 2315 798 auditores

750 839 863 892 sive
924 838 1209 908 Caiaphas.
1257 838 1371 893 sive
1422 839 1466 892 is
1516 839 1605 907 qui
1659 838 1733 890 illi
1786 837 1894 890 vim
1953 836 2311 904 prophetandi

749 929 1146 999 suppeditabat,
1181 930 1248 981 ad
1298 927 1731 982 interﬁciendum
1779 927 1966 981 Jesum
2003 925 2152 980 hisce
2186 940 2311 980 ver-

747 1021 831 1074 bis
861 1037 876 1076 :
912 1039 930 1072 ι
963 1019 1070 1075 Vos
1100 1021 1319 1075 nescitis
1341 1021 1658 1090 quidquam,
1693 1035 1866 1088 neque
1907 1019 2161 1088 cogitatis
2184 1020 2309 1087 quia

742 1111 959 1179 expedit
993 1110 1146 1165 nobis
1180 1120 1240 1164 ut
1279 1126 1418 1164 unus
1471 1111 1632 1164 homo
1659 1111 1927 1164 moriatur
1957 1126 2055 1179 pro
2091 1110 2309 1180 populo,

745 1212 802 1256 et
833 1217 934 1255 non
965 1201 1126 1272 392
1164 1211 1268 1256 tota
1315 1216 1446 1271 gens
1487 1202 1759 1270 pereat“.
1799 1222 1818 1254 ι
1851 1201 2044 1257 Utrum
2086 1201 2180 1272 qui
2225 1201 2309 1255 di-

743 1292 858 1359 cit,
889 1311 906 1343 ι
932 1295 1151 1362 expedit
1200 1294 1417 1356 nobis,»
1451 1309 1570 1362 qua:
1619 1294 1784 1348 verba
1837 1303 1964 1348 sunt
2013 1294 2309 1363 prophetiae

742 1383 913 1453 ipsius
938 1399 1084 1453 pars,
1105 1401 1231 1441 vera
1263 1396 1450 1441 narrat
1483 1402 1550 1439 an
1585 1386 1888 1441 mentitur?
1914 1385 1970 1440 Si
2003 1400 2128 1438 vera
2175 1401 2305 1439 nar-

739 1485 843 1540 rat,
883 1487 1134 1532 servatur
1180 1479 1474 1548 Caiaphas,
1535 1493 1658 1532 cum
1703 1478 1788 1533 his
1837 1478 1930 1547 qui
1987 1478 2040 1531 in
2078 1477 2306 1532 concilio

739 1569 996 1624 adversus
1018 1568 1198 1624 Jesuni
1236 1573 1587 1635 centenduut,
1611 1569 1736 1640 quia
1770 1580 2014 1624 mortuus
2038 1579 2122 1622 est
2147 1568 2304 1623 Iesus

737 1672 835 1727 pro
856 1659 1071 1730 populo,
1111 1669 1632 1729 eonsequunturque
1668 1672 1857 1713 omnes
1899 1657 1951 1711 hi
1992 1657 2301 1721 utilitatem;

737 1753 783 1806 si
820 1768 950 1808 vero
971 1754 1263 1808 absurdum
1291 1761 1376 1806 est
1415 1751 1595 1806 dicere
1629 1750 1946 1820 Caiapham,
1977 1763 2179 1819 eosque
2203 1747 2300 1818 qui

737 1845 970 1901 concilio
1009 1846 1242 1898 aderant
1295 1843 1555 1897 adversus
1596 1841 1805 1906 Iesum,
1835 1841 2040 1896 servari
2074 1855 2296 1895 assecu-

2417 667 2595 703 νωσιν·
2631 653 2765 721 ὅπερ
2794 651 2892 704 οὐκ
2916 646 2983 722 ἦν
3007 652 3146 705 κατά
3169 653 3230 704 τὸ
3255 654 3408 721 ἀγιον
3440 654 3661 724 Πνεῦμα
3681 655 3959 726 ἐνεργῆσαι.
3990 669 4008 722 ς.

2487 743 2574 798 M.
2611 744 2748 814 Ὅρα
2768 742 2874 812 γὰρ
2890 744 2936 794 εἰ
2961 742 3036 813 μὴ
3056 743 3350 814 παροξῦναι
3376 744 3620 815 βούλεται
3636 748 3763 811 τοὺς
3777 749 3959 820 ἀκροω-
3995 755 4017 770 ”·

2417 833 2607 901 μένους
2639 834 2750 904 (58)
2778 835 2885 887 είτε
2932 837 2960 888 6
2994 835 3267 905 Καϊάφας,
3316 837 3426 890 εἴτε
3474 838 3535 892 τὸ
3584 839 3839 910 ἐνεργοῦν
3884 841 3959 892 αύ-
4020 886 4026 904 ,

2413 923 2502 976 τὸν
2535 926 2914 996 προφητεύειν,
2950 925 3085 997 πρὸς
3109 927 3168 980 τὸ
3190 929 3504 982 ἀποκτεῖναι
3526 930 3616 983 τὸν
3649 931 3869 1000 Ἰησοῦν,
3893 932 3961 988 διὰ
4019 927 4024 936 ’

2412 1015 2503 1068 τοῦ
2523 1032 2536 1044 ·
2582 1034 2598 1065 ι
2623 1015 2810 1086 ’Υμεῑς
2837 1017 2935 1070 οὐκ
2964 1017 3138 1070 οἴδατε
3184 1019 3336 1072 οὐδὲν
3365 1020 3497 1090 (59),
3533 1021 3656 1074 οὐδὲ
3687 1022 3960 1090 λογίζεσθε,

2411 1107 2492 1159 ὅτι
2522 1107 2785 1178 συμφέρει
2831 1108 2959 1176 ἡμῖν
2990 1108 3075 1161 ἵνα
3122 1105 3201 1172 εἷς
3231 1110 3513 1180 ἄνθρωπος
3568 1111 3818 1187 ἀποθάνῃ
3845 1114 3961 1186 ὑπὲρ

2409 1195 2502 1249 τοῦ
2536 1195 2685 1259 λαοῦ,
2718 1198 2810 1250 καὶ
2859 1196 2933 1268 μὴ
2959 1197 3076 1251 ὅλον
3106 1199 3165 1250 τὸ
3202 1198 3354 1262 ἔθνος
3377 1200 3664 1271 ἀπόληται.
3693 1222 3712 1255 ι
3747 1198 3883 1276 Ἀρά
3908 1222 3957 1272 γε

2409 1289 2437 1340 6
2457 1287 2648 1356 λέγων,
2673 1307 2690 1338 ι
2716 1288 2990 1359 Συμφέρει
3019 1291 3168 1360 ἡμῖν,
3184 1311 3202 1341 ι
3222 1291 3358 1362 ὅπερ
3377 1291 3540 1363 μέρος
3564 1289 3633 1364 ἦν
3648 1294 3750 1364 τῆς
3771 1312 3957 1367 προφη-

2407 1379 2557 1442 τείας
2585 1379 2770 1446 αὑτοῦ,
2801 1380 3074 1451 ἀληθεύει,
3108 1383 3451 1453 ἢψεύδεται;
3483 1385 3547 1438 Ei
3587 1386 3685 1456 μὲν
3716 1387 3822 1459 γάρ
3852 1389 3960 1461 ἀλη-

2409 1470 2572 1535 θεύει,
2607 1471 2837 1536 σώζεται
2859 1475 2887 1526 6
2909 1474 3180 1543 Καϊάφας.
3217 1475 3311 1528 καὶ
3331 1477 3381 1528 oi
3412 1477 3468 1530 ὲν
3501 1477 3577 1548 τῷ
3600 1478 3856 1550 συνεδρίῳ
3879 1498 3957 1534 κα-

2406 1561 2474 1615 τὰ
2505 1562 2598 1615 τοῦ
2642 1563 2814 1634 Ἰησοῦ
2841 1565 3247 1636 ἀγωνιζόμενοι,
3285 1567 3652 1632 ἀποθανόντος
3678 1569 3773 1623 τοῦ
3808 1573 3958 1642 Ἰησοῦ

2406 1653 2544 1725 ὑπὲρ
2576 1654 2668 1708 τοῦ
2699 1655 2850 1718 λαοῦ,
2899 1656 2993 1709 καὶ
3023 1657 3349 1727 τυγχάνουσι
3372 1658 3465 1711 τοῦ
3498 1660 3892 1730 συμφέροντος·
3918 1665 3957 1715 εί

2403 1747 2460 1799 δὲ
2487 1749 2685 1802 ἄτοπον
2719 1747 2946 1816 φάσκειν
2972 1747 3062 1800 τὸν
3093 1748 3341 1818 Καῖάφαν
3375 1749 3470 1802 καὶ
3502 1752 3627 1813 τοὺς
3658 1753 3718 1805 ὲν
3740 1752 3815 1822 τῷ
3837 1752 3957 1806 κατὰ

2403 1839 2495 1892 τοῦ
2529 1839 2701 1910 Ἰησοῦ
2735 1839 2995 1909 συνεδρίῳ
3019 1837 3308 1904 σώζεσθαι,
3353 1841 3446 1894 καὶ
3477 1839 3571 1894 τοῦ
3610 1843 3956 1914 συμφέροντος

736 1947 927 2007 tesque
966 1951 1064 1992 eos
1108 1935 1278 1991 fuisse
1332 1935 1645 1999 utilitatem,
1680 1935 1803 2005 quia
1860 1945 2104 1989 mortuus
2138 1934 2293 1988 fuerit

2400 1931 2706 2001 τετευχέναι
2746 1929 3105 1993 ἀποθανόντος
3144 1931 3236 1984 τοῦ
3287 1931 3484 2002 Ἰησοῦ,
3523 1933 3683 2004 δῆλον
3722 1935 3851 2006 (59’)
3874 1937 3958 2006 οὐχ

733 2029 911 2095 Jesus,
943 2029 1284 2098 perspicuum
1319 2037 1404 2082 est
1441 2043 1546 2081 non
1584 2028 1689 2082 dici
1743 2027 2003 2096 Spiritum
2048 2038 2297 2082 sanctum

732 2122 856 2175 talia
901 2129 1180 2190 operatum
1229 2117 1398 2174 fuisse
1431 2135 1445 2172 :
1473 2117 1710 2186 Spiritus
1759 2118 1903 2171 enim
1943 2128 2162 2172 sanctus
2190 2133 2296 2172 non

732 2211 1008 2267 mentitur.
1048 2210 1148 2276 Qui
1185 2225 1313 2264 vero
1375 2207 1506 2263 velit
1547 2207 1866 2277 Caiapham,
1908 2217 2069 2278 atque
2105 2219 2297 2276 poten-

735 2306 859 2359 tiam
915 2303 968 2359 in
1010 2303 1131 2372 ipso
1177 2309 1494 2372 operantem
1559 2316 1686 2354 vera
1750 2315 1974 2354 narrare
2019 2301 2294 2355 dicendo:

733 2412 756 2448 ι
786 2395 1015 2463 Expedit
1064 2393 1241 2459 nobis,
1288 2401 1348 2446 ut
1382 2405 1522 2445 unus
1576 2390 1736 2444 homo
1769 2389 2034 2444 moriatur
2067 2405 2166 2460 pro
2199 2404 2295 2458 po-

729 2487 877 2558 pulo,
904 2504 923 2538 »
956 2484 1275 2555 profundius
1305 2482 1570 2550 intelliget
1600 2481 1704 2535 hoc
1733 2481 1938 2536 dictum
1967 2523 1982 2547 ,
2021 2497 2041 2532 ι
2073 2481 2293 2549 expedit

725 2580 906 2644 nobis,
933 2597 952 2629 ι
982 2587 1207 2646 propter
1241 2577 1505 2629 rationem
1543 2573 1687 2636 ﬁnis.
1726 2584 2017 2643 uteturque
2046 2587 2111 2628 eo
2139 2573 2292 2628 testi-

729 2672 910 2727 monio
943 2687 956 2724 :
994 2689 1011 2721 ι
1045 2667 1115 2725 Ut
1147 2684 1242 2738 per
1272 2668 1504 2736 gratiam
1537 2667 1627 2720 Dei
1656 2666 1722 2734 ",
1757 2685 1774 2718 ι
1822 2666 1927 2729 vel,
1962 2684 1978 2716 ι
2019 2665 2134 2720 sine
2154 2664 2287 2730 Deo,

726 2778 826 2832 pro
872 2761 1016 2815 omni
1081 2766 1326 2830 gustaret
1372 2767 1650 2820 mortem;
1698 2775 1715 2806 ›
1757 2765 1811 2808 et
1859 2754 2065 2808 notabit
2115 2754 2288 2818 illud,

731 2872 750 2904 ι
773 2868 872 2923 pro
895 2851 1077 2915 omni,
1102 2867 1121 2901 ι
1152 2857 1206 2903 et
1242 2848 1393 2912 illud,
1430 2866 1448 2898 ι
1473 2846 1590 2900 sine
1622 2845 1750 2910 Deo,
1789 2859 1887 2913 pro
1909 2846 2077 2898 omni.
2100 2864 2118 2896 ι
2158 2844 2290 2899 Ute-

725 2956 814 3002 tur
854 2946 1057 3016 pariter
1093 2945 1258 2999 etiam
1315 2943 1404 2996 illo
1435 2965 1446 2998 ;
1488 2939 1626 3008 «Qui
1652 2950 1732 2994 est
1759 2939 2020 2994 Servator
2045 2939 2288 2991 omnium

723 3037 1024 3099 hominum,
1055 3034 1357 3104 praesertim
1409 3029 1750 3095 tidelium“;
1790 3045 1809 3080 ι
1863 3035 1918 3082 et
1962 3026 2097 3080 illo:
2139 3042 2158 3074 ι
2188 3024 2287 3078 llic

721 3139 806 3184 est
852 3128 939 3182 ille
969 3128 1155 3197 Agnus
1181 3125 1297 3188 Dei,
1327 3123 1418 3192 qui
1449 3123 1625 3176 aufert
1655 3128 1934 3189 peceatum
1963 3115 2234 3179 mundi",
2260 3132 2280 3165 ι

720 3220 942 3292 proprie
987 3217 1296 3286 intelligens
1349 3212 1549 3266 auferri
1602 3219 1885 3278 peccatum
1935 3206 2143 3273 mundi,
2175 3219 2353 3317 noncf

846 3314 856 3317 _
955 3311 968 3317 -
1101 3307 1134 3317 η
1483 3303 1494 3312 ο
1721 3313 1880 3317 ,___-
1930 3298 2049 3317 12-2.
2085 3314 2097 3317 _
2142 3295 2251 3317 an-
2344 3288 2353 3307 ¹

720 3314 892 3384 partis
919 3311 1061 3381 ejus.
1095 3307 1361 3364 Caeterum
1407 3303 1494 3372 qui
1546 3316 1734 3355 verum
1767 3313 1886 3354 esse
1922 3298 2052 3352 dicit
2084 3314 2099 3352 :
2136 3313 2155 3347 ι
2180 3295 2286 3350 Ex-

719 3406 869 3476 pedit
899 3403 1073 3464 nohis,
1106 3408 1164 3454 ut
1202 3412 1341 3451 unus
1371 3396 1532 3449 homo
1574 3391 1860 3450 moriatur,
1885 3407 1903 3440 ι
1936 3388 2078 3442 dicet
2111 3395 2283 3441 totum

715 3505 1040 3568 praesentem
1101 3492 1278 3546 locum
1341 3501 1525 3542 veram
1573 3481 1909 3553 pmphetiam
1954 3494 2094 3545 esse,
2152 3479 2284 3533 inei-

719 3588 954 3657 pientem
983 3585 1051 3638 ab
1085 3582 1176 3636 illo
1208 3600 1221 3636 :
1257 3597 1275 3630 ι
1306 3579 1414 3634 Vos
1463 3575 1688 3630 nescitis
1732 3571 2048 3642 quidquam.
2084 3588 2102 3621 ι
2136 3568 2282 3624 Nihil

716 3682 862 3736 enim
942 3685 1139 3733 norant
1204 3673 1398 3729 summi
1461 3670 1772 3725 sacerdotes
1851 3676 1906 3722 et
1983 3664 2278 3731 Pharisai,

717 3772 1022 3826 nescientes
1092 3766 1273 3822 Jesum
1335 3763 1618 3816 veritatem
1691 3773 1848 3822 esse,
1922 3756 2278 3826 sapientiam,

624 3852 634 3858 ’
710 3863 974 3933 justitiam
1039 3867 1094 3913 et
1143 3871 1376 3926 pacem:
1420 3852 1587 3921 clpse
1651 3851 1795 3905 enim
1865 3857 1949 3903 est
2004 3863 2111 3918 pax
2180 3863 2278 3902 no-

714 3965 824 4009 stra
858 3954 928 4010 '3.
966 3971 985 4004 ι
1029 3952 1170 4017 Quin
1227 3948 1391 4003 etiam
1463 3961 1568 3999 non
1649 3940 1958 4012 cogitabant
2024 3939 2078 3994 hi
2143 3939 2278 3994 nihil

712 4044 967 4104 scientes,
1002 4054 1239 4110 quonam
1274 4047 1432 4108 pacto
1473 4035 1806 4090 conduceret
1840 4033 2003 4086 etiam
2053 4031 2181 4095 illis,
2220 4039 2279 4086 ut

716 4149 858 4188 unus
913 4133 1021 4193 hic.
1059 4140 1324 4200 quatenus
1355 4129 1516 4183 homo
1549 4133 1651 4189 est,
1691 4133 1994 4178 moreretur
2039 4137 2139 4193 pro
2183 4136 2276 4192 po-

711 4224 858 4292 pulo.
887 4221 1045 4278 Jesus
1067 4221 1233 4284 enim,
1265 4218 1358 4287 qui
1386 4226 1631 4272 mortuus
1656 4224 1764 4277 est,
1793 4214 1953 4267 homo
1997 4222 2113 4277 est;
2135 4227 2275 4282 quo-

712 4316 856 4370 circa
911 4315 1026 4383 ipse
1081 4311 1243 4367 etiam
1291 4310 1511 4379 inquit:
1549 4326 1567 4359 ι
1602 4306 1756 4361 Nunc
1802 4314 1982 4358 autem
2031 4307 2274 4375 quaaritis

714 4423 800 4462 me
833 4407 1160 4469 interﬁcere,
1197 4403 1495 4464 hominem,
1533 4401 1622 4468 qui
1656 4399 1870 4453 loeutus
1921 4412 2039 4452 sum
2071 4396 2272 4451 verita-

714 4497 942 4552 ιθιιιιο.»
987 4495 1050 4548 Et
1092 4492 1348 4562 quoniam
1401 4491 1562 4544 homo
1615 4489 1830 4558 quidem
1868 4497 1973 4554 est,
2007 4487 2096 4556 qui
2128 4500 2274 4540 mor-

2399 2024 2550 2093 ἆγιον
2575 2024 2796 2095 Πνεῦμα
2817 2019 2884 2095 ἦν
2904 2023 2964 2076 τὸ
2990 2023 3162 2078 ταῦτα
3189 2025 3487 2096 ὲνεργῆσαν
3521 2026 3794 2096 λέγεσθαι·
3825 2030 3957 2097 ἅγιον

2397 2117 2504 2188 γὰρ
2531 2116 2752 2186 Πνεῦμα
2778 2117 2837 2169 ού
2861 2114 3131 2186 ψεύδεται.
3176 2117 3234 2170 Ὀ
3261 2117 3317 2170 δὲ
3347 2117 3668 2190 βουλόμενος
3693 2121 3959 2192 ἀληθεύειν

2396 2209 2490 2262 καὶ
2529 2209 2586 2261 ὲν
2615 2208 2789 2279 τούτῳ
2817 2207 2877 2260 τὸ
2914 2209 3166 2281 ἐνεργοῦν
3190 2210 3278 2263 τὸν
3308 2211 3583 2280 Καϊάφαν,
3627 2212 3773 2281 λέγω
3812 2213 3866 2266 δὲ
3895 2213 3960 2283 τῷ

2396 2301 2646 2371 φάσκειν,
2679 2321 2696 2352 ‹
2720 2301 2994 2372 Συμφέρει
3021 2304 3172 2372 ἡμῖν,
3205 2303 3291 2356 ἵνα
3312 2297 3392 2366 εἷς
3421 2303 3706 2375 ἄνθρωπος
3735 2306 3961 2379 ἀποθάνῃ

2395 2393 2534 2464 ὑπὲρ
2561 2392 2652 2445 τοῦ
2686 2392 2836 2460 λαοῦ,
2860 2411 2878 2442 ›
2912 2391 3204 2464 βαθύτερον
3246 2393 3602 2458 ὲξακούσεται
3633 2395 3754 2459 τοῦ,
3790 2415 3810 2448 ι
3832 2397 3962 2466 Συμ-

2395 2484 2548 2556 φὲρει
2583 2487 2734 2556 ἡμῖν,
2765 2503 2782 2535 ι
2819 2483 2905 2537 διὰ
2927 2483 3018 2537 τὸν
3047 2485 3175 2555 περὶ
3201 2485 3384 2550 τέλους
3405 2485 3585 2554 λόγον,
3613 2486 3710 2539 καὶ
3741 2489 3960 2558 συγχρή-

2395 2592 2544 2629 σεται
2576 2575 2674 2646 τῷ,
2709 2594 2726 2626 ι
2757 2576 2942 2638 Ὅπως
2988 2574 3189 2646 χάριτι,
3213 2593 3232 2625 ι
3280 2575 3337 2644 ἢ,
3381 2591 3398 2624 t
3434 2573 3604 2644 χωρὶς
3637 2576 3808 2642 Θεοῦ,
3835 2577 3962 2648 ὑπὲρ

2393 2667 2591 2730 παντὸς
2618 2666 2880 2738 γεύσηται
2913 2665 3140 2721 θανάτου
3163 2683 3176 2696 ο
3204 2685 3222 2718 ι
3257 2668 3351 2720 καὶ
3382 2669 3666 2739 ἐπιστήσει
3689 2669 3768 2741 τῷ
3787 2709 3802 2734 ,
3839 2689 3856 2720 ι
3877 2669 3961 2721 ’Υ-

2393 2759 2496 2830 πὲρ
2529 2759 2750 2822 παντὸς,
2774 2778 2792 2809 ι
2828 2760 2920 2812 καὶ
2947 2758 3047 2830 τῷ,
3086 2777 3105 2806 ι
3126 2759 3298 2829 χωρὶς
3325 2759 3481 2822 Θεοῦ,
3517 2760 3665 2831 ὑπὲρ
3699 2761 3910 2824 παντός.
3937 2778 3958 2810 ι

2388 2850 2729 2922 Σγχρήσεται
2756 2850 2812 2903 δὲ
2832 2851 2926 2904 καὶ⁵
2961 2851 3059 2924 τῷ·
3098 2869 3116 2902 ι
3151 2851 3247 2914 Ὃς
3269 2852 3384 2902 ἐστι
3405 2851 3596 2923 Σωτὴρ
3625 2852 3844 2906 πάντων
3875 2853 3961 2906 ἁν-

2389 2940 2642 3012 θρὼπων,
2661 2943 2892 3014 μάλιστα
2913 2942 3132 2996 πιστῶν·
3160 2962 3179 2994 ι
3202 2943 3284 2996 ὃτι
3302 2942 3478 3015 [libri]
3498 2943 3579 3006 δὲ,
3603 2964 3622 2996 ι
3649 2939 3814 3007 Οὗτός
3827 2945 3962 2996 ἐστιν

2387 3034 2416 3085 6
2434 3030 2620 3100 Ἀμνὸς
2637 3033 2727 3087 τοῦ
2742 3032 2876 3088 Θεοῦ
2901 3036 2928 3087 6
2948 3034 3116 3106 αἴρων
3137 3033 3235 3105 τὴν
3265 3034 3537 3104 ἁμαρτίαν
3564 3033 3660 3086 τοῦ
3696 3033 3918 3104 κόσμου,
3939 3052 3956 3083 ι

2390 3125 2534 3189 ιδίως
2559 3125 2772 3180 ἀκούων
2802 3125 2894 3178 τοῦ
2922 3125 3171 3198 αἴρεσθαι
3197 3125 3295 3196 τὴν
3320 3125 3596 3196 ἁμαρτίαν
3618 3126 3714 3179 τοῦ
3743 3127 3963 3196 κόσμου,

2388 3217 2483 3271 καὶ
2508 3217 2627 3287 οὐχ).
2651 3217 2849 3288 μέρους
2873 3215 3057 3268 αὐτοῦ.
3103 3216 3161 3268 Ὀ
3184 3215 3239 3268 δὲ
3271 3215 3447 3284 λέγων
3473 3215 3673 3286 ἀληθὲς
3699 3211 3840 3270 εἶναι
3883 3214 3960 3277 τὸ,

2393 3329 2411 3361 ι
2429 3310 2702 3381 Συμφέρει
2730 3311 2883 3380 ἡμῖν,
2919 3308 3005 3360 ἵνα
3031 3304 3112 3372 εἷς
3143 3307 3427 3378 ἄνθρωπος
3449 3307 3723 3380 ἀποθάνῃ,
3751 3326 3770 3358 ι
3809 3308 3966 3378 φήσει

2385 3401 2481 3455 καλ⁸
2506 3401 2603 3455 ὅλα
2631 3401 2701 3454 τὰ
2744 3400 2884 3454 κατά
2909 3404 3000 3453 τὸν
3029 3403 3192 3454 τόπον
3221 3400 3559 3471 προφητείαν
3603 3396 3745 3454 εἶναι
3774 3400 3964 3470 ἀληθῆ,

2383 3494 2694 3565 ἀρχομένην
2727 3493 2834 3546 ἀπὸ
2859 3493 2953 3546 τοῦ
2976 3510 2989 3524 ο
3025 3512 3042 3544 ι
3066 3492 3252 3564 Ὑμεῖς
3278 3494 3378 3546 οὐκ
3409 3493 3590 3546 οἴδατε
3620 3493 3801 3546 οὐδέν⁸
3831 3511 3849 3544 ι
3879 3493 3965 3545 ού-

2381 3585 2469 3639 δὲν
2496 3585 2606 3656 γὰρ
2635 3585 2854 3656 ᾔδεισαν
2883 3586 2931 3636 οἱ
2983 3583 3075 3638 τὸν
3117 3583 3322 3656 Ἰησοῦν
3358 3582 3434 3655 μὴ
3475 3583 3838 3654 γνωρίζοντες
3865 3584 3966 3635 Φα-

2383 3681 2581 3750 ρισαῖοι
2613 3678 2706 3731 καὶ
2734 3679 3029 3749 ἀρχιερεῖς,
3054 3678 3182 3730 ὄντα
3211 3677 3487 3747 ἀλήθειαν,
3509 3677 3605 3730 καὶ
3632 3677 3840 3745 σοφίαν,
3872 3675 3966 3728 καὶ

2379 3769 2748 3840 δικαιοσύνην,
2779 3771 2873 3822 καὶ
2897 3770 3120 3840 εἰρήνην
3141 3785 3154 3798 ο
3191 3788 3209 3819 ι
3239 3768 3410 3832 Αὐτὸς
3439 3768 3548 3838 γάρ
3581 3769 3728 3821 ἐστιν
3754 3769 3785 3837 ή
3820 3768 3966 3837 εἰρή-

2379 3878 2445 3931 νη
2479 3859 2656 3931 ήμῶν.
2682 3837 2706 3910 ἰ
2758 3860 2918 3914 Ἀλλά
2942 3837 3036 3913 καὶ
3078 3837 3179 3912 οὐκ
3204 3837 3688 3928 ὲλογίζοντοίοῦτοι
3717 3861 3766 3912 οἱ
3801 3837 3991 3930 μηδὲνλ

2379 3953 2600 4017 εἰδότες,
2631 3953 2752 4006 τίνα
2776 3953 2974 4024 τρόπον
3010 3952 3272 4023 συνέφερε
3305 3952 3400 4004 καὶ
3445 3951 3657 4015 αὐτοῖς,
3709 3952 3798 4005 ἵνα
3823 3952 3850 4002 6
3881 3945 3965 4012 εἷς

2348 4040 2554 4109 ὀῦτος,
2616 4044 2752 4098 καθὸ
2800 4044 3082 4116 ἄνθρωπός
3136 4047 3321 4106 ἐστιν,
3368 4043 3620 4116 ἀποθάνῃ
3681 4044 3820 4114 ὑπὲρ
3865 4041 3965 4094 τοῦ

2377 4136 2532 4189 λαοῠο
2592 4136 2877 4208 ἄνθρωπος
2951 4136 3060 4208 γάρ
3121 4136 3267 4187 ἐστιν
3334 4132 3625 4188 ἀποθανὼν
3707 4131 3908 4204 Ἰησοῦς
3947 4147 3961 4160 ·

2377 4227 2458 4282 διὸ
2487 4227 2580 4281 καὶ
2606 4227 2765 4290 αὑτός
2793 4243 2924 4297 φησι
2951 4244 2964 4257 ·
3001 4244 3020 4276 ι
3044 4226 3155 4278 Νῦν
3175 4225 3231 4278 δὲ
3264 4223 3480 4295 ζητεῖτέ
3525 4241 3593 4296 με
3649 4225 3968 4277 ἀποκτεῖναι
4021 4229 4023 4231 ’

2377 4319 2681 4389 ἄνθρωπον,
2709 4318 2768 4381 ὃς
2791 4316 2888 4388 τὴν
2917 4315 3180 4387 ἀλήθειαν
3194 4315 3488 4388 λελάληκα.
3519 4334 3538 4367 ι
3573 4316 3685 4368 Καὶ
3717 4313 3832 4368 ἐπεὶ
3868 4312 3968 4366 άν-

2378 4413 2594 4484 θρωπος
2627 4410 2723 4482 μὲν
2771 4410 2915 4462 ἔστιν
2944 4412 2972 4462 6
3006 4408 3314 4474 ἀποθανὼν,
3348 4409 3449 4462 οὐκ
3475 4405 3546 4481 ἦν
3589 4409 3649 4462 δὲ
3681 4408 3964 4478 ἄνθρωπος

2377 4506 2411 4575 ὴ
2440 4502 2684 4574 ἀλήθεια,
2715 4501 2809 4554 καὶ
2835 4503 2868 4572 ἠ
2903 4499 3086 4570 σοφία,
3122 4499 3216 4553 καὶ
3251 4501 3284 4571 ή
3319 4500 3533 4572 εἰρήνη,
3565 4500 3662 4552 καὶ
3690 4501 3723 4570 ἡ
3755 4497 3965 4550 δικαιο-

712 4597 836 4643 tuus
868 4598 986 4652 est;
1021 4601 1127 4640 non
1163 4595 1284 4638 erat
1314 4590 1493 4636 autem
1536 4579 1699 4634 homo
1726 4579 1952 4644 veritas,
1979 4577 2269 4646 sapientia,

2391 4596 2528 4666 τύνη,
2563 4595 2657 4647 καὶ
2710 4593 2838 4664 περὶ
2869 4582 2930 4644 οῦ
2972 4591 3299 4663 γέγραπται,
3332 4611 3350 4642 ι
3375 4591 3505 4654 Θεὸς
3538 4585 3608 4661 ἦν
3643 4590 3672 4642 6
3705 4589 3889 4658 Λόγος,
3937 4603 3959 4636 ι

711 4694 814 4748 pax
855 4686 911 4732 et
950 4676 1180 4747 justitia,
1211 4683 1264 4728 et
1291 4672 1356 4726 de
1376 4685 1482 4740 quo
1504 4669 1766 4740 scriptum
1788 4678 1872 4724 est
1897 4686 1911 4722 :
1944 4686 1963 4721 ι
1986 4668 2128 4722 Deus
2155 4677 2274 4722 erat

711 4771 903 4824 Sermo
923 4768 1008 4828 '°;
1040 4784 1058 4818 υ
1097 4780 1203 4820 non
1248 4773 1492 4817 mortuus
1526 4770 1609 4815 est
1642 4759 1730 4814 ille
1783 4760 1924 4815 Deus
1963 4759 2174 4826 Sermo,
2220 4767 2276 4813 et

705 4874 932 4940 veritas,
963 4881 1017 4926 et
1045 4867 1337 4940 sapientia,
1373 4876 1429 4919 et
1475 4864 1683 4936 justitia
1711 4879 1726 4918 :
1754 4863 1798 4920 si
1829 4865 2046 4934 quidem
2098 4865 2276 4932 imago

705 4981 992 5038 invisibilis
1018 4979 1137 5044 Dei,
1166 4973 1564 5043 Primogenitus
1609 4971 1787 5026 omnis
1830 4980 2096 5026 creatura:
2118 4971 2161 5001 “
2195 4970 2276 5024 in-

705 5101 877 5156 capax
912 5091 994 5138 est
1027 5081 1240 5136 mortis.
1296 5077 1402 5132 Pro
1452 5074 1650 5146 populo
1689 5083 1870 5130 autem
1924 5077 2158 5131 moritur
2185 5072 2276 5130 hic

707 5193 866 5246 homo
908 5188 1162 5245 omnibus
1211 5184 1582 5240 animantibus
1639 5182 1850 5253 purior,
1904 5182 1999 5251 qui
2047 5190 2272 5250 peccata

707 5307 893 5351 nostra
945 5295 1067 5350 tulit
1103 5304 1158 5350 et
1195 5293 1540 5348 inﬁrmitates
1563 5291 1632 5356 “,
1657 5289 1785 5360 quia
1812 5292 2014 5359 posset
2050 5289 2268 5344 univer-

2376 4687 2478 4739 οὐκ
2509 4685 2778 4738 ἀπέθανεν
2825 4684 2854 4734 6
2885 4682 3015 4748 Θεὸς
3048 4683 3240 4750 Λόγος,
3290 4683 3385 4736 καὶ
3432 4685 3466 4753 ἡ
3502 4681 3750 4752 ἀλήθεια,
3800 4678 3896 4732 καὶ
3926 4677 3965 4748 ἡ

2380 4775 2558 4844 σοφία,
2593 4776 2688 4828 καὶ
2718 4777 2751 4845 ή
2791 4773 3135 4844 δικαιοσύνη’
3185 4773 3532 4836 ἀνεπίδεκτος
3577 4771 3688 4842 γὰρ
3730 4771 3761 4840 ἠ
3795 4765 3964 4821 εἰκὼν

2375 4867 2469 4920 τοῦ
2502 4867 2636 4919 Θεοῦ
2671 4866 2762 4920 τοῦ
2799 4866 3052 4937 ἀοράτου,
3098 4863 3443 4936 Πρωτότοκος
3491 4862 3674 4932 πάσης
3709 4859 3964 4922 κτίσεως,

2383 4959 2634 5014 θανάτου.
2674 4959 2844 5030 ’Υπὲρ
2891 4958 2982 5012 τοῦ
3031 4956 3160 5010 λαοῦ
3208 4955 3266 5009 δὲ
3315 4953 3583 5009 ἀπέθανεν
3629 4948 3776 5015 οὗτος
3807 4951 3836 5002 6
3861 4949 3968 5003 ἇν-

2383 5050 2616 5121 θρωπος,
2643 5048 2706 5102 τὸ
2749 5049 2962 5102 πάντων
2989 5047 3140 5112 ζώων
3163 5043 3565 5116 καθαρώτερον,
3592 5043 3738 5104 ὅστις
3765 5040 3860 5102 τὰς
3894 5039 3969 5091 ά·-

2383 5138 2616 5209 μαρτίας
2641 5137 2794 5208 ἡμῶν
2833 5134 2956 5209 ἦρε,
2990 5137 3083 5190 καὶ
3123 5135 3219 5198 τὰς
3245 5133 3551 5197 ἀσθενείας,
3601 5135 3696 5187 ἃτε
3725 5131 3970 5199 δυνάμε-

2380 5247 2468 5293 νος
2494 5232 2672 5283 πᾶσαν
2709 5231 2807 5301 τὴν
2830 5231 2952 5283 ὅλου
2979 5228 3071 5282 τοῦ
3099 5228 3303 5298 κόσμου
3337 5225 3612 5297 ἁμαρτίαν
3658 5228 3734 5288 εἰς
3764 5223 3973 5276 ἑαυτὸν

2377 5321 2658 5378 ἀναλαϐὼν
2699 5324 2878 5385 λῦσαι,
2919 5323 3011 5376 καὶ
3058 5319 3412 5386 ἐξαναλῶσαι,
3463 5319 3560 5372 καὶ
3613 5315 3969 5386 ἐξαφανίσαι·

96 92 103 123 ι
188 88 243 133 ι·

96 154 101 167 ς

90 182 101 233 3
186 196 189 213 ι

90 244 101 277 ι
182 234 189 289 i

88 388 97 411 ι
180 332 187 425 ἓ

84 519 123 550 :

102 642 107 659 ,
174 570 193 677 ξ)

170 694 181 779 l

172 709 239 966 ί

100 840 105 847 τ
170 826 175 851 1

114 898 175 913 ,ι

166 1014 175 1051 ἴ

164 1096 169 1113 l

164 1174 169 1221 ;

162 1290 197 1309 "
264 1262 277 1407 ἕ

264 1414 273 1493 ξ

156 1536 175 1577 θ
262 1506 269 1583 l

156 1592 163 1605 .
264 1594 269 1603 ,

130 1616 173 1701 ίὲι
262 1606 269 1691 ἒ

152 1708 159 1727 ι
262 1700 267 1717 l

92 1746 99 1755 δ
152 1734 173 1799 ἐ·

92 1812 131 1829 ιλ
260 1802 267 1825 ἲ

86 1830 157 1887 ηῑ⁵
260 1844 265 1877 ί

90 1892 167 1943 ἐι⁴
258 1890 263 1925 τ

90 1948 157 1985 ξι
256 1954 263 1997 ε

94 1986 187 2057 νηῐή
256 2008 261 2021 ;

88 2056 175 2097 εέ
258 2046 263 2085 ἲ

92 2100 259 2211 θίὶξ·

86 2308 93 2325 ι
158 2294 225 2341 ii

86 2266 227 2439 τίη

86 2428 225 2493 .11.?

86 2506 223 2533 (‘7‘:

122 2544 223 2579 :1l

86 2602 91 2623 ⁵
158 2598 223 2657 ξῑ

114 2668 221 2709 ιιι.

138 3182 145 3217 i

138 3232 181 3263 ι.

140 3450 153 3477 Li

106 3550 177 3601 ἑ.

88 4278 151 4325 ‘1;

86 4448 107 4501 ,ξ
187 4461 190 4464 ,

98 4686 145 4727 Ἶῒ

92 4736 143 4781 ξι

134 4782 153 4809 ι

88 4844 163 4885 7.1;

134 4886 147 4905 .l

102 4928 169 4957 ,Γπ

106 5062 165 5127 ἠ

136 5248 157 5263 ί

122 5288 141 5327 Ir

100 5372 161 5431 ,Ἠ

98 5432 159 5477 id,

122 5480 169 5533 ii“

122 5536 163 5579 ιὲτ

126 5618 163 5689 ἐξ

96 5712 161 5763 Ii".

124 5762 155 5783 uti

124 5802 139 5819 ‘f

122 5820 159 5867 lt.

120 5884 149 5913 ῑιλ

122 5922 147 5939 δι’

122 5952 161 6001 [ἐν

129 6075 166 6114 θ,
219 6079 226 6092 ι

704 5417 821 5458 sum
873 5399 1039 5455 totius
1097 5398 1280 5454 mundi
1325 5404 1610 5466 peccatum
1643 5393 1696 5447 in
1737 5408 1798 5448 se
1847 5403 2125 5462 receptura
2161 5391 2270 5446 sol-

701 5524 850 5572 vere,
908 5516 963 5562 et
1011 5517 1354 5567 consumere,
1399 5511 1458 5557 et
1497 5501 1705 5566 delere,
1772 5502 2028 5571 quoniam
2094 5520 2113 5553 ι
2148 5516 2272 5570 pec-

805 5629 853 5658 “
877 5627 1030 5681 loan.
1066 5642 1141 5690 λι,
1171 5625 1261 5688 49,
1288 5621 1378 5676 50.
1451 5620 1498 5652 ⁸⁸
1525 5619 1686 5674 Hebr.
1717 5637 1774 5681 ll,
1815 5618 1870 5675 9.
1947 5621 1994 5653 “
2024 5619 2041 5672 l
2072 5620 2214 5674 Tim.
2247 5635 2322 5682 tv,
2356 5620 2441 5673 10.

702 5697 790 5750 40.
867 5699 911 5728 ⁶⁰
941 5697 1098 5752 Joan.
1132 5712 1170 5759 ι,
1204 5696 1258 5748 1.
1355 5692 1398 5722 ⁸³
1434 5690 1644 5745 Coloss.
1679 5690 1813 5755 1,15.
1891 5691 1936 5721 “
1969 5691 2093 5746 lsai.
2129 5705 2247 5754 Lm,
2291 5691 2346 5744 4.

776 5787 884 5858 (τε)
909 5789 1106 5858 Eadem
1139 5783 1329 5858 Hiuetii
1345 5781 1531 5845 editio,
1553 5780 2105 5858 _male_,_6§xpop._é_voug.

773 5851 885 5924 (39)
924 5857 1134 5913 Οὐδέν.
1173 5854 1522 5910 Desideratur
1548 5852 1606 5905 in
1648 5851 1898 5907 editione
1919 5851 2118 5907 Huetii.

2377 5415 2499 5467 ἐπεὶ
2551 5413 2672 5486 «μὴ
2721 5415 2993 5486 ἁμαρτίαν
3046 5413 3289 5482 ἐποίησε,
3345 5410 3480 5482 μηδὲ
3541 5409 3740 5481 εὑρέθη
3805 5405 3980 5468 δόλος

2379 5505 2436 5556 ὲν
2476 5502 2554 5575 τῷ
2598 5506 2829 5576 στόματι
2857 5503 3042 5569 αὑτοῦ,
3072 5523 3091 5554 ι
3120 5501 3240 5555 οῦδὲ
3285 5501 3426 5569 ἔγνω
3453 5501 3745 5572 ἁμαρτίαν.
3797 5498 3977 5551 Κατὰ

2533 5623 2576 5653 ⁸⁷
2599 5621 2758 5676 Joan.
2789 5639 2828 5686 I,
2863 5621 2954 5677 29.
3030 5620 3076 5652 ⁸⁸
3102 5617 3300 5688 Ephes.
3329 5615 3487 5684 11,“.
3561 5615 3609 5648 ⁵³
3639 5612 3794 5669 Joan.
3827 5624 3973 5666 vnn.

2449 5777 2584 5847 (59‘)
2624 5775 2841 5842 Δῆλον.
2885 5774 3013 5833 Post
3047 5775 3185 5830 hanc
3227 5786 3414 5828 vocem
3455 5767 3796 5827 desideratur
3849 5759 3980 5825 ὡς.

2375 5849 2462 5903 vel
2495 5849 2599 5902 ὅτι.
2633 5849 2796 5901 Eutr.
