3804 6540
140 469 234 520 721

1122 465 1472 522 COMMENT.
1516 466 1581 520 IN
1621 465 1812 521 JOAN.
1853 465 2088 520 TOMUS
2123 464 2358 520 XXVIII.

3263 467 3370 520 7‘39.

139 581 296 635 τοῦτο
339 583 384 636 δ’
434 578 584 652 οἶμαι
637 584 732 636 καὶ
781 583 870 636 τὸν
927 583 1135 636 Παῦλον
1191 585 1465 655 είρηκέναι
1510 584 1707 646 οὕτως·

1815 594 1992 638 catuin
2048 599 2153 636 non
2207 583 2374 648 fecit,
2425 597 2600 651 neque
2674 581 2918 636 inventus
2979 589 3068 634 est
3147 583 3213 635 itr
3282 597 3380 635 ore

143 692 162 724 ί
211 675 317 727 Τὸν
374 674 447 745 μὴ
498 675 695 744 γνόντα
726 674 998 746 ἁμαρτίαν
1045 675 1182 746 ὑπὲρ
1230 675 1384 746 ἡμῶν
1438 676 1713 746 ἁμαρτίαν

135 766 416 836 ἐποίησεν,
456 766 541 818 ἴνα
579 769 738 836 ἡμεῖς
787 765 1071 836 γενώμεθα
1117 765 1431 834 δικαιοσύνη
1479 765 1612 818 Θεοῦ
1657 768 1713 818 ἐν

134 856 314 926 αὐτῷ·
377 876 396 908 ι
460 857 732 930 ἁμαρτίαν
782 865 889 928 γάρ
942 857 1105 910 αὑτὸν
1144 853 1596 926 ἐποίησεν,”εἷπε,
1640 857 1716 929 μὴ

135 948 335 1017 γνόντα
359 948 471 1018 (40)
501 949 797 1020 ἁμαρτίαν,
834 948 912 1019 τῷ
955 949 1122 1020 μηδὲν
1154 951 1318 1005 αὑτὸν
1358 951 1716 1021 ἡμαρτηκότα

136 1041 236 1103 τὰς
261 1044 482 1095 πάντων
503 1042 776 1112 ἁμαρτίας
804 1042 1175 1113 ἀνειληφέναι,
1209 1043 1303 1096 καὶ
1329 1045 1377 1096 εί
1410 1043 1491 1096 δεῖ
1516 1043 1717 1114 τολμή-

137 1149 310 1187 σαντα
347 1136 540 1198 εἰπεῖν,
589 1134 764 1205 πολλῷ
808 1135 1008 1205 μᾶλλον
1051 1135 1158 1188 τῶν
1195 1135 1506 1188 ἀποστόλων
1549 1133 1712 1188 αὐτοῦ

136 1227 531 1298 περικάθαρμα
555 1227 717 1280 αὑτὸν
749 1228 843 1282 τοῦ
878 1228 1082 1299 κόσμου
1116 1228 1419 1297 γεγονέναι,
1459 1229 1554 1282 καὶ
1580 1229 1714 1282 πάνυ

134 1341 244 1378 των
268 1326 558 1396 περίψημα
581 1323 691 1377 τῶν
727 1322 1019 1376 εἰπόντων·
1064 1341 1080 1372 ι
1128 1321 1214 1385 Ὠς
1261 1321 1717 1392 περικαθάρματα

134 1417 230 1470 τοῦ
290 1418 500 1488 κόσμου
550 1417 918 1488 ἐγενήθημεν,
986 1416 1203 1468 πάντων
1277 1413 1561 1484 περίψημα
1611 1413 1716 1474 ἓως

134 1509 282 1579 ἄρτι.
326 1527 348 1561 ι
387 1507 521 1578 Περὶ
559 1508 616 1561 δέ
656 1507 751 1560 τοῦ
783 1506 1061 1569 πολλάκις,
1091 1505 1525 1576 ἐπικρατούντων
1555 1502 1714 1556 τινῶν

132 1599 389 1670 χαλεπῶν
405 1602 464 1652 ἐν
478 1599 554 1670 τῷ
569 1598 676 1652 τῶν
692 1597 788 1652 ἀνθ
796 1597 991 1670 ρώπων
1006 1597 1126 1666 γένε
1136 1615 1172 1655 ι.
1183 1592 1293 1650 οἷον
1308 1595 1531 1667 λοιμῶν,
1549 1596 1582 1666 ἢ
1598 1595 1689 1646 ἐπι
1699 1623 1716 1634 -

131 1694 352 1748 ϐλαϐῶν
385 1692 678 1764 νηνεμιῶν,
705 1692 738 1764 ἢ
767 1691 959 1762 λιμῶν,
991 1689 1210 1743 λύεσθαι
1225 1688 1714 1752 τάτοιαῦτα,οίονεὶ

132 1786 580 1858 καταργουμένου
607 1783 702 1837 τοῦ
731 1781 1078 1854 ἐνεργοῦντος
1109 1782 1247 1836 αὐτά
1289 1781 1525 1853 πονηροῦ
1552 1779 1712 1834 πνεύ-

135 1895 326 1948 ματος,
359 1878 448 1931 διά
478 1877 540 1930 τὸ
570 1877 756 1930 ἐαυτόν
786 1894 908 1930 τινα
953 1875 1094 1945 ὑπὲρ
1132 1874 1225 1928 τοῦ
1262 1873 1442 1928 κοινοῦ
1489 1873 1710 1938 διδόναι,

1815 677 1932 744 ejus
1991 677 2144 730 dolus
2168 675 2280 741 ",i
2338 690 2512 744 neque
2565 674 2787 743 agnovit
2861 683 3166 742 peccatum.
3228 673 3376 727 llanc

1816 770 1978 823 etiam
2003 768 2073 822 ob
2099 783 2316 822 causam
2341 767 2535 836 opinor
2571 766 2790 820 Paulum
2829 766 2911 820 sic
2938 766 3140 821 dixisse
3177 767 3390 838 :393.‘

1821 879 1840 912 ‹
1888 861 2046 923 Eum,
2096 861 2186 930 qui
2245 875 2350 913 non
2402 861 2551 912 novit
2607 869 2914 926 peccatum,
2942 871 3040 926 pro
3063 858 3222 912 nobis
3243 873 3375 926 pec-

1816 963 1996 1006 catum
2045 951 2195 1014 fecit,
2237 971 2254 1002 ι
2299 952 2476 1013 Deus;
2513 968 2530 1000 ι
2567 959 2624 1001 ιιι
2665 963 2764 1002 nos
2795 946 3130 1002 elﬁceremur
3162 946 3390 1014 justitia-
3475 935 3484 952 ’

1818 1044 1910 1100 Dei
1943 1045 1995 1098 in
2035 1046 2150 1112 ipso
2172 1046 2259 1096 ἐς
2294 1063 2313 1094 ι
2347 1052 2628 1112 peccatum
2670 1043 2839 1109 enim,
2883 1041 3040 1105 dixit,
3088 1041 3262 1111 ipsum
3303 1042 3380 1093 le-

1816 1137 1910 1201 cit,
1944 1135 2034 1204 qui
2085 1146 2363 1204 peccatnn.
2409 1151 2515 1189 non
2560 1134 2728 1196 novit,
2762 1133 2887 1203 quia
2927 1149 3049 1186 cum
3088 1133 3202 1203 ipse
3240 1133 3377 1186 nihil

1817 1227 2019 1296 peccati
2043 1226 2423 1290 commisisset,
2464 1227 2704 1280 omnium
2732 1225 2783 1278 in
2813 1239 2872 1280 se
2906 1233 3123 1292 peccata
3159 1238 3380 1292 recepe-

1817 1320 1920 1382 rit;
1945 1327 2000 1372 et
2025 1318 2072 1373 si
2107 1317 2371 1372 audacius
2405 1316 2549 1385 loqui
2592 1316 2898 1370 audendum
2935 1327 3039 1381 est,
3073 1315 3238 1369 multo
3265 1329 3379 1368 nia-

1815 1411 1897 1482 gis
1921 1426 2080 1479 quam
2111 1411 2290 1465 caeteri
2323 1409 2408 1465 sui
2441 1409 2695 1478 apostoli,
2738 1417 3146 1478 purgamentum
3192 1405 3380 1460 mundi

1816 1503 1994 1558 lactus
2030 1501 2194 1556 fuerit
2229 1499 2728 1570 rejectamentaqne
2762 1501 3002 1554 omnium
3036 1499 3329 1555 dicentium
3358 1515 3374 1552 :

1820 1612 1838 1645 ι
1867 1593 2034 1661 Quasi
2074 1601 2426 1663 purgamenta
2464 1592 2652 1645 mundi
2697 1591 2829 1644 facti
2863 1607 3083 1658 smnus;
3129 1590 3374 1645 omnium

1815 1685 2196 1754 rejectamenta
2230 1699 2402 1752 usque
2429 1683 2649 1737 nunc".
2673 1702 2692 1735 ι
2723 1682 2879 1748 Quod
2915 1693 3094 1743 autem
3127 1681 3376 1750 frequen-

1817 1783 1899 1828 ter
1930 1773 2385 1828 invalescentibus
2410 1771 2568 1826 rebus
2597 1773 2920 1842 quibusdam
2953 1772 3182 1842 asperis,
3208 1772 3377 1826 veluti

1814 1876 1987 1936 peste,
2013 1863 2097 1918 vel
2123 1864 2285 1927 fame,
2314 1863 2396 1916 vel
2437 1863 2624 1916 nocuis
2657 1875 2938 1918 ventorum
2969 1864 3378 1934 agitationibus,

133 1969 329 2021 πολλαὶ
363 1968 615 2039 φέρονται
666 1966 952 2038 Ἑλλήνων,
994 1967 1089 2020 καὶ
1128 1965 1417 2037 βαρϐάρων
1459 1963 1710 2036 ίστορίαι,

1815 1958 1868 2010 in
1913 1957 2192 2010 hominum
2233 1969 2451 2026 genere,
2487 1954 2931 2020 solvanturhaec,
2965 1956 3188 2020 abolito,
3228 1955 3376 2009 verbi

132 2061 233 2130 τὴν
274 2061 406 2132 περὶ
454 2058 548 2113 τοῦ
595 2059 834 2113 τοιούτου
886 2059 1094 2112 ἔννοιαν
1143 2057 1244 2110 οὐκ
1291 2057 1707 2123 ἀποπτυόντων,

132 2152 254 2204 οῦδὲ
283 2151 824 2221 ἀποδοκιμαζόντωψ
860 2150 1089 2222 πότερον
1132 2150 1228 2220 μὲν
1255 2146 1349 2203 οῦν
1392 2149 1567 2220 ἀληθῆ
1597 2151 1710 2202 ἐστι

131 2245 198 2297 τά
219 2244 524 2315 τοιαῦτα,ἢ
557 2245 650 2315 μὴ,
679 2245 740 2297 ού
768 2245 859 2298 τοῦ
902 2243 1167 2316 παρόντος
1202 2243 1318 2296 ἐστὶ
1348 2242 1544 2314 καιροῦ
1593 2242 1709 2312 μετ’

132 2337 434 2401 ἐξετάσεως
475 2337 764 2390 διαλαϐεῖν.
816 2337 962 2406 Πλὴν
1004 2339 1032 2389 6
1067 2335 1365 2405 δυνάμενος
1407 2334 1548 2404 ὑπὲρ
1589 2333 1711 2388 ὅλου

134 2429 363 2498 κόσμου,
396 2429 485 2480 ἴνα
515 2430 622 2492 πᾶς
650 2429 678 2480 6
705 2429 908 2498 κόσμος
933 2427 1202 2498 καθαρθῇ,
1235 2426 1594 2491 ἀναδέξασθαι
1619 2427 1713 2480 ἐπὶ

133 2520 417 2591 καθαρσίῳ
443 2519 629 2583 αὑτοῦ,
671 2519 1004 2590 ἀπολομένου
1031 2519 1118 2576 ἂν,
1150 2521 1198 2571 εἰ
1240 2517 1313 2591 μὴ
1341 2516 1622 2585 ἀνεδέξατο
1649 2515 1709 2571 τὸ

132 2613 273 2684 ὑπὲρ
300 2611 471 2666 αὑτοῦ
503 2611 811 2676 ἀποθανεῖν,
846 2609 969 2663 οὒτε
1004 2609 1281 2682 ἱστόρηται
1314 2607 1552 2672 πώποτε,
1584 2606 1708 2662 οὔτε

135 2704 491 2775 ἱστορηθῆναι
527 2703 771 2767 δύναται,
819 2703 982 2774 μόνου
1046 2700 1220 2773 Ἰησοῦ
1266 2699 1328 2754 τό
1360 2700 1576 2754 πάντων
1611 2699 1712 2762 τῆς

132 2796 410 2866 ἁμαρτίας
454 2795 672 2867 φορτίον
714 2797 773 2848 ἐν
822 2793 900 2864 τῷ
951 2794 1091 2866 ὑπὲρ
1144 2792 1252 2846 τῶν
1289 2793 1425 2846 ὅλων
1473 2810 1492 2842 ι
1545 2792 1714 2863 χωρὶς

133 2886 267 2939 Θεοῦ
300 2906 320 2939 ι
361 2886 580 2958 σταυρῷ
619 2887 905 2941 ἀναλαϐεῖν
951 2889 1034 2948 εἰς
1074 2884 1284 2948 ἑαυτὸν,
1321 2885 1415 2937 καὶ
1448 2883 1713 2954 βαστάσαι

132 2982 196 3050 τῇ
231 2981 445 3052 μεγάλῃ
482 2981 647 3035 αὐτοῦ
684 2981 828 3051 ίσχύῖ
855 2979 1236 3050 δεδυνημένου.
1269 2978 1381 3031 Καὶ
1418 2977 1528 3048 γάρ
1561 2973 1714 3040 οὗτος

139 3072 296 3142 μόνος
331 3075 650 3145 ἐπιστήμων
679 3067 747 3145 ῆν
772 3071 865 3126 τοῦ
898 3072 1084 3143 φέρειν
1113 3069 1405 3141 μαλακίαν,
1441 3068 1517 3131 ὥς
1549 3085 1713 3139 φησιν

133 3162 162 3214 ό
188 3163 480 3234 προφήτης
523 3165 768 3230 Ἡσαΐας,
799 3163 988 3233 λέγων·
1025 3181 1042 3212 ι
1085 3161 1400 3232 Ἀνθρωπος
1441 3163 1497 3214 ἐν
1529 3159 1708 3231 πληγῇ

134 3251 226 3317 ὢν,
249 3254 346 3307 καὶ
370 3253 525 3318 εἰδὼς
553 3255 740 3326 φέρειν
777 3253 1068 3326 μαλακίαν.
1123 3272 1140 3304 ι
1187 3253 1296 3306 Καὶ
1334 3247 1486 3315 οὗτός
1515 3268 1580 3320 γε
1614 3251 1708 3315 τάς

137 3342 409 3414 ἁμαρτίας
455 3319 844 3415 ήμῶνέλαάτ,
898 3346 995 3398 καὶ
1039 3343 1442 3414 μεμαλάκισται
1484 3319 1573 3395 διά
1613 3341 1711 3404 τὰς
1737 3319 1781 3376 C

135 3435 361 3504 ἀνομίας
387 3435 564 3506 ἡμῶν,
591 3437 686 3490 καὶ
719 3438 751 3508 ἡ
776 3435 1095 3507 ὀφειλομένη
1127 3438 1258 3506 ἡμῖν
1282 3436 1362 3498 είς
1397 3433 1458 3486 τὸ
1485 3433 1710 3487 παιδευ-

135 3527 290 3596 θῆναι
326 3527 418 3580 καὶ
442 3529 662 3598 εἰρήνην
687 3528 972 3582 ἀναλαϐεῖν
994 3527 1214 3589 κόλασις
1241 3526 1325 3578 ἐπ’
1363 3524 1524 3580 αὑτὸν
1557 3523 1712 3593 γεγέ-

134 3637 307 3689 νηται.
339 3618 498 3674 Οὕτω
526 3619 634 3691 γὰρ
678 3620 861 3674 ἀκούω
901 3619 1106 3672 τούτων
1127 3635 1140 3648 ⁸
1174 3637 1192 3668 ι
1227 3617 1451 3671 Παιδεία
1490 3617 1712 3688 είρήν.ης

137 3711 288 3780 ἡμῶν
316 3710 403 3763 ἐπ’
450 3710 632 3764 αὐτόν.
673 3731 691 3762 ι
729 3710 882 3781 Τάχα
920 3710 977 3763 δέ
1017 3710 1131 3773 καὶ,
1167 3708 1288 3761 ἐπεὶ
1316 3727 1334 3759 ι
1366 3707 1444 3778 τῷ
1486 3707 1711 3778 μώλωπι

137 3799 296 3854 αὐτοῦ
328 3804 492 3872 ἡμεῖς
526 3801 776 3874 ίάθημεν,
818 3821 838 3854 ι
877 3801 1127 3870 εῐποιμεν
1158 3799 1224 3854 ἂν
1261 3801 1310 3852 οἱ
1351 3799 1610 3862 ίαθέντες,
1646 3801 1712 3854 ἐκ

139 3890 226 3943 τοῦ
253 3890 490 3962 σταυροῦ
516 3890 760 3954 ἐλθόντος
783 3888 931 3960 αὐτῷ
959 3888 1052 3942 τοῦ
1081 3887 1362 3960 μώλωπος,
1393 3886 1470 3939 τό·
1505 3903 1523 3937 ι
1561 3884 1713 3955 Ἐμοὶ

143 3984 195 4036 δὲ
220 3983 294 4054 μὴ
314 3983 524 4050 γένοιτο
542 3981 867 4052 καυχᾶσθαι,
885 3981 936 4033 εί
969 3979 1044 4050 μὴ
1067 3981 1126 4031 ἐν
1146 3977 1224 4048 τῷ
1251 3975 1466 4048 σταυρῷ
1487 3976 1580 4029 τοῦ
1607 3979 1712 4029 Κυ-

149 4073 256 4143 ρίου
281 4071 444 4143 ἡμῶν
467 4069 642 4140 Ἰησοῦ
679 4067 938 4142 Χριστοῦ,
964 4070 1029 4122 δι’
1061 4063 1122 4122 οῦ
1152 4068 1273 4138 ἐμοὶ
1295 4067 1496 4136 κόσμος
1521 4066 1712 4119 ἐσταύ-

150 4180 342 4231 ρωται,
369 4161 528 4232 κάγὼ
557 4161 634 4232 τῷ
671 4161 878 4230 κόσμῳ.
927 4179 946 4212 ι
979 4159 1177 4213 Τοῦτον
1207 4160 1296 4212 τὸν
1324 4157 1532 4227 Ἰησοῦν
1567 4174 1709 4223 παρ-

140 4255 333 4310 έδωκεν
360 4259 390 4310 6
423 4257 615 4329 Πατὴρ
645 4259 766 4320 ταῖς
803 4255 1098 4327 ἁμαρτίαις
1129 4252 1304 4326 ἡμῶν,
1329 4253 1424 4307 καὶ⁸
1455 4253 1523 4306 δι’
1546 4253 1716 4316 αύτάς

138 4345 206 4410 ὡς
229 4346 506 4416 πρόϐατον
538 4366 557 4400 ι
597 4349 690 4401 ἐπὶ
723 4348 938 4418 σφαγὴν
966 4346 1128 4417 ἢχθη,
1157 4346 1249 4399 καὶ
1277 4345 1352 4408 ὼς
1385 4344 1556 4416 ἀμνὸς
1580 4343 1712 4398 ἐνώ-

142 4455 254 4494 πιον
275 4440 372 4493 τοῦ
398 4439 682 4510 κείραντος
713 4440 945 4509 ἄφωνος.
984 4459 1002 4490 ι
1037 4439 1243 4492 Τούτου
1271 4441 1328 4492 ὲν
1361 4441 1427 4510 τῇ
1455 4436 1714 4492 ταπεινώ-

144 4546 238 4592 σει,
285 4531 347 4600 qv
398 4550 418 4582 ι
468 4532 833 4584 ἐταπείνωσεν
872 4529 1087 4594 ἐαυτὸν,
1140 4531 1433 4601 γενόμενος
1474 4531 1713 4600 ὑπήκοος

1812 2049 2011 2118 gratia,
2057 2048 2246 2117 spiritu
2298 2047 2386 2101 illo
2433 2047 2572 2100 man
2614 2048 2706 2115 qui
2745 2047 2859 2101 haec
2907 2049 3259 2115 operabatur,
3312 2064 3377 2101 eo

1811 2141 1953 2209 quod
1997 2141 2195 2209 aliquis
2225 2141 2463 2208 seipsum
2500 2155 2596 2208 pro
2627 2139 2897 2192 communi
2925 2139 3099 2192 salute
3146 2139 3378 2204 dederit,

1812 2232 2104 2286 multorum
2138 2241 2422 2286 auctorum
2459 2242 2684 2284 narrant
2719 2231 2980 2296 historiae,
3025 2241 3134 2284 tum
3162 2232 3380 2285 (ἔταξοο-

1811 2339 1954 2388 rum,
1989 2332 2098 2376 tum
2129 2324 2507 2385 barbarorum,
2539 2323 2682 2376 hanc
2709 2331 2947 2377 nostram
2967 2323 3378 2390 intelligentiam

1809 2429 1985 2484 neque
2012 2404 2403 2484 respuentium,
2427 2430 2603 2484 neque
2632 2415 3033 2484 reprobantium
3054 2431 3067 2467 :
3089 2429 3208 2484 qua:
3237 2429 3380 2469 vera:

1809 2509 1938 2576 sint,
1974 2525 2166 2574 necne,
2216 2525 2320 2564 non
2361 2519 2444 2564 est
2478 2508 2761 2576 praesentis
2812 2508 3072 2577 temporis
3124 2518 3381 2562 accurato

1809 2602 2119 2670 exquirere.
2155 2601 2538 2655 Verumtamen
2573 2601 2760 2654 nullibi
2809 2600 3076 2667 gentium,
3108 2599 3268 2653 nullis
3293 2599 3376 2652 hi-

1809 2693 1996 2747 atoriis
2043 2692 2333 2760 aliquando
2381 2694 2694 2745 mandatum
2751 2701 2865 2754 est,
2910 2706 2973 2744 ac
3019 2705 3086 2744 ne
3131 2690 3375 2744 mandari

1811 2785 2028 2854 quidem
2061 2792 2262 2852 potest,
2292 2780 2458 2836 fuisse
2490 2783 2722 2852 aliquem
2752 2784 2842 2850 qui
2876 2796 2934 2836 se
2966 2782 3234 2849 reciperet
3281 2796 3378 2848 pro

1813 2891 1928 2936 toto
1948 2881 2146 2934 mundo
2173 2891 2400 2934 mortem
2415 2879 2710 2942 obiturum,
2735 2889 2792 2932 ut
2822 2889 2965 2932 tatus
2993 2878 3226 2932 mundus
3244 2894 3377 2946 pur-

1811 2983 2030 3042 garetur
2062 2971 2206 3027 illius
2229 2972 2551 3035 sanctitate;
2575 2971 2812 3038 alioquin
2845 2971 3168 3038 perdendus,
3193 2971 3245 3024 ni
3278 2985 3379 3034 pro

1812 3081 1878 3122 eo
1904 3065 2171 3120 servando
2207 3073 2434 3118 mortem
2457 3071 2774 3132 oppeteret:
2808 3063 3006 3132 quippe
3028 3066 3168 3131 quod
3209 3062 3378 3117 solius

1811 3158 1882 3213 sit
1911 3154 2040 3211 Jesu
2071 3170 2230 3226 posse
2259 3155 2500 3209 omnium
2543 3154 2751 3221 peccati
2777 3169 2915 3207 onus
2953 3154 3006 3206 in
3034 3166 3093 3207 se
3132 3152 3375 3222 recipere

1810 3265 1903 3320 per
1925 3263 2139 3303 crucem
2180 3263 2278 3317 pro
2318 3247 2570 3301 omnibus
2598 3264 2616 3296 ι
2646 3247 2762 3300 sine
2798 3246 2905 3300 Deo
2934 3245 2999 3311 °°,
3033 3264 3051 3297 ι
3084 3255 3248 3314 atque
3287 3244 3374 3297 iii-

1814 3343 2065 3411 gentibus
2092 3342 2205 3395 suis
2238 3341 2441 3394 viribus
2472 3339 2605 3393 illud
2630 3349 2866 3409 portare.
2896 3338 3094 3392 Calluit
3120 3338 3263 3392 enim
3291 3338 3379 3390 hic

1812 3433 1962 3488 solus
2006 3433 2151 3487 ferre
2194 3435 2532 3503 languorem,
2571 3441 2630 3486 ut
2678 3432 2854 3500 inquit
2895 3432 3061 3486 Isaias
3095 3431 3378 3500 pr0phets,

1813 3523 2002 3578 dicens
2039 3538 2052 3574 :
2090 3539 2109 3573 ι
2148 3521 2321 3576 llomo
2351 3523 2405 3594 in
2441 3522 2596 3592 plaga
2625 3522 2915 3584 exsislens,
2945 3532 3001 3575 et
3022 3522 3200 3575 sciens
3237 3519 3379 3574 ferre

1815 3615 2129 3683 languorem
2153 3615 2219 3670 ⁸⁷.
2251 3635 2269 3668 ι
2299 3616 2476 3683 Atque
2504 3614 2591 3668 hic
2626 3631 2763 3670 sane
2794 3623 3015 3683 peccata
3064 3622 3252 3668 nostra
3283 3626 3378 3665 ac-

1812 3710 1974 3778 cepit,
2009 3718 2063 3764 et
2095 3723 2236 3776 aegre
2272 3707 2497 3761 allectus
2536 3716 2620 3761 est
2669 3715 2889 3776 propter
2939 3705 3247 3773 iniquitates
3277 3720 3378 3758 no-

1811 3811 1954 3855 stras
1986 3801 2056 3864 “,
2096 3801 2146 3853 in
2179 3815 2346 3868 seque
2377 3800 2515 3854 facta
2537 3810 2619 3854 est
2640 3799 3004 3869 punitio,qua:
3029 3799 3185 3853 nobis
3214 3797 3379 3851 debe-

1813 3892 1993 3956 batur,
2035 3901 2094 3946 ιιι
2127 3908 2316 3962 pacem
2355 3892 2712 3960 recipiamus,
2746 3891 2871 3945 dum
2904 3891 3188 3946 erudimur
3218 3890 3384 3945 casti—

1811 3983 1944 4051 gati.
1995 3982 2101 4038 Isto
2134 3997 2367 4052 namque
2413 3983 2572 4037 modo
2599 3982 2704 4036 hoc
2761 3979 3004 4051 intelligo
3033 3995 3045 4028 :
3075 3995 3099 4034 ι
3127 3979 3376 4033 Eruditio

1812 4075 1964 4145 pacis
2003 4083 2205 4130 nostrae
2233 4091 2397 4146 super
2422 4091 2546 4130 eum
2577 4076 2641 4130 θ’.
2683 4094 2703 4128 ι
2741 4074 2994 4130 Fortasse
3032 4081 3211 4128 autem
3246 4085 3381 4137 nos,

1811 4167 1937 4236 quia
1973 4185 1992 4219 ι
2030 4166 2206 4222 livore
2237 4165 2354 4236 ejus
2381 4168 2556 4222 sanati
2600 4180 2810 4232 sumus,
2855 4183 2874 4217 ι
2903 4165 3070 4220 livore
3119 4179 3186 4221 ex
3220 4178 3381 4218 cruce

1812 4259 1888 4314 illi
1919 4259 2248 4314 obveniente
2288 4259 2464 4313 sanati
2495 4259 2780 4314 dicemus:
2817 4276 2845 4310 ι.
2871 4256 2997 4311 Mihi
3028 4266 3208 4312 autem
3241 4256 3384 4311 absit.

1813 4349 2057 4420 gloriari,
2087 4350 2189 4404 nisi
2210 4351 2261 4403 in
2283 4364 2447 4404 cruce
2465 4349 2674 4404 Domini
2705 4347 3014 4403 nostrilesu
3032 4347 3258 4412 Christi,
3286 4360 3383 4416 per

1824 4457 1989 4512 quem
2013 4443 2144 4496 mihi
2181 4441 2412 4497 mundus
2429 4443 2720 4496 cruciﬁxus
2736 4450 2910 4505 est,et
2936 4456 3036 4510 ego
3061 4439 3378 4495 mundum.»

1813 4534 2073 4589 Traditus
2114 4543 2199 4588 est
2237 4549 2268 4587 a
2323 4532 2484 4588 Patre
2518 4544 2738 4604 propter
2791 4542 3014 4603 peccata
3053 4541 3239 4586 nostra
3291 4529 3378 4584 hic

144 4623 296 4694 μέχρι
341 4623 602 4687 θανάτου,
659 4624 892 4677 θανάτου
940 4623 998 4676 δὲ
1041 4622 1313 4695 σταυροῦ,
1371 4642 1389 4674 ι
1441 4625 1475 4694 ἠ
1529 4622 1710 4694 κρίσις

1815 4623 2010 4693 Jesus;
2041 4625 2133 4695 qui
2166 4625 2332 4680 etiam
2365 4636 2653 4695 propterea
2686 4642 2706 4675 ι
2745 4626 2811 4678 ad
2831 4625 3160 4679 occisionem
3189 4624 3384 4675 ductus

140 4714 270 4786 ῆρθη
291 4733 306 4746 σ
334 4715 478 4770 οὕτω
509 4716 618 4788 γάρ
649 4716 833 4771 ἀκούω
865 4715 991 4769 τοῦ*
1033 4734 1052 4765 ι
1103 4715 1190 4768 Ἐν
1221 4717 1288 4786 τῇ
1316 4713 1642 4768 ταπεινώσει
1676 4715 1709 4784 ὴ

143 4804 312 4873 κρίσις
339 4804 505 4858 αὑτοῦ
543 4806 685 4878 ῆρθη
705 4823 718 4836 ·
758 4827 777 4856 ›
810 4807 886 4869 ὼς
914 4803 1049 4858 εἶναι
1089 4805 1158 4858 τά
1185 4803 1347 4874 ἐξῆς·
1395 4805 1482 4857 Ἐν
1520 4807 1585 4874 τῇ
1615 4820 1713 4856 τα-

143 4895 390 4950 πεινώσει
438 4895 602 4950 αὐτοῦ
633 4898 665 4968 ἡ
702 4896 884 4967 κρίσις
925 4896 1099 4968 ῆρθηο
1138 4895 1310 4959 οὕτως
1351 4895 1464 4964 (41)
1505 4895 1561 4948 δέ
1601 4895 1718 4948 ἀπὸ.

142 4986 239 5038 τῶν
269 4987 510 5058 ἀνομιῶν
539 4987 632 5042 τοῦ
672 4987 802 5042 λαοῦ
835 4988 928 5042 τοῦ
977 4988 1111 5042 Θεοῦ
1146 4987 1285 5059 ῆχθη
1327 4988 1408 5050 είς
1454 4987 1705 5042 θάνατον.

144 5078 340 5132 υύκοῦν
371 5078 642 5132 ἀπέθανεν
668 5082 697 5133 6
727 5079 1012 5152 ἄνθρωπος
1049 5073 1206 5142 οὗτος
1241 5079 1380 5149 ὑπὲρ
1411 5079 1504 5132 τοῦ
1550 5078 1702 5142 λαοῦ,

144 5167 227 5220 καὶ
255 5167 344 5220 διά
368 5167 557 5220 τοῦτον
587 5168 708 5238 ούχὶ
736 5169 854 5222 ὅλον
878 5167 939 5221 τό
970 5169 1118 5232 ἔθνος
1147 5167 1411 5222 ἀπώλετο.
1451 5168 1560 5220 Καὶ
1590 5167 1707 5220 ἐπί-

145 5273 350 5325 στησον,
405 5260 455 5311 εἰ
515 5258 759 5322 δύνασαι,
804 5259 865 5312 τό
913 5261 1010 5329 μὲν
1063 5259 1232 5329 ὄνομα
1287 5261 1380 5312 τοῦ
1426 5259 1556 5313 λαοῦ
1613 5259 1708 5312 λα-

1815 4725 1923 4784 est,
1950 4727 2010 4771 ut
2037 4731 2211 4786 agnus
2237 4731 2424 4772 coram
2465 4719 2725 4772 tondente
2756 4726 2939 4771 mutus
2963 4716 3031 4770 ".
3067 4733 3085 4766 ι
3124 4714 3294 4782 Ilujus
3327 4714 3380 4766 in

1815 4809 2136 4877 humilitate,
2173 4825 2281 4880 qua
2313 4828 2332 4862 ι
2362 4811 2620 4866 humilem
2650 4811 2882 4880 praebuit
2916 4809 3174 4878 seipsum,
3208 4806 3393 4860 factus

1810 4913 2075 4970 obediens
2118 4929 2289 4985 usque
2329 4915 2396 4969 ad
2451 4926 2705 4980 mortem,
2749 4923 2979 4969 mortem
3023 4920 3202 4965 autem
3252 4925 3381 4963 cru-

1815 5024 1978 5087 cis",
2013 5043 2033 5110 τ
2065 5023 2332 5093 judicium
2373 5027 2642 5080 sublatum
2679 5037 2764 5079 est
2806 5042 2819 5077 :
2863 5024 2944 5078 sic
2989 5021 3133 5076 enim
3164 5019 3269 5075 hoc
3300 5020 3384 5073 in-

1817 5132 2046 5200 telligo:
2093 5151 2112 5184 ι
2148 5132 2202 5188 1η
2260 5131 2566 5187 humilitate
2617 5129 2883 5200 judicium
2941 5126 3058 5197 ejus
3106 5127 3378 5182 sublatum

1812 5247 1896 5292 est
1923 5238 2011 5300 7';
2041 5258 2059 5291 ι
2097 5239 2319 5305 perinde
2345 5253 2410 5291 ac
2448 5238 2652 5292 diceret
2686 5254 2700 5290 :
2740 5236 2798 5290 In
2824 5236 3131 5292 humilitate
3157 5233 3273 5303 ejus
3295 5234 3384 5304 ju-

145 5345 246 5399 ϐεῖν
291 5351 372 5412 εἰς
420 5351 547 5413 τοὺς
589 5351 653 5402 ἐκ
688 5352 1009 5422 περιτομῆς,
1046 5351 1108 5404 τὸ
1137 5351 1194 5404 δὲ
1246 5352 1339 5404 τοῦ
1388 5352 1572 5415 ἔθνους
1625 5355 1705 5416 εἰς

1814 5345 2010 5400 dicium
2056 5345 2330 5400 sublatum
2373 5355 2457 5400 est
2497 5361 2511 5398 :
2549 5342 2714 5414 394
2768 5353 2824 5398 et
2878 5342 2982 5397 luit
3032 5343 3133 5405 sic,
3163 5350 3386 5411 prepter

143 5440 257 5503 τοὺς
298 5440 556 5506 λοιπούς·
599 5443 838 5497 ἀπέθανε
888 5444 997 5516 γάρ
1044 5437 1199 5508 οὗτος
1235 5445 1264 5496 6
1305 5444 1592 5516 ἄνθρωπος
1643 5447 1705 5498 ού

1817 5447 2130 5519 iniquitates
2160 5449 2340 5519 populi
2374 5449 2494 5516 Dei,
2529 5451 2726 5504 ductus
2755 5451 2821 5504 ad
2852 5460 3106 5505 mortem.
3140 5447 3385 5501 Mortuus

216 5580 336 5661 _l
370 5581 622 5661 Ιιξιιιιχ-ιι,ι
651 5582 744 5661 ξε.
886 5581 1009 5661 “fil
1038 5582 1170 5661 σοι..
1202 5600 1254 5661 ν,
1285 5584 1376 5638 21.
1454 5587 1516 5661 _"
1549 5585 1565 5638 I
1593 5584 1710 5661 (ξοιξ

1816 5629 1830 5661 ,
1860 5589 1947 5644 I5.
2019 5659 2032 5661 Α
2062 5589 2106 5621 ⁸⁸
2136 5589 2302 5644 Ilehr.
2328 5607 2390 5653 Il.
2417 5591 2470 5646 9.
2557 5590 2625 5661 Ᾱ⁶⁷
2650 5589 2776 5645 Isai.
2811 5605 2930 5656 Llll,
2954 5591 3008 5646 τ.
3084 5588 3131 5621 ⁸⁸
3157 5587 3290 5642 ibid.
3325 5588 3382 5644 ι.

147 5647 188 5680 ⁶⁹
216 5651 340 5706 ibid.
373 5652 428 5706 5.
506 5653 551 5684 '°
583 5653 763 5711 Galat.
796 5668 872 5722 v1,
902 5654 990 5709 14.
1087 5655 1130 5685 '“
1153 5653 1277 5709 Isai.
1312 5670 1430 5722 Llll,
1453 5657 1506 5709 7.
1613 5659 1661 5688 "‘
1688 5647 1885 5728 Philip.
1912 5675 1972 5724 ιι,
2011 5659 2066 5718 8.
2161 5661 2205 5692 ⁷³
2234 5662 2357 5716 lsai.
2379 5647 2508 5726 ἰιιι,
2544 5659 2601 5715 8.

236 5769 319 5834 ιο)
351 5772 531 5858 colles
571 5771 916 5858 Bodleianus,
943 5773 1222 5858 ἐποίησέν,
1275 5771 1418 5858 εἷπε,
1475 5777 1566 5858 τον
1624 5779 1699 5851 μὴ

1817 5853 1830 5858 _
1885 5780 2000 5858 (ll)
2034 5780 2572 5858 0§w¢.Sic_codex
2633 5782 2863 5858 Regius,
2912 5781 3202 5858 Ferrarius
3256 5792 3396 5838 vero

152 5842 351 5905 γνόντα,
383 5853 438 5896 et
485 5843 563 5895 sic
627 5842 821 5913 legisse
871 5842 1102 5901 videtur'
1125 5842 1445 5912 Ferrarius;
1510 5842 1708 5918 llcgius

152 5923 272 5966 vero
293 5913 494 5970 omittit
527 5907 668 5970 εῖπε.

1817 5842 2024 5924 legebat
2047 5842 2225 5921 οὗτος,
2258 5856 2420 5910 vertit
2450 5856 2620 5924 enim,
2659 5873 2684 5907 ι.
2710 5842 2762 5911 Et
2792 5842 2896 5909 fuit
2925 5856 3099 5910 hic.»
