3804 6546
472 450 581 511 723

1926 454 2245 512 ORIGENIS

3602 451 3684 508 7‘2!

472 587 557 631 es:
595 572 761 643 igitur
797 573 887 630 hic
913 572 1076 628 homo
1118 587 1222 644 pro
1264 573 1498 645 populo,
1539 582 1595 631 et
1638 583 1860 646 propter
1890 576 2038 632 hunc

2146 574 2307 646 μόνον
2336 572 2475 644 ὑπὲρ
2495 570 2589 626 τοῦ
2621 569 2779 638 λαοῦ,
2811 569 2925 625 ἀλλ’
2960 570 3048 625 ἵνα
3077 569 3174 624 καὶ
3211 567 3289 644 μὴ
3329 568 3451 625 ὅλον
3476 568 3538 623 τὸ
3557 568 3682 636 (Ova;

474 680 582 717 non
627 674 738 719 tota
781 680 912 736 gens
952 665 1128 737 periit.
1161 667 1240 723 Ac
1292 667 1416 724 vide
1457 682 1584 722 num
1624 667 1804 739 populi
1840 682 2035 724 nomen

477 755 688 811 referre
761 756 943 827 possis
1015 756 1082 812 ad
1149 771 1243 812 eos
1290 758 1381 827 qui
1446 768 1572 814 sunt
1637 773 1705 814 ex
1746 758 2038 815 circumci-

2141 665 2432 737 ἀπόληται,
2480 662 2612 719 ὡσεὶ
2661 663 2838 733 ἔλεγε,
2868 661 2929 716 τὸ
2957 662 3296 734 χρηματίζον
3320 661 3383 715 τὸ
3410 662 3553 727 εθνος
3587 664 3680 734 (49.)

2141 758 2239 813 καὶ
2260 756 2462 821 πάντες
2489 758 2539 811 oi
2565 755 2773 811 ἐθνικοὶ
2790 754 3122 810 ἀπόλωνται.

473 854 648 918 sione,
684 853 861 923 gentis
918 868 1049 909 vero
1099 854 1166 909 ad
1214 865 1468 912 caeteros.
1505 856 1746 913 Mortuus
1794 857 1993 912 etenim
2028 864 2114 912 est
2144 856 2235 912 hic
2272 856 2460 921 homo,
2508 868 2614 909 non
2674 861 2880 907 tantum
2920 866 3019 921 pro
3058 853 3279 921 populo,
3319 851 3418 907 sed
3454 851 3604 906 etiam
3630 868 3684 907 ne

477 956 585 1001 tnta
645 963 776 1009 gens
826 956 1043 1019 pereat;
1095 940 1352 1020 tanquam
1408 951 1455 1007 si
1488 952 1736 1019 dixisset,
1779 966 1848 1007 ne
1886 952 1977 1022 qui
2008 960 2270 1007 vocantur
2318 963 2449 1020 gens
2492 948 2634 1002 inter
2665 945 2880 1002 Iudaeos
2909 954 3187 1005 et.omnes
3211 945 3444 1017 gentiles
3473 955 3681 1014 pereant.

455 1059 464 1068 ν
549 1041 636 1095 15.
676 1042 771 1098 llis
827 1044 1137 1114 proximum
1176 1053 1261 1102 est
1299 1062 1364 1100 ιι
1399 1045 1512 1101 lloc
1535 1062 1564 1101 a
1591 1048 1883 1118 semetipso
1931 1063 2038 1101 non

477 1133 614 1188 dixit
639 1134 707 1188 ⁷⁸.
745 1154 763 1187 ι
805 1134 917 1190 Hoc
949 1135 1096 1192 dicto
1129 1152 1227 1192 nos
1264 1138 1477 1193 discere
1520 1138 1716 1209 opinor
1737 1179 1756 1206 ,
1789 1140 2038 1208 quaedam

478 1240 579 1281 nos
599 1218 848 1283 homines
877 1243 906 1283 a
938 1229 1347 1299 nobismetipsis
1376 1228 1641 1299 proferre,
1675 1229 1824 1284 nullo
1846 1229 2039 1299 spiritu

479 1329 578 1369 nos
600 1315 666 1369 ad
691 1316 742 1369 id
770 1316 1108 1385 impellente,
1146 1316 1250 1370 alia
1280 1331 1432 1381 vero,
1463 1315 1630 1371 veluti
1657 1316 1947 1370 insonante
1974 1329 2038 1370 ac

479 1415 798 1477 suggerente
852 1408 1008 1463 nobis
1058 1409 1253 1478 spiritu
1309 1409 1562 1478 quopiam
1609 1422 1731 1477 quae
1770 1407 2038 1471 dicamus,

477 1500 689 1554 etiamsi
714 1500 935 1555 omnino
957 1516 986 1553 a
1018 1500 1175 1555 nobis
1206 1514 1310 1555 non
1349 1500 1675 1565 alienemur,
1698 1509 1755 1555 et
1786 1499 2037 1553 inconse-

479 1600 708 1656 quenter
750 1590 928 1645 aﬂ‘ecti
967 1606 1095 1662 erga
1134 1592 1249 1662 ipsa
1297 1605 1417 1660 quae
1464 1590 1714 1657 dicimus,
1754 1590 2040 1644 videamur

480 1680 569 1735 illa
611 1681 852 1752 assequi.
897 1682 1174 1754 Contingit
1215 1693 1426 1748 autem,
1470 1692 1530 1738 ut
1577 1691 1929 1751 assequentes
1970 1694 2036 1735 ea

478 1788 601 1844 quze
637 1775 883 1843 dicimus,
934 1791 1039 1831 non
1073 1790 1429 1846 assequamur
1461 1775 1795 1830 voluntatem
1826 1782 1883 1829 et
1906 1788 2038 1829 con-

479 1843 657 1919 silium
703 1880 890 1921 eorum
928 1883 1048 1936 qua:
1081 1843 1371 1933 dicuntur;
1410 1866 1870 1937 quemadmodum
1899 1879 2042 1920 nunc
2071 1843 2114 1898 Β

478 1956 745 2027 Caiaphas
776 1958 1043 2028 pontifex,
1066 1960 1157 2029 qui
1186 1973 1286 2014 nec
1312 1974 1342 2013 a
1381 1957 1668 2027 semetipso
1691 1956 1907 2012 locutus
1933 1963 2042 2022 est,

482 2063 580 2101 nec
606 2062 822 2104 sensum
855 2049 1067 2105 locutus
1098 2060 1201 2116 est,
1246 2059 1302 2104 ut
1340 2048 1712 2119 prophetiam.
1751 2047 1879 2116 quia
1917 2060 2044 2117 1³1⁵0⁸

480 2137 717 2209 pbetiam
751 2153 938 2194 eorum
959 2155 1079 2210 quae
1093 2138 1415 2210 loquebatur
1445 2152 1553 2193 non
1581 2136 1865 2194 intellexit.
1900 2135 2041 2201 Quin

480 2229 619 2298 apud
671 2227 897 2283 Paulum
952 2230 1118 2285 etiam
1152 2238 1280 2286 sunt
1305 2229 1525 2300 quidam
1576 2229 1713 2298 legis
1767 2230 2087 2294 doctores,‘

480 2320 1069 2392 «nequeintelligentes
1109 2337 1230 2393 quae
1281 2323 1490 2389 dicunt,
1525 2334 1702 2391 neque
1742 2320 1810 2376 de
1846 2320 2043 2390 quibus

480 2409 753 2479 aﬂirmaut
779 2413 848 2468 ⁷⁸.
883 2433 902 2467 ι
938 2414 1009 2469 At
1040 2428 1170 2470 vero
1202 2414 1419 2485 sapiens
1442 2428 1546 2469 non
1584 2424 1668 2468 est
1705 2410 2039 2483 huiusmodi,

477 2503 544 2555 de
565 2516 670 2570 quo
696 2502 934 2573 loquitur
965 2506 1017 2559 in
1049 2504 1362 2562 Proverbiis
1407 2503 1663 2561 Salomon
1706 2503 1838 2560 ille:
1875 2520 1897 2557 ι
1939 2502 2040 2559 Sa-

478 2593 634 2663 piens
687 2594 950 2667 intelliget
1000 2611 1121 2669 quat
1165 2612 1233 2653 ex
1271 2611 1370 2652 ore
1413 2611 1515 2653 suo
1543 2597 1861 2667 prodibunt,
1897 2606 1954 2653 et
1986 2597 2040 2651 in

476 2684 638 2741 labiis
670 2688 785 2742 suis
819 2691 1061 2758 portabit
1093 2690 1424 2758 agnitionem
1449 2690 1517 2742 ".
1561 2708 1581 2743 ι
1612 2691 1692 2745 Ac
1712 2705 1890 2745 meum
1914 2704 2042 2760 pro-

475 2774 617 2832 lecto
644 2778 1025 2847 eStjudieium,
1054 2797 1241 2838 casum
1290 2781 1579 2852 aliquoties
1619 2781 1674 2836 in
1714 2796 1878 2837 causa
1916 2796 2041 2837 esse

477 2868 860 2938 prophetandi,
908 2883 967 2928 ut
1013 2887 1154 2928 nunc
1193 2872 1447 2945 Caiaphae
1476 2872 1531 2929 in
1559 2888 1723 2930 causa
1761 2873 1862 2927 fuit
1896 2872 2040 2944 quod

480 2961 722 3036 pontifex
756 2973 902 3019 esset
929 2966 1054 3019 anni
1082 2963 1248 3029 illius,
1266 2980 1373 3036 quo
1403 2966 1697 3021 moriturus
1718 2964 2039 3032 eratJesus,

477 3076 582 3113 ttutt
627 3067 834 3113 tantum
884 3072 981 3128 pro
1034 3056 1260 3129 pepulo,
1291 3059 1387 3114 sed
1412 3074 1484 3115 ne
1524 3068 1638 3114 tota
1667 3073 1801 3129 gens
1828 3068 2037 3128 pereat.

474 3151 611 3207 Cum
632 3151 778 3205 enim
818 3149 907 3204 alii
944 3164 1158 3220 quoque
1184 3150 1466 3221 pontiﬁces
1503 3160 1710 3218 essent,
1748 3159 1805 3205 ut
1826 3152 2039 3222 perspi-
2064 3179 2110 3239 ρ

476 3257 637 3297 cuum
674 3250 758 3296 est
786 3255 851 3295 ex
884 3240 965 3296 bis
988 3256 1107 3309 quae
1137 3241 1194 3296 in
1224 3241 1455 3296 medium
1484 3241 1827 3310 protulimus,
1862 3242 2041 3299 nullus

476 3333 788 3403 prophetat,
843 3330 946 3387 nisi
977 3331 1219 3403 pontifex
1255 3334 1380 3387 anni
1427 3332 1573 3388 illius
1623 3348 1732 3403 quo
1779 3348 2040 3403 passurus

474 3437 599 3480 erat
648 3423 806 3480 Iesus
864 3439 1108 3479 summus
1153 3424 1417 3494 pontifex.
1471 3422 1659 3480 Itidem
1714 3438 1873 3480 casus
1914 3423 2042 3481 fecit

477 3518 696 3573 nuntios
727 3515 1001 3572 Saulis.ad
1037 3516 1293 3572 Davidem
1327 3516 1538 3584 missos,
1586 3516 1875 3587 ipsumque
1901 3516 2041 3571 Sau-

475 3611 603 3676 lem,
636 3611 1005 3680 prepbetare:
1048 3609 1163 3665 fere
1196 3608 1345 3666 enim
1392 3609 1520 3680 quia
1560 3609 1892 3680 quasierunt
1938 3610 2041 3665 Da-

482 3703 591 3769 vid,
625 3702 843 3758 obvenit
866 3712 923 3756 ut
951 3701 1356 3773 prophetarent,
1384 3701 1479 3757 sed
1508 3715 1573 3757 eo
1598 3700 1757 3757 modo
1776 3716 1885 3772 quo
1910 3701 2042 3757 scri-

475 3805 624 3864 ptum
660 3803 764 3850 est.
800 3793 937 3862 Quin
977 3801 1034 3849 et
1064 3791 1301 3859 Balaam,
1351 3803 1627 3864 assumpta
1655 3794 1911 3864 parabole
1942 3809 2038 3850 sua

474 3901 583 3940 non
614 3884 843 3942 dixisset
870 3901 885 3937 :
924 3902 942 3937 ι
977 3884 1056 3941 Ex
1088 3885 1475 3957 Mesopotamia
1503 3886 1791 3942 accersivit
1820 3901 1908 3942 me
1931 3886 2032 3954 ",i

469 3987 525 4031 et
557 3992 678 4047 qua:
708 3986 1032 4048 sequuntur,
1057 3977 1110 4031 ni
1143 3978 1367 4033 vidisset
1396 3978 1647 4034 lsraelem
1677 3987 2037 4035 castrameta-

474 4076 585 4120 tum
637 4066 805 4121 fuisse
847 4082 863 4120 :
901 4074 958 4122 et
1016 4080 1233 4135 semper
1281 4066 1440 4122 aliam
1495 4077 1705 4137 partem
1759 4068 2037 4124 exercitus

469 4156 684 4222 videns,
724 4171 793 4211 ex
842 4157 1085 4214 novitate
1125 4158 1206 4213 rei
1254 4168 1560 4231 conspectae
1606 4161 1929 4216 movebatur
1968 4162 2039 4217 ad

474 4247 761 4302 dicendum
793 4264 892 4317 pro
924 4246 1147 4305 Israele.

542 4339 703 4410 395
743 4340 832 4396 l6.
866 4340 1163 4396 Moriturus
1193 4355 1325 4411 ergo
1356 4354 1477 4400 erat
1512 4345 1671 4402 Jesus
1704 4362 1801 4418 pro
1841 4356 2038 4418 gente,

468 4425 591 4497 quae
635 4430 852 4485 diversa
883 4440 1060 4485 erata
1098 4428 1224 4486 ﬁliis
1273 4432 1365 4487 Dei
1415 4434 1702 4504 dispersis,
1732 4443 1791 4489 ut
1818 4436 2034 4506 perspi-

2220 1044 2307 1100 15.
2353 1042 2509 1114 Ἑξῆς
2528 1041 2702 1113 τούτῳ
2734 1037 2847 1113 (45)
2882 1039 3004 1094 ἐστὶ
3018 1040 3081 1093 τό
3100 1056 3115 1070 ·
3153 1059 3172 1091 ι
3212 1038 3389 1094 Τοῦτο
3414 1039 3503 1106 ἀφ’
3519 1038 3680 1092 ἑαυτοῦ

2145 1138 2244 1190 οὐκ
2263 1130 2433 1189 εἶπεν.
2471 1151 2491 1185 ι
2536 1134 2654 1201 Ἀφ’
2681 1124 2744 1186 οὗ
2779 1131 3068 1204 μανθάνειν
3100 1128 3252 1201 οἶμαι
3293 1132 3463 1202 ἡμᾶς,
3492 1130 3566 1182 ὃτι
3588 1129 3683 1182 τινὰ

2150 1228 2251 1300 μὲν
2282 1228 2332 1281 oi
2360 1225 2633 1297 ἄνθρωποι
2654 1225 2747 1295 ἀφ’
2774 1225 2981 1281 ἑαυτῶν
3003 1223 3251 1294 λέγομεν,
3281 1221 3547 1293 μηδεμιᾶς
3565 1223 3681 1291 ἡμᾶς

2145 1312 2473 1386 ἐνεργούσης
2514 1314 2593 1377 είς
2648 1312 2711 1366 τὸ
2744 1313 2921 1383 λέγειν
2952 1313 3255 1385 δυνάμεως,
3303 1312 3469 1382 ἕτερα
3505 1311 3558 1363 δὲ
3599 1312 3682 1363 dis-

2143 1408 2302 1479 περεὶ
2343 1406 2677 1477 ὑπηχούσης,
2720 1408 2814 1463 καὶ
2835 1405 3237 1478 ὑποϐαλλούσης
3266 1403 3545 1475 δυνάμεώς
3565 1419 3681 1467 τινος

2142 1501 2276 1570 ἡμῖν
2301 1498 2372 1554 τὰ
2405 1497 2693 1568 λεγόμενα·
2729 1498 2834 1553 κᾶν
2885 1499 2961 1569 μὴ
3007 1498 3189 1553 τέλεον
3232 1495 3578 1566 ὲξιστάμεθα,
3607 1496 3683 1549 καὶ

2143 1588 2669 1663 ἀπαρακολουθήτως
2711 1589 2906 1661 ἔχομεν
2963 1591 3175 1655 ἑαυτοῖς
3197 1629 3212 1654 ,
3286 1588 3428 1643 ἀλλά
3478 1587 3681 1658 δοκῶμεν

2142 1679 2562 1754 παρακολουθεῖν
2618 1674 2700 1744 οἷς
2741 1679 2989 1751 λέγομεν,
3050 1680 3328 1751 ἐνδέχεται
3386 1676 3680 1748 παρακολου-

2143 1773 2369 1838 θοῦντας
2403 1775 2554 1845 ἡμᾶς
2583 1773 2797 1836 ἑαυτοῖς
2825 1767 2859 1847 ᾗ
2886 1772 3139 1844 λέγομεν,
3176 1772 3254 1844 μὴ
3288 1770 3680 1843 παρακολουθεῖν

2141 1866 2220 1937 τῷ
2248 1865 2548 1937 βουλήματι
2573 1864 2682 1921 τῶν
2717 1864 3052 1936 λεγομένωνυ
3084 1864 3275 1937 ὥσπερ
3323 1864 3424 1918 νῦν
3467 1863 3682 1931 Καϊάφας

2141 1964 2170 2017 ὁ
2194 1963 2482 2039 ἀρχιερεὺς
2520 1961 2612 2016 καὶ
2654 1960 2747 2031 ἀφ’
2792 1959 2988 2015 ἑαυτοῦ
3021 1960 3121 2014 οὐκ
3151 1955 3295 2026 εἶπε,
3338 1960 3436 2013 καὶ
3467 1957 3558 2011 οὐκ
3588 1952 3680 2010 εἷπε

2142 2055 2232 2109 τὸν
2260 2054 2405 2119 νοῦν,
2445 2054 2523 2118 ὡς
2563 2054 2917 2126 προφητείαν,
2968 2053 3063 2108 καὶ
3101 2054 3199 2125 τὴν
3244 2050 3575 2124 προφητείαν
3608 2048 3679 2102 τοῦ

2141 2147 2435 2218 λεγομένου
2461 2146 2573 2219 (44)
2605 2147 2705 2200 οὐκ
2734 2146 2966 2218 ἐδέχετο.
3000 2147 3112 2200 Καὶ
3143 2145 3299 2216 παρά
3324 2144 3520 2216 Παύλῳ
3544 2142 3592 2196 δὲ
3621 2158 3682 2196 vo-

2145 2238 2521 2311 μοδιδάσκαλοι
2538 2237 2683 2302 τινές
2698 2239 2804 2291 εἰσι
2826 2256 2847 2291 ι
2878 2238 2954 2309 μὴ
2981 2237 3247 2301 νοοῦντες,
3256 2239 3405 2309 μήτε
3426 2236 3462 2291 ἃ.
3481 2236 3678 2302 λέγουσι,

2145 2332 2284 2403 μήτε
2318 2329 2623 2402 περὶτίνων
2642 2329 3101 2385 διαὸεὸαιοῦνται.
3141 2349 3162 2383 ι
3210 2329 3354 2385 Ἀλλ’
3380 2329 3475 2398 οὐχ
3497 2330 3524 2382 ὁ
3551 2327 3679 2393 σωρὸς

2139 2421 2399 2487 τοιοῦτος,
2432 2422 2559 2494 περὶ
2585 2414 2647 2476 οὗ
2702 2437 2864 2493 φησιν
2904 2423 2963 2477 ὲν
3006 2422 3339 2493 Παροιμίαις
3367 2422 3398 2474 ὁ
3440 2419 3677 2490 Σολομῶν·

2147 2528 2166 2563 ι
2197 2510 2368 2581 Σοφὸς
2389 2512 2571 2583 νοήσει
2605 2511 2674 2566 τά
2706 2510 2812 2566 ἀπὸ
2839 2511 2967 2566 ἰδίου
2999 2513 3291 2583 στόματος,
3318 2512 3415 2566 ἐπὶ
3437 2511 3494 2565 δὲ
3514 2510 3679 2581 χείλεσι
3748 2580 3753 2589 Ι

2142 2602 2364 2674 φορήσει
2386 2600 2851 2673 ὲπιγνωμοσύνην.
2880 2620 2899 2653 ι
2931 2604 3086 2656 Δοκεῖ
3110 2603 3169 2657 δέ
3206 2620 3325 2674 μοι,
3366 2602 3448 2655 ὅτι
3492 2601 3578 2653 καὶ
3603 2615 3678 2649 πε-

2144 2693 2390 2765 ρίστασις
2408 2693 2554 2748 αἰτία
2582 2694 2711 2747 ποτὲ
2734 2692 2943 2763 γίνεται
2972 2692 3068 2749 τοῦ
3111 2693 3499 2766 προφητεύειν,
3523 2690 3678 2755 ὥσπερ

2142 2784 2239 2839 καὶ
2266 2784 2363 2839 νῦν
2401 2783 2479 2856 τῷ
2519 2784 2766 2856 Καῖάφᾳ,
2804 2783 2866 2838 τὸ
2906 2780 3045 2839 εἶναι
3097 2783 3260 2840 αὑτὸν
3318 2782 3570 2855 ἀρχιερέα
3604 2776 3677 2831 τοῦ

2141 2873 2388 2929 ἐνιαυτοῦ
2437 2874 2645 2929 ἐκείνου
2675 2869 2719 2943 ᾧ
2750 2874 2977 2946 ἔμελλεν
3015 2876 3045 2929 ὁ
3099 2875 3307 2947 Ἰησοῦς
3354 2874 3678 2942 ἀποθνήσκειν

2142 2966 2284 3038 ὑπὲρ
2311 2966 2405 3020 τοῦ
2440 2966 2591 3031 λαοῦ,
2623 2967 2710 3021 ἵνα
2767 2966 2843 3039 μὴ
2872 2966 2993 3022 ὅλον
3028 2967 3089 3021 τὸ
3127 2967 3278 3032 ἔθνος
3312 2967 3592 3037 ἀπόληταιο
3617 2962 3680 3014 δν-

2152 3075 2260 3113 των
2283 3058 2391 3130 γὰρ
2412 3059 2505 3113 καὶ
2540 3058 2715 3115 ἄλλων
2747 3059 3072 3130 ἀρχιερέων,
3113 3060 3188 3123 ὼς
3214 3058 3376 3130 δῆλον
3401 3057 3459 3124 ἐξ
3480 3052 3548 3109 ὢν
3571 3070 3677 3125 προ·

2143 3148 2515 3221 παρεθέμεθα,
2572 3150 2744 3215 οὐδεὶς
2788 3149 3122 3222 προφητεύει
3162 3148 3255 3220 ἢὸ
3295 3148 3395 3202 τοῦ
3435 3142 3675 3207 Emam-3,

2139 3235 2184 3311 ᾧ
2204 3242 2395 3314 ἔμελλε
2416 3244 2645 3315 πάσχειν
2664 3246 2692 3298 6
2726 3244 2950 3315 Ἰησοῦς,
2976 3240 3281 3315 ἀρχιερεύς.
3314 3241 3618 3311 Reginam;
3632 3234 3675 3287 δὲ

2141 3334 2503 3405 προφητεύειν
2532 3337 2795 3406 πεποίηκε
2835 3336 2928 3390 καὶ
2958 3334 3052 3389 τοῦ
3079 3334 3249 3389 Σαοὺλ
3278 3331 3539 3402 ἀγγέλους
3565 3343 3682 3395 πεμ-⁸

2140 3424 2372 3495 φθέντας
2393 3426 2486 3479 ἐπὶ
2508 3425 2601 3480 τὸν
2634 3426 2819 3494 Δαὸὶδ,
2847 3428 2941 3481 καὶ
2970 3426 3131 3479 αὑτὸν
3173 3425 3266 3478 τὸν
3301 3423 3502 3479 Σαούλ’
3543 3418 3675 3475 οἱονεὶ

2138 3517 2248 3589 γὰρ
2275 3515 2336 3571 τὸ
2364 3515 2546 3589 ζητεῖν
2581 3519 2778 3582 αὐτοὺς
2814 3518 2904 3573 τὸν
2953 3517 3120 3570 Δαὸὶδ
3155 3517 3328 3570 αἴτιον
3358 3515 3539 3584 γέγονε
3571 3525 3676 3580 προ-

2140 3608 2387 3678 φητείας,
2420 3608 2555 3664 άλλά
2589 3611 2863 3681 τοιαύτης,
2893 3609 3051 3664 ὁποία
3078 3609 3511 3679 ἀναγέγραπται.
3549 3598 3675 3655 Ἀλλὰ

2139 3700 2235 3754 καὶ
2262 3699 2489 3770 Βαλαὰμ
2519 3700 2620 3755 οὐκ
2651 3700 2737 3768 ἂν,
2775 3698 3060 3757 ἀναλαϐὼν
3103 3699 3201 3771 τὴν
3237 3696 3551 3770 παραϐολὴν
3584 3690 3672 3761 (45)

2141 3790 2328 3857 αὐτοῦ,
2377 3785 2497 3845 εἷπε
2554 3792 2683 3857 τδ,ι
2713 3793 2807 3846 Ἐκ
2853 3789 3278 3861 Μεσοποταμίας
3332 3782 3674 3861 μετεπέμψατό

2143 3905 2232 3958 με,
2268 3907 2287 3941 ι
2321 3890 2414 3943 καὶ
2444 3891 2513 3944 τά
2543 3887 2687 3959 ἑξῆς,
2720 3888 2795 3959 μὴ
2833 3887 2956 3942 ἰδὼν
3007 3886 3100 3941 τὸν
3145 3886 3362 3958 Ἰσραὴλ
3399 3887 3674 3952 ἐστρατοπε-

2137 3980 2385 4048 δευκότα,
2423 3983 2519 4035 καὶ
2565 3982 2651 4041 ἀεὶ
2691 3980 2818 4036 ἄλλο
2859 3980 3021 4052 μέρος
3068 3978 3434 4051 στρατοπέδου
3478 3974 3669 4046 βλέπων,

2140 4070 2249 4126 ἀπὸ
2273 4072 2373 4143 τῆς
2403 4073 2722 4143 καινότητος
2746 4070 2839 4125 τοῦ
2873 4070 3202 4141 βλεπομένου
3224 4071 3458 4123 ἐκινεῖτο
3486 4063 3602 4135 πρὸς
3625 4058 3670 4111 τὺ

2138 4164 2315 4235 λέγειν
2337 4164 2577 4237 περὶτοῦ
2615 4163 2849 4237 Ἰσραήλ.

2211 4348 2298 4404 16.
2328 4348 2559 4420 Ἔμελλε
2585 4347 2764 4403 τοίνυν
2814 4345 3021 4419 Ἰησοῦς
3054 4343 3421 4415 ἀποθνήσκειν
3445 4336 3571 4405 ὑπὲρ
3590 4328 3663 4385 τοῦ

2139 4440 2342 4505 ἔθνους,
2373 4442 2509 4511 ὅπερ
2535 4440 2718 4511 ἕτερον
2744 4434 2813 4509 ἦν
2833 4437 2940 4491 τῶν
2972 4434 3472 4506 διεσκορπισμένων
3499 4428 3666 4482 si.an

466 4533 630 4574 cuum
653 4529 740 4575 est
760 4520 866 4576 hoc
892 4519 1036 4577 dicto
1065 4538 1079 4574 :
1116 4538 1137 4574 ι
1170 4520 1432 4577 Futurum
1456 4535 1591 4592 erat,
1625 4534 1685 4580 ut
1711 4523 1869 4581 Jesus
1911 4540 2031 4581 mo-

2146 4530 2297 4595 Θεοῦ,
2328 4530 2405 4594 ὡς
2445 4528 2601 4600 δῆλον
2644 4530 2708 4589 ἐκ
2735 4528 2829 4582 τοῦ
2850 4545 2863 4559 ·
2904 4547 2924 4580 ι
2979 4526 3185 4599 Ἰησοῦς
3220 4525 3444 4596 ἔμελλεν
3474 4515 3667 4583 ἀποθνή-

467 4621 680 4667 reretur
707 4627 812 4667 non
847 4621 1056 4668 tantum
1105 4628 1203 4684 pro
1250 4627 1438 4686 gente,
1469 4617 1562 4673 sed
1595 4619 1761 4674 etiam
1797 4629 1855 4674 ut
1889 4620 2028 4675 ﬁlios

2146 4641 2287 4678 mw
2324 4624 2424 4693 οὐχ
2461 4622 2598 4694 ὑπὲρ
2637 4621 2732 4675 τοῦ
2778 4620 2963 4683 ἔθνους
2994 4620 3174 4690 μόνον,
3219 4618 3335 4672 ἀλλ’
3376 4617 3458 4673 (va
3497 4612 3579 4666 καὶ
3615 4604 3666 4658 τὰ

466 4702 591 4768 Dei,
614 4703 707 4774 qui
736 4704 964 4774 dispersi
999 4719 1178 4772 erant,
1213 4719 1567 4779 congregaret
1601 4711 1654 4765 in
1690 4725 1853 4764 unum
1890 4711 1957 4766 ⁷⁸.
2000 4731 2021 4765 ι

2146 4715 2301 4769 τέκνα
2325 4714 2417 4768 τοῦ
2443 4714 2579 4767 Θεοῦ
2602 4713 2671 4767 τὰ
2692 4710 3148 4782 διεσκορπισμένα
3176 4708 3458 4779 συναγάγῃ
3478 4706 3548 4767 εἰς
3563 4701 3660 4753 ἓν.»

463 4793 697 4861 Quinam
728 4809 860 4851 vero
891 4794 1007 4861 alii,
1043 4805 1240 4867 praeter
1280 4808 1490 4869 gentes,
1531 4799 1624 4854 lilii
1657 4800 1750 4857 Dei
1795 4801 2025 4870 dispersi

2146 4803 2268 4856 Τίνα
2324 4804 2380 4857 δὲ
2429 4802 2500 4856 τὰ
2560 4802 2712 4874 παρὰ
2752 4800 2815 4855 τὸ
2868 4801 3019 4865 ἔθνος
3056 4796 3508 4871 διεσκορπισμένα
3532 4790 3664 4844 τέχνα

462 4896 647 4944 essent
682 4901 829 4943 nunc
866 4894 1079 4957 tempus
1124 4896 1207 4942 est
1246 4903 1490 4957 quaerere
1521 4908 1536 4945 :
1574 4890 1640 4944 de
1669 4891 1888 4960 quibus,
1932 4892 2025 4962 qui

2146 4894 2291 4957 Θεοῦ,
2313 4894 2409 4949 νῦν
2437 4894 2625 4966 καιρὸς
2650 4894 2752 4965 ἤδη
2784 4893 2987 4965 ζητεῖν.
3014 4892 3151 4965 Περὶ
3184 4891 3393 4945 τούτων
3428 4889 3488 4958 δὴ
3513 4887 3556 4939 oi
3588 4881 3664 4953 μὲν

462 4987 686 5033 naturas
711 4979 1084 5044 introducunt,
1127 4980 1324 5034 dicturi
1366 4991 1491 5036 sunt
1526 4982 1646 5038 illos
1696 4984 1787 5053 qui
1819 4984 2025 5052 judicio

2146 4986 2237 5050 τὰς
2262 4986 2453 5055 φύσεις
2474 4986 2783 5055 εἰσάγοντες
2811 4984 2945 5055 (46),
2987 4987 3114 5049 τοὺς
3153 4983 3274 5037 κατ’
3316 4980 3509 5042 αὐτοὺς
3547 4989 3666 5028 1W5“-

459 5082 643 5123 eorum
672 5079 800 5125 sunt
834 5070 1162 5139 spirituales,
1192 5071 1330 5127 ﬁlios
1365 5086 1485 5128 esse
1520 5074 1635 5141 Dei,
1669 5075 2028 5142 spiritualiter

2146 5080 2399 5149 ματικοὺς
2437 5079 2702 5149 φήσουσιν
2737 5073 2877 5131 εἶναι
2903 5076 2973 5131 τὰ
2998 5076 3163 5129 τέκνα
3201 5075 3295 5129 τοῦ
3337 5073 3488 5138 Θεοῦ,
3529 5080 3659 5121 mea.

460 5174 567 5213 non
595 5160 955 5229 dijudicantes
1002 5165 1209 5219 omnia.
1261 5163 1376 5220 Hoc
1429 5166 1573 5221 enim
1622 5167 1804 5221 dicere
1833 5182 2025 5224 conse-

2146 5170 2379 5241 ματικῶς
2427 5171 2528 5224 ούκ
2571 5170 2959 5240 ἀνακρίναντες
2999 5168 3235 5232 πάντας·
3268 5166 3425 5220 τοῦτο
3449 5163 3544 5233 γὰρ
3566 5158 3661 5213 ἁκο-

459 5264 629 5319 quens
643 5260 831 5309 esteos
844 5252 933 5324 qui
950 5262 1169 5312 naturas
1178 5268 1301 5312 esse
1316 5257 1650 5324 existimant,
1668 5257 2026 5330 intelligentes

2146 5263 2311 5317 ιουθεῖ
2371 5263 2547 5333 λέγειν
2604 5265 2716 5326 τοῖς
2793 5261 2983 5332 φύσεις
3041 5257 3181 5317 εἶναι
3236 5259 3522 5330 οἰομένοις,
3588 5247 3658 5302 καί
3736 5330 3737 5343 χ

563 5432 612 5465 ’⁵
640 5432 797 5491 Joan.
821 5452 899 5506 ιι,
928 5438 1018 5495 51.

1114 5443 1161 5478 ⁷⁸
1183 5442 1203 5497 1
1229 5442 1371 5498 Tim.
1404 5460 1443 5510 ι,
1478 5444 1530 5499 7.
1602 5444 1649 5476 ⁷⁸
1669 5441 1831 5499 Prov.
1862 5461 1973 5512 xvt,
1994 5445 2039 5500 21

2184 5445 2228 5476 ⁷⁸⁸
2252 5442 2413 5498 Num.
2441 5458 2599 5510 χχιιι,
2630 5442 2684 5497 ’1.
2785 5442 2832 5475 ⁷⁸
2851 5440 3006 5497 Joan.
3035 5456 3109 5504 xt,
3137 5440 3228 5504 5i,
3251 5439 3339 5495 52.

429 5594 433 5600 _
494 5596 509 5607 ι
531 5525 643 5599 (49.)
672 5530 848 5607 Etlitio
872 5528 1048 5607 ﬂuetii
1081 5548 1366 5607 perperam
1390 5537 1443 5590 in
1472 5547 1618 5592 textu
1636 5538 1818 5599 habet,
1845 5536 2028 5607 ἔλεγον

2207 5536 2321 5607 (45)
2354 5534 2851 5607 Παραϐολήνηδίο
2884 5538 3222 5607 recteeotiex
3252 5527 3654 5607 Regius;_Fem:
3734 5540 3735 5607 ἦ

458 5596 521 5676 τι
533 5572 657 5669 “χρῆ
666 5572 1307 5669 μὰτιίξῖο’”ἐὸῖνὲἐ.¹’ἕόῗὲἶιῖἒ
1317 5572 2028 5663 ᾰὲὶιῗὲὄὲιέἷέἽξοᾮὶῖἔῖ

2230 5572 2300 5591 -συ
2354 5572 2442 5590 μυ.
2481 5572 2649 5588 “se...
2677 5572 2728 5587 ι.
2762 5572 2851 5590 ..ην
2885 5572 3030 5589 ην...
3053 5572 3222 5588 ωηο..
3255 5572 3329 5587 ι...
3372 5572 3447 5586 η..-
3497 5572 3629 5583 --υ-

2146 5572 2254 5663 ritis
2285 5572 2412 5662 v’ero
2437 5572 2635 5671 fegisse
2654 5572 2879 5676 (videtur
2907 5603 3197 5665 ἀναϐολήν,
3225 5572 3387 5658 verat
3407 5572 3561 5676 enim,
3586 5591 3652 5676 tui
3734 5572 3735 5637 ‘

462 5673 640 5746 lli-nm
675 5737 708 5746 Α
764 5737 779 5746 ,
881 5739 917 5746 _
999 5740 1013 5746 _
1198 5743 1220 5746 μ
2137 5679 2431 5746 recepisset
2456 5676 2791 5740 dilationem,
2820 5673 3069 5739 dixisset,
3107 5695 3125 5727 ι
3158 5685 3292 5738 etc.,
3328 5673 3452 5728 utin
3497 5675 3651 5721 nostro

532 5736 1493 5819 (ίῖδὶέράειβεεῖυξντεῢτρριιιθιθο
1554 5818 1561 5819 ,
1650 5817 1675 5819 _
1768 5818 1773 5819 ,

2146 5736 2306 5819 chlli.
2392 5818 2395 5819 ν
2480 5816 2490 5819 _
2616 5817 2624 5819 Α
2766 5736 2787 5819 μ’
2976 5817 2983 5819 _
3282 5736 3406 5819 ⁷,..
3732 5758 3733 5809 l

530 5805 1146 5899 JltalJAetgtcodex
1171 5805 1518 5899 Bodleianu's;
1552 5818 1602 5899 in
1649 5817 1815 5899 Reg-io
1843 5825 2021 5872 autem

2152 5887 2163 5899 .
2206 5814 2400 5899 (46)“01
2420 5816 2535 5885 μὲν
2566 5817 2672 5884 τὰς
2700 5816 2914 5885 φύσεις
2936 5813 3297 5887 εἰσάγοντες.
3317 5805 3644 5867 Valentiniani,

463 5870 834 5936 tantummddo
862 5879 1077 5950 legitur,
1111 5882 1186 5948 ὡς
1212 5875 1540 5953 προφητείαν
1569 5870 1883 5953 λεγομῖένου.

2146 5870 2632 5955 ῆρῆιιῖιιυεέυιπιι.
