4082 6550
106 454 196 509 725

1098 458 1457 515 COMMENT.
1502 459 1567 514 IN
1606 458 1799 516 JOAN.
1835 456 2074 515 TOMUS
2107 455 2346 515 XXVIII.

3261 455 3366 513 726

99 575 230 648 τιαρά
265 574 329 629 τδ
358 576 463 631 τοῦ
492 576 611 652 (47)
658 579 980 635 Ἀποστόλου
1030 581 1277 654 βούλημα
1310 584 1510 637 ἐννοεῖν
1552 584 1655 637 root

1782 584 1887 638 hoc
1915 580 2243 638 vocabulum
2284 577 2599 649 spirituales
2630 585 2829 648 prater
2861 576 3192 633 voluntatem
3217 578 3367 647 Apo-

100 687 214 722 πνευ
227 672 522 741 ματικοὺς,
578 671 957 740 διδάσκοντος,
1010 675 1093 729 ὅτι
1131 694 1150 727 ι
1199 676 1258 730 Ὁ
1310 677 1681 747 πνευματικὸς

100 762 362 835 ἱνακρίνει
413 763 624 829 πάντα,
671 766 766 818 καὶ
816 766 908 819 ὑπ’
961 766 1173 831 οὐδενὸς
1215 768 1598 841 ἀνακρίνεταιο
1654 790 1674 823 ι

96 852 257 926 τούτῳ
281 852 340 908 δὲ
370 854 688 921 ἀκολουθεῖ,
735 857 825 912 τὸν
876 857 951 929 μή
996 858 1356 930 ἀνακρίνοντα
1392 860 1568 915 πάντα
1602 860 1678 933 μὴ

97 940 220 1000 εἶναι
270 950 692 1021 πνευματικὸν,
738 950 774 1021 ἢ
836 950 1059 1023 μηδέπω
1104 947 1243 1006 εἶναι
1289 954 1678 1025 πνευματικόν.

108 1038 252 1093 Ἀλλά
271 1041 368 1095 καὶ
402 1043 461 1096 ετ
489 1061 578 1107 τις
603 1044 709 1097 ὑπό
730 1061 875 1108 τινος
907 1042 1277 1117 ἀνακρίνεται,
1305 1045 1428 1099 ἐπεὶ
1456 1046 1485 1097 ὁ
1517 1063 1679 1100 πνευμ-

102 1132 307 1202 ματικδς
348 1132 447 1186 ὕπ’
481 1135 703 1199 οὐδενὸς
736 1136 1104 1208 ἀνακρίνεται,
1137 1137 1237 1191 οὐκ
1277 1136 1391 1191 ἐστι
1428 1154 1675 1210 πνευμα-

98 1222 247 1287 τικὸς,
270 1222 303 1294 ῆ
329 1224 437 1278 οὐκ
466 1224 591 1279 ἔστι
645 1244 733 1281 πω
764 1227 1146 1300 πνευματικός.
1182 1229 1399 1301 Μήποτ⁹
1437 1226 1530 1284 οῦν
1556 1231 1677 1302 βέλ-

98 1331 193 1367 τιον
213 1313 413 1383 λέγειν,
444 1317 532 1371 δτι
556 1318 769 1387 γίνεταί
787 1336 872 1383 τις
898 1321 1285 1391 πνευματικὸς,
1316 1321 1379 1374 οὐ
1412 1322 1675 1394 πρότερον

98 1404 177 1469 ὢν,
205 1406 349 1470 ὅστις
378 1408 489 1481 ήδη
526 1410 629 1463 καὶ
661 1411 866 1485 κυρίως
905 1413 1052 1468 ἐστὶν
1083 1413 1197 1477 υίὸς
1235 1411 1390 1467 Θεοῦ.
1426 1413 1561 1467 Τίνα
1582 1411 1675 1469 οὖν

98 1498 195 1549 ἐστι
225 1496 293 1551 τά
320 1498 609 1571 λεγόμενα
649 1500 744 1555 νῦν
788 1502 953 1558 τέκνα
996 1503 1155 1572 Θεοῦ,
1202 1505 1251 1558 εί
1287 1506 1361 1578 μή
1395 1507 1502 1559 είσι
1532 1506 1674 1560 κατά

97 1589 203 1653 τοὺς
230 1591 568 1659 εἰσάγοντας
609 1593 712 1659 τὰς
755 1594 946 1664 φύσεις
988 1600 1365 1670 πνευματικοὶ,
1398 1598 1517 1672 ὥρα
1557 1616 1675 1653 σκο-

99 1685 228 1734 πεῖν·
267 1684 362 1737 atat
396 1684 509 1756 ὅρα
537 1687 589 1739 εί
622 1687 791 1740 τέκνα
834 1688 968 1742 Θεοῦ
1011 1688 1475 1762 διεσκορπισμένα
1510 1692 1673 1766 ἕτερα

98 1774 226 1847 παρὰ
260 1775 322 1829 τὸ
362 1775 530 1842 ἔθνος
566 1777 796 1832 δύνασαι
832 1783 971 1835 νοεῖν
1017 1784 1144 1846 τοὺς
1188 1783 1310 1855 ήδη,
1359 1784 1448 1837 ὅτε
1496 1784 1670 1839 ταῦτα

1781 674 1907 731 stoli
1946 675 2181 729 dicentis
2201 672 2292 727 ’ἰ
2332 691 2354 725 ι
2387 669 2702 742 Spiritualis
2749 670 2936 724 omnia
2971 668 3275 738 diiudicat,
3304 678 3364 726 et

1782 767 1897 837 ipse
1933 782 1964 821 a
1998 766 2147 822 nullo
2183 765 2550 835 diiudicatur;
2582 781 2603 815 ι
2635 762 2836 832 quibus
2867 762 3048 817 verbis
3090 759 3374 825 edicitur,

1780 867 1841 913 ut
1865 859 1958 929 qui
1987 860 2169 914 omnia
2213 873 2323 914 non
2361 857 2642 928 dijudicet,
2675 854 2759 909 vel
2790 869 2897 909 non
2922 855 2996 909 sit
3033 854 3360 925 spiritualis,

1779 950 1866 1006 vel
1897 953 2134 1007 nondum
2166 952 2242 1006 sit
2273 949 2602 1021 spiritualis.
2633 947 2776 1016 Quin
2812 946 2860 1003 si
2882 946 3005 1018 quis
3030 944 3363 1016 diiudicatur

1777 1044 1847 1097 ab
1866 1042 2067 1109 aliquo,
2104 1042 2369 1112 quoniam
2396 1039 2701 1111 spiritualis
2728 1053 2760 1092 a
2813 1038 2960 1093 nullo
3001 1036 3356 1107 diiudicatur,

1779 1135 1866 1189 vel
1897 1149 1999 1189 non
2026 1144 2113 1189 est
2146 1133 2465 1202 spiritualis,
2502 1131 2587 1186 vel
2608 1131 2844 1187 nondum
2864 1130 3186 1201 spiritualis.
3223 1129 3361 1187 Vide

1777 1242 1905 1281 vero
1957 1242 2026 1281 an
2075 1241 2182 1281 non
2229 1225 2427 1281 melius
2466 1223 2753 1278 dicendum
2810 1222 2884 1278 sit
2935 1221 3075 1277 ellicl
3118 1221 3356 1292 aliquem

1775 1319 2137 1388 spiritualem,
2177 1318 2267 1389 qui
2308 1325 2470 1372 antea
2502 1332 2608 1372 non
2653 1323 2822 1382 esset,
2855 1314 2950 1384 qui
2986 1314 3207 1384 proprie
3239 1312 3355 1382 jam

1777 1412 1919 1467 ﬁlius
1966 1412 2129 1468 etiam
2164 1410 2259 1465 Dei
2294 1417 2397 1465 est.
2437 1408 2670 1476 Quinam
2721 1408 2891 1477 igitur
2928 1406 3037 1462 sint
3081 1408 3172 1476 qui
3208 1420 3357 1460 nunc

1774 1503 2027 1557 dicuntur
2052 1502 2149 1557 ﬁlii
2180 1501 2298 1568 Dei,
2332 1501 2379 1555 si
2405 1514 2511 1554 non
2537 1510 2665 1554 sunt
2685 1498 2741 1553 bi
2766 1498 2861 1568 qui
2891 1496 3207 1567 spirituales
3222 1502 3354 1551 sunt

1767 1592 1971 1663 judicio
2000 1610 2186 1650 eorum
2210 1594 2302 1664 qui
2345 1601 2570 1647 naturas
2605 1592 2984 1656 introducunt,
3024 1598 3237 1659 tempus
3267 1594 3354 1642 est

1772 1687 2128 1742 considerare
2155 1704 2169 1741 :
2203 1695 2262 1741 et
2291 1684 2419 1739 vide
2445 1699 2513 1737 an
2563 1682 2708 1739 ﬁlios
2762 1683 2855 1737 Dei
2881 1682 3182 1751 dispersos,
3213 1679 3353 1735 alios

1772 1792 1800 1832 a
1831 1777 2100 1849 gentibus,
2126 1775 2433 1846 intelligere
2459 1773 2642 1842 possis
2677 1787 2772 1828 eos
2793 1786 2914 1828 esse
2949 1772 3041 1840 qui
3069 1771 3182 1841 jam
3210 1770 3348 1841 justi

98 1868 303 1936 ἐλέγετο,
364 1869 630 1936 δικαίους
672 1873 730 1926 ὲν
776 1871 918 1944 Θεῷ,
966 1873 1076 1929 εἴτε
1127 1878 1655 1950 προκεκοιμημένους

1770 1880 1928 1926 erant
1966 1870 2021 1926 in
2068 1868 2204 1936 Deo,
2247 1883 2372 1924 cum
2404 1869 2522 1923 haec
2563 1875 2775 1923 tantum
2824 1865 3170 1929 dicerentur;
3231 1862 3351 1918 sive

96 1960 435 2033 πατριάρχας,
504 1962 543 2035 ἢ
607 1938 923 2038 προφήτας,
982 1968 1016 2039 ή
1064 1938 1215 2031 τινας
1273 1938 1486 2033 ἀλλόυξ
1514 1938 1655 2024 ιέκλεἐ

1772 1963 2118 2035 patriarchas
2152 1963 2243 2033 qui
2274 1961 2385 2031 jam
2414 1971 2576 2016 antea
2632 1975 2665 2015 e
2706 1959 2819 2013 vita
2854 1964 3225 2021 excesserant,
3261 1955 3347 2009 vel

94 2054 231 2116 κτοὺς
264 2054 357 2107 τοῦ
404 2053 577 2121 Θεοῦ,
635 2056 745 2110 είτε
804 2057 899 2112 καὶ
959 2060 1084 2123 τοὺς
1132 2060 1235 2132 ήδη
1290 2060 1409 2115 τότε
1454 2061 1665 2134 ίσχύον-

91 2160 199 2208 τας·
243 2145 319 2209 ὡς
372 2146 493 2218 γάρ
556 2148 914 2221 ὑπαρχόντων
988 2150 1096 2205 τῶν
1154 2153 1444 2224 ἰσχυόντων
1466 2194 1482 2219 ,
1569 2154 1666 2208 καὶ

94 2238 207 2307 μηδὲ
252 2240 593 2304 νοσούντων,
645 2242 843 2315 φησίν·
903 2261 923 2297 ι
990 2245 1065 2299 Οὐ
1111 2246 1304 2318 χρείαν
1356 2245 1569 2318 ἔχουσιν
1614 2249 1664 2301 οί

93 2330 337 2399 ίσχὺοντες
384 2333 613 2405 ίατροῦ,
654 2334 770 2388 ἀλλ’
806 2336 855 2389 oi
898 2336 1085 2401 κακῶς
1119 2338 1363 2409 ἔχοντες’
1402 2359 1421 2392 ι
1454 2341 1550 2394 καὶ
1581 2340 1660 2405 ὡς

89 2422 230 2477 ὅντων
280 2424 522 2480 δικαίων
569 2426 752 2496 λέγει’
807 2445 826 2480 ι
876 2429 991 2483 Οὐκ
1038 2429 1273 2502 ἐλήλυθα
1321 2432 1547 2486 καλέσαι
1589 2433 1665 2487 δι-

89 2515 264 2579 καίους,
287 2516 432 2571 ἀλλά
465 2518 840 2591 ἁμαρτωλοὺς
874 2522 955 2584 είς
992 2523 1298 2593 μετάνοιαν.
1339 2544 1359 2577 ι
1396 2525 1661 2597 Ἐμελλεν

88 2602 162 2661 οὖν
201 2609 403 2679 Ἰησοῦς
446 2609 828 2683 ἀποθνήσκειν
868 2613 1009 2686 ὑπὲρ
1052 2614 1152 2686 μὲν
1193 2615 1289 2670 τοῦ
1318 2616 1525 2683 ἔθνους,
1572 2619 1660 2674 ἵνα

90 2697 149 2768 μὴ
176 2700 439 2772 ἀπόληται
460 2721 476 2733 ·
512 2704 661 2777 ὑπὲρ
697 2705 755 2759 δὲ
786 2705 894 2760 τῶν
919 2707 1125 2762 τέκνων
1158 2709 1253 2763 τοῦ
1306 2710 1442 2764 Θεοῦ
1489 2710 1658 2766 ὄντων

88 2787 133 2840 ἐν
157 2789 601 2867 διασκορπισμῷ,
636 2796 723 2851 ἴνα
754 2799 1091 2870 συναχθῶσιν
1123 2803 1203 2865 είς
1239 2801 1335 2858 ἕνα
1363 2803 1538 2873 λόγον,
1564 2807 1658 2860 καὶ

87 2883 392 2954 γενήσωνται
430 2886 554 2959 (48)
588 2889 690 2959 μία
720 2890 946 2964 ποίμνη,
975 2887 1056 2957 εἷς
1087 2896 1291 2967 ποιμήν
1313 2913 1328 2926 ο
1371 2897 1461 2950 ὅτε
1504 2892 1655 2969 οἶμαι

87 2974 402 3045 πληροῦσθαι
427 2978 537 3050 τὴν
558 2980 658 3035 τοῦ
682 2981 937 3055 Σωτῆρος
964 2985 1151 3057 εὐχὴν,
1177 2985 1445 3058 λέγοντος·
1482 3008 1502 3041 ι
1538 2991 1654 3045 Ἵνα

86 3064 175 3151 εγὼ
198 3070 375 3123 καὶσὺ
404 3070 529 3141 (49)
566 3071 627 3124 ἓν
662 3072 850 3142 ἐσμεν,
887 3073 973 3126 ἵνα
1005 3076 1099 3129 καὶ
1139 3077 1295 3131 αὐτοὶ
1323 3080 1381 3134 ὲν
1425 3081 1555 3151 ήμϊν
1594 3081 1654 3135 ἓν

86 3146 209 3211 ὦσιν.
248 3179 267 3211 ι
293 3160 359 3213 Ei
381 3160 442 3213 δέ
472 3180 531 3215 τι
571 3163 668 3215 καὶ
702 3161 998 3237 βαθύτερόν
1025 3170 1142 3221 ἐστι
1168 3169 1297 3240 περλ⁵
1337 3146 1552 3245 Ἰσραὴλ
1589 3173 1651 3229 οὐ

86 3247 286 3316 ᾳῦσεως,
335 3252 483 3307 ἀλλὰ
543 3253 737 3323 γένους
783 3258 974 3321 εἰπεῖν,
1030 3259 1158 3331 περὶ
1206 3254 1268 3314 οῦ
1307 3262 1648 3336 γέγραπται,
1677 3283 1721 3341 c

91 3359 106 3390 t
132 3341 240 3406 Υἱὸς
266 3344 632 3416 πρωτότοκός
668 3362 770 3417 μου
808 3347 1024 3421 Ἰσραήλ
1056 3351 1195 3414 ἐστι,
1227 3370 1246 3403 ι
1274 3356 1565 3426 γενομένου
1591 3359 1650 3412 ὲν

86 3431 499 3508 διασκορπισμῷ,
536 3438 635 3491 καὶ
664 3438 824 3503 αὐτὸ(⁵
871 3440 1203 3512 ἐπιστήσεις,
1234 3443 1311 3509 ὡς
1343 3440 1483 3501 εἷναι
1530 3449 1652 3502 τού-

84 3540 188 3614 Δξονς
218 3528 281 3583 τὰ
317 3530 496 3585 τέκνα
532 3531 632 3585 τοῦ
688 3532 823 3586 Θεοῦ
869 3533 939 3587 τά
980 3534 1463 3609 διεσκορπισμένα,
1509 3540 1651 3614 ὑπὲρ

86 3607 142 3667 ὧν
168 3618 381 3687 ἔμελλεν
409 3622 793 3696 ἀποθνήσκειν
829 3626 1055 3698 Ἰησοῦς,
1084 3607 1174 3684 ἵνα
1198 3607 1337 3684 αὑτά
1366 3607 1648 3707 συναγάγή

85 3710 147 3772 εἰς
171 3711 239 3765 ἐν.

139 3801 212 3860 17.
248 3824 267 3856 ι
317 3805 447 3860 Ἀπ’
488 3808 714 3881 ἐκείνης
743 3804 836 3866 οὖν
888 3813 988 3884 τῆς
1035 3815 1248 3888 ἡμέρας
1296 3818 1647 3874 συνεϐουλεύ-

85 3907 232 3964 σαντο,
264 3897 351 3953 ἵνα
380 3900 791 3956 ἀποκτείνωσιν
845 3905 1026 3960 αὐτόν.
1070 3927 1089 3958 ι
1139 3910 1201 3963 Ui
1234 3909 1513 3982 ἀρχιερεῖς
1553 3914 1648 3967 καὶ

81 3986 120 4035 οἱ
145 3987 435 4059 Φαρισαῖοι,
497 3995 903 4063 συναγαγόντες
950 3998 1245 4071 συνέδριον,
1302 4004 1399 4057 καὶ
1443 4005 1647 4075 σκεψά-

84 4094 204 4170 μενοι
245 4085 373 4155 περὶ
418 4085 525 4139 τοῦ
581 4086 832 4158 Σωτῆρος
871 4089 1027 4160 ἡμῶν
1070 4092 1127 4145 τί
1174 4093 1325 4166 αὐτῷ
1368 4099 1642 4170 ποιητέον,

82 4169 229 4236 αὐτοῖς
271 4174 510 4245 Καῖάφα
568 4175 666 4229 τοῦ
717 4176 1018 4248 ἀρχιερέως
1062 4178 1133 4233 τὰ
1183 4169 1645 4257 προεκτεθειμένα

81 4259 306 4327 εἰπόντος,
354 4265 458 4318 καὶ
497 4261 615 4335 (50)
668 4265 770 4318 ὑπὸ
813 4266 921 4319 τῶν
962 4266 1135 4337 λόγων
1171 4270 1338 4324 αὑτοῦ
1385 4274 1646 4345 παροξυν-

81 4347 265 4416 θέντες,
320 4354 828 4409 συνεϐουλεύσαντο
871 4358 959 4411 ἵνα
997 4359 1364 4415 ἀποκτείνωσι
1407 4364 1498 4417 τὸν
1538 4364 1645 4419 Κύ-

81 4458 189 4511 ριον,
216 4446 413 4519 Διόπερ
446 4446 718 4518 ζητήσεις
748 4448 857 4502 ἀπὸ
882 4451 1035 4504 ποίου
1071 4452 1381 4523 πνεύματος
1407 4458 1643 4531 προεφή-

80 4546 254 4601 τευσεν,
290 4538 373 4593 ὅτι
407 4538 646 4609 ἔμελλεν
706 4540 915 4611 Ἰησοῦς
970 4542 1334 4615 ἀποθνήσκειν
1372 4547 1513 4620 ὑπὲρ
1543 4550 1637 4604 τοῦ

1767 2056 2079 2128 prophetas,
2094 2055 2181 2109 vel
2210 2058 2476 2126 quosdam
2500 2054 2638 2109 alios
2664 2054 2759 2109 Dei
2786 2052 3009 2117 electos,
3037 2049 3153 2105 sive
3177 2050 3343 2105 etiam

1764 2164 1858 2204 eos
1904 2149 1994 2218 qui
2036 2164 2134 2220 per
2179 2148 2233 2203 id
2282 2148 2544 2219 temporis
2587 2147 2944 2223 sani‘erant;
2990 2142 3146 2213 quasi
3197 2142 3342 2197 enim

1764 2241 1928 2311 aliqui
1952 2243 2069 2296 sani
2101 2251 2304 2307 essent,
2338 2250 2393 2297 et
2425 2256 2531 2295 non
2554 2249 2902 2307 mgrotantes,
2935 2237 3146 2307 inquit:
3176 2254 3197 2287 ι
3220 2234 3340 2290 Non

1764 2349 1899 2403 opus
1931 2333 2151 2397 habent,
2176 2332 2270 2403 qui
2305 2333 2425 2388 sani
2454 2341 2604 2399 sunt,
2632 2330 2864 2395 medico,
2896 2329 2990 2385 sed
3029 2343 3174 2399 aegre
3202 2326 3340 2383 alle-

1762 2428 1835 2484 cti
1864 2428 1945 2494 ⁸⁶;
1977 2445 1996 2480 ι
2030 2437 2085 2482 et
2128 2427 2283 2497 quasi
2316 2436 2503 2482 essent
2548 2426 2714 2482 etiam
2760 2423 2924 2494 aliqui
2967 2422 3123 2493 justi,
3153 2422 3288 2477 dicit
3321 2435 3337 2474 :

1766 2538 1786 2573 ι
1808 2519 1924 2575 Non
1955 2521 2076 2575 veni
2109 2534 2305 2575 vocare
2325 2519 2526 2588 iustos,
2569 2518 2665 2575 sed
2697 2526 3016 2588 peccatores
3051 2514 3118 2570 ad
3156 2513 3337 2585 pteni-
3416 2526 3433 2541 ε

1758 2612 2068 2668 tentiam".
2109 2630 2130 2665 ι
2157 2611 2454 2668 Morituros
2480 2612 2667 2682 itaque
2688 2610 2848 2665 Jesus
2875 2616 2996 2664 erat
3023 2622 3121 2678 pro
3149 2614 3338 2677 gente,

1761 2716 1819 2760 ιιι
1848 2719 1954 2759 non
1987 2704 2222 2774 periret;
2268 2718 2369 2774 pro
2409 2703 2535 2758 ﬁliis
2580 2718 2715 2758 vero
2746 2702 2865 2768 Dei,
2907 2701 3002 2771 qui
3036 2702 3089 2754 in
3121 2701 3338 2770 disper-

1758 2797 1914 2852 sione
1931 2806 2111 2860 erant,
2134 2803 2196 2849 ut
2226 2805 2699 2867 congregarentur
2721 2795 2775 2848 in
2809 2808 2975 2848 unum
3001 2805 3336 2852 sermonem.

1757 2886 2055 2958 ﬁerentque
2101 2902 2242 2942 unus
2277 2902 2446 2958 grex,
2494 2901 2635 2941 unus
2673 2894 2902 2956 pastor:
2930 2885 3169 2955 quando,
3212 2896 3336 2938 mea

1756 2981 2052 3043 sententia,
2078 2979 2392 3034 Servatoris
2417 2978 2660 3048 precatio
2688 2976 3002 3047 implebitur
3042 2975 3278 3031 dicentis
3316 2992 3335 3031 τ

1760 3090 1780 3123 ι
1810 3071 1880 3128 Ut
1899 3087 1998 3144 ego
2016 3081 2071 3128 et
2092 3084 2147 3127 tu
2178 3089 2343 3128 unum
2373 3086 2581 3136 sumus,
2606 3081 2667 3125 ut
2698 3080 2754 3125 et
2781 3070 2881 3139 ipsi
2917 3083 3081 3123 unum
3105 3068 3337 3125 sint".s

1756 3162 1853 3218 Sin
1892 3181 2021 3220 vero
2052 3166 2118 3220 de
2155 3164 2374 3220 lsraelis
2407 3179 2512 3221 non
2554 3173 2773 3230 natura,
2803 3165 2896 3219 sed
2934 3178 3137 3235 genere
3168 3163 3336 3217 altius

1756 3255 1956 3325 aliquid
1984 3256 2274 3313 dicendum
2316 3258 2421 3323 sit;
2466 3258 2531 3313 de
2561 3270 2671 3326 quo
2717 3270 2839 3311 cum
2886 3255 2939 3309 in
2993 3255 3334 3324 dispersione

1755 3357 1917 3412 esset,
1975 3349 2240 3419 scriptum
2278 3359 2363 3406 est
2399 3366 2413 3402 :
2458 3367 2478 3401 ι
2522 3348 2925 3419 Primogenitus
2977 3363 3132 3403 meus
3184 3347 3331 3404 illius

1751 3440 1920 3496 Israel
1944 3440 2135 3505 εει⁸³,ι
2155 3441 2255 3496 hoc
2270 3444 2430 3497 etiam
2448 3442 2563 3512 ipse
2576 3442 2811 3509 notabis,
2837 3443 2991 3512 quasi
3016 3441 3071 3495 hi
3101 3441 3210 3496 sint
3235 3441 3330 3496 lilii

1754 3531 1848 3588 Dei
1885 3534 2140 3605 dispersi,
2167 3551 2267 3606 pro
2293 3537 2494 3605 quibus
2522 3536 2823 3592 moriturus
2855 3536 2927 3590 sit
2955 3533 3135 3602 Jesus,
3158 3543 3218 3590 ut
3236 3548 3343 3592 eos.

1754 3625 1808 3679 in
1837 3641 2006 3679 unum
2040 3635 2419 3698 congregaret.

1821 3810 1987 3882 396
2012 3810 2098 3864 I7.
2135 3829 2157 3863 ι
2198 3812 2280 3866 Ab
2307 3811 2398 3867 illo
2432 3825 2563 3881 ergo
2598 3809 2684 3865 die
2706 3810 3236 3872 consultarutituna,
3271 3816 3335 3861 ut

1750 3903 2118 3959 interﬁcerent
2138 3916 2260 3957 eum
2278 3902 2346 3957 ⁸⁸.
2361 3921 2380 3955 ι
2403 3901 2692 3957 Pontiﬁces
2711 3918 2762 3958 et
2779 3901 3063 3965 Pharisaei,
3082 3900 3172 3969 qui
3191 3914 3327 3954 con-

1749 3995 1934 4050 cilium
1963 3994 2317 4065 collegerant,
2367 4005 2423 4051 et
2473 3998 2954 4051 consideraverant
2986 3993 3115 4061 quid
3144 3991 3328 4046 facere

1748 4087 2009 4143 deberent
2046 4085 2325 4142 Servatori
2372 4098 2558 4144 nostro
2590 4089 2737 4156 (cum
2775 4087 3049 4156 Caiaplias
3082 4083 3326 4154 pontifea

1748 4196 1870 4251 Quae
1903 4180 2153 4250 superius
2177 4182 2530 4250 exposuimus
2561 4181 2811 4245 dixisset,
2841 4190 2896 4235 ct
2925 4179 3084 4248 hujus
3115 4189 3325 4231 sermo-

1747 4275 1909 4329 nibus
1936 4274 2164 4329 fuissent
2186 4274 2440 4339 incitati),
2472 4274 2856 4329 consultarnnt
2889 4288 2997 4325 una
3025 4281 3084 4325 ut
3112 4271 3322 4323 interli-

1745 4376 1936 4421 cerent
1963 4366 2271 4421 Dominum.
2297 4366 2567 4434 Quocirca
2604 4380 2817 4436 quaeres
2848 4381 2958 4434 quo
2985 4364 3179 4434 spiritu
3205 4375 3326 4430 ιιι-οο

1744 4458 1987 4528 phelarit
2031 4456 2218 4513 Jesum
2275 4461 2595 4512 moriturum
2641 4473 2741 4528 pro
2784 4468 2985 4527 gente;
3038 4465 3095 4511 et
3139 4462 3327 4508 utrum
3398 4460 3407 4475 '

1748 4555 1966 4602 sanctus
1980 4546 2211 4618 Spiritus
2232 4548 2369 4602 hanc
2390 4548 2551 4602 etiam
2567 4548 2620 4601 in
2645 4563 2703 4602 re
2722 4554 2978 4616 operatus
2999 4544 3089 4608 s’it,
3104 4552 3317 4597 auctor-

80 4621 229 4691 ἔθνους
245 4646 260 4658 ·
295 4632 394 4684 καὶ
420 4631 661 4703 πότερον
686 4631 747 4684 τὸ
776 4632 931 4702 ἆγιον
958 4635 1183 4707 Πνεῦμα
1211 4637 1303 4691 καὶ
1327 4639 1386 4691 ἐν
1409 4640 1635 4713 τοιούτῳ

1759 4655 1853 4709 que
1873 4638 2036 4694 fuerit
2049 4638 2256 4694 consilii
2273 4639 2533 4695 adversus
2552 4638 2761 4703 Iesum;
2781 4652 2852 4691 an
2868 4637 2956 4692 ille
2975 4634 3192 4705 quidem
3215 4648 3324 4687 non

78 4715 331 4792 ἐνήργησε,
365 4726 469 4777 καὶ
495 4723 674 4776 αἴτιον
703 4725 992 4796 γεγένηται
1024 4729 1123 4799 τῆς
1147 4730 1287 4785 κατὰ
1317 4731 1412 4786 τοῦ
1463 4735 1637 4804 Ἰησοῦ

80 4809 372 4884 συμϐουλῆς,
396 4814 432 4885 ἢ
459 4813 568 4865 οὐκ
587 4815 763 4867 ἐκεῖνο
785 4816 883 4886 μὲν
901 4812 1014 4881 οὖν,
1032 4818 1159 4872 ἀλλο
1178 4819 1255 4884 δὲ,
1274 4819 1334 4873 τὸ
1358 4821 1469 4894 (51)
1486 4824 1641 4878 δυνά-

79 4915 207 4966 μενον
234 4905 326 4957 καὶ
358 4907 420 4958 ὲν
457 4904 542 4976 τῷ
574 4905 763 4958 ἀσεϐεῖ
807 4907 1055 4979 λαλῆσαι,
1101 4912 1195 4965 καὶ
1245 4914 1374 4976 τοὺς
1414 4916 1636 4986 ὁμοίους

78 4990 235 5065 ἐκείνῳ
265 4999 411 5051 κατά
464 4997 565 5052 τοῦ
621 4999 797 5069 Ἰησοῦ
841 5001 1095 5072 κινῆσαι,
1142 5004 1295 5058 οὐδὲν
1335 5001 1497 5078 ἦττον
1542 5012 1635 5063 καὶ

74 5081 191 5153 ἑώρα
230 5088 342 5161 (52)
394 5108 453 5143 τι
497 5091 582 5153 εἰς
626 5088 719 5143 τὸν
774 5091 1014 5162 Ἰησοῦν,
1066 5093 1143 5157 ὡς
1197 5095 1341 5149 κατά
1404 5098 1634 5171 δύναμιν

126 5174 164 5251 ζ’
191 5174 205 5227 l
235 5177 357 5231 Cur.
389 5196 452 5251 ll.
492 5196 588 5234 xv.
662 5180 708 5212 '°
734 5179 924 5237 Matth.
951 5199 1031 5251 ιι,
1061 5185 1149 5240 12.

71 5239 108 5272 ⁸⁸
126 5240 266 5302 Joan.
300 5264 383 5314 ιι,
409 5250 506 5305 53.

129 5336 229 5420 (17)
250 5342 431 5420 ιξὰἱιίο
487 5342 713 5420 lluetii,
730 5346 868 5420 τοῦς
914 5346 1105 5420 φύσεις
1150 5345 1289 5405 εἶναι
1341 5350 1629 5420 οἰομένοις,

75 5408 148 5459 καὶ
165 5408 299 5464 κατά
326 5414 390 5467 τὸ
419 5413 545 5479 τοῦ,
577 5408 705 5469 etc.
726 5415 831 5469 Sed
851 5408 1029 5473 codex
1064 5408 1391 5475 Bodleianns
1428 5408 1632 5474 'lerlio;

76 5492 172 5558 nem
201 5486 683 5558 qua_m_sequimur
728 5486 968 5558 exhibet,
1006 5502 1105 5542 nec
1148 5490 1306 5545 aliter
1334 5490 1463 5558 legit
1498 5489 1631 5542 Fer-

76 5550 243 5628 rarius.
277 5550 708 5628 Codexfﬂrgitis
738 5557 899 5610 aliter
928 5558 1112 5628 habet,
1134 5560 1214 5628 sic
1242 5550 1454 5628 netnpye,
1479 5558 1637 5612 τοῦτο

74 5614 160 5702 Ῑάρ
200 5620 519 5702 ᾆκολρυθεῖν
554 5614 733 5702 λέγειν
753 5630 865 5702 τοῖς
900 5614 1109 5702 φύσει.ςῖ
1150 5614 1295 5683 εἶναι
1343 5614 1630 5701 οἶομένοις,

75 5690 149 5772 {ei
173 5690 347 5772 τοροῦ
376 5690 725 5772 ςᾼποστόλου
749 5690 996 5768 βούλημά
1011 5709 1078 5772 τ’
1094 5700 1292 5752 ἐννοεῖν
1316 5690 1443 5764 τοὺς
1473 5690 1634 5753 πνευὲ

79 5762 692 5850 μῆῖιξιῦςδιδάσκοντος,
724 5762 1165 5850 ᾴιιωέῆηηίῖεειε
1193 5762 1446 5850 corrupta
1485 5778 1631 5850 sunt.

80 5826 367 5968 τιξέξζᾷιέξ
422 5826 818 5905 τενήσώκτὶιι.
855 5838 1038 5895 Codex
1089 5838 1311 5910 ltegius,
1344 5826 1504 5907 male,
1553 5839 1631 5909 τῷ

1738 5420 1832 5474 καὶ
1857 5422 1922 5473 σὺ
1959 5422 2018 5474 ’ἐν
2043 5425 2174 5492 ὲσμε

1748 4732 1931 4796 fuerit,
1952 4731 2047 4787 sed
2067 4731 2206 4787 alius
2223 4732 2472 4801 spiritus,
2490 4732 2678 4787 valens
2695 4733 2749 4785 in
2771 4731 2939 4799 impio
2961 4730 3127 4784 etiam
3148 4726 3319 4794 loqui,

1746 4822 1958 4892 sibique
1990 4821 2199 4877 similes
2241 4824 2529 4878 adversum
2554 4819 2739 4876 Jesnm
2774 4834 3014 4883 movere,
3043 4812 3321 4870 nibilomi~

1744 4930 1845 4968 nus
1864 4914 2028 4969 etiam
2056 4913 2263 4968 videret
2296 4913 2500 4984 aliquid
2528 4927 2653 4981 erga
2670 4912 2875 4972 Jesum,
2900 4919 2958 4964 ιιι
2994 4921 3093 4978 pro
3117 4904 3335 4959 viribus

1741 5010 1993 5079 superius
2040 5008 2457 5077 exquisivimus.
2487 5008 2666 5075 Atque
2714 5005 2938 5058 omnino
2964 5001 3055 5069 qui
3092 5012 3321 5069 respon-

1742 5102 1872 5158 dere
1919 5101 2151 5156 voluerit
2197 5099 2461 5172 Spiritum
2511 5106 2759 5153 sanctum
2807 5103 3091 5148 auctorem
3147 5092 3321 5146 videri

1260 5186 1307 5218 “
1332 5187 1500 5247 Marc.
1527 5207 1588 5259 ιι,
1622 5193 1646 5246 1

1763 5191 1956 5249 Matth.
1989 5209 2067 5261 Ix,
2097 5192 2185 5248 15.
2262 5192 2306 5224 ⁸³
2328 5190 2487 5246 Joan.
2523 5175 2655 5255 ιινιι,
2684 5188 2776 5242 21.
2852 5185 2898 5218 ⁸⁸
2927 5184 3101 5240 Exod.
3127 5200 3201 5251 tv,
3223 5185 3318 5242 22.

1810 5349 1927 5419 (49)
1959 5351 2082 5405 Ἵνα
2108 5349 2223 5420 ἐγὼ
2245 5351 2344 5405 καί
2360 5349 2467 5414 σὺ,
2501 5359 2607 5406 etc.
2640 5347 2814 5420 Lego1
2837 5350 2945 5418 ἵνα,
2974 5348 3157 5415 καθὼς
3207 5349 3322 5419 ἐγὼ

2181 5437 2228 5483 ν,
2256 5421 2409 5474 αὐτοὶ
2441 5421 2499 5473 ἐν
2528 5421 2662 5490 ήμῖν
2692 5416 2750 5472 ἓν
2782 5416 2937 5476 ὦσιν.

1811 5492 1923 5562 (50)
1959 5490 2273 5557 Εἰπόντος,
2302 5492 2421 5547 καί.
2447 5491 2538 5544 lla:
2561 5496 2680 5562 duae
2713 5506 2872 5546 voces
2902 5493 2955 5545 in
2987 5491 3179 5545 codice
3216 5490 3321 5545 Bc-

1740 5562 1829 5631 gio
1859 5574 2021 5629 atque
2048 5567 2186 5616 adeo
2220 5563 2281 5631 in,
2311 5563 2551 5615 editione
2571 5561 2748 5616 lluetii
2774 5563 2993 5628 desunt,
3017 5563 3114 5617 sed
3150 5563 3320 5616 resti-

1741 5630 1967 5686 tuuntur
1991 5647 2021 5687 e
2052 5632 2237 5687 codice
2265 5630 2579 5684 Bodleiano.

1834 5702 1923 5769 51)
1947 5702 2127 5757 Codex
2160 5700 2384 5769 Regius,
2410 5699 2523 5754 ἀλλ’
2547 5701 2576 5753 ὃ
2604 5702 2661 5755 δὲ
2696 5701 2775 5761 τὸ.
2808 5713 2919 5758 etc.

1835 5772 1923 5841 5‘2)
1950 5772 2238 5844 Ferrarius
2248 5772 2480 5844 legebat
2515 5773 2640 5844 δρα,
2668 5774 2826 5827 vertit
2858 5774 3025 5838 enim,
3062 5789 3083 5825 ι
3120 5773 3316 5826 nihiln—

1738 5840 1919 5898 minus
1952 5843 2090 5895 vide.
2133 5861 2151 5893 ι
2198 5840 2501 5912 (11ιειυειιε
2532 5840 2719 5912 aperte
2763 5855 3055 5912 corruptus
3119 5856 3218 5900 cst.
3256 5862 3319 5900 ιιι

1742 5912 2365 5983 textumisipncfcratur
2390 5913 2623 5969 Feri-ani
2657 5915 2840 5970 lectio.
2882 5916 3067 5985 Enn.)

3490 93 4016 6463 fl
