  <div class='ocr_page' id='page_1' title='image "/cluster/home/n/w/nwhite01/storage/ocr_20150623/14/hvd.32044024333478/371.png"; bbox 0 0 3804 6546; ppageno 0'>
   <div class='ocr_carea' id='block_1_1' title="bbox 523 424 2025 494">
    <p class='ocr_par' dir='ltr' id='par_1_1' title="bbox 523 428 2025 494">
     <span class='ocr_line' id='line_1_1' title="bbox 523 428 2025 494; baseline -0.006 -1"><span class='ocrx_word' id='word_1_1' title='bbox 523 435 629 494; x_wconf 71' lang='grc' dir='ltr'>πῖ</span> <span class='ocrx_word' id='word_1_2' title='bbox 1982 428 2025 484; x_wconf 90' lang='lat'><strong>0</strong></span> 
     </span>
    </p>
   </div>
   <div class='ocr_carea' id='block_1_2' title="bbox 2204 424 3706 494">
    <p class='ocr_par' dir='ltr' id='par_1_2' title="bbox 2204 424 3706 484">
     <span class='ocr_line' id='line_1_2' title="bbox 2204 424 3706 484; baseline 0 -2"><span class='ocrx_word' id='word_1_3' title='bbox 2204 427 2301 484; x_wconf 66' lang='lat' dir='ltr'><strong>NlS</strong></span> <span class='ocrx_word' id='word_1_4' title='bbox 3628 424 3706 482; x_wconf 72' lang='grc' dir='ltr'><strong>ιιι</strong></span> 
     </span>
    </p>
   </div>
   <div class='ocr_carea' id='block_1_3' title="bbox 523 534 2025 616">
    <p class='ocr_par' dir='ltr' id='par_1_3' title="bbox 523 534 2025 614">
     <span class='ocr_line' id='line_1_3' title="bbox 523 534 2025 614; baseline -0.006 -8"><span class='ocrx_word' id='word_1_5' title='bbox 523 550 713 612; x_wconf 86' lang='lat' dir='ltr'><strong>fuisse,</strong></span> <span class='ocrx_word' id='word_1_6' title='bbox 745 534 805 600; x_wconf 84' lang='lat' dir='ltr'><strong>ut</strong></span> <span class='ocrx_word' id='word_1_7' title='bbox 842 542 1125 614; x_wconf 76' lang='lat' dir='ltr'><strong>pontiﬁces</strong></span> <span class='ocrx_word' id='word_1_8' title='bbox 1156 551 1214 600; x_wconf 87' lang='lat' dir='ltr'><strong>et</strong></span> <span class='ocrx_word' id='word_1_9' title='bbox 1258 542 1520 600; x_wconf 69' lang='lat' dir='ltr'><strong>Pharisaei</strong></span> <span class='ocrx_word' id='word_1_10' title='bbox 1555 542 1686 598; x_wconf 87' lang='lat' dir='ltr'><strong>motl</strong></span> <span class='ocrx_word' id='word_1_11' title='bbox 1716 557 1785 598; x_wconf 78' lang='lat' dir='ltr'><strong>ex</strong></span> <span class='ocrx_word' id='word_1_12' title='bbox 1819 556 2025 599; x_wconf 76' lang='lat' dir='ltr'><strong>sermon</strong></span> 
     </span>
    </p>
   </div>
   <div class='ocr_carea' id='block_1_4' title="bbox 2203 534 3705 616">
    <p class='ocr_par' dir='ltr' id='par_1_4' title="bbox 2203 536 3705 616">
     <span class='ocr_line' id='line_1_4' title="bbox 2203 536 3705 616; baseline -0.004 -19"><span class='ocrx_word' id='word_1_13' title='bbox 2203 540 2659 616; x_wconf 61' lang='lat' dir='ltr'><strong>upoeﬁqsdcausv.</strong></span> <span class='ocrx_word' id='word_1_14' title='bbox 2706 541 2766 597; x_wconf 81' lang='grc' dir='ltr'>Ὀ</span> <span class='ocrx_word' id='word_1_15' title='bbox 2799 539 2982 612; x_wconf 69' lang='grc' dir='ltr'>μέντοι</span> <span class='ocrx_word' id='word_1_16' title='bbox 3025 537 3345 611; x_wconf 83' lang='grc' dir='ltr'>βουλόμενος</span> <span class='ocrx_word' id='word_1_17' title='bbox 3385 536 3705 606; x_wconf 70' lang='grc' dir='ltr'>ἀπολογεῖσθαι</span> 
     </span>
    </p>
   </div>
   <div class='ocr_carea' id='block_1_5' title="bbox 525 628 2027 709">
    <p class='ocr_par' dir='ltr' id='par_1_5' title="bbox 525 634 2027 709">
     <span class='ocr_line' id='line_1_5' title="bbox 525 634 2027 709; baseline -0.005 -12"><span class='ocrx_word' id='word_1_18' title='bbox 525 643 631 697; x_wconf 88' lang='lat' dir='ltr'><strong>lms</strong></span> <span class='ocrx_word' id='word_1_19' title='bbox 660 639 911 709; x_wconf 75' lang='lat' dir='ltr'><strong>Caiaplun</strong></span> <span class='ocrx_word' id='word_1_20' title='bbox 959 650 1069 692; x_wconf 83' lang='lat' dir='ltr'><strong>una</strong></span> <span class='ocrx_word' id='word_1_21' title='bbox 1107 634 1483 691; x_wconf 72' lang='lat' dir='ltr'><strong>consultarent</strong></span> <span class='ocrx_word' id='word_1_22' title='bbox 1527 634 1840 691; x_wconf 76' lang='lat' dir='ltr'><strong>interﬁcere</strong></span> <span class='ocrx_word' id='word_1_23' title='bbox 1882 634 2027 692; x_wconf 79' lang='lat' dir='ltr'><strong>Jesui</strong></span> 
     </span>
    </p>
   </div>
   <div class='ocr_carea' id='block_1_6' title="bbox 2201 628 3703 709">
    <p class='ocr_par' dir='ltr' id='par_1_6' title="bbox 2201 628 3703 708">
     <span class='ocr_line' id='line_1_6' title="bbox 2201 628 3703 708; baseline -0.013 -17"><span class='ocrx_word' id='word_1_24' title='bbox 2201 635 2322 708; x_wconf 80' lang='grc' dir='ltr'>περὶ</span> <span class='ocrx_word' id='word_1_25' title='bbox 2351 633 2443 687; x_wconf 86' lang='grc' dir='ltr'><strong>τοῦ</strong></span> <span class='ocrx_word' id='word_1_26' title='bbox 2476 633 2634 702; x_wconf 81' lang='grc' dir='ltr'><strong>ἁγίου</strong></span> <span class='ocrx_word' id='word_1_27' title='bbox 2665 632 3003 703; x_wconf 83' lang='grc' dir='ltr'>Πνεύματος,</span> <span class='ocrx_word' id='word_1_28' title='bbox 3029 630 3314 694; x_wconf 76' lang='grc' dir='ltr'><strong>δοκοῦντος</strong></span> <span class='ocrx_word' id='word_1_29' title='bbox 3343 628 3507 684; x_wconf 75' lang='grc' dir='ltr'>αἰτίου</span> <span class='ocrx_word' id='word_1_30' title='bbox 3532 631 3703 698; x_wconf 72' lang='grc' dir='ltr'>γεγονέ.</span> 
     </span>
    </p>
   </div>
   <div class='ocr_carea' id='block_1_7' title="bbox 527 721 2029 797">
    <p class='ocr_par' dir='ltr' id='par_1_7' title="bbox 527 727 2029 797">
     <span class='ocr_line' id='line_1_7' title="bbox 527 727 2029 797; baseline -0.005 -8"><span class='ocrx_word' id='word_1_31' title='bbox 527 734 676 789; x_wconf 82' lang='lat' dir='ltr'><strong>dicet</strong></span> <span class='ocrx_word' id='word_1_32' title='bbox 705 746 811 787; x_wconf 89' lang='lat' dir='ltr'><strong>non</strong></span> <span class='ocrx_word' id='word_1_33' title='bbox 842 729 1077 785; x_wconf 80' lang='lat' dir='ltr'><strong>alienum</strong></span> <span class='ocrx_word' id='word_1_34' title='bbox 1107 742 1230 784; x_wconf 87' lang='lat' dir='ltr'><strong>esse</strong></span> <span class='ocrx_word' id='word_1_35' title='bbox 1259 727 1366 783; x_wconf 83' lang='lat' dir='ltr'><strong>tale</strong></span> <span class='ocrx_word' id='word_1_36' title='bbox 1392 742 1528 797; x_wconf 89' lang='lat' dir='ltr'><strong>opus</strong></span> <span class='ocrx_word' id='word_1_37' title='bbox 1552 742 1582 781; x_wconf 92' lang='lat' dir='ltr'><strong>a</strong></span> <span class='ocrx_word' id='word_1_38' title='bbox 1613 727 1924 792; x_wconf 88' lang='lat' dir='ltr'><strong>sanctitate,</strong></span> <span class='ocrx_word' id='word_1_39' title='bbox 1958 743 2029 797; x_wconf 90' lang='lat' dir='ltr'><strong>qu</strong></span> 
     </span>
    </p>
   </div>
   <div class='ocr_carea' id='block_1_8' title="bbox 2203 721 3705 797">
    <p class='ocr_par' dir='ltr' id='par_1_8' title="bbox 2203 721 3705 797">
     <span class='ocr_line' id='line_1_8' title="bbox 2203 721 3705 797; baseline -0.003 -18"><span class='ocrx_word' id='word_1_40' title='bbox 2203 743 2303 791; x_wconf 74' lang='grc' dir='ltr'>ναι,</span> <span class='ocrx_word' id='word_1_41' title='bbox 2332 727 2418 781; x_wconf 83' lang='grc' dir='ltr'>ἴνα</span> <span class='ocrx_word' id='word_1_42' title='bbox 2445 722 2949 797; x_wconf 83' lang='grc' dir='ltr'>συμϐουλεύσωνται</span> <span class='ocrx_word' id='word_1_43' title='bbox 2972 724 3286 777; x_wconf 79' lang='grc' dir='ltr'>ἀποκτεῖναι</span> <span class='ocrx_word' id='word_1_44' title='bbox 3317 721 3408 774; x_wconf 77' lang='grc' dir='ltr'><strong>τδν</strong></span> <span class='ocrx_word' id='word_1_45' title='bbox 3446 721 3642 792; x_wconf 79' lang='grc' dir='ltr'>Ἰησοῦν,</span> <span class='ocrx_word' id='word_1_46' title='bbox 3663 725 3705 776; x_wconf 75' lang='grc' dir='ltr'><strong>ἐκ</strong></span> 
     </span>
    </p>
   </div>
   <div class='ocr_carea' id='block_1_9' title="bbox 526 815 2028 891">
    <p class='ocr_par' dir='ltr' id='par_1_9' title="bbox 526 819 2001 891">
     <span class='ocr_line' id='line_1_9' title="bbox 526 819 2001 891; baseline -0.002 -14"><span class='ocrx_word' id='word_1_47' title='bbox 526 826 671 878; x_wconf 87' lang='lat' dir='ltr'><strong>niam</strong></span> <span class='ocrx_word' id='word_1_48' title='bbox 705 836 775 878; x_wconf 87' lang='lat' dir='ltr'><strong>ne</strong></span> <span class='ocrx_word' id='word_1_49' title='bbox 805 821 966 879; x_wconf 68' lang='lat' dir='ltr'><strong>Iesus</strong></span> <span class='ocrx_word' id='word_1_50' title='bbox 991 821 1210 891; x_wconf 88' lang='lat' dir='ltr'><strong>quidem</strong></span> <span class='ocrx_word' id='word_1_51' title='bbox 1247 835 1361 876; x_wconf 91' lang='lat' dir='ltr'><strong>rem</strong></span> <span class='ocrx_word' id='word_1_52' title='bbox 1390 834 1449 875; x_wconf 92' lang='lat' dir='ltr'><strong>se</strong></span> <span class='ocrx_word' id='word_1_53' title='bbox 1488 820 1764 890; x_wconf 73' lang='lat' dir='ltr'><strong>indignam</strong></span> <span class='ocrx_word' id='word_1_54' title='bbox 1792 819 2001 885; x_wconf 82' lang='lat' dir='ltr'><strong>fecerit,</strong></span> 
     </span>
    </p>
   </div>
   <div class='ocr_carea' id='block_1_10' title="bbox 2202 815 3704 891">
    <p class='ocr_par' dir='ltr' id='par_1_10' title="bbox 2202 815 3704 889">
     <span class='ocr_line' id='line_1_10' title="bbox 2202 815 3704 889; baseline -0.001 -18"><span class='ocrx_word' id='word_1_55' title='bbox 2202 818 2300 872; x_wconf 80' lang='grc' dir='ltr'><strong>τῶν</strong></span> <span class='ocrx_word' id='word_1_56' title='bbox 2324 817 2494 887; x_wconf 90' lang='grc' dir='ltr'>λόγων</span> <span class='ocrx_word' id='word_1_57' title='bbox 2522 816 2833 889; x_wconf 82' lang='grc' dir='ltr'><strong>κινηθέντες</strong></span> <span class='ocrx_word' id='word_1_58' title='bbox 2864 817 2957 869; x_wconf 87' lang='grc' dir='ltr'><strong>τοῦ</strong></span> <span class='ocrx_word' id='word_1_59' title='bbox 2981 816 3206 885; x_wconf 82' lang='grc' dir='ltr'>Καῖάφα</span> <span class='ocrx_word' id='word_1_60' title='bbox 3236 816 3284 868; x_wconf 89' lang='grc' dir='ltr'>οἱ</span> <span class='ocrx_word' id='word_1_61' title='bbox 3300 816 3563 887; x_wconf 79' lang='grc' dir='ltr'><strong>ἀρχιερεῖς</strong></span> <span class='ocrx_word' id='word_1_62' title='bbox 3581 815 3652 869; x_wconf 79' lang='grc' dir='ltr'>καὶ</span> <span class='ocrx_word' id='word_1_63' title='bbox 3671 819 3704 870; x_wconf 75' lang='grc' dir='ltr'>οἱ</span> 
     </span>
    </p>
   </div>
   <div class='ocr_carea' id='block_1_11' title="bbox 528 911 2030 987">
    <p class='ocr_par' dir='ltr' id='par_1_11' title="bbox 528 911 2030 981">
     <span class='ocr_line' id='line_1_11' title="bbox 528 911 2030 981; baseline -0.001 -13"><span class='ocrx_word' id='word_1_64' title='bbox 528 917 744 970; x_wconf 88' lang='lat' dir='ltr'><strong>ruinam</strong></span> <span class='ocrx_word' id='word_1_65' title='bbox 777 925 833 970; x_wconf 93' lang='lat' dir='ltr'><strong>et</strong></span> <span class='ocrx_word' id='word_1_66' title='bbox 864 913 1317 970; x_wconf 83' lang='lat' dir='ltr'><strong>resurrectionem</strong></span> <span class='ocrx_word' id='word_1_67' title='bbox 1356 911 1644 966; x_wconf 87' lang='lat' dir='ltr'><strong>multarum</strong></span> <span class='ocrx_word' id='word_1_68' title='bbox 1679 911 1922 981; x_wconf 90' lang='lat' dir='ltr'><strong>gentium</strong></span> <span class='ocrx_word' id='word_1_69' title='bbox 1972 928 2030 981; x_wconf 81' lang='lat' dir='ltr'><strong>qt</strong></span> 
     </span>
    </p>
   </div>
   <div class='ocr_carea' id='block_1_12' title="bbox 2202 911 3704 987">
    <p class='ocr_par' dir='ltr' id='par_1_12' title="bbox 2202 911 3704 987">
     <span class='ocr_line' id='line_1_12' title="bbox 2202 911 3704 987; baseline -0.003 -18"><span class='ocrx_word' id='word_1_70' title='bbox 2202 917 2490 986; x_wconf 69' lang='grc' dir='ltr'>Φαρισαῖοι,</span> <span class='ocrx_word' id='word_1_71' title='bbox 2524 916 2707 987; x_wconf 69' lang='grc' dir='ltr'>φησιν,</span> <span class='ocrx_word' id='word_1_72' title='bbox 2751 916 2833 969; x_wconf 83' lang='grc' dir='ltr'>ὅτι</span> <span class='ocrx_word' id='word_1_73' title='bbox 2866 913 2965 967; x_wconf 82' lang='grc' dir='ltr'><strong>οὐκ</strong></span> <span class='ocrx_word' id='word_1_74' title='bbox 3007 911 3282 983; x_wconf 86' lang='grc' dir='ltr'>ἀλλότριόν</span> <span class='ocrx_word' id='word_1_75' title='bbox 3314 914 3430 965; x_wconf 77' lang='grc' dir='ltr'>ἐστι</span> <span class='ocrx_word' id='word_1_76' title='bbox 3461 911 3515 964; x_wconf 81' lang='grc' dir='ltr'>τὸ</span> <span class='ocrx_word' id='word_1_77' title='bbox 3544 913 3704 965; x_wconf 77' lang='grc' dir='ltr'>τοιοῦτο</span> 
     </span>
    </p>
   </div>
   <div class='ocr_carea' id='block_1_13' title="bbox 524 1002 2026 1080">
    <p class='ocr_par' dir='ltr' id='par_1_13' title="bbox 524 1003 2026 1074">
     <span class='ocr_line' id='line_1_13' title="bbox 524 1003 2026 1074; baseline -0.003 -12"><span class='ocrx_word' id='word_1_78' title='bbox 524 1016 686 1067; x_wconf 86' lang='lat' dir='ltr'><strong>erant</strong></span> <span class='ocrx_word' id='word_1_79' title='bbox 714 1008 766 1063; x_wconf 93' lang='lat' dir='ltr'><strong>in</strong></span> <span class='ocrx_word' id='word_1_80' title='bbox 791 1006 958 1063; x_wconf 86' lang='lat' dir='ltr'><strong>Israel</strong></span> <span class='ocrx_word' id='word_1_81' title='bbox 984 1008 1053 1070; x_wconf 83' lang='grc'>⁸³,</span> <span class='ocrx_word' id='word_1_82' title='bbox 1075 1007 1301 1062; x_wconf 85' lang='lat' dir='ltr'><strong>veniens</strong></span> <span class='ocrx_word' id='word_1_83' title='bbox 1326 1014 1381 1060; x_wconf 89' lang='lat' dir='ltr'><strong>et</strong></span> <span class='ocrx_word' id='word_1_84' title='bbox 1402 1004 1587 1059; x_wconf 88' lang='lat' dir='ltr'><strong>dicens</strong></span> <span class='ocrx_word' id='word_1_85' title='bbox 1618 1021 1631 1057; x_wconf 94' lang='lat'><strong>:</strong></span> <span class='ocrx_word' id='word_1_86' title='bbox 1670 1022 1689 1055; x_wconf 85' lang='grc' dir='ltr'><strong>ι</strong></span> <span class='ocrx_word' id='word_1_87' title='bbox 1726 1003 1837 1074; x_wconf 83' lang='lat' dir='ltr'><strong>Ego</strong></span> <span class='ocrx_word' id='word_1_88' title='bbox 1863 1003 1917 1057; x_wconf 92' lang='lat' dir='ltr'><strong>in</strong></span> <span class='ocrx_word' id='word_1_89' title='bbox 1944 1004 2026 1072; x_wconf 77' lang='lat' dir='ltr'><strong>juc</strong></span> 
     </span>
    </p>
   </div>
   <div class='ocr_carea' id='block_1_14' title="bbox 2202 1002 3704 1080">
    <p class='ocr_par' dir='ltr' id='par_1_14' title="bbox 2202 1002 3704 1080">
     <span class='ocr_line' id='line_1_14' title="bbox 2202 1002 3704 1080; baseline -0.004 -19"><span class='ocrx_word' id='word_1_90' title='bbox 2202 1007 2351 1080; x_wconf 73' lang='grc' dir='ltr'>ἔργον</span> <span class='ocrx_word' id='word_1_91' title='bbox 2373 1008 2473 1078; x_wconf 81' lang='grc' dir='ltr'>τῆς</span> <span class='ocrx_word' id='word_1_92' title='bbox 2506 1006 2811 1078; x_wconf 85' lang='grc' dir='ltr'>ἁγιότητος,</span> <span class='ocrx_word' id='word_1_93' title='bbox 2835 1006 2959 1059; x_wconf 77' lang='grc' dir='ltr'>ἐπεὶ</span> <span class='ocrx_word' id='word_1_94' title='bbox 2992 1004 3126 1077; x_wconf 87' lang='grc' dir='ltr'>μηδὲ</span> <span class='ocrx_word' id='word_1_95' title='bbox 3172 1002 3381 1074; x_wconf 81' lang='grc' dir='ltr'>Ἰησοῦς</span> <span class='ocrx_word' id='word_1_96' title='bbox 3410 1002 3603 1070; x_wconf 79' lang='grc' dir='ltr'>ἀνάξιον</span> <span class='ocrx_word' id='word_1_97' title='bbox 3620 1004 3704 1056; x_wconf 72' lang='grc' dir='ltr'>ἑαυ-</span> 
     </span>
    </p>
   </div>
   <div class='ocr_carea' id='block_1_15' title="bbox 525 1094 2027 1171">
    <p class='ocr_par' dir='ltr' id='par_1_15' title="bbox 525 1097 2027 1162">
     <span class='ocr_line' id='line_1_15' title="bbox 525 1097 2027 1162; baseline -0.007 -6"><span class='ocrx_word' id='word_1_98' title='bbox 525 1100 672 1156; x_wconf 91' lang='lat' dir='ltr'><strong>cium</strong></span> <span class='ocrx_word' id='word_1_99' title='bbox 713 1100 767 1155; x_wconf 88' lang='lat' dir='ltr'><strong>in</strong></span> <span class='ocrx_word' id='word_1_100' title='bbox 800 1101 947 1156; x_wconf 87' lang='lat' dir='ltr'><strong>hunc</strong></span> <span class='ocrx_word' id='word_1_101' title='bbox 989 1099 1248 1155; x_wconf 89' lang='lat' dir='ltr'><strong>mundum</strong></span> <span class='ocrx_word' id='word_1_102' title='bbox 1294 1097 1455 1162; x_wconf 86' lang='lat' dir='ltr'><strong>veni,</strong></span> <span class='ocrx_word' id='word_1_103' title='bbox 1501 1106 1562 1150; x_wconf 89' lang='lat' dir='ltr'><strong>ut</strong></span> <span class='ocrx_word' id='word_1_104' title='bbox 1596 1112 1698 1159; x_wconf 80' lang='lat' dir='ltr'><strong>non</strong></span> <span class='ocrx_word' id='word_1_105' title='bbox 1740 1097 2027 1152; x_wconf 70' lang='lat' dir='ltr'><strong>videntesi</strong></span> 
     </span>
    </p>
   </div>
   <div class='ocr_carea' id='block_1_16' title="bbox 2201 1094 3703 1171">
    <p class='ocr_par' dir='ltr' id='par_1_16' title="bbox 2201 1094 3703 1171">
     <span class='ocr_line' id='line_1_16' title="bbox 2201 1094 3703 1171; baseline -0.005 -16"><span class='ocrx_word' id='word_1_106' title='bbox 2201 1100 2287 1155; x_wconf 84' lang='grc' dir='ltr'><strong>τοῦ</strong></span> <span class='ocrx_word' id='word_1_107' title='bbox 2329 1098 2648 1171; x_wconf 86' lang='grc' dir='ltr'>πεποίηκεν,</span> <span class='ocrx_word' id='word_1_108' title='bbox 2696 1098 2776 1161; x_wconf 82' lang='grc' dir='ltr'><strong>εἰς</strong></span> <span class='ocrx_word' id='word_1_109' title='bbox 2826 1096 3031 1150; x_wconf 83' lang='grc' dir='ltr'>πτῶσιν</span> <span class='ocrx_word' id='word_1_110' title='bbox 3073 1095 3166 1149; x_wconf 69' lang='grc' dir='ltr'><strong>κα)¹</strong></span> <span class='ocrx_word' id='word_1_111' title='bbox 3208 1095 3498 1149; x_wconf 76' lang='grc' dir='ltr'>ἀνάστασιν</span> <span class='ocrx_word' id='word_1_112' title='bbox 3546 1094 3703 1147; x_wconf 73' lang='grc' dir='ltr'>πολλῶν</span> 
     </span>
    </p>
   </div>
   <div class='ocr_carea' id='block_1_17' title="bbox 525 1184 2027 1259">
    <p class='ocr_par' dir='ltr' id='par_1_17' title="bbox 525 1187 2025 1258">
     <span class='ocr_line' id='line_1_17' title="bbox 525 1187 2025 1258; baseline -0.004 -11"><span class='ocrx_word' id='word_1_113' title='bbox 525 1191 708 1256; x_wconf 81' lang='lat' dir='ltr'><strong>deant,</strong></span> <span class='ocrx_word' id='word_1_114' title='bbox 761 1201 817 1248; x_wconf 90' lang='lat' dir='ltr'><strong>et</strong></span> <span class='ocrx_word' id='word_1_115' title='bbox 870 1193 1116 1247; x_wconf 84' lang='lat' dir='ltr'><strong>videntes</strong></span> <span class='ocrx_word' id='word_1_116' title='bbox 1161 1189 1287 1245; x_wconf 70' lang='lat' dir='ltr'><strong>caeci</strong></span> <span class='ocrx_word' id='word_1_117' title='bbox 1340 1187 1570 1245; x_wconf 83' lang='lat' dir='ltr'><strong>fiant“.</strong></span> <span class='ocrx_word' id='word_1_118' title='bbox 1602 1206 1623 1241; x_wconf 78' lang='grc' dir='ltr'><strong>ι</strong></span> <span class='ocrx_word' id='word_1_119' title='bbox 1667 1187 1737 1244; x_wconf 86' lang='lat' dir='ltr'><strong>Ut</strong></span> <span class='ocrx_word' id='word_1_120' title='bbox 1770 1188 1913 1242; x_wconf 91' lang='lat' dir='ltr'><strong>enim</strong></span> <span class='ocrx_word' id='word_1_121' title='bbox 1957 1202 2025 1258; x_wconf 91' lang='lat' dir='ltr'><strong>op</strong></span> 
     </span>
    </p>
   </div>
   <div class='ocr_carea' id='block_1_18' title="bbox 2201 1184 3703 1259">
    <p class='ocr_par' dir='ltr' id='par_1_18' title="bbox 2201 1184 3703 1259">
     <span class='ocr_line' id='line_1_18' title="bbox 2201 1184 3703 1259; baseline -0.005 -16"><span class='ocrx_word' id='word_1_122' title='bbox 2201 1188 2362 1243; x_wconf 67' lang='grc' dir='ltr'>ἐθνῶν</span> <span class='ocrx_word' id='word_1_123' title='bbox 2391 1187 2500 1241; x_wconf 90' lang='grc' dir='ltr'><strong>τῶν</strong></span> <span class='ocrx_word' id='word_1_124' title='bbox 2532 1189 2590 1242; x_wconf 82' lang='grc' dir='ltr'>ὲν</span> <span class='ocrx_word' id='word_1_125' title='bbox 2614 1186 2691 1258; x_wconf 82' lang='grc' dir='ltr'>τῷ</span> <span class='ocrx_word' id='word_1_126' title='bbox 2726 1185 2939 1259; x_wconf 78' lang='grc' dir='ltr'>Ἰσραὴλ</span> <span class='ocrx_word' id='word_1_127' title='bbox 2968 1184 3155 1251; x_wconf 76' lang='grc' dir='ltr'>ἐλθὼν,</span> <span class='ocrx_word' id='word_1_128' title='bbox 3204 1185 3299 1239; x_wconf 75' lang='grc' dir='ltr'><strong>καὶ</strong></span> <span class='ocrx_word' id='word_1_129' title='bbox 3331 1185 3571 1254; x_wconf 80' lang='grc' dir='ltr'>φάσκων·</span> <span class='ocrx_word' id='word_1_130' title='bbox 3599 1202 3614 1236; x_wconf 84' lang='grc' dir='ltr'><strong>ι</strong></span> <span class='ocrx_word' id='word_1_131' title='bbox 3639 1185 3703 1248; x_wconf 80' lang='grc' dir='ltr'><strong>Εἰς</strong></span> 
     </span>
    </p>
   </div>
   <div class='ocr_carea' id='block_1_19' title="bbox 524 1271 2026 1353">
    <p class='ocr_par' dir='ltr' id='par_1_19' title="bbox 524 1280 2026 1353">
     <span class='ocr_line' id='line_1_19' title="bbox 524 1280 2026 1353; baseline -0.003 -14"><span class='ocrx_word' id='word_1_132' title='bbox 524 1283 790 1340; x_wconf 80' lang='lat' dir='ltr'><strong>habemus</strong></span> <span class='ocrx_word' id='word_1_133' title='bbox 816 1299 1071 1342; x_wconf 88' lang='lat' dir='ltr'><strong>sermone</strong></span> <span class='ocrx_word' id='word_1_134' title='bbox 1100 1283 1403 1353; x_wconf 65' lang='lat' dir='ltr'><strong>sapientia,</strong></span> <span class='ocrx_word' id='word_1_135' title='bbox 1435 1296 1544 1352; x_wconf 90' lang='lat' dir='ltr'><strong>quo</strong></span> <span class='ocrx_word' id='word_1_136' title='bbox 1573 1280 1936 1336; x_wconf 82' lang='lat' dir='ltr'><strong>defendamus</strong></span> <span class='ocrx_word' id='word_1_137' title='bbox 1965 1296 2026 1350; x_wconf 82' lang='lat' dir='ltr'><strong>qu</strong></span> 
     </span>
    </p>
   </div>
   <div class='ocr_carea' id='block_1_20' title="bbox 2200 1271 3702 1353">
    <p class='ocr_par' dir='ltr' id='par_1_20' title="bbox 2200 1271 3702 1352">
     <span class='ocr_line' id='line_1_20' title="bbox 2200 1271 3702 1352; baseline -0.004 -18"><span class='ocrx_word' id='word_1_138' title='bbox 2200 1277 2366 1352; x_wconf 83' lang='grc' dir='ltr'>κρίμα</span> <span class='ocrx_word' id='word_1_139' title='bbox 2402 1278 2514 1349; x_wconf 73' lang='grc' dir='ltr'><strong>ἐγὼ</strong></span> <span class='ocrx_word' id='word_1_140' title='bbox 2553 1280 2633 1342; x_wconf 78' lang='grc' dir='ltr'><strong>εἰς</strong></span> <span class='ocrx_word' id='word_1_141' title='bbox 2660 1278 2752 1332; x_wconf 80' lang='grc' dir='ltr'>τὸν</span> <span class='ocrx_word' id='word_1_142' title='bbox 2778 1278 2980 1349; x_wconf 82' lang='grc' dir='ltr'>κόσμον</span> <span class='ocrx_word' id='word_1_143' title='bbox 3021 1276 3209 1330; x_wconf 87' lang='grc' dir='ltr'>τοῦτον</span> <span class='ocrx_word' id='word_1_144' title='bbox 3254 1271 3438 1348; x_wconf 77' lang='grc' dir='ltr'>ἦλθον,</span> <span class='ocrx_word' id='word_1_145' title='bbox 3472 1275 3550 1329; x_wconf 81' lang='grc' dir='ltr'>ἵνα</span> <span class='ocrx_word' id='word_1_146' title='bbox 3588 1277 3628 1328; x_wconf 83' lang='grc' dir='ltr'><strong>οί</strong></span> <span class='ocrx_word' id='word_1_147' title='bbox 3653 1278 3702 1347; x_wconf 73' lang='grc' dir='ltr'>μὴ</span> 
     </span>
    </p>
   </div>
   <div class='ocr_carea' id='block_1_21' title="bbox 526 1366 2028 1445">
    <p class='ocr_par' dir='ltr' id='par_1_21' title="bbox 526 1372 2028 1445">
     <span class='ocr_line' id='line_1_21' title="bbox 526 1372 2028 1445; baseline -0.001 -17"><span class='ocrx_word' id='word_1_148' title='bbox 526 1374 688 1430; x_wconf 90' lang='lat' dir='ltr'><strong>modo</strong></span> <span class='ocrx_word' id='word_1_149' title='bbox 716 1391 829 1431; x_wconf 89' lang='lat' dir='ltr'><strong>rem</strong></span> <span class='ocrx_word' id='word_1_150' title='bbox 861 1391 922 1431; x_wconf 86' lang='lat' dir='ltr'><strong>se</strong></span> <span class='ocrx_word' id='word_1_151' title='bbox 956 1375 1233 1445; x_wconf 83' lang='lat' dir='ltr'><strong>indignam</strong></span> <span class='ocrx_word' id='word_1_152' title='bbox 1265 1373 1358 1429; x_wconf 91' lang='lat' dir='ltr'><strong>ille</strong></span> <span class='ocrx_word' id='word_1_153' title='bbox 1383 1389 1493 1429; x_wconf 91' lang='lat' dir='ltr'><strong>non</strong></span> <span class='ocrx_word' id='word_1_154' title='bbox 1521 1374 1733 1440; x_wconf 78' lang='lat' dir='ltr'><strong>fecerit,</strong></span> <span class='ocrx_word' id='word_1_155' title='bbox 1765 1374 1854 1442; x_wconf 89' lang='lat' dir='ltr'><strong>qui</strong></span> <span class='ocrx_word' id='word_1_156' title='bbox 1880 1387 1942 1428; x_wconf 88' lang='lat' dir='ltr'><strong>se</strong></span> <span class='ocrx_word' id='word_1_157' title='bbox 1969 1372 2028 1427; x_wconf 75' lang='lat' dir='ltr'><strong>bu</strong></span> 
     </span>
    </p>
   </div>
   <div class='ocr_carea' id='block_1_22' title="bbox 2200 1366 3702 1445">
    <p class='ocr_par' dir='ltr' id='par_1_22' title="bbox 2200 1366 3702 1443">
     <span class='ocr_line' id='line_1_22' title="bbox 2200 1366 3702 1443; baseline -0.004 -19"><span class='ocrx_word' id='word_1_158' title='bbox 2200 1371 2480 1443; x_wconf 83' lang='grc' dir='ltr'>βλέποντες</span> <span class='ocrx_word' id='word_1_159' title='bbox 2511 1371 2770 1442; x_wconf 82' lang='grc' dir='ltr'><strong>βλέπωσι,</strong></span> <span class='ocrx_word' id='word_1_160' title='bbox 2816 1371 2909 1423; x_wconf 76' lang='grc' dir='ltr'><strong>καὶ</strong></span> <span class='ocrx_word' id='word_1_161' title='bbox 2942 1371 2989 1423; x_wconf 85' lang='grc' dir='ltr'>οἱ</span> <span class='ocrx_word' id='word_1_162' title='bbox 3022 1368 3307 1440; x_wconf 82' lang='grc' dir='ltr'>βλέποντες</span> <span class='ocrx_word' id='word_1_163' title='bbox 3344 1367 3526 1437; x_wconf 73' lang='grc' dir='ltr'>τυφλοὶ</span> <span class='ocrx_word' id='word_1_164' title='bbox 3555 1366 3702 1435; x_wconf 60' lang='grc' dir='ltr'>γένωμ-</span> 
     </span>
    </p>
   </div>
   <div class='ocr_carea' id='block_1_23' title="bbox 522 1459 2024 1537">
    <p class='ocr_par' dir='ltr' id='par_1_23' title="bbox 522 1464 2005 1535">
     <span class='ocr_line' id='line_1_23' title="bbox 522 1464 2005 1535; baseline 0 -16"><span class='ocrx_word' id='word_1_165' title='bbox 522 1467 721 1522; x_wconf 89' lang='lat' dir='ltr'><strong>nmndo</strong></span> <span class='ocrx_word' id='word_1_166' title='bbox 748 1467 1045 1523; x_wconf 85' lang='lat' dir='ltr'><strong>accessisse</strong></span> <span class='ocrx_word' id='word_1_167' title='bbox 1072 1467 1125 1521; x_wconf 92' lang='lat' dir='ltr'><strong>in</strong></span> <span class='ocrx_word' id='word_1_168' title='bbox 1152 1466 1418 1535; x_wconf 85' lang='lat' dir='ltr'><strong>judicium</strong></span> <span class='ocrx_word' id='word_1_169' title='bbox 1447 1464 1688 1530; x_wconf 84' lang='lat' dir='ltr'><strong>fatetur;</strong></span> <span class='ocrx_word' id='word_1_170' title='bbox 1730 1465 1812 1521; x_wconf 89' lang='lat' dir='ltr'><strong>sic</strong></span> <span class='ocrx_word' id='word_1_171' title='bbox 1838 1465 2005 1519; x_wconf 84' lang='lat' dir='ltr'><strong>etiam</strong></span> 
     </span>
    </p>
   </div>
   <div class='ocr_carea' id='block_1_24' title="bbox 2200 1459 3702 1537">
    <p class='ocr_par' dir='ltr' id='par_1_24' title="bbox 2200 1459 3702 1537">
     <span class='ocr_line' id='line_1_24' title="bbox 2200 1459 3702 1537; baseline -0.004 -19"><span class='ocrx_word' id='word_1_172' title='bbox 2200 1481 2282 1518; x_wconf 83' lang='grc' dir='ltr'><strong>ται</strong></span> <span class='ocrx_word' id='word_1_173' title='bbox 2305 1481 2317 1495; x_wconf 74' lang='grc' dir='ltr'><strong><em>ο</em></strong></span> <span class='ocrx_word' id='word_1_174' title='bbox 2358 1483 2376 1516; x_wconf 85' lang='grc' dir='ltr'><strong>ι</strong></span> <span class='ocrx_word' id='word_1_175' title='bbox 2408 1465 2484 1529; x_wconf 82' lang='grc' dir='ltr'>ὡς</span> <span class='ocrx_word' id='word_1_176' title='bbox 2512 1464 2620 1535; x_wconf 84' lang='grc' dir='ltr'>γὰρ</span> <span class='ocrx_word' id='word_1_177' title='bbox 2647 1463 2875 1537; x_wconf 84' lang='grc' dir='ltr'>δεόμεθα</span> <span class='ocrx_word' id='word_1_178' title='bbox 2906 1463 3064 1531; x_wconf 80' lang='grc' dir='ltr'><strong>λόγου</strong></span> <span class='ocrx_word' id='word_1_179' title='bbox 3095 1462 3283 1532; x_wconf 88' lang='grc' dir='ltr'>σοφίας</span> <span class='ocrx_word' id='word_1_180' title='bbox 3307 1462 3388 1524; x_wconf 80' lang='grc' dir='ltr'>εἰς</span> <span class='ocrx_word' id='word_1_181' title='bbox 3415 1459 3474 1513; x_wconf 77' lang='grc' dir='ltr'><strong>τὸ</strong></span> <span class='ocrx_word' id='word_1_182' title='bbox 3492 1460 3702 1530; x_wconf 74' lang='grc' dir='ltr'>ἀπολογή-</span> 
     </span>
    </p>
   </div>
   <div class='ocr_carea' id='block_1_25' title="bbox 521 1549 2023 1628">
    <p class='ocr_par' dir='ltr' id='par_1_25' title="bbox 521 1555 1967 1628">
     <span class='ocr_line' id='line_1_25' title="bbox 521 1555 1967 1628; baseline -0.001 -16"><span class='ocrx_word' id='word_1_183' title='bbox 521 1556 645 1623; x_wconf 85' lang='lat' dir='ltr'><strong>hoc,</strong></span> <span class='ocrx_word' id='word_1_184' title='bbox 699 1568 762 1613; x_wconf 90' lang='lat' dir='ltr'><strong>ut</strong></span> <span class='ocrx_word' id='word_1_185' title='bbox 811 1558 1166 1613; x_wconf 84' lang='lat' dir='ltr'><strong>ostendamus</strong></span> <span class='ocrx_word' id='word_1_186' title='bbox 1217 1556 1502 1628; x_wconf 82' lang='lat' dir='ltr'><strong>pontifices</strong></span> <span class='ocrx_word' id='word_1_187' title='bbox 1551 1565 1607 1612; x_wconf 90' lang='lat' dir='ltr'><strong>et</strong></span> <span class='ocrx_word' id='word_1_188' title='bbox 1654 1555 1967 1611; x_wconf 73' lang='lat' dir='ltr'><strong>Pharisaeos</strong></span> 
     </span>
    </p>
   </div>
   <div class='ocr_carea' id='block_1_26' title="bbox 2201 1549 3703 1628">
    <p class='ocr_par' dir='ltr' id='par_1_26' title="bbox 2201 1549 3703 1627">
     <span class='ocr_line' id='line_1_26' title="bbox 2201 1549 3703 1627; baseline -0.005 -19"><span class='ocrx_word' id='word_1_189' title='bbox 2201 1553 2391 1627; x_wconf 83' lang='grc' dir='ltr'>σασθαι</span> <span class='ocrx_word' id='word_1_190' title='bbox 2426 1553 2559 1625; x_wconf 79' lang='grc'>(55),</span> <span class='ocrx_word' id='word_1_191' title='bbox 2591 1553 2708 1617; x_wconf 90' lang='grc' dir='ltr'><strong>πῶς</strong></span> <span class='ocrx_word' id='word_1_192' title='bbox 2742 1556 2771 1608; x_wconf 85' lang='grc' dir='ltr'>ὁ</span> <span class='ocrx_word' id='word_1_193' title='bbox 2808 1552 3085 1625; x_wconf 81' lang='grc' dir='ltr'>ὁμολογῶν</span> <span class='ocrx_word' id='word_1_194' title='bbox 3132 1553 3213 1617; x_wconf 76' lang='grc' dir='ltr'>εἰς</span> <span class='ocrx_word' id='word_1_195' title='bbox 3262 1549 3438 1623; x_wconf 87' lang='grc' dir='ltr'>κρίμα</span> <span class='ocrx_word' id='word_1_196' title='bbox 3467 1549 3537 1622; x_wconf 80' lang='grc' dir='ltr'>τῷ</span> <span class='ocrx_word' id='word_1_197' title='bbox 3563 1550 3703 1621; x_wconf 76' lang='grc' dir='ltr'>κόσμῳ</span> 
     </span>
    </p>
   </div>
   <div class='ocr_carea' id='block_1_27' title="bbox 521 1644 2023 1719">
    <p class='ocr_par' dir='ltr' id='par_1_27' title="bbox 521 1648 2023 1719">
     <span class='ocr_line' id='line_1_27' title="bbox 521 1648 2023 1719; baseline -0.002 -15"><span class='ocrx_word' id='word_1_198' title='bbox 521 1648 778 1719; x_wconf 65' lang='grc' dir='ltr'>ϐοἰοριιω</span> <span class='ocrx_word' id='word_1_199' title='bbox 828 1648 1009 1708; x_wconf 84' lang='lat' dir='ltr'><strong>verbis</strong></span> <span class='ocrx_word' id='word_1_200' title='bbox 1059 1664 1162 1704; x_wconf 90' lang='lat' dir='ltr'><strong>una</strong></span> <span class='ocrx_word' id='word_1_201' title='bbox 1214 1649 1557 1705; x_wconf 81' lang='lat' dir='ltr'><strong>consultasse</strong></span> <span class='ocrx_word' id='word_1_202' title='bbox 1615 1657 1674 1701; x_wconf 87' lang='lat' dir='ltr'><strong>ut</strong></span> <span class='ocrx_word' id='word_1_203' title='bbox 1720 1648 2023 1703; x_wconf 80' lang='lat' dir='ltr'><strong>interficere</strong></span> 
     </span>
    </p>
   </div>
   <div class='ocr_carea' id='block_1_28' title="bbox 2200 1644 3702 1719">
    <p class='ocr_par' dir='ltr' id='par_1_28' title="bbox 2200 1644 3702 1718">
     <span class='ocr_line' id='line_1_28' title="bbox 2200 1644 3702 1718; baseline -0.003 -19"><span class='ocrx_word' id='word_1_204' title='bbox 2200 1645 2364 1717; x_wconf 85' lang='grc' dir='ltr'>τούτῳ</span> <span class='ocrx_word' id='word_1_205' title='bbox 2396 1645 2866 1718; x_wconf 78' lang='grc' dir='ltr'><strong>ἐπιδεδημηκέναι,</strong></span> <span class='ocrx_word' id='word_1_206' title='bbox 2893 1646 2993 1700; x_wconf 78' lang='grc' dir='ltr'><strong>οὐκ</strong></span> <span class='ocrx_word' id='word_1_207' title='bbox 3035 1645 3252 1710; x_wconf 81' lang='grc' dir='ltr'>ἀνάξιον</span> <span class='ocrx_word' id='word_1_208' title='bbox 3290 1644 3480 1698; x_wconf 78' lang='grc' dir='ltr'>ἑαυτοῦ</span> <span class='ocrx_word' id='word_1_209' title='bbox 3530 1644 3702 1712; x_wconf 75' lang='grc' dir='ltr'>πεποίη-</span> 
     </span>
    </p>
   </div>
   <div class='ocr_carea' id='block_1_29' title="bbox 521 1734 2023 1809">
    <p class='ocr_par' dir='ltr' id='par_1_29' title="bbox 521 1734 2019 1809">
     <span class='ocr_line' id='line_1_29' title="bbox 521 1734 2019 1809; baseline -0.005 -14"><span class='ocrx_word' id='word_1_210' title='bbox 521 1737 731 1795; x_wconf 76' lang='lat' dir='ltr'><strong>Jesum.</strong></span> <span class='ocrx_word' id='word_1_211' title='bbox 758 1740 935 1809; x_wconf 80' lang='lat' dir='ltr'><strong>Atque</strong></span> <span class='ocrx_word' id='word_1_212' title='bbox 970 1740 1038 1795; x_wconf 91' lang='lat' dir='ltr'><strong>de</strong></span> <span class='ocrx_word' id='word_1_213' title='bbox 1076 1754 1142 1795; x_wconf 93' lang='lat' dir='ltr'><strong>eo</strong></span> <span class='ocrx_word' id='word_1_214' title='bbox 1186 1739 1406 1809; x_wconf 87' lang='lat' dir='ltr'><strong>quidem</strong></span> <span class='ocrx_word' id='word_1_215' title='bbox 1450 1738 1593 1807; x_wconf 88' lang='lat' dir='ltr'><strong>quod</strong></span> <span class='ocrx_word' id='word_1_216' title='bbox 1634 1746 1762 1792; x_wconf 89' lang='lat' dir='ltr'><strong>est:</strong></span> <span class='ocrx_word' id='word_1_217' title='bbox 1806 1753 1825 1788; x_wconf 85' lang='grc' dir='ltr'><strong>ι</strong></span> <span class='ocrx_word' id='word_1_218' title='bbox 1862 1734 1918 1789; x_wconf 89' lang='lat' dir='ltr'><strong>lu</strong></span> <span class='ocrx_word' id='word_1_219' title='bbox 1943 1734 2019 1805; x_wconf 68' lang='lat' dir='ltr'><strong>jui</strong></span> 
     </span>
    </p>
   </div>
   <div class='ocr_carea' id='block_1_30' title="bbox 2198 1734 3700 1809">
    <p class='ocr_par' dir='ltr' id='par_1_30' title="bbox 2198 1734 3700 1804">
     <span class='ocr_line' id='line_1_30' title="bbox 2198 1734 3700 1804; baseline -0.004 -12"><span class='ocrx_word' id='word_1_220' title='bbox 2198 1755 2291 1792; x_wconf 90' lang='grc' dir='ltr'><strong>κεν</strong></span> <span class='ocrx_word' id='word_1_221' title='bbox 2314 1777 2328 1803; x_wconf 94' lang='grc'><strong>,</strong></span> <span class='ocrx_word' id='word_1_222' title='bbox 2360 1736 2533 1803; x_wconf 76' lang='grc' dir='ltr'>οὕτως</span> <span class='ocrx_word' id='word_1_223' title='bbox 2562 1740 2654 1793; x_wconf 81' lang='grc' dir='ltr'>καὶ</span> <span class='ocrx_word' id='word_1_224' title='bbox 2687 1740 2767 1801; x_wconf 82' lang='grc' dir='ltr'><strong>εἰς</strong></span> <span class='ocrx_word' id='word_1_225' title='bbox 2804 1738 2863 1791; x_wconf 84' lang='grc' dir='ltr'>τὺ</span> <span class='ocrx_word' id='word_1_226' title='bbox 2892 1740 2955 1792; x_wconf 78' lang='grc' dir='ltr'>ὲκ</span> <span class='ocrx_word' id='word_1_227' title='bbox 2989 1736 3098 1792; x_wconf 87' lang='grc' dir='ltr'><strong>τῶν</strong></span> <span class='ocrx_word' id='word_1_228' title='bbox 3139 1737 3229 1792; x_wconf 86' lang='grc' dir='ltr'><strong>διά</strong></span> <span class='ocrx_word' id='word_1_229' title='bbox 3270 1737 3365 1791; x_wconf 90' lang='grc' dir='ltr'><strong>τοῦ</strong></span> <span class='ocrx_word' id='word_1_230' title='bbox 3408 1734 3607 1804; x_wconf 75' lang='grc' dir='ltr'>Καῖάφα</span> <span class='ocrx_word' id='word_1_231' title='bbox 3639 1734 3700 1786; x_wconf 79' lang='grc' dir='ltr'><strong>λὸ-</strong></span> 
     </span>
    </p>
   </div>
   <div class='ocr_carea' id='block_1_31' title="bbox 524 1827 2026 1902">
    <p class='ocr_par' dir='ltr' id='par_1_31' title="bbox 524 1827 2026 1899">
     <span class='ocr_line' id='line_1_31' title="bbox 524 1827 2026 1899; baseline -0.005 -14"><span class='ocrx_word' id='word_1_232' title='bbox 524 1831 668 1885; x_wconf 89' lang='lat' dir='ltr'><strong>cium</strong></span> <span class='ocrx_word' id='word_1_233' title='bbox 695 1844 796 1899; x_wconf 91' lang='lat' dir='ltr'><strong>ego</strong></span> <span class='ocrx_word' id='word_1_234' title='bbox 824 1834 877 1885; x_wconf 91' lang='lat' dir='ltr'><strong>in</strong></span> <span class='ocrx_word' id='word_1_235' title='bbox 912 1830 1055 1886; x_wconf 82' lang='lat' dir='ltr'><strong>hunc</strong></span> <span class='ocrx_word' id='word_1_236' title='bbox 1077 1830 1335 1885; x_wconf 90' lang='lat' dir='ltr'><strong>mundum</strong></span> <span class='ocrx_word' id='word_1_237' title='bbox 1377 1829 1519 1892; x_wconf 87' lang='lat' dir='ltr'><strong>veni,</strong></span> <span class='ocrx_word' id='word_1_238' title='bbox 1555 1847 1575 1882; x_wconf 83' lang='grc' dir='ltr'><strong>ι</strong></span> <span class='ocrx_word' id='word_1_239' title='bbox 1611 1828 1665 1882; x_wconf 91' lang='lat' dir='ltr'><strong>in</strong></span> <span class='ocrx_word' id='word_1_240' title='bbox 1692 1827 2026 1897; x_wconf 76' lang='lat' dir='ltr'><strong>explanatior</strong></span> 
     </span>
    </p>
   </div>
   <div class='ocr_carea' id='block_1_32' title="bbox 2194 1827 3696 1902">
    <p class='ocr_par' dir='ltr' id='par_1_32' title="bbox 2196 1828 3696 1902">
     <span class='ocr_line' id='line_1_32' title="bbox 2196 1828 3696 1902; baseline 0.003 -20"><span class='ocrx_word' id='word_1_241' title='bbox 2196 1846 2309 1898; x_wconf 87' lang='grc' dir='ltr'><strong>γων</strong></span> <span class='ocrx_word' id='word_1_242' title='bbox 2338 1830 2447 1902; x_wconf 73' lang='grc'>(54)</span> <span class='ocrx_word' id='word_1_243' title='bbox 2490 1829 2986 1901; x_wconf 75' lang='grc' dir='ltr'>συμϐεϐουλεῦσθαι</span> <span class='ocrx_word' id='word_1_244' title='bbox 3033 1831 3157 1894; x_wconf 78' lang='grc' dir='ltr'>τοὺς</span> <span class='ocrx_word' id='word_1_245' title='bbox 3199 1829 3475 1900; x_wconf 83' lang='grc' dir='ltr'>ἀρχιερεῖς</span> <span class='ocrx_word' id='word_1_246' title='bbox 3508 1828 3587 1879; x_wconf 73' lang='grc' dir='ltr'>καὶ</span> <span class='ocrx_word' id='word_1_247' title='bbox 3609 1830 3696 1888; x_wconf 65' lang='grc' dir='ltr'>τοὶς</span> 
     </span>
    </p>
   </div>
   <div class='ocr_carea' id='block_1_33' title="bbox 523 1890 2025 1992">
    <p class='ocr_par' dir='ltr' id='par_1_33' title="bbox 523 1919 2025 1992">
     <span class='ocr_line' id='line_1_33' title="bbox 523 1919 2025 1992; baseline -0.002 -15"><span class='ocrx_word' id='word_1_248' title='bbox 523 1919 624 1977; x_wconf 77' lang='lat' dir='ltr'><strong>ltus</strong></span> <span class='ocrx_word' id='word_1_249' title='bbox 652 1920 796 1977; x_wconf 89' lang='lat' dir='ltr'><strong>illius</strong></span> <span class='ocrx_word' id='word_1_250' title='bbox 817 1921 919 1977; x_wconf 89' lang='lat' dir='ltr'><strong>loci</strong></span> <span class='ocrx_word' id='word_1_251' title='bbox 947 1937 1046 1992; x_wconf 91' lang='lat' dir='ltr'><strong>pro</strong></span> <span class='ocrx_word' id='word_1_252' title='bbox 1083 1923 1287 1978; x_wconf 79' lang='lat' dir='ltr'><strong>viribus</strong></span> <span class='ocrx_word' id='word_1_253' title='bbox 1314 1920 1673 1977; x_wconf 87' lang='lat' dir='ltr'><strong>disseruimus</strong></span> <span class='ocrx_word' id='word_1_254' title='bbox 1704 1936 1718 1973; x_wconf 91' lang='lat'><strong>:</strong></span> <span class='ocrx_word' id='word_1_255' title='bbox 1754 1935 1898 1975; x_wconf 91' lang='lat' dir='ltr'><strong>nunc</strong></span> <span class='ocrx_word' id='word_1_256' title='bbox 1943 1935 2025 1974; x_wconf 78' lang='lat' dir='ltr'><strong>vei</strong></span> 
     </span>
    </p>
   </div>
   <div class='ocr_carea' id='block_1_34' title="bbox 2199 1890 3701 1992">
    <p class='ocr_par' dir='ltr' id='par_1_34' title="bbox 2199 1890 3701 1992">
     <span class='ocr_line' id='line_1_34' title="bbox 2199 1890 3701 1992; baseline -0.002 -19"><span class='ocrx_word' id='word_1_257' title='bbox 2199 1890 2537 1992; x_wconf 65' lang='grc' dir='ltr'>ιῖιαρισαίους,</span> <span class='ocrx_word' id='word_1_258' title='bbox 2560 1890 2656 1974; x_wconf 49' lang='grc' dir='ltr'>’ἵνα</span> <span class='ocrx_word' id='word_1_259' title='bbox 2691 1921 3051 1976; x_wconf 86' lang='grc' dir='ltr'>ἀποκτείνωσι</span> <span class='ocrx_word' id='word_1_260' title='bbox 3088 1890 3178 1973; x_wconf 75' lang='grc' dir='ltr'><strong>τδν</strong></span> <span class='ocrx_word' id='word_1_261' title='bbox 3228 1890 3457 1991; x_wconf 50' lang='grc' dir='ltr'>’ἰησοῦω</span> <span class='ocrx_word' id='word_1_262' title='bbox 3492 1917 3606 1988; x_wconf 72' lang='grc' dir='ltr'>Περὶ</span> <span class='ocrx_word' id='word_1_263' title='bbox 3632 1917 3701 1986; x_wconf 79' lang='grc' dir='ltr'>μὲν</span> 
     </span>
    </p>
   </div>
   <div class='ocr_carea' id='block_1_35' title="bbox 525 2006 2027 2086">
    <p class='ocr_par' dir='ltr' id='par_1_35' title="bbox 525 2012 2027 2085">
     <span class='ocr_line' id='line_1_35' title="bbox 525 2012 2027 2085; baseline -0.005 -16"><span class='ocrx_word' id='word_1_264' title='bbox 525 2014 670 2083; x_wconf 87' lang='lat' dir='ltr'><strong>quod</strong></span> <span class='ocrx_word' id='word_1_265' title='bbox 702 2014 898 2069; x_wconf 86' lang='lat' dir='ltr'><strong>attinet</strong></span> <span class='ocrx_word' id='word_1_266' title='bbox 926 2014 994 2069; x_wconf 87' lang='lat' dir='ltr'><strong>ad</strong></span> <span class='ocrx_word' id='word_1_267' title='bbox 1046 2014 1100 2069; x_wconf 91' lang='lat' dir='ltr'><strong>id</strong></span> <span class='ocrx_word' id='word_1_268' title='bbox 1145 2029 1255 2085; x_wconf 93' lang='lat' dir='ltr'><strong>quo</strong></span> <span class='ocrx_word' id='word_1_269' title='bbox 1299 2013 1367 2069; x_wconf 88' lang='lat' dir='ltr'><strong>de</strong></span> <span class='ocrx_word' id='word_1_270' title='bbox 1417 2012 1626 2084; x_wconf 89' lang='lat' dir='ltr'><strong>agitur,</strong></span> <span class='ocrx_word' id='word_1_271' title='bbox 1658 2012 1773 2068; x_wconf 62' lang='lat' dir='ltr'><strong>hinc</strong></span> <span class='ocrx_word' id='word_1_272' title='bbox 1803 2012 2027 2067; x_wconf 49' lang='lat' dir='ltr'><strong>dicentuw</strong></span> 
     </span>
    </p>
   </div>
   <div class='ocr_carea' id='block_1_36' title="bbox 2193 2006 3695 2086">
    <p class='ocr_par' dir='ltr' id='par_1_36' title="bbox 2193 2006 3695 2086">
     <span class='ocr_line' id='line_1_36' title="bbox 2193 2006 3695 2086; baseline -0.006 -19"><span class='ocrx_word' id='word_1_273' title='bbox 2193 2008 2287 2067; x_wconf 82' lang='grc' dir='ltr'><strong>οὖν</strong></span> <span class='ocrx_word' id='word_1_274' title='bbox 2314 2012 2430 2079; x_wconf 88' lang='grc' dir='ltr'>τοῦ,</span> <span class='ocrx_word' id='word_1_275' title='bbox 2476 2031 2495 2064; x_wconf 79' lang='grc' dir='ltr'><strong>ι</strong></span> <span class='ocrx_word' id='word_1_276' title='bbox 2531 2014 2625 2078; x_wconf 82' lang='grc' dir='ltr'><strong>Εἰς</strong></span> <span class='ocrx_word' id='word_1_277' title='bbox 2650 2013 2825 2086; x_wconf 87' lang='grc' dir='ltr'>κρίμα</span> <span class='ocrx_word' id='word_1_278' title='bbox 2848 2014 2929 2077; x_wconf 80' lang='grc' dir='ltr'><strong>εἰς</strong></span> <span class='ocrx_word' id='word_1_279' title='bbox 2961 2012 3053 2066; x_wconf 80' lang='grc' dir='ltr'><strong>τὸν</strong></span> <span class='ocrx_word' id='word_1_280' title='bbox 3084 2010 3289 2082; x_wconf 78' lang='grc' dir='ltr'>κόσμον</span> <span class='ocrx_word' id='word_1_281' title='bbox 3317 2009 3498 2063; x_wconf 86' lang='grc' dir='ltr'>τοῦτον</span> <span class='ocrx_word' id='word_1_282' title='bbox 3520 2006 3695 2079; x_wconf 71' lang='grc' dir='ltr'>ἧλθον,ι</span> 
     </span>
    </p>
   </div>
   <div class='ocr_carea' id='block_1_37' title="bbox 524 2100 2026 2177">
    <p class='ocr_par' dir='ltr' id='par_1_37' title="bbox 524 2105 2026 2175">
     <span class='ocr_line' id='line_1_37' title="bbox 524 2105 2026 2175; baseline 0 -17"><span class='ocrx_word' id='word_1_283' title='bbox 524 2118 717 2173; x_wconf 85' lang='lat' dir='ltr'><strong>nempe</strong></span> <span class='ocrx_word' id='word_1_284' title='bbox 761 2105 906 2173; x_wconf 92' lang='lat' dir='ltr'><strong>quod</strong></span> <span class='ocrx_word' id='word_1_285' title='bbox 938 2106 1392 2175; x_wconf 87' lang='lat' dir='ltr'><strong>quemadmodum</strong></span> <span class='ocrx_word' id='word_1_286' title='bbox 1429 2120 1644 2161; x_wconf 87' lang='lat' dir='ltr'><strong>sacram</strong></span> <span class='ocrx_word' id='word_1_287' title='bbox 1684 2106 2026 2175; x_wconf 79' lang='lat' dir='ltr'><strong>Scripturaru</strong></span> 
     </span>
    </p>
   </div>
   <div class='ocr_carea' id='block_1_38' title="bbox 2197 2100 3699 2177">
    <p class='ocr_par' dir='ltr' id='par_1_38' title="bbox 2197 2100 3699 2177">
     <span class='ocr_line' id='line_1_38' title="bbox 2197 2100 3699 2177; baseline -0.006 -20"><span class='ocrx_word' id='word_1_288' title='bbox 2197 2104 2292 2157; x_wconf 77' lang='grc' dir='ltr'><strong>ὅσα</strong></span> <span class='ocrx_word' id='word_1_289' title='bbox 2334 2102 2665 2177; x_wconf 74' lang='grc' dir='ltr'>δεδυνήμεθα</span> <span class='ocrx_word' id='word_1_290' title='bbox 2710 2105 2768 2157; x_wconf 84' lang='grc' dir='ltr'>ὲν</span> <span class='ocrx_word' id='word_1_291' title='bbox 2810 2106 2924 2167; x_wconf 89' lang='grc' dir='ltr'>τοῖς</span> <span class='ocrx_word' id='word_1_292' title='bbox 2965 2105 3045 2167; x_wconf 86' lang='grc' dir='ltr'><strong>είς</strong></span> <span class='ocrx_word' id='word_1_293' title='bbox 3086 2102 3178 2156; x_wconf 83' lang='grc' dir='ltr'><strong>τὸν</strong></span> <span class='ocrx_word' id='word_1_294' title='bbox 3223 2101 3391 2154; x_wconf 80' lang='grc' dir='ltr'>τόπον</span> <span class='ocrx_word' id='word_1_295' title='bbox 3423 2100 3699 2169; x_wconf 67' lang='grc' dir='ltr'>ἐξηγητικοῖς</span> 
     </span>
    </p>
   </div>
   <div class='ocr_carea' id='block_1_39' title="bbox 522 2190 2024 2269">
    <p class='ocr_par' dir='ltr' id='par_1_39' title="bbox 522 2193 1986 2265">
     <span class='ocr_line' id='line_1_39' title="bbox 522 2193 1986 2265; baseline -0.001 -15"><span class='ocrx_word' id='word_1_296' title='bbox 522 2193 963 2265; x_wconf 85' lang='lat' dir='ltr'><strong>lntelligentiam,</strong></span> <span class='ocrx_word' id='word_1_297' title='bbox 1000 2196 1070 2253; x_wconf 90' lang='lat' dir='ltr'><strong>ob</strong></span> <span class='ocrx_word' id='word_1_298' title='bbox 1109 2211 1299 2252; x_wconf 91' lang='lat' dir='ltr'><strong>eorum</strong></span> <span class='ocrx_word' id='word_1_299' title='bbox 1336 2196 1625 2251; x_wconf 88' lang='lat' dir='ltr'><strong>utilitatem</strong></span> <span class='ocrx_word' id='word_1_300' title='bbox 1656 2197 1857 2252; x_wconf 87' lang='lat' dir='ltr'><strong>dictam</strong></span> <span class='ocrx_word' id='word_1_301' title='bbox 1895 2194 1986 2264; x_wconf 90' lang='lat' dir='ltr'><strong>qui</strong></span> 
     </span>
    </p>
   </div>
   <div class='ocr_carea' id='block_1_40' title="bbox 2196 2190 3698 2269">
    <p class='ocr_par' dir='ltr' id='par_1_40' title="bbox 2196 2190 3698 2269">
     <span class='ocr_line' id='line_1_40' title="bbox 2196 2190 3698 2269; baseline -0.005 -21"><span class='ocrx_word' id='word_1_302' title='bbox 2196 2196 2490 2269; x_wconf 76' lang='grc' dir='ltr'>εἰρήκαμεν</span> <span class='ocrx_word' id='word_1_303' title='bbox 2509 2213 2522 2227; x_wconf 90' lang='grc'><strong>·</strong></span> <span class='ocrx_word' id='word_1_304' title='bbox 2558 2196 2685 2268; x_wconf 77' lang='grc' dir='ltr'>περὶ</span> <span class='ocrx_word' id='word_1_305' title='bbox 2711 2196 2768 2250; x_wconf 83' lang='grc' dir='ltr'><strong>δὲ</strong></span> <span class='ocrx_word' id='word_1_306' title='bbox 2796 2195 2890 2249; x_wconf 88' lang='grc' dir='ltr'><strong>τοῦ</strong></span> <span class='ocrx_word' id='word_1_307' title='bbox 2914 2194 3009 2248; x_wconf 92' lang='grc' dir='ltr'><strong>νῦν</strong></span> <span class='ocrx_word' id='word_1_308' title='bbox 3048 2193 3414 2267; x_wconf 76' lang='grc' dir='ltr'>προκειμένου</span> <span class='ocrx_word' id='word_1_309' title='bbox 3445 2190 3633 2245; x_wconf 75' lang='grc' dir='ltr'>τοιαῦτα</span> <span class='ocrx_word' id='word_1_310' title='bbox 3656 2191 3698 2241; x_wconf 73' lang='lat' dir='ltr'><strong>iv</strong></span> 
     </span>
    </p>
   </div>
   <div class='ocr_carea' id='block_1_41' title="bbox 521 2273 2023 2359">
    <p class='ocr_par' dir='ltr' id='par_1_41' title="bbox 521 2282 2023 2356">
     <span class='ocr_line' id='line_1_41' title="bbox 521 2282 2023 2356; baseline -0.004 -15"><span class='ocrx_word' id='word_1_311' title='bbox 521 2300 587 2341; x_wconf 92' lang='lat' dir='ltr'><strong>ea</strong></span> <span class='ocrx_word' id='word_1_312' title='bbox 612 2285 795 2356; x_wconf 72' lang='lat' dir='ltr'><strong>iuvari</strong></span> <span class='ocrx_word' id='word_1_313' title='bbox 825 2294 1093 2356; x_wconf 67' lang='lat' dir='ltr'><strong>quaerunt,</strong></span> <span class='ocrx_word' id='word_1_314' title='bbox 1126 2286 1532 2341; x_wconf 85' lang='lat' dir='ltr'><strong>calumniantur</strong></span> <span class='ocrx_word' id='word_1_315' title='bbox 1564 2285 1620 2339; x_wconf 80' lang='lat' dir='ltr'><strong>lii</strong></span> <span class='ocrx_word' id='word_1_316' title='bbox 1644 2284 1736 2355; x_wconf 91' lang='lat' dir='ltr'><strong>qui</strong></span> <span class='ocrx_word' id='word_1_317' title='bbox 1764 2298 1883 2338; x_wconf 89' lang='lat' dir='ltr'><strong>eam</strong></span> <span class='ocrx_word' id='word_1_318' title='bbox 1914 2283 1967 2337; x_wconf 92' lang='lat' dir='ltr'><strong>in</strong></span> <span class='ocrx_word' id='word_1_319' title='bbox 1999 2282 2023 2335; x_wconf 88' lang='lat' dir='ltr'><strong>d</strong></span> 
     </span>
    </p>
   </div>
   <div class='ocr_carea' id='block_1_42' title="bbox 2199 2273 3701 2359">
    <p class='ocr_par' dir='ltr' id='par_1_42' title="bbox 2199 2273 3701 2359">
     <span class='ocr_line' id='line_1_42' title="bbox 2199 2273 3701 2359; baseline -0.007 -17"><span class='ocrx_word' id='word_1_320' title='bbox 2199 2273 2419 2357; x_wconf 76' lang='grc' dir='ltr'>λέγοιτο,</span> <span class='ocrx_word' id='word_1_321' title='bbox 2445 2288 2548 2354; x_wconf 87' lang='grc' dir='ltr'>ὅτι,</span> <span class='ocrx_word' id='word_1_322' title='bbox 2579 2288 2766 2359; x_wconf 83' lang='grc' dir='ltr'>ὥσπερ</span> <span class='ocrx_word' id='word_1_323' title='bbox 2804 2288 2895 2341; x_wconf 82' lang='grc' dir='ltr'><strong>τὸν</strong></span> <span class='ocrx_word' id='word_1_324' title='bbox 2926 2286 3068 2357; x_wconf 74' lang='grc' dir='ltr'>ἱερὸν</span> <span class='ocrx_word' id='word_1_325' title='bbox 3097 2284 3221 2339; x_wconf 92' lang='grc' dir='ltr'>νοῦν</span> <span class='ocrx_word' id='word_1_326' title='bbox 3244 2284 3355 2338; x_wconf 89' lang='grc' dir='ltr'><strong>τῶν</strong></span> <span class='ocrx_word' id='word_1_327' title='bbox 3390 2283 3613 2355; x_wconf 79' lang='grc' dir='ltr'>Γραφῶν,</span> <span class='ocrx_word' id='word_1_328' title='bbox 3638 2281 3701 2332; x_wconf 75' lang='grc' dir='ltr'><strong>ἐπὶ</strong></span> 
     </span>
    </p>
   </div>
   <div class='ocr_carea' id='block_1_43' title="bbox 521 2372 2023 2452">
    <p class='ocr_par' dir='ltr' id='par_1_43' title="bbox 521 2374 2023 2449">
     <span class='ocr_line' id='line_1_43' title="bbox 521 2374 2023 2449; baseline -0.002 -16"><span class='ocrx_word' id='word_1_329' title='bbox 521 2378 778 2434; x_wconf 89' lang='lat' dir='ltr'><strong>teriorem</strong></span> <span class='ocrx_word' id='word_1_330' title='bbox 821 2388 1032 2447; x_wconf 84' lang='lat' dir='ltr'><strong>partem</strong></span> <span class='ocrx_word' id='word_1_331' title='bbox 1084 2378 1429 2449; x_wconf 86' lang='lat' dir='ltr'><strong>intelligunt,</strong></span> <span class='ocrx_word' id='word_1_332' title='bbox 1485 2391 1596 2449; x_wconf 92' lang='lat' dir='ltr'><strong>quo</strong></span> <span class='ocrx_word' id='word_1_333' title='bbox 1647 2391 1834 2430; x_wconf 85' lang='lat' dir='ltr'><strong>ansam</strong></span> <span class='ocrx_word' id='word_1_334' title='bbox 1889 2374 2023 2430; x_wconf 83' lang='lat' dir='ltr'><strong>habe</strong></span> 
     </span>
    </p>
   </div>
   <div class='ocr_carea' id='block_1_44' title="bbox 2198 2372 3700 2452">
    <p class='ocr_par' dir='ltr' id='par_1_44' title="bbox 2198 2372 3700 2452">
     <span class='ocr_line' id='line_1_44' title="bbox 2198 2372 3700 2452; baseline -0.005 -21"><span class='ocrx_word' id='word_1_335' title='bbox 2198 2377 2426 2452; x_wconf 77' lang='grc' dir='ltr'>ὠφελείᾳ</span> <span class='ocrx_word' id='word_1_336' title='bbox 2473 2379 2762 2451; x_wconf 83' lang='grc' dir='ltr'>λεγόμενον</span> <span class='ocrx_word' id='word_1_337' title='bbox 2799 2379 2907 2434; x_wconf 87' lang='grc' dir='ltr'><strong>τῶν</strong></span> <span class='ocrx_word' id='word_1_338' title='bbox 2951 2378 3256 2451; x_wconf 80' lang='grc' dir='ltr'>ζητούντων</span> <span class='ocrx_word' id='word_1_339' title='bbox 3294 2377 3389 2431; x_wconf 81' lang='grc' dir='ltr'>ἀπ’</span> <span class='ocrx_word' id='word_1_340' title='bbox 3430 2374 3575 2430; x_wconf 79' lang='grc' dir='ltr'>αὐτοῦ</span> <span class='ocrx_word' id='word_1_341' title='bbox 3601 2372 3700 2440; x_wconf 65' lang='grc' dir='ltr'>ὡφε-</span> 
     </span>
    </p>
   </div>
   <div class='ocr_carea' id='block_1_45' title="bbox 518 2465 2020 2549">
    <p class='ocr_par' dir='ltr' id='par_1_45' title="bbox 518 2469 2020 2549">
     <span class='ocr_line' id='line_1_45' title="bbox 518 2469 2020 2549; baseline -0.001 -27"><span class='ocrx_word' id='word_1_342' title='bbox 518 2469 809 2525; x_wconf 79' lang='lat' dir='ltr'><strong>videantur</strong></span> <span class='ocrx_word' id='word_1_343' title='bbox 832 2470 1052 2549; x_wconf 82' lang='lat' dir='ltr'><strong>impiam</strong></span> <span class='ocrx_word' id='word_1_344' title='bbox 1075 2469 1753 2526; x_wconf 83' lang='lat' dir='ltr'><strong>conlirmandiductrinam</strong></span> <span class='ocrx_word' id='word_1_345' title='bbox 1784 2482 1967 2522; x_wconf 89' lang='lat' dir='ltr'><strong>eorum</strong></span> <span class='ocrx_word' id='word_1_346' title='bbox 1998 2482 2020 2534; x_wconf 86' lang='lat' dir='ltr'><strong>q</strong></span> 
     </span>
    </p>
   </div>
   <div class='ocr_carea' id='block_1_46' title="bbox 2198 2465 3700 2549">
    <p class='ocr_par' dir='ltr' id='par_1_46' title="bbox 2198 2465 3700 2544">
     <span class='ocr_line' id='line_1_46' title="bbox 2198 2465 3700 2544; baseline -0.006 -21"><span class='ocrx_word' id='word_1_347' title='bbox 2198 2470 2438 2542; x_wconf 71' lang='grc' dir='ltr'>ληθῆναι,</span> <span class='ocrx_word' id='word_1_348' title='bbox 2467 2473 2517 2525; x_wconf 81' lang='grc' dir='ltr'>οἱ</span> <span class='ocrx_word' id='word_1_349' title='bbox 2550 2472 2642 2525; x_wconf 74' lang='grc' dir='ltr'>ἐπὶ</span> <span class='ocrx_word' id='word_1_350' title='bbox 2672 2473 2732 2525; x_wconf 82' lang='grc' dir='ltr'><strong>τὸ</strong></span> <span class='ocrx_word' id='word_1_351' title='bbox 2768 2475 2947 2544; x_wconf 85' lang='grc' dir='ltr'>χεῖρον</span> <span class='ocrx_word' id='word_1_352' title='bbox 2986 2470 3464 2543; x_wconf 83' lang='grc' dir='ltr'>παρεκδεχὸμενοι,</span> <span class='ocrx_word' id='word_1_353' title='bbox 3497 2466 3613 2519; x_wconf 80' lang='grc' dir='ltr'>ὥστε</span> <span class='ocrx_word' id='word_1_354' title='bbox 3638 2465 3700 2515; x_wconf 75' lang='grc' dir='ltr'>καὶ</span> 
     </span>
    </p>
   </div>
   <div class='ocr_carea' id='block_1_47' title="bbox 518 2556 2020 2638">
    <p class='ocr_par' dir='ltr' id='par_1_47' title="bbox 518 2557 2020 2629">
     <span class='ocr_line' id='line_1_47' title="bbox 518 2557 2020 2629; baseline -0.002 -17"><span class='ocrx_word' id='word_1_355' title='bbox 518 2557 892 2629; x_wconf 87' lang='lat' dir='ltr'><strong>loquunturin</strong></span> <span class='ocrx_word' id='word_1_356' title='bbox 930 2559 1273 2614; x_wconf 87' lang='lat' dir='ltr'><strong>altitudinem</strong></span> <span class='ocrx_word' id='word_1_357' title='bbox 1303 2557 1729 2627; x_wconf 75' lang='lat' dir='ltr'><strong>iniustitiam&quot;;</strong></span> <span class='ocrx_word' id='word_1_358' title='bbox 1779 2559 1860 2612; x_wconf 91' lang='lat' dir='ltr'><strong>sic</strong></span> <span class='ocrx_word' id='word_1_359' title='bbox 1902 2568 2020 2627; x_wconf 87' lang='lat' dir='ltr'><strong>ponl</strong></span> 
     </span>
    </p>
   </div>
   <div class='ocr_carea' id='block_1_48' title="bbox 2197 2556 3699 2638">
    <p class='ocr_par' dir='ltr' id='par_1_48' title="bbox 2197 2556 3699 2638">
     <span class='ocr_line' id='line_1_48' title="bbox 2197 2556 3699 2638; baseline -0.004 -23"><span class='ocrx_word' id='word_1_360' title='bbox 2197 2561 2441 2634; x_wconf 79' lang='grc' dir='ltr'>ἀφορμὴν</span> <span class='ocrx_word' id='word_1_361' title='bbox 2477 2562 2587 2634; x_wconf 85' lang='grc'>(55)</span> <span class='ocrx_word' id='word_1_362' title='bbox 2612 2562 2755 2635; x_wconf 77' lang='grc' dir='ltr'>ἔχειν</span> <span class='ocrx_word' id='word_1_363' title='bbox 2777 2564 2951 2617; x_wconf 85' lang='grc' dir='ltr'>δοκεῖν</span> <span class='ocrx_word' id='word_1_364' title='bbox 2980 2564 3115 2638; x_wconf 69' lang='grc' dir='ltr'>πρὸς</span> <span class='ocrx_word' id='word_1_365' title='bbox 3147 2561 3488 2633; x_wconf 76' lang='grc' dir='ltr'>κατασκευὴν</span> <span class='ocrx_word' id='word_1_366' title='bbox 3526 2556 3699 2619; x_wconf 65' lang='grc' dir='ltr'>ἀσεϐοῦς</span> 
     </span>
    </p>
   </div>
   <div class='ocr_carea' id='block_1_49' title="bbox 515 2647 2017 2724">
    <p class='ocr_par' dir='ltr' id='par_1_49' title="bbox 515 2647 2017 2720">
     <span class='ocr_line' id='line_1_49' title="bbox 515 2647 2017 2720; baseline -0.001 -15"><span class='ocrx_word' id='word_1_367' title='bbox 515 2647 651 2706; x_wconf 78' lang='lat' dir='ltr'><strong>fices</strong></span> <span class='ocrx_word' id='word_1_368' title='bbox 699 2652 861 2706; x_wconf 86' lang='lat' dir='ltr'><strong>etiam</strong></span> <span class='ocrx_word' id='word_1_369' title='bbox 915 2661 970 2708; x_wconf 91' lang='lat' dir='ltr'><strong>et</strong></span> <span class='ocrx_word' id='word_1_370' title='bbox 1019 2651 1301 2719; x_wconf 73' lang='lat' dir='ltr'><strong>Pharisaei,</strong></span> <span class='ocrx_word' id='word_1_371' title='bbox 1358 2668 1463 2707; x_wconf 90' lang='lat' dir='ltr'><strong>non</strong></span> <span class='ocrx_word' id='word_1_372' title='bbox 1519 2662 1667 2707; x_wconf 89' lang='lat' dir='ltr'><strong>recte</strong></span> <span class='ocrx_word' id='word_1_373' title='bbox 1720 2650 2017 2720; x_wconf 83' lang='lat' dir='ltr'><strong>intelligent</strong></span> 
     </span>
    </p>
   </div>
   <div class='ocr_carea' id='block_1_50' title="bbox 2196 2647 3698 2724">
    <p class='ocr_par' dir='ltr' id='par_1_50' title="bbox 2196 2650 3698 2724">
     <span class='ocr_line' id='line_1_50' title="bbox 2196 2650 3698 2724; baseline 0.002 -17"><span class='ocrx_word' id='word_1_374' title='bbox 2196 2653 2532 2719; x_wconf 80' lang='grc' dir='ltr'>διδασκαλίας</span> <span class='ocrx_word' id='word_1_375' title='bbox 2576 2654 2683 2708; x_wconf 89' lang='grc' dir='ltr'><strong>τῶν</strong></span> <span class='ocrx_word' id='word_1_376' title='bbox 2743 2654 2952 2709; x_wconf 86' lang='grc' dir='ltr'>ἀδικίαν</span> <span class='ocrx_word' id='word_1_377' title='bbox 3008 2657 3087 2719; x_wconf 85' lang='grc' dir='ltr'><strong>είς</strong></span> <span class='ocrx_word' id='word_1_378' title='bbox 3138 2654 3199 2708; x_wconf 84' lang='grc' dir='ltr'><strong>τὸ</strong></span> <span class='ocrx_word' id='word_1_379' title='bbox 3246 2654 3382 2724; x_wconf 59' lang='grc' dir='ltr'>ῦψος</span> <span class='ocrx_word' id='word_1_380' title='bbox 3433 2650 3698 2710; x_wconf 79' lang='grc' dir='ltr'>λαλούντωνι</span> 
     </span>
    </p>
   </div>
   <div class='ocr_carea' id='block_1_51' title="bbox 517 2739 2019 2816">
    <p class='ocr_par' dir='ltr' id='par_1_51' title="bbox 517 2741 2019 2815">
     <span class='ocr_line' id='line_1_51' title="bbox 517 2741 2019 2815; baseline -0.001 -18"><span class='ocrx_word' id='word_1_381' title='bbox 517 2741 722 2797; x_wconf 77' lang='lat' dir='ltr'><strong>factam</strong></span> <span class='ocrx_word' id='word_1_382' title='bbox 751 2757 780 2796; x_wconf 88' lang='lat' dir='ltr'><strong>a</strong></span> <span class='ocrx_word' id='word_1_383' title='bbox 808 2742 1050 2815; x_wconf 80' lang='lat' dir='ltr'><strong>Caiaplia</strong></span> <span class='ocrx_word' id='word_1_384' title='bbox 1085 2744 1152 2799; x_wconf 90' lang='lat' dir='ltr'><strong>de</strong></span> <span class='ocrx_word' id='word_1_385' title='bbox 1184 2742 1482 2799; x_wconf 81' lang='lat' dir='ltr'><strong>Servatore</strong></span> <span class='ocrx_word' id='word_1_386' title='bbox 1529 2751 1716 2798; x_wconf 89' lang='lat' dir='ltr'><strong>nostro</strong></span> <span class='ocrx_word' id='word_1_387' title='bbox 1743 2758 1926 2798; x_wconf 88' lang='lat' dir='ltr'><strong>veram</strong></span> <span class='ocrx_word' id='word_1_388' title='bbox 1959 2757 2019 2810; x_wconf 90' lang='lat' dir='ltr'><strong>pr</strong></span> 
     </span>
    </p>
   </div>
   <div class='ocr_carea' id='block_1_52' title="bbox 2197 2739 3699 2816">
    <p class='ocr_par' dir='ltr' id='par_1_52' title="bbox 2197 2739 3699 2816">
     <span class='ocr_line' id='line_1_52' title="bbox 2197 2739 3699 2816; baseline -0.007 -16"><span class='ocrx_word' id='word_1_389' title='bbox 2197 2744 2639 2816; x_wconf 77' lang='grc' dir='ltr'>συκοφαντοῦσιν·</span> <span class='ocrx_word' id='word_1_390' title='bbox 2695 2744 2865 2809; x_wconf 81' lang='grc' dir='ltr'>οῦτως</span> <span class='ocrx_word' id='word_1_391' title='bbox 2917 2747 3016 2815; x_wconf 79' lang='grc' dir='ltr'>τήν</span> <span class='ocrx_word' id='word_1_392' title='bbox 3065 2763 3127 2799; x_wconf 88' lang='grc' dir='ltr'><strong>τε</strong></span> <span class='ocrx_word' id='word_1_393' title='bbox 3175 2744 3270 2799; x_wconf 88' lang='grc' dir='ltr'><strong>τοῦ</strong></span> <span class='ocrx_word' id='word_1_394' title='bbox 3323 2745 3557 2814; x_wconf 70' lang='grc' dir='ltr'>Σωτῆρος</span> <span class='ocrx_word' id='word_1_395' title='bbox 3588 2739 3699 2811; x_wconf 75' lang='grc' dir='ltr'>ήμιῖιν</span> 
     </span>
    </p>
   </div>
   <div class='ocr_carea' id='block_1_53' title="bbox 515 2817 2017 2910">
    <p class='ocr_par' dir='ltr' id='par_1_53' title="bbox 515 2833 2017 2906">
     <span class='ocr_line' id='line_1_53' title="bbox 515 2833 2017 2906; baseline 0 -19"><span class='ocrx_word' id='word_1_396' title='bbox 515 2833 781 2902; x_wconf 82' lang='lat' dir='ltr'><strong>phetiam,</strong></span> <span class='ocrx_word' id='word_1_397' title='bbox 813 2849 1006 2905; x_wconf 90' lang='lat' dir='ltr'><strong>nempe</strong></span> <span class='ocrx_word' id='word_1_398' title='bbox 1034 2837 1177 2905; x_wconf 91' lang='lat' dir='ltr'><strong>quod</strong></span> <span class='ocrx_word' id='word_1_399' title='bbox 1201 2835 1478 2906; x_wconf 81' lang='lat' dir='ltr'><strong>expediret</strong></span> <span class='ocrx_word' id='word_1_400' title='bbox 1497 2836 1653 2890; x_wconf 91' lang='lat' dir='ltr'><strong>nobis</strong></span> <span class='ocrx_word' id='word_1_401' title='bbox 1672 2844 1729 2889; x_wconf 90' lang='lat' dir='ltr'><strong>ut</strong></span> <span class='ocrx_word' id='word_1_402' title='bbox 1758 2850 1894 2890; x_wconf 89' lang='lat' dir='ltr'><strong>unus</strong></span> <span class='ocrx_word' id='word_1_403' title='bbox 1923 2834 2017 2889; x_wconf 81' lang='lat' dir='ltr'><strong>hor</strong></span> 
     </span>
    </p>
   </div>
   <div class='ocr_carea' id='block_1_54' title="bbox 2196 2817 3698 2910">
    <p class='ocr_par' dir='ltr' id='par_1_54' title="bbox 2196 2817 3698 2910">
     <span class='ocr_line' id='line_1_54' title="bbox 2196 2817 3698 2910; baseline -0.007 -17"><span class='ocrx_word' id='word_1_404' title='bbox 2196 2838 2294 2893; x_wconf 74' lang='grc' dir='ltr'>ὑπὸ</span> <span class='ocrx_word' id='word_1_405' title='bbox 2319 2837 2410 2893; x_wconf 83' lang='grc' dir='ltr'><strong>τοῦ</strong></span> <span class='ocrx_word' id='word_1_406' title='bbox 2436 2839 2656 2907; x_wconf 83' lang='grc' dir='ltr'>Καῖάφα</span> <span class='ocrx_word' id='word_1_407' title='bbox 2682 2837 2978 2910; x_wconf 82' lang='grc' dir='ltr'>γενομένην</span> <span class='ocrx_word' id='word_1_408' title='bbox 3018 2817 3357 2909; x_wconf 73' lang='grc' dir='ltr'>προφητείαν</span> <span class='ocrx_word' id='word_1_409' title='bbox 3398 2833 3698 2906; x_wconf 67' lang='grc' dir='ltr'>ἀληθεύωσιν</span> 
     </span>
    </p>
   </div>
   <div class='ocr_carea' id='block_1_55' title="bbox 516 2924 2018 3002">
    <p class='ocr_par' dir='ltr' id='par_1_55' title="bbox 516 2925 2018 2999">
     <span class='ocr_line' id='line_1_55' title="bbox 516 2925 2018 2999; baseline -0.001 -20"><span class='ocrx_word' id='word_1_410' title='bbox 516 2936 824 2981; x_wconf 87' lang='lat' dir='ltr'><strong>moreretur</strong></span> <span class='ocrx_word' id='word_1_411' title='bbox 873 2941 970 2996; x_wconf 91' lang='lat' dir='ltr'><strong>pro</strong></span> <span class='ocrx_word' id='word_1_412' title='bbox 1016 2925 1213 2998; x_wconf 93' lang='lat' dir='ltr'><strong>populo</strong></span> <span class='ocrx_word' id='word_1_413' title='bbox 1249 2936 1303 2982; x_wconf 94' lang='lat' dir='ltr'><strong>et</strong></span> <span class='ocrx_word' id='word_1_414' title='bbox 1354 2935 1461 2982; x_wconf 88' lang='lat' dir='ltr'><strong>tota</strong></span> <span class='ocrx_word' id='word_1_415' title='bbox 1511 2942 1646 2999; x_wconf 89' lang='lat' dir='ltr'><strong>gens</strong></span> <span class='ocrx_word' id='word_1_416' title='bbox 1705 2941 1811 2983; x_wconf 89' lang='lat' dir='ltr'><strong>non</strong></span> <span class='ocrx_word' id='word_1_417' title='bbox 1863 2927 2018 2996; x_wconf 66' lang='lat' dir='ltr'><strong>periri</strong></span> 
     </span>
    </p>
   </div>
   <div class='ocr_carea' id='block_1_56' title="bbox 2195 2924 3697 3002">
    <p class='ocr_par' dir='ltr' id='par_1_56' title="bbox 2195 2924 3697 3002">
     <span class='ocr_line' id='line_1_56' title="bbox 2195 2924 3697 3002; baseline -0.005 -17"><span class='ocrx_word' id='word_1_418' title='bbox 2195 2932 2246 2985; x_wconf 76' lang='grc' dir='ltr'>ὲν</span> <span class='ocrx_word' id='word_1_419' title='bbox 2289 2929 2366 3002; x_wconf 86' lang='grc' dir='ltr'>τῷ</span> <span class='ocrx_word' id='word_1_420' title='bbox 2410 2930 2710 3001; x_wconf 81' lang='grc' dir='ltr'>συμφέρειν</span> <span class='ocrx_word' id='word_1_421' title='bbox 2760 2931 2911 3001; x_wconf 84' lang='grc' dir='ltr'>ἡμῖν,</span> <span class='ocrx_word' id='word_1_422' title='bbox 2947 2931 3032 2983; x_wconf 86' lang='grc' dir='ltr'><strong>ἵνα</strong></span> <span class='ocrx_word' id='word_1_423' title='bbox 3077 2924 3156 2992; x_wconf 76' lang='grc' dir='ltr'>εἷς</span> <span class='ocrx_word' id='word_1_424' title='bbox 3200 2929 3482 3001; x_wconf 86' lang='grc' dir='ltr'>ἄνθρωπος</span> <span class='ocrx_word' id='word_1_425' title='bbox 3512 2925 3697 2992; x_wconf 57' lang='grc' dir='ltr'>ἀποθῶιῃ</span> 
     </span>
    </p>
   </div>
   <div class='ocr_carea' id='block_1_57' title="bbox 511 3017 2013 3097">
    <p class='ocr_par' dir='ltr' id='par_1_57' title="bbox 511 3017 2013 3089">
     <span class='ocr_line' id='line_1_57' title="bbox 511 3017 2013 3089; baseline -0.003 -13"><span class='ocrx_word' id='word_1_426' title='bbox 511 3017 677 3089; x_wconf 71' lang='lat'><strong>397</strong></span> <span class='ocrx_word' id='word_1_427' title='bbox 709 3018 803 3076; x_wconf 85' lang='lat' dir='ltr'><strong>sed</strong></span> <span class='ocrx_word' id='word_1_428' title='bbox 851 3018 1009 3072; x_wconf 88' lang='lat' dir='ltr'><strong>aliam</strong></span> <span class='ocrx_word' id='word_1_429' title='bbox 1048 3018 1461 3087; x_wconf 78' lang='lat' dir='ltr'><strong>intelligentiam</strong></span> <span class='ocrx_word' id='word_1_430' title='bbox 1498 3034 1621 3075; x_wconf 90' lang='lat' dir='ltr'><strong>esse</strong></span> <span class='ocrx_word' id='word_1_431' title='bbox 1667 3018 1774 3074; x_wconf 89' lang='lat' dir='ltr'><strong>rati</strong></span> <span class='ocrx_word' id='word_1_432' title='bbox 1812 3019 1866 3073; x_wconf 92' lang='lat' dir='ltr'><strong>in</strong></span> <span class='ocrx_word' id='word_1_433' title='bbox 1898 3018 2013 3075; x_wconf 89' lang='lat' dir='ltr'><strong>volu</strong></span> 
     </span>
    </p>
   </div>
   <div class='ocr_carea' id='block_1_58' title="bbox 2194 3017 3696 3097">
    <p class='ocr_par' dir='ltr' id='par_1_58' title="bbox 2194 3018 3696 3097">
     <span class='ocr_line' id='line_1_58' title="bbox 2194 3018 3696 3097; baseline -0.009 -18"><span class='ocrx_word' id='word_1_434' title='bbox 2194 3022 2327 3097; x_wconf 76' lang='grc' dir='ltr'>ὑπὲρ</span> <span class='ocrx_word' id='word_1_435' title='bbox 2370 3022 2464 3077; x_wconf 92' lang='grc' dir='ltr'><strong>τοῦ</strong></span> <span class='ocrx_word' id='word_1_436' title='bbox 2515 3021 2667 3089; x_wconf 90' lang='grc' dir='ltr'>λαοῦ,</span> <span class='ocrx_word' id='word_1_437' title='bbox 2719 3022 2813 3077; x_wconf 78' lang='grc' dir='ltr'><strong>καὶ</strong></span> <span class='ocrx_word' id='word_1_438' title='bbox 2864 3021 2939 3093; x_wconf 81' lang='grc' dir='ltr'>μὴ</span> <span class='ocrx_word' id='word_1_439' title='bbox 2994 3021 3114 3076; x_wconf 84' lang='grc' dir='ltr'>ὅλον</span> <span class='ocrx_word' id='word_1_440' title='bbox 3164 3022 3227 3074; x_wconf 82' lang='grc' dir='ltr'>τὺ</span> <span class='ocrx_word' id='word_1_441' title='bbox 3270 3021 3422 3086; x_wconf 77' lang='grc' dir='ltr'>ἔθνος</span> <span class='ocrx_word' id='word_1_442' title='bbox 3473 3018 3696 3085; x_wconf 72' lang='grc' dir='ltr'>ἀπόληται,</span> 
     </span>
    </p>
   </div>
   <div class='ocr_carea' id='block_1_59' title="bbox 517 3107 2019 3188">
    <p class='ocr_par' dir='ltr' id='par_1_59' title="bbox 517 3107 2019 3180">
     <span class='ocr_line' id='line_1_59' title="bbox 517 3107 2019 3180; baseline 0 -17"><span class='ocrx_word' id='word_1_443' title='bbox 517 3118 626 3163; x_wconf 89' lang='lat' dir='ltr'><strong>tate</strong></span> <span class='ocrx_word' id='word_1_444' title='bbox 660 3109 873 3165; x_wconf 88' lang='lat' dir='ltr'><strong>consilii</strong></span> <span class='ocrx_word' id='word_1_445' title='bbox 897 3107 1172 3180; x_wconf 83' lang='lat' dir='ltr'><strong>Caiaphae,</strong></span> <span class='ocrx_word' id='word_1_446' title='bbox 1210 3108 1278 3163; x_wconf 88' lang='lat' dir='ltr'><strong>ab</strong></span> <span class='ocrx_word' id='word_1_447' title='bbox 1313 3108 1404 3164; x_wconf 90' lang='lat' dir='ltr'><strong>illo</strong></span> <span class='ocrx_word' id='word_1_448' title='bbox 1437 3109 1526 3164; x_wconf 92' lang='lat' dir='ltr'><strong>die</strong></span> <span class='ocrx_word' id='word_1_449' title='bbox 1556 3125 1659 3163; x_wconf 90' lang='lat' dir='ltr'><strong>una</strong></span> <span class='ocrx_word' id='word_1_450' title='bbox 1685 3109 2019 3165; x_wconf 83' lang='lat' dir='ltr'><strong>consultarui</strong></span> 
     </span>
    </p>
   </div>
   <div class='ocr_carea' id='block_1_60' title="bbox 2193 3107 3695 3188">
    <p class='ocr_par' dir='ltr' id='par_1_60' title="bbox 2193 3111 3695 3188">
     <span class='ocr_line' id='line_1_60' title="bbox 2193 3111 3695 3188; baseline -0.003 -17"><span class='ocrx_word' id='word_1_451' title='bbox 2193 3117 2284 3188; x_wconf 73' lang='grc' dir='ltr'>οὐχ</span> <span class='ocrx_word' id='word_1_452' title='bbox 2312 3115 2479 3185; x_wconf 83' lang='grc' dir='ltr'>ὑγιῶς</span> <span class='ocrx_word' id='word_1_453' title='bbox 2513 3114 2839 3180; x_wconf 88' lang='grc' dir='ltr'>ἀκούσαντες</span> <span class='ocrx_word' id='word_1_454' title='bbox 2863 3118 2912 3169; x_wconf 73' lang='grc' dir='ltr'>οἱ</span> <span class='ocrx_word' id='word_1_455' title='bbox 2934 3116 3216 3188; x_wconf 85' lang='grc' dir='ltr'>Φαρισαῖοι</span> <span class='ocrx_word' id='word_1_456' title='bbox 3246 3114 3343 3168; x_wconf 71' lang='grc' dir='ltr'><strong>κει)⁸</strong></span> <span class='ocrx_word' id='word_1_457' title='bbox 3377 3114 3426 3167; x_wconf 88' lang='grc' dir='ltr'>οἱ</span> <span class='ocrx_word' id='word_1_458' title='bbox 3453 3111 3695 3184; x_wconf 75' lang='grc' dir='ltr'>ἀρχιερεῖς.</span> 
     </span>
    </p>
   </div>
   <div class='ocr_carea' id='block_1_61' title="bbox 513 3196 2015 3288">
    <p class='ocr_par' dir='ltr' id='par_1_61' title="bbox 513 3196 2015 3271">
     <span class='ocr_line' id='line_1_61' title="bbox 513 3196 2015 3271; baseline 0.002 -19"><span class='ocrx_word' id='word_1_459' title='bbox 513 3208 574 3253; x_wconf 87' lang='grc' dir='ltr'><strong>ιιι</strong></span> <span class='ocrx_word' id='word_1_460' title='bbox 609 3196 795 3255; x_wconf 82' lang='lat' dir='ltr'><strong>Jesum</strong></span> <span class='ocrx_word' id='word_1_461' title='bbox 843 3199 1238 3257; x_wconf 85' lang='lat' dir='ltr'><strong>interficerent.</strong></span> <span class='ocrx_word' id='word_1_462' title='bbox 1287 3198 1412 3255; x_wconf 63' lang='lat' dir='ltr'><strong>llaec</strong></span> <span class='ocrx_word' id='word_1_463' title='bbox 1451 3209 1632 3255; x_wconf 90' lang='lat' dir='ltr'><strong>autem</strong></span> <span class='ocrx_word' id='word_1_464' title='bbox 1682 3200 1806 3256; x_wconf 90' lang='lat' dir='ltr'><strong>dico</strong></span> <span class='ocrx_word' id='word_1_465' title='bbox 1852 3216 2015 3271; x_wconf 86' lang='lat' dir='ltr'><strong>seque</strong></span> 
     </span>
    </p>
   </div>
   <div class='ocr_carea' id='block_1_62' title="bbox 2192 3196 3694 3288">
    <p class='ocr_par' dir='ltr' id='par_1_62' title="bbox 2192 3200 3694 3278">
     <span class='ocr_line' id='line_1_62' title="bbox 2192 3200 3694 3278; baseline -0.005 -15"><span class='ocrx_word' id='word_1_466' title='bbox 2192 3207 2325 3263; x_wconf 83' lang='grc' dir='ltr'><strong>ἀλλά</strong></span> <span class='ocrx_word' id='word_1_467' title='bbox 2360 3206 2518 3261; x_wconf 81' lang='grc' dir='ltr'>ἄλλον</span> <span class='ocrx_word' id='word_1_468' title='bbox 2543 3205 2667 3261; x_wconf 82' lang='grc' dir='ltr'>νοῦν</span> <span class='ocrx_word' id='word_1_469' title='bbox 2704 3207 3025 3278; x_wconf 90' lang='grc' dir='ltr'>νομίσαντες</span> <span class='ocrx_word' id='word_1_470' title='bbox 3071 3200 3211 3259; x_wconf 78' lang='grc' dir='ltr'>εἴναι</span> <span class='ocrx_word' id='word_1_471' title='bbox 3235 3205 3379 3259; x_wconf 83' lang='grc' dir='ltr'><strong>κατά</strong></span> <span class='ocrx_word' id='word_1_472' title='bbox 3408 3204 3465 3258; x_wconf 85' lang='grc' dir='ltr'><strong>τὸ</strong></span> <span class='ocrx_word' id='word_1_473' title='bbox 3506 3202 3694 3272; x_wconf 59' lang='grc' dir='ltr'>βούλημα</span> 
     </span>
    </p>
   </div>
   <div class='ocr_carea' id='block_1_63' title="bbox 510 3291 2012 3369">
    <p class='ocr_par' dir='ltr' id='par_1_63' title="bbox 510 3291 2009 3362">
     <span class='ocr_line' id='line_1_63' title="bbox 510 3291 2009 3362; baseline -0.001 -14"><span class='ocrx_word' id='word_1_474' title='bbox 510 3291 657 3348; x_wconf 83' lang='lat' dir='ltr'><strong>hanc</strong></span> <span class='ocrx_word' id='word_1_475' title='bbox 690 3291 1137 3362; x_wconf 74' lang='lat' dir='ltr'><strong>intelligentiam,</strong></span> <span class='ocrx_word' id='word_1_476' title='bbox 1196 3300 1257 3347; x_wconf 91' lang='lat' dir='ltr'><strong>ut</strong></span> <span class='ocrx_word' id='word_1_477' title='bbox 1306 3291 1547 3362; x_wconf 85' lang='lat' dir='ltr'><strong>Spiritus</strong></span> <span class='ocrx_word' id='word_1_478' title='bbox 1603 3302 1828 3349; x_wconf 88' lang='lat' dir='ltr'><strong>sanctus</strong></span> <span class='ocrx_word' id='word_1_479' title='bbox 1879 3293 1951 3348; x_wconf 89' lang='lat' dir='ltr'><strong>sit</strong></span> <span class='ocrx_word' id='word_1_480' title='bbox 1995 3294 2009 3348; x_wconf 93' lang='lat' dir='ltr'><strong>i</strong></span> 
     </span>
    </p>
   </div>
   <div class='ocr_carea' id='block_1_64' title="bbox 2195 3291 3697 3369">
    <p class='ocr_par' dir='ltr' id='par_1_64' title="bbox 2195 3294 3697 3369">
     <span class='ocr_line' id='line_1_64' title="bbox 2195 3294 3697 3369; baseline -0.007 -18"><span class='ocrx_word' id='word_1_481' title='bbox 2195 3299 2285 3369; x_wconf 79' lang='grc' dir='ltr'><strong>τῆς</strong></span> <span class='ocrx_word' id='word_1_482' title='bbox 2309 3296 2405 3350; x_wconf 90' lang='grc' dir='ltr'><strong>τοῦ</strong></span> <span class='ocrx_word' id='word_1_483' title='bbox 2432 3296 2656 3366; x_wconf 82' lang='grc' dir='ltr'>Καῖάφα</span> <span class='ocrx_word' id='word_1_484' title='bbox 2682 3295 2992 3367; x_wconf 80' lang='grc' dir='ltr'>συμϐουλῆς</span> <span class='ocrx_word' id='word_1_485' title='bbox 3042 3295 3177 3368; x_wconf 84' lang='grc'>(56),</span> <span class='ocrx_word' id='word_1_486' title='bbox 3219 3296 3315 3349; x_wconf 76' lang='grc' dir='ltr'>ἀπ’</span> <span class='ocrx_word' id='word_1_487' title='bbox 3374 3294 3568 3361; x_wconf 75' lang='grc' dir='ltr'>ἐκείνης</span> <span class='ocrx_word' id='word_1_488' title='bbox 3612 3306 3697 3341; x_wconf 67' lang='grc' dir='ltr'>σιν-</span> 
     </span>
    </p>
   </div>
   <div class='ocr_carea' id='block_1_65' title="bbox 514 3382 2016 3461">
    <p class='ocr_par' dir='ltr' id='par_1_65' title="bbox 514 3384 2016 3456">
     <span class='ocr_line' id='line_1_65' title="bbox 514 3384 2016 3456; baseline 0.002 -19"><span class='ocrx_word' id='word_1_489' title='bbox 514 3385 609 3453; x_wconf 93' lang='lat' dir='ltr'><strong>qui</strong></span> <span class='ocrx_word' id='word_1_490' title='bbox 642 3384 986 3455; x_wconf 85' lang='lat' dir='ltr'><strong>prophetarit</strong></span> <span class='ocrx_word' id='word_1_491' title='bbox 1033 3384 1087 3439; x_wconf 90' lang='lat' dir='ltr'><strong>in</strong></span> <span class='ocrx_word' id='word_1_492' title='bbox 1127 3384 1363 3456; x_wconf 88' lang='lat' dir='ltr'><strong>Caiapha</strong></span> <span class='ocrx_word' id='word_1_493' title='bbox 1399 3403 1413 3437; x_wconf 91' lang='lat'><strong>:</strong></span> <span class='ocrx_word' id='word_1_494' title='bbox 1445 3400 1551 3439; x_wconf 93' lang='lat' dir='ltr'><strong>non</strong></span> <span class='ocrx_word' id='word_1_495' title='bbox 1604 3384 1833 3441; x_wconf 91' lang='lat' dir='ltr'><strong>omnino</strong></span> <span class='ocrx_word' id='word_1_496' title='bbox 1879 3388 2016 3441; x_wconf 80' lang='lat' dir='ltr'><strong>conti</strong></span> 
     </span>
    </p>
   </div>
   <div class='ocr_carea' id='block_1_66' title="bbox 2192 3382 3694 3461">
    <p class='ocr_par' dir='ltr' id='par_1_66' title="bbox 2192 3382 3694 3461">
     <span class='ocr_line' id='line_1_66' title="bbox 2192 3382 3694 3461; baseline -0.007 -19"><span class='ocrx_word' id='word_1_497' title='bbox 2192 3388 2572 3443; x_wconf 80' lang='grc' dir='ltr'>εὸουλεύσαντο</span> <span class='ocrx_word' id='word_1_498' title='bbox 2614 3391 2713 3458; x_wconf 80' lang='grc' dir='ltr'><strong>τῆς</strong></span> <span class='ocrx_word' id='word_1_499' title='bbox 2749 3387 2983 3461; x_wconf 81' lang='grc' dir='ltr'>ἡμέρας,</span> <span class='ocrx_word' id='word_1_500' title='bbox 3027 3388 3113 3441; x_wconf 82' lang='grc' dir='ltr'>ἵνα</span> <span class='ocrx_word' id='word_1_501' title='bbox 3145 3388 3500 3441; x_wconf 84' lang='grc' dir='ltr'>ἀποκτείνωσι</span> <span class='ocrx_word' id='word_1_502' title='bbox 3525 3384 3599 3437; x_wconf 76' lang='grc' dir='ltr'>τὸν</span> <span class='ocrx_word' id='word_1_503' title='bbox 3624 3382 3694 3449; x_wconf 66' lang='lat' dir='ltr'><strong>&#39;lr;</strong></span> 
     </span>
    </p>
   </div>
   <div class='ocr_carea' id='block_1_67' title="bbox 516 3468 2018 3549">
    <p class='ocr_par' dir='ltr' id='par_1_67' title="bbox 516 3468 2018 3546">
     <span class='ocr_line' id='line_1_67' title="bbox 516 3468 2018 3546; baseline 0.002 -20"><span class='ocrx_word' id='word_1_504' title='bbox 516 3486 673 3529; x_wconf 90' lang='lat' dir='ltr'><strong>mans</strong></span> <span class='ocrx_word' id='word_1_505' title='bbox 698 3474 804 3530; x_wconf 83' lang='lat' dir='ltr'><strong>hoc</strong></span> <span class='ocrx_word' id='word_1_506' title='bbox 835 3475 908 3529; x_wconf 88' lang='lat' dir='ltr'><strong>ita</strong></span> <span class='ocrx_word' id='word_1_507' title='bbox 955 3489 1017 3531; x_wconf 89' lang='lat' dir='ltr'><strong>se</strong></span> <span class='ocrx_word' id='word_1_508' title='bbox 1061 3468 1287 3541; x_wconf 87' lang='lat' dir='ltr'><strong>liabere,</strong></span> <span class='ocrx_word' id='word_1_509' title='bbox 1340 3476 1437 3530; x_wconf 90' lang='lat' dir='ltr'><strong>sed</strong></span> <span class='ocrx_word' id='word_1_510' title='bbox 1481 3474 1775 3532; x_wconf 83' lang='lat' dir='ltr'><strong>lectoribus</strong></span> <span class='ocrx_word' id='word_1_511' title='bbox 1816 3475 2018 3546; x_wconf 86' lang='lat' dir='ltr'><strong>judiciu</strong></span> 
     </span>
    </p>
   </div>
   <div class='ocr_carea' id='block_1_68' title="bbox 2193 3468 3695 3549">
    <p class='ocr_par' dir='ltr' id='par_1_68' title="bbox 2193 3468 3695 3549">
     <span class='ocr_line' id='line_1_68' title="bbox 2193 3468 3695 3549; baseline -0.007 -15"><span class='ocrx_word' id='word_1_512' title='bbox 2193 3479 2332 3534; x_wconf 63' lang='grc' dir='ltr'>νοῦν.</span> <span class='ocrx_word' id='word_1_513' title='bbox 2370 3478 2554 3533; x_wconf 87' lang='grc' dir='ltr'>Ταῦτα</span> <span class='ocrx_word' id='word_1_514' title='bbox 2585 3478 2642 3531; x_wconf 86' lang='grc' dir='ltr'><strong>δέ</strong></span> <span class='ocrx_word' id='word_1_515' title='bbox 2668 3496 2809 3549; x_wconf 86' lang='grc' dir='ltr'>φημι</span> <span class='ocrx_word' id='word_1_516' title='bbox 2839 3477 2978 3532; x_wconf 86' lang='grc' dir='ltr'><strong>κατά</strong></span> <span class='ocrx_word' id='word_1_517' title='bbox 3008 3479 3069 3534; x_wconf 83' lang='grc' dir='ltr'>τὸ</span> <span class='ocrx_word' id='word_1_518' title='bbox 3093 3478 3385 3533; x_wconf 80' lang='grc' dir='ltr'>ἀκόλουθον</span> <span class='ocrx_word' id='word_1_519' title='bbox 3410 3480 3474 3548; x_wconf 79' lang='grc' dir='ltr'>τῇ</span> <span class='ocrx_word' id='word_1_520' title='bbox 3504 3474 3608 3545; x_wconf 77' lang='grc' dir='ltr'>περὶ</span> <span class='ocrx_word' id='word_1_521' title='bbox 3633 3468 3695 3522; x_wconf 71' lang='grc' dir='ltr'><strong>τοῦ</strong></span> 
     </span>
    </p>
   </div>
   <div class='ocr_carea' id='block_1_69' title="bbox 512 3561 2014 3639">
    <p class='ocr_par' dir='ltr' id='par_1_69' title="bbox 512 3562 2014 3637">
     <span class='ocr_line' id='line_1_69' title="bbox 512 3562 2014 3637; baseline 0.003 -20"><span class='ocrx_word' id='word_1_522' title='bbox 512 3562 833 3634; x_wconf 85' lang='lat' dir='ltr'><strong>relinquens</strong></span> <span class='ocrx_word' id='word_1_523' title='bbox 859 3576 1039 3620; x_wconf 87' lang='lat' dir='ltr'><strong>utrum</strong></span> <span class='ocrx_word' id='word_1_524' title='bbox 1064 3566 1277 3621; x_wconf 88' lang='lat' dir='ltr'><strong>admitti</strong></span> <span class='ocrx_word' id='word_1_525' title='bbox 1314 3575 1569 3636; x_wconf 88' lang='lat' dir='ltr'><strong>oporteat</strong></span> <span class='ocrx_word' id='word_1_526' title='bbox 1589 3566 1656 3622; x_wconf 92' lang='lat' dir='ltr'><strong>de</strong></span> <span class='ocrx_word' id='word_1_527' title='bbox 1684 3565 1919 3637; x_wconf 88' lang='lat' dir='ltr'><strong>Caiapha</strong></span> <span class='ocrx_word' id='word_1_528' title='bbox 1940 3581 2014 3636; x_wconf 89' lang='lat' dir='ltr'><strong>qu</strong></span> 
     </span>
    </p>
   </div>
   <div class='ocr_carea' id='block_1_70' title="bbox 2192 3561 3694 3639">
    <p class='ocr_par' dir='ltr' id='par_1_70' title="bbox 2192 3561 3694 3639">
     <span class='ocr_line' id='line_1_70' title="bbox 2192 3561 3694 3639; baseline -0.007 -17"><span class='ocrx_word' id='word_1_529' title='bbox 2192 3567 2340 3636; x_wconf 65' lang='grc' dir='ltr'>ιγιον</span> <span class='ocrx_word' id='word_1_530' title='bbox 2366 3563 2504 3621; x_wconf 80' lang='grc' dir='ltr'>εἶναι</span> <span class='ocrx_word' id='word_1_531' title='bbox 2534 3567 2757 3639; x_wconf 88' lang='grc' dir='ltr'>Πνεῦμα</span> <span class='ocrx_word' id='word_1_532' title='bbox 2784 3566 2845 3620; x_wconf 86' lang='grc' dir='ltr'><strong>τδ</strong></span> <span class='ocrx_word' id='word_1_533' title='bbox 2871 3567 2960 3622; x_wconf 81' lang='grc' dir='ltr'>διὰ</span> <span class='ocrx_word' id='word_1_534' title='bbox 2992 3566 3085 3622; x_wconf 87' lang='grc' dir='ltr'><strong>τοῦ</strong></span> <span class='ocrx_word' id='word_1_535' title='bbox 3122 3568 3349 3638; x_wconf 84' lang='grc' dir='ltr'>Καῖάφα</span> <span class='ocrx_word' id='word_1_536' title='bbox 3379 3561 3694 3639; x_wconf 67' lang='grc' dir='ltr'>προφητεῦσαι</span> 
     </span>
    </p>
   </div>
   <div class='ocr_carea' id='block_1_71' title="bbox 509 3653 2011 3732">
    <p class='ocr_par' dir='ltr' id='par_1_71' title="bbox 509 3653 1703 3726">
     <span class='ocr_line' id='line_1_71' title="bbox 509 3653 1703 3726; baseline 0.008 -24"><span class='ocrx_word' id='word_1_537' title='bbox 509 3653 667 3722; x_wconf 83' lang='lat' dir='ltr'><strong>quasi</strong></span> <span class='ocrx_word' id='word_1_538' title='bbox 700 3663 918 3724; x_wconf 92' lang='lat' dir='ltr'><strong>repente</strong></span> <span class='ocrx_word' id='word_1_539' title='bbox 957 3656 1159 3726; x_wconf 79' lang='lat' dir='ltr'><strong>Spiritu</strong></span> <span class='ocrx_word' id='word_1_540' title='bbox 1188 3666 1381 3713; x_wconf 88' lang='lat' dir='ltr'><strong>sancto</strong></span> <span class='ocrx_word' id='word_1_541' title='bbox 1403 3656 1476 3713; x_wconf 92' lang='lat' dir='ltr'><strong>sit</strong></span> <span class='ocrx_word' id='word_1_542' title='bbox 1504 3666 1703 3713; x_wconf 89' lang='lat' dir='ltr'><strong>motus.</strong></span> 
     </span>
    </p>
   </div>
   <div class='ocr_carea' id='block_1_72' title="bbox 2190 3653 3692 3732">
    <p class='ocr_par' dir='ltr' id='par_1_72' title="bbox 2190 3654 3692 3732">
     <span class='ocr_line' id='line_1_72' title="bbox 2190 3654 3692 3732; baseline 0.001 -19"><span class='ocrx_word' id='word_1_543' title='bbox 2190 3658 2401 3729; x_wconf 76' lang='grc' dir='ltr'>ἐκδοχῇ,</span> <span class='ocrx_word' id='word_1_544' title='bbox 2429 3658 2488 3711; x_wconf 80' lang='grc' dir='ltr'><strong>οὐ</strong></span> <span class='ocrx_word' id='word_1_545' title='bbox 2521 3659 2737 3722; x_wconf 89' lang='grc' dir='ltr'>πάντως</span> <span class='ocrx_word' id='word_1_546' title='bbox 2767 3658 3029 3713; x_wconf 90' lang='grc' dir='ltr'>συνιστῶν</span> <span class='ocrx_word' id='word_1_547' title='bbox 3062 3659 3172 3732; x_wconf 86' lang='grc'>(57)</span> <span class='ocrx_word' id='word_1_548' title='bbox 3200 3660 3351 3713; x_wconf 85' lang='grc' dir='ltr'>τοῦθ’</span> <span class='ocrx_word' id='word_1_549' title='bbox 3380 3659 3540 3721; x_wconf 63' lang='grc' dir='ltr'>οὕτως</span> <span class='ocrx_word' id='word_1_550' title='bbox 3574 3654 3692 3725; x_wconf 79' lang='grc' dir='ltr'>ἔχεινι</span> 
     </span>
    </p>
   </div>
   <div class='ocr_carea' id='block_1_73' title="bbox 508 3745 3693 3827">
    <p class='ocr_par' dir='ltr' id='par_1_73' title="bbox 508 3745 3693 3827">
     <span class='ocr_line' id='line_1_73' title="bbox 508 3745 3693 3827; baseline 0.001 -23"><span class='ocrx_word' id='word_1_551' title='bbox 508 3749 646 3804; x_wconf 80' lang='grc' dir='ltr'><strong>ἀλλά</strong></span> <span class='ocrx_word' id='word_1_552' title='bbox 692 3750 1037 3805; x_wconf 85' lang='grc' dir='ltr'>καταλείπων</span> <span class='ocrx_word' id='word_1_553' title='bbox 1065 3753 1295 3817; x_wconf 80' lang='grc' dir='ltr'>καὶτοῖς</span> <span class='ocrx_word' id='word_1_554' title='bbox 1341 3752 1724 3824; x_wconf 75' lang='grc' dir='ltr'>ἐντυγχάνουσι</span> <span class='ocrx_word' id='word_1_555' title='bbox 1771 3752 1997 3825; x_wconf 89' lang='grc' dir='ltr'>κρίνειν,</span> <span class='ocrx_word' id='word_1_556' title='bbox 2052 3754 2309 3826; x_wconf 85' lang='grc' dir='ltr'>ὁπότερον</span> <span class='ocrx_word' id='word_1_557' title='bbox 2334 3753 2440 3825; x_wconf 88' lang='grc' dir='ltr'><strong>χρὴ</strong></span> <span class='ocrx_word' id='word_1_558' title='bbox 2497 3752 2901 3825; x_wconf 79' lang='grc' dir='ltr'>παραδέξασθαι</span> <span class='ocrx_word' id='word_1_559' title='bbox 2952 3754 3082 3827; x_wconf 77' lang='grc' dir='ltr'>περὶ</span> <span class='ocrx_word' id='word_1_560' title='bbox 3117 3754 3211 3808; x_wconf 87' lang='grc' dir='ltr'><strong>τοῦ</strong></span> <span class='ocrx_word' id='word_1_561' title='bbox 3260 3754 3500 3823; x_wconf 80' lang='grc' dir='ltr'>Καῖάφα,</span> <span class='ocrx_word' id='word_1_562' title='bbox 3538 3748 3611 3804; x_wconf 75' lang='grc' dir='ltr'><strong>καὶ</strong></span> <span class='ocrx_word' id='word_1_563' title='bbox 3641 3745 3693 3808; x_wconf 79' lang='grc' dir='ltr'><strong>ὡς</strong></span> 
     </span>
    </p>
   </div>
   <div class='ocr_carea' id='block_1_74' title="bbox 508 3843 3451 3920">
    <p class='ocr_par' dir='ltr' id='par_1_74' title="bbox 508 3843 3451 3920">
     <span class='ocr_line' id='line_1_74' title="bbox 508 3843 3451 3920; baseline 0.002 -21"><span class='ocrx_word' id='word_1_564' title='bbox 508 3845 617 3901; x_wconf 76' lang='grc' dir='ltr'><strong>ὑπὸ</strong></span> <span class='ocrx_word' id='word_1_565' title='bbox 653 3845 822 3911; x_wconf 77' lang='grc' dir='ltr'>πόδας</span> <span class='ocrx_word' id='word_1_566' title='bbox 851 3843 944 3900; x_wconf 90' lang='grc' dir='ltr'><strong>τοῦ</strong></span> <span class='ocrx_word' id='word_1_567' title='bbox 978 3846 1297 3919; x_wconf 86' lang='grc' dir='ltr'>Πνεύματος</span> <span class='ocrx_word' id='word_1_568' title='bbox 1319 3848 1701 3920; x_wconf 82' lang='grc' dir='ltr'>κεκινημένου.</span> <span class='ocrx_word' id='word_1_569' title='bbox 3448 3886 3451 3887; x_wconf 52' lang='grc' dir='ltr'><strong>ν</strong></span> 
     </span>
    </p>
   </div>
   <div class='ocr_carea' id='block_1_75' title="bbox 579 3933 2081 4014">
    <p class='ocr_par' dir='ltr' id='par_1_75' title="bbox 579 3937 2081 4013">
     <span class='ocr_line' id='line_1_75' title="bbox 579 3937 2081 4013; baseline 0.003 -19"><span class='ocrx_word' id='word_1_570' title='bbox 579 3937 690 3994; x_wconf 73' lang='grc' dir='ltr'><strong>18.ι</strong></span> <span class='ocrx_word' id='word_1_571' title='bbox 710 3938 867 3996; x_wconf 83' lang='lat' dir='ltr'><strong>Jesus</strong></span> <span class='ocrx_word' id='word_1_572' title='bbox 888 3956 1015 4012; x_wconf 88' lang='lat' dir='ltr'><strong>ergo</strong></span> <span class='ocrx_word' id='word_1_573' title='bbox 1031 3940 1143 4010; x_wconf 85' lang='lat' dir='ltr'><strong>jam</strong></span> <span class='ocrx_word' id='word_1_574' title='bbox 1170 3957 1273 3997; x_wconf 90' lang='lat' dir='ltr'><strong>non</strong></span> <span class='ocrx_word' id='word_1_575' title='bbox 1301 3944 1577 4013; x_wconf 88' lang='lat' dir='ltr'><strong>propalam</strong></span> <span class='ocrx_word' id='word_1_576' title='bbox 1600 3942 1912 3999; x_wconf 85' lang='lat' dir='ltr'><strong>ambulabat</strong></span> <span class='ocrx_word' id='word_1_577' title='bbox 1943 3946 2081 3999; x_wconf 89' lang='lat' dir='ltr'><strong>inter</strong></span> 
     </span>
    </p>
   </div>
   <div class='ocr_carea' id='block_1_76' title="bbox 2189 3933 3691 4014">
    <p class='ocr_par' dir='ltr' id='par_1_76' title="bbox 2265 3933 3691 4014">
     <span class='ocr_line' id='line_1_76' title="bbox 2265 3933 3691 4014; baseline -0.006 -19"><span class='ocrx_word' id='word_1_578' title='bbox 2265 3940 2348 3997; x_wconf 78' lang='grc'><strong>18.</strong></span> <span class='ocrx_word' id='word_1_579' title='bbox 2389 3959 2408 3992; x_wconf 82' lang='grc' dir='ltr'><strong>ι</strong></span> <span class='ocrx_word' id='word_1_580' title='bbox 2453 3940 2510 3995; x_wconf 89' lang='lat'><strong>&#39;0</strong></span> <span class='ocrx_word' id='word_1_581' title='bbox 2541 3936 2634 3995; x_wconf 82' lang='grc' dir='ltr'><strong>οῦν</strong></span> <span class='ocrx_word' id='word_1_582' title='bbox 2673 3940 2881 4014; x_wconf 87' lang='grc' dir='ltr'>Ἰησοῦς</span> <span class='ocrx_word' id='word_1_583' title='bbox 2904 3942 3086 3996; x_wconf 82' lang='grc' dir='ltr'>οὐκέτι</span> <span class='ocrx_word' id='word_1_584' title='bbox 3125 3942 3409 4014; x_wconf 73' lang='grc' dir='ltr'>παρρησίᾳ</span> <span class='ocrx_word' id='word_1_585' title='bbox 3440 3933 3691 4011; x_wconf 73' lang='grc' dir='ltr'>περιεπάτει</span> 
     </span>
    </p>
   </div>
   <div class='ocr_carea' id='block_1_77' title="bbox 506 4024 2008 4105">
    <p class='ocr_par' dir='ltr' id='par_1_77' title="bbox 506 4024 2008 4104">
     <span class='ocr_line' id='line_1_77' title="bbox 506 4024 2008 4104; baseline 0.003 -23"><span class='ocrx_word' id='word_1_586' title='bbox 506 4024 748 4095; x_wconf 74' lang='lat' dir='ltr'><strong>Judaeos,</strong></span> <span class='ocrx_word' id='word_1_587' title='bbox 793 4031 888 4085; x_wconf 87' lang='lat' dir='ltr'><strong>sed</strong></span> <span class='ocrx_word' id='word_1_588' title='bbox 934 4031 1069 4087; x_wconf 87' lang='lat' dir='ltr'><strong>abiit</strong></span> <span class='ocrx_word' id='word_1_589' title='bbox 1105 4031 1258 4088; x_wconf 90' lang='lat' dir='ltr'><strong>illinc</strong></span> <span class='ocrx_word' id='word_1_590' title='bbox 1293 4033 1346 4088; x_wconf 89' lang='lat' dir='ltr'><strong>in</strong></span> <span class='ocrx_word' id='word_1_591' title='bbox 1381 4033 1654 4104; x_wconf 84' lang='lat' dir='ltr'><strong>regionem</strong></span> <span class='ocrx_word' id='word_1_592' title='bbox 1687 4033 1906 4089; x_wconf 88' lang='lat' dir='ltr'><strong>deserto</strong></span> <span class='ocrx_word' id='word_1_593' title='bbox 1946 4034 2008 4087; x_wconf 51' lang='lat' dir='ltr'><strong>vi.</strong></span> 
     </span>
    </p>
   </div>
   <div class='ocr_carea' id='block_1_78' title="bbox 2188 4024 3690 4105">
    <p class='ocr_par' dir='ltr' id='par_1_78' title="bbox 2188 4026 3690 4105">
     <span class='ocr_line' id='line_1_78' title="bbox 2188 4026 3690 4105; baseline -0.007 -17"><span class='ocrx_word' id='word_1_594' title='bbox 2188 4034 2245 4088; x_wconf 78' lang='grc' dir='ltr'>ὲν</span> <span class='ocrx_word' id='word_1_595' title='bbox 2293 4035 2405 4096; x_wconf 88' lang='grc' dir='ltr'>τοῖς</span> <span class='ocrx_word' id='word_1_596' title='bbox 2450 4033 2724 4097; x_wconf 80' lang='grc' dir='ltr'>Ἰουδαίοις</span> <span class='ocrx_word' id='word_1_597' title='bbox 2750 4073 2766 4099; x_wconf 93' lang='grc'><strong>,</strong></span> <span class='ocrx_word' id='word_1_598' title='bbox 2815 4032 2951 4087; x_wconf 80' lang='grc' dir='ltr'>ἀλλὰ</span> <span class='ocrx_word' id='word_1_599' title='bbox 2997 4033 3237 4105; x_wconf 83' lang='grc' dir='ltr'>ἀπῆλθεν</span> <span class='ocrx_word' id='word_1_600' title='bbox 3283 4036 3367 4098; x_wconf 86' lang='grc' dir='ltr'>εἰς</span> <span class='ocrx_word' id='word_1_601' title='bbox 3419 4033 3511 4103; x_wconf 73' lang='grc' dir='ltr'><strong>τὴν</strong></span> <span class='ocrx_word' id='word_1_602' title='bbox 3560 4026 3690 4099; x_wconf 80' lang='grc' dir='ltr'>χώραν</span> 
     </span>
    </p>
   </div>
   <div class='ocr_carea' id='block_1_79' title="bbox 511 4114 2013 4199">
    <p class='ocr_par' dir='ltr' id='par_1_79' title="bbox 511 4121 2013 4197">
     <span class='ocr_line' id='line_1_79' title="bbox 511 4121 2013 4197; baseline 0.005 -22"><span class='ocrx_word' id='word_1_603' title='bbox 511 4136 659 4190; x_wconf 88' lang='lat' dir='ltr'><strong>nam,</strong></span> <span class='ocrx_word' id='word_1_604' title='bbox 717 4121 773 4177; x_wconf 89' lang='lat' dir='ltr'><strong>in</strong></span> <span class='ocrx_word' id='word_1_605' title='bbox 832 4122 1109 4178; x_wconf 87' lang='lat' dir='ltr'><strong>civitatem</strong></span> <span class='ocrx_word' id='word_1_606' title='bbox 1141 4139 1263 4194; x_wconf 73' lang='lat' dir='ltr'><strong>quae</strong></span> <span class='ocrx_word' id='word_1_607' title='bbox 1312 4126 1513 4181; x_wconf 90' lang='lat' dir='ltr'><strong>dicitur</strong></span> <span class='ocrx_word' id='word_1_608' title='bbox 1563 4125 1842 4197; x_wconf 82' lang='lat' dir='ltr'><strong>prraim,</strong></span> <span class='ocrx_word' id='word_1_609' title='bbox 1894 4128 2013 4197; x_wconf 87' lang='lat' dir='ltr'><strong>ibiq</strong></span> 
     </span>
    </p>
   </div>
   <div class='ocr_carea' id='block_1_80' title="bbox 2187 4114 3689 4199">
    <p class='ocr_par' dir='ltr' id='par_1_80' title="bbox 2187 4114 3689 4199">
     <span class='ocr_line' id='line_1_80' title="bbox 2187 4114 3689 4199; baseline -0.02 -3"><span class='ocrx_word' id='word_1_610' title='bbox 2187 4126 2350 4195; x_wconf 67' lang='grc' dir='ltr'>ἐγγὺς</span> <span class='ocrx_word' id='word_1_611' title='bbox 2374 4123 2474 4194; x_wconf 70' lang='grc' dir='ltr'><strong>τῆς</strong></span> <span class='ocrx_word' id='word_1_612' title='bbox 2498 4124 2728 4196; x_wconf 71' lang='grc' dir='ltr'>ἐρήμου,</span> <span class='ocrx_word' id='word_1_613' title='bbox 2755 4128 2831 4189; x_wconf 74' lang='grc' dir='ltr'>εἰς</span> <span class='ocrx_word' id='word_1_614' title='bbox 2867 4125 3105 4199; x_wconf 81' lang='grc' dir='ltr'>Ἐφραῖμ</span> <span class='ocrx_word' id='word_1_615' title='bbox 3135 4126 3430 4198; x_wconf 83' lang='grc' dir='ltr'>λεγομένην</span> <span class='ocrx_word' id='word_1_616' title='bbox 3457 4123 3603 4185; x_wconf 82' lang='grc' dir='ltr'>πόλιν,</span> <span class='ocrx_word' id='word_1_617' title='bbox 3626 4114 3689 4170; x_wconf 66' lang='grc' dir='ltr'><strong>καὶ</strong></span> 
     </span>
    </p>
   </div>
   <div class='ocr_carea' id='block_1_81' title="bbox 506 4204 2008 4291">
    <p class='ocr_par' dir='ltr' id='par_1_81' title="bbox 506 4217 2007 4291">
     <span class='ocr_line' id='line_1_81' title="bbox 506 4217 2007 4291; baseline 0.006 -23"><span class='ocrx_word' id='word_1_618' title='bbox 506 4217 833 4273; x_wconf 84' lang='lat' dir='ltr'><strong>versabatur</strong></span> <span class='ocrx_word' id='word_1_619' title='bbox 861 4234 986 4275; x_wconf 89' lang='lat' dir='ltr'><strong>cum</strong></span> <span class='ocrx_word' id='word_1_620' title='bbox 1038 4220 1322 4291; x_wconf 87' lang='lat' dir='ltr'><strong>discipulis</strong></span> <span class='ocrx_word' id='word_1_621' title='bbox 1357 4223 1471 4277; x_wconf 89' lang='lat' dir='ltr'><strong>suis</strong></span> <span class='ocrx_word' id='word_1_622' title='bbox 1512 4221 1580 4278; x_wconf 80' lang='grc'><strong>⁸⁸,</strong></span> <span class='ocrx_word' id='word_1_623' title='bbox 1612 4240 1631 4274; x_wconf 85' lang='grc' dir='ltr'><strong>ι</strong></span> <span class='ocrx_word' id='word_1_624' title='bbox 1692 4222 1816 4278; x_wconf 67' lang='lat' dir='ltr'><strong>Haec</strong></span> <span class='ocrx_word' id='word_1_625' title='bbox 1875 4232 1931 4277; x_wconf 91' lang='lat' dir='ltr'><strong>et</strong></span> <span class='ocrx_word' id='word_1_626' title='bbox 1993 4225 2007 4277; x_wconf 89' lang='grc' dir='ltr'><strong>Ι</strong></span> 
     </span>
    </p>
   </div>
   <div class='ocr_carea' id='block_1_82' title="bbox 2186 4204 3688 4291">
    <p class='ocr_par' dir='ltr' id='par_1_82' title="bbox 2186 4204 3688 4290">
     <span class='ocr_line' id='line_1_82' title="bbox 2186 4204 3688 4290; baseline -0.007 -19"><span class='ocrx_word' id='word_1_627' title='bbox 2186 4216 2296 4271; x_wconf 75' lang='grc' dir='ltr'>ἐκεῖ</span> <span class='ocrx_word' id='word_1_628' title='bbox 2347 4216 2527 4288; x_wconf 80' lang='grc' dir='ltr'>ἔμεινε</span> <span class='ocrx_word' id='word_1_629' title='bbox 2575 4216 2713 4290; x_wconf 87' lang='grc' dir='ltr'><strong>μετά</strong></span> <span class='ocrx_word' id='word_1_630' title='bbox 2758 4216 2866 4270; x_wconf 91' lang='grc' dir='ltr'><strong>τῶν</strong></span> <span class='ocrx_word' id='word_1_631' title='bbox 2920 4216 3193 4287; x_wconf 86' lang='grc' dir='ltr'>μαθητῶν.</span> <span class='ocrx_word' id='word_1_632' title='bbox 3252 4236 3271 4269; x_wconf 79' lang='grc' dir='ltr'><strong>ι</strong></span> <span class='ocrx_word' id='word_1_633' title='bbox 3302 4216 3480 4271; x_wconf 88' lang='grc' dir='ltr'>Ταῦτα</span> <span class='ocrx_word' id='word_1_634' title='bbox 3524 4211 3601 4266; x_wconf 75' lang='grc' dir='ltr'><strong>καὶ</strong></span> <span class='ocrx_word' id='word_1_635' title='bbox 3644 4204 3688 4257; x_wconf 65' lang='grc' dir='ltr'>τὲ</span> 
     </span>
    </p>
   </div>
   <div class='ocr_carea' id='block_1_83' title="bbox 503 4296 2005 4381">
    <p class='ocr_par' dir='ltr' id='par_1_83' title="bbox 503 4307 2005 4380">
     <span class='ocr_line' id='line_1_83' title="bbox 503 4307 2005 4380; baseline 0.005 -18"><span class='ocrx_word' id='word_1_636' title='bbox 503 4307 704 4363; x_wconf 78' lang='lat' dir='ltr'><strong>similia</strong></span> <span class='ocrx_word' id='word_1_637' title='bbox 766 4309 966 4380; x_wconf 87' lang='lat' dir='ltr'><strong>scripta</strong></span> <span class='ocrx_word' id='word_1_638' title='bbox 1028 4310 1197 4366; x_wconf 81' lang='lat' dir='ltr'><strong>fuisse</strong></span> <span class='ocrx_word' id='word_1_639' title='bbox 1235 4326 1470 4377; x_wconf 89' lang='lat' dir='ltr'><strong>censeo,</strong></span> <span class='ocrx_word' id='word_1_640' title='bbox 1526 4312 1741 4369; x_wconf 85' lang='lat' dir='ltr'><strong>volente</strong></span> <span class='ocrx_word' id='word_1_641' title='bbox 1792 4313 1919 4370; x_wconf 85' lang='lat' dir='ltr'><strong>Jesu</strong></span> <span class='ocrx_word' id='word_1_642' title='bbox 1980 4331 2005 4369; x_wconf 81' lang='grc' dir='ltr'><strong>ιι</strong></span> 
     </span>
    </p>
   </div>
   <div class='ocr_carea' id='block_1_84' title="bbox 2185 4296 3687 4381">
    <p class='ocr_par' dir='ltr' id='par_1_84' title="bbox 2185 4296 3687 4381">
     <span class='ocr_line' id='line_1_84' title="bbox 2185 4296 3687 4381; baseline 0.005 -20"><span class='ocrx_word' id='word_1_643' title='bbox 2185 4307 2390 4372; x_wconf 85' lang='grc' dir='ltr'>τούτοις</span> <span class='ocrx_word' id='word_1_644' title='bbox 2418 4308 2775 4381; x_wconf 85' lang='grc' dir='ltr'>παραπλήσια</span> <span class='ocrx_word' id='word_1_645' title='bbox 2805 4308 3217 4381; x_wconf 87' lang='grc' dir='ltr'>ἀναγεγράφθαι</span> <span class='ocrx_word' id='word_1_646' title='bbox 3241 4310 3463 4381; x_wconf 80' lang='grc' dir='ltr'>νομίζω,</span> <span class='ocrx_word' id='word_1_647' title='bbox 3489 4296 3687 4376; x_wconf 70' lang='grc' dir='ltr'><strong>βουλομέ“</strong></span> 
     </span>
    </p>
   </div>
   <div class='ocr_carea' id='block_1_85' title="bbox 505 4396 2007 4473">
    <p class='ocr_par' dir='ltr' id='par_1_85' title="bbox 505 4397 2007 4464">
     <span class='ocr_line' id='line_1_85' title="bbox 505 4397 2007 4464; baseline 0.005 -13"><span class='ocrx_word' id='word_1_648' title='bbox 505 4397 813 4464; x_wconf 83' lang='lat' dir='ltr'><strong>advertere,</strong></span> <span class='ocrx_word' id='word_1_649' title='bbox 841 4415 909 4455; x_wconf 93' lang='lat' dir='ltr'><strong>ne</strong></span> <span class='ocrx_word' id='word_1_650' title='bbox 930 4400 1248 4456; x_wconf 86' lang='lat' dir='ltr'><strong>iracundius</strong></span> <span class='ocrx_word' id='word_1_651' title='bbox 1276 4418 1339 4457; x_wconf 89' lang='lat' dir='ltr'><strong>ac</strong></span> <span class='ocrx_word' id='word_1_652' title='bbox 1370 4403 1832 4460; x_wconf 84' lang='lat' dir='ltr'><strong>inconsideratius</strong></span> <span class='ocrx_word' id='word_1_653' title='bbox 1866 4406 2007 4461; x_wconf 90' lang='lat' dir='ltr'><strong>insili</strong></span> 
     </span>
    </p>
   </div>
   <div class='ocr_carea' id='block_1_86' title="bbox 2184 4396 3686 4473">
    <p class='ocr_par' dir='ltr' id='par_1_86' title="bbox 2184 4396 3686 4473">
     <span class='ocr_line' id='line_1_86' title="bbox 2184 4396 3686 4473; baseline -0.002 -20"><span class='ocrx_word' id='word_1_654' title='bbox 2184 4417 2273 4454; x_wconf 93' lang='grc' dir='ltr'><strong>νου</strong></span> <span class='ocrx_word' id='word_1_655' title='bbox 2306 4399 2400 4453; x_wconf 89' lang='grc' dir='ltr'><strong>τοῦ</strong></span> <span class='ocrx_word' id='word_1_656' title='bbox 2426 4400 2599 4469; x_wconf 79' lang='grc' dir='ltr'>Λόγου</span> <span class='ocrx_word' id='word_1_657' title='bbox 2621 4400 2966 4472; x_wconf 78' lang='grc' dir='ltr'>ἐπιστρέφειν</span> <span class='ocrx_word' id='word_1_658' title='bbox 2990 4403 3136 4473; x_wconf 80' lang='grc' dir='ltr'>ἡμᾶς</span> <span class='ocrx_word' id='word_1_659' title='bbox 3157 4401 3267 4455; x_wconf 85' lang='grc' dir='ltr'><strong>ἀπὸ</strong></span> <span class='ocrx_word' id='word_1_660' title='bbox 3294 4404 3391 4455; x_wconf 85' lang='grc' dir='ltr'><strong>τοῦ</strong></span> <span class='ocrx_word' id='word_1_661' title='bbox 3429 4396 3686 4470; x_wconf 77' lang='grc' dir='ltr'>θερμότερον</span> 
     </span>
    </p>
   </div>
   <div class='ocr_carea' id='block_1_87' title="bbox 506 4480 2008 4565">
    <p class='ocr_par' dir='ltr' id='par_1_87' title="bbox 506 4490 2008 4565">
     <span class='ocr_line' id='line_1_87' title="bbox 506 4490 2008 4565; baseline 0.008 -24"><span class='ocrx_word' id='word_1_662' title='bbox 506 4504 629 4543; x_wconf 78' lang='lat' dir='ltr'><strong>inus</strong></span> <span class='ocrx_word' id='word_1_663' title='bbox 658 4490 712 4544; x_wconf 91' lang='lat' dir='ltr'><strong>in</strong></span> <span class='ocrx_word' id='word_1_664' title='bbox 740 4502 1017 4548; x_wconf 90' lang='lat' dir='ltr'><strong>certamen</strong></span> <span class='ocrx_word' id='word_1_665' title='bbox 1046 4494 1238 4549; x_wconf 87' lang='lat' dir='ltr'><strong>mortis</strong></span> <span class='ocrx_word' id='word_1_666' title='bbox 1263 4535 1279 4560; x_wconf 91' lang='lat'><strong>,</strong></span> <span class='ocrx_word' id='word_1_667' title='bbox 1310 4512 1407 4565; x_wconf 84' lang='lat' dir='ltr'><strong>pro</strong></span> <span class='ocrx_word' id='word_1_668' title='bbox 1441 4498 1668 4553; x_wconf 88' lang='lat' dir='ltr'><strong>veritate</strong></span> <span class='ocrx_word' id='word_1_669' title='bbox 1702 4499 2008 4554; x_wconf 89' lang='lat' dir='ltr'><strong>testimoniu</strong></span> 
     </span>
    </p>
   </div>
   <div class='ocr_carea' id='block_1_88' title="bbox 2182 4480 3684 4565">
    <p class='ocr_par' dir='ltr' id='par_1_88' title="bbox 2182 4480 3684 4565">
     <span class='ocr_line' id='line_1_88' title="bbox 2182 4480 3684 4565; baseline -0.003 -21"><span class='ocrx_word' id='word_1_670' title='bbox 2182 4492 2274 4544; x_wconf 73' lang='grc' dir='ltr'><strong>καὶ</strong></span> <span class='ocrx_word' id='word_1_671' title='bbox 2303 4491 2711 4563; x_wconf 79' lang='grc' dir='ltr'>ἀλογιστὸτερον</span> <span class='ocrx_word' id='word_1_672' title='bbox 2744 4493 3013 4564; x_wconf 75' lang='grc' dir='ltr'>ὲπιπηδᾷν</span> <span class='ocrx_word' id='word_1_673' title='bbox 3046 4492 3122 4565; x_wconf 81' lang='grc' dir='ltr'>τῷ</span> <span class='ocrx_word' id='word_1_674' title='bbox 3142 4493 3246 4557; x_wconf 75' lang='grc' dir='ltr'><strong>ἕως</strong></span> <span class='ocrx_word' id='word_1_675' title='bbox 3276 4493 3371 4547; x_wconf 85' lang='grc' dir='ltr'><strong>τοῦ</strong></span> <span class='ocrx_word' id='word_1_676' title='bbox 3398 4490 3595 4545; x_wconf 74' lang='grc' dir='ltr'>θανάτου</span> <span class='ocrx_word' id='word_1_677' title='bbox 3606 4480 3684 4554; x_wconf 75' lang='grc'>(58)</span> 
     </span>
    </p>
   </div>
   <div class='ocr_carea' id='block_1_89' title="bbox 503 4578 2005 4658">
    <p class='ocr_par' dir='ltr' id='par_1_89' title="bbox 503 4578 2003 4658">
     <span class='ocr_line' id='line_1_89' title="bbox 503 4578 2003 4658; baseline 0.009 -26"><span class='ocrx_word' id='word_1_678' title='bbox 503 4578 808 4648; x_wconf 70' lang='lat' dir='ltr'><strong>praebituri.</strong></span> <span class='ocrx_word' id='word_1_679' title='bbox 841 4582 1058 4639; x_wconf 87' lang='lat' dir='ltr'><strong>Etenim</strong></span> <span class='ocrx_word' id='word_1_680' title='bbox 1089 4584 1372 4641; x_wconf 87' lang='lat' dir='ltr'><strong>honestum</strong></span> <span class='ocrx_word' id='word_1_681' title='bbox 1404 4590 1622 4658; x_wconf 87' lang='lat' dir='ltr'><strong>quidem</strong></span> <span class='ocrx_word' id='word_1_682' title='bbox 1650 4600 1752 4654; x_wconf 88' lang='lat' dir='ltr'><strong>est,</strong></span> <span class='ocrx_word' id='word_1_683' title='bbox 1785 4590 1829 4645; x_wconf 90' lang='lat' dir='ltr'><strong>si</strong></span> <span class='ocrx_word' id='word_1_684' title='bbox 1859 4589 2003 4645; x_wconf 89' lang='lat' dir='ltr'><strong>incid</strong></span> 
     </span>
    </p>
   </div>
   <div class='ocr_carea' id='block_1_90' title="bbox 2178 4578 3680 4658">
    <p class='ocr_par' dir='ltr' id='par_1_90' title="bbox 2178 4582 3680 4657">
     <span class='ocr_line' id='line_1_90' title="bbox 2178 4582 3680 4657; baseline -0.003 -21"><span class='ocrx_word' id='word_1_685' title='bbox 2178 4582 2541 4652; x_wconf 75' lang='grc' dir='ltr'>ἀγωνίζεσθαι</span> <span class='ocrx_word' id='word_1_686' title='bbox 2572 4583 2701 4654; x_wconf 76' lang='grc' dir='ltr'>περὶ</span> <span class='ocrx_word' id='word_1_687' title='bbox 2725 4583 2826 4654; x_wconf 82' lang='grc' dir='ltr'>τῆς</span> <span class='ocrx_word' id='word_1_688' title='bbox 2855 4584 3133 4655; x_wconf 86' lang='grc' dir='ltr'>ἀληθείας,</span> <span class='ocrx_word' id='word_1_689' title='bbox 3169 4585 3261 4638; x_wconf 75' lang='grc' dir='ltr'><strong>καὶ</strong></span> <span class='ocrx_word' id='word_1_690' title='bbox 3290 4583 3588 4657; x_wconf 86' lang='grc' dir='ltr'>μαρτυρεῖν·</span> <span class='ocrx_word' id='word_1_691' title='bbox 3614 4591 3680 4627; x_wconf 77' lang='grc' dir='ltr'><strong>κα·</strong></span> 
     </span>
    </p>
   </div>
   <div class='ocr_carea' id='block_1_91' title="bbox 503 4665 2005 4756">
    <p class='ocr_par' dir='ltr' id='par_1_91' title="bbox 503 4670 2005 4756">
     <span class='ocr_line' id='line_1_91' title="bbox 503 4670 2005 4756; baseline 0.01 -36"><span class='ocrx_word' id='word_1_692' title='bbox 503 4670 574 4720; x_wconf 89' lang='lat' dir='ltr'><strong>rit</strong></span> <span class='ocrx_word' id='word_1_693' title='bbox 602 4678 880 4726; x_wconf 86' lang='lat' dir='ltr'><strong>certamen</strong></span> <span class='ocrx_word' id='word_1_694' title='bbox 911 4687 1010 4742; x_wconf 89' lang='lat' dir='ltr'><strong>pro</strong></span> <span class='ocrx_word' id='word_1_695' title='bbox 1045 4674 1352 4756; x_wconf 81' lang='lat' dir='ltr'><strong>confitendo</strong></span> <span class='ocrx_word' id='word_1_696' title='bbox 1398 4676 1583 4732; x_wconf 81' lang='lat' dir='ltr'><strong>Jesum</strong></span> <span class='ocrx_word' id='word_1_697' title='bbox 1604 4715 1622 4743; x_wconf 88' lang='lat'><strong>,</strong></span> <span class='ocrx_word' id='word_1_698' title='bbox 1670 4679 2005 4736; x_wconf 73' lang='lat' dir='ltr'><strong>confessione</strong></span> 
     </span>
    </p>
   </div>
   <div class='ocr_carea' id='block_1_92' title="bbox 2179 4665 3681 4756">
    <p class='ocr_par' dir='ltr' id='par_1_92' title="bbox 2179 4665 3681 4750">
     <span class='ocr_line' id='line_1_92' title="bbox 2179 4665 3681 4750; baseline -0.005 -21"><span class='ocrx_word' id='word_1_699' title='bbox 2179 4675 2261 4729; x_wconf 83' lang='grc' dir='ltr'><strong>λὸν</strong></span> <span class='ocrx_word' id='word_1_700' title='bbox 2307 4676 2405 4747; x_wconf 83' lang='grc' dir='ltr'>μὲν</span> <span class='ocrx_word' id='word_1_701' title='bbox 2434 4675 2563 4748; x_wconf 82' lang='grc' dir='ltr'>γάρ,</span> <span class='ocrx_word' id='word_1_702' title='bbox 2598 4677 2909 4747; x_wconf 76' lang='grc' dir='ltr'>ἐμπεσόντα</span> <span class='ocrx_word' id='word_1_703' title='bbox 2946 4676 3036 4729; x_wconf 74' lang='grc' dir='ltr'><strong>τὸν</strong></span> <span class='ocrx_word' id='word_1_704' title='bbox 3066 4678 3195 4750; x_wconf 77' lang='grc' dir='ltr'>περὶ</span> <span class='ocrx_word' id='word_1_705' title='bbox 3228 4676 3322 4731; x_wconf 77' lang='grc' dir='ltr'><strong>τοῦ</strong></span> <span class='ocrx_word' id='word_1_706' title='bbox 3354 4672 3601 4747; x_wconf 81' lang='grc' dir='ltr'>ὁμολογεῖν</span> <span class='ocrx_word' id='word_1_707' title='bbox 3620 4665 3681 4717; x_wconf 70' lang='grc' dir='ltr'>τὸν</span> 
     </span>
    </p>
   </div>
   <div class='ocr_carea' id='block_1_93' title="bbox 502 4760 2004 4843">
    <p class='ocr_par' dir='ltr' id='par_1_93' title="bbox 502 4760 2004 4839">
     <span class='ocr_line' id='line_1_93' title="bbox 502 4760 2004 4839; baseline 0.008 -26"><span class='ocrx_word' id='word_1_708' title='bbox 502 4776 608 4814; x_wconf 89' lang='lat' dir='ltr'><strong>non</strong></span> <span class='ocrx_word' id='word_1_709' title='bbox 645 4760 883 4829; x_wconf 79' lang='lat' dir='ltr'><strong>diﬂerre,</strong></span> <span class='ocrx_word' id='word_1_710' title='bbox 922 4780 1097 4836; x_wconf 89' lang='lat' dir='ltr'><strong>neque</strong></span> <span class='ocrx_word' id='word_1_711' title='bbox 1135 4770 1351 4823; x_wconf 87' lang='lat' dir='ltr'><strong>tardare</strong></span> <span class='ocrx_word' id='word_1_712' title='bbox 1404 4778 1633 4824; x_wconf 88' lang='lat' dir='ltr'><strong>mortem</strong></span> <span class='ocrx_word' id='word_1_713' title='bbox 1690 4786 1789 4839; x_wconf 92' lang='lat' dir='ltr'><strong>pro</strong></span> <span class='ocrx_word' id='word_1_714' title='bbox 1840 4773 2004 4825; x_wconf 80' lang='lat' dir='ltr'><strong>verita</strong></span> 
     </span>
    </p>
   </div>
   <div class='ocr_carea' id='block_1_94' title="bbox 2177 4760 3679 4843">
    <p class='ocr_par' dir='ltr' id='par_1_94' title="bbox 2185 4760 3679 4843">
     <span class='ocr_line' id='line_1_94' title="bbox 2185 4760 3679 4843; baseline 0.003 -21"><span class='ocrx_word' id='word_1_715' title='bbox 2185 4768 2389 4841; x_wconf 80' lang='grc' dir='ltr'>Ἰησοῦν</span> <span class='ocrx_word' id='word_1_716' title='bbox 2417 4771 2624 4838; x_wconf 89' lang='grc' dir='ltr'>ἀγῶνα,</span> <span class='ocrx_word' id='word_1_717' title='bbox 2676 4769 2751 4842; x_wconf 82' lang='grc' dir='ltr'><strong>μὴ</strong></span> <span class='ocrx_word' id='word_1_718' title='bbox 2778 4770 3101 4825; x_wconf 87' lang='grc' dir='ltr'>ἀναδύεσθαι</span> <span class='ocrx_word' id='word_1_719' title='bbox 3143 4772 3242 4843; x_wconf 72' lang='grc' dir='ltr'>τὴν</span> <span class='ocrx_word' id='word_1_720' title='bbox 3281 4769 3553 4843; x_wconf 79' lang='grc' dir='ltr'>ὁμολογίαν</span> <span class='ocrx_word' id='word_1_721' title='bbox 3583 4760 3679 4833; x_wconf 59' lang='grc'>(59),</span> 
     </span>
    </p>
   </div>
   <div class='ocr_carea' id='block_1_95' title="bbox 501 4854 2003 4934">
    <p class='ocr_par' dir='ltr' id='par_1_95' title="bbox 501 4857 2003 4927">
     <span class='ocr_line' id='line_1_95' title="bbox 501 4857 2003 4927; baseline 0.009 -24"><span class='ocrx_word' id='word_1_722' title='bbox 501 4860 758 4918; x_wconf 80' lang='lat' dir='ltr'><strong>appetere</strong></span> <span class='ocrx_word' id='word_1_723' title='bbox 794 4871 808 4908; x_wconf 90' lang='lat'><strong>:</strong></span> <span class='ocrx_word' id='word_1_724' title='bbox 847 4862 904 4908; x_wconf 87' lang='lat' dir='ltr'><strong>at</strong></span> <span class='ocrx_word' id='word_1_725' title='bbox 951 4870 1058 4909; x_wconf 85' lang='lat' dir='ltr'><strong>non</strong></span> <span class='ocrx_word' id='word_1_726' title='bbox 1110 4857 1288 4911; x_wconf 91' lang='lat' dir='ltr'><strong>minus</strong></span> <span class='ocrx_word' id='word_1_727' title='bbox 1313 4873 1477 4927; x_wconf 84' lang='lat' dir='ltr'><strong>quam</strong></span> <span class='ocrx_word' id='word_1_728' title='bbox 1522 4860 1621 4915; x_wconf 86' lang='lat' dir='ltr'><strong>hoc</strong></span> <span class='ocrx_word' id='word_1_729' title='bbox 1672 4861 2003 4916; x_wconf 66' lang='lat' dir='ltr'><strong>ltonestumt</strong></span> 
     </span>
    </p>
   </div>
   <div class='ocr_carea' id='block_1_96' title="bbox 2176 4854 3678 4934">
    <p class='ocr_par' dir='ltr' id='par_1_96' title="bbox 2176 4854 3678 4934">
     <span class='ocr_line' id='line_1_96' title="bbox 2176 4854 3678 4934; baseline 0 -21"><span class='ocrx_word' id='word_1_730' title='bbox 2176 4860 2308 4931; x_wconf 83' lang='grc' dir='ltr'>μηδὲ</span> <span class='ocrx_word' id='word_1_731' title='bbox 2340 4860 2554 4933; x_wconf 90' lang='grc' dir='ltr'>μέλλειν</span> <span class='ocrx_word' id='word_1_732' title='bbox 2586 4862 2713 4933; x_wconf 74' lang='grc' dir='ltr'>περ).</span> <span class='ocrx_word' id='word_1_733' title='bbox 2744 4862 2805 4915; x_wconf 83' lang='grc' dir='ltr'><strong>τὸ</strong></span> <span class='ocrx_word' id='word_1_734' title='bbox 2831 4862 3266 4934; x_wconf 82' lang='grc' dir='ltr'>ὑπεραποθανεῖν</span> <span class='ocrx_word' id='word_1_735' title='bbox 3311 4864 3410 4933; x_wconf 80' lang='grc' dir='ltr'><strong>τῆς</strong></span> <span class='ocrx_word' id='word_1_736' title='bbox 3450 4854 3678 4929; x_wconf 50' lang='lat' dir='ltr'><strong>ﬁnesid,&quot;</strong></span> 
     </span>
    </p>
   </div>
   <div class='ocr_carea' id='block_1_97' title="bbox 502 4939 2004 5023">
    <p class='ocr_par' dir='ltr' id='par_1_97' title="bbox 502 4939 2001 5015">
     <span class='ocr_line' id='line_1_97' title="bbox 502 4939 2001 5015; baseline 0.011 -26"><span class='ocrx_word' id='word_1_737' title='bbox 502 4939 592 4990; x_wconf 82' lang='lat' dir='ltr'><strong>tali</strong></span> <span class='ocrx_word' id='word_1_738' title='bbox 622 4947 895 5012; x_wconf 68' lang='lat' dir='ltr'><strong>tantaeque</strong></span> <span class='ocrx_word' id='word_1_739' title='bbox 923 4945 1206 5000; x_wconf 87' lang='lat' dir='ltr'><strong>tentationi</strong></span> <span class='ocrx_word' id='word_1_740' title='bbox 1235 4948 1585 5003; x_wconf 89' lang='lat' dir='ltr'><strong>occasionem</strong></span> <span class='ocrx_word' id='word_1_741' title='bbox 1627 4966 1734 5003; x_wconf 88' lang='lat' dir='ltr'><strong>non</strong></span> <span class='ocrx_word' id='word_1_742' title='bbox 1779 4950 1930 5015; x_wconf 83' lang='lat' dir='ltr'><strong>dare,</strong></span> <span class='ocrx_word' id='word_1_743' title='bbox 1975 4967 2001 5007; x_wconf 92' lang='lat' dir='ltr'><strong>s</strong></span> 
     </span>
    </p>
   </div>
   <div class='ocr_carea' id='block_1_98' title="bbox 2178 4939 3680 5023">
    <p class='ocr_par' dir='ltr' id='par_1_98' title="bbox 2178 4944 3680 5023">
     <span class='ocr_line' id='line_1_98' title="bbox 2178 4944 3680 5023; baseline -0.007 -16"><span class='ocrx_word' id='word_1_744' title='bbox 2178 4955 2267 5007; x_wconf 79' lang='grc' dir='ltr'><strong>οὐκ</strong></span> <span class='ocrx_word' id='word_1_745' title='bbox 2318 4954 2537 5007; x_wconf 76' lang='grc' dir='ltr'>ἔλαττον</span> <span class='ocrx_word' id='word_1_746' title='bbox 2593 4954 2650 5008; x_wconf 78' lang='grc' dir='ltr'>δὲ</span> <span class='ocrx_word' id='word_1_747' title='bbox 2700 4954 2889 5009; x_wconf 90' lang='grc' dir='ltr'>τούτου</span> <span class='ocrx_word' id='word_1_748' title='bbox 2939 4954 3123 5019; x_wconf 81' lang='grc' dir='ltr'>καλὸν,</span> <span class='ocrx_word' id='word_1_749' title='bbox 3178 4954 3269 5007; x_wconf 81' lang='grc' dir='ltr'><strong>καὶ</strong></span> <span class='ocrx_word' id='word_1_750' title='bbox 3320 4954 3381 5007; x_wconf 85' lang='grc' dir='ltr'><strong>τὸ</strong></span> <span class='ocrx_word' id='word_1_751' title='bbox 3428 4952 3495 5023; x_wconf 80' lang='grc' dir='ltr'>μὴ</span> <span class='ocrx_word' id='word_1_752' title='bbox 3533 4944 3680 5000; x_wconf 63' lang='grc' dir='ltr'>διδόναι</span> 
     </span>
    </p>
   </div>
   <div class='ocr_carea' id='block_1_99' title="bbox 496 5028 1998 5120">
    <p class='ocr_par' dir='ltr' id='par_1_99' title="bbox 496 5028 1998 5115">
     <span class='ocr_line' id='line_1_99' title="bbox 496 5028 1998 5115; baseline 0.013 -38"><span class='ocrx_word' id='word_1_753' title='bbox 496 5028 813 5087; x_wconf 90' lang='lat' dir='ltr'><strong>omnimodo</strong></span> <span class='ocrx_word' id='word_1_754' title='bbox 848 5032 1023 5090; x_wconf 86' lang='lat' dir='ltr'><strong>vitare</strong></span> <span class='ocrx_word' id='word_1_755' title='bbox 1058 5051 1198 5102; x_wconf 89' lang='lat' dir='ltr'><strong>eam,</strong></span> <span class='ocrx_word' id='word_1_756' title='bbox 1226 5053 1330 5093; x_wconf 91' lang='lat' dir='ltr'><strong>non</strong></span> <span class='ocrx_word' id='word_1_757' title='bbox 1383 5040 1723 5115; x_wconf 87' lang='lat' dir='ltr'><strong>solum_quia</strong></span> <span class='ocrx_word' id='word_1_758' title='bbox 1776 5051 1940 5096; x_wconf 68' lang='lat' dir='ltr'><strong>tautae</strong></span> <span class='ocrx_word' id='word_1_759' title='bbox 1988 5058 1998 5097; x_wconf 89' lang='grc' dir='ltr'><strong>ι</strong></span> 
     </span>
    </p>
   </div>
   <div class='ocr_carea' id='block_1_100' title="bbox 2177 5028 3679 5120">
    <p class='ocr_par' dir='ltr' id='par_1_100' title="bbox 2177 5036 3679 5120">
     <span class='ocr_line' id='line_1_100' title="bbox 2177 5036 3679 5120; baseline 0.001 -20"><span class='ocrx_word' id='word_1_760' title='bbox 2177 5046 2428 5118; x_wconf 81' lang='grc' dir='ltr'>ἀφορμὴν</span> <span class='ocrx_word' id='word_1_761' title='bbox 2458 5046 2535 5118; x_wconf 81' lang='grc' dir='ltr'><strong>τῷ</strong></span> <span class='ocrx_word' id='word_1_762' title='bbox 2567 5046 2869 5119; x_wconf 85' lang='grc' dir='ltr'>τηλικούτῳ</span> <span class='ocrx_word' id='word_1_763' title='bbox 2885 5048 3198 5120; x_wconf 82' lang='grc' dir='ltr'>πειρασμῷ,</span> <span class='ocrx_word' id='word_1_764' title='bbox 3223 5047 3359 5101; x_wconf 86' lang='grc' dir='ltr'><strong>ἀλλά</strong></span> <span class='ocrx_word' id='word_1_765' title='bbox 3381 5036 3679 5111; x_wconf 76' lang='grc' dir='ltr'>παντὶ</span> 
     </span>
    </p>
   </div>
   <div class='ocr_carea' id='block_1_101' title="bbox 497 5124 1999 5211">
    <p class='ocr_par' dir='ltr' id='par_1_101' title="bbox 497 5124 1999 5196">
     <span class='ocr_line' id='line_1_101' title="bbox 497 5124 1999 5196; baseline 0.011 -21"><span class='ocrx_word' id='word_1_766' title='bbox 497 5124 678 5180; x_wconf 76' lang='lat' dir='ltr'><strong>exitus</strong></span> <span class='ocrx_word' id='word_1_767' title='bbox 702 5126 942 5185; x_wconf 81' lang='lat' dir='ltr'><strong>incertus</strong></span> <span class='ocrx_word' id='word_1_768' title='bbox 965 5130 1039 5186; x_wconf 86' lang='lat' dir='ltr'><strong>sit</strong></span> <span class='ocrx_word' id='word_1_769' title='bbox 1061 5130 1235 5196; x_wconf 89' lang='lat' dir='ltr'><strong>nobis,</strong></span> <span class='ocrx_word' id='word_1_770' title='bbox 1272 5147 1458 5187; x_wconf 87' lang='lat' dir='ltr'><strong>verum</strong></span> <span class='ocrx_word' id='word_1_771' title='bbox 1490 5134 1655 5188; x_wconf 87' lang='lat' dir='ltr'><strong>etiam</strong></span> <span class='ocrx_word' id='word_1_772' title='bbox 1683 5150 1749 5189; x_wconf 88' lang='lat' dir='ltr'><strong>ne</strong></span> <span class='ocrx_word' id='word_1_773' title='bbox 1782 5151 1877 5190; x_wconf 90' lang='lat' dir='ltr'><strong>nos</strong></span> <span class='ocrx_word' id='word_1_774' title='bbox 1906 5150 1999 5191; x_wconf 89' lang='lat' dir='ltr'><strong>occ</strong></span> 
     </span>
    </p>
   </div>
   <div class='ocr_carea' id='block_1_102' title="bbox 2175 5124 3677 5211">
    <p class='ocr_par' dir='ltr' id='par_1_102' title="bbox 2177 5128 3677 5211">
     <span class='ocr_line' id='line_1_102' title="bbox 2177 5128 3677 5211; baseline 0.001 -20"><span class='ocrx_word' id='word_1_775' title='bbox 2177 5137 2556 5210; x_wconf 79' lang='grc' dir='ltr'>περιΐστασθαι</span> <span class='ocrx_word' id='word_1_776' title='bbox 2601 5139 2785 5205; x_wconf 83' lang='grc' dir='ltr'>αὐτὸν,</span> <span class='ocrx_word' id='word_1_777' title='bbox 2832 5139 2893 5193; x_wconf 80' lang='grc' dir='ltr'><strong>οὐ</strong></span> <span class='ocrx_word' id='word_1_778' title='bbox 2936 5141 3096 5211; x_wconf 85' lang='grc' dir='ltr'>μόνον</span> <span class='ocrx_word' id='word_1_779' title='bbox 3144 5140 3231 5195; x_wconf 79' lang='grc' dir='ltr'>διὰ</span> <span class='ocrx_word' id='word_1_780' title='bbox 3279 5141 3341 5194; x_wconf 85' lang='grc' dir='ltr'><strong>τὸ</strong></span> <span class='ocrx_word' id='word_1_781' title='bbox 3387 5130 3606 5208; x_wconf 76' lang='grc' dir='ltr'>περὶτῆς</span> <span class='ocrx_word' id='word_1_782' title='bbox 3641 5128 3677 5178; x_wconf 65' lang='grc' dir='ltr'><strong>ἐν</strong></span> 
     </span>
    </p>
   </div>
   <div class='ocr_carea' id='block_1_103' title="bbox 563 5263 2065 5345">
    <p class='ocr_par' dir='ltr' id='par_1_103' title="bbox 563 5263 2039 5344">
     <span class='ocr_line' id='line_1_103' title="bbox 563 5263 2039 5344; baseline 0.009 -26"><span class='ocrx_word' id='word_1_783' title='bbox 563 5264 609 5295; x_wconf 80' lang='grc'><strong>³⁸</strong></span> <span class='ocrx_word' id='word_1_784' title='bbox 635 5263 766 5321; x_wconf 85' lang='lat' dir='ltr'><strong>Luc.</strong></span> <span class='ocrx_word' id='word_1_785' title='bbox 802 5283 865 5334; x_wconf 91' lang='grc' dir='ltr'><strong>ιι,</strong></span> <span class='ocrx_word' id='word_1_786' title='bbox 895 5270 988 5325; x_wconf 73' lang='grc'><strong>54.</strong></span> <span class='ocrx_word' id='word_1_787' title='bbox 1093 5273 1139 5304; x_wconf 82' lang='grc'><strong>⁸⁸</strong></span> <span class='ocrx_word' id='word_1_788' title='bbox 1162 5270 1317 5327; x_wconf 79' lang='lat' dir='ltr'><strong>Joan.</strong></span> <span class='ocrx_word' id='word_1_789' title='bbox 1355 5291 1426 5339; x_wconf 74' lang='lat' dir='ltr'><strong>Ix,</strong></span> <span class='ocrx_word' id='word_1_790' title='bbox 1460 5276 1549 5331; x_wconf 78' lang='lat'><strong>39.</strong></span> <span class='ocrx_word' id='word_1_791' title='bbox 1624 5277 1667 5308; x_wconf 80' lang='grc'><strong>⁸⁷</strong></span> <span class='ocrx_word' id='word_1_792' title='bbox 1694 5277 1833 5331; x_wconf 83' lang='lat' dir='ltr'><strong>Psal.</strong></span> <span class='ocrx_word' id='word_1_793' title='bbox 1869 5294 2039 5344; x_wconf 77' lang='grc' dir='ltr'>ιιιχιι,</span> 
     </span>
    </p>
   </div>
   <div class='ocr_carea' id='block_1_104' title="bbox 1169 5263 2671 5345">
    <p class='ocr_par' dir='ltr' id='par_1_104' title="bbox 1169 5270 2671 5345">
     <span class='ocr_line' id='line_1_104' title="bbox 1169 5270 2671 5345; baseline 0.007 -20"><span class='ocrx_word' id='word_1_794' title='bbox 1169 5270 1317 5327; x_wconf 85' lang='lat' dir='ltr'><strong>loan.</strong></span> <span class='ocrx_word' id='word_1_795' title='bbox 1355 5291 1426 5339; x_wconf 74' lang='lat' dir='ltr'><strong>Ix,</strong></span> <span class='ocrx_word' id='word_1_796' title='bbox 1460 5276 1549 5331; x_wconf 78' lang='lat'><strong>39.</strong></span> <span class='ocrx_word' id='word_1_797' title='bbox 1624 5277 1667 5308; x_wconf 80' lang='grc'><strong>⁸⁷</strong></span> <span class='ocrx_word' id='word_1_798' title='bbox 1694 5277 1833 5331; x_wconf 83' lang='lat' dir='ltr'><strong>Psal.</strong></span> <span class='ocrx_word' id='word_1_799' title='bbox 1869 5294 2039 5344; x_wconf 77' lang='grc' dir='ltr'>ιιιχιι,</span> <span class='ocrx_word' id='word_1_800' title='bbox 2074 5279 2126 5334; x_wconf 91' lang='lat'><strong>8.</strong></span> <span class='ocrx_word' id='word_1_801' title='bbox 2203 5280 2249 5312; x_wconf 80' lang='grc'><strong>⁸⁸</strong></span> <span class='ocrx_word' id='word_1_802' title='bbox 2275 5278 2434 5335; x_wconf 82' lang='lat' dir='ltr'><strong>Joan.</strong></span> <span class='ocrx_word' id='word_1_803' title='bbox 2465 5296 2541 5345; x_wconf 71' lang='grc' dir='ltr'>ιι,</span> <span class='ocrx_word' id='word_1_804' title='bbox 2582 5280 2671 5336; x_wconf 68' lang='grc' dir='ltr'><strong>δι.</strong></span> 
     </span>
    </p>
   </div>
   <div class='ocr_carea' id='block_1_105' title="bbox 564 5401 2066 5499">
    <p class='ocr_par' dir='ltr' id='par_1_105' title="bbox 564 5401 1950 5499">
     <span class='ocr_line' id='line_1_105' title="bbox 564 5401 1950 5499; baseline 0 0"><span class='ocrx_word' id='word_1_805' title='bbox 564 5401 678 5499; x_wconf 63' lang='lat' dir='ltr'><strong>liii</strong></span> <span class='ocrx_word' id='word_1_806' title='bbox 706 5401 1630 5499; x_wconf 54' lang='grc' dir='ltr'><strong>(ἐπίὶέθέκξεῦξιξρ,ἀτξοὶργίσοξσεὶαιο.</strong></span> <span class='ocrx_word' id='word_1_807' title='bbox 1688 5483 1699 5499; x_wconf 86' lang='grc'><strong>,</strong></span> <span class='ocrx_word' id='word_1_808' title='bbox 1813 5482 1860 5499; x_wconf 63' lang='grc' dir='ltr'>,τ</span> <span class='ocrx_word' id='word_1_809' title='bbox 1938 5482 1950 5499; x_wconf 86' lang='grc'><strong>.</strong></span> 
     </span>
    </p>
   </div>
   <div class='ocr_carea' id='block_1_106' title="bbox 2171 5401 3673 5499">
    <p class='ocr_par' dir='ltr' id='par_1_106' title="bbox 2176 5409 3673 5499">
     <span class='ocr_line' id='line_1_106' title="bbox 2176 5409 3673 5499; baseline -0.006 -33"><span class='ocrx_word' id='word_1_810' title='bbox 2176 5414 2564 5499; x_wconf 58' lang='grc' dir='ltr'>ἐϐουλεύσαντο</span> <span class='ocrx_word' id='word_1_811' title='bbox 2586 5417 2780 5498; x_wconf 80' lang='lat' dir='ltr'><strong>legisse</strong></span> <span class='ocrx_word' id='word_1_812' title='bbox 2803 5416 3043 5499; x_wconf 40' lang='lat' dir='ltr'><strong>videtur.</strong></span> <span class='ocrx_word' id='word_1_813' title='bbox 3074 5417 3357 5499; x_wconf 58' lang='lat' dir='ltr'><strong>[ferrarius</strong></span> <span class='ocrx_word' id='word_1_814' title='bbox 3399 5409 3673 5470; x_wconf 74' lang='grc' dir='ltr'>συνεϐουλευ-</span> 
     </span>
    </p>
   </div>
   <div class='ocr_carea' id='block_1_107' title="bbox 564 5470 2066 5563">
    <p class='ocr_par' dir='ltr' id='par_1_107' title="bbox 564 5470 2065 5563">
     <span class='ocr_line' id='line_1_107' title="bbox 564 5470 2065 5563; baseline 0.001 0"><span class='ocrx_word' id='word_1_815' title='bbox 564 5470 1411 5563; x_wconf 49' lang='grc' dir='ltr'><strong>ἐδέὶ,ἓφέθὶμξίὲξεξῖυεοηλάγεὸι</strong></span> <span class='ocrx_word' id='word_1_816' title='bbox 1454 5481 1577 5563; x_wconf 68' lang='grc' dir='ltr'>τοῦ.</span> <span class='ocrx_word' id='word_1_817' title='bbox 1607 5483 1762 5563; x_wconf 69' lang='grc' dir='ltr'>ᾁγίου</span> <span class='ocrx_word' id='word_1_818' title='bbox 1786 5482 2065 5563; x_wconf 64' lang='grc' dir='ltr'><strong>,Πνεὲμοξ-</strong></span> 
     </span>
    </p>
   </div>
   <div class='ocr_carea' id='block_1_108' title="bbox 2169 5470 3671 5563">
    <p class='ocr_par' dir='ltr' id='par_1_108' title="bbox 2175 5470 3671 5563">
     <span class='ocr_line' id='line_1_108' title="bbox 2175 5470 3671 5563; baseline -0.005 -25"><span class='ocrx_word' id='word_1_819' title='bbox 2175 5501 2355 5539; x_wconf 86' lang='grc' dir='ltr'>σαντο.</span> <span class='ocrx_word' id='word_1_820' title='bbox 2387 5470 2775 5563; x_wconf 54' lang='grc' dir='ltr'>(Βεροειιῆιιιιέ</span> <span class='ocrx_word' id='word_1_821' title='bbox 2802 5485 3045 5543; x_wconf 86' lang='lat' dir='ltr'><strong>Ferrarii</strong></span> <span class='ocrx_word' id='word_1_822' title='bbox 3074 5470 3379 5543; x_wconf 66' lang='lat' dir='ltr'><strong>lectionem</strong></span> <span class='ocrx_word' id='word_1_823' title='bbox 3425 5492 3582 5556; x_wconf 78' lang='lat' dir='ltr'><strong>utpote</strong></span> <span class='ocrx_word' id='word_1_824' title='bbox 3608 5495 3671 5531; x_wconf 73' lang='lat' dir='ltr'><strong>sa-</strong></span> 
     </span>
    </p>
   </div>
   <div class='ocr_carea' id='block_1_109' title="bbox 490 5544 3221 5633">
    <p class='ocr_par' dir='ltr' id='par_1_109' title="bbox 490 5544 3221 5633">
     <span class='ocr_line' id='line_1_109' title="bbox 490 5544 3221 5633; baseline 0.006 -38"><span class='ocrx_word' id='word_1_825' title='bbox 490 5544 1023 5633; x_wconf 41' lang='lat' dir='ltr'><strong>:roci.“sichue-edi_tio</strong></span> <span class='ocrx_word' id='word_1_826' title='bbox 1054 5544 1229 5633; x_wconf 50' lang='lat' dir='ltr'><strong>l&#39;lnetii</strong></span> <span class='ocrx_word' id='word_1_827' title='bbox 1258 5544 1452 5633; x_wconf 63' lang='lat' dir='ltr'><strong>habet;</strong></span> <span class='ocrx_word' id='word_1_828' title='bbox 1486 5552 1578 5607; x_wconf 87' lang='lat' dir='ltr'><strong>sed</strong></span> <span class='ocrx_word' id='word_1_829' title='bbox 1615 5544 1893 5633; x_wconf 74' lang='lat' dir='ltr'><strong>in_codice</strong></span> <span class='ocrx_word' id='word_1_830' title='bbox 1922 5544 2065 5633; x_wconf 60' lang='grc' dir='ltr'><strong>[ξοδ-ι</strong></span> <span class='ocrx_word' id='word_1_831' title='bbox 2170 5570 2203 5607; x_wconf 88' lang='grc' dir='ltr'><strong>ιι</strong></span> <span class='ocrx_word' id='word_1_832' title='bbox 2230 5544 2423 5633; x_wconf 40' lang='lat' dir='ltr'><strong>orem.“</strong></span> <span class='ocrx_word' id='word_1_833' title='bbox 2441 5544 2626 5633; x_wconf 49' lang='lat' dir='ltr'><strong>Enn.)</strong></span> <span class='ocrx_word' id='word_1_834' title='bbox 2682 5626 2715 5633; x_wconf 81' lang='lat'><strong>__</strong></span> <span class='ocrx_word' id='word_1_835' title='bbox 2755 5626 2766 5633; x_wconf 89' lang='lat'>_</span> <span class='ocrx_word' id='word_1_836' title='bbox 3160 5584 3221 5633; x_wconf 82' lang='lat'><strong>_-</strong></span> 
     </span>
    </p>
   </div>
   <div class='ocr_carea' id='block_1_110' title="bbox 460 5612 1962 5700">
    <p class='ocr_par' dir='ltr' id='par_1_110' title="bbox 460 5612 1959 5700">
     <span class='ocr_line' id='line_1_110' title="bbox 460 5612 1959 5700; baseline 0.007 -35"><span class='ocrx_word' id='word_1_837' title='bbox 460 5654 473 5665; x_wconf 88' lang='lat'><strong>.</strong></span> <span class='ocrx_word' id='word_1_838' title='bbox 493 5612 673 5700; x_wconf 41' lang='lat' dir='ltr'><strong>l‘eiau‘o</strong></span> <span class='ocrx_word' id='word_1_839' title='bbox 686 5615 846 5700; x_wconf 75' lang='lat' dir='ltr'><strong>deest</strong></span> <span class='ocrx_word' id='word_1_840' title='bbox 865 5614 961 5700; x_wconf 65' lang='grc' dir='ltr'><strong>τοῦ</strong></span> <span class='ocrx_word' id='word_1_841' title='bbox 993 5615 1146 5684; x_wconf 75' lang='grc' dir='ltr'>ἁγίου</span> <span class='ocrx_word' id='word_1_842' title='bbox 1167 5612 1504 5691; x_wconf 87' lang='grc' dir='ltr'>Πνεύματος,</span> <span class='ocrx_word' id='word_1_843' title='bbox 1545 5622 1688 5692; x_wconf 91' lang='lat' dir='ltr'><strong>quod</strong></span> <span class='ocrx_word' id='word_1_844' title='bbox 1718 5622 1879 5675; x_wconf 87' lang='lat' dir='ltr'><strong>etiam</strong></span> <span class='ocrx_word' id='word_1_845' title='bbox 1912 5624 1959 5676; x_wconf 88' lang='lat' dir='ltr'><strong>vi</strong></span> 
     </span>
    </p>
   </div>
   <div class='ocr_carea' id='block_1_111' title="bbox 2165 5612 3667 5700">
    <p class='ocr_par' dir='ltr' id='par_1_111' title="bbox 2239 5612 3667 5700">
     <span class='ocr_line' id='line_1_111' title="bbox 2239 5612 3667 5700; baseline -0.001 -21"><span class='ocrx_word' id='word_1_846' title='bbox 2239 5624 2353 5700; x_wconf 76' lang='grc'>(57)</span> <span class='ocrx_word' id='word_1_847' title='bbox 2384 5626 2564 5700; x_wconf 63' lang='lat' dir='ltr'><strong>Qodex</strong></span> <span class='ocrx_word' id='word_1_848' title='bbox 2587 5612 2929 5700; x_wconf 42' lang='lat' dir='ltr'><strong>liudleianus,</strong></span> <span class='ocrx_word' id='word_1_849' title='bbox 2952 5628 3225 5700; x_wconf 62' lang='lat' dir='ltr'><strong>euvm&#39;rdw</strong></span> <span class='ocrx_word' id='word_1_850' title='bbox 3246 5645 3260 5658; x_wconf 90' lang='grc'><strong>·</strong></span> <span class='ocrx_word' id='word_1_851' title='bbox 3294 5626 3479 5700; x_wconf 75' lang='lat' dir='ltr'><strong>Regius</strong></span> <span class='ocrx_word' id='word_1_852' title='bbox 3498 5663 3512 5688; x_wconf 90' lang='lat'><strong>,</strong></span> <span class='ocrx_word' id='word_1_853' title='bbox 3537 5617 3667 5700; x_wconf 63' lang='grc' dir='ltr'>ῑςτάς.</span> 
     </span>
    </p>
   </div>
   <div class='ocr_carea' id='block_1_112' title="bbox 494 5683 1996 5769">
    <p class='ocr_par' dir='ltr' id='par_1_112' title="bbox 494 5683 1701 5769">
     <span class='ocr_line' id='line_1_112' title="bbox 494 5683 1701 5769; baseline 0.006 -1"><span class='ocrx_word' id='word_1_854' title='bbox 494 5683 1102 5769; x_wconf 44' lang='lat' dir='ltr'><strong>&quot;maerentium-4.</strong></span> <span class='ocrx_word' id='word_1_855' title='bbox 1310 5683 1328 5769; x_wconf 89' lang='lat'><em>:</em></span> <span class='ocrx_word' id='word_1_856' title='bbox 1694 5744 1701 5751; x_wconf 69' lang='lat'><strong>.</strong></span> 
     </span>
    </p>
   </div>
   <div class='ocr_carea' id='block_1_113' title="bbox 2167 5683 3669 5769">
    <p class='ocr_par' dir='ltr' id='par_1_113' title="bbox 2238 5683 3669 5769">
     <span class='ocr_line' id='line_1_113' title="bbox 2238 5683 3669 5769; baseline -0.006 -20"><span class='ocrx_word' id='word_1_857' title='bbox 2238 5683 2351 5765; x_wconf 77' lang='grc'>(58)</span> <span class='ocrx_word' id='word_1_858' title='bbox 2378 5696 2559 5752; x_wconf 77' lang='lat' dir='ltr'><strong>Codex</strong></span> <span class='ocrx_word' id='word_1_859' title='bbox 2589 5697 2817 5766; x_wconf 77' lang='lat' dir='ltr'><strong>Regius,</strong></span> <span class='ocrx_word' id='word_1_860' title='bbox 2858 5683 3030 5762; x_wconf 77' lang='lat' dir='ltr'><strong>male,</strong></span> <span class='ocrx_word' id='word_1_861' title='bbox 3074 5698 3153 5769; x_wconf 83' lang='grc' dir='ltr'>τῷ</span> <span class='ocrx_word' id='word_1_862' title='bbox 3177 5700 3236 5753; x_wconf 86' lang='grc' dir='ltr'>ὲν</span> <span class='ocrx_word' id='word_1_863' title='bbox 3285 5683 3509 5767; x_wconf 42' lang='lat' dir='ltr'><strong>enim</strong></span> <span class='ocrx_word' id='word_1_864' title='bbox 3547 5691 3669 5745; x_wconf 69' lang='grc' dir='ltr'>θανλρ</span> 
     </span>
    </p>
   </div>
   <div class='ocr_carea' id='block_1_114' title="bbox 562 5751 2064 5832">
    <p class='ocr_par' dir='ltr' id='par_1_114' title="bbox 562 5751 2020 5832">
     <span class='ocr_line' id='line_1_114' title="bbox 562 5751 2020 5832; baseline 0.004 0"><span class='ocrx_word' id='word_1_865' title='bbox 562 5751 679 5832; x_wconf 63' lang='grc' dir='ltr'><strong>(ξεί)</strong></span> <span class='ocrx_word' id='word_1_866' title='bbox 704 5752 885 5832; x_wconf 58' lang='lat' dir='ltr'><strong>aequ</strong></span> <span class='ocrx_word' id='word_1_867' title='bbox 916 5754 1568 5832; x_wconf 55' lang='lat' dir='ltr'><strong>Podleian98._é¢oped:e</strong></span> <span class='ocrx_word' id='word_1_868' title='bbox 1995 5829 2020 5832; x_wconf 47' lang='grc' dir='ltr'><strong>ρ</strong></span> 
     </span>
    </p>
   </div>
   <div class='ocr_carea' id='block_1_115' title="bbox 778 5751 2280 5832">
    <p class='ocr_par' dir='ltr' id='par_1_115' title="bbox 778 5751 2280 5832">
     <span class='ocr_line' id='line_1_115' title="bbox 778 5751 2280 5832; baseline 0.009 -26"><span class='ocrx_word' id='word_1_869' title='bbox 778 5754 885 5832; x_wconf 69' lang='lat' dir='ltr'><strong>de!</strong></span> <span class='ocrx_word' id='word_1_870' title='bbox 916 5754 1283 5832; x_wconf 43' lang='lat' dir='ltr'><strong>liodleianys,</strong></span> <span class='ocrx_word' id='word_1_871' title='bbox 1298 5758 1568 5832; x_wconf 65' lang='grc' dir='ltr'>ἀφορμάς,</span> <span class='ocrx_word' id='word_1_872' title='bbox 1995 5829 2020 5832; x_wconf 35' lang='grc' dir='ltr'>μ</span> <span class='ocrx_word' id='word_1_873' title='bbox 2165 5751 2280 5820; x_wconf 75' lang='grc' dir='ltr'>τού.</span> 
     </span>
    </p>
   </div>
   <div class='ocr_carea' id='block_1_116' title="bbox 563 5820 2065 5911">
    <p class='ocr_par' dir='ltr' id='par_1_116' title="bbox 563 5820 2055 5908">
     <span class='ocr_line' id='line_1_116' title="bbox 563 5820 2055 5908; baseline 0.009 -33"><span class='ocrx_word' id='word_1_874' title='bbox 563 5820 675 5893; x_wconf 72' lang='lat'><strong>(36)</strong></span> <span class='ocrx_word' id='word_1_875' title='bbox 707 5822 889 5882; x_wconf 78' lang='lat' dir='ltr'><strong>Codex</strong></span> <span class='ocrx_word' id='word_1_876' title='bbox 915 5824 1139 5899; x_wconf 76' lang='lat' dir='ltr'><strong>Regius,</strong></span> <span class='ocrx_word' id='word_1_877' title='bbox 1174 5820 1601 5900; x_wconf 69' lang='grc' dir='ltr'>βουλῆὲ.’ἰ)οιιιο</span> <span class='ocrx_word' id='word_1_878' title='bbox 1641 5844 1767 5904; x_wconf 89' lang='lat' dir='ltr'><strong>post</strong></span> <span class='ocrx_word' id='word_1_879' title='bbox 1814 5849 1916 5908; x_wconf 86' lang='lat' dir='ltr'><strong>pro</strong></span> <span class='ocrx_word' id='word_1_880' title='bbox 1962 5829 2055 5889; x_wconf 79' lang='grc' dir='ltr'><strong>οῦν</strong></span> 
     </span>
    </p>
   </div>
   <div class='ocr_carea' id='block_1_117' title="bbox 1972 5820 3474 5911">
    <p class='ocr_par' dir='ltr' id='par_1_117' title="bbox 1972 5829 3474 5911">
     <span class='ocr_line' id='line_1_117' title="bbox 1972 5829 3474 5911; baseline 0.003 -23"><span class='ocrx_word' id='word_1_881' title='bbox 1972 5829 2055 5889; x_wconf 71' lang='grc' dir='ltr'><strong>οῦν</strong></span> <span class='ocrx_word' id='word_1_882' title='bbox 2234 5834 2350 5909; x_wconf 82' lang='lat'><strong>(59)</strong></span> <span class='ocrx_word' id='word_1_883' title='bbox 2377 5834 2523 5893; x_wconf 86' lang='lat' dir='ltr'><strong>ldem</strong></span> <span class='ocrx_word' id='word_1_884' title='bbox 2544 5839 2715 5896; x_wconf 81' lang='lat' dir='ltr'><strong>codex</strong></span> <span class='ocrx_word' id='word_1_885' title='bbox 2742 5836 2965 5909; x_wconf 79' lang='lat' dir='ltr'><strong>Regius,</strong></span> <span class='ocrx_word' id='word_1_886' title='bbox 2987 5838 3158 5911; x_wconf 78' lang='grc' dir='ltr'>αὐτὴν</span> <span class='ocrx_word' id='word_1_887' title='bbox 3184 5837 3474 5909; x_wconf 84' lang='grc' dir='ltr'>ὁμολογίαν.</span> 
     </span>
    </p>
   </div>
  </div>
