  <div class='ocr_page' id='page_1' title='image "/cluster/home/n/w/nwhite01/storage/ocr_20150623/14/hvd.32044024333478/372.png"; bbox 0 0 3804 6540; ppageno 0'>
   <div class='ocr_carea' id='block_1_1' title="bbox 68 445 183 501">
    <p class='ocr_par' dir='ltr' id='par_1_1' title="bbox 68 445 183 501">
     <span class='ocr_line' id='line_1_1' title="bbox 68 445 183 501; baseline 0 0"><span class='ocrx_word' id='word_1_1' title='bbox 68 445 183 501; x_wconf 73' lang='grc'><strong>729</strong></span> 
     </span>
    </p>
   </div>
   <div class='ocr_carea' id='block_1_2' title="bbox 1081 444 2338 506">
    <p class='ocr_par' dir='ltr' id='par_1_2' title="bbox 1081 444 2338 506">
     <span class='ocr_line' id='line_1_2' title="bbox 1081 444 2338 506; baseline 0.001 -2"><span class='ocrx_word' id='word_1_2' title='bbox 1081 444 1439 504; x_wconf 78' lang='lat' dir='ltr'><strong>COMMENT.</strong></span> <span class='ocrx_word' id='word_1_3' title='bbox 1484 446 1551 502; x_wconf 80' lang='lat' dir='ltr'><strong>IN</strong></span> <span class='ocrx_word' id='word_1_4' title='bbox 1590 445 1784 503; x_wconf 82' lang='lat' dir='ltr'><strong>IOAN.</strong></span> <span class='ocrx_word' id='word_1_5' title='bbox 1823 444 2062 505; x_wconf 76' lang='lat' dir='ltr'><strong>TOMUS</strong></span> <span class='ocrx_word' id='word_1_6' title='bbox 2097 447 2338 506; x_wconf 79' lang='lat' dir='ltr'><strong>XXVIII.</strong></span> 
     </span>
    </p>
   </div>
   <div class='ocr_carea' id='block_1_3' title="bbox 3241 450 3346 509">
    <p class='ocr_par' dir='ltr' id='par_1_3' title="bbox 3241 450 3346 509">
     <span class='ocr_line' id='line_1_3' title="bbox 3241 450 3346 509; baseline 0 0"><span class='ocrx_word' id='word_1_7' title='bbox 3241 450 3346 509; x_wconf 81' lang='lat' dir='ltr'><strong>T50</strong></span> 
     </span>
    </p>
   </div>
   <div class='ocr_carea' id='block_1_4' title="bbox 65 558 1669 639">
    <p class='ocr_par' dir='ltr' id='par_1_4' title="bbox 65 558 1665 637">
     <span class='ocr_line' id='line_1_4' title="bbox 65 558 1665 637; baseline 0.001 -19"><span class='ocrx_word' id='word_1_8' title='bbox 65 559 230 633; x_wconf 68' lang='grc' dir='ltr'><strong>αὑτῷ</strong></span> <span class='ocrx_word' id='word_1_9' title='bbox 255 558 542 628; x_wconf 80' lang='grc' dir='ltr'><strong>ἐκϐάσεως</strong></span> <span class='ocrx_word' id='word_1_10' title='bbox 569 562 766 637; x_wconf 72' lang='grc' dir='ltr'><strong>ἄδηλον</strong></span> <span class='ocrx_word' id='word_1_11' title='bbox 796 562 953 636; x_wconf 75' lang='grc' dir='ltr'><strong>ἡμῖν,</strong></span> <span class='ocrx_word' id='word_1_12' title='bbox 998 563 1137 618; x_wconf 79' lang='grc' dir='ltr'><strong>ἀλλά</strong></span> <span class='ocrx_word' id='word_1_13' title='bbox 1184 564 1280 618; x_wconf 75' lang='grc' dir='ltr'><strong>καὶ</strong></span> <span class='ocrx_word' id='word_1_14' title='bbox 1318 564 1408 619; x_wconf 84' lang='grc' dir='ltr'><strong>ῖνα</strong></span> <span class='ocrx_word' id='word_1_15' title='bbox 1447 563 1523 636; x_wconf 84' lang='grc' dir='ltr'><strong>μὴ</strong></span> <span class='ocrx_word' id='word_1_16' title='bbox 1553 564 1665 637; x_wconf 87' lang='lat'><strong>(60)</strong></span> 
     </span>
    </p>
   </div>
   <div class='ocr_carea' id='block_1_5' title="bbox 1772 558 3343 639">
    <p class='ocr_par' dir='ltr' id='par_1_5' title="bbox 1772 566 3343 639">
     <span class='ocr_line' id='line_1_5' title="bbox 1772 566 3343 639; baseline 0.001 -17"><span class='ocrx_word' id='word_1_17' title='bbox 1772 567 1851 622; x_wconf 89' lang='lat' dir='ltr'><strong>sio</strong></span> <span class='ocrx_word' id='word_1_18' title='bbox 1878 567 2053 623; x_wconf 89' lang='lat' dir='ltr'><strong>simus</strong></span> <span class='ocrx_word' id='word_1_19' title='bbox 2079 576 2138 623; x_wconf 89' lang='lat' dir='ltr'><strong>ut</strong></span> <span class='ocrx_word' id='word_1_20' title='bbox 2162 567 2340 639; x_wconf 82' lang='lat' dir='ltr'><strong>magis</strong></span> <span class='ocrx_word' id='word_1_21' title='bbox 2363 574 2685 638; x_wconf 89' lang='lat' dir='ltr'><strong>peccatores</strong></span> <span class='ocrx_word' id='word_1_22' title='bbox 2723 566 3008 638; x_wconf 84' lang='lat' dir='ltr'><strong>magisque</strong></span> <span class='ocrx_word' id='word_1_23' title='bbox 3033 567 3183 638; x_wconf 82' lang='lat' dir='ltr'><strong>impii</strong></span> <span class='ocrx_word' id='word_1_24' title='bbox 3211 582 3343 624; x_wconf 79' lang='lat' dir='ltr'><strong>eva-</strong></span> 
     </span>
    </p>
   </div>
   <div class='ocr_carea' id='block_1_6' title="bbox 65 654 1670 729">
    <p class='ocr_par' dir='ltr' id='par_1_6' title="bbox 65 654 1670 729">
     <span class='ocr_line' id='line_1_6' title="bbox 65 654 1670 729; baseline 0.002 -22"><span class='ocrx_word' id='word_1_25' title='bbox 65 657 242 726; x_wconf 80' lang='grc' dir='ltr'><strong>ήμεῖς</strong></span> <span class='ocrx_word' id='word_1_26' title='bbox 269 654 550 727; x_wconf 78' lang='grc' dir='ltr'><strong>πρόφασις</strong></span> <span class='ocrx_word' id='word_1_27' title='bbox 578 655 870 728; x_wconf 82' lang='grc' dir='ltr'><strong>γενώμεθα</strong></span> <span class='ocrx_word' id='word_1_28' title='bbox 892 654 990 710; x_wconf 89' lang='grc' dir='ltr'><strong>τοῦ</strong></span> <span class='ocrx_word' id='word_1_29' title='bbox 1018 657 1493 729; x_wconf 85' lang='grc' dir='ltr'><strong>ἁμαρτωλοτέροις</strong></span> <span class='ocrx_word' id='word_1_30' title='bbox 1517 658 1670 727; x_wconf 88' lang='grc' dir='ltr'><strong>γενέ-</strong></span> 
     </span>
    </p>
   </div>
   <div class='ocr_carea' id='block_1_7' title="bbox 69 748 1669 823">
    <p class='ocr_par' dir='ltr' id='par_1_7' title="bbox 69 748 1669 823">
     <span class='ocr_line' id='line_1_7' title="bbox 69 748 1669 823; baseline 0.003 -23"><span class='ocrx_word' id='word_1_31' title='bbox 69 748 205 801; x_wconf 87' lang='grc' dir='ltr'><strong>σθαι</strong></span> <span class='ocrx_word' id='word_1_32' title='bbox 242 751 344 803; x_wconf 58' lang='grc' dir='ltr'><strong>καὶ⁵</strong></span> <span class='ocrx_word' id='word_1_33' title='bbox 380 750 762 823; x_wconf 79' lang='grc' dir='ltr'><strong>ἀσεϐεστέροις</strong></span> <span class='ocrx_word' id='word_1_34' title='bbox 791 753 904 815; x_wconf 85' lang='grc' dir='ltr'><strong>τοῖς</strong></span> <span class='ocrx_word' id='word_1_35' title='bbox 932 751 1031 804; x_wconf 84' lang='grc' dir='ltr'><strong>οὐκ</strong></span> <span class='ocrx_word' id='word_1_36' title='bbox 1057 749 1124 804; x_wconf 80' lang='grc' dir='ltr'><strong>ἂν</strong></span> <span class='ocrx_word' id='word_1_37' title='bbox 1162 750 1262 823; x_wconf 76' lang='grc' dir='ltr'><strong>μὲν</strong></span> <span class='ocrx_word' id='word_1_38' title='bbox 1293 750 1372 822; x_wconf 82' lang='grc' dir='ltr'><strong>τῷ</strong></span> <span class='ocrx_word' id='word_1_39' title='bbox 1404 750 1552 823; x_wconf 77' lang='grc' dir='ltr'><strong>ἔργῳ</strong></span> <span class='ocrx_word' id='word_1_40' title='bbox 1573 751 1669 805; x_wconf 86' lang='grc' dir='ltr'><strong>τοῦ</strong></span> 
     </span>
    </p>
   </div>
   <div class='ocr_carea' id='block_1_8' title="bbox 65 838 1670 915">
    <p class='ocr_par' dir='ltr' id='par_1_8' title="bbox 65 838 1670 915">
     <span class='ocr_line' id='line_1_8' title="bbox 65 838 1670 915; baseline 0.001 -21"><span class='ocrx_word' id='word_1_41' title='bbox 65 840 237 911; x_wconf 83' lang='grc' dir='ltr'><strong>ήμῶν</strong></span> <span class='ocrx_word' id='word_1_42' title='bbox 259 842 594 915; x_wconf 86' lang='grc' dir='ltr'><strong>ἐκκεχῦσθαι</strong></span> <span class='ocrx_word' id='word_1_43' title='bbox 624 844 687 897; x_wconf 79' lang='grc' dir='ltr'><strong>τὸ</strong></span> <span class='ocrx_word' id='word_1_44' title='bbox 717 838 858 915; x_wconf 77' lang='grc' dir='ltr'><strong>αἷμα</strong></span> <span class='ocrx_word' id='word_1_45' title='bbox 878 842 1193 915; x_wconf 81' lang='grc' dir='ltr'><strong>γενομένοις</strong></span> <span class='ocrx_word' id='word_1_46' title='bbox 1225 844 1455 914; x_wconf 84' lang='grc' dir='ltr'><strong>ἐνόχοις,</strong></span> <span class='ocrx_word' id='word_1_47' title='bbox 1507 845 1557 897; x_wconf 87' lang='grc' dir='ltr'><strong>εί</strong></span> <span class='ocrx_word' id='word_1_48' title='bbox 1598 842 1670 896; x_wconf 87' lang='grc' dir='ltr'><strong>τά</strong></span> 
     </span>
    </p>
   </div>
   <div class='ocr_carea' id='block_1_9' title="bbox 65 934 1672 1007">
    <p class='ocr_par' dir='ltr' id='par_1_9' title="bbox 65 934 1672 1007">
     <span class='ocr_line' id='line_1_9' title="bbox 65 934 1672 1007; baseline 0.003 -22"><span class='ocrx_word' id='word_1_49' title='bbox 65 934 203 1003; x_wconf 75' lang='grc' dir='ltr'><strong>παρ’</strong></span> <span class='ocrx_word' id='word_1_50' title='bbox 245 935 479 999; x_wconf 74' lang='grc' dir='ltr'><strong>ἑαυτοὺς</strong></span> <span class='ocrx_word' id='word_1_51' title='bbox 509 934 793 1000; x_wconf 88' lang='grc' dir='ltr'><strong>ποιοῦντες</strong></span> <span class='ocrx_word' id='word_1_52' title='bbox 815 934 1133 1006; x_wconf 81' lang='grc' dir='ltr'><strong>ἐκκλίνομεν</strong></span> <span class='ocrx_word' id='word_1_53' title='bbox 1159 934 1289 999; x_wconf 78' lang='grc' dir='ltr'><strong>τοὺς</strong></span> <span class='ocrx_word' id='word_1_54' title='bbox 1320 935 1482 1007; x_wconf 82' lang='grc' dir='ltr'><strong>μέχρι</strong></span> <span class='ocrx_word' id='word_1_55' title='bbox 1514 934 1672 990; x_wconf 84' lang='grc' dir='ltr'><strong>θανά-</strong></span> 
     </span>
    </p>
   </div>
   <div class='ocr_carea' id='block_1_10' title="bbox 63 1026 1670 1098">
    <p class='ocr_par' dir='ltr' id='par_1_10' title="bbox 63 1026 1670 1098">
     <span class='ocr_line' id='line_1_10' title="bbox 63 1026 1670 1098; baseline 0.004 -22"><span class='ocrx_word' id='word_1_56' title='bbox 63 1040 163 1077; x_wconf 87' lang='grc' dir='ltr'><strong>του</strong></span> <span class='ocrx_word' id='word_1_57' title='bbox 193 1027 338 1097; x_wconf 79' lang='grc' dir='ltr'><strong>ἡμῖν</strong></span> <span class='ocrx_word' id='word_1_58' title='bbox 355 1027 828 1094; x_wconf 85' lang='grc' dir='ltr'><strong>ἐπιϐουλεύοντας,</strong></span> <span class='ocrx_word' id='word_1_59' title='bbox 855 1027 1140 1098; x_wconf 77' lang='grc' dir='ltr'><strong>ἐσομένοις</strong></span> <span class='ocrx_word' id='word_1_60' title='bbox 1167 1027 1225 1081; x_wconf 83' lang='grc' dir='ltr'><strong>δέ</strong></span> <span class='ocrx_word' id='word_1_61' title='bbox 1253 1027 1312 1081; x_wconf 85' lang='grc' dir='ltr'><strong>ἐν</strong></span> <span class='ocrx_word' id='word_1_62' title='bbox 1329 1026 1555 1092; x_wconf 88' lang='grc' dir='ltr'><strong>πλείονι,</strong></span> <span class='ocrx_word' id='word_1_63' title='bbox 1576 1028 1670 1082; x_wconf 77' lang='grc' dir='ltr'><strong>καὶ</strong></span> 
     </span>
    </p>
   </div>
   <div class='ocr_carea' id='block_1_11' title="bbox 68 1116 1669 1192">
    <p class='ocr_par' dir='ltr' id='par_1_11' title="bbox 68 1116 1669 1192">
     <span class='ocr_line' id='line_1_11' title="bbox 68 1116 1669 1192; baseline 0.001 -22"><span class='ocrx_word' id='word_1_64' title='bbox 68 1116 365 1190; x_wconf 78' lang='grc' dir='ltr'><strong>βαρυτέρᾳ</strong></span> <span class='ocrx_word' id='word_1_65' title='bbox 409 1120 629 1174; x_wconf 84' lang='grc' dir='ltr'><strong>κολάσει</strong></span> <span class='ocrx_word' id='word_1_66' title='bbox 669 1120 803 1192; x_wconf 84' lang='grc' dir='ltr'><strong>παρ’</strong></span> <span class='ocrx_word' id='word_1_67' title='bbox 848 1121 1017 1192; x_wconf 80' lang='grc' dir='ltr'><strong>ἡμᾶς,</strong></span> <span class='ocrx_word' id='word_1_68' title='bbox 1065 1120 1115 1172; x_wconf 84' lang='grc' dir='ltr'><strong>εἰ</strong></span> <span class='ocrx_word' id='word_1_69' title='bbox 1158 1119 1540 1189; x_wconf 86' lang='grc' dir='ltr'><strong>φιλαυτοῦντες</strong></span> <span class='ocrx_word' id='word_1_70' title='bbox 1573 1119 1669 1173; x_wconf 78' lang='grc' dir='ltr'><strong>καὶ</strong></span> 
     </span>
    </p>
   </div>
   <div class='ocr_carea' id='block_1_12' title="bbox 70 1202 1669 1282">
    <p class='ocr_par' dir='ltr' id='par_1_12' title="bbox 70 1202 1669 1282">
     <span class='ocr_line' id='line_1_12' title="bbox 70 1202 1669 1282; baseline 0.002 -22"><span class='ocrx_word' id='word_1_71' title='bbox 70 1202 147 1277; x_wconf 72' lang='grc' dir='ltr'><strong>μῆ</strong></span> <span class='ocrx_word' id='word_1_72' title='bbox 172 1206 329 1261; x_wconf 83' lang='grc' dir='ltr'><strong>κατά</strong></span> <span class='ocrx_word' id='word_1_73' title='bbox 364 1208 589 1262; x_wconf 82' lang='grc' dir='ltr'><strong>ἐκείνων</strong></span> <span class='ocrx_word' id='word_1_74' title='bbox 614 1206 945 1272; x_wconf 74' lang='grc' dir='ltr'><strong>σκοποῦντες</strong></span> <span class='ocrx_word' id='word_1_75' title='bbox 976 1207 1338 1281; x_wconf 80' lang='grc' dir='ltr'><strong>ἐπιδιδῴημεν</strong></span> <span class='ocrx_word' id='word_1_76' title='bbox 1368 1210 1570 1274; x_wconf 80' lang='grc' dir='ltr'><strong>αὐτοὺς</strong></span> <span class='ocrx_word' id='word_1_77' title='bbox 1588 1208 1669 1282; x_wconf 83' lang='grc' dir='ltr'><strong>τῷ</strong></span> 
     </span>
    </p>
   </div>
   <div class='ocr_carea' id='block_1_13' title="bbox 68 1297 1670 1371">
    <p class='ocr_par' dir='ltr' id='par_1_13' title="bbox 68 1297 1670 1371">
     <span class='ocr_line' id='line_1_13' title="bbox 68 1297 1670 1371; baseline 0.002 -20"><span class='ocrx_word' id='word_1_78' title='bbox 68 1297 452 1368; x_wconf 69' lang='grc' dir='ltr'><strong>ἀναιρεῖσθαι,</strong></span> <span class='ocrx_word' id='word_1_79' title='bbox 484 1298 548 1351; x_wconf 84' lang='grc' dir='ltr'><strong>οὐ</strong></span> <span class='ocrx_word' id='word_1_80' title='bbox 579 1298 680 1369; x_wconf 82' lang='grc' dir='ltr'><strong>τῆς</strong></span> <span class='ocrx_word' id='word_1_81' title='bbox 735 1300 983 1371; x_wconf 79' lang='grc' dir='ltr'><strong>ἀνάγκης</strong></span> <span class='ocrx_word' id='word_1_82' title='bbox 1025 1300 1108 1362; x_wconf 84' lang='grc' dir='ltr'><strong>είς</strong></span> <span class='ocrx_word' id='word_1_83' title='bbox 1145 1298 1304 1353; x_wconf 89' lang='grc' dir='ltr'><strong>τοῦτο</strong></span> <span class='ocrx_word' id='word_1_84' title='bbox 1333 1299 1670 1355; x_wconf 86' lang='grc' dir='ltr'><strong>καταλαϐού-</strong></span> 
     </span>
    </p>
   </div>
   <div class='ocr_carea' id='block_1_14' title="bbox 67 1388 1669 1465">
    <p class='ocr_par' dir='ltr' id='par_1_14' title="bbox 67 1388 1669 1465">
     <span class='ocr_line' id='line_1_14' title="bbox 67 1388 1669 1465; baseline 0.004 -24"><span class='ocrx_word' id='word_1_85' title='bbox 67 1404 193 1458; x_wconf 81' lang='grc' dir='ltr'><strong>σης.</strong></span> <span class='ocrx_word' id='word_1_86' title='bbox 225 1389 406 1462; x_wconf 74' lang='grc' dir='ltr'><strong>Εἴπερ</strong></span> <span class='ocrx_word' id='word_1_87' title='bbox 436 1388 546 1461; x_wconf 80' lang='grc' dir='ltr'><strong>γὰρ</strong></span> <span class='ocrx_word' id='word_1_88' title='bbox 568 1391 664 1444; x_wconf 76' lang='grc' dir='ltr'><strong>καὶ</strong></span> <span class='ocrx_word' id='word_1_89' title='bbox 683 1393 712 1445; x_wconf 86' lang='grc' dir='ltr'>ὁ</span> <span class='ocrx_word' id='word_1_90' title='bbox 736 1391 1008 1463; x_wconf 81' lang='grc' dir='ltr'><strong>πρόφασίς</strong></span> <span class='ocrx_word' id='word_1_91' title='bbox 1036 1409 1143 1446; x_wconf 89' lang='grc' dir='ltr'><strong>τινι</strong></span> <span class='ocrx_word' id='word_1_92' title='bbox 1164 1392 1456 1463; x_wconf 83' lang='grc' dir='ltr'><strong>γενόμενος</strong></span> <span class='ocrx_word' id='word_1_93' title='bbox 1486 1394 1669 1465; x_wconf 84' lang='grc' dir='ltr'><strong>ἁμαρ-</strong></span> 
     </span>
    </p>
   </div>
   <div class='ocr_carea' id='block_1_15' title="bbox 68 1481 1672 1558">
    <p class='ocr_par' dir='ltr' id='par_1_15' title="bbox 68 1481 1672 1558">
     <span class='ocr_line' id='line_1_15' title="bbox 68 1481 1672 1558; baseline 0.004 -25"><span class='ocrx_word' id='word_1_94' title='bbox 68 1481 214 1545; x_wconf 80' lang='grc' dir='ltr'><strong>τίας,</strong></span> <span class='ocrx_word' id='word_1_95' title='bbox 238 1481 323 1552; x_wconf 79' lang='grc' dir='ltr'><strong>τῷ</strong></span> <span class='ocrx_word' id='word_1_96' title='bbox 348 1482 512 1547; x_wconf 80' lang='grc' dir='ltr'><strong>αὐτὸς</strong></span> <span class='ocrx_word' id='word_1_97' title='bbox 531 1484 623 1537; x_wconf 80' lang='grc' dir='ltr'><strong>ἐπὶ</strong></span> <span class='ocrx_word' id='word_1_98' title='bbox 647 1483 850 1557; x_wconf 84' lang='grc' dir='ltr'><strong>ταύτην</strong></span> <span class='ocrx_word' id='word_1_99' title='bbox 878 1485 1227 1558; x_wconf 80' lang='grc' dir='ltr'><strong>κεκινηκέναι</strong></span> <span class='ocrx_word' id='word_1_100' title='bbox 1249 1485 1341 1539; x_wconf 82' lang='grc' dir='ltr'><strong>τὸν</strong></span> <span class='ocrx_word' id='word_1_101' title='bbox 1362 1486 1672 1558; x_wconf 83' lang='grc' dir='ltr'><strong>ἁμαρτάνο-</strong></span> 
     </span>
    </p>
   </div>
   <div class='ocr_carea' id='block_1_16' title="bbox 68 1574 1673 1649">
    <p class='ocr_par' dir='ltr' id='par_1_16' title="bbox 68 1574 1673 1649">
     <span class='ocr_line' id='line_1_16' title="bbox 68 1574 1673 1649; baseline 0.003 -23"><span class='ocrx_word' id='word_1_102' title='bbox 68 1590 188 1637; x_wconf 83' lang='grc' dir='ltr'><strong>ντα,</strong></span> <span class='ocrx_word' id='word_1_103' title='bbox 210 1574 362 1628; x_wconf 81' lang='grc' dir='ltr'><strong>τίσει</strong></span> <span class='ocrx_word' id='word_1_104' title='bbox 375 1574 532 1640; x_wconf 89' lang='grc' dir='ltr'><strong>δίκας</strong></span> <span class='ocrx_word' id='word_1_105' title='bbox 550 1576 644 1629; x_wconf 74' lang='grc' dir='ltr'><strong>ἐπὶ</strong></span> <span class='ocrx_word' id='word_1_106' title='bbox 657 1579 768 1640; x_wconf 89' lang='grc' dir='ltr'><strong>τοῖς</strong></span> <span class='ocrx_word' id='word_1_107' title='bbox 785 1576 852 1629; x_wconf 91' lang='grc' dir='ltr'><strong>δι’</strong></span> <span class='ocrx_word' id='word_1_108' title='bbox 870 1576 1033 1630; x_wconf 75' lang='grc' dir='ltr'><strong>αὑτὸν</strong></span> <span class='ocrx_word' id='word_1_109' title='bbox 1050 1574 1354 1649; x_wconf 85' lang='grc' dir='ltr'><strong>ἀνθρώπων</strong></span> <span class='ocrx_word' id='word_1_110' title='bbox 1370 1578 1475 1631; x_wconf 76' lang='grc' dir='ltr'><strong>τινὶ</strong></span> <span class='ocrx_word' id='word_1_111' title='bbox 1493 1580 1673 1649; x_wconf 88' lang='grc' dir='ltr'><strong>ήμαρ-</strong></span> 
     </span>
    </p>
   </div>
   <div class='ocr_carea' id='block_1_17' title="bbox 66 1667 1668 1744">
    <p class='ocr_par' dir='ltr' id='par_1_17' title="bbox 66 1667 1668 1744">
     <span class='ocr_line' id='line_1_17' title="bbox 66 1667 1668 1744; baseline 0.002 -23"><span class='ocrx_word' id='word_1_112' title='bbox 66 1683 132 1739; x_wconf 80' lang='grc' dir='ltr'><strong>τη</strong></span> <span class='ocrx_word' id='word_1_113' title='bbox 140 1667 357 1738; x_wconf 86' lang='grc' dir='ltr'><strong>μένοις,</strong></span> <span class='ocrx_word' id='word_1_114' title='bbox 381 1668 499 1733; x_wconf 83' lang='grc' dir='ltr'><strong>πῶς</strong></span> <span class='ocrx_word' id='word_1_115' title='bbox 518 1669 639 1740; x_wconf 72' lang='grc' dir='ltr'><strong>οὐχὶ</strong></span> <span class='ocrx_word' id='word_1_116' title='bbox 666 1671 761 1723; x_wconf 71' lang='grc' dir='ltr'><strong>καὶ</strong></span> <span class='ocrx_word' id='word_1_117' title='bbox 784 1669 814 1722; x_wconf 81' lang='grc' dir='ltr'>ὁ</span> <span class='ocrx_word' id='word_1_118' title='bbox 837 1667 1027 1744; x_wconf 85' lang='grc' dir='ltr'><strong>παρὼν</strong></span> <span class='ocrx_word' id='word_1_119' title='bbox 1069 1669 1136 1741; x_wconf 77' lang='grc' dir='ltr'><strong>[Ῑ.</strong></span> <span class='ocrx_word' id='word_1_120' title='bbox 1168 1669 1365 1742; x_wconf 81' lang='grc' dir='ltr'><strong>παρὸν]</strong></span> <span class='ocrx_word' id='word_1_121' title='bbox 1401 1670 1668 1733; x_wconf 81' lang='grc' dir='ltr'><strong>ἐκκλῖναι,</strong></span> 
     </span>
    </p>
   </div>
   <div class='ocr_carea' id='block_1_18' title="bbox 69 1759 1672 1836">
    <p class='ocr_par' dir='ltr' id='par_1_18' title="bbox 69 1759 1672 1836">
     <span class='ocr_line' id='line_1_18' title="bbox 69 1759 1672 1836; baseline 0.003 -25"><span class='ocrx_word' id='word_1_122' title='bbox 69 1759 157 1812; x_wconf 83' lang='grc' dir='ltr'><strong>ίνα</strong></span> <span class='ocrx_word' id='word_1_123' title='bbox 183 1759 265 1833; x_wconf 77' lang='grc' dir='ltr'><strong>μή</strong></span> <span class='ocrx_word' id='word_1_124' title='bbox 281 1762 313 1814; x_wconf 85' lang='grc' dir='ltr'>ὁ</span> <span class='ocrx_word' id='word_1_125' title='bbox 334 1761 487 1817; x_wconf 85' lang='grc' dir='ltr'><strong>δεῖνα</strong></span> <span class='ocrx_word' id='word_1_126' title='bbox 512 1761 783 1835; x_wconf 78' lang='grc' dir='ltr'><strong>προδότης</strong></span> <span class='ocrx_word' id='word_1_127' title='bbox 802 1763 1133 1836; x_wconf 79' lang='grc' dir='ltr'><strong>Χριστιανοῦ</strong></span> <span class='ocrx_word' id='word_1_128' title='bbox 1157 1762 1404 1835; x_wconf 87' lang='grc' dir='ltr'><strong>γένηται,</strong></span> <span class='ocrx_word' id='word_1_129' title='bbox 1438 1764 1533 1817; x_wconf 78' lang='grc' dir='ltr'><strong>καὶ</strong></span> <span class='ocrx_word' id='word_1_130' title='bbox 1552 1763 1672 1817; x_wconf 89' lang='grc' dir='ltr'><strong>ἐπί-</strong></span> 
     </span>
    </p>
   </div>
   <div class='ocr_carea' id='block_1_19' title="bbox 69 1850 1672 1929">
    <p class='ocr_par' dir='ltr' id='par_1_19' title="bbox 69 1850 1672 1929">
     <span class='ocr_line' id='line_1_19' title="bbox 69 1850 1672 1929; baseline 0.004 -25"><span class='ocrx_word' id='word_1_131' title='bbox 69 1850 266 1918; x_wconf 78' lang='grc' dir='ltr'><strong>ϐουλος</strong></span> <span class='ocrx_word' id='word_1_132' title='bbox 291 1854 400 1925; x_wconf 82' lang='grc' dir='ltr'><strong>τῆς</strong></span> <span class='ocrx_word' id='word_1_133' title='bbox 426 1854 569 1909; x_wconf 87' lang='grc' dir='ltr'><strong>κατά</strong></span> <span class='ocrx_word' id='word_1_134' title='bbox 597 1855 692 1909; x_wconf 76' lang='grc' dir='ltr'><strong>τὸν</strong></span> <span class='ocrx_word' id='word_1_135' title='bbox 744 1856 951 1928; x_wconf 80' lang='grc' dir='ltr'><strong>Ἰησοῦν</strong></span> <span class='ocrx_word' id='word_1_136' title='bbox 979 1855 1289 1921; x_wconf 86' lang='grc' dir='ltr'><strong>θεοσεϐείας</strong></span> <span class='ocrx_word' id='word_1_137' title='bbox 1316 1857 1391 1929; x_wconf 79' lang='grc' dir='ltr'><strong>μὴ</strong></span> <span class='ocrx_word' id='word_1_138' title='bbox 1419 1858 1672 1922; x_wconf 86' lang='grc' dir='ltr'><strong>ἐκκλίνας</strong></span> 
     </span>
    </p>
   </div>
   <div class='ocr_carea' id='block_1_20' title="bbox 73 1926 1743 2022">
    <p class='ocr_par' dir='ltr' id='par_1_20' title="bbox 73 1926 1743 2022">
     <span class='ocr_line' id='line_1_20' title="bbox 73 1926 1743 2022; baseline -0.002 -19"><span class='ocrx_word' id='word_1_139' title='bbox 73 1945 197 2015; x_wconf 82' lang='grc' dir='ltr'><strong>μὲν,</strong></span> <span class='ocrx_word' id='word_1_140' title='bbox 234 1948 338 2001; x_wconf 72' lang='grc' dir='ltr'><strong>καὶ</strong></span> <span class='ocrx_word' id='word_1_141' title='bbox 368 1926 822 2021; x_wconf 82' lang='grc' dir='ltr'><strong>προσπαροξύνας</strong></span> <span class='ocrx_word' id='word_1_142' title='bbox 850 1949 929 2013; x_wconf 87' lang='grc' dir='ltr'><strong>δέ,</strong></span> <span class='ocrx_word' id='word_1_143' title='bbox 971 1951 1093 2021; x_wconf 73' lang='grc' dir='ltr'><strong>οὐχὶ</strong></span> <span class='ocrx_word' id='word_1_144' title='bbox 1118 1949 1212 2003; x_wconf 77' lang='grc' dir='ltr'><strong>καὶ</strong></span> <span class='ocrx_word' id='word_1_145' title='bbox 1236 1926 1487 2022; x_wconf 71' lang='grc' dir='ltr'><strong>περὶτῆς</strong></span> <span class='ocrx_word' id='word_1_146' title='bbox 1521 1950 1667 2004; x_wconf 84' lang='grc' dir='ltr'><strong>ἐκεί·</strong></span> <span class='ocrx_word' id='word_1_147' title='bbox 1700 1926 1743 1980; x_wconf 77' lang='grc' dir='ltr'><strong>Β</strong></span> 
     </span>
    </p>
   </div>
   <div class='ocr_carea' id='block_1_21' title="bbox 71 2041 1669 2115">
    <p class='ocr_par' dir='ltr' id='par_1_21' title="bbox 71 2041 1669 2115">
     <span class='ocr_line' id='line_1_21' title="bbox 71 2041 1669 2115; baseline 0.003 -21"><span class='ocrx_word' id='word_1_148' title='bbox 71 2058 160 2093; x_wconf 86' lang='grc' dir='ltr'><strong>νου</strong></span> <span class='ocrx_word' id='word_1_149' title='bbox 184 2041 473 2113; x_wconf 80' lang='grc' dir='ltr'><strong>ἁμαρτίας</strong></span> <span class='ocrx_word' id='word_1_150' title='bbox 500 2042 660 2097; x_wconf 86' lang='grc' dir='ltr'><strong>δώσει</strong></span> <span class='ocrx_word' id='word_1_151' title='bbox 685 2043 866 2113; x_wconf 90' lang='grc' dir='ltr'><strong>λόγον,</strong></span> <span class='ocrx_word' id='word_1_152' title='bbox 906 2042 1031 2108; x_wconf 78' lang='grc' dir='ltr'><strong>κᾶν,</strong></span> <span class='ocrx_word' id='word_1_153' title='bbox 1060 2043 1122 2097; x_wconf 84' lang='grc' dir='ltr'><strong>τὸ</strong></span> <span class='ocrx_word' id='word_1_154' title='bbox 1146 2043 1270 2098; x_wconf 82' lang='grc' dir='ltr'><strong>ὅσον</strong></span> <span class='ocrx_word' id='word_1_155' title='bbox 1291 2044 1471 2115; x_wconf 83' lang='grc' dir='ltr'><strong>ἐπὶτῇ</strong></span> <span class='ocrx_word' id='word_1_156' title='bbox 1497 2045 1579 2108; x_wconf 84' lang='grc' dir='ltr'><strong>είς</strong></span> <span class='ocrx_word' id='word_1_157' title='bbox 1607 2044 1669 2098; x_wconf 78' lang='grc' dir='ltr'><strong>τὸ</strong></span> 
     </span>
    </p>
   </div>
   <div class='ocr_carea' id='block_1_22' title="bbox 73 2134 1671 2208">
    <p class='ocr_par' dir='ltr' id='par_1_22' title="bbox 73 2134 1671 2208">
     <span class='ocr_line' id='line_1_22' title="bbox 73 2134 1671 2208; baseline 0.003 -23"><span class='ocrx_word' id='word_1_158' title='bbox 73 2137 385 2206; x_wconf 77' lang='grc' dir='ltr'><strong>μαρτυρεῖν</strong></span> <span class='ocrx_word' id='word_1_159' title='bbox 408 2134 688 2208; x_wconf 74' lang='grc' dir='ltr'><strong>προθυμία</strong></span> <span class='ocrx_word' id='word_1_160' title='bbox 717 2135 812 2190; x_wconf 71' lang='grc' dir='ltr'><strong>καὶ</strong></span> <span class='ocrx_word' id='word_1_161' title='bbox 834 2138 898 2207; x_wconf 77' lang='grc' dir='ltr'><strong>τῇ</strong></span> <span class='ocrx_word' id='word_1_162' title='bbox 934 2138 1014 2200; x_wconf 89' lang='grc' dir='ltr'><strong>είς</strong></span> <span class='ocrx_word' id='word_1_163' title='bbox 1045 2135 1205 2189; x_wconf 86' lang='grc' dir='ltr'><strong>τοῦτο</strong></span> <span class='ocrx_word' id='word_1_164' title='bbox 1231 2134 1469 2207; x_wconf 79' lang='grc' dir='ltr'><strong>ἀνδρείᾳ,</strong></span> <span class='ocrx_word' id='word_1_165' title='bbox 1505 2134 1671 2207; x_wconf 85' lang='grc' dir='ltr'><strong>τιμῆς</strong></span> 
     </span>
    </p>
   </div>
   <div class='ocr_carea' id='block_1_23' title="bbox 70 2223 1666 2303">
    <p class='ocr_par' dir='ltr' id='par_1_23' title="bbox 70 2223 1666 2303">
     <span class='ocr_line' id='line_1_23' title="bbox 70 2223 1666 2303; baseline 0.009 -24"><span class='ocrx_word' id='word_1_166' title='bbox 70 2227 166 2280; x_wconf 75' lang='grc' dir='ltr'><strong>καὶ</strong></span> <span class='ocrx_word' id='word_1_167' title='bbox 203 2228 490 2300; x_wconf 78' lang='grc' dir='ltr'><strong>ἀποδοχῆς</strong></span> <span class='ocrx_word' id='word_1_168' title='bbox 518 2228 666 2296; x_wconf 79' lang='grc' dir='ltr'><strong>ἄξιος</strong></span> <span class='ocrx_word' id='word_1_169' title='bbox 799 2228 947 2300; x_wconf 80' lang='grc' dir='ltr'><strong>παρὰ</strong></span> <span class='ocrx_word' id='word_1_170' title='bbox 980 2227 1061 2299; x_wconf 86' lang='grc' dir='ltr'><strong>τῷ</strong></span> <span class='ocrx_word' id='word_1_171' title='bbox 1108 2228 1488 2299; x_wconf 82' lang='grc' dir='ltr'><strong>εὐσεϐουμένῳ</strong></span> <span class='ocrx_word' id='word_1_172' title='bbox 1527 2226 1666 2297; x_wconf 64' lang='grc' dir='ltr'><strong>Θεῷ,</strong></span> 
     </span>
    </p>
   </div>
   <div class='ocr_carea' id='block_1_24' title="bbox 70 2318 1666 2394">
    <p class='ocr_par' dir='ltr' id='par_1_24' title="bbox 70 2318 1666 2394">
     <span class='ocr_line' id='line_1_24' title="bbox 70 2318 1666 2394; baseline -0.001 -21"><span class='ocrx_word' id='word_1_173' title='bbox 70 2321 164 2373; x_wconf 73' lang='grc' dir='ltr'><strong>καὶ</strong></span> <span class='ocrx_word' id='word_1_174' title='bbox 184 2320 615 2394; x_wconf 84' lang='grc' dir='ltr'><strong>όμολογουμένῳ</strong></span> <span class='ocrx_word' id='word_1_175' title='bbox 635 2322 726 2375; x_wconf 84' lang='grc' dir='ltr'><strong>ὁπ’</strong></span> <span class='ocrx_word' id='word_1_176' title='bbox 759 2320 924 2375; x_wconf 85' lang='grc' dir='ltr'><strong>αὐτοῦ</strong></span> <span class='ocrx_word' id='word_1_177' title='bbox 958 2321 1212 2392; x_wconf 84' lang='grc' dir='ltr'><strong>Σωτῆρι;</strong></span> <span class='ocrx_word' id='word_1_178' title='bbox 1247 2321 1371 2374; x_wconf 88' lang='grc' dir='ltr'><strong>’Ότι</strong></span> <span class='ocrx_word' id='word_1_179' title='bbox 1411 2319 1469 2373; x_wconf 78' lang='grc' dir='ltr'><strong>δὲ</strong></span> <span class='ocrx_word' id='word_1_180' title='bbox 1507 2318 1666 2390; x_wconf 85' lang='grc' dir='ltr'><strong>ήμῶν</strong></span> 
     </span>
    </p>
   </div>
   <div class='ocr_carea' id='block_1_25' title="bbox 70 2411 1670 2485">
    <p class='ocr_par' dir='ltr' id='par_1_25' title="bbox 70 2411 1670 2485">
     <span class='ocr_line' id='line_1_25' title="bbox 70 2411 1670 2485; baseline 0 -20"><span class='ocrx_word' id='word_1_181' title='bbox 70 2412 260 2465; x_wconf 73' lang='grc' dir='ltr'><strong>ἕνεκεν</strong></span> <span class='ocrx_word' id='word_1_182' title='bbox 282 2412 358 2467; x_wconf 78' lang='grc' dir='ltr'><strong>τὰ</strong></span> <span class='ocrx_word' id='word_1_183' title='bbox 389 2413 616 2468; x_wconf 85' lang='grc' dir='ltr'><strong>τοιαῦτα</strong></span> <span class='ocrx_word' id='word_1_184' title='bbox 639 2414 972 2485; x_wconf 82' lang='grc' dir='ltr'><strong>γέγραπται,</strong></span> <span class='ocrx_word' id='word_1_185' title='bbox 1002 2412 1069 2465; x_wconf 77' lang='grc' dir='ltr'><strong>ἵν’</strong></span> <span class='ocrx_word' id='word_1_186' title='bbox 1107 2414 1292 2483; x_wconf 66' lang='grc' dir='ltr'><strong>ἡμεῖς,</strong></span> <span class='ocrx_word' id='word_1_187' title='bbox 1319 2411 1670 2482; x_wconf 80' lang='grc' dir='ltr'><strong>παράδειγμα</strong></span> 
     </span>
    </p>
   </div>
   <div class='ocr_carea' id='block_1_26' title="bbox 73 2499 1671 2574">
    <p class='ocr_par' dir='ltr' id='par_1_26' title="bbox 73 2499 1671 2574">
     <span class='ocr_line' id='line_1_26' title="bbox 73 2499 1671 2574; baseline 0.001 -22"><span class='ocrx_word' id='word_1_188' title='bbox 73 2499 297 2572; x_wconf 77' lang='grc' dir='ltr'><strong>ἔχοντες</strong></span> <span class='ocrx_word' id='word_1_189' title='bbox 318 2501 414 2556; x_wconf 75' lang='grc' dir='ltr'><strong>τὸν</strong></span> <span class='ocrx_word' id='word_1_190' title='bbox 447 2502 675 2574; x_wconf 83' lang='grc' dir='ltr'><strong>Ἰησοῦν,</strong></span> <span class='ocrx_word' id='word_1_191' title='bbox 712 2503 810 2555; x_wconf 82' lang='grc' dir='ltr'><strong>καὶ</strong></span> <span class='ocrx_word' id='word_1_192' title='bbox 848 2504 908 2555; x_wconf 86' lang='grc' dir='ltr'><strong>ἐν</strong></span> <span class='ocrx_word' id='word_1_193' title='bbox 933 2505 1046 2567; x_wconf 86' lang='grc' dir='ltr'><strong>τοῖς</strong></span> <span class='ocrx_word' id='word_1_194' title='bbox 1068 2502 1331 2567; x_wconf 78' lang='grc' dir='ltr'><strong>τοιούτοις</strong></span> <span class='ocrx_word' id='word_1_195' title='bbox 1374 2502 1538 2555; x_wconf 80' lang='grc' dir='ltr'><strong>αὑτοῦ</strong></span> <span class='ocrx_word' id='word_1_196' title='bbox 1576 2519 1671 2571; x_wconf 94' lang='grc' dir='ltr'><strong>μι-</strong></span> 
     </span>
    </p>
   </div>
   <div class='ocr_carea' id='block_1_27' title="bbox 76 2593 1666 2668">
    <p class='ocr_par' dir='ltr' id='par_1_27' title="bbox 76 2593 1666 2668">
     <span class='ocr_line' id='line_1_27' title="bbox 76 2593 1666 2668; baseline 0.003 -23"><span class='ocrx_word' id='word_1_197' title='bbox 76 2595 249 2664; x_wconf 78' lang='grc' dir='ltr'><strong>μηταὶ</strong></span> <span class='ocrx_word' id='word_1_198' title='bbox 300 2593 614 2666; x_wconf 81' lang='grc' dir='ltr'><strong>γενώμεθα,</strong></span> <span class='ocrx_word' id='word_1_199' title='bbox 678 2597 1022 2668; x_wconf 81' lang='grc' dir='ltr'><strong>παραστήσει</strong></span> <span class='ocrx_word' id='word_1_200' title='bbox 1069 2600 1103 2667; x_wconf 82' lang='grc' dir='ltr'><strong>ή</strong></span> <span class='ocrx_word' id='word_1_201' title='bbox 1156 2594 1388 2663; x_wconf 82' lang='grc' dir='ltr'><strong>λέγουσα</strong></span> <span class='ocrx_word' id='word_1_202' title='bbox 1441 2595 1666 2667; x_wconf 84' lang='grc' dir='ltr'><strong>Γραφή’</strong></span> 
     </span>
    </p>
   </div>
   <div class='ocr_carea' id='block_1_28' title="bbox 81 2681 1670 2758">
    <p class='ocr_par' dir='ltr' id='par_1_28' title="bbox 81 2681 1670 2758">
     <span class='ocr_line' id='line_1_28' title="bbox 81 2681 1670 2758; baseline 0.002 -22"><span class='ocrx_word' id='word_1_203' title='bbox 81 2702 99 2736; x_wconf 84' lang='grc' dir='ltr'><strong>ι</strong></span> <span class='ocrx_word' id='word_1_204' title='bbox 138 2684 407 2758; x_wconf 77' lang='grc' dir='ltr'><strong>Ἐζήτουν</strong></span> <span class='ocrx_word' id='word_1_205' title='bbox 438 2681 532 2742; x_wconf 79' lang='grc' dir='ltr'><strong>οὖν</strong></span> <span class='ocrx_word' id='word_1_206' title='bbox 570 2687 733 2741; x_wconf 75' lang='grc' dir='ltr'><strong>αὑτὸν</strong></span> <span class='ocrx_word' id='word_1_207' title='bbox 784 2689 999 2752; x_wconf 87' lang='grc' dir='ltr'><strong>πιάσαι,</strong></span> <span class='ocrx_word' id='word_1_208' title='bbox 1056 2688 1154 2741; x_wconf 74' lang='grc' dir='ltr'><strong>καὶ</strong></span> <span class='ocrx_word' id='word_1_209' title='bbox 1196 2686 1373 2750; x_wconf 73' lang='grc' dir='ltr'><strong>οὐδεὶς</strong></span> <span class='ocrx_word' id='word_1_210' title='bbox 1407 2686 1670 2740; x_wconf 85' lang='grc' dir='ltr'><strong>ἐπέϐαλεν</strong></span> 
     </span>
    </p>
   </div>
   <div class='ocr_carea' id='block_1_29' title="bbox 74 2777 1673 2852">
    <p class='ocr_par' dir='ltr' id='par_1_29' title="bbox 74 2777 1673 2852">
     <span class='ocr_line' id='line_1_29' title="bbox 74 2777 1673 2852; baseline 0.001 -22"><span class='ocrx_word' id='word_1_211' title='bbox 74 2777 160 2831; x_wconf 83' lang='grc' dir='ltr'><strong>ἐπ’</strong></span> <span class='ocrx_word' id='word_1_212' title='bbox 188 2778 360 2833; x_wconf 69' lang='grc' dir='ltr'><strong>αὑτὸν</strong></span> <span class='ocrx_word' id='word_1_213' title='bbox 392 2780 495 2851; x_wconf 80' lang='grc' dir='ltr'><strong>τὴν</strong></span> <span class='ocrx_word' id='word_1_214' title='bbox 541 2784 721 2852; x_wconf 72' lang='grc' dir='ltr'><strong>χεῖρα,</strong></span> <span class='ocrx_word' id='word_1_215' title='bbox 764 2781 847 2834; x_wconf 82' lang='grc' dir='ltr'><strong>ὅτι</strong></span> <span class='ocrx_word' id='word_1_216' title='bbox 880 2779 1035 2834; x_wconf 78' lang='grc' dir='ltr'><strong>οὔπω</strong></span> <span class='ocrx_word' id='word_1_217' title='bbox 1087 2778 1333 2850; x_wconf 75' lang='grc' dir='ltr'><strong>ἐληλύθει</strong></span> <span class='ocrx_word' id='word_1_218' title='bbox 1365 2782 1398 2851; x_wconf 88' lang='grc' dir='ltr'><strong>ή</strong></span> <span class='ocrx_word' id='word_1_219' title='bbox 1428 2778 1547 2851; x_wconf 82' lang='grc' dir='ltr'><strong>ὥρα</strong></span> <span class='ocrx_word' id='word_1_220' title='bbox 1576 2779 1673 2833; x_wconf 88' lang='grc' dir='ltr'><strong>αύ-</strong></span> 
     </span>
    </p>
   </div>
   <div class='ocr_carea' id='block_1_30' title="bbox 75 2868 1671 2945">
    <p class='ocr_par' dir='ltr' id='par_1_30' title="bbox 75 2868 1671 2945">
     <span class='ocr_line' id='line_1_30' title="bbox 75 2868 1671 2945; baseline 0 -24"><span class='ocrx_word' id='word_1_221' title='bbox 75 2868 190 2922; x_wconf 80' lang='grc' dir='ltr'><strong>τοῦ.</strong></span> <span class='ocrx_word' id='word_1_222' title='bbox 225 2889 245 2921; x_wconf 77' lang='grc' dir='ltr'><strong>ι</strong></span> <span class='ocrx_word' id='word_1_223' title='bbox 283 2871 376 2935; x_wconf 78' lang='grc' dir='ltr'><strong>Ὠς</strong></span> <span class='ocrx_word' id='word_1_224' title='bbox 399 2872 529 2945; x_wconf 84' lang='grc' dir='ltr'><strong>γὰρ,</strong></span> <span class='ocrx_word' id='word_1_225' title='bbox 556 2872 700 2925; x_wconf 86' lang='grc' dir='ltr'><strong>κατά</strong></span> <span class='ocrx_word' id='word_1_226' title='bbox 717 2871 777 2926; x_wconf 83' lang='grc' dir='ltr'><strong>τὸ</strong></span> <span class='ocrx_word' id='word_1_227' title='bbox 796 2871 956 2944; x_wconf 75' lang='grc' dir='ltr'><strong>ῥητὸν</strong></span> <span class='ocrx_word' id='word_1_228' title='bbox 978 2870 1159 2934; x_wconf 84' lang='grc' dir='ltr'><strong>τοῦτο,</strong></span> <span class='ocrx_word' id='word_1_229' title='bbox 1185 2869 1275 2924; x_wconf 93' lang='grc' dir='ltr'><strong>διά</strong></span> <span class='ocrx_word' id='word_1_230' title='bbox 1289 2870 1467 2935; x_wconf 85' lang='grc' dir='ltr'><strong>τοῦτο,</strong></span> <span class='ocrx_word' id='word_1_231' title='bbox 1496 2869 1671 2934; x_wconf 75' lang='grc' dir='ltr'><strong>οὐδεὶς</strong></span> 
     </span>
    </p>
   </div>
   <div class='ocr_carea' id='block_1_31' title="bbox 75 2959 1671 3036">
    <p class='ocr_par' dir='ltr' id='par_1_31' title="bbox 75 2959 1671 3036">
     <span class='ocr_line' id='line_1_31' title="bbox 75 2959 1671 3036; baseline 0 -23"><span class='ocrx_word' id='word_1_232' title='bbox 75 2960 348 3017; x_wconf 82' lang='grc' dir='ltr'><strong>ἐπέϐαλεν</strong></span> <span class='ocrx_word' id='word_1_233' title='bbox 372 2963 460 3017; x_wconf 76' lang='grc' dir='ltr'><strong>ἐπ’</strong></span> <span class='ocrx_word' id='word_1_234' title='bbox 486 2964 650 3019; x_wconf 79' lang='grc' dir='ltr'><strong>αὐτὸν</strong></span> <span class='ocrx_word' id='word_1_235' title='bbox 678 2964 777 3036; x_wconf 79' lang='grc' dir='ltr'><strong>τὴν</strong></span> <span class='ocrx_word' id='word_1_236' title='bbox 814 2964 992 3036; x_wconf 88' lang='grc' dir='ltr'><strong>χεῖρα,</strong></span> <span class='ocrx_word' id='word_1_237' title='bbox 1026 2961 1269 3035; x_wconf 87' lang='grc' dir='ltr'><strong>παρόντα</strong></span> <span class='ocrx_word' id='word_1_238' title='bbox 1294 2962 1389 3015; x_wconf 83' lang='grc' dir='ltr'><strong>κα¹ι</strong></span> <span class='ocrx_word' id='word_1_239' title='bbox 1424 2961 1500 3031; x_wconf 83' lang='grc' dir='ltr'><strong>μὴ</strong></span> <span class='ocrx_word' id='word_1_240' title='bbox 1538 2959 1671 3030; x_wconf 81' lang='grc' dir='ltr'><strong>φεύ-</strong></span> 
     </span>
    </p>
   </div>
   <div class='ocr_carea' id='block_1_32' title="bbox 76 3051 1672 3128">
    <p class='ocr_par' dir='ltr' id='par_1_32' title="bbox 76 3051 1672 3128">
     <span class='ocr_line' id='line_1_32' title="bbox 76 3051 1672 3128; baseline -0.002 -20"><span class='ocrx_word' id='word_1_241' title='bbox 76 3070 266 3123; x_wconf 85' lang='grc' dir='ltr'><strong>γοντα,</strong></span> <span class='ocrx_word' id='word_1_242' title='bbox 301 3055 428 3109; x_wconf 76' lang='grc' dir='ltr'><strong>ἐπεὶ</strong></span> <span class='ocrx_word' id='word_1_243' title='bbox 461 3057 627 3128; x_wconf 87' lang='grc' dir='ltr'><strong>μήπω</strong></span> <span class='ocrx_word' id='word_1_244' title='bbox 659 3054 909 3126; x_wconf 79' lang='grc' dir='ltr'><strong>ἐληλύθει</strong></span> <span class='ocrx_word' id='word_1_245' title='bbox 941 3058 975 3126; x_wconf 88' lang='grc' dir='ltr'><strong>ή</strong></span> <span class='ocrx_word' id='word_1_246' title='bbox 1004 3053 1125 3126; x_wconf 83' lang='grc' dir='ltr'><strong>ὥρα</strong></span> <span class='ocrx_word' id='word_1_247' title='bbox 1152 3051 1341 3118; x_wconf 77' lang='grc' dir='ltr'><strong>αὐτοῦ,</strong></span> <span class='ocrx_word' id='word_1_248' title='bbox 1385 3051 1558 3115; x_wconf 77' lang='grc' dir='ltr'><strong>οὕτως</strong></span> <span class='ocrx_word' id='word_1_249' title='bbox 1578 3052 1672 3105; x_wconf 83' lang='grc' dir='ltr'><strong>καὶ</strong></span> 
     </span>
    </p>
   </div>
   <div class='ocr_carea' id='block_1_33' title="bbox 77 3144 1673 3221">
    <p class='ocr_par' dir='ltr' id='par_1_33' title="bbox 77 3144 1673 3221">
     <span class='ocr_line' id='line_1_33' title="bbox 77 3144 1673 3221; baseline -0.003 -20"><span class='ocrx_word' id='word_1_250' title='bbox 77 3149 249 3220; x_wconf 68' lang='grc' dir='ltr'><strong>χωρὶς</strong></span> <span class='ocrx_word' id='word_1_251' title='bbox 279 3147 378 3202; x_wconf 86' lang='grc' dir='ltr'><strong>τοῦ</strong></span> <span class='ocrx_word' id='word_1_252' title='bbox 405 3149 711 3221; x_wconf 81' lang='grc' dir='ltr'><strong>ἀναχωρεῖν</strong></span> <span class='ocrx_word' id='word_1_253' title='bbox 743 3149 803 3201; x_wconf 88' lang='grc' dir='ltr'><strong>ἐν</strong></span> <span class='ocrx_word' id='word_1_254' title='bbox 836 3147 914 3221; x_wconf 80' lang='grc' dir='ltr'><strong>τῷ</strong></span> <span class='ocrx_word' id='word_1_255' title='bbox 961 3146 1141 3220; x_wconf 81' lang='grc' dir='ltr'><strong>καιρῷ</strong></span> <span class='ocrx_word' id='word_1_256' title='bbox 1173 3144 1269 3201; x_wconf 85' lang='grc' dir='ltr'><strong>τοῦ</strong></span> <span class='ocrx_word' id='word_1_257' title='bbox 1307 3144 1532 3218; x_wconf 82' lang='grc' dir='ltr'><strong>μηδέπω</strong></span> <span class='ocrx_word' id='word_1_258' title='bbox 1575 3144 1673 3199; x_wconf 76' lang='grc' dir='ltr'><strong>αύ-</strong></span> 
     </span>
    </p>
   </div>
   <div class='ocr_carea' id='block_1_34' title="bbox 1770 660 3341 731">
    <p class='ocr_par' dir='ltr' id='par_1_34' title="bbox 1770 660 3341 731">
     <span class='ocr_line' id='line_1_34' title="bbox 1770 660 3341 731; baseline 0.001 -17"><span class='ocrx_word' id='word_1_259' title='bbox 1770 661 1899 715; x_wconf 85' lang='lat' dir='ltr'><strong>daut</strong></span> <span class='ocrx_word' id='word_1_260' title='bbox 1926 660 2026 726; x_wconf 90' lang='lat' dir='ltr'><strong>illi,</strong></span> <span class='ocrx_word' id='word_1_261' title='bbox 2076 661 2170 731; x_wconf 90' lang='lat' dir='ltr'><strong>qui</strong></span> <span class='ocrx_word' id='word_1_262' title='bbox 2219 660 2455 715; x_wconf 87' lang='lat' dir='ltr'><strong>nondum</strong></span> <span class='ocrx_word' id='word_1_263' title='bbox 2486 660 2803 730; x_wconf 82' lang='lat' dir='ltr'><strong>sanguinem</strong></span> <span class='ocrx_word' id='word_1_264' title='bbox 2849 668 3093 717; x_wconf 86' lang='lat' dir='ltr'><strong>nostrum</strong></span> <span class='ocrx_word' id='word_1_265' title='bbox 3125 661 3341 731; x_wconf 86' lang='lat' dir='ltr'><strong>quidem</strong></span> 
     </span>
    </p>
   </div>
   <div class='ocr_carea' id='block_1_35' title="bbox 1770 752 3343 823">
    <p class='ocr_par' dir='ltr' id='par_1_35' title="bbox 1770 752 3343 823">
     <span class='ocr_line' id='line_1_35' title="bbox 1770 752 3343 823; baseline -0.001 -15"><span class='ocrx_word' id='word_1_266' title='bbox 1770 754 1946 823; x_wconf 86' lang='lat' dir='ltr'><strong>reipsa</strong></span> <span class='ocrx_word' id='word_1_267' title='bbox 1974 752 2234 812; x_wconf 72' lang='lat' dir='ltr'><strong>eﬂudisse</strong></span> <span class='ocrx_word' id='word_1_268' title='bbox 2276 755 2352 810; x_wconf 86' lang='lat' dir='ltr'><strong>rei</strong></span> <span class='ocrx_word' id='word_1_269' title='bbox 2402 765 2529 809; x_wconf 90' lang='lat' dir='ltr'><strong>sunt</strong></span> <span class='ocrx_word' id='word_1_270' title='bbox 2554 753 2716 819; x_wconf 80' lang='lat' dir='ltr'><strong>lacti;</strong></span> <span class='ocrx_word' id='word_1_271' title='bbox 2743 753 2934 822; x_wconf 75' lang='lat' dir='ltr'><strong>si&#39;qua:</strong></span> <span class='ocrx_word' id='word_1_272' title='bbox 2955 754 3007 807; x_wconf 93' lang='lat' dir='ltr'><strong>in</strong></span> <span class='ocrx_word' id='word_1_273' title='bbox 3033 753 3188 809; x_wconf 91' lang='lat' dir='ltr'><strong>nobis</strong></span> <span class='ocrx_word' id='word_1_274' title='bbox 3218 764 3343 808; x_wconf 88' lang='lat' dir='ltr'><strong>sunt</strong></span> 
     </span>
    </p>
   </div>
   <div class='ocr_carea' id='block_1_36' title="bbox 1768 843 3344 914">
    <p class='ocr_par' dir='ltr' id='par_1_36' title="bbox 1768 843 3344 914">
     <span class='ocr_line' id='line_1_36' title="bbox 1768 843 3344 914; baseline 0.002 -16"><span class='ocrx_word' id='word_1_275' title='bbox 1768 844 2066 911; x_wconf 78' lang='lat' dir='ltr'><strong>facientes,</strong></span> <span class='ocrx_word' id='word_1_276' title='bbox 2116 844 2571 901; x_wconf 86' lang='lat' dir='ltr'><strong>declinaverimus</strong></span> <span class='ocrx_word' id='word_1_277' title='bbox 2616 860 2714 900; x_wconf 88' lang='lat' dir='ltr'><strong>eos</strong></span> <span class='ocrx_word' id='word_1_278' title='bbox 2764 846 2858 914; x_wconf 87' lang='lat' dir='ltr'><strong>qui</strong></span> <span class='ocrx_word' id='word_1_279' title='bbox 2911 843 3137 900; x_wconf 81' lang='lat' dir='ltr'><strong>insidias</strong></span> <span class='ocrx_word' id='word_1_280' title='bbox 3186 845 3344 901; x_wconf 84' lang='lat' dir='ltr'><strong>nobis</strong></span> 
     </span>
    </p>
   </div>
   <div class='ocr_carea' id='block_1_37' title="bbox 1766 936 3343 1009">
    <p class='ocr_par' dir='ltr' id='par_1_37' title="bbox 1766 936 3343 1009">
     <span class='ocr_line' id='line_1_37' title="bbox 1766 936 3343 1009; baseline 0 -17"><span class='ocrx_word' id='word_1_281' title='bbox 1766 937 1854 993; x_wconf 89' lang='lat' dir='ltr'><strong>vel</strong></span> <span class='ocrx_word' id='word_1_282' title='bbox 1914 938 1984 994; x_wconf 86' lang='lat' dir='ltr'><strong>ad</strong></span> <span class='ocrx_word' id='word_1_283' title='bbox 2030 947 2263 994; x_wconf 90' lang='lat' dir='ltr'><strong>mortem</strong></span> <span class='ocrx_word' id='word_1_284' title='bbox 2315 952 2486 1009; x_wconf 90' lang='lat' dir='ltr'><strong>usque</strong></span> <span class='ocrx_word' id='word_1_285' title='bbox 2533 937 2874 1001; x_wconf 88' lang='lat' dir='ltr'><strong>moliuntur;</strong></span> <span class='ocrx_word' id='word_1_286' title='bbox 2937 936 3033 991; x_wconf 88' lang='lat' dir='ltr'><strong>sed</strong></span> <span class='ocrx_word' id='word_1_287' title='bbox 3087 936 3343 1008; x_wconf 77' lang='lat' dir='ltr'><strong>puniendi</strong></span> 
     </span>
    </p>
   </div>
   <div class='ocr_carea' id='block_1_38' title="bbox 1769 1028 3345 1101">
    <p class='ocr_par' dir='ltr' id='par_1_38' title="bbox 1769 1028 3345 1101">
     <span class='ocr_line' id='line_1_38' title="bbox 1769 1028 3345 1101; baseline -0.001 -16"><span class='ocrx_word' id='word_1_288' title='bbox 1769 1030 2009 1101; x_wconf 88' lang='lat' dir='ltr'><strong>alioquin</strong></span> <span class='ocrx_word' id='word_1_289' title='bbox 2040 1028 2235 1098; x_wconf 83' lang='lat' dir='ltr'><strong>majori</strong></span> <span class='ocrx_word' id='word_1_290' title='bbox 2266 1030 2616 1100; x_wconf 80' lang='lat' dir='ltr'><strong>graviorique</strong></span> <span class='ocrx_word' id='word_1_291' title='bbox 2651 1042 2813 1099; x_wconf 62' lang='lat' dir='ltr'><strong>poena</strong></span> <span class='ocrx_word' id='word_1_292' title='bbox 2859 1028 3029 1082; x_wconf 91' lang='lat' dir='ltr'><strong>nostri</strong></span> <span class='ocrx_word' id='word_1_293' title='bbox 3070 1042 3260 1095; x_wconf 88' lang='lat' dir='ltr'><strong>causa,</strong></span> <span class='ocrx_word' id='word_1_294' title='bbox 3297 1030 3345 1084; x_wconf 90' lang='lat' dir='ltr'><strong>si</strong></span> 
     </span>
    </p>
   </div>
   <div class='ocr_carea' id='block_1_39' title="bbox 1769 1121 3342 1194">
    <p class='ocr_par' dir='ltr' id='par_1_39' title="bbox 1769 1121 3342 1194">
     <span class='ocr_line' id='line_1_39' title="bbox 1769 1121 3342 1194; baseline -0.003 -13"><span class='ocrx_word' id='word_1_295' title='bbox 1769 1126 1942 1182; x_wconf 89' lang='lat' dir='ltr'><strong>nostri</strong></span> <span class='ocrx_word' id='word_1_296' title='bbox 1970 1135 2238 1187; x_wconf 89' lang='lat' dir='ltr'><strong>amantes,</strong></span> <span class='ocrx_word' id='word_1_297' title='bbox 2269 1126 2433 1180; x_wconf 87' lang='lat' dir='ltr'><strong>rebus</strong></span> <span class='ocrx_word' id='word_1_298' title='bbox 2456 1123 2672 1180; x_wconf 88' lang='lat' dir='ltr'><strong>illorum</strong></span> <span class='ocrx_word' id='word_1_299' title='bbox 2699 1121 3046 1193; x_wconf 73' lang='lat' dir='ltr'><strong>posthabitis,</strong></span> <span class='ocrx_word' id='word_1_300' title='bbox 3073 1137 3342 1194; x_wconf 78' lang='lat' dir='ltr'><strong>exposue-</strong></span> 
     </span>
    </p>
   </div>
   <div class='ocr_carea' id='block_1_40' title="bbox 1769 1211 3345 1283">
    <p class='ocr_par' dir='ltr' id='par_1_40' title="bbox 1769 1211 3345 1283">
     <span class='ocr_line' id='line_1_40' title="bbox 1769 1211 3345 1283; baseline -0.001 -15"><span class='ocrx_word' id='word_1_301' title='bbox 1769 1215 1943 1269; x_wconf 90' lang='lat' dir='ltr'><strong>rimus</strong></span> <span class='ocrx_word' id='word_1_302' title='bbox 1976 1228 2078 1269; x_wconf 89' lang='lat' dir='ltr'><strong>nos</strong></span> <span class='ocrx_word' id='word_1_303' title='bbox 2107 1214 2255 1283; x_wconf 84' lang='lat' dir='ltr'><strong>ipsos</strong></span> <span class='ocrx_word' id='word_1_304' title='bbox 2280 1211 2683 1277; x_wconf 78' lang='lat' dir='ltr'><strong>interﬁciendo,</strong></span> <span class='ocrx_word' id='word_1_305' title='bbox 2712 1211 2857 1267; x_wconf 88' lang='lat' dir='ltr'><strong>nulla</strong></span> <span class='ocrx_word' id='word_1_306' title='bbox 2887 1226 2986 1267; x_wconf 89' lang='lat' dir='ltr'><strong>nos</strong></span> <span class='ocrx_word' id='word_1_307' title='bbox 3018 1212 3345 1268; x_wconf 72' lang='lat' dir='ltr'><strong>necessitate</strong></span> 
     </span>
    </p>
   </div>
   <div class='ocr_carea' id='block_1_41' title="bbox 1770 1300 3342 1373">
    <p class='ocr_par' dir='ltr' id='par_1_41' title="bbox 1770 1300 3342 1373">
     <span class='ocr_line' id='line_1_41' title="bbox 1770 1300 3342 1373; baseline 0 -17"><span class='ocrx_word' id='word_1_308' title='bbox 1770 1309 2015 1372; x_wconf 88' lang='lat' dir='ltr'><strong>urgente.</strong></span> <span class='ocrx_word' id='word_1_309' title='bbox 2072 1300 2209 1356; x_wconf 77' lang='lat' dir='ltr'><strong>Nam</strong></span> <span class='ocrx_word' id='word_1_310' title='bbox 2237 1301 2284 1356; x_wconf 88' lang='lat' dir='ltr'><strong>si</strong></span> <span class='ocrx_word' id='word_1_311' title='bbox 2318 1302 2483 1356; x_wconf 87' lang='lat' dir='ltr'><strong>etiam</strong></span> <span class='ocrx_word' id='word_1_312' title='bbox 2514 1303 2607 1370; x_wconf 89' lang='lat' dir='ltr'><strong>qui</strong></span> <span class='ocrx_word' id='word_1_313' title='bbox 2651 1301 2814 1356; x_wconf 86' lang='lat' dir='ltr'><strong>alicui</strong></span> <span class='ocrx_word' id='word_1_314' title='bbox 2866 1302 3086 1358; x_wconf 86' lang='lat' dir='ltr'><strong>occasio</strong></span> <span class='ocrx_word' id='word_1_315' title='bbox 3132 1303 3342 1373; x_wconf 81' lang='lat' dir='ltr'><strong>peccati</strong></span> 
     </span>
    </p>
   </div>
   <div class='ocr_carea' id='block_1_42' title="bbox 1768 1392 3344 1463">
    <p class='ocr_par' dir='ltr' id='par_1_42' title="bbox 1768 1392 3344 1463">
     <span class='ocr_line' id='line_1_42' title="bbox 1768 1392 3344 1463; baseline 0.001 -16"><span class='ocrx_word' id='word_1_316' title='bbox 1768 1392 2161 1460; x_wconf 60' lang='lat' dir='ltr'><strong>factusi&#39;uerit,</strong></span> <span class='ocrx_word' id='word_1_317' title='bbox 2213 1393 2261 1448; x_wconf 89' lang='lat' dir='ltr'><strong>is</strong></span> <span class='ocrx_word' id='word_1_318' title='bbox 2294 1407 2486 1462; x_wconf 75' lang='lat' dir='ltr'><strong>pmnas</strong></span> <span class='ocrx_word' id='word_1_319' title='bbox 2534 1392 2684 1448; x_wconf 85' lang='lat' dir='ltr'><strong>dabit</strong></span> <span class='ocrx_word' id='word_1_320' title='bbox 2721 1393 2791 1450; x_wconf 93' lang='lat' dir='ltr'><strong>ob</strong></span> <span class='ocrx_word' id='word_1_321' title='bbox 2826 1409 2890 1450; x_wconf 91' lang='lat' dir='ltr'><strong>ea</strong></span> <span class='ocrx_word' id='word_1_322' title='bbox 2916 1409 3035 1463; x_wconf 68' lang='lat' dir='ltr'><strong>quae</strong></span> <span class='ocrx_word' id='word_1_323' title='bbox 3063 1395 3145 1449; x_wconf 91' lang='lat' dir='ltr'><strong>sui</strong></span> <span class='ocrx_word' id='word_1_324' title='bbox 3178 1409 3344 1450; x_wconf 80' lang='lat' dir='ltr'><strong>causa</strong></span> 
     </span>
    </p>
   </div>
   <div class='ocr_carea' id='block_1_43' title="bbox 1770 1485 3341 1557">
    <p class='ocr_par' dir='ltr' id='par_1_43' title="bbox 1770 1485 3341 1557">
     <span class='ocr_line' id='line_1_43' title="bbox 1770 1485 3341 1557; baseline 0.001 -17"><span class='ocrx_word' id='word_1_325' title='bbox 1770 1486 2116 1556; x_wconf 77' lang='lat' dir='ltr'><strong>peccaverint</strong></span> <span class='ocrx_word' id='word_1_326' title='bbox 2169 1485 2338 1555; x_wconf 89' lang='lat' dir='ltr'><strong>aliqui</strong></span> <span class='ocrx_word' id='word_1_327' title='bbox 2387 1485 2678 1553; x_wconf 84' lang='lat' dir='ltr'><strong>homines;</strong></span> <span class='ocrx_word' id='word_1_328' title='bbox 2731 1488 3004 1557; x_wconf 88' lang='lat' dir='ltr'><strong>quomodo</strong></span> <span class='ocrx_word' id='word_1_329' title='bbox 3035 1488 3341 1543; x_wconf 88' lang='lat' dir='ltr'><strong>nonetiam</strong></span> 
     </span>
    </p>
   </div>
   <div class='ocr_carea' id='block_1_44' title="bbox 1769 1562 3342 1646">
    <p class='ocr_par' dir='ltr' id='par_1_44' title="bbox 1769 1562 3342 1646">
     <span class='ocr_line' id='line_1_44' title="bbox 1769 1562 3342 1646; baseline -0.003 -16"><span class='ocrx_word' id='word_1_330' title='bbox 1769 1589 1961 1646; x_wconf 68' lang='lat' dir='ltr'><strong>poenas</strong></span> <span class='ocrx_word' id='word_1_331' title='bbox 1992 1576 2225 1631; x_wconf 87' lang='lat' dir='ltr'><strong>daturus</strong></span> <span class='ocrx_word' id='word_1_332' title='bbox 2245 1562 2354 1640; x_wconf 81' lang='lat' dir='ltr'><strong>est,</strong></span> <span class='ocrx_word' id='word_1_333' title='bbox 2405 1575 2495 1643; x_wconf 92' lang='lat' dir='ltr'><strong>qui</strong></span> <span class='ocrx_word' id='word_1_334' title='bbox 2531 1589 2654 1629; x_wconf 90' lang='lat' dir='ltr'><strong>cum</strong></span> <span class='ocrx_word' id='word_1_335' title='bbox 2696 1573 2998 1630; x_wconf 74' lang='lat' dir='ltr'><strong>declinandi</strong></span> <span class='ocrx_word' id='word_1_336' title='bbox 3033 1573 3342 1627; x_wconf 74' lang='lat' dir='ltr'><strong>facultatem</strong></span> 
     </span>
    </p>
   </div>
   <div class='ocr_carea' id='block_1_45' title="bbox 1772 1662 3346 1736">
    <p class='ocr_par' dir='ltr' id='par_1_45' title="bbox 1772 1662 3346 1736">
     <span class='ocr_line' id='line_1_45' title="bbox 1772 1662 3346 1736; baseline -0.002 -15"><span class='ocrx_word' id='word_1_337' title='bbox 1772 1666 1992 1730; x_wconf 84' lang='lat' dir='ltr'><strong>habeat,</strong></span> <span class='ocrx_word' id='word_1_338' title='bbox 2025 1680 2095 1721; x_wconf 86' lang='lat' dir='ltr'><strong>tte</strong></span> <span class='ocrx_word' id='word_1_339' title='bbox 2121 1666 2366 1736; x_wconf 86' lang='lat' dir='ltr'><strong>proditor</strong></span> <span class='ocrx_word' id='word_1_340' title='bbox 2399 1665 2490 1721; x_wconf 87' lang='lat' dir='ltr'><strong>ille</strong></span> <span class='ocrx_word' id='word_1_341' title='bbox 2519 1665 2814 1721; x_wconf 83' lang='lat' dir='ltr'><strong>Christiani</strong></span> <span class='ocrx_word' id='word_1_342' title='bbox 2861 1666 2931 1720; x_wconf 90' lang='lat' dir='ltr'><strong>sit</strong></span> <span class='ocrx_word' id='word_1_343' title='bbox 2975 1662 3243 1729; x_wconf 85' lang='lat' dir='ltr'><strong>hominis,</strong></span> <span class='ocrx_word' id='word_1_344' title='bbox 3289 1671 3346 1718; x_wconf 88' lang='lat' dir='ltr'><strong>et</strong></span> 
     </span>
    </p>
   </div>
   <div class='ocr_carea' id='block_1_46' title="bbox 1771 1753 3343 1826">
    <p class='ocr_par' dir='ltr' id='par_1_46' title="bbox 1771 1753 3343 1826">
     <span class='ocr_line' id='line_1_46' title="bbox 1771 1753 3343 1826; baseline -0.003 -16"><span class='ocrx_word' id='word_1_345' title='bbox 1771 1756 2063 1811; x_wconf 82' lang='lat' dir='ltr'><strong>insidiator</strong></span> <span class='ocrx_word' id='word_1_346' title='bbox 2090 1756 2276 1812; x_wconf 88' lang='lat' dir='ltr'><strong>cultus</strong></span> <span class='ocrx_word' id='word_1_347' title='bbox 2304 1755 2473 1811; x_wconf 82' lang='lat' dir='ltr'><strong>divini</strong></span> <span class='ocrx_word' id='word_1_348' title='bbox 2500 1769 2629 1826; x_wconf 84' lang='lat' dir='ltr'><strong>erga</strong></span> <span class='ocrx_word' id='word_1_349' title='bbox 2663 1753 2868 1820; x_wconf 89' lang='lat' dir='ltr'><strong>Iesum,</strong></span> <span class='ocrx_word' id='word_1_350' title='bbox 2902 1769 3009 1808; x_wconf 88' lang='lat' dir='ltr'><strong>non</strong></span> <span class='ocrx_word' id='word_1_351' title='bbox 3039 1753 3343 1808; x_wconf 84' lang='lat' dir='ltr'><strong>declinave-</strong></span> 
     </span>
    </p>
   </div>
   <div class='ocr_carea' id='block_1_47' title="bbox 1773 1842 3347 1919">
    <p class='ocr_par' dir='ltr' id='par_1_47' title="bbox 1773 1842 3347 1919">
     <span class='ocr_line' id='line_1_47' title="bbox 1773 1842 3347 1919; baseline -0.004 -15"><span class='ocrx_word' id='word_1_352' title='bbox 1773 1850 1878 1913; x_wconf 85' lang='lat' dir='ltr'><strong>rit;</strong></span> <span class='ocrx_word' id='word_1_353' title='bbox 1949 1848 2059 1904; x_wconf 88' lang='lat' dir='ltr'><strong>imo</strong></span> <span class='ocrx_word' id='word_1_354' title='bbox 2115 1849 2296 1919; x_wconf 84' lang='lat' dir='ltr'><strong>potius</strong></span> <span class='ocrx_word' id='word_1_355' title='bbox 2364 1848 2764 1912; x_wconf 88' lang='lat' dir='ltr'><strong>concitaverit,</strong></span> <span class='ocrx_word' id='word_1_356' title='bbox 2812 1846 3024 1902; x_wconf 87' lang='lat' dir='ltr'><strong>etiamsi</strong></span> <span class='ocrx_word' id='word_1_357' title='bbox 3078 1845 3220 1914; x_wconf 90' lang='lat' dir='ltr'><strong>quod</strong></span> <span class='ocrx_word' id='word_1_358' title='bbox 3278 1842 3347 1898; x_wconf 88' lang='lat' dir='ltr'><strong>ad</strong></span> 
     </span>
    </p>
   </div>
   <div class='ocr_carea' id='block_1_48' title="bbox 1771 1938 3348 2012">
    <p class='ocr_par' dir='ltr' id='par_1_48' title="bbox 1771 1938 3348 2012">
     <span class='ocr_line' id='line_1_48' title="bbox 1771 1938 3348 2012; baseline -0.004 -15"><span class='ocrx_word' id='word_1_359' title='bbox 1771 1944 2258 2012; x_wconf 85' lang='lat' dir='ltr'><strong>promptitudinem</strong></span> <span class='ocrx_word' id='word_1_360' title='bbox 2291 1942 2491 1997; x_wconf 87' lang='lat' dir='ltr'><strong>attinet</strong></span> <span class='ocrx_word' id='word_1_361' title='bbox 2516 1940 3028 2009; x_wconf 81' lang='lat' dir='ltr'><strong>fortitudinemque,</strong></span> <span class='ocrx_word' id='word_1_362' title='bbox 3067 1940 3170 1993; x_wconf 90' lang='lat' dir='ltr'><strong>hac</strong></span> <span class='ocrx_word' id='word_1_363' title='bbox 3195 1938 3250 1991; x_wconf 92' lang='lat' dir='ltr'><strong>in</strong></span> <span class='ocrx_word' id='word_1_364' title='bbox 3287 1950 3348 1991; x_wconf 91' lang='lat' dir='ltr'><strong>re</strong></span> 
     </span>
    </p>
   </div>
   <div class='ocr_carea' id='block_1_49' title="bbox 1770 2030 3348 2104">
    <p class='ocr_par' dir='ltr' id='par_1_49' title="bbox 1770 2030 3348 2104">
     <span class='ocr_line' id='line_1_49' title="bbox 1770 2030 3348 2104; baseline -0.005 -14"><span class='ocrx_word' id='word_1_365' title='bbox 1770 2037 1976 2091; x_wconf 87' lang='lat' dir='ltr'><strong>honore</strong></span> <span class='ocrx_word' id='word_1_366' title='bbox 2002 2050 2066 2091; x_wconf 88' lang='lat' dir='ltr'><strong>ac</strong></span> <span class='ocrx_word' id='word_1_367' title='bbox 2090 2034 2249 2089; x_wconf 88' lang='lat' dir='ltr'><strong>laude</strong></span> <span class='ocrx_word' id='word_1_368' title='bbox 2274 2035 2345 2090; x_wconf 86' lang='lat' dir='ltr'><strong>sit</strong></span> <span class='ocrx_word' id='word_1_369' title='bbox 2386 2034 2582 2104; x_wconf 85' lang='lat' dir='ltr'><strong>dignus</strong></span> <span class='ocrx_word' id='word_1_370' title='bbox 2626 2034 2765 2103; x_wconf 82' lang='lat' dir='ltr'><strong>apud</strong></span> <span class='ocrx_word' id='word_1_371' title='bbox 2813 2033 3007 2096; x_wconf 84' lang='lat' dir='ltr'><strong>Deum,</strong></span> <span class='ocrx_word' id='word_1_372' title='bbox 3053 2046 3212 2099; x_wconf 89' lang='lat' dir='ltr'><strong>quem</strong></span> <span class='ocrx_word' id='word_1_373' title='bbox 3261 2030 3348 2097; x_wconf 88' lang='lat' dir='ltr'><strong>pie</strong></span> 
     </span>
    </p>
   </div>
   <div class='ocr_carea' id='block_1_50' title="bbox 1769 2121 3347 2198">
    <p class='ocr_par' dir='ltr' id='par_1_50' title="bbox 1769 2121 3347 2198">
     <span class='ocr_line' id='line_1_50' title="bbox 1769 2121 3347 2198; baseline -0.006 -15"><span class='ocrx_word' id='word_1_374' title='bbox 1769 2128 1918 2194; x_wconf 86' lang='lat' dir='ltr'><strong>colit,</strong></span> <span class='ocrx_word' id='word_1_375' title='bbox 1945 2131 2196 2198; x_wconf 82' lang='lat' dir='ltr'><strong>apudque</strong></span> <span class='ocrx_word' id='word_1_376' title='bbox 2223 2127 2600 2192; x_wconf 86' lang='lat' dir='ltr'><strong>Servatorem,</strong></span> <span class='ocrx_word' id='word_1_377' title='bbox 2637 2140 2798 2195; x_wconf 91' lang='lat' dir='ltr'><strong>quem</strong></span> <span class='ocrx_word' id='word_1_378' title='bbox 2827 2124 3113 2179; x_wconf 76' lang='lat' dir='ltr'><strong>confessus</strong></span> <span class='ocrx_word' id='word_1_379' title='bbox 3144 2121 3347 2178; x_wconf 76' lang='lat' dir='ltr'><strong>fuerit?</strong></span> 
     </span>
    </p>
   </div>
   <div class='ocr_carea' id='block_1_51' title="bbox 1769 2214 3346 2289">
    <p class='ocr_par' dir='ltr' id='par_1_51' title="bbox 1769 2214 3346 2289">
     <span class='ocr_line' id='line_1_51' title="bbox 1769 2214 3346 2289; baseline -0.004 -15"><span class='ocrx_word' id='word_1_380' title='bbox 1769 2218 1941 2275; x_wconf 81' lang='lat' dir='ltr'><strong>Porro</strong></span> <span class='ocrx_word' id='word_1_381' title='bbox 1974 2220 2117 2289; x_wconf 91' lang='lat' dir='ltr'><strong>quod</strong></span> <span class='ocrx_word' id='word_1_382' title='bbox 2147 2219 2320 2274; x_wconf 88' lang='lat' dir='ltr'><strong>nostri</strong></span> <span class='ocrx_word' id='word_1_383' title='bbox 2365 2233 2532 2273; x_wconf 87' lang='lat' dir='ltr'><strong>causa</strong></span> <span class='ocrx_word' id='word_1_384' title='bbox 2579 2219 2694 2272; x_wconf 68' lang='lat' dir='ltr'><strong>haec</strong></span> <span class='ocrx_word' id='word_1_385' title='bbox 2741 2216 2943 2285; x_wconf 89' lang='lat' dir='ltr'><strong>scripta</strong></span> <span class='ocrx_word' id='word_1_386' title='bbox 2975 2214 3202 2279; x_wconf 78' lang='lat' dir='ltr'><strong>fuerint,</strong></span> <span class='ocrx_word' id='word_1_387' title='bbox 3237 2228 3346 2284; x_wconf 90' lang='lat' dir='ltr'><strong>quo</strong></span> 
     </span>
    </p>
   </div>
   <div class='ocr_carea' id='block_1_52' title="bbox 1769 2304 3349 2378">
    <p class='ocr_par' dir='ltr' id='par_1_52' title="bbox 1769 2304 3349 2378">
     <span class='ocr_line' id='line_1_52' title="bbox 1769 2304 3349 2378; baseline -0.004 -15"><span class='ocrx_word' id='word_1_388' title='bbox 1769 2307 1954 2364; x_wconf 75' lang='lat' dir='ltr'><strong>Iesum</strong></span> <span class='ocrx_word' id='word_1_389' title='bbox 1986 2308 2313 2364; x_wconf 86' lang='lat' dir='ltr'><strong>haberemus</strong></span> <span class='ocrx_word' id='word_1_390' title='bbox 2339 2309 2639 2378; x_wconf 80' lang='lat' dir='ltr'><strong>exemplar,</strong></span> <span class='ocrx_word' id='word_1_391' title='bbox 2676 2306 2846 2378; x_wconf 77' lang='lat'><strong>398</strong></span> <span class='ocrx_word' id='word_1_392' title='bbox 2889 2306 3043 2376; x_wconf 86' lang='lat' dir='ltr'><strong>cujus</strong></span> <span class='ocrx_word' id='word_1_393' title='bbox 3077 2307 3130 2359; x_wconf 94' lang='lat' dir='ltr'><strong>in</strong></span> <span class='ocrx_word' id='word_1_394' title='bbox 3161 2304 3349 2374; x_wconf 89' lang='lat' dir='ltr'><strong>hujus-</strong></span> 
     </span>
    </p>
   </div>
   <div class='ocr_carea' id='block_1_53' title="bbox 1769 2394 3348 2464">
    <p class='ocr_par' dir='ltr' id='par_1_53' title="bbox 1769 2394 3348 2464">
     <span class='ocr_line' id='line_1_53' title="bbox 1769 2394 3348 2464; baseline -0.004 -9"><span class='ocrx_word' id='word_1_395' title='bbox 1769 2399 1983 2455; x_wconf 87' lang='lat' dir='ltr'><strong>cemodi</strong></span> <span class='ocrx_word' id='word_1_396' title='bbox 2017 2398 2188 2454; x_wconf 87' lang='lat' dir='ltr'><strong>rebus</strong></span> <span class='ocrx_word' id='word_1_397' title='bbox 2218 2398 2525 2453; x_wconf 88' lang='lat' dir='ltr'><strong>imitatores</strong></span> <span class='ocrx_word' id='word_1_398' title='bbox 2549 2412 2818 2463; x_wconf 88' lang='lat' dir='ltr'><strong>essemus,</strong></span> <span class='ocrx_word' id='word_1_399' title='bbox 2860 2398 3017 2451; x_wconf 86' lang='lat' dir='ltr'><strong>docet</strong></span> <span class='ocrx_word' id='word_1_400' title='bbox 3064 2394 3348 2464; x_wconf 85' lang='lat' dir='ltr'><strong>Scriptura</strong></span> 
     </span>
    </p>
   </div>
   <div class='ocr_carea' id='block_1_54' title="bbox 1771 2488 3351 2560">
    <p class='ocr_par' dir='ltr' id='par_1_54' title="bbox 1771 2488 3351 2560">
     <span class='ocr_line' id='line_1_54' title="bbox 1771 2488 3351 2560; baseline -0.004 -14"><span class='ocrx_word' id='word_1_401' title='bbox 1771 2491 2000 2547; x_wconf 83' lang='lat' dir='ltr'><strong>dicens:</strong></span> <span class='ocrx_word' id='word_1_402' title='bbox 2033 2489 2400 2559; x_wconf 61' lang='lat' dir='ltr'><strong>«Quarebant</strong></span> <span class='ocrx_word' id='word_1_403' title='bbox 2423 2491 2593 2560; x_wconf 84' lang='lat' dir='ltr'><strong>igitur</strong></span> <span class='ocrx_word' id='word_1_404' title='bbox 2615 2506 2741 2545; x_wconf 89' lang='lat' dir='ltr'><strong>eum</strong></span> <span class='ocrx_word' id='word_1_405' title='bbox 2778 2488 3262 2559; x_wconf 85' lang='lat' dir='ltr'><strong>comprehendere,</strong></span> <span class='ocrx_word' id='word_1_406' title='bbox 3295 2496 3351 2540; x_wconf 91' lang='lat' dir='ltr'><strong>et</strong></span> 
     </span>
    </p>
   </div>
   <div class='ocr_carea' id='block_1_55' title="bbox 1772 2580 3347 2651">
    <p class='ocr_par' dir='ltr' id='par_1_55' title="bbox 1772 2580 3347 2651">
     <span class='ocr_line' id='line_1_55' title="bbox 1772 2580 3347 2651; baseline -0.004 -13"><span class='ocrx_word' id='word_1_407' title='bbox 1772 2584 1956 2639; x_wconf 88' lang='lat' dir='ltr'><strong>nullus</strong></span> <span class='ocrx_word' id='word_1_408' title='bbox 2002 2584 2056 2639; x_wconf 91' lang='lat' dir='ltr'><strong>in</strong></span> <span class='ocrx_word' id='word_1_409' title='bbox 2114 2598 2238 2639; x_wconf 89' lang='lat' dir='ltr'><strong>eum</strong></span> <span class='ocrx_word' id='word_1_410' title='bbox 2294 2582 2528 2651; x_wconf 88' lang='lat' dir='ltr'><strong>conjecit</strong></span> <span class='ocrx_word' id='word_1_411' title='bbox 2575 2598 2853 2647; x_wconf 87' lang='lat' dir='ltr'><strong>manum,</strong></span> <span class='ocrx_word' id='word_1_412' title='bbox 2907 2580 3054 2651; x_wconf 84' lang='lat' dir='ltr'><strong>quod</strong></span> <span class='ocrx_word' id='word_1_413' title='bbox 3110 2580 3347 2633; x_wconf 89' lang='lat' dir='ltr'><strong>nondum</strong></span> 
     </span>
    </p>
   </div>
   <div class='ocr_carea' id='block_1_56' title="bbox 1770 2673 3345 2746">
    <p class='ocr_par' dir='ltr' id='par_1_56' title="bbox 1770 2673 3345 2746">
     <span class='ocr_line' id='line_1_56' title="bbox 1770 2673 3345 2746; baseline -0.006 -17"><span class='ocrx_word' id='word_1_414' title='bbox 1770 2676 2013 2731; x_wconf 79' lang='lat' dir='ltr'><strong>venisset</strong></span> <span class='ocrx_word' id='word_1_415' title='bbox 2040 2678 2174 2731; x_wconf 84' lang='lat' dir='ltr'><strong>hora</strong></span> <span class='ocrx_word' id='word_1_416' title='bbox 2202 2675 2320 2746; x_wconf 85' lang='lat' dir='ltr'><strong>ejus</strong></span> <span class='ocrx_word' id='word_1_417' title='bbox 2345 2676 2445 2728; x_wconf 75' lang='lat' dir='ltr'><strong>&quot;.t</strong></span> <span class='ocrx_word' id='word_1_418' title='bbox 2479 2674 2547 2730; x_wconf 89' lang='lat' dir='ltr'><strong>Ut</strong></span> <span class='ocrx_word' id='word_1_419' title='bbox 2577 2675 2746 2739; x_wconf 87' lang='lat' dir='ltr'><strong>enim,</strong></span> <span class='ocrx_word' id='word_1_420' title='bbox 2769 2676 2925 2742; x_wconf 77' lang='lat' dir='ltr'><strong>juxta</strong></span> <span class='ocrx_word' id='word_1_421' title='bbox 2952 2673 3094 2725; x_wconf 88' lang='lat' dir='ltr'><strong>hunc</strong></span> <span class='ocrx_word' id='word_1_422' title='bbox 3119 2680 3345 2730; x_wconf 81' lang='lat' dir='ltr'><strong>textum,</strong></span> 
     </span>
    </p>
   </div>
   <div class='ocr_carea' id='block_1_57' title="bbox 1772 2766 3348 2835">
    <p class='ocr_par' dir='ltr' id='par_1_57' title="bbox 1772 2766 3348 2835">
     <span class='ocr_line' id='line_1_57' title="bbox 1772 2766 3348 2835; baseline -0.006 -13"><span class='ocrx_word' id='word_1_423' title='bbox 1772 2768 1954 2822; x_wconf 89' lang='lat' dir='ltr'><strong>nullus</strong></span> <span class='ocrx_word' id='word_1_424' title='bbox 1982 2768 2036 2820; x_wconf 91' lang='lat' dir='ltr'><strong>in</strong></span> <span class='ocrx_word' id='word_1_425' title='bbox 2059 2782 2184 2822; x_wconf 90' lang='lat' dir='ltr'><strong>eum</strong></span> <span class='ocrx_word' id='word_1_426' title='bbox 2213 2766 2451 2835; x_wconf 86' lang='lat' dir='ltr'><strong>coniecit</strong></span> <span class='ocrx_word' id='word_1_427' title='bbox 2472 2781 2715 2828; x_wconf 86' lang='lat' dir='ltr'><strong>manum,</strong></span> <span class='ocrx_word' id='word_1_428' title='bbox 2748 2774 3071 2835; x_wconf 64' lang='lat' dir='ltr'><strong>praesentem</strong></span> <span class='ocrx_word' id='word_1_429' title='bbox 3099 2802 3115 2827; x_wconf 94' lang='lat'><strong>,</strong></span> <span class='ocrx_word' id='word_1_430' title='bbox 3146 2771 3202 2816; x_wconf 91' lang='lat' dir='ltr'><strong>et</strong></span> <span class='ocrx_word' id='word_1_431' title='bbox 3240 2776 3348 2814; x_wconf 91' lang='lat' dir='ltr'><strong>nou</strong></span> 
     </span>
    </p>
   </div>
   <div class='ocr_carea' id='block_1_58' title="bbox 1772 2853 3350 2930">
    <p class='ocr_par' dir='ltr' id='par_1_58' title="bbox 1772 2853 3350 2930">
     <span class='ocr_line' id='line_1_58' title="bbox 1772 2853 3350 2930; baseline -0.006 -16"><span class='ocrx_word' id='word_1_432' title='bbox 1772 2858 2099 2930; x_wconf 75' lang='lat' dir='ltr'><strong>fugientem,</strong></span> <span class='ocrx_word' id='word_1_433' title='bbox 2141 2858 2270 2928; x_wconf 88' lang='lat' dir='ltr'><strong>quia</strong></span> <span class='ocrx_word' id='word_1_434' title='bbox 2310 2859 2545 2913; x_wconf 89' lang='lat' dir='ltr'><strong>nondum</strong></span> <span class='ocrx_word' id='word_1_435' title='bbox 2599 2858 2837 2913; x_wconf 89' lang='lat' dir='ltr'><strong>venisset</strong></span> <span class='ocrx_word' id='word_1_436' title='bbox 2876 2855 3009 2909; x_wconf 88' lang='lat' dir='ltr'><strong>hora</strong></span> <span class='ocrx_word' id='word_1_437' title='bbox 3064 2855 3211 2921; x_wconf 86' lang='lat' dir='ltr'><strong>ejus;</strong></span> <span class='ocrx_word' id='word_1_438' title='bbox 3269 2853 3350 2906; x_wconf 88' lang='lat' dir='ltr'><strong>sic</strong></span> 
     </span>
    </p>
   </div>
   <div class='ocr_carea' id='block_1_59' title="bbox 1772 2950 3350 3021">
    <p class='ocr_par' dir='ltr' id='par_1_59' title="bbox 1772 2950 3350 3021">
     <span class='ocr_line' id='line_1_59' title="bbox 1772 2950 3350 3021; baseline -0.007 -14"><span class='ocrx_word' id='word_1_439' title='bbox 1772 2954 1936 3007; x_wconf 83' lang='lat' dir='ltr'><strong>etiam</strong></span> <span class='ocrx_word' id='word_1_440' title='bbox 1989 2952 2033 3007; x_wconf 90' lang='lat' dir='ltr'><strong>si</strong></span> <span class='ocrx_word' id='word_1_441' title='bbox 2084 2967 2201 3021; x_wconf 23' lang='lat' dir='ltr'><strong>non.</strong></span> <span class='ocrx_word' id='word_1_442' title='bbox 2244 2951 2567 3006; x_wconf 88' lang='lat' dir='ltr'><strong>secessisset</strong></span> <span class='ocrx_word' id='word_1_443' title='bbox 2600 2950 2653 3004; x_wconf 91' lang='lat' dir='ltr'><strong>in</strong></span> <span class='ocrx_word' id='word_1_444' title='bbox 2682 2962 2748 3002; x_wconf 90' lang='lat' dir='ltr'><strong>eo</strong></span> <span class='ocrx_word' id='word_1_445' title='bbox 2782 2958 3046 3015; x_wconf 88' lang='lat' dir='ltr'><strong>tempore,</strong></span> <span class='ocrx_word' id='word_1_446' title='bbox 3076 2960 3183 3013; x_wconf 90' lang='lat' dir='ltr'><strong>quo</strong></span> <span class='ocrx_word' id='word_1_447' title='bbox 3215 2958 3350 2997; x_wconf 90' lang='lat' dir='ltr'><strong>non-</strong></span> 
     </span>
    </p>
   </div>
   <div class='ocr_carea' id='block_1_60' title="bbox 1773 3036 3348 3114">
    <p class='ocr_par' dir='ltr' id='par_1_60' title="bbox 1773 3036 3348 3114">
     <span class='ocr_line' id='line_1_60' title="bbox 1773 3036 3348 3114; baseline -0.006 -16"><span class='ocrx_word' id='word_1_448' title='bbox 1773 3045 1899 3098; x_wconf 88' lang='lat' dir='ltr'><strong>dum</strong></span> <span class='ocrx_word' id='word_1_449' title='bbox 1927 3043 2168 3098; x_wconf 86' lang='lat' dir='ltr'><strong>instabat</strong></span> <span class='ocrx_word' id='word_1_450' title='bbox 2196 3044 2330 3098; x_wconf 89' lang='lat' dir='ltr'><strong>hora</strong></span> <span class='ocrx_word' id='word_1_451' title='bbox 2363 3042 2502 3114; x_wconf 87' lang='lat' dir='ltr'><strong>ejus,</strong></span> <span class='ocrx_word' id='word_1_452' title='bbox 2533 3056 2657 3096; x_wconf 90' lang='lat' dir='ltr'><strong>eum</strong></span> <span class='ocrx_word' id='word_1_453' title='bbox 2701 3041 3120 3110; x_wconf 83' lang='lat' dir='ltr'><strong>haudquaquam</strong></span> <span class='ocrx_word' id='word_1_454' title='bbox 3152 3036 3348 3092; x_wconf 88' lang='lat' dir='ltr'><strong>deten-</strong></span> 
     </span>
    </p>
   </div>
   <div class='ocr_carea' id='block_1_61' title="bbox 1776 3129 3352 3202">
    <p class='ocr_par' dir='ltr' id='par_1_61' title="bbox 1776 3129 3352 3202">
     <span class='ocr_line' id='line_1_61' title="bbox 1776 3129 3352 3202; baseline -0.003 -13"><span class='ocrx_word' id='word_1_455' title='bbox 1776 3136 1881 3189; x_wconf 87' lang='lat' dir='ltr'><strong>turi</strong></span> <span class='ocrx_word' id='word_1_456' title='bbox 1933 3134 2186 3202; x_wconf 85' lang='lat' dir='ltr'><strong>fuissent,</strong></span> <span class='ocrx_word' id='word_1_457' title='bbox 2235 3146 2289 3191; x_wconf 92' lang='lat' dir='ltr'><strong>et</strong></span> <span class='ocrx_word' id='word_1_458' title='bbox 2327 3135 2581 3190; x_wconf 87' lang='lat' dir='ltr'><strong>similiter</strong></span> <span class='ocrx_word' id='word_1_459' title='bbox 2629 3135 2811 3188; x_wconf 91' lang='lat' dir='ltr'><strong>nullus</strong></span> <span class='ocrx_word' id='word_1_460' title='bbox 2849 3133 2902 3187; x_wconf 91' lang='lat' dir='ltr'><strong>in</strong></span> <span class='ocrx_word' id='word_1_461' title='bbox 2947 3147 3071 3186; x_wconf 89' lang='lat' dir='ltr'><strong>eum</strong></span> <span class='ocrx_word' id='word_1_462' title='bbox 3120 3129 3352 3199; x_wconf 86' lang='lat' dir='ltr'><strong>conjecit</strong></span> 
     </span>
    </p>
   </div>
   <div class='ocr_carea' id='block_1_62' title="bbox 77 3227 1669 3322">
    <p class='ocr_par' dir='ltr' id='par_1_62' title="bbox 77 3237 1668 3313">
     <span class='ocr_line' id='line_1_62' title="bbox 77 3237 1668 3313; baseline -0.001 -21"><span class='ocrx_word' id='word_1_463' title='bbox 77 3239 169 3292; x_wconf 84' lang='grc' dir='ltr'><strong>τοῦ</strong></span> <span class='ocrx_word' id='word_1_464' title='bbox 218 3241 580 3312; x_wconf 73' lang='grc' dir='ltr'><strong>ἐφεστηκέναι</strong></span> <span class='ocrx_word' id='word_1_465' title='bbox 624 3240 724 3313; x_wconf 80' lang='grc' dir='ltr'><strong>τήν</strong></span> <span class='ocrx_word' id='word_1_466' title='bbox 774 3239 944 3313; x_wconf 82' lang='grc' dir='ltr'><strong>ὥραν,</strong></span> <span class='ocrx_word' id='word_1_467' title='bbox 979 3240 1039 3293; x_wconf 81' lang='grc' dir='ltr'><strong>οὐ</strong></span> <span class='ocrx_word' id='word_1_468' title='bbox 1084 3239 1390 3311; x_wconf 81' lang='grc' dir='ltr'><strong>κατέσχητο</strong></span> <span class='ocrx_word' id='word_1_469' title='bbox 1438 3237 1537 3310; x_wconf 83' lang='grc' dir='ltr'><strong>μὲν</strong></span> <span class='ocrx_word' id='word_1_470' title='bbox 1581 3237 1668 3302; x_wconf 82' lang='grc' dir='ltr'><strong>ἂν,</strong></span> 
     </span>
    </p>
   </div>
   <div class='ocr_carea' id='block_1_63' title="bbox 1772 3227 3347 3322">
    <p class='ocr_par' dir='ltr' id='par_1_63' title="bbox 1777 3227 3347 3297">
     <span class='ocr_line' id='line_1_63' title="bbox 1777 3227 3347 3297; baseline -0.004 -16"><span class='ocrx_word' id='word_1_471' title='bbox 1777 3242 2023 3284; x_wconf 89' lang='lat' dir='ltr'><strong>manum.</strong></span> <span class='ocrx_word' id='word_1_472' title='bbox 2077 3227 2347 3294; x_wconf 84' lang='lat' dir='ltr'><strong>Quocirca</strong></span> <span class='ocrx_word' id='word_1_473' title='bbox 2396 3227 2807 3297; x_wconf 81' lang='lat' dir='ltr'><strong>intelligendum</strong></span> <span class='ocrx_word' id='word_1_474' title='bbox 2851 3233 2933 3279; x_wconf 91' lang='lat' dir='ltr'><strong>est</strong></span> <span class='ocrx_word' id='word_1_475' title='bbox 2978 3238 3086 3278; x_wconf 92' lang='lat' dir='ltr'><strong>non</strong></span> <span class='ocrx_word' id='word_1_476' title='bbox 3119 3233 3347 3277; x_wconf 68' lang='lat' dir='ltr'><strong>tantum</strong></span> 
     </span>
    </p>
   </div>
   <div class='ocr_carea' id='block_1_64' title="bbox 79 3330 1669 3405">
    <p class='ocr_par' dir='ltr' id='par_1_64' title="bbox 79 3330 1669 3405">
     <span class='ocr_line' id='line_1_64' title="bbox 79 3330 1669 3405; baseline -0.003 -18"><span class='ocrx_word' id='word_1_477' title='bbox 79 3334 226 3404; x_wconf 78' lang='grc' dir='ltr'><strong>ὅμως</strong></span> <span class='ocrx_word' id='word_1_478' title='bbox 256 3335 317 3389; x_wconf 85' lang='grc' dir='ltr'><strong>δέ</strong></span> <span class='ocrx_word' id='word_1_479' title='bbox 342 3335 443 3389; x_wconf 82' lang='grc' dir='ltr'><strong>οὐκ</strong></span> <span class='ocrx_word' id='word_1_480' title='bbox 474 3333 740 3389; x_wconf 83' lang='grc' dir='ltr'><strong>ἐπέϐαλεν</strong></span> <span class='ocrx_word' id='word_1_481' title='bbox 768 3332 917 3405; x_wconf 85' lang='grc' dir='ltr'><strong>αύτῷ</strong></span> <span class='ocrx_word' id='word_1_482' title='bbox 941 3333 1117 3397; x_wconf 76' lang='grc' dir='ltr'><strong>οὐδεὶς</strong></span> <span class='ocrx_word' id='word_1_483' title='bbox 1143 3333 1243 3404; x_wconf 85' lang='grc' dir='ltr'><strong>τὴν</strong></span> <span class='ocrx_word' id='word_1_484' title='bbox 1274 3334 1451 3403; x_wconf 85' lang='grc' dir='ltr'><strong>χεῖρα.</strong></span> <span class='ocrx_word' id='word_1_485' title='bbox 1471 3330 1669 3402; x_wconf 88' lang='grc' dir='ltr'><strong>Διόπερ</strong></span> 
     </span>
    </p>
   </div>
   <div class='ocr_carea' id='block_1_65' title="bbox 82 3422 1669 3497">
    <p class='ocr_par' dir='ltr' id='par_1_65' title="bbox 82 3422 1669 3497">
     <span class='ocr_line' id='line_1_65' title="bbox 82 3422 1669 3497; baseline -0.002 -18"><span class='ocrx_word' id='word_1_486' title='bbox 82 3425 191 3496; x_wconf 84' lang='lat'><strong>(6|)</strong></span> <span class='ocrx_word' id='word_1_487' title='bbox 224 3425 524 3479; x_wconf 81' lang='grc' dir='ltr'><strong>ἀκουστέον</strong></span> <span class='ocrx_word' id='word_1_488' title='bbox 544 3426 606 3479; x_wconf 85' lang='grc' dir='ltr'><strong>ού</strong></span> <span class='ocrx_word' id='word_1_489' title='bbox 641 3425 800 3497; x_wconf 89' lang='grc' dir='ltr'><strong>μόνον</strong></span> <span class='ocrx_word' id='word_1_490' title='bbox 828 3423 947 3490; x_wconf 87' lang='grc' dir='ltr'><strong>τοῦ,</strong></span> <span class='ocrx_word' id='word_1_491' title='bbox 1000 3443 1019 3476; x_wconf 87' lang='grc' dir='ltr'><strong>ι</strong></span> <span class='ocrx_word' id='word_1_492' title='bbox 1068 3423 1195 3477; x_wconf 84' lang='grc' dir='ltr'>Ἐὰν</span> <span class='ocrx_word' id='word_1_493' title='bbox 1221 3422 1492 3478; x_wconf 85' lang='grc' dir='ltr'><strong>διώκωσιν</strong></span> <span class='ocrx_word' id='word_1_494' title='bbox 1524 3424 1669 3493; x_wconf 80' lang='grc' dir='ltr'><strong>ὑμᾶς</strong></span> 
     </span>
    </p>
   </div>
   <div class='ocr_carea' id='block_1_66' title="bbox 83 3513 1669 3590">
    <p class='ocr_par' dir='ltr' id='par_1_66' title="bbox 83 3513 1669 3590">
     <span class='ocr_line' id='line_1_66' title="bbox 83 3513 1669 3590; baseline -0.003 -20"><span class='ocrx_word' id='word_1_495' title='bbox 83 3517 137 3570; x_wconf 86' lang='grc' dir='ltr'><strong>ἐν</strong></span> <span class='ocrx_word' id='word_1_496' title='bbox 158 3520 226 3590; x_wconf 75' lang='grc' dir='ltr'><strong>τῇ</strong></span> <span class='ocrx_word' id='word_1_497' title='bbox 259 3518 415 3572; x_wconf 73' lang='grc' dir='ltr'><strong>πόλει</strong></span> <span class='ocrx_word' id='word_1_498' title='bbox 447 3517 643 3590; x_wconf 83' lang='grc' dir='ltr'><strong>ταύτῃ,</strong></span> <span class='ocrx_word' id='word_1_499' title='bbox 670 3516 903 3587; x_wconf 83' lang='grc' dir='ltr'><strong>φεύγετε</strong></span> <span class='ocrx_word' id='word_1_500' title='bbox 939 3519 1019 3581; x_wconf 87' lang='grc' dir='ltr'><strong>είς</strong></span> <span class='ocrx_word' id='word_1_501' title='bbox 1041 3515 1141 3588; x_wconf 81' lang='grc' dir='ltr'><strong>τὴν</strong></span> <span class='ocrx_word' id='word_1_502' title='bbox 1166 3515 1385 3589; x_wconf 77' lang='grc' dir='ltr'><strong>ἑτέραν,</strong></span> <span class='ocrx_word' id='word_1_503' title='bbox 1408 3535 1424 3566; x_wconf 83' lang='grc' dir='ltr'><strong>ι</strong></span> <span class='ocrx_word' id='word_1_504' title='bbox 1443 3516 1539 3569; x_wconf 70' lang='grc' dir='ltr'><strong>καὶ</strong></span> <span class='ocrx_word' id='word_1_505' title='bbox 1560 3513 1669 3567; x_wconf 85' lang='grc' dir='ltr'><strong>τῶν</strong></span> 
     </span>
    </p>
   </div>
   <div class='ocr_carea' id='block_1_67' title="bbox 87 3608 1669 3682">
    <p class='ocr_par' dir='ltr' id='par_1_67' title="bbox 87 3608 1669 3682">
     <span class='ocr_line' id='line_1_67' title="bbox 87 3608 1669 3682; baseline -0.002 -17"><span class='ocrx_word' id='word_1_506' title='bbox 87 3612 230 3682; x_wconf 57' lang='grc' dir='ltr'><strong>ἑῆς,</strong></span> <span class='ocrx_word' id='word_1_507' title='bbox 265 3609 404 3665; x_wconf 85' lang='grc' dir='ltr'><strong>ἀλλά</strong></span> <span class='ocrx_word' id='word_1_508' title='bbox 430 3609 526 3664; x_wconf 78' lang='grc' dir='ltr'><strong>καὶ</strong></span> <span class='ocrx_word' id='word_1_509' title='bbox 551 3611 632 3664; x_wconf 83' lang='grc' dir='ltr'><strong>ὅτι</strong></span> <span class='ocrx_word' id='word_1_510' title='bbox 660 3609 827 3682; x_wconf 81' lang='grc' dir='ltr'><strong>ήνίκα</strong></span> <span class='ocrx_word' id='word_1_511' title='bbox 862 3608 1371 3674; x_wconf 87' lang='grc' dir='ltr'><strong>συνεϐουλεύσαντο,</strong></span> <span class='ocrx_word' id='word_1_512' title='bbox 1411 3610 1501 3663; x_wconf 85' lang='grc' dir='ltr'><strong>ἵνα</strong></span> <span class='ocrx_word' id='word_1_513' title='bbox 1531 3610 1669 3663; x_wconf 87' lang='grc' dir='ltr'><strong>ἀπο-</strong></span> 
     </span>
    </p>
   </div>
   <div class='ocr_carea' id='block_1_68' title="bbox 85 3699 1665 3772">
    <p class='ocr_par' dir='ltr' id='par_1_68' title="bbox 85 3699 1665 3772">
     <span class='ocr_line' id='line_1_68' title="bbox 85 3699 1665 3772; baseline -0.003 -15"><span class='ocrx_word' id='word_1_514' title='bbox 85 3702 337 3757; x_wconf 82' lang='grc' dir='ltr'><strong>κτείνωσι</strong></span> <span class='ocrx_word' id='word_1_515' title='bbox 369 3701 464 3754; x_wconf 83' lang='grc' dir='ltr'><strong>τὸν</strong></span> <span class='ocrx_word' id='word_1_516' title='bbox 505 3699 718 3771; x_wconf 82' lang='grc' dir='ltr'><strong>Ἰησοῦν</strong></span> <span class='ocrx_word' id='word_1_517' title='bbox 760 3702 809 3753; x_wconf 78' lang='grc' dir='ltr'><strong>οἱ</strong></span> <span class='ocrx_word' id='word_1_518' title='bbox 849 3701 1128 3772; x_wconf 86' lang='grc' dir='ltr'><strong>ἀρχιερεῖς</strong></span> <span class='ocrx_word' id='word_1_519' title='bbox 1160 3699 1253 3754; x_wconf 72' lang='grc' dir='ltr'><strong>καὶ</strong></span> <span class='ocrx_word' id='word_1_520' title='bbox 1282 3701 1331 3753; x_wconf 89' lang='grc' dir='ltr'><strong>οί</strong></span> <span class='ocrx_word' id='word_1_521' title='bbox 1360 3701 1665 3771; x_wconf 78' lang='grc' dir='ltr'><strong>Φαρισαῖοι,</strong></span> 
     </span>
    </p>
   </div>
   <div class='ocr_carea' id='block_1_69' title="bbox 82 3791 1668 3865">
    <p class='ocr_par' dir='ltr' id='par_1_69' title="bbox 82 3791 1668 3865">
     <span class='ocr_line' id='line_1_69' title="bbox 82 3791 1668 3865; baseline -0.003 -17"><span class='ocrx_word' id='word_1_522' title='bbox 82 3795 140 3848; x_wconf 73' lang='grc' dir='ltr'><strong>τὸ</strong></span> <span class='ocrx_word' id='word_1_523' title='bbox 167 3794 482 3864; x_wconf 78' lang='grc' dir='ltr'><strong>εὐλόγιστον</strong></span> <span class='ocrx_word' id='word_1_524' title='bbox 523 3791 729 3865; x_wconf 83' lang='grc' dir='ltr'><strong>τηρῶν,</strong></span> <span class='ocrx_word' id='word_1_525' title='bbox 785 3792 971 3844; x_wconf 80' lang='grc' dir='ltr'><strong>οὐκέτι</strong></span> <span class='ocrx_word' id='word_1_526' title='bbox 1022 3791 1308 3863; x_wconf 70' lang='grc' dir='ltr'><strong>παρρησία</strong></span> <span class='ocrx_word' id='word_1_527' title='bbox 1345 3791 1668 3862; x_wconf 83' lang='grc' dir='ltr'><strong>περιεπάτει</strong></span> 
     </span>
    </p>
   </div>
   <div class='ocr_carea' id='block_1_70' title="bbox 87 3878 1669 3950">
    <p class='ocr_par' dir='ltr' id='par_1_70' title="bbox 87 3878 1669 3950">
     <span class='ocr_line' id='line_1_70' title="bbox 87 3878 1669 3950; baseline -0.001 -17"><span class='ocrx_word' id='word_1_528' title='bbox 87 3880 142 3933; x_wconf 81' lang='grc' dir='ltr'><strong>ἐν</strong></span> <span class='ocrx_word' id='word_1_529' title='bbox 180 3883 296 3945; x_wconf 87' lang='grc' dir='ltr'><strong>τοῖς</strong></span> <span class='ocrx_word' id='word_1_530' title='bbox 365 3879 660 3944; x_wconf 82' lang='grc' dir='ltr'><strong>Ἰουδαίοις·</strong></span> <span class='ocrx_word' id='word_1_531' title='bbox 725 3878 842 3933; x_wconf 89' lang='grc' dir='ltr'><strong>ἀλλ’</strong></span> <span class='ocrx_word' id='word_1_532' title='bbox 881 3879 1001 3933; x_wconf 84' lang='grc' dir='ltr'><strong>ούδέ</strong></span> <span class='ocrx_word' id='word_1_533' title='bbox 1043 3881 1125 3942; x_wconf 89' lang='grc' dir='ltr'><strong>είς</strong></span> <span class='ocrx_word' id='word_1_534' title='bbox 1153 3878 1320 3950; x_wconf 80' lang='grc' dir='ltr'><strong>ἄλλην</strong></span> <span class='ocrx_word' id='word_1_535' title='bbox 1375 3879 1529 3933; x_wconf 85' lang='grc' dir='ltr'><strong>πόλιν</strong></span> <span class='ocrx_word' id='word_1_536' title='bbox 1571 3881 1669 3934; x_wconf 76' lang='grc' dir='ltr'><strong>ἀνο</strong></span> 
     </span>
    </p>
   </div>
   <div class='ocr_carea' id='block_1_71' title="bbox 89 3970 1670 4044">
    <p class='ocr_par' dir='ltr' id='par_1_71' title="bbox 89 3970 1670 4044">
     <span class='ocr_line' id='line_1_71' title="bbox 89 3970 1670 4044; baseline 0.002 -20"><span class='ocrx_word' id='word_1_537' title='bbox 89 3971 365 4044; x_wconf 77' lang='grc' dir='ltr'><strong>εχὼρησεν</strong></span> <span class='ocrx_word' id='word_1_538' title='bbox 391 3971 566 4043; x_wconf 69' lang='grc' dir='ltr'><strong>ὄχλων</strong></span> <span class='ocrx_word' id='word_1_539' title='bbox 592 3971 1057 4043; x_wconf 85' lang='grc' dir='ltr'><strong>πεπληρωμένην,</strong></span> <span class='ocrx_word' id='word_1_540' title='bbox 1081 3970 1218 4027; x_wconf 86' lang='grc' dir='ltr'><strong>ἀλλά</strong></span> <span class='ocrx_word' id='word_1_541' title='bbox 1239 3988 1362 4025; x_wconf 91' lang='grc' dir='ltr'><strong>τινα</strong></span> <span class='ocrx_word' id='word_1_542' title='bbox 1386 3973 1670 4044; x_wconf 67' lang='grc' dir='ltr'><strong>ἀνακεχωο</strong></span> 
     </span>
    </p>
   </div>
   <div class='ocr_carea' id='block_1_72' title="bbox 94 4059 1669 4136">
    <p class='ocr_par' dir='ltr' id='par_1_72' title="bbox 94 4059 1669 4136">
     <span class='ocr_line' id='line_1_72' title="bbox 94 4059 1669 4136; baseline 0.006 -27"><span class='ocrx_word' id='word_1_543' title='bbox 94 4068 351 4135; x_wconf 66' lang='grc' dir='ltr'><strong>ρηκυτανι</strong></span> <span class='ocrx_word' id='word_1_544' title='bbox 398 4064 711 4136; x_wconf 86' lang='grc' dir='ltr'><strong>γέγραπται</strong></span> <span class='ocrx_word' id='word_1_545' title='bbox 753 4063 896 4135; x_wconf 81' lang='grc' dir='ltr'><strong>γάρ’</strong></span> <span class='ocrx_word' id='word_1_546' title='bbox 930 4082 950 4116; x_wconf 82' lang='grc' dir='ltr'><strong>ι</strong></span> <span class='ocrx_word' id='word_1_547' title='bbox 997 4064 1056 4116; x_wconf 83' lang='grc' dir='ltr'><strong>ὐ</strong></span> <span class='ocrx_word' id='word_1_548' title='bbox 1096 4059 1190 4117; x_wconf 80' lang='grc' dir='ltr'><strong>οὖν</strong></span> <span class='ocrx_word' id='word_1_549' title='bbox 1234 4062 1441 4134; x_wconf 85' lang='grc' dir='ltr'><strong>Ἰησοῦς</strong></span> <span class='ocrx_word' id='word_1_550' title='bbox 1487 4064 1669 4118; x_wconf 83' lang='grc' dir='ltr'><strong>οὐκέτι</strong></span> 
     </span>
    </p>
   </div>
   <div class='ocr_carea' id='block_1_73' title="bbox 91 4154 1671 4228">
    <p class='ocr_par' dir='ltr' id='par_1_73' title="bbox 91 4154 1671 4228">
     <span class='ocr_line' id='line_1_73' title="bbox 91 4154 1671 4228; baseline 0 -19"><span class='ocrx_word' id='word_1_551' title='bbox 91 4156 373 4228; x_wconf 73' lang='grc' dir='ltr'><strong>παρρησίᾳ</strong></span> <span class='ocrx_word' id='word_1_552' title='bbox 398 4156 719 4228; x_wconf 85' lang='grc' dir='ltr'><strong>περιεπάτει</strong></span> <span class='ocrx_word' id='word_1_553' title='bbox 746 4157 805 4209; x_wconf 86' lang='grc' dir='ltr'><strong>ἐν</strong></span> <span class='ocrx_word' id='word_1_554' title='bbox 833 4159 947 4220; x_wconf 78' lang='grc' dir='ltr'><strong>τοῖς</strong></span> <span class='ocrx_word' id='word_1_555' title='bbox 992 4155 1288 4221; x_wconf 87' lang='grc' dir='ltr'><strong>Ἰουδαίοις,</strong></span> <span class='ocrx_word' id='word_1_556' title='bbox 1333 4154 1470 4209; x_wconf 74' lang='grc' dir='ltr'><strong>ἀλλὰ</strong></span> <span class='ocrx_word' id='word_1_557' title='bbox 1495 4156 1671 4228; x_wconf 82' lang='grc' dir='ltr'><strong>ἀπῆλ-</strong></span> 
     </span>
    </p>
   </div>
   <div class='ocr_carea' id='block_1_74' title="bbox 92 4246 1671 4321">
    <p class='ocr_par' dir='ltr' id='par_1_74' title="bbox 92 4246 1671 4321">
     <span class='ocr_line' id='line_1_74' title="bbox 92 4246 1671 4321; baseline 0 -18"><span class='ocrx_word' id='word_1_558' title='bbox 92 4248 176 4303; x_wconf 82' lang='grc' dir='ltr'><strong>θεν</strong></span> <span class='ocrx_word' id='word_1_559' title='bbox 209 4248 420 4303; x_wconf 82' lang='grc' dir='ltr'><strong>ἐκεῖθεν</strong></span> <span class='ocrx_word' id='word_1_560' title='bbox 458 4250 539 4312; x_wconf 90' lang='grc' dir='ltr'><strong>είς</strong></span> <span class='ocrx_word' id='word_1_561' title='bbox 570 4246 671 4320; x_wconf 80' lang='grc' dir='ltr'><strong>τὴν</strong></span> <span class='ocrx_word' id='word_1_562' title='bbox 721 4247 907 4321; x_wconf 86' lang='grc' dir='ltr'><strong>χώραν</strong></span> <span class='ocrx_word' id='word_1_563' title='bbox 955 4249 1125 4318; x_wconf 81' lang='grc' dir='ltr'><strong>ἐγγὺς</strong></span> <span class='ocrx_word' id='word_1_564' title='bbox 1170 4248 1270 4320; x_wconf 83' lang='grc' dir='ltr'><strong>τῆς</strong></span> <span class='ocrx_word' id='word_1_565' title='bbox 1313 4249 1546 4320; x_wconf 81' lang='grc' dir='ltr'><strong>ἐρήμου,</strong></span> <span class='ocrx_word' id='word_1_566' title='bbox 1590 4252 1671 4314; x_wconf 83' lang='grc' dir='ltr'><strong>είς</strong></span> 
     </span>
    </p>
   </div>
   <div class='ocr_carea' id='block_1_75' title="bbox 103 4343 1673 4416">
    <p class='ocr_par' dir='ltr' id='par_1_75' title="bbox 103 4343 1673 4416">
     <span class='ocr_line' id='line_1_75' title="bbox 103 4343 1673 4416; baseline 0.001 -18"><span class='ocrx_word' id='word_1_567' title='bbox 103 4345 338 4416; x_wconf 65' lang='grc' dir='ltr'><strong>Ἐφραίμ</strong></span> <span class='ocrx_word' id='word_1_568' title='bbox 369 4344 671 4416; x_wconf 82' lang='grc' dir='ltr'><strong>λεγομένην</strong></span> <span class='ocrx_word' id='word_1_569' title='bbox 711 4343 885 4399; x_wconf 90' lang='grc' dir='ltr'><strong>πόλιν.</strong></span> <span class='ocrx_word' id='word_1_570' title='bbox 930 4363 949 4396; x_wconf 78' lang='grc' dir='ltr'><strong>ι</strong></span> <span class='ocrx_word' id='word_1_571' title='bbox 995 4345 1108 4399; x_wconf 73' lang='grc' dir='ltr'><strong>Καὶ</strong></span> <span class='ocrx_word' id='word_1_572' title='bbox 1146 4345 1209 4397; x_wconf 89' lang='grc' dir='ltr'><strong>ού</strong></span> <span class='ocrx_word' id='word_1_573' title='bbox 1256 4345 1415 4416; x_wconf 86' lang='grc' dir='ltr'><strong>μόνος</strong></span> <span class='ocrx_word' id='word_1_574' title='bbox 1445 4361 1508 4414; x_wconf 90' lang='grc' dir='ltr'><strong>γε</strong></span> <span class='ocrx_word' id='word_1_575' title='bbox 1555 4347 1673 4400; x_wconf 87' lang='grc' dir='ltr'><strong>ἐκεῖ</strong></span> 
     </span>
    </p>
   </div>
   <div class='ocr_carea' id='block_1_76' title="bbox 94 4434 1671 4508">
    <p class='ocr_par' dir='ltr' id='par_1_76' title="bbox 94 4434 1671 4508">
     <span class='ocr_line' id='line_1_76' title="bbox 94 4434 1671 4508; baseline 0 -19"><span class='ocrx_word' id='word_1_576' title='bbox 94 4436 446 4508; x_wconf 79' lang='grc' dir='ltr'><strong>ἀπελήλυθεν,</strong></span> <span class='ocrx_word' id='word_1_577' title='bbox 478 4434 615 4488; x_wconf 83' lang='grc' dir='ltr'><strong>ἀλλά</strong></span> <span class='ocrx_word' id='word_1_578' title='bbox 646 4435 917 4507; x_wconf 85' lang='grc' dir='ltr'><strong>μηδεμίαν</strong></span> <span class='ocrx_word' id='word_1_579' title='bbox 939 4435 1194 4508; x_wconf 79' lang='grc' dir='ltr'><strong>ἀφορμὴν</strong></span> <span class='ocrx_word' id='word_1_580' title='bbox 1225 4435 1404 4498; x_wconf 81' lang='grc' dir='ltr'><strong>διδοὺς</strong></span> <span class='ocrx_word' id='word_1_581' title='bbox 1430 4438 1547 4500; x_wconf 85' lang='grc' dir='ltr'><strong>τοῖς</strong></span> <span class='ocrx_word' id='word_1_582' title='bbox 1573 4434 1671 4507; x_wconf 82' lang='grc' dir='ltr'><strong>ζη-</strong></span> 
     </span>
    </p>
   </div>
   <div class='ocr_carea' id='block_1_77' title="bbox 93 4525 1671 4599">
    <p class='ocr_par' dir='ltr' id='par_1_77' title="bbox 93 4525 1671 4599">
     <span class='ocr_line' id='line_1_77' title="bbox 93 4525 1671 4599; baseline 0 -21"><span class='ocrx_word' id='word_1_583' title='bbox 93 4526 267 4580; x_wconf 80' lang='grc' dir='ltr'><strong>τοῦσιν</strong></span> <span class='ocrx_word' id='word_1_584' title='bbox 286 4526 471 4591; x_wconf 81' lang='grc' dir='ltr'><strong>αὐτὸν,</strong></span> <span class='ocrx_word' id='word_1_585' title='bbox 507 4526 604 4580; x_wconf 72' lang='grc' dir='ltr'><strong>καὶ</strong></span> <span class='ocrx_word' id='word_1_586' title='bbox 646 4527 774 4590; x_wconf 81' lang='grc' dir='ltr'><strong>τοὺς</strong></span> <span class='ocrx_word' id='word_1_587' title='bbox 810 4525 1061 4597; x_wconf 76' lang='grc' dir='ltr'><strong>μαθητὰς</strong></span> <span class='ocrx_word' id='word_1_588' title='bbox 1094 4525 1213 4599; x_wconf 84' lang='grc' dir='ltr'><strong>μεθ’</strong></span> <span class='ocrx_word' id='word_1_589' title='bbox 1247 4526 1441 4580; x_wconf 87' lang='grc' dir='ltr'><strong>ἐαυτοῦ</strong></span> <span class='ocrx_word' id='word_1_590' title='bbox 1476 4527 1671 4599; x_wconf 85' lang='grc' dir='ltr'><strong>παρεί-</strong></span> 
     </span>
    </p>
   </div>
   <div class='ocr_carea' id='block_1_78' title="bbox 1775 3313 3349 3388">
    <p class='ocr_par' dir='ltr' id='par_1_78' title="bbox 1775 3313 3349 3388">
     <span class='ocr_line' id='line_1_78' title="bbox 1775 3313 3349 3388; baseline -0.004 -15"><span class='ocrx_word' id='word_1_591' title='bbox 1775 3319 1904 3373; x_wconf 88' lang='lat' dir='ltr'><strong>illud</strong></span> <span class='ocrx_word' id='word_1_592' title='bbox 1936 3318 2024 3374; x_wconf 81' lang='grc' dir='ltr'><strong>⁹⁶ι</strong></span> <span class='ocrx_word' id='word_1_593' title='bbox 2062 3335 2082 3370; x_wconf 83' lang='grc' dir='ltr'><strong>ι</strong></span> <span class='ocrx_word' id='word_1_594' title='bbox 2113 3317 2168 3371; x_wconf 92' lang='lat' dir='ltr'><strong>Si</strong></span> <span class='ocrx_word' id='word_1_595' title='bbox 2210 3318 2484 3388; x_wconf 78' lang='lat' dir='ltr'><strong>persecuti</strong></span> <span class='ocrx_word' id='word_1_596' title='bbox 2517 3331 2612 3370; x_wconf 91' lang='lat' dir='ltr'><strong>vos</strong></span> <span class='ocrx_word' id='word_1_597' title='bbox 2650 3316 2851 3369; x_wconf 77' lang='lat' dir='ltr'><strong>fuerint</strong></span> <span class='ocrx_word' id='word_1_598' title='bbox 2891 3316 2943 3367; x_wconf 89' lang='lat' dir='ltr'><strong>in</strong></span> <span class='ocrx_word' id='word_1_599' title='bbox 2976 3329 3079 3368; x_wconf 84' lang='lat' dir='ltr'><strong>una</strong></span> <span class='ocrx_word' id='word_1_600' title='bbox 3108 3313 3349 3377; x_wconf 80' lang='lat' dir='ltr'><strong>civitate,</strong></span> 
     </span>
    </p>
   </div>
   <div class='ocr_carea' id='block_1_79' title="bbox 1771 3404 3349 3481">
    <p class='ocr_par' dir='ltr' id='par_1_79' title="bbox 1771 3404 3349 3481">
     <span class='ocr_line' id='line_1_79' title="bbox 1771 3404 3349 3481; baseline -0.006 -17"><span class='ocrx_word' id='word_1_601' title='bbox 1771 3409 1940 3481; x_wconf 75' lang='lat' dir='ltr'><strong>fugite</strong></span> <span class='ocrx_word' id='word_1_602' title='bbox 1975 3411 2042 3465; x_wconf 88' lang='lat' dir='ltr'><strong>ad</strong></span> <span class='ocrx_word' id='word_1_603' title='bbox 2075 3410 2306 3479; x_wconf 55' lang='lat' dir='ltr'><strong>aliam.)</strong></span> <span class='ocrx_word' id='word_1_604' title='bbox 2341 3418 2397 3464; x_wconf 91' lang='lat' dir='ltr'><strong>et</strong></span> <span class='ocrx_word' id='word_1_605' title='bbox 2423 3423 2486 3462; x_wconf 86' lang='lat' dir='ltr'><strong>ea</strong></span> <span class='ocrx_word' id='word_1_606' title='bbox 2520 3423 2641 3478; x_wconf 67' lang='lat' dir='ltr'><strong>qua:</strong></span> <span class='ocrx_word' id='word_1_607' title='bbox 2673 3416 3005 3477; x_wconf 85' lang='lat' dir='ltr'><strong>sequuntur;</strong></span> <span class='ocrx_word' id='word_1_608' title='bbox 3044 3405 3136 3459; x_wconf 89' lang='lat' dir='ltr'><strong>sed</strong></span> <span class='ocrx_word' id='word_1_609' title='bbox 3182 3404 3349 3457; x_wconf 77' lang='lat' dir='ltr'><strong>etiam</strong></span> 
     </span>
    </p>
   </div>
   <div class='ocr_carea' id='block_1_80' title="bbox 1772 3496 3353 3572">
    <p class='ocr_par' dir='ltr' id='par_1_80' title="bbox 1772 3496 3353 3572">
     <span class='ocr_line' id='line_1_80' title="bbox 1772 3496 3353 3572; baseline -0.005 -15"><span class='ocrx_word' id='word_1_610' title='bbox 1772 3504 1896 3567; x_wconf 89' lang='lat' dir='ltr'><strong>hoc,</strong></span> <span class='ocrx_word' id='word_1_611' title='bbox 1922 3503 2068 3572; x_wconf 92' lang='lat' dir='ltr'><strong>quod</strong></span> <span class='ocrx_word' id='word_1_612' title='bbox 2096 3503 2315 3572; x_wconf 88' lang='lat' dir='ltr'><strong>quando</strong></span> <span class='ocrx_word' id='word_1_613' title='bbox 2363 3518 2466 3555; x_wconf 88' lang='lat' dir='ltr'><strong>una</strong></span> <span class='ocrx_word' id='word_1_614' title='bbox 2504 3500 2952 3555; x_wconf 86' lang='lat' dir='ltr'><strong>consultaverunt</strong></span> <span class='ocrx_word' id='word_1_615' title='bbox 2981 3496 3266 3568; x_wconf 81' lang='lat' dir='ltr'><strong>pontiﬁces</strong></span> <span class='ocrx_word' id='word_1_616' title='bbox 3298 3506 3353 3549; x_wconf 84' lang='lat' dir='ltr'><strong>et</strong></span> 
     </span>
    </p>
   </div>
   <div class='ocr_carea' id='block_1_81' title="bbox 1772 3583 3349 3657">
    <p class='ocr_par' dir='ltr' id='par_1_81' title="bbox 1772 3583 3349 3657">
     <span class='ocr_line' id='line_1_81' title="bbox 1772 3583 3349 3657; baseline -0.006 -9"><span class='ocrx_word' id='word_1_617' title='bbox 1772 3594 2036 3650; x_wconf 64' lang='lat' dir='ltr'><strong>Pharisaei</strong></span> <span class='ocrx_word' id='word_1_618' title='bbox 2079 3604 2137 3648; x_wconf 94' lang='lat' dir='ltr'><strong>ut</strong></span> <span class='ocrx_word' id='word_1_619' title='bbox 2178 3591 2367 3647; x_wconf 90' lang='lat' dir='ltr'><strong>Iesum</strong></span> <span class='ocrx_word' id='word_1_620' title='bbox 2401 3592 2819 3655; x_wconf 83' lang='lat' dir='ltr'><strong>interﬁcerent,</strong></span> <span class='ocrx_word' id='word_1_621' title='bbox 2870 3589 2923 3643; x_wconf 89' lang='lat' dir='ltr'><strong>id</strong></span> <span class='ocrx_word' id='word_1_622' title='bbox 2966 3588 3111 3657; x_wconf 89' lang='lat' dir='ltr'><strong>quod</strong></span> <span class='ocrx_word' id='word_1_623' title='bbox 3157 3583 3349 3640; x_wconf 85' lang='lat' dir='ltr'><strong>rationi</strong></span> 
     </span>
    </p>
   </div>
   <div class='ocr_carea' id='block_1_82' title="bbox 1771 3681 3349 3746">
    <p class='ocr_par' dir='ltr' id='par_1_82' title="bbox 1771 3681 3349 3746">
     <span class='ocr_line' id='line_1_82' title="bbox 1771 3681 3349 3746; baseline -0.008 -5"><span class='ocrx_word' id='word_1_624' title='bbox 1771 3696 1893 3741; x_wconf 83' lang='lat' dir='ltr'><strong>erat</strong></span> <span class='ocrx_word' id='word_1_625' title='bbox 1927 3686 2164 3740; x_wconf 82' lang='lat' dir='ltr'><strong>maxime</strong></span> <span class='ocrx_word' id='word_1_626' title='bbox 2191 3693 2620 3740; x_wconf 86' lang='lat' dir='ltr'><strong>consentaneum</strong></span> <span class='ocrx_word' id='word_1_627' title='bbox 2654 3695 2881 3736; x_wconf 88' lang='lat' dir='ltr'><strong>servans</strong></span> <span class='ocrx_word' id='word_1_628' title='bbox 2902 3721 2918 3746; x_wconf 90' lang='lat'><strong>,</strong></span> <span class='ocrx_word' id='word_1_629' title='bbox 2952 3681 3217 3734; x_wconf 84' lang='lat' dir='ltr'><strong>Servator</strong></span> <span class='ocrx_word' id='word_1_630' title='bbox 3243 3692 3349 3730; x_wconf 87' lang='lat' dir='ltr'><strong>non</strong></span> 
     </span>
    </p>
   </div>
   <div class='ocr_carea' id='block_1_83' title="bbox 1772 3768 3350 3849">
    <p class='ocr_par' dir='ltr' id='par_1_83' title="bbox 1772 3768 3350 3849">
     <span class='ocr_line' id='line_1_83' title="bbox 1772 3768 3350 3849; baseline -0.008 -17"><span class='ocrx_word' id='word_1_631' title='bbox 1772 3779 2011 3849; x_wconf 84' lang='lat' dir='ltr'><strong>amplius</strong></span> <span class='ocrx_word' id='word_1_632' title='bbox 2037 3776 2341 3847; x_wconf 84' lang='lat' dir='ltr'><strong>propalam-</strong></span> <span class='ocrx_word' id='word_1_633' title='bbox 2372 3772 2692 3828; x_wconf 86' lang='lat' dir='ltr'><strong>ambulabat</strong></span> <span class='ocrx_word' id='word_1_634' title='bbox 2753 3774 2897 3827; x_wconf 88' lang='lat' dir='ltr'><strong>inter</strong></span> <span class='ocrx_word' id='word_1_635' title='bbox 2951 3768 3204 3834; x_wconf 71' lang='lat' dir='ltr'><strong>Iudmos;</strong></span> <span class='ocrx_word' id='word_1_636' title='bbox 3255 3770 3350 3822; x_wconf 85' lang='lat' dir='ltr'><strong>sed</strong></span> 
     </span>
    </p>
   </div>
   <div class='ocr_carea' id='block_1_84' title="bbox 1773 3861 3352 3941">
    <p class='ocr_par' dir='ltr' id='par_1_84' title="bbox 1773 3861 3352 3941">
     <span class='ocr_line' id='line_1_84' title="bbox 1773 3861 3352 3941; baseline -0.008 -15"><span class='ocrx_word' id='word_1_637' title='bbox 1773 3886 1951 3941; x_wconf 85' lang='lat' dir='ltr'><strong>neque</strong></span> <span class='ocrx_word' id='word_1_638' title='bbox 2003 3871 2057 3925; x_wconf 91' lang='lat' dir='ltr'><strong>in</strong></span> <span class='ocrx_word' id='word_1_639' title='bbox 2090 3870 2251 3924; x_wconf 89' lang='lat' dir='ltr'><strong>aliam</strong></span> <span class='ocrx_word' id='word_1_640' title='bbox 2285 3867 2477 3922; x_wconf 88' lang='lat' dir='ltr'><strong>urbem</strong></span> <span class='ocrx_word' id='word_1_641' title='bbox 2517 3866 2745 3922; x_wconf 88' lang='lat' dir='ltr'><strong>secessit</strong></span> <span class='ocrx_word' id='word_1_642' title='bbox 2776 3864 2950 3918; x_wconf 89' lang='lat' dir='ltr'><strong>turbis</strong></span> <span class='ocrx_word' id='word_1_643' title='bbox 2986 3862 3219 3934; x_wconf 87' lang='lat' dir='ltr'><strong>plenam,</strong></span> <span class='ocrx_word' id='word_1_644' title='bbox 3257 3861 3352 3916; x_wconf 86' lang='lat' dir='ltr'><strong>sed</strong></span> 
     </span>
    </p>
   </div>
   <div class='ocr_carea' id='block_1_85' title="bbox 1773 3952 3346 4031">
    <p class='ocr_par' dir='ltr' id='par_1_85' title="bbox 1773 3952 3346 4031">
     <span class='ocr_line' id='line_1_85' title="bbox 1773 3952 3346 4031; baseline -0.008 -16"><span class='ocrx_word' id='word_1_645' title='bbox 1773 3962 1826 4016; x_wconf 91' lang='lat' dir='ltr'><strong>in</strong></span> <span class='ocrx_word' id='word_1_646' title='bbox 1864 3963 2153 4031; x_wconf 82' lang='lat' dir='ltr'><strong>quamdam</strong></span> <span class='ocrx_word' id='word_1_647' title='bbox 2213 3958 2404 4011; x_wconf 90' lang='lat' dir='ltr'><strong>urbem</strong></span> <span class='ocrx_word' id='word_1_648' title='bbox 2456 3970 2705 4011; x_wconf 84' lang='lat' dir='ltr'><strong>seorsum</strong></span> <span class='ocrx_word' id='word_1_649' title='bbox 2748 3955 3007 4025; x_wconf 85' lang='lat' dir='ltr'><strong>positam.</strong></span> <span class='ocrx_word' id='word_1_650' title='bbox 3061 3952 3346 4021; x_wconf 86' lang='lat' dir='ltr'><strong>Scriptum</strong></span> 
     </span>
    </p>
   </div>
   <div class='ocr_carea' id='block_1_86' title="bbox 1771 4046 3351 4121">
    <p class='ocr_par' dir='ltr' id='par_1_86' title="bbox 1771 4046 3351 4121">
     <span class='ocr_line' id='line_1_86' title="bbox 1771 4046 3351 4121; baseline -0.008 -11"><span class='ocrx_word' id='word_1_651' title='bbox 1771 4068 1854 4112; x_wconf 86' lang='lat' dir='ltr'><strong>est</strong></span> <span class='ocrx_word' id='word_1_652' title='bbox 1883 4055 2027 4110; x_wconf 87' lang='lat' dir='ltr'><strong>enim</strong></span> <span class='ocrx_word' id='word_1_653' title='bbox 2063 4072 2078 4109; x_wconf 88' lang='lat'><strong>:</strong></span> <span class='ocrx_word' id='word_1_654' title='bbox 2114 4071 2133 4105; x_wconf 85' lang='grc' dir='ltr'><strong>ι</strong></span> <span class='ocrx_word' id='word_1_655' title='bbox 2161 4052 2322 4109; x_wconf 83' lang='lat' dir='ltr'><strong>Iesus</strong></span> <span class='ocrx_word' id='word_1_656' title='bbox 2362 4051 2529 4121; x_wconf 78' lang='lat' dir='ltr'><strong>igitur</strong></span> <span class='ocrx_word' id='word_1_657' title='bbox 2559 4049 2671 4117; x_wconf 87' lang='lat' dir='ltr'><strong>jam</strong></span> <span class='ocrx_word' id='word_1_658' title='bbox 2713 4064 2818 4103; x_wconf 88' lang='lat' dir='ltr'><strong>non</strong></span> <span class='ocrx_word' id='word_1_659' title='bbox 2848 4046 3126 4116; x_wconf 87' lang='lat' dir='ltr'><strong>propalam</strong></span> <span class='ocrx_word' id='word_1_660' title='bbox 3160 4046 3351 4100; x_wconf 83' lang='lat' dir='ltr'><strong>ambu-</strong></span> 
     </span>
    </p>
   </div>
   <div class='ocr_carea' id='block_1_87' title="bbox 1773 4141 3351 4206">
    <p class='ocr_par' dir='ltr' id='par_1_87' title="bbox 1773 4141 3351 4206">
     <span class='ocr_line' id='line_1_87' title="bbox 1773 4141 3351 4206; baseline -0.004 -7"><span class='ocrx_word' id='word_1_661' title='bbox 1773 4144 1918 4199; x_wconf 88' lang='lat' dir='ltr'><strong>labat</strong></span> <span class='ocrx_word' id='word_1_662' title='bbox 1956 4145 2097 4206; x_wconf 86' lang='lat' dir='ltr'><strong>inter</strong></span> <span class='ocrx_word' id='word_1_663' title='bbox 2141 4143 2386 4203; x_wconf 65' lang='lat' dir='ltr'><strong>Iudaeos;</strong></span> <span class='ocrx_word' id='word_1_664' title='bbox 2430 4143 2525 4198; x_wconf 87' lang='lat' dir='ltr'><strong>sed</strong></span> <span class='ocrx_word' id='word_1_665' title='bbox 2578 4143 2710 4197; x_wconf 88' lang='lat' dir='ltr'><strong>abiit</strong></span> <span class='ocrx_word' id='word_1_666' title='bbox 2747 4143 2893 4197; x_wconf 90' lang='lat' dir='ltr'><strong>illinc</strong></span> <span class='ocrx_word' id='word_1_667' title='bbox 2931 4143 2985 4197; x_wconf 86' lang='lat' dir='ltr'><strong>in</strong></span> <span class='ocrx_word' id='word_1_668' title='bbox 3038 4144 3215 4198; x_wconf 90' lang='lat' dir='ltr'><strong>locum</strong></span> <span class='ocrx_word' id='word_1_669' title='bbox 3254 4141 3351 4195; x_wconf 90' lang='lat' dir='ltr'><strong>de-</strong></span> 
     </span>
    </p>
   </div>
   <div class='ocr_carea' id='block_1_88' title="bbox 1773 4233 3351 4305">
    <p class='ocr_par' dir='ltr' id='par_1_88' title="bbox 1773 4233 3351 4305">
     <span class='ocr_line' id='line_1_88' title="bbox 1773 4233 3351 4305; baseline -0.003 -14"><span class='ocrx_word' id='word_1_670' title='bbox 1773 4244 1921 4291; x_wconf 90' lang='lat' dir='ltr'><strong>serto</strong></span> <span class='ocrx_word' id='word_1_671' title='bbox 1968 4234 2307 4305; x_wconf 78' lang='lat' dir='ltr'><strong>proximum;</strong></span> <span class='ocrx_word' id='word_1_672' title='bbox 2354 4249 2551 4303; x_wconf 86' lang='lat' dir='ltr'><strong>nempe</strong></span> <span class='ocrx_word' id='word_1_673' title='bbox 2594 4233 2648 4287; x_wconf 88' lang='lat' dir='ltr'><strong>in</strong></span> <span class='ocrx_word' id='word_1_674' title='bbox 2695 4234 2966 4289; x_wconf 88' lang='lat' dir='ltr'><strong>civitatem</strong></span> <span class='ocrx_word' id='word_1_675' title='bbox 3009 4249 3129 4303; x_wconf 72' lang='lat' dir='ltr'><strong>quae</strong></span> <span class='ocrx_word' id='word_1_676' title='bbox 3153 4233 3351 4288; x_wconf 88' lang='lat' dir='ltr'><strong>dicitur</strong></span> 
     </span>
    </p>
   </div>
   <div class='ocr_carea' id='block_1_89' title="bbox 1771 4321 3354 4397">
    <p class='ocr_par' dir='ltr' id='par_1_89' title="bbox 1771 4321 3354 4397">
     <span class='ocr_line' id='line_1_89' title="bbox 1771 4321 3354 4397; baseline -0.004 -14"><span class='ocrx_word' id='word_1_677' title='bbox 1771 4327 2056 4397; x_wconf 86' lang='lat' dir='ltr'><strong>Ephraim.</strong></span> <span class='ocrx_word' id='word_1_678' title='bbox 2085 4344 2104 4379; x_wconf 81' lang='grc' dir='ltr'><strong>ι</strong></span> <span class='ocrx_word' id='word_1_679' title='bbox 2141 4323 2251 4379; x_wconf 84' lang='lat' dir='ltr'><strong>Nec</strong></span> <span class='ocrx_word' id='word_1_680' title='bbox 2279 4337 2413 4379; x_wconf 89' lang='lat' dir='ltr'><strong>sane</strong></span> <span class='ocrx_word' id='word_1_681' title='bbox 2441 4322 2591 4378; x_wconf 91' lang='lat' dir='ltr'><strong>solus</strong></span> <span class='ocrx_word' id='word_1_682' title='bbox 2628 4337 2694 4377; x_wconf 87' lang='lat' dir='ltr'><strong>eo</strong></span> <span class='ocrx_word' id='word_1_683' title='bbox 2721 4321 3014 4387; x_wconf 83' lang='lat' dir='ltr'><strong>concessit,</strong></span> <span class='ocrx_word' id='word_1_684' title='bbox 3045 4338 3232 4375; x_wconf 82' lang='lat' dir='ltr'><strong>verum</strong></span> <span class='ocrx_word' id='word_1_685' title='bbox 3286 4337 3354 4377; x_wconf 91' lang='lat' dir='ltr'><strong>ne</strong></span> 
     </span>
    </p>
   </div>
   <div class='ocr_carea' id='block_1_90' title="bbox 1771 4412 3353 4485">
    <p class='ocr_par' dir='ltr' id='par_1_90' title="bbox 1771 4412 3353 4485">
     <span class='ocr_line' id='line_1_90' title="bbox 1771 4412 3353 4485; baseline -0.005 -12"><span class='ocrx_word' id='word_1_686' title='bbox 1771 4419 1934 4473; x_wconf 79' lang='lat' dir='ltr'><strong>ullam</strong></span> <span class='ocrx_word' id='word_1_687' title='bbox 1972 4416 2318 4473; x_wconf 86' lang='lat' dir='ltr'><strong>occasionem</strong></span> <span class='ocrx_word' id='word_1_688' title='bbox 2348 4428 2407 4470; x_wconf 84' lang='lat' dir='ltr'><strong>se</strong></span> <span class='ocrx_word' id='word_1_689' title='bbox 2444 4414 2819 4485; x_wconf 73' lang='lat' dir='ltr'><strong>quaerentibus</strong></span> <span class='ocrx_word' id='word_1_690' title='bbox 2843 4414 3020 4479; x_wconf 89' lang='lat' dir='ltr'><strong>daret,</strong></span> <span class='ocrx_word' id='word_1_691' title='bbox 3056 4412 3353 4481; x_wconf 86' lang='lat' dir='ltr'><strong>discipulos</strong></span> 
     </span>
    </p>
   </div>
   <div class='ocr_carea' id='block_1_91' title="bbox 1772 4505 3351 4574">
    <p class='ocr_par' dir='ltr' id='par_1_91' title="bbox 1772 4505 3351 4574">
     <span class='ocr_line' id='line_1_91' title="bbox 1772 4505 3351 4574; baseline -0.006 -9"><span class='ocrx_word' id='word_1_692' title='bbox 1772 4512 1934 4565; x_wconf 86' lang='lat' dir='ltr'><strong>etiam</strong></span> <span class='ocrx_word' id='word_1_693' title='bbox 1972 4524 2158 4564; x_wconf 90' lang='lat' dir='ltr'><strong>secum</strong></span> <span class='ocrx_word' id='word_1_694' title='bbox 2190 4505 2486 4574; x_wconf 86' lang='lat' dir='ltr'><strong>assumpsit</strong></span> <span class='ocrx_word' id='word_1_695' title='bbox 2512 4544 2529 4571; x_wconf 90' lang='lat'><strong>,</strong></span> <span class='ocrx_word' id='word_1_696' title='bbox 2571 4522 2590 4556; x_wconf 85' lang='grc' dir='ltr'><strong>ι</strong></span> <span class='ocrx_word' id='word_1_697' title='bbox 2622 4505 2847 4573; x_wconf 88' lang='lat' dir='ltr'><strong>illicque</strong></span> <span class='ocrx_word' id='word_1_698' title='bbox 2876 4505 3199 4559; x_wconf 87' lang='lat' dir='ltr'><strong>versabatur</strong></span> <span class='ocrx_word' id='word_1_699' title='bbox 3227 4517 3351 4557; x_wconf 89' lang='lat' dir='ltr'><strong>cum</strong></span> 
     </span>
    </p>
   </div>
   <div class='ocr_carea' id='block_1_92' title="bbox 93 4592 1669 4688">
    <p class='ocr_par' dir='ltr' id='par_1_92' title="bbox 93 4592 1665 4688">
     <span class='ocr_line' id='line_1_92' title="bbox 93 4592 1665 4688; baseline -0.002 -19"><span class='ocrx_word' id='word_1_700' title='bbox 93 4616 245 4688; x_wconf 72' lang='grc' dir='ltr'><strong>ληφε,</strong></span> <span class='ocrx_word' id='word_1_701' title='bbox 284 4637 302 4669; x_wconf 87' lang='grc' dir='ltr'><strong>ι</strong></span> <span class='ocrx_word' id='word_1_702' title='bbox 336 4616 431 4671; x_wconf 73' lang='grc' dir='ltr'><strong>καὶ</strong></span> <span class='ocrx_word' id='word_1_703' title='bbox 453 4619 571 4670; x_wconf 84' lang='grc' dir='ltr'><strong>ἐκεῖ</strong></span> <span class='ocrx_word' id='word_1_704' title='bbox 606 4614 786 4687; x_wconf 75' lang='grc' dir='ltr'><strong>ἔμεινε</strong></span> <span class='ocrx_word' id='word_1_705' title='bbox 811 4592 957 4687; x_wconf 27' lang='grc' dir='ltr'><strong>*μετά</strong></span> <span class='ocrx_word' id='word_1_706' title='bbox 987 4592 1398 4685; x_wconf 38' lang='grc' dir='ltr'><strong>τῶν-μαθητῶν.</strong></span> <span class='ocrx_word' id='word_1_707' title='bbox 1437 4633 1458 4665; x_wconf 72' lang='grc' dir='ltr'><strong>ι</strong></span> <span class='ocrx_word' id='word_1_708' title='bbox 1485 4592 1665 4666; x_wconf 76' lang='grc' dir='ltr'><strong>Τοιοῦ-</strong></span> 
     </span>
    </p>
   </div>
   <div class='ocr_carea' id='block_1_93' title="bbox 1772 4592 3352 4688">
    <p class='ocr_par' dir='ltr' id='par_1_93' title="bbox 1773 4592 3352 4673">
     <span class='ocr_line' id='line_1_93' title="bbox 1773 4592 3352 4673; baseline -0.009 -15"><span class='ocrx_word' id='word_1_709' title='bbox 1773 4602 2078 4673; x_wconf 86' lang='lat' dir='ltr'><strong>discipulis.</strong></span> <span class='ocrx_word' id='word_1_710' title='bbox 2111 4618 2130 4652; x_wconf 82' lang='grc' dir='ltr'><strong>ι</strong></span> <span class='ocrx_word' id='word_1_711' title='bbox 2162 4597 2293 4652; x_wconf 81' lang='lat' dir='ltr'><strong>Tale</strong></span> <span class='ocrx_word' id='word_1_712' title='bbox 2326 4598 2584 4667; x_wconf 88' lang='lat' dir='ltr'><strong>quiddam</strong></span> <span class='ocrx_word' id='word_1_713' title='bbox 2612 4607 2695 4652; x_wconf 89' lang='lat' dir='ltr'><strong>est</strong></span> <span class='ocrx_word' id='word_1_714' title='bbox 2717 4597 2880 4651; x_wconf 86' lang='lat' dir='ltr'><strong>etiam</strong></span> <span class='ocrx_word' id='word_1_715' title='bbox 2911 4594 3055 4665; x_wconf 89' lang='lat' dir='ltr'><strong>quod</strong></span> <span class='ocrx_word' id='word_1_716' title='bbox 3084 4594 3137 4648; x_wconf 88' lang='lat' dir='ltr'><strong>iu</strong></span> <span class='ocrx_word' id='word_1_717' title='bbox 3177 4592 3352 4646; x_wconf 77' lang='lat' dir='ltr'><strong>Evan—</strong></span> 
     </span>
    </p>
   </div>
   <div class='ocr_carea' id='block_1_94' title="bbox 96 4703 1664 4778">
    <p class='ocr_par' dir='ltr' id='par_1_94' title="bbox 96 4703 1664 4778">
     <span class='ocr_line' id='line_1_94' title="bbox 96 4703 1664 4778; baseline -0.001 -20"><span class='ocrx_word' id='word_1_718' title='bbox 96 4706 181 4758; x_wconf 84' lang='grc' dir='ltr'><strong>τόν</strong></span> <span class='ocrx_word' id='word_1_719' title='bbox 212 4710 326 4761; x_wconf 85' lang='grc' dir='ltr'><strong>ἐστι</strong></span> <span class='ocrx_word' id='word_1_720' title='bbox 363 4706 461 4760; x_wconf 73' lang='grc' dir='ltr'><strong>καὶ</strong></span> <span class='ocrx_word' id='word_1_721' title='bbox 482 4705 546 4759; x_wconf 81' lang='grc' dir='ltr'><strong>τὸ</strong></span> <span class='ocrx_word' id='word_1_722' title='bbox 571 4708 630 4761; x_wconf 88' lang='grc' dir='ltr'><strong>ἐν</strong></span> <span class='ocrx_word' id='word_1_723' title='bbox 657 4703 736 4775; x_wconf 83' lang='grc' dir='ltr'><strong>τῷ</strong></span> <span class='ocrx_word' id='word_1_724' title='bbox 761 4705 904 4759; x_wconf 87' lang='grc' dir='ltr'><strong>κατά</strong></span> <span class='ocrx_word' id='word_1_725' title='bbox 942 4704 1221 4760; x_wconf 88' lang='grc' dir='ltr'><strong>Ματθαῖον</strong></span> <span class='ocrx_word' id='word_1_726' title='bbox 1253 4703 1664 4778; x_wconf 78' lang='grc' dir='ltr'><strong>γεγραμμένονο</strong></span> 
     </span>
    </p>
   </div>
   <div class='ocr_carea' id='block_1_95' title="bbox 100 4794 1665 4868">
    <p class='ocr_par' dir='ltr' id='par_1_95' title="bbox 100 4794 1665 4868">
     <span class='ocr_line' id='line_1_95' title="bbox 100 4794 1665 4868; baseline -0.001 -17"><span class='ocrx_word' id='word_1_727' title='bbox 100 4797 199 4863; x_wconf 78' lang='grc' dir='ltr'><strong>ὅτε,</strong></span> <span class='ocrx_word' id='word_1_728' title='bbox 238 4819 258 4852; x_wconf 87' lang='grc' dir='ltr'><strong>ι</strong></span> <span class='ocrx_word' id='word_1_729' title='bbox 286 4799 551 4863; x_wconf 86' lang='grc' dir='ltr'><strong>ἀκούσας,</strong></span> <span class='ocrx_word' id='word_1_730' title='bbox 575 4798 658 4852; x_wconf 79' lang='grc' dir='ltr'><strong>ὅτι</strong></span> <span class='ocrx_word' id='word_1_731' title='bbox 691 4797 946 4868; x_wconf 85' lang='grc' dir='ltr'><strong>Ἰωάννης</strong></span> <span class='ocrx_word' id='word_1_732' title='bbox 983 4794 1275 4868; x_wconf 85' lang='grc' dir='ltr'><strong>παρεδόθη,</strong></span> <span class='ocrx_word' id='word_1_733' title='bbox 1315 4794 1665 4867; x_wconf 85' lang='grc' dir='ltr'><strong>ἀνεχώρησεν</strong></span> 
     </span>
    </p>
   </div>
   <div class='ocr_carea' id='block_1_96' title="bbox 101 4886 1669 4964">
    <p class='ocr_par' dir='ltr' id='par_1_96' title="bbox 101 4886 1669 4964">
     <span class='ocr_line' id='line_1_96' title="bbox 101 4886 1669 4964; baseline -0.001 -22"><span class='ocrx_word' id='word_1_734' title='bbox 101 4891 173 4955; x_wconf 86' lang='grc' dir='ltr'><strong>είς</strong></span> <span class='ocrx_word' id='word_1_735' title='bbox 196 4891 291 4964; x_wconf 74' lang='grc' dir='ltr'><strong>τὴν</strong></span> <span class='ocrx_word' id='word_1_736' title='bbox 320 4890 637 4957; x_wconf 86' lang='grc' dir='ltr'><strong>Γαλιλαίαν,</strong></span> <span class='ocrx_word' id='word_1_737' title='bbox 665 4890 761 4943; x_wconf 75' lang='grc' dir='ltr'><strong>καὶ</strong></span> <span class='ocrx_word' id='word_1_738' title='bbox 790 4887 1105 4943; x_wconf 85' lang='grc' dir='ltr'><strong>καταλιπὼν</strong></span> <span class='ocrx_word' id='word_1_739' title='bbox 1130 4888 1233 4959; x_wconf 84' lang='grc' dir='ltr'><strong>τὴν</strong></span> <span class='ocrx_word' id='word_1_740' title='bbox 1271 4886 1547 4958; x_wconf 76' lang='grc' dir='ltr'><strong>Ναζαρὲθ,</strong></span> <span class='ocrx_word' id='word_1_741' title='bbox 1580 4887 1669 4941; x_wconf 90' lang='grc' dir='ltr'><strong>ἐλ-</strong></span> 
     </span>
    </p>
   </div>
   <div class='ocr_carea' id='block_1_97' title="bbox 100 4979 1667 5054">
    <p class='ocr_par' dir='ltr' id='par_1_97' title="bbox 100 4979 1667 5054">
     <span class='ocr_line' id='line_1_97' title="bbox 100 4979 1667 5054; baseline -0.002 -18"><span class='ocrx_word' id='word_1_742' title='bbox 100 4981 197 5036; x_wconf 86' lang='grc' dir='ltr'><strong>θὼν</strong></span> <span class='ocrx_word' id='word_1_743' title='bbox 227 4982 550 5054; x_wconf 79' lang='grc' dir='ltr'><strong>κατῴκησεν</strong></span> <span class='ocrx_word' id='word_1_744' title='bbox 569 4983 651 5046; x_wconf 81' lang='grc' dir='ltr'><strong>είς</strong></span> <span class='ocrx_word' id='word_1_745' title='bbox 665 4981 1047 5054; x_wconf 72' lang='grc' dir='ltr'><strong>Καφαρναοὺμ</strong></span> <span class='ocrx_word' id='word_1_746' title='bbox 1072 4980 1170 5052; x_wconf 83' lang='grc' dir='ltr'><strong>τήν</strong></span> <span class='ocrx_word' id='word_1_747' title='bbox 1196 4979 1667 5052; x_wconf 87' lang='grc' dir='ltr'><strong>παραθαλασσίαν,</strong></span> 
     </span>
    </p>
   </div>
   <div class='ocr_carea' id='block_1_98' title="bbox 101 5069 1667 5147">
    <p class='ocr_par' dir='ltr' id='par_1_98' title="bbox 101 5069 1667 5147">
     <span class='ocr_line' id='line_1_98' title="bbox 101 5069 1667 5147; baseline -0.002 -20"><span class='ocrx_word' id='word_1_748' title='bbox 101 5075 154 5127; x_wconf 78' lang='grc' dir='ltr'><strong>ἐν</strong></span> <span class='ocrx_word' id='word_1_749' title='bbox 178 5076 340 5147; x_wconf 81' lang='grc' dir='ltr'><strong>ὁρίοις</strong></span> <span class='ocrx_word' id='word_1_750' title='bbox 364 5072 651 5128; x_wconf 86' lang='grc' dir='ltr'><strong>Ζαϐουλὼν</strong></span> <span class='ocrx_word' id='word_1_751' title='bbox 696 5073 792 5126; x_wconf 72' lang='grc' dir='ltr'><strong>καὶ</strong></span> <span class='ocrx_word' id='word_1_752' title='bbox 846 5071 1201 5143; x_wconf 74' lang='grc' dir='ltr'><strong>Νεφθαλείμ*</strong></span> <span class='ocrx_word' id='word_1_753' title='bbox 1246 5091 1264 5123; x_wconf 79' lang='lat' dir='ltr'><strong>t</strong></span> <span class='ocrx_word' id='word_1_754' title='bbox 1315 5072 1411 5123; x_wconf 78' lang='grc' dir='ltr'><strong>καὶ</strong></span> <span class='ocrx_word' id='word_1_755' title='bbox 1448 5070 1541 5123; x_wconf 73' lang='grc' dir='ltr'><strong>ἐπὶ</strong></span> <span class='ocrx_word' id='word_1_756' title='bbox 1576 5069 1667 5124; x_wconf 78' lang='grc' dir='ltr'><strong>τὸν</strong></span> 
     </span>
    </p>
   </div>
   <div class='ocr_carea' id='block_1_99' title="bbox 102 5160 1668 5239">
    <p class='ocr_par' dir='ltr' id='par_1_99' title="bbox 102 5160 1668 5239">
     <span class='ocr_line' id='line_1_99' title="bbox 102 5160 1668 5239; baseline -0.005 -19"><span class='ocrx_word' id='word_1_757' title='bbox 102 5167 275 5239; x_wconf 70' lang='grc' dir='ltr'><strong>καιρὸν</strong></span> <span class='ocrx_word' id='word_1_758' title='bbox 306 5166 365 5220; x_wconf 82' lang='grc' dir='ltr'><strong>δὲ</strong></span> <span class='ocrx_word' id='word_1_759' title='bbox 391 5165 608 5236; x_wconf 80' lang='grc' dir='ltr'><strong>φθάσας</strong></span> <span class='ocrx_word' id='word_1_760' title='bbox 634 5164 730 5219; x_wconf 88' lang='grc' dir='ltr'><strong>τοῦ</strong></span> <span class='ocrx_word' id='word_1_761' title='bbox 756 5163 1148 5236; x_wconf 82' lang='grc' dir='ltr'><strong>συλληφθῆναι,</strong></span> <span class='ocrx_word' id='word_1_762' title='bbox 1184 5163 1474 5234; x_wconf 81' lang='grc' dir='ltr'><strong>ἐτήρησεν,</strong></span> <span class='ocrx_word' id='word_1_763' title='bbox 1522 5160 1668 5233; x_wconf 80' lang='grc' dir='ltr'><strong>ὑπὲρ</strong></span> 
     </span>
    </p>
   </div>
   <div class='ocr_carea' id='block_1_100' title="bbox 102 5255 1670 5330">
    <p class='ocr_par' dir='ltr' id='par_1_100' title="bbox 102 5255 1670 5330">
     <span class='ocr_line' id='line_1_100' title="bbox 102 5255 1670 5330; baseline -0.001 -23"><span class='ocrx_word' id='word_1_764' title='bbox 102 5255 185 5308; x_wconf 77' lang='grc' dir='ltr'><strong>τοῦ</strong></span> <span class='ocrx_word' id='word_1_765' title='bbox 209 5258 282 5330; x_wconf 79' lang='grc' dir='ltr'><strong>μὴ</strong></span> <span class='ocrx_word' id='word_1_766' title='bbox 312 5260 444 5329; x_wconf 78' lang='grc' dir='ltr'><strong>παρ’</strong></span> <span class='ocrx_word' id='word_1_767' title='bbox 470 5258 664 5311; x_wconf 83' lang='grc' dir='ltr'><strong>ἐαυτὸν</strong></span> <span class='ocrx_word' id='word_1_768' title='bbox 703 5256 863 5311; x_wconf 86' lang='grc' dir='ltr'><strong>τοῦτο</strong></span> <span class='ocrx_word' id='word_1_769' title='bbox 895 5255 1110 5321; x_wconf 87' lang='grc' dir='ltr'><strong>παθεῖν,</strong></span> <span class='ocrx_word' id='word_1_770' title='bbox 1156 5256 1293 5327; x_wconf 84' lang='grc' dir='ltr'><strong>μήτε</strong></span> <span class='ocrx_word' id='word_1_771' title='bbox 1340 5258 1399 5309; x_wconf 87' lang='grc' dir='ltr'><strong>ἐν</strong></span> <span class='ocrx_word' id='word_1_772' title='bbox 1443 5257 1670 5326; x_wconf 87' lang='grc' dir='ltr'><strong>Ἰεροσο-</strong></span> 
     </span>
    </p>
   </div>
   <div class='ocr_carea' id='block_1_101' title="bbox 102 5344 1671 5423">
    <p class='ocr_par' dir='ltr' id='par_1_101' title="bbox 102 5344 1671 5423">
     <span class='ocr_line' id='line_1_101' title="bbox 102 5344 1671 5423; baseline -0.001 -24"><span class='ocrx_word' id='word_1_773' title='bbox 102 5344 276 5418; x_wconf 79' lang='grc' dir='ltr'><strong>λύμοις</strong></span> <span class='ocrx_word' id='word_1_774' title='bbox 326 5350 644 5423; x_wconf 80' lang='grc' dir='ltr'><strong>εὑρεθῆναι,</strong></span> <span class='ocrx_word' id='word_1_775' title='bbox 677 5349 815 5420; x_wconf 89' lang='grc' dir='ltr'><strong>μήτε</strong></span> <span class='ocrx_word' id='word_1_776' title='bbox 845 5351 903 5402; x_wconf 87' lang='grc' dir='ltr'><strong>ἐν</strong></span> <span class='ocrx_word' id='word_1_777' title='bbox 946 5348 1024 5420; x_wconf 83' lang='grc' dir='ltr'><strong>τῷ</strong></span> <span class='ocrx_word' id='word_1_778' title='bbox 1048 5347 1198 5419; x_wconf 82' lang='grc' dir='ltr'><strong>ἱερῷ,</strong></span> <span class='ocrx_word' id='word_1_779' title='bbox 1242 5347 1370 5403; x_wconf 76' lang='grc' dir='ltr'><strong>ἔνθα</strong></span> <span class='ocrx_word' id='word_1_780' title='bbox 1423 5347 1671 5401; x_wconf 86' lang='grc' dir='ltr'><strong>ἐδίδασκε</strong></span> 
     </span>
    </p>
   </div>
   <div class='ocr_carea' id='block_1_102' title="bbox 105 5438 1670 5517">
    <p class='ocr_par' dir='ltr' id='par_1_102' title="bbox 105 5438 1670 5517">
     <span class='ocr_line' id='line_1_102' title="bbox 105 5438 1670 5517; baseline -0.004 -21"><span class='ocrx_word' id='word_1_781' title='bbox 105 5442 370 5509; x_wconf 79' lang='grc' dir='ltr'><strong>πολλάκις,</strong></span> <span class='ocrx_word' id='word_1_782' title='bbox 424 5446 563 5517; x_wconf 86' lang='grc' dir='ltr'><strong>μήτε</strong></span> <span class='ocrx_word' id='word_1_783' title='bbox 601 5443 662 5497; x_wconf 80' lang='grc' dir='ltr'><strong>ἐν</strong></span> <span class='ocrx_word' id='word_1_784' title='bbox 700 5443 846 5515; x_wconf 86' lang='grc' dir='ltr'><strong>άλλῳ</strong></span> <span class='ocrx_word' id='word_1_785' title='bbox 878 5443 1109 5513; x_wconf 81' lang='grc' dir='ltr'><strong>τοιούτῳ</strong></span> <span class='ocrx_word' id='word_1_786' title='bbox 1149 5441 1302 5512; x_wconf 84' lang='grc' dir='ltr'><strong>τόπῳ</strong></span> <span class='ocrx_word' id='word_1_787' title='bbox 1326 5456 1341 5471; x_wconf 74' lang='grc' dir='ltr'><strong><em>ο</em></strong></span> <span class='ocrx_word' id='word_1_788' title='bbox 1380 5459 1399 5492; x_wconf 82' lang='grc' dir='ltr'><strong>ι</strong></span> <span class='ocrx_word' id='word_1_789' title='bbox 1449 5438 1670 5510; x_wconf 82' lang='grc' dir='ltr'><strong>Ἐξῆλθε</strong></span> 
     </span>
    </p>
   </div>
   <div class='ocr_carea' id='block_1_103' title="bbox 740 5583 1228 5649">
    <p class='ocr_par' dir='ltr' id='par_1_103' title="bbox 740 5583 1228 5649">
     <span class='ocr_line' id='line_1_103' title="bbox 740 5583 1228 5649; baseline 0.002 -10"><span class='ocrx_word' id='word_1_790' title='bbox 740 5585 787 5616; x_wconf 80' lang='grc'><strong>’⁸</strong></span> <span class='ocrx_word' id='word_1_791' title='bbox 820 5583 1013 5639; x_wconf 76' lang='lat' dir='ltr'><strong>Matth.</strong></span> <span class='ocrx_word' id='word_1_792' title='bbox 1050 5600 1107 5649; x_wconf 74' lang='grc' dir='ltr'><strong>κ,</strong></span> <span class='ocrx_word' id='word_1_793' title='bbox 1136 5583 1228 5640; x_wconf 72' lang='grc'><strong>25.</strong></span> 
     </span>
    </p>
   </div>
   <div class='ocr_carea' id='block_1_104' title="bbox 174 5697 1668 5774">
    <p class='ocr_par' dir='ltr' id='par_1_104' title="bbox 174 5697 1668 5774">
     <span class='ocr_line' id='line_1_104' title="bbox 174 5697 1668 5774; baseline -0.009 -10"><span class='ocrx_word' id='word_1_794' title='bbox 174 5698 277 5774; x_wconf 58' lang='grc' dir='ltr'><strong>(βο)</strong></span> <span class='ocrx_word' id='word_1_795' title='bbox 303 5702 424 5771; x_wconf 79' lang='grc' dir='ltr'><strong>Μή.</strong></span> <span class='ocrx_word' id='word_1_796' title='bbox 454 5703 614 5758; x_wconf 89' lang='lat' dir='ltr'><strong>Deest</strong></span> <span class='ocrx_word' id='word_1_797' title='bbox 667 5703 721 5757; x_wconf 89' lang='lat' dir='ltr'><strong>in</strong></span> <span class='ocrx_word' id='word_1_798' title='bbox 766 5701 957 5759; x_wconf 89' lang='lat' dir='ltr'><strong>codice</strong></span> <span class='ocrx_word' id='word_1_799' title='bbox 985 5700 1178 5774; x_wconf 81' lang='lat' dir='ltr'><strong>Regio,</strong></span> <span class='ocrx_word' id='word_1_800' title='bbox 1235 5698 1332 5756; x_wconf 87' lang='lat' dir='ltr'><strong>sed</strong></span> <span class='ocrx_word' id='word_1_801' title='bbox 1373 5705 1558 5755; x_wconf 76' lang='lat' dir='ltr'><strong>exstat</strong></span> <span class='ocrx_word' id='word_1_802' title='bbox 1615 5697 1668 5751; x_wconf 92' lang='lat' dir='ltr'><strong>in</strong></span> 
     </span>
    </p>
   </div>
   <div class='ocr_carea' id='block_1_105' title="bbox 112 5765 409 5827">
    <p class='ocr_par' dir='ltr' id='par_1_105' title="bbox 112 5765 409 5827">
     <span class='ocr_line' id='line_1_105' title="bbox 112 5765 409 5827; baseline 0.02 -6"><span class='ocrx_word' id='word_1_803' title='bbox 112 5765 409 5827; x_wconf 77' lang='lat' dir='ltr'><strong>Bodleiano.</strong></span> 
     </span>
    </p>
   </div>
   <div class='ocr_carea' id='block_1_106' title="bbox 179 5836 1668 5913">
    <p class='ocr_par' dir='ltr' id='par_1_106' title="bbox 179 5836 1668 5913">
     <span class='ocr_line' id='line_1_106' title="bbox 179 5836 1668 5913; baseline 0.013 -20"><span class='ocrx_word' id='word_1_804' title='bbox 179 5840 282 5911; x_wconf 78' lang='lat' dir='ltr'><strong>(6i)</strong></span> <span class='ocrx_word' id='word_1_805' title='bbox 326 5845 410 5897; x_wconf 87' lang='grc' dir='ltr'><strong>οὐ</strong></span> <span class='ocrx_word' id='word_1_806' title='bbox 440 5843 779 5913; x_wconf 75' lang='grc' dir='ltr'><strong>κατέσχητο</strong></span> <span class='ocrx_word' id='word_1_807' title='bbox 806 5842 924 5913; x_wconf 78' lang='grc' dir='ltr'><strong>μὲν</strong></span> <span class='ocrx_word' id='word_1_808' title='bbox 960 5843 1061 5913; x_wconf 77' lang='grc' dir='ltr'><strong>ἂν,</strong></span> <span class='ocrx_word' id='word_1_809' title='bbox 1087 5841 1244 5913; x_wconf 72' lang='grc' dir='ltr'><strong>ὅμῳς</strong></span> <span class='ocrx_word' id='word_1_810' title='bbox 1267 5838 1338 5894; x_wconf 68' lang='grc' dir='ltr'><strong>δέ</strong></span> <span class='ocrx_word' id='word_1_811' title='bbox 1369 5841 1481 5894; x_wconf 72' lang='grc' dir='ltr'><strong>οὐκ</strong></span> <span class='ocrx_word' id='word_1_812' title='bbox 1528 5836 1668 5913; x_wconf 66' lang='grc' dir='ltr'><strong>έπέ-</strong></span> 
     </span>
    </p>
   </div>
   <div class='ocr_carea' id='block_1_107' title="bbox 121 5842 1679 5983">
    <p class='ocr_par' dir='ltr' id='par_1_107' title="bbox 121 5842 1679 5983">
     <span class='ocr_line' id='line_1_107' title="bbox 179 5842 1668 5913; baseline -0.007 -14"><span class='ocrx_word' id='word_1_813' title='bbox 179 5842 282 5911; x_wconf 71' lang='grc'><strong>(61)</strong></span> <span class='ocrx_word' id='word_1_814' title='bbox 326 5845 410 5897; x_wconf 86' lang='grc' dir='ltr'><strong>οὐ</strong></span> <span class='ocrx_word' id='word_1_815' title='bbox 440 5843 779 5913; x_wconf 78' lang='grc' dir='ltr'><strong>κατέσχητο</strong></span> <span class='ocrx_word' id='word_1_816' title='bbox 960 5843 1061 5906; x_wconf 82' lang='grc' dir='ltr'><strong>ἂν,</strong></span> <span class='ocrx_word' id='word_1_817' title='bbox 1087 5842 1244 5912; x_wconf 85' lang='grc' dir='ltr'><strong>ὅμως</strong></span> <span class='ocrx_word' id='word_1_818' title='bbox 1267 5842 1338 5894; x_wconf 80' lang='grc' dir='ltr'><strong>δὲ</strong></span> <span class='ocrx_word' id='word_1_819' title='bbox 1369 5842 1481 5894; x_wconf 82' lang='grc' dir='ltr'><strong>οὐκ</strong></span> <span class='ocrx_word' id='word_1_820' title='bbox 1528 5842 1668 5891; x_wconf 82' lang='grc' dir='ltr'><strong>ἐπέ-</strong></span> 
     </span>
     <span class='ocr_line' id='line_1_108' title="bbox 121 5842 1679 5983; baseline -0.002 -17"><span class='ocrx_word' id='word_1_821' title='bbox 121 5908 286 5966; x_wconf 68' lang='grc' dir='ltr'><strong>ϐαλεν</strong></span> <span class='ocrx_word' id='word_1_822' title='bbox 308 5912 469 5982; x_wconf 82' lang='grc' dir='ltr'><strong>αὐτῷ</strong></span> <span class='ocrx_word' id='word_1_823' title='bbox 521 5913 721 5981; x_wconf 78' lang='grc' dir='ltr'><strong>οὐδεὶς</strong></span> <span class='ocrx_word' id='word_1_824' title='bbox 760 5842 924 5983; x_wconf 45' lang='grc' dir='ltr'><strong>τίὲν</strong></span> <span class='ocrx_word' id='word_1_825' title='bbox 913 5912 1118 5983; x_wconf 79' lang='grc' dir='ltr'><strong>χεῖρα·</strong></span> <span class='ocrx_word' id='word_1_826' title='bbox 1170 5909 1398 5980; x_wconf 79' lang='grc' dir='ltr'><strong>διόπερ,</strong></span> <span class='ocrx_word' id='word_1_827' title='bbox 1429 5919 1539 5967; x_wconf 83' lang='lat' dir='ltr'><strong>etc.</strong></span> <span class='ocrx_word' id='word_1_828' title='bbox 1586 5909 1679 5966; x_wconf 81' lang='lat' dir='ltr'><strong>Sic</strong></span> 
     </span>
    </p>
   </div>
   <div class='ocr_carea' id='block_1_108' title="bbox 165 5582 669 5649">
    <p class='ocr_par' dir='ltr' id='par_1_108' title="bbox 165 5582 669 5649">
     <span class='ocr_line' id='line_1_109' title="bbox 165 5582 669 5649; baseline 0.008 -12"><span class='ocrx_word' id='word_1_829' title='bbox 165 5582 207 5614; x_wconf 80' lang='grc'><strong>⁸’</strong></span> <span class='ocrx_word' id='word_1_830' title='bbox 238 5582 400 5639; x_wconf 85' lang='lat' dir='ltr'><strong>Ioan.</strong></span> <span class='ocrx_word' id='word_1_831' title='bbox 440 5599 538 5649; x_wconf 82' lang='lat' dir='ltr'><strong>vn,</strong></span> <span class='ocrx_word' id='word_1_832' title='bbox 578 5584 669 5641; x_wconf 79' lang='lat'><strong>30.</strong></span> 
     </span>
    </p>
   </div>
   <div class='ocr_carea' id='block_1_109' title="bbox 646 6047 656 6054">
    <p class='ocr_par' dir='ltr' id='par_1_109' title="bbox 646 6047 656 6054">
     <span class='ocr_line' id='line_1_110' title="bbox 646 6047 656 6054; baseline 0 0"><span class='ocrx_word' id='word_1_833' title='bbox 646 6047 656 6054; x_wconf 66' lang='grc' dir='ltr'><strong>α</strong></span> 
     </span>
    </p>
   </div>
   <div class='ocr_carea' id='block_1_110' title="bbox 1775 4684 3353 4769">
    <p class='ocr_par' dir='ltr' id='par_1_110' title="bbox 1775 4684 3353 4769">
     <span class='ocr_line' id='line_1_111' title="bbox 1775 4684 3353 4769; baseline -0.01 -17"><span class='ocrx_word' id='word_1_834' title='bbox 1775 4697 1917 4769; x_wconf 83' lang='lat' dir='ltr'><strong>gelio</strong></span> <span class='ocrx_word' id='word_1_835' title='bbox 1954 4711 1984 4749; x_wconf 91' lang='lat' dir='ltr'><strong>a</strong></span> <span class='ocrx_word' id='word_1_836' title='bbox 2025 4694 2280 4749; x_wconf 67' lang='lat' dir='ltr'><strong>Matthaao</strong></span> <span class='ocrx_word' id='word_1_837' title='bbox 2322 4691 2522 4748; x_wconf 84' lang='lat' dir='ltr'><strong>tradito</strong></span> <span class='ocrx_word' id='word_1_838' title='bbox 2576 4690 2841 4760; x_wconf 89' lang='lat' dir='ltr'><strong>scriptum</strong></span> <span class='ocrx_word' id='word_1_839' title='bbox 2896 4702 2981 4742; x_wconf 70' lang='grc' dir='ltr'><strong>εει</strong></span> <span class='ocrx_word' id='word_1_840' title='bbox 3008 4688 3091 4754; x_wconf 72' lang='grc' dir='ltr'><strong>ἰς</strong></span> <span class='ocrx_word' id='word_1_841' title='bbox 3134 4684 3353 4754; x_wconf 84' lang='lat' dir='ltr'><strong>quando</strong></span> 
     </span>
    </p>
   </div>
   <div class='ocr_carea' id='block_1_111' title="bbox 1782 4774 3350 4844">
    <p class='ocr_par' dir='ltr' id='par_1_111' title="bbox 1782 4774 3350 4844">
     <span class='ocr_line' id='line_1_112' title="bbox 1782 4774 3350 4844; baseline -0.01 -3"><span class='ocrx_word' id='word_1_842' title='bbox 1782 4807 1801 4841; x_wconf 82' lang='grc' dir='ltr'><strong>ι</strong></span> <span class='ocrx_word' id='word_1_843' title='bbox 1826 4786 2052 4843; x_wconf 85' lang='lat' dir='ltr'><strong>audiens</strong></span> <span class='ocrx_word' id='word_1_844' title='bbox 2075 4784 2340 4840; x_wconf 77' lang='lat' dir='ltr'><strong>Joannem</strong></span> <span class='ocrx_word' id='word_1_845' title='bbox 2368 4781 2628 4836; x_wconf 86' lang='lat' dir='ltr'><strong>traditum</strong></span> <span class='ocrx_word' id='word_1_846' title='bbox 2664 4794 2808 4844; x_wconf 83' lang='lat' dir='ltr'><strong>esse,</strong></span> <span class='ocrx_word' id='word_1_847' title='bbox 2845 4778 3073 4833; x_wconf 86' lang='lat' dir='ltr'><strong>secessit</strong></span> <span class='ocrx_word' id='word_1_848' title='bbox 3113 4778 3165 4829; x_wconf 92' lang='lat' dir='ltr'><strong>in</strong></span> <span class='ocrx_word' id='word_1_849' title='bbox 3204 4774 3350 4829; x_wconf 73' lang='lat' dir='ltr'><strong>Gali~</strong></span> 
     </span>
    </p>
   </div>
   <div class='ocr_carea' id='block_1_112' title="bbox 1777 4860 3353 4949">
    <p class='ocr_par' dir='ltr' id='par_1_112' title="bbox 1777 4860 3353 4949">
     <span class='ocr_line' id='line_1_113' title="bbox 1777 4860 3353 4949; baseline -0.01 -13"><span class='ocrx_word' id='word_1_850' title='bbox 1777 4883 1975 4949; x_wconf 70' lang='lat' dir='ltr'><strong>lzeam,</strong></span> <span class='ocrx_word' id='word_1_851' title='bbox 2036 4879 2334 4949; x_wconf 85' lang='lat' dir='ltr'><strong>relictaque</strong></span> <span class='ocrx_word' id='word_1_852' title='bbox 2396 4876 2690 4939; x_wconf 80' lang='lat' dir='ltr'><strong>Nazareth,</strong></span> <span class='ocrx_word' id='word_1_853' title='bbox 2759 4874 3033 4944; x_wconf 81' lang='lat' dir='ltr'><strong>profectus</strong></span> <span class='ocrx_word' id='word_1_854' title='bbox 3089 4860 3353 4925; x_wconf 62' lang='grc' dir='ltr'><strong>ιδειυξωιι</strong></span> 
     </span>
    </p>
   </div>
   <div class='ocr_carea' id='block_1_113' title="bbox 1777 4958 3353 5044">
    <p class='ocr_par' dir='ltr' id='par_1_113' title="bbox 1777 4958 3353 5044">
     <span class='ocr_line' id='line_1_114' title="bbox 1777 4958 3353 5044; baseline -0.011 -14"><span class='ocrx_word' id='word_1_855' title='bbox 1777 4975 2159 5044; x_wconf 79' lang='lat' dir='ltr'><strong>Capharnaum</strong></span> <span class='ocrx_word' id='word_1_856' title='bbox 2185 4972 2467 5027; x_wconf 86' lang='lat' dir='ltr'><strong>civitatem</strong></span> <span class='ocrx_word' id='word_1_857' title='bbox 2505 4968 2860 5029; x_wconf 86' lang='lat' dir='ltr'><strong>maritimam,</strong></span> <span class='ocrx_word' id='word_1_858' title='bbox 2915 4964 2967 5018; x_wconf 92' lang='lat' dir='ltr'><strong>in</strong></span> <span class='ocrx_word' id='word_1_859' title='bbox 3013 4961 3211 5017; x_wconf 76' lang='lat' dir='ltr'><strong>ﬁnibus</strong></span> <span class='ocrx_word' id='word_1_860' title='bbox 3244 4958 3353 5014; x_wconf 86' lang='lat' dir='ltr'><strong>Za-</strong></span> 
     </span>
    </p>
   </div>
   <div class='ocr_carea' id='block_1_114' title="bbox 1776 5059 3354 5132">
    <p class='ocr_par' dir='ltr' id='par_1_114' title="bbox 1776 5059 3354 5132">
     <span class='ocr_line' id='line_1_115' title="bbox 1776 5059 3354 5132; baseline -0.011 -11"><span class='ocrx_word' id='word_1_861' title='bbox 1776 5066 1938 5121; x_wconf 86' lang='lat' dir='ltr'><strong>lmlon</strong></span> <span class='ocrx_word' id='word_1_862' title='bbox 1964 5104 1980 5130; x_wconf 95' lang='lat'><strong>,</strong></span> <span class='ocrx_word' id='word_1_863' title='bbox 2012 5071 2067 5118; x_wconf 90' lang='lat' dir='ltr'><strong>et</strong></span> <span class='ocrx_word' id='word_1_864' title='bbox 2098 5062 2442 5132; x_wconf 85' lang='lat' dir='ltr'><strong>Nephthalim</strong></span> <span class='ocrx_word' id='word_1_865' title='bbox 2464 5078 2513 5129; x_wconf 76' lang='grc' dir='ltr'><strong>ς»</strong></span> <span class='ocrx_word' id='word_1_866' title='bbox 2548 5070 2603 5115; x_wconf 89' lang='lat' dir='ltr'><strong>et</strong></span> <span class='ocrx_word' id='word_1_867' title='bbox 2638 5073 2761 5113; x_wconf 89' lang='lat' dir='ltr'><strong>cum</strong></span> <span class='ocrx_word' id='word_1_868' title='bbox 2815 5066 3025 5124; x_wconf 84' lang='lat' dir='ltr'><strong>tempus</strong></span> <span class='ocrx_word' id='word_1_869' title='bbox 3074 5059 3354 5122; x_wconf 87' lang='lat' dir='ltr'><strong>appeteret</strong></span> 
     </span>
    </p>
   </div>
   <div class='ocr_carea' id='block_1_115' title="bbox 1777 5142 3353 5224">
    <p class='ocr_par' dir='ltr' id='par_1_115' title="bbox 1777 5142 3353 5224">
     <span class='ocr_line' id='line_1_116' title="bbox 1777 5142 3353 5224; baseline -0.01 -13"><span class='ocrx_word' id='word_1_870' title='bbox 1777 5167 1838 5211; x_wconf 89' lang='lat' dir='ltr'><strong>ut</strong></span> <span class='ocrx_word' id='word_1_871' title='bbox 1900 5154 2484 5224; x_wconf 86' lang='lat' dir='ltr'><strong>comprehenderetur,</strong></span> <span class='ocrx_word' id='word_1_872' title='bbox 2538 5148 2854 5206; x_wconf 84' lang='lat' dir='ltr'><strong>observavit</strong></span> <span class='ocrx_word' id='word_1_873' title='bbox 2906 5163 2975 5201; x_wconf 91' lang='lat' dir='ltr'><strong>ne</strong></span> <span class='ocrx_word' id='word_1_874' title='bbox 3024 5144 3170 5198; x_wconf 86' lang='lat' dir='ltr'><strong>ultro</strong></span> <span class='ocrx_word' id='word_1_875' title='bbox 3222 5142 3353 5196; x_wconf 86' lang='lat' dir='ltr'><strong>illud</strong></span> 
     </span>
    </p>
   </div>
   <div class='ocr_carea' id='block_1_116' title="bbox 1775 5234 3354 5320">
    <p class='ocr_par' dir='ltr' id='par_1_116' title="bbox 1775 5234 3354 5320">
     <span class='ocr_line' id='line_1_117' title="bbox 1775 5234 3354 5320; baseline -0.009 -17"><span class='ocrx_word' id='word_1_876' title='bbox 1775 5257 2078 5320; x_wconf 85' lang='lat' dir='ltr'><strong>pateretur,</strong></span> <span class='ocrx_word' id='word_1_877' title='bbox 2111 5260 2287 5315; x_wconf 85' lang='lat' dir='ltr'><strong>neque</strong></span> <span class='ocrx_word' id='word_1_878' title='bbox 2317 5246 2370 5299; x_wconf 91' lang='lat' dir='ltr'><strong>in</strong></span> <span class='ocrx_word' id='word_1_879' title='bbox 2403 5239 2795 5311; x_wconf 79' lang='lat' dir='ltr'><strong>Hierosolymis</strong></span> <span class='ocrx_word' id='word_1_880' title='bbox 2815 5238 3168 5301; x_wconf 88' lang='lat' dir='ltr'><strong>inveniretur,</strong></span> <span class='ocrx_word' id='word_1_881' title='bbox 3192 5234 3277 5289; x_wconf 89' lang='lat' dir='ltr'><strong>vel</strong></span> <span class='ocrx_word' id='word_1_882' title='bbox 3302 5235 3354 5289; x_wconf 91' lang='lat' dir='ltr'><strong>in</strong></span> 
     </span>
    </p>
   </div>
   <div class='ocr_carea' id='block_1_117' title="bbox 1780 5326 3356 5411">
    <p class='ocr_par' dir='ltr' id='par_1_117' title="bbox 1780 5326 3356 5411">
     <span class='ocr_line' id='line_1_118' title="bbox 1780 5326 3356 5411; baseline -0.011 -16"><span class='ocrx_word' id='word_1_883' title='bbox 1780 5342 2004 5411; x_wconf 88' lang='lat' dir='ltr'><strong>templo,</strong></span> <span class='ocrx_word' id='word_1_884' title='bbox 2044 5340 2136 5395; x_wconf 91' lang='lat' dir='ltr'><strong>ubi</strong></span> <span class='ocrx_word' id='word_1_885' title='bbox 2172 5341 2483 5406; x_wconf 80' lang='lat' dir='ltr'><strong>frequenter</strong></span> <span class='ocrx_word' id='word_1_886' title='bbox 2523 5334 2742 5396; x_wconf 89' lang='lat' dir='ltr'><strong>docuit,</strong></span> <span class='ocrx_word' id='word_1_887' title='bbox 2793 5346 2971 5402; x_wconf 87' lang='lat' dir='ltr'><strong>neque</strong></span> <span class='ocrx_word' id='word_1_888' title='bbox 3012 5329 3066 5384; x_wconf 92' lang='lat' dir='ltr'><strong>in</strong></span> <span class='ocrx_word' id='word_1_889' title='bbox 3105 5328 3213 5382; x_wconf 90' lang='lat' dir='ltr'><strong>ullo</strong></span> <span class='ocrx_word' id='word_1_890' title='bbox 3246 5326 3356 5379; x_wconf 86' lang='lat' dir='ltr'><strong>alio</strong></span> 
     </span>
    </p>
   </div>
   <div class='ocr_carea' id='block_1_118' title="bbox 1778 5418 3355 5493">
    <p class='ocr_par' dir='ltr' id='par_1_118' title="bbox 1778 5418 3355 5493">
     <span class='ocr_line' id='line_1_119' title="bbox 1778 5418 3355 5493; baseline -0.012 -3"><span class='ocrx_word' id='word_1_891' title='bbox 1778 5435 1943 5490; x_wconf 86' lang='lat' dir='ltr'><strong>simili</strong></span> <span class='ocrx_word' id='word_1_892' title='bbox 1999 5434 2118 5490; x_wconf 88' lang='lat' dir='ltr'><strong>loco</strong></span> <span class='ocrx_word' id='word_1_893' title='bbox 2152 5451 2165 5486; x_wconf 91' lang='lat'><strong>:</strong></span> <span class='ocrx_word' id='word_1_894' title='bbox 2198 5451 2216 5484; x_wconf 85' lang='grc' dir='ltr'><strong>ι</strong></span> <span class='ocrx_word' id='word_1_895' title='bbox 2250 5430 2432 5486; x_wconf 81' lang='lat' dir='ltr'><strong>Exivit</strong></span> <span class='ocrx_word' id='word_1_896' title='bbox 2506 5428 2652 5484; x_wconf 90' lang='lat' dir='ltr'><strong>enim</strong></span> <span class='ocrx_word' id='word_1_897' title='bbox 2718 5439 2842 5481; x_wconf 88' lang='lat' dir='ltr'><strong>cum</strong></span> <span class='ocrx_word' id='word_1_898' title='bbox 2904 5421 3188 5493; x_wconf 86' lang='lat' dir='ltr'><strong>discipulis</strong></span> <span class='ocrx_word' id='word_1_899' title='bbox 3237 5418 3355 5473; x_wconf 84' lang='lat' dir='ltr'><strong>suis</strong></span> 
     </span>
    </p>
   </div>
   <div class='ocr_carea' id='block_1_119' title="bbox 1304 5578 2004 5646">
    <p class='ocr_par' dir='ltr' id='par_1_119' title="bbox 1304 5578 2004 5646">
     <span class='ocr_line' id='line_1_120' title="bbox 1304 5578 2004 5646; baseline -0.006 -10"><span class='ocrx_word' id='word_1_900' title='bbox 1304 5583 1349 5615; x_wconf 83' lang='grc'><strong>⁹¹</strong></span> <span class='ocrx_word' id='word_1_901' title='bbox 1394 5581 1586 5636; x_wconf 79' lang='lat' dir='ltr'><strong>Matth.</strong></span> <span class='ocrx_word' id='word_1_902' title='bbox 1638 5597 1720 5646; x_wconf 86' lang='lat' dir='ltr'><strong>tv,</strong></span> <span class='ocrx_word' id='word_1_903' title='bbox 1772 5579 1859 5645; x_wconf 69' lang='lat'><strong>12,</strong></span> <span class='ocrx_word' id='word_1_904' title='bbox 1916 5578 2004 5632; x_wconf 79' lang='grc'><strong>15.</strong></span> 
     </span>
    </p>
   </div>
   <div class='ocr_carea' id='block_1_120' title="bbox 1779 5680 3354 5763">
    <p class='ocr_par' dir='ltr' id='par_1_120' title="bbox 1779 5680 3354 5763">
     <span class='ocr_line' id='line_1_121' title="bbox 1779 5680 3354 5763; baseline -0.01 -12"><span class='ocrx_word' id='word_1_905' title='bbox 1779 5698 1925 5751; x_wconf 90' lang='lat' dir='ltr'><strong>hunc</strong></span> <span class='ocrx_word' id='word_1_906' title='bbox 1963 5694 2141 5748; x_wconf 90' lang='lat' dir='ltr'><strong>locum</strong></span> <span class='ocrx_word' id='word_1_907' title='bbox 2175 5692 2379 5763; x_wconf 81' lang='lat' dir='ltr'><strong>Optime</strong></span> <span class='ocrx_word' id='word_1_908' title='bbox 2406 5688 2650 5763; x_wconf 79' lang='lat' dir='ltr'><strong>restituit</strong></span> <span class='ocrx_word' id='word_1_909' title='bbox 2704 5687 2880 5763; x_wconf 84' lang='lat' dir='ltr'><strong>codex_</strong></span> <span class='ocrx_word' id='word_1_910' title='bbox 2921 5680 3354 5763; x_wconf 77' lang='lat' dir='ltr'><strong>Bodleiauus._lu</strong></span> 
     </span>
    </p>
   </div>
   <div class='ocr_carea' id='block_1_121' title="bbox 1778 5751 3354 5903">
    <p class='ocr_par' dir='ltr' id='par_1_121' title="bbox 1778 5751 3354 5903">
     <span class='ocr_line' id='line_1_122' title="bbox 1778 5751 3354 5831; baseline -0.008 -12"><span class='ocrx_word' id='word_1_911' title='bbox 1778 5767 1967 5821; x_wconf 84' lang='lat' dir='ltr'><strong>codice</strong></span> <span class='ocrx_word' id='word_1_912' title='bbox 1998 5762 2172 5829; x_wconf 79' lang='lat' dir='ltr'><strong>Regio</strong></span> <span class='ocrx_word' id='word_1_913' title='bbox 2212 5751 2423 5821; x_wconf 63' lang='lat' dir='ltr'><strong>&#39;vitiose</strong></span> <span class='ocrx_word' id='word_1_914' title='bbox 2475 5760 2692 5831; x_wconf 79' lang='lat' dir='ltr'><strong>legitur,</strong></span> <span class='ocrx_word' id='word_1_915' title='bbox 2748 5757 3060 5826; x_wconf 82' lang='grc' dir='ltr'><strong>κατέσχητο</strong></span> <span class='ocrx_word' id='word_1_916' title='bbox 3108 5752 3210 5826; x_wconf 73' lang='grc' dir='ltr'><strong>μὲν</strong></span> <span class='ocrx_word' id='word_1_917' title='bbox 3263 5751 3354 5815; x_wconf 84' lang='grc' dir='ltr'><strong>ἂν,</strong></span> 
     </span>
     <span class='ocr_line' id='line_1_123' title="bbox 1778 5833 2184 5903; baseline -0.012 -13"><span class='ocrx_word' id='word_1_918' title='bbox 1778 5837 1939 5903; x_wconf 79' lang='grc' dir='ltr'><strong>ἡμεῖς</strong></span> <span class='ocrx_word' id='word_1_919' title='bbox 1974 5833 2184 5903; x_wconf 68' lang='grc' dir='ltr'><strong>διόπερ.</strong></span> 
     </span>
    </p>
   </div>
   <div class='ocr_carea' id='block_1_122' title="bbox 1914 5870 2184 5907">
    <p class='ocr_par' dir='ltr' id='par_1_122' title="bbox 1914 5870 2184 5907">
     <span class='ocr_line' id='line_1_124' title="bbox 1914 5870 2184 5907; baseline -0.004 -19"><span class='ocrx_word' id='word_1_920' title='bbox 1914 5870 1937 5899; x_wconf 49' lang='grc' dir='ltr'>δ</span> <span class='ocrx_word' id='word_1_921' title='bbox 1974 5870 2184 5907; x_wconf 51' lang='grc' dir='ltr'><strong>νδνηῡῗρο</strong></span> 
     </span>
    </p>
   </div>
  </div>
