4082 6614
766 474 869 531 731

2246 476 2567 534 ORICENIS

3910 477 3997 534 733

769 608 918 652 trans
944 609 1245 658 torrentem
1277 602 1516 667 Cedron,
1560 604 1651 660 ubi
1688 616 1812 661 erat
1843 605 2057 671 bortus,
2086 605 2140 660 in
2177 620 2324 676 qneu

2442 598 2553 670 γὰρ
2584 598 2682 652 σὺν
2729 600 2845 661 τοῖς
2877 599 3145 671 μαθηταῖς
3173 598 3343 654 αὐτοῦ
3373 599 3551 672 πέραν
3579 598 3678 653 τοῦ
3718 599 3993 670 χειμάρρου

704 747 731 782 ,⁸
766 690 991 747 intravit
1012 694 1152 763 ipse,
1180 705 1237 751 et
1256 695 1506 767 discipuli
1530 698 1648 768 ejus
1669 698 1769 753 κ.»
1794 697 1888 755 Sic
1908 708 2091 753 autem
2112 702 2324 755 secessi:

2440 694 2548 748 τῶν
2577 691 2822 764 Κέδρων,
2849 692 2985 745 ὅπου
3014 688 3085 763 ἦν
3121 692 3318 763 κῆπος,
3347 695 3428 757 είς
3450 693 3512 747 ὃν
3552 691 3809 762 εἰσῆλθεν
3836 692 3993 758 αὐτὸς,

714 798 719 803 ’
766 797 864 850 per
892 785 945 838 id
974 788 1256 856 temporis,
1293 798 1349 843 et
1392 789 1445 843 in
1484 791 1701 860 publico
1741 806 1851 847 non
1902 790 2239 856 ambulabat,
2279 802 2340 848 ut

765 875 1051 941 pontiﬁces
1091 887 1148 932 et
1186 875 1448 935 Pharisaei
1482 883 1725 938 volentes
1771 882 1924 937 illum
1974 886 2337 951 comprehen-

764 966 915 1032 dere,
931 978 1159 1038 egerent
1186 968 1344 1034 Juda,
1374 983 1659 1041 propterea
1683 974 1827 1042 quod
1850 973 2150 1044 discipulus
2170 975 2339 1044 ipsius

764 1070 889 1112 cum
922 1069 1089 1128 esset,
1125 1062 1294 1132 probe
1329 1064 1503 1118 sciret
1546 1064 1662 1119 loca
1694 1080 1944 1121 secessus
1975 1067 2138 1121 illius.
2186 1067 2336 1133 Quo-

763 1149 908 1203 circa
945 1160 1075 1206 tunc
1111 1171 1131 1204 ι
1154 1151 1321 1208 Judas
1343 1169 1467 1209 cum
1490 1157 1798 1226 accepisset
1816 1157 2096 1212 cohortem
2115 1197 2134 1223 ,
2176 1169 2231 1211 et
2266 1171 2335 1212 ex

762 1241 1098 1311 principibus
1150 1246 1520 1312 sacerdotum,
1573 1262 1639 1302 ac
1679 1248 1974 1305 Phariszeis
2033 1250 2332 1317 ministros,

765 1333 893 1390 illuc
918 1336 1066 1389 venit
1097 1350 1219 1390 cum
1264 1336 1510 1400 laternis,
1549 1348 1604 1393 et
1631 1338 1878 1405 facibus,
1908 1350 1963 1395 et
1999 1341 2166 1395 armis
2200 1341 2269 1398 ".
2305 1359 2327 1393 ι

758 1424 1027 1481 Ceterum
1060 1427 1165 1483 hoc
1198 1427 1321 1483 loco
1343 1428 1622 1501 Evangelii
1651 1430 1961 1486 declaratur
1982 1432 2128 1502 quod
2158 1433 2327 1501 siqui-

757 1517 879 1573 dem
909 1518 1174 1576 noluisset
1197 1522 1340 1590 capi,
1377 1488 1797 1593 haudquaquam
1827 1488 2079 1580 detentus
2105 1488 2299 1581 fuisset
2312 1488 2345 1582 ε.

737 1586 1009 1667 ‘detentus
1032 1623 1211 1669 autem
1236 1586 1356 1676 fuit,
1381 1629 1504 1669 cum
1528 1586 1784 1671 lium‘ilcm
1817 1618 2326 1689 pnebuitseipsum,

736 1713 813 1769 et
850 1702 1025 1759 factus
1046 1704 1489 1778 obediens399
1513 1708 1882 1764 detinentibus
1916 1708 2002 1765 vel
2042 1726 2214 1781 usque
2261 1715 2328 1766 ad

748 1808 969 1849 crucem
992 1795 1061 1849 “.
1086 1795 1314 1862 Quando
1343 1798 1511 1866 igitur
1538 1799 1727 1863 exivit,
1750 1808 1805 1854 et
1833 1799 1969 1856 dicit
2011 1801 2096 1856 his
2123 1802 2215 1871 qui
2259 1804 2328 1856 ad

2438 787 2535 841 καὶ
2584 786 2635 839 oi
2690 784 2931 855 μαθηταὶ
2983 785 3169 839 αὐτοῦ.
3201 804 3222 837 ι
3265 785 3424 839 οὕτω
3471 784 3530 838 δὲ
3572 783 3845 855 ἀνεχώρει
3891 785 3994 841 κατ’
4014 852 4015 855 η

2437 878 2617 931 ἐκεῖνο
2662 875 2880 946 καιροῦ,
2912 876 3008 929 καὶ
3032 876 3135 929 οὐκ
3163 876 3535 948 ἑδημοσίευεν,
3558 876 3638 940 ὡς
3655 876 3864 930 δεῖσθαι
3885 877 3995 941 τοὺς

2435 968 2713 1039 ἀρχιερεῖς
2749 968 2844 1019 καὶ
2886 969 3014 1031 τοὺς
3045 968 3393 1039 Φαρισαίους,
3444 967 3810 1038 βουλομένους
3852 967 3992 1020 αὑτὸν

2437 1059 2741 1123 συλλαϐεῖν,
2766 1058 2861 1112 τοῦ
2901 1061 3092 1126 Ἰούδα,
3124 1061 3214 1115 διὰ
3259 1062 3322 1114 τὸ
3373 1061 3829 1133 μεμαθητεῦσθαι
3863 1058 4014 1132 αὐτῷ’

2437 1152 2939 1224 περιεργαζομένου
2970 1152 3066 1206 καὶ
3102 1154 3228 1216 sub;
3249 1153 3450 1216 τόπους
3478 1154 3582 1224 τῆς
3611 1153 3993 1226 ἀναχωρήσεως

2433 1244 2595 1297 αὑτοῦ
2614 1262 2627 1273 ο
2657 1244 2739 1296 διὸ
2763 1245 2885 1297 τότε
2916 1262 2935 1294 ι
2964 1245 2994 1296 ὁ
3032 1244 3256 1308 Ἰούδας,
3290 1243 3471 1297 λαϐὼν
3492 1246 3595 1315 τὴν
3632 1248 3887 1315 σπεῖραν,
3911 1247 3994 1299 καὶ

2432 1338 2497 1389 ἐκ
2527 1336 2636 1389 τῶν
2662 1335 2966 1406 ἀρχιερέων
2997 1339 3094 1389 καὶ
3120 1335 3428 1406 Φαρισαίων
3456 1334 3763 1406 ὑπηρέτας,
3795 1336 3993 1406 ἔρχεται

2431 1428 2551 1479 ἐκεῖ
2578 1428 2718 1497 μετὰ
2744 1428 2951 1497 φανῶν,
2981 1428 3074 1480 καὶ
3094 1426 3415 1498 λαμπάδων,
3446 1427 3540 1480 καὶ
3563 1426 3770 1481 ὃπλων.
3803 1446 3824 1478 ι
3853 1427 3995 1481 Κατὰ

2429 1518 2620 1572 τοῦτον
2649 1520 2706 1572 δὲ
2734 1520 2827 1573 τὸν
2846 1520 3010 1573 τόπον
3037 1519 3131 1573 τοῦ
3158 1519 3490 1588 Εὐαγγελίου
3517 1519 3800 1591 δηλοῦται,
3825 1521 3921 1584 ὅτι,
3950 1522 3993 1573 εί

2433 1610 2533 1680 μὲν
2562 1609 2816 1664 ἐϐούλετο
2848 1610 2923 1681 μὴ
2948 1610 3176 1674 ἁλῶναι,
3233 1611 3335 1664 οὐκ
3364 1611 3432 1665 ἂν
3478 1611 3791 1681 κατεσχέθη
3811 1630 3824 1641 ·
3869 1628 3991 1665 κατ-

2429 1700 2625 1771 εσχέθη
2658 1701 2717 1754 δὲ
2748 1701 3019 1756 ταπεινῶν
3040 1702 3151 1771 (62)
3176 1702 3390 1765 ἑαυτὸν,
3437 1701 3535 1755 καί⁵
3582 1701 3872 1771 γινόμενος
3902 1701 3993 1752 ὐπ-

2429 1792 2591 1862 ήκοος
2616 1796 2731 1857 τοῖς
2751 1792 3061 1863 κατέχουσι,
3090 1794 3187 1847 καὶ
3217 1793 3379 1865 μέχρι
3406 1794 3501 1847 τοῦ
3528 1792 3791 1866 σταυροῦ.
3829 1793 3988 1845 Ὀπότ’

752 1883 971 1938 hortum
995 1896 1256 1941 venerant
1290 1906 1305 1943 :
1344 1908 1363 1940 ι
1393 1889 1562 1956 Quem
1598 1890 1880 1961 quaeritis?
1902 1913 1920 1942 ι
1952 1901 2007 1947 et
2032 1895 2324 1963 responde-

2426 1881 2521 1938 οὖν
2551 1885 2765 1956 ἐξῆλθε,
2789 1887 2884 1939 καὶ
2903 1885 3051 1954 λέγει
3086 1887 3199 1948 τοῖς
3242 1885 3489 1938 ἐλθοῦσιν
3521 1888 3604 1950 είς
3653 1885 3749 1939 τὸν
3786 1883 3951 1955 κῆπον
3972 1900 3986 1914 ο

747 1985 878 2030 runt
899 1976 1001 2047 ipsi
1023 1977 1256 2033 :rJesum
1280 1980 1428 2034 illum
1455 1981 1849 2049 Nazarenump
1875 1997 1998 2039 cum
2024 1984 2134 2040 illis
2154 1986 2324 2040 dixis-

744 2076 832 2122 set
860 2084 876 2120 :
909 2069 1057 2140 «Ego
1086 2085 1228 2136 sum,
1255 2090 1275 2123 ι
1313 2073 1519 2129 virtute
1553 2090 1649 2129 sua
1685 2076 1869 2131 divina
1902 2079 2125 2133 «abiere
2153 2088 2320 2142 retro,

744 2156 1004 2229 humique
1047 2161 1366 2218 ceciderunt
1416 2164 1485 2219 ⁸⁸.
1517 2184 1537 2217 ι
1603 2165 1807 2223 Deinde
1848 2177 1970 2240 post
2033 2171 2137 2226 hoc
2196 2186 2319 2227 cum

740 2246 1011 2305 voluisset
1056 2251 1302 2322 recipere
1340 2255 1834 2326 dispensationem,
1892 2271 2056 2332 atque
2098 2277 2323 2319 (econo-

742 2340 909 2395 miam
956 2357 1056 2413 per
1085 2347 1428 2416 passionem,
1481 2366 1502 2401 ι
1525 2366 1744 2407 rursum
1791 2352 2144 2426 interrogavit
2173 2372 2267 2411 eos
2300 2372 2314 2409 :

740 2430 914 2499 Quem
960 2436 1248 2505 quaeritis?
1288 2450 1346 2494 at
1391 2440 1469 2495 illi
1519 2443 1774 2498 dixerunt
1805 2463 1819 2499 :
1850 2444 2034 2502 Iesum
2082 2447 2317 2504 Nazare-

740 2540 898 2581 num.
928 2544 948 2579 ι
989 2526 1055 2582 Et
1085 2538 1207 2598 post
1229 2544 1402 2599 pauca
1431 2534 1502 2598 ",
1534 2553 1555 2586 ι
1580 2535 1802 2602 cohors,
1824 2547 1880 2592 et
1909 2539 2157 2595 tribunus
2183 2541 2316 2596 mili-

740 2625 880 2682 tum,
924 2628 979 2674 et
1028 2621 1267 2677 ministri
1307 2621 1620 2680 Judmorum
1660 2629 2183 2697 comprehenderunt
2220 2631 2314 2688 Je—

737 2721 858 2761 sum
885 2727 905 2761 ι
948 2709 1240 2780 volentem,
1276 2733 1297 2765 ι
1330 2714 1705 2784 etligaverunt
1734 2719 1942 2787 ipsunu
1982 2736 2043 2775 se
2064 2721 2314 2791 prmben-

737 2804 845 2850 tem
889 2798 1141 2855 vinculis.
1186 2803 1322 2858 Nam
1363 2804 1411 2859 si
1463 2806 1576 2875 pati
1610 2807 1898 2873 noluisset,
1932 2824 2058 2864 num
2097 2826 2311 2867 rursum

734 2887 980 2954 dixisset,
1015 2910 1034 2942 ι
1074 2892 1186 2964 Ego
1228 2910 1371 2961 sum,
1426 2917 1447 2950 ι
1486 2907 1541 2953 et
1601 2900 1868 2956 abiissent
1932 2902 2018 2968 bi,
2059 2912 2134 2957 tot
2181 2914 2314 2974 quot

731 2992 936 3048 essent,
995 2995 1166 3052 retro,
1220 3004 1517 3061 omnesque
1560 2991 1710 3047 bumi
1742 2996 1997 3062 prostrati
2043 2996 2309 3053 fuissent?

735 3072 805 3129 Ut
830 3084 1012 3131 autem
1059 3078 1255 3135 talibus
1289 3085 1453 3137 rebus
1484 3086 1639 3141 docet
1680 3101 1781 3140 nos
1812 3090 2067 3143 secedere
2099 3090 2151 3143 in
2181 3105 2307 3159 per-

2429 2000 2449 2031 ι
2488 1980 2623 2033 Τίνα
2654 1979 2899 2050 ζητεῖτε;
2941 1998 2959 2030 ι
2988 1978 3365 2051 ἀπεκρίθησαν
3399 1979 3568 2050 αὐτῷ’
3603 1998 3625 2030 ι
3674 1977 3881 2049 Ἰησοῦν
3908 1977 3989 2030 τὸν

2423 2071 2765 2142 Ναζωραῖον·
2802 2091 2822 2124 ι
2848 2071 2942 2125 καὶ
2966 2073 2996 2125 ὁ
3025 2071 3126 2143 μὲν
3150 2067 3305 2125 εἶπεν
3336 2072 3542 2135 αὐτοῖς,
3574 2089 3596 2123 ι
3649 2067 3795 2139 Ἐγώ
3814 2071 3943 2139 είμι,
3965 2086 3983 2119 ι

2420 2164 2515 2217 καὶ
2542 2164 2650 2217 ἀπὸ
2679 2163 2784 2234 τῆς
2813 2163 2968 2228 θείας
3017 2164 3181 2218 αὑτοῦ
3222 2164 3340 2237 (65)
3371 2165 3661 2235 δυνάμεως
3699 2183 3719 2216 ι
3760 2163 3987 2232 ἀπῆλθον

2418 2256 2500 2319 είς
2524 2254 2593 2308 τὰ
2618 2255 2816 2319 ὀπίσω,
2850 2258 2943 2310 καὶ
2970 2256 3165 2310 ἔασον
3196 2257 3391 2327 χαμαί.
3428 2276 3447 2308 ι
3476 2253 3615 2310 Εἶτα
3650 2254 3793 2325 μετὰ
3822 2254 3988 2317 τοῦτο,

2415 2348 2499 2401 ὅτι
2524 2346 2586 2420 [Ι.
2610 2348 2724 2421 ὅτε]
2745 2348 3010 2421 ἐϐουλήθη
3032 2349 3392 2416 ἀναδέξασθαι
3417 2350 3517 2420 τὴν
3539 2352 3598 2403 ὲν
3624 2348 3705 2420 τῷ
3731 2348 3891 2403 πάθει
3912 2350 3985 2399 ol-

2415 2440 2695 2512 κονομίαν,
2729 2460 2749 2493 ι
2779 2441 2947 2496 πάλιν
2961 2440 3244 2513 ἠρώτησεν
3265 2440 3479 2504 αὐτούς’
3507 2441 3645 2494 Τίνα
3675 2440 3915 2513 (quite;
3940 2440 3987 2492 oi

2413 2531 2473 2586 δὲ
2502 2526 2676 2595 εἷπον,
2718 2532 2926 2604 Ἰησοῦν
2957 2533 3048 2585 τὸν
3078 2530 3429 2602 Ναζωραῖον·
3471 2550 3491 2583 ι
3522 2532 3621 2585 καὶ
3658 2533 3777 2602 μετ’
3809 2530 3982 2599 ὀλίγα³

2420 2639 2440 2672 ι
2475 2621 2541 2673 Ἦ
2569 2624 2790 2693 σπεῖρα,
2837 2622 2930 2676 καὶ
2961 2624 2991 2674 ὁ
3016 2621 3314 2693 χιλίαρχος,
3346 2622 3441 2676 καὶ
3481 2624 3531 2675 οί
3571 2622 3848 2693 ὑπηρέται
3886 2619 3986 2673 τῶν

2428 2712 2698 2768 Ἰουδαίων
2742 2713 3035 2768 συνέλαὸον
3086 2715 3177 2768 τὸν
3233 2714 3442 2784 Ἰησοῦν
3492 2733 3513 2766 ι
3565 2716 3785 2776 ἑκόντα,
3833 2731 3853 2764 ι
3899 2711 3986 2766 καὶ

2412 2802 2612 2873 ἔδησαν
2643 2803 2826 2867 αὑτὸν,
2872 2823 2892 2855 ι
2935 2805 3244 2874 παρέχοντα
3270 2804 3462 2858 ἑαυτὸν
3494 2807 3609 2866 τοῖς
3649 2803 3901 2873 δεσμοῖςο
3938 2801 3984 2852 εί

2411 2894 2521 2967 γὰρ
2556 2894 2632 2967 μὴ
2680 2894 2932 2948 ἐϐούλετο
2972 2894 3186 2960 παθεῖν,
3219 2891 3372 2948 εἶπεν
3425 2894 3491 2948 ἂν
3544 2893 3749 2956 πάλιν,
3792 2912 3812 2943 ι
3854 2890 3984 2959 Ἰιγώ

2411 2989 2559 3059 είμι;
2598 3007 2617 3039 ι
2644 2988 2739 3041 καὶ
2761 2988 3002 3059 ἀπῆλθον
3033 2987 3100 3041 ἂν
3120 2989 3171 3041 oi
3196 2986 3441 3042 τοσοῦτοι
3468 2989 3548 3051 εἰς
3570 2986 3644 3039 τὰ
3663 2986 3868 3049 ὀπίσως
3896 2984 3984 3038 καὶ

2409 3081 2613 3144 πάντες
2639 3079 2834 3134 ἔπεσον
2864 3078 2930 3135 ἂν
2960 3081 3133 3152 χαμαί
3152 3096 3167 3144 ;
3188 3081 3396 3150 Ὠσπερ
3415 3079 3473 3131 δὲ
3488 3078 3580 3131 διὰ
3604 3078 3718 3133 τῶν
3739 3078 3984 3130 τοιούτων

57 67 323 6176 Ι

729 3166 1101 3224 seculionibus
1171 3179 1226 3225 et
1280 3172 1335 3225 in
1392 3173 1603 3229 insidiis
1668 3192 1791 3247 quae
1841 3179 2130 3234 adversum
2205 3196 2306 3237 nos

2424 3172 2655 3226 ἰιδάσκει
2687 3173 2835 3243 ἡμᾶς
2859 3173 2917 3224 ὲν
2938 3172 3219 3242 διωγμοῖς,
3258 3170 3353 3224 καὶ
3379 3173 3499 3233 ταῖς
3524 3168 3651 3223 καθ’
3692 3170 3850 3243 ⁴ἡμῶν
3871 3171 3982 3222 an-

732 3263 1056 3324 struuntur;
1096 3259 1178 3314 sic
1225 3262 1391 3316 etiam
1436 3263 1566 3319 alibi
1611 3267 1851 3335 reperias
1899 3285 2019 3323 eum
2055 3274 2307 3329 secedere

732 3348 794 3370 Α
834 3349 916 3370 ις,
955 3365 1062 3370 ,μ
1269 3369 1289 3370 η
1415 3354 1429 3370 .
1561 3356 1576 3370 .
1655 3358 1687 3370 .,
1810 3368 1817 3370 .
1980 3360 1994 3370 .
2197 3365 2208 3370 -

2424 3264 2633 3328 Βουλαῖς
2660 3265 2988 3336 ἀναχωρεῖν,
3020 3263 3211 3327 ὀὕτως
3236 3265 3295 3316 ἐν
3328 3262 3508 3326 ἄλλοις
3551 3261 3739 3335 εὕροις
3787 3262 3852 3315 ἂν
3894 3261 3983 3315 καὶ

727 3348 798 3402 ab
834 3349 919 3405 bis
947 3365 1069 3420 qua:
1092 3352 1234 3407 bona
1265 3354 1500 3409 mundus
1544 3356 1716 3422 ducit,
1763 3368 1826 3412 ut
1855 3374 1951 3427 per
1980 3360 2097 3416 haec
2138 3365 2303 3419 etiam

2424 3357 2520 3411 hrrb
2536 3355 2647 3410 τῶν
2668 3356 3039 3427 νομιζομένων
3065 3350 3208 3409 εἶναι
3240 3357 3299 3408 ὲν
3325 3356 3517 3425 κόσμῳ
3549 3354 3734 3408 καλῶν
3777 3355 3980 3424 ἀναχω-

728 3439 924 3497 doceat
946 3458 1045 3498 uos
1074 3445 1259 3499 mundi
1289 3444 1583 3515 dignitates
1608 3447 1795 3519 fugere
1827 3452 2306 3525 excellentiasque

2424 3449 2625 3511 nivea,
2664 3449 2750 3502 ῐνα
2777 3448 2872 3502 καὶ
2893 3448 2982 3503 διὰ
3006 3447 3211 3502 τούτων
3236 3446 3420 3519 διδάξῃ
3460 3445 3687 3516 φεύγειν
3716 3446 3786 3499 τὰ
3810 3449 3866 3499 ἐν
3891 3444 3980 3498 κό-

727 3531 782 3586 in
833 3534 951 3601 ipso
998 3534 1349 3592 exsistentes.
1387 3536 1593 3594 «Jesus
1634 3542 1778 3595 enim
1834 3558 1958 3598 cum
2015 3547 2306 3616 aliquando

2424 3554 2531 3609 ςμῳ
2550 3536 2835 3609 ἀξιώματα
2854 3538 2950 3591 καὶ
2981 3536 3083 3602 τὰς
3109 3539 3168 3590 ὲν
3197 3537 3347 3607 αὐτῷ
3374 3537 3674 3608 ὑπεροχάς.
3716 3555 3736 3587 ι
3785 3533 3981 3604 Ἰησοῦς

725 3623 1074 3693 cogn0visset
1098 3624 1344 3681 futurum
1385 3638 1444 3683 ut
1473 3631 1751 3698 venirent,
1777 3642 1833 3688 et
1866 3646 2122 3704 raperent
2155 3654 2299 3707 eum,

2424 3630 2514 3699 {dp
2540 3646 2673 3683 ποτε
2698 3630 2880 3697 γνοὺς,
2909 3631 2994 3682 ὅτι
3044 3628 3326 3700 μέλλουσιν
3367 3627 3655 3699 ἔρχεσθαι,
3685 3628 3781 3680 καὶ
3807 3627 3979 3697 ἁρπά-

726 3724 785 3766 ιιι
806 3713 956 3770 illum
988 3733 1170 3786 regem
1198 3718 1462 3789 facerent,
1491 3727 1723 3781 secessit
1744 3727 1799 3781 in
1830 3738 2067 3785 montem
2090 3769 2106 3795 ,
2137 3749 2156 3783 ι
2206 3733 2301 3787 sed

2424 3722 2515 3784 ζειν
2547 3720 2730 3785 αὑτὸν,
2775 3720 2862 3773 ἴνα
2910 3721 3179 3791 ποιήσωσι
3209 3718 3457 3790 βασιλέα,
3509 3717 3859 3789 ἀνεχώρησεν
3903 3718 3980 3779 είς

723 3819 833 3859 non
857 3819 980 3861 cum
1007 3808 1304 3880 discipulis,
1335 3813 1429 3867 sed
1467 3833 1488 3867 ι
1515 3815 1666 3872 solus
1690 3817 1759 3883 ",
1801 3837 1823 3870 ι
1847 3835 1916 3875 ne
1938 3820 2023 3875 bis
2048 3823 2299 3877 occasio-

2424 3813 2463 3866 πὸ
2484 3812 2629 3884 ὅρος,
2662 3831 2681 3863 ι
2711 3811 2827 3865 ἀλλ’
2848 3812 2911 3864 οὐ
2950 3812 3089 3883 μετὰ
3115 3810 3222 3865 τῶν
3246 3809 3529 3882 μαθητῶν,
3555 3809 3695 3862 ἀλλὰ
3717 3829 3736 3860 ι
3766 3809 3972 3879 μόνος,ι

722 3911 849 3951 nem
879 3898 1096 3968 quidem
1121 3903 1390 3972 praebens,
1435 3915 1691 3978 tanquam
1742 3903 1918 3981 ipsum
1970 3916 2298 3985 amantibus,

2424 3908 2479 3979 ιὴ
2512 3907 2768 3979 παρέχων
2797 3908 2932 3978 μηδὲ
2958 3907 3168 3971 τούτοις
3196 3906 3472 3977 ἀφορμὴν,
3505 3905 3584 3969 ὡς
3624 3903 3868 3972 φιλοῦσιν
3895 3902 3977 3957 αύ-

718 3996 774 4042 et
801 3988 893 4059 qui
924 3990 1219 4047 voluissent
1247 4011 1368 4051 cum
1396 3988 1612 4054 caeteris
1644 4001 1819 4063 ipsum
1852 4001 2036 4058 facere
2088 4020 2297 4076 regem,

2424 3998 2512 4061 τὸν,
2535 3999 2628 4051 καὶ
2661 3996 3001 4068 βουληθεῖσιν
3025 3997 3091 4051 ἂν
3119 3996 3259 4067 μετὰ
3298 3996 3408 4049 τῶν
3454 3994 3724 4047 θελόντων
3756 3993 3973 4063 ποιῆσαι

711 4077 829 4149 jam
855 4084 1126 4140 mundane
1152 4085 1396 4155 ipsorum
1416 4089 1584 4144 etiam
1618 4106 1715 4145 rex
1740 4101 1908 4148 esset.

2424 4090 2560 4142 ιύτὸν
2591 4089 2838 4159 βασιλέα,
2864 4090 2933 4143 ἶν’
2959 4090 3059 4161 ἤδη
3084 4089 3311 4159 γένηται
3351 4088 3446 4142 καί
3476 4086 3765 4157 κοσμικῶς
3801 4084 3972 4140 αὐτῶν

2398 4173 2672 4245 βασιλεύς.

785 4262 874 4318 19.
923 4262 1051 4319 Hac
1097 4267 1313 4335 quidem
1354 4269 1409 4325 in
1472 4279 1705 4338 textum,
1753 4283 1811 4330 et
1867 4276 1923 4331 in
1966 4278 2293 4346 doctrinam,

2469 4266 2555 4322 19.
2588 4267 2773 4321 Ταῦτα
2794 4267 2892 4340 μὲν
2918 4270 2997 4331 εἰς
3020 4267 3081 4321 τὸ
3102 4266 3283 4340 ῥητὸν,
3306 4267 3400 4321 καὶ
3422 4266 3523 4339 τὴν
3543 4267 3657 4320 ἀπὸ
3680 4267 3774 4320 τοῦ
3802 4267 3970 4333 Εὐαγ-

713 4368 837 4425 qua:
872 4367 955 4410 est
979 4372 1045 4412 ex
1077 4361 1389 4431 evangelica
1421 4362 1627 4430 littera,
1670 4366 1738 4423 de
1778 4382 2021 4425 secessu.
2058 4372 2131 4427 At
2162 4388 2294 4429 vero

2424 4356 2609 4411 ἐλικοῦ
2640 4361 2967 4431 γράμματος
3002 4362 3129 4432 περὶ
3172 4361 3573 4432 ἀναχωρήσεως
3603 4358 3966 4415 διδασκαλίαν.

713 4443 769 4497 iu
805 4459 1082 4536 anagogeu
1118 4451 1244 4506 talia
1288 4453 1547 4511 dicuntur
1576 4474 1590 4510 :
1615 4457 1799 4516 Jesum
1841 4463 1973 4519 olim
2007 4467 2291 4536 propalam

2424 4452 2487 4514 Ξίς
2507 4452 2564 4505 δὲ
2593 4451 2690 4523 τὴν
2719 4454 3010 4526 ἀναγωγὴν
3033 4454 3247 4525 λεχθείη
3276 4454 3343 4508 ἂν
3370 4454 3616 4508 τοιαῦτα·
3650 4456 3735 4509 ὅτι
3771 4450 3967 4523 Ἰησοῦς

713 4535 858 4590 inter
898 4534 1110 4595 Iudaeos
1158 4545 1557 4615 obambulasse,
1599 4555 1818 4622 quando
1851 4534 2034 4612 sermo
2065 4534 2157 4614 Dei
2195 4576 2292 4630 per

2424 4547 2560 4601 πάλαι
2595 4547 2693 4616 μὲν
2725 4550 3007 4620 παρρησίᾳ
3044 4552 3157 4613 τοῖς
3194 4550 3469 4614 Ἰουδαίοις
3507 4550 3853 4621 περιεπάτει,
3883 4550 3965 4601 ὅτε

710 4629 1005 4696 prophetas
1059 4633 1205 4688 inter
1268 4650 1363 4691 eos
1416 4644 1939 4705 versabatur:Jesu
1986 4652 2134 4706 enim
2169 4629 2324 4709 erat?

2464 4639 2620 4706 λόγος
2643 4638 2738 4691 τοῦ
2770 4640 2904 4693 Θεοῦ
2938 4641 3027 4694 διὰ
3060 4642 3353 4713 προφητῶν
3381 4643 3566 4705 αὐτοῖς
3604 4640 3963 4695 ὲνεπολιτεύεο

708 4721 986 4791 propalam
1019 4740 1125 4779 vox
1156 4726 1245 4782 illa
1274 4746 1290 4782 :
1328 4746 1350 4779 ι
1373 4729 1499 4786 Haec
1526 4734 1657 4790 dicit
1678 4737 1991 4805 Dominusp
2018 4743 2110 4797 sed
2138 4759 2285 4800 nunc

2424 4746 2477 4783 ο·
2530 4729 2707 4800 Ἰησοῦ
2733 4731 2842 4803 γὰρ
2874 4729 2942 4803 ἧν
2982 4735 3285 4805 παρρησία,
3312 4735 3380 4804 ἠ·
3417 4753 3437 4786 ι
3471 4733 3612 4788 Τάδε
3659 4734 3805 4803 λέγει
3856 4732 3959 4785 Κύ-

706 4826 815 4900 non
848 4816 1078 4883 amplius
1106 4816 1265 4875 Jesus
1289 4821 1430 4878 inter
1454 4822 1673 4883 Judmos
1696 4830 1976 4900 propalam
2014 4835 2282 4891 obambu-

2424 4838 2533 4887 ιος·
2575 4842 2595 4875 ι
2632 4822 2768 4876 ἀλλὰ
2800 4823 2896 4877 νῦν
2931 4826 3115 4879 οὐκέτι
3142 4827 3427 4898 παρρησίᾳ
3463 4828 3523 4879 ὲν
3553 4830 3669 4890 τοῖς
3702 4824 3959 4886 Ἰουδαίοις

704 4899 802 4967 lat,
832 4906 926 4959 sed
956 4906 1081 4961 inde
1114 4908 1268 4975 abiit,
1298 4926 1400 4967 nec
1424 4923 1509 4968 est
1531 4914 1626 4970 Dei
1660 4899 1843 4973 sermo
1869 4920 2011 4976 inter
2040 4921 2275 4980 Judazos:

2424 4914 2602 4985 Ιησοῦς
2640 4920 2951 4987 περιπατεῖ,
2986 4917 3124 4971 ἀλλὰ
3168 4917 3414 4988 ἀπῆλθεν
3452 4918 3687 4983 ἐκεῖθεν,
3745 4917 3840 4972 καὶ
3867 4916 3957 4968 οῦν

704 4992 942 5064 indeque
976 4999 1279 5069 digressus,
1311 5019 1504 5076 nempe
1524 5022 1556 5062 a
1579 5007 1802 5074 Iudaeis,
1838 5013 1988 5068 venit
2019 5014 2073 5068 in
2101 5015 2276 5072 locum

2424 5024 2494 5060 ττι
2520 5007 2653 5062 Θεοῦ
2696 5009 2850 5077 λόγος
2881 5012 2940 5062 ὲν
2984 5008 3273 5075 Ἰουδαίοιςο
3310 5011 3405 5063 καὶ
3439 5009 3694 5064 ἀπελθὼν
3739 5007 3956 5067 ἐκεῖθεν,

703 5082 918 5172 deserto
966 5088 1228 5156 vicinum,
1288 5093 1354 5147 de
1394 5109 1503 5164 quo
1551 5096 1751 5151 dicitur
1792 5097 1839 5130 ⁸⁸
1874 5114 1890 5152 :
1928 5099 2120 5155 «Multi
2182 5103 2275 5157 lilii

2424 5099 2525 5168 ἐγω
2548 5100 2605 5152 δὲ
2633 5100 2741 5153 ἀπὸ
2767 5101 2877 5155 τῶν
2916 5102 3205 5167 Ἰουδαίων,
3248 5103 3330 5165 είς
3360 5101 3460 5172 τὴν
3490 5103 3662 5169 ἐγγὺς
3702 5101 3802 5169 τῆς
3836 5098 3965 5168 ὲρή⁶

703 5171 953 5241 desertae,
982 5180 1152 5249 magis
1173 5195 1334 5249 quam
1358 5184 1477 5253 ejus
1504 5199 1622 5255 qua:
1660 5186 1835 5240 virum
1864 5187 2026 5243 habet
2044 5205 2092 5254 ς»
2134 5201 2189 5245 et
2211 5193 2279 5247 ad

2424 5207 2485 5243 ου
2509 5187 2642 5261 ἦλθε
2672 5191 2876 5264 χώραν,
2907 5195 3035 5264 περὶ
3059 5190 3128 5265 ἦς
3154 5193 3373 5262 λέγεται
3390 5171 3451 5244 ’γι
3491 5193 3674 5246 Πολλὰ
3702 5190 3769 5243 τὰ
3797 5190 3956 5242 τέκνα

701 5277 865 5333 quam
895 5265 1095 5323 dicitur
1124 5288 1137 5324 :
1171 5288 1189 5321 ι
1218 5270 1446 5338 Laetare,
1490 5277 1686 5332 sterilis
1711 5317 1725 5341 ,
1785 5293 1907 5348 qua:
1936 5295 2041 5334 non
2087 5282 2235 5350 paris
2260 5300 2275 5349 ;

2424 5280 2477 5350 ῆς
2501 5282 2729 5351 ἐρήμου,
2767 5282 2966 5353 μᾶλλον
2990 5285 3023 5355 ἢ
3057 5284 3156 5353 τῆς
3178 5282 3409 5353 ἐχούσης
3434 5282 3529 5336 τὸν
3564 5282 3735 5353 ἄνδρα
3755 5297 3768 5311 ι
3810 5298 3827 5329 ι
3862 5279 3956 5332 καὶ

701 5366 944 5423 erumpe,
974 5366 1028 5410 et
1047 5358 1238 5427 clama,
1274 5379 1394 5434 qua:
1412 5381 1519 5421 non
1558 5369 1797 5438 parturis
1824 5370 1891 5423 ".
1932 5389 1952 5422 ι
1983 5370 2277 5428 Estautem

2424 5372 2517 5443 ρὸς
2545 5374 2611 5444 ἣν
2642 5375 2886 5447 εἴρηταιο
2922 5397 2941 5428 ι
2982 5375 3331 5448 Εὐφράνθητι
3363 5375 3557 5447 στείρα
3582 5378 3619 5448 ἡ
3649 5378 3711 5428 οὐ
3741 5375 3955 5427 τίκτου-

701 5445 917 5500 dcserto
978 5449 1154 5504 vicina
1207 5453 1397 5511 civitas
1473 5458 1745 5530 prraim,
1789 5461 1859 5515 ad
1914 5478 2079 5533 quam
2130 5467 2277 5521 venit

2424 5482 2480 5517 ι·
2504 5445 2806 5538 ῥῆξον,καὶ
2840 5469 3033 5541 βόησον
3059 5445 3222 5542 ήῄοὺκ
3252 5445 3539 5523 ὧδξνουσα.
3577 5445 3617 5521 ι⁷
3638 5470 3790 5523 Ἔστι
3817 5467 3868 5519 δὲ
3915 5462 3955 5530 ἡ
4026 5501 4043 5533 ,-

770 5612 1000 5708 Ἠοξιηο
1056 5632 1211 5708 i239.
1262 5621 1313 5708 ξ
1347 5623 1676 5708 ,λ’,ίιήὼῖκ
1748 5628 1796 5661 σι
1821 5627 2020 5700 Philip.
2049 5647 2113 5700 ιι,
2141 5632 2195 5690 8.
2269 5634 2318 5666 οε
2358 5633 2514 5691 Joan.
2548 5636 2764 5704 ιγιιι,ι
2801 5652 2956 5708 seqq.
3031 5635 3079 5666 ιο
3119 5634 3250 5690 ibid.
3304 5631 3391 5687 ιε.
3469 5632 3514 5664 ον
3571 5626 3926 5695 Joan.n,t5
4010 5640 4029 5675 ς

702 5681 747 5713 ’⁸
775 5682 948 5737 Galat.
987 5701 1064 5752 tv,
1103 5688 1194 5743 27.
1268 5692 1313 5724 ⁹⁹
1346 5692 1477 5748 ibid.

775 5802 885 5876 (ϐξ)
920 5805 1097 5876 (Index
1125 5805 1466 5876 Bodleianus,
1495 5808 1854 5875 ταπεινώσας.

775 5874 886 5936 (65)
919 5874 1026 5930 Καὶ
1057 5876 1175 5932 ἀπὸ
1206 5877 1316 5940 τῆρ
1345 5874 1510 5943 θείας
1535 5881 1742 5937 αὐτοῦ.
1807 5874 1930 5941 Πίος
1966 5886 2159 5943 desunt
2185 5887 2241 5944 in
2270 5888 2324 5945 ed

2424 5900 2509 5944 me
2550 5882 2755 5951 lluetii,
2781 5884 2875 5941 sed
2910 5890 3127 5940 exstant
3150 5881 3203 5937 in
3234 5881 3427 5939 codice
3455 5879 3771 5939 Bodleiano.

3228 6584 3357 6598 “ﬁ
3418 6588 3843 6600 iﬁﬁ—‘T—ﬂ"
