3804 6546
412 534 419 547 ⁸
496 462 605 522 ’135

1958 442 2276 504 ORIGENIS

3640 433 3795 487 756³

412 557 425 604 ”
503 592 710 639 stantes
737 599 751 637 :
783 579 924 649 Quid
967 579 1179 635 videtur
1206 577 1385 646 vobis,
1446 575 1591 647 quod
1627 589 1731 631 non
1759 573 1973 630 venerit
2005 571 2072 625 ad

2195 584 2232 620 :v
2263 562 2342 635 τῷ
2377 559 2508 631 ίερῷ
2536 558 2846 630 ἑστηκότες·
2878 554 2947 611 Τί
2972 556 3102 628 ὑμῖν
3126 555 3296 620 δοκεῖ,
3334 554 3419 608 ὅτι
3448 552 3558 623 (68)
3590 553 3730 624 [add

505 674 646 726 diem
688 646 884 725 festum
925 669 983 724 ’ἲ
1031 688 1050 722 ι
1089 668 1203 723 Non
1249 669 1390 724 idem
1437 646 1768 723 censendum
1818 673 1901 719 est
1950 677 2070 718 esse

2195 656 2257 728 .6]
2309 655 2383 727 μὴ
2436 653 2567 725 ἔλθῃ
2615 653 2696 715 εις
2746 651 2845 723 τὴν
2875 650 3100 722 ἑορτήνς
3138 667 3156 701 ι
3191 648 3268 702 ού
3302 646 3366 701 τὸ
3392 646 3527 701 αίνυδ
3555 663 3730 716 νομισ-

504 762 710 816 Pasrha
745 761 956 818 Domini
1000 769 1057 816 et
1093 761 1300 816 Pascha
1322 758 1626 816 Iudaeorum
1655 775 1669 812 :
1701 772 1824 812 nam
1865 755 2069 810 Pascha

2195 749 2289 801 :éov
2304 743 2445 800 εἶναι
2461 744 2654 814 Πάσχα
2676 742 2770 797 τοῦ
2789 741 2996 813 Κυρίου
3013 740 3108 794 καὶ
3120 739 3316 810 Πάσχα
3329 737 3440 791 τῶν
3455 736 3733 790 Ἰουδαίων

506 855 799 908 secundum
834 852 1050 923 Legem,
1097 851 1165 907 ad
1218 852 1499 908 Dominum
1537 851 1803 922 pertinet;
1869 848 1937 902 ad
1977 862 2072 902 eos

507 958 637 998 vero
666 943 755 1012 qui
787 954 912 999 sunt
930 943 1166 1014 exleges,
1192 942 1403 999 Pascha
1434 943 1766 998 Judaeorum.
1805 939 2073 1008 Quocirca

506 1036 1042 1091 animadvertendum
1088 1047 1172 1092 est
1215 1036 1433 1107 quando
1476 1036 1675 1092 dicitur
1724 1033 1931 1089 Pascha
1966 1032 2071 1087 Do-

508 1128 667 1193 mini,
697 1138 749 1183 et
772 1126 871 1195 alii
904 1127 1038 1193 dies,
1069 1138 1124 1183 et
1166 1125 1381 1203 quando
1424 1142 1532 1182 non
1577 1126 1812 1192 Domini,
1861 1125 1954 1181 sed
1981 1139 2075 1180 eo-

510 1233 629 1272 rum
659 1218 749 1288 qui
781 1219 1190 1289 redarguuntur
1218 1219 1289 1274 oh
1316 1228 1562 1290 peccata.
1597 1217 1759 1273 Verbi
1808 1216 1984 1287 gratia
2019 1216 2073 1270 in

508 1309 695 1365 Exodo
718 1320 842 1380 post
872 1310 977 1366 alia
1005 1312 1268 1381 scriptum
1300 1320 1384 1368 est
1414 1311 1481 1366 de
1516 1310 1779 1367 Paschate
1818 1312 1870 1365 in
1890 1310 2076 1379 'pritno

507 1409 816 1470 praecepto:
852 1417 873 1453 ‹
911 1400 975 1454 Et
1000 1401 1297 1456 comedetis
1330 1400 1460 1455 illud
1485 1398 1840 1465 festinanter;
1870 1398 2075 1455 Pascha

508 1499 592 1547 est
615 1492 758 1548 enim
788 1493 1042 1558 Domini;
1075 1512 1096 1546 ι
1127 1500 1183 1548 et
1210 1493 1262 1547 in
1291 1494 1532 1548 secundo
1563 1509 1578 1547 :
1612 1511 1631 1546 ι
1658 1492 1716 1548 Si
1744 1491 1982 1546 dixerint
2007 1491 2076 1544 ad

507 1597 605 1639 vos
655 1584 749 1638 lilii
803 1584 965 1639 vestri
998 1600 1011 1637 :
1044 1582 1273 1652 Quinam
1321 1587 1497 1641 cultus
1519 1593 1601 1639 est
1628 1582 1783 1638 vobis
1824 1580 1957 1636 iste?
1991 1594 2076 1635 re-

508 1676 816 1745 apondele':
858 1676 1088 1732 Victima
1137 1687 1221 1731 est
1263 1676 1477 1732 Pascha
1526 1675 1760 1740 Domini,
1807 1673 2071 1745 quoniam

511 1767 749 1835 protexit
778 1769 970 1823 domus
1015 1766 1252 1824 llli0rum
1301 1767 1466 1824 Israel
1514 1768 1573 1823 in
1613 1765 1850 1838 Egypto
1879 1768 1921 1820 ⁸.
1964 1784 1984 1819 ι
2019 1763 2078 1820 In

510 1857 651 1914 Isaia
690 1874 841 1926 vero,
874 1876 981 1915 non
1030 1863 1114 1916 sui
1162 1861 1352 1931 ipsius,
1397 1860 1490 1915 sed
1531 1871 1873 1929 peccatorum
1903 1859 2080 1930 inquit

2169 839 2234 893 τὸ
2265 839 2362 911 μὲν
2382 836 2489 908 γὰρ
2515 835 2654 891 κατά
2670 834 2763 889 τὸν
2782 833 2946 905 νόμον
2966 833 3176 904 Πάσχα,
3192 831 3306 885 ἐστὶ
3322 828 3422 883 τοῦ
3440 828 3665 900 Κυρίου,
3682 832 3734 881 τὸ
3794 826 3795 829 “

2170 934 2228 988 δὲ
2242 931 2352 986 τῶν
2378 928 2708 1002 παρανόμων
2729 927 2921 998 Πάσχα
2938 925 3046 980 τῶν
3076 924 3361 979 Ἰουδαίων.
3384 922 3477 975 Διὸ
3497 937 3730 991 παρατη-

2175 1024 2366 1097 ρητέον
2415 1022 2547 1076 πότε
2593 1020 2814 1090 λέγεται
2861 1017 3068 1091 Κυρίου
3103 1016 3166 1070 τὸ
3201 1016 3418 1085 Πάσχα,
3456 1013 3556 1067 καὶ
3794 1064 3795 1097 ἶ

2173 1117 2398 1189 ἡμέραι,
2433 1116 2528 1171 καὶ
2565 1114 2697 1168 πότε
2730 1114 2794 1167 οὐ
2823 1111 2919 1167 τοῦ
2953 1111 3183 1186 Κυρίου,
3212 1108 3350 1164 ἀλλὰ
3387 1106 3498 1161 τῶν
3536 1106 3740 1174 ἐλεγχο-

2178 1210 2355 1283 μένων
2413 1208 2508 1262 ἐπὶ
2562 1204 2879 1278 ἁμαρτίαιςο
2932 1198 3043 1256 οἷον
3071 1204 3129 1256 ὲν
3186 1201 3285 1272 μὲν
3327 1201 3394 1270 τῇ
3439 1195 3728 1266 Ἐξάδῳγέ-
3794 1214 3795 1235 1

2173 1316 2417 1374 γραπται
2449 1297 2566 1370 μεθ’
2596 1297 2762 1369 ἔτερα
2802 1294 2944 1350 κατά
2969 1294 3069 1366 τὴν
3111 1291 3334 1365 πρώτην
3375 1288 3509 1361 περὶ
3563 1288 3734 1357 Πάσχα
3794 1320 3795 1329 χ

2176 1390 2394 1462 ἐντολήν
2416 1406 2431 1421 ·
2462 1405 2482 1440 ι
2513 1387 2626 1441 Καὶ
2653 1384 2837 1439 έδεσθε
2885 1382 3017 1437 αὐτὸ
3071 1379 3212 1452 μετά
3253 1376 3493 1447 σπουδῆς
3518 1415 3537 1438 θ
3567 1375 3736 1443 Πάσχα
3794 1448 3795 1455 η

2177 1478 2296 1533 ἐστὶ
2327 1475 2552 1550 Κυρίου-
2600 1493 2634 1527 αι
2695 1474 2790 1529 καὶ
2830 1472 2974 1526 κατά
2999 1469 3097 1541 τὴν
3127 1468 3405 1540 δευτέρανο
3446 1484 3467 1517 ι
3512 1464 3640 1517 Ἐἀν
3665 1464 3730 1515 λέ-
3794 1466 3795 1471 ‘

2176 1588 2317 1642 γωσι
2354 1571 2491 1641 πρὸς
2527 1568 2672 1639 ὑμᾶς
2714 1567 2763 1620 οί
2801 1565 2909 1620 υίοὶ
2945 1563 3120 1635 ὑμῶν·
3153 1560 3249 1625 Τίς
3282 1563 3324 1631 ἡ
3359 1557 3590 1629 λατρεία
3620 1555 3739 1609 αὕτη

2179 1665 2307 1736 ὑμῖν
2330 1680 2345 1730 ;
2371 1663 2466 1716 καὶ
2498 1664 2705 1734 ἐρεῖτευ
2739 1658 2913 1713 Θυσία
2940 1658 3004 1711 τδ
3048 1656 3241 1726 Πάσχα
3285 1651 3381 1707 τοῦ
3423 1652 3658 1721 Κυρίου,
3680 1650 3740 1713 ὡς

2180 1755 2455 1811 ὲσκέπασε
2482 1755 2610 1817 τοὺς
2630 1752 2812 1815 οῐκους
2830 1749 2939 1804 τῶν
2961 1747 3091 1803 υίῶν
3103 1745 3324 1818 Ἰσραὴλ
3349 1748 3410 1798 ὲν
3441 1741 3740 1812 Ausim.-

2180 1849 2273 1902 ’Ev
2296 1848 2354 1902 δὲ
2377 1844 2456 1918 τῷ
2491 1845 2709 1915 Ἡσαΐᾳ,
2745 1843 2843 1913 οὐχ
2875 1839 3091 1904 ἑαυτοῦ,
3121 1837 3260 1893 ἀλλά
3283 1835 3395 1889 τῶν
3425 1831 3745 1905 άμαρτανάν-

516 1950 774 2005 Dominus
801 1922 923 2007 e'sse
947 1922 1245 2017 noviluni-a,
1295 1922 1349 2008 et
1385 1922 1645 2020 Sabhata,
1693 1963 1749 2008 et
1785 1922 2075 2023 jejunium,

2195 1956 2291 1994 των
2345 1939 2512 2009 φησιν
2567 1931 2710 1989 εἴναι
2743 1923 2779 1987 δ’
2803 1932 3010 2005 Κύριος
3039 1929 3139 1994 τὰς
3170 1925 3480 2023 νουμηνίας
3503 1963 3548 2023 ,Δ
3569 1922 3743 2023 καὶ-τὶ
3794 2000 3795 2003 η

513 2049 569 2095 et
594 2040 778 2106 ferias,
812 2051 867 2096 et
892 2040 1246 2111 festivitates;
1278 2043 1421 2113 quod
1445 2045 1491 2099 si
1520 2044 1879 2110 feStivitates,
1910 2044 2080 2114 liquet

512 2132 674 2187 etiam
702 2135 845 2202 quod
889 2133 1121 2199 Pascha,
1148 2151 1270 2190 cum
1311 2137 1426 2191 haec
1468 2152 1572 2191 una
1612 2138 1684 2193 sit
1710 2138 1852 2192 inter
1876 2136 2079 2193 festivi-

517 2230 677 2277 tates.
712 2223 985 2295 Scriptum
1015 2238 1102 2280 est
1131 2236 1311 2283 autem
1343 2229 1490 2282 hunc
1521 2229 1573 2283 in
1603 2228 1820 2283 modum
1866 2246 1881 2283 :
1926 2248 1944 2279 ι
1976 2228 2081 2282 Νο-

516 2314 721 2371 vilunia
754 2324 950 2379 vestra,
975 2327 1030 2372 et
1062 2316 1300 2375 Sahhata
1335 2330 1546 2385 vestra,
1575 2330 1629 2375 et
1656 2320 1797 2375 diem
1828 2336 2078 2391 magnum

517 2420 624 2460 non
652 2406 821 2464 tolero
842 2424 854 2460 :
878 2407 1168 2478 jejunium,
1197 2421 1252 2467 et
1284 2410 1470 2477 ferias,
1496 2422 1553 2468 et
1578 2413 1850 2466 novilunia
1874 2424 2079 2481 vestra,

517 2504 576 2550 et
609 2497 934 2555 festivitates
967 2509 1177 2555 vestras
1198 2503 1311 2558 odit
1339 2504 1519 2557 anima
1547 2518 1666 2559 mea
1697 2504 1763 2559 ".
1807 2522 1827 2556 ι
1860 2504 2000 2570 Quin
2030 2508 2081 2560 in

520 2603 629 2644 uno
652 2605 717 2643 ex
753 2592 1035 2647 duodecim
1071 2594 1345 2665 prophetis
1373 2597 1630 2667 scriptum
1658 2609 1739 2652 est
1772 2614 1782 2646 :
1822 2618 1840 2650 ι
1870 2598 1970 2653 Odi
2021 2615 2084 2654 ac

519 2678 762 2736 detestor
788 2680 1108 2741 festivitates
1128 2696 1337 2743 vestras
1361 2689 1404 2720 ¹¹
1431 2704 1443 2739 :
1477 2708 1495 2741 ι
1526 2697 1581 2743 et
1601 2689 1756 2759 juxta
1783 2691 2083 2759 expositam

518 2768 902 2839 elocutionem,
947 2772 1156 2830 Pascha
1205 2793 1310 2832 non
1348 2777 1583 2843 Domini,
1631 2780 1727 2834 sed
1774 2777 2084 2835 Iudaeorum

428 2870 435 2875 '
516 2871 677 2916 erat:
730 2861 1042 2937 dictumque
1086 2876 1171 2924 est
1214 2866 1522 2925 ludazorum
1565 2869 1795 2939 Pascha,
1844 2873 1984 2942 quod
2031 2874 2083 2926 in

518 2952 641 3024 ipso
674 2957 897 3013 insidias
936 2960 1257 3017 molirentur
1308 2960 1587 3019 Servatori
1640 2976 1850 3023 nostro.
1883 2966 2089 3037 Opinor

517 3047 686 3102 etiam
715 3047 820 3103 illis
847 3052 1158 3120 prophetice
1209 3054 1412 3110 dictum
1461 3056 1673 3113 fuisse:
1706 3075 1726 3110 ι
1767 3058 1867 3113 Odi
1923 3071 2090 3130 atque

518 3138 862 3196 abominatus
891 3159 1010 3197 smn
1041 3143 1367 3202 festivitates
1399 3162 1608 3204 vestras
1637 3167 1652 3204 :
1692 3170 1712 3203 ι
1765 3168 1900 3221 opus
1943 3153 2088 3206 enim

519 3243 627 3283 non
657 3247 957 3302 congruens
987 3234 1264 3292 festivitati
1294 3238 1408 3309 Dei,
1441 3243 1536 3296 sed
1564 3244 1853 3299 scelestum
1890 3247 1942 3301 in
1975 3248 2090 3315 ipso

520 3316 784 3376 Paschate
828 3322 1095 3389 fecerunt,
1164 3326 1449 3384 interfecto
1493 3329 1645 3385 Iesu.
1702 3331 2091 3388 Verumtamen

521 3420 650 3465 ante
680 3412 780 3466 hoc
803 3411 1011 3469 Pascha
1041 3415 1373 3487 Judazorum,
1424 3420 1577 3474 multi
1616 3424 1981 3478 ascenderunt
2027 3441 2091 3478 ex

523 3501 765 3569 regione,
797 3514 854 3557 ut
880 3519 940 3559 se
969 3505 1342 3575 puritlcarent.
1372 3508 1763 3580 Prmoccupans
1791 3524 1975 3567 autem
2011 3516 2093 3568 di-

523 3604 705 3647 cerem
733 3594 935 3651 multos
959 3613 1063 3652 non
1110 3600 1485 3657 considerasse
1531 3608 1803 3673 quomodo
1843 3607 2097 3677 purifica-

528 3690 649 3737 rent
699 3684 925 3755 seipsos,
981 3699 1264 3758 propterea
1312 3694 1455 3762 quod
1508 3694 1884 3754 existimantes
1937 3715 2095 3754 suum

524 3773 766 3857 ipsorum
819 3777 1030 3835 Pascha
1089 3781 1292 3837 cultum
1342 3796 1603 3854 praestare
1667 3788 1814 3857 Deo,
1885 3800 2095 3845 tantum

525 3865 701 3925 abfuit
744 3879 804 3925 ut
833 3886 893 3927 se
913 3871 1290 3943 purificarent,
1324 3887 1383 3932 ut
1412 3882 1577 3934 etiam
1617 3858 1960 3938 scelestiores
2005 3882 2098 3938 lie-

528 3970 652 4017 rent
673 3976 835 4032 quam
863 3976 1043 4030 erant,
1073 3976 1366 4038 antequam
1413 3972 1828 4029 sanctificarent
1861 3975 2095 4045 seipsos.

526 4053 952 4112 Dixeruntenim
987 4059 1162 4116 Pilato
1195 4061 1285 4131 qui
1312 4060 1498 4118 Jesum
1527 4064 1603 4119 illi
1635 4067 1977 4122 tradiderunt
1998 4066 2094 4125 Ju-

525 4146 627 4203 daei
659 4164 673 4201 :
712 4166 732 4199 ι
762 4148 932 4206 Nobis
968 4168 1073 4206 non
1099 4153 1228 4208 licet
1263 4154 1572 4210 interficere
1605 4172 1933 4228 quemquam
1955 4159 2034 4225 n;
2074 4178 2093 4210 ι

526 4247 741 4307 propter
773 4257 909 4310 quos
952 4241 1041 4297 ille
1081 4236 1218 4298 dixit
1271 4246 1551 4301 Servatori
1588 4265 1603 4301 :
1641 4265 1662 4299 ι
1699 4246 1947 4313 Nunquid
1998 4263 2100 4319 ego

527 4324 744 4382 Iudaeus
770 4331 928 4384 sum?
960 4331 1105 4387 Gens
1134 4340 1246 4399 tua,
1275 4345 1330 4389 et
1352 4335 1636 4404 pontiﬁces
1667 4337 2012 4392 tradiderunt
2048 4350 2100 4395 te

531 4418 662 4474 mibi
696 4418 762 4474 ⁸⁸.
791 4439 811 4474 ι
843 4423 920 4477 Ac
964 4438 1097 4479 sane
1148 4425 1240 4494 qui
1293 4427 1547 4481 dicebant
1595 4443 1654 4483 se
1703 4431 2010 4484 ascendisse
2046 4442 2102 4486 nt

529 4511 967 4582 puriﬁcarentur,
998 4532 1019 4568 ι
1058 4516 1427 4573 clamaverunt
1474 4517 1637 4593 402
1683 4521 1928 4576 dicentes
1960 4543 1980 4576 ι
2013 4522 2104 4577 Pi-

2184 2031 2449 2096 σάϐϐατα,
2490 2030 2584 2083 καὶ
2631 2027 2906 2099 νηστείαν,
2961 2024 3055 2078 καὶ
3101 2020 3299 2092 ἀργίαν
3322 2058 3339 2082 ,
3389 2017 3493 2071 xai.
3528 2015 3745 2085 ἑορτάς

2183 2126 2232 2177 εί
2262 2123 2320 2177 δὲ
2348 2123 2446 2186 τὰς
2483 2120 2697 2194 ἑορτὰς,
2730 2117 2911 2189 δῆλον,
2941 2118 3026 2170 ὅτι
3062 2114 3156 2168 καὶ
3182 2112 3245 2165 τὺ
3275 2110 3493 2179 Πάσχα·
3534 2107 3632 2177 μία
3654 2105 3748 2175 γὰρ

2183 2214 2323 2286 αὑτὴ
2353 2213 2461 2267 τῶν
2492 2211 2692 2285 ἑορτῶν
2736 2212 2875 2264 ὲστι.
2930 2206 3242 2277 Γέγραπται
3267 2202 3326 2256 δὲ
3357 2199 3569 2262 οὕτως·
3604 2216 3622 2248 ι
3656 2195 3748 2257 vs;
3794 2214 3795 2265 γ

2185 2304 2483 2376 νουμηνίας
2515 2302 2691 2373 ὑμῶν,
2728 2302 2823 2354 καὶ
2879 2298 2950 2351 τά
3000 2294 3248 2350 σάϐϐατα
3280 2292 3463 2364 ὑμῶν,
3510 2292 3611 2344 καὶ
3634 2288 3748 2357 ήμέ·

2189 2411 2288 2467 ραν
2323 2393 2565 2465 μεγάλην
2589 2393 2691 2445 οὐκ
2717 2391 3001 2461 ἀνέχομαι·
3031 2385 3306 2459 νηστείαν,
3335 2384 3370 2454 ἢ
3411 2382 3514 2436 καὶ
3545 2380 3753 2452 ἀργίαν.

2188 2488 2282 2541 καὶ
2322 2485 2618 2557 νουμηνίας
2649 2482 2804 2554 ὑμῶν
2833 2523 2848 2548 ,
2887 2482 2981 2536 καί
3014 2481 3113 2543 τὰς
3142 2477 3335 2549 ἑορτὰς
3367 2474 3533 2545 ὑμῶν
3565 2473 3701 2543 μισεῖ
3727 2473 3753 2521 ἡ

2186 2582 2332 2653 ψυχή
2367 2598 2489 2653 μου.
2521 2599 2541 2633 ι
2577 2580 2689 2633 Καὶ
2718 2578 2775 2632 ἐν
2819 2593 2926 2631 τινι
2961 2575 3019 2628 δὲ
3062 2572 3167 2627 τῶν
3196 2569 3404 2624 διὶλδεκα
3437 2567 3752 2638 γέγρατπαεο

2194 2693 2215 2725 ι
2244 2672 2564 2745 Μεμίσηκα,
2599 2670 2864 2741 άπῶσμαι
2888 2668 2987 2730 τὰς
3011 2663 3203 2737 ὲορτάς
3238 2661 3410 2733 ὑμῶν·
3457 2680 3477 2710 ι
3514 2660 3611 2712 καὶ
3638 2656 3755 2710 κατᾶ

2188 2766 2287 2838 τὴν
2324 2764 2652 2835 ἐκκειμένην
2683 2762 2863 2817 τοίνυν
2904 2758 3049 2823 λέξιν
3071 2796 3085 2822 ,
3118 2757 3180 2809 τὸ
3212 2752 3403 2822 Πάσχα
3444 2751 3510 2804 ού
3549 2749 3646 2803 τοῦ
3668 2750 3747 2801 Iis

2194 2859 2331 2931 ρίου,
2358 2856 2493 2911 ἀλλὰ
2536 2855 2644 2912 τῶν
2677 2853 2948 2908 Ἰουδαίων
2979 2847 3068 2922 ἦν·
3103 2851 3133 2903 ὁ
3163 2846 3274 2918 γὰρ
3305 2845 3506 2916 Σωτὴρ
3540 2842 3691 2937 iam?»
3712 2843 3757 2937 ὲν
3794 2886 3795 2937 γ

2192 2949 2341 3021 αύτῷ
2368 2947 2784 3002 ἐπεϐουλεύετου
2825 2945 2918 2999 καὶ
2948 2942 3037 2997 διὰ
3090 2941 3248 2995 τοῦτο
3287 2938 3469 2992 αὐτῶν
3523 2931 3677 3005 οἶμαι
3712 2932 3759 2984 τὸ
3794 2934 3795 2997 ξ

2193 3043 2388 3111 Πάσχα
2413 3039 2664 3111 εἰρῆσθαι
2695 3038 2879 3100 αὐτοῖς
2910 3031 3265 3107 προφητικῶς
3291 3029 3371 3083 τό·
3404 3047 3425 3079 ι
3450 3026 3760 3097 Μεμίσηκα,

2197 3131 2465 3202 ἀπῶσμαι
2489 3130 2589 3193 τὰς
2619 3127 2811 3201 ἑορτὰς
2839 3126 3011 3198 ὑμῶν’
3044 3143 3064 3177 ι
3101 3124 3260 3195 ἔργον
3289 3119 3398 3191 γὰρ
3449 3118 3558 3213 οὐχ
3577 3114 3761 3213 ⁸έοεηῇεῑ

2195 3222 2355 3288 Θεοῦ,
2391 3220 2505 3274 ἀλλ’
2542 3220 2737 3287 ἐναγὲς
2764 3221 2821 3272 ὲν
2869 3214 3019 3286 αὐτῷ
3051 3213 3385 3283 πεποιήκασι
3421 3208 3523 3261 τὸν
3576 3208 3762 3275 Ἰησοῦν

2122 3297 2168 3359 c
2196 3313 2636 3375 ἀποκτείναντες.
2695 3310 2842 3381 Πλὴν
2874 3306 2979 3381 πρὸ
3011 3305 3105 3359 τοῦ
3136 3304 3324 3373 Πάσχα
3364 3301 3479 3353 τῶν
3509 3298 3763 3353 Ἰουδαίων

2193 3405 2405 3469 τούτου,
2430 3403 2615 3457 πολλοὶ
2647 3400 2917 3472 ἀνέϐησαν
2944 3399 3023 3461 είς
3063 3394 3407 3467 Ἱεροσόλυμα
3436 3393 3508 3443 ἐκ
3554 3391 3656 3461 τῆς
3678 3388 3764 3458 χὼ-

2194 3515 2317 3574 ρας,
2353 3497 2441 3552 ἴνα
2477 3494 2776 3565 ἁγνίσωσιν
2820 3488 3064 3553 ἑαυτούς.
3105 3483 3400 3559 Προλαϐὼν
3423 3484 3474 3536 δ’
3509 3483 3581 3537 ἂν
3617 3482 3764 3534 εἴποι·

2200 3609 2283 3663 μι,
2317 3589 2400 3643 ὅτι
2436 3587 2539 3640 οὐκ
2571 3584 2757 3638 ἐνόουν
2781 3584 2830 3636 οί
2864 3579 3050 3634 πολλοὶ
3093 3579 3211 3642 πῶς
3239 3576 3305 3631 ἂν
3345 3576 3638 3643 άγνίσαιεν
3658 3574 3764 3625 ἐσυ-

2193 3678 2343 3743 τούς·
2379 3677 2569 3750 διόπερ
2598 3673 2883 3737 δοκοῦντες
2921 3672 2983 3725 τὸ
3037 3669 3246 3725 ἑαυτῶν
3292 3670 3496 3737 Πάσχα⁵
3533 3663 3768 3737 λατρείαν

2196 3770 2532 3845 προσφέρειν
2556 3766 2635 3839 τῷ
2666 3765 2805 3837 Θεῷ,
2845 3762 3098 3818 τοσοῦτον
3142 3760 3369 3833 ἐδέησαν
3414 3758 3517 3812 τοῦ
3574 3756 3769 3826 ἁγνίσαι

2198 3864 2447 3927 ἑαυτοὺς,
2477 3860 2620 3914 ὥστε
2644 3859 2992 3930 ὲναγέστεροι
3019 3854 3273 3926 γενέσθαι
3307 3848 3369 3908 οὗ
3393 3848 3549 3923 ἦσαν
3579 3850 3769 3916 ἐναγεῖς

2198 3956 2328 4028 πρὶν
2368 3952 2668 4022 ἁγνίσωσιν
2716 3943 3175 4023 ὲαυτούς.οΕίπον
3223 3944 3331 4016 γὰρ
3376 3942 3458 4014 τῷ
3490 3940 3709 4010 IIer
3728 3936 3770 3987 οἱ

2198 4046 2585 4118 παραδιδόντες
2639 4041 2791 4113 αὐτῷ
2844 4040 2937 4095 τὸν
2988 4037 3196 4111 Ἰησοῦν
3240 4035 3487 4089 Ἰουδαῖοι
3510 4052 3526 4065 ·
3569 4053 3591 4086 ι
3631 4029 3771 4100 Ἡμῖν

2198 4143 2299 4196 οὐκ
2330 4140 2538 4205 ἔξεστιν
2580 4138 2899 4192 ἀποκτεῖναι
2956 4131 3174 4186 οὐδέναο
3202 4149 3221 4182 ι
3277 4128 3342 4182 δι’
3389 4127 3489 4190 οὓς
3531 4126 3684 4194 ἔλεγε
3708 4120 3773 4191 τῷ

2200 4236 2431 4308 Σωτῆριο
2475 4253 2493 4285 ι
2532 4234 2678 4304 Μήτι
2727 4229 2838 4300 ἐγὼ
2875 4226 3128 4289 Ἰουδαῖός
3171 4225 3326 4295 είμι;
3358 4222 3434 4274 Τὸ
3468 4220 3571 4273 σὺν
3604 4218 3770 4274 ἔθνος.

2201 4332 2296 4386 καὶ
2321 4333 2370 4384 οί
2399 4331 2674 4400 ἀρχιερεῖς
2690 4323 3014 4397 παρέδωκάν
3036 4337 3095 4374 σε
3114 4319 3258 4391 ὲμοί.
3282 4338 3301 4369 ι
3322 4317 3433 4369 Καὶ
3460 4316 3517 4367 οἱ
3543 4309 3772 4381 λέγοντές

2200 4441 2265 4495 γε
2287 4420 2687 4493 ἀναϐεϐηκέναι
2720 4419 2811 4471 ἵνα
2848 4415 3143 4485 ἁγνίσωσιν
3172 4411 3421 4474 ἑαυτοὺς,
3455 4428 3478 4459 ε
3520 4404 3772 4495 ἐκραύγα-

2204 4494 2302 4568 σαν
2333 4511 2582 4581 λέγοντες
2620 4529 2637 4561 ι
2666 4506 2744 4579 τῷ
2783 4504 3001 4576 Πιλάτῳ
3026 4522 3039 4535 δ
3066 4522 3084 4555 ι
3117 4501 3210 4573 Μὴ
3236 4499 3424 4554 τοῦτον
3460 4517 3481 4549 ι
3522 4494 3771 4561 ἀπολύσῃ,

532 4600 680 4689 lato:
712 4622 733 4657 ι
768 4604 923 4664 Hunc
948 4624 1015 4663 ne
1045 4627 1064 4662 ι
1094 4610 1389 4678 dimiseris,
1426 4630 1445 4665 ι
1482 4588 1912 4669 έεάἶόίιηὺὺοηι
1941 4632 1955 4667 :
1985 4630 2088 4670 eral

2212 4625 2232 4658 ι
2269 4604 2405 4659 ἀλλὰ
2428 4602 2521 4657 τὸν
2547 4598 2842 4673 Βαραϐϐᾶν
2863 4610 2877 4626 '
2921 4592 2991 4668 ἦν
3027 4594 3083 4647 δὲ
3109 4595 3137 4647 ὁ
3178 4590 3468 4698 Βαραϐϐάς
3509 4588 3725 4691 λης-της.
3754 4603 3769 4632 ι

529 4684 711 4749 autem
743 4696 1016 4754 Barahbas
1053 4699 1192 4755 latro
1224 4700 1303 4765 υς
1338 4721 1358 4754 ι
1394 4712 1450 4757 et
1498 4719 1710 4759 rursum
1739 4722 1760 4757 ι
1808 4710 2103 4777 responde-

531 4785 851 4843 runtJudaei
879 4807 894 4844 :
927 4789 1037 4846 Nos
1066 4792 1237 4862 legem
1273 4793 1556 4861 habemus,
1587 4805 1643 4850 et
1675 4800 1977 4853 secundum
2030 4802 2109 4854 le-

531 4892 651 4948 gem
680 4880 844 4938 debet
887 4884 1048 4951 mori,
1097 4885 1221 4955 quia
1266 4884 1459 4941 Filium
1502 4887 1595 4943 Dei
1636 4904 1695 4944 se
1729 4889 1858 4946 fecit
1887 4891 1953 4948 ¹⁵.
1993 4911 2011 4945 ι
2045 4891 2111 4946 Ει

530 4984 723 5028 rursus
749 4993 768 5026 ι
803 4972 972 5031 «ιιιιίαιί
1012 4977 1387 5032 clamaverunt
1416 4996 1437 5031 ι
1469 4975 1804 5039 adPilatum
1861 4999 1881 5034 ι
1917 4984 2106 5038 dit-en-

480 5109 484 5114 .
533 5071 617 5119 tes
647 5083 662 5120 :
697 5065 753 5120 Si
792 5066 935 5123 hunc
955 5069 1204 5133 dimittis,
1233 5085 1339 5124 non
1373 5084 1433 5125 es
1454 5072 1662 5126 amicus
1685 5071 1947 5140 Cmsaris;
1981 5090 2105 5127 nam

533 5154 782 5223 quisquis
836 5172 896 5212 se
949 5174 1128 5231 regem
1161 5158 1314 5226 facit,
1365 5163 1694 5219 contradicit
1735 5164 1936 5220 Caesari
1977 5167 2040 5221 ¹⁶.
2081 5184 2102 5219 ι

534 5242 614 5297 Ac
667 5260 856 5302 rursus
881 5267 899 5301 ι
933 5250 1310 5308 clamaverunt
1345 5272 1364 5306 ι
1395 5251 1566 5311 ,Ιιιάειιί
1598 5273 1612 5310 :
1651 5273 1670 5307 ι
1711 5254 1894 5320 Tolle,
1938 5258 2064 5312 tolle
2090 5302 2105 5323 ,

2206 4697 2373 4750 Πάλιν
2440 4713 2459 4746 ι
2493 4691 2871 4764 ἀπεκρίθησαν
2918 4690 2967 4741 οι
3026 4684 3303 4739 Ἰουδαῖοι·
3367 4681 3564 4751 Ἡμεῖς
3631 4678 3775 4746 νόμον

2206 4790 2402 4862 ἔχομεν
2421 4828 2436 4855 ,
2467 4787 2563 4842 καὶ
2612 4784 2754 4838 κατὰ
2788 4781 2882 4836 τὸν
2912 4780 3074 4852 νόμον
3105 4776 3311 4848 ὀφείλει
3358 4773 3674 4829 ἀποθανεῖν,
3706 4770 3773 4820 ὅτι

2207 4861 2334 4935 Υίδν
2361 4878 2495 4934 Θεοῦ
2523 4877 2714 4932 ἑαυτὸν
2748 4874 2998 4947 εποίησε.
3030 4891 3049 4924 ι
3082 4870 3192 4923 Καὶ
3220 4865 3381 4922 πάλιν
3414 4883 3433 4916 ι
3459 4866 3512 4917 οἱ
3553 4861 3776 4917 Ἰουδαῖοι

2211 4970 2551 5045 ἐκραύγαζον
2594 4969 2845 5038 λέγοντες
2887 4985 2906 5018 ι
2956 4963 3092 5036 πρὸς
3141 4961 3233 5015 τὸν
3286 4959 3524 5012 Πιλᾶτον
3549 4973 3565 4987 ·
3605 4976 3625 5008 ι
3669 4954 3777 5006 Ἐὰν

2211 5064 2401 5118 τοῦτον
2453 5063 2729 5133 ἀπολύσῃς
2751 5099 2765 5124 ,
2811 5060 2913 5113 οὐκ
2942 5052 2993 5110 εί
3020 5055 3173 5126 φίλος
3207 5052 3298 5107 τοῦ
3336 5052 3617 5122 Καίσαρος
3637 5064 3651 5077 ’
3687 5046 3778 5105 τίς

2212 5158 2241 5210 ὁ
2271 5155 2493 5226 βασιλέα
2523 5153 2714 5207 ἑαυτὸν
2751 5149 2924 5205 ποιῶν
2952 5141 3325 5214 ἀντιλέγειτῷ
3350 5140 3615 5211 Καίσαρι.
3644 5158 3661 5187 ι
3686 5134 3780 5187 Καὶ

2215 5249 2377 5303 πάλιν
2406 5265 2422 5297 ι
2444 5245 2785 5318 ἐκραύγασαν
2807 5247 2887 5299 ιοί
2911 5242 3168 5298 Ἰουδαῖοι·
3190 5259 3208 5291 ι
3228 5233 3419 5309 Ἆρον,
3447 5230 3602 5304 ἆρον,
3631 5227 3778 5281 staﬁ-

537 5333 793 5405 crucillge
848 5352 974 5393 eum
1002 5342 1068 5398 ν’.
1102 5362 1121 5393 ι
1152 5345 1229 5398 Ac
1250 5360 1381 5399 sane
1433 5347 1525 5416 qui
1584 5348 1947 5403 ascenderant
1986 5358 2088 5402 aut:

2222 5363 2392 5419 ρωσον
2430 5344 2610 5397 αὐτόν.
2642 5360 2662 5393 ι
2716 5340 2828 5393 Καὶ
2880 5339 2930 5390 oi.
2991 5331 3390 5402 ἀναϐεϐηκότες
3438 5345 3504 5397 γε
3550 5325 3684 5419 πρὸς
3728 5321 3782 5419 το

540 5421 752 5481 Pascha
783 5428 995 5500 seipsos
1034 5434 1373 5502 purificaturi
1410 5437 1664 5493 dicebant
1706 5440 1757 5492 in
1799 5440 1987 5494 eodem
2014 5438 2114 5492 Pu-

541 5516 769 5572 schate:
799 5536 819 5571 ι
846 5519 966 5576 Νοιι
1004 5523 1265 5582 habemus
1304 5542 1487 5598 regem
1528 5529 1630 5585 nisi
1679 5529 1949 5586 Cursarem
1986 5532 2049 5586 η.
2089 5551 2107 5583 ι

615 5655 638 5688 ⁸
671 5654 829 5737 luam
852 5660 1061 5737 sese,
1100 5663 1218 5737 56.“
1247 5666 1287 5737 ,³
1317 5666 1491 5723 Exod.
1522 5684 1624 5733 vn,
1650 5670 1708 5724 ll
1733 5687 1749 5737 ;
1773 5684 1921 5735 xxvi,
1944 5668 2034 5722 27.

2150 5668 2193 5701 ¹⁰
2223 5667 2326 5722 Isa.
2352 5683 2390 5731 ι,
2424 5666 2513 5732 15,
2562 5665 2649 5719 Η.

2220 5411 2411 5510 Πάσχα
2432 5476 2448 5501 ,
2486 5436 2573 5489 Eva
2604 5433 2898 5503 ἁγνίσωσιν
2926 5428 3173 5489 ἑαυτοὺς,
3201 5425 3389 5493 ελεγον
3425 5423 3481 5474 ὲν
3530 5417 3679 5487 αὐτῷ
3716 5411 3782 5482 τῷ

2220 5528 2444 5599 Πάσχαο
2503 5545 2522 5577 ι
2559 5525 2672 5578 Οὐκ
2725 5522 2921 5594 ἔχομεν
2972 5517 3196 5591 βασιλέα
3238 5518 3287 5569 εί
3340 5514 3417 5586 μὴ
3468 5511 3775 5579 Καίσαρα.»

2757 5664 2797 5696 ¹¹
2850 5664 3021 5716 Amos
3066 5675 3124 5728 v,
3154 5658 3249 5717 2|.
3356 5657 3401 5690 ⁸⁸
3445 5650 3606 5711 Joan.
3636 5662 3778 5713 mu,

544 5724 635 5781 at.
713 5728 758 5760 ιε
789 5723 1058 5787 mitigas:
1113 5733 1159 5766 ιι
1185 5723 1317 5796 ibid.
1342 5739 1433 5792 ιυ.
1512 5723 1749 5796 ιιιὶκιηέ
1779 5723 1954 5810 mﬁ.
2035 5738 2237 5795 “ibid.
2275 5723 2388 5793 ιε(
2439 5723 2758 5794 "ibidis.
2836 5732 3028 5788 “ibid.

614 5862 728 5935 (68)
754 5861 813 5920 ltt
845 5865 1033 5926 codice
1054 5866 1227 5941 Regio
1252 5868 1405 5927 deest
1438 5871 1545 5928 ὅτι.
