3804 6542
65 349 159 400 77:7

1026 345 1380 403 COMMENT.
1421 345 1490 401 IN
1524 344 1713 402 IOAN.
1754 343 1993 400 TOMUS
2025 344 2260 402 XXVIII.

3207 353 3312 411 738

67 471 236 538 Ὅπερ
267 469 332 523 δὲ
385 467 522 542 πρὸς
566 470 691 534 τοὺς
736 467 985 540 μαθητὰς
1024 463 1145 522 εἶπε
1196 467 1555 540 προφητεύων
1607 465 1626 516 ί

1740 462 2003 518 C:elerum
2035 462 2178 532 quod
2209 461 2487 532 discipulis
2514 463 2778 522 Servator
2820 467 3034 524 dixerat
3072 473 3312 542 prophe-
3395 443 3411 510 Ῐ

65 560 248 632 Σωτὴρ
275 601 291 623 ,
355 563 452 616 καὶ
505 560 698 630 λέγων,
746 581 764 613 ι
803 562 1056 632 Ἔρχεται
1112 560 1272 633 ῶρα,
1316 562 1405 614 ὅτε
1450 561 1559 624 πᾶς
1609 562 1639 613 ό

65 655 392 719 ἀποκτείνας
443 656 588 726 ὑμᾶς
639 653 780 719 δόξει
849 653 1105 726 λατρείαν
1171 654 1504 726 προσφέρειν
1558 654 1640 724 τῷ

63 746 209 816 Θεῷ,
254 765 273 797 ι
325 747 486 802 τοῦτο
520 747 615 800 ἀπ’
660 744 826 798 αὐτοῦ
876 745 1182 816 ἀρξάμενον
1236 745 1590 816 πεπλήρωται
1619 763 1634 776 ·

63 840 106 890 οἱ
134 838 240 908 γὰρ
266 839 599 904 ἀξιώσαντες
621 838 784 892 αὑτὸν
809 839 1120 900 ἀποθανεῖν,
1147 837 1365 891 ἐδόκουν
1385 837 1638 908 λατρείαν

63 932 395 1003 προσφέρειν
420 932 497 1003 τῷ
520 930 656 1002 Θεῷ,
693 933 786 986 καὶ
823 932 1254 1004 ἀναϐεϐήκεισαν
1297 931 1377 994 είς
1415 931 1640 1001 Ἰεροσό-

65 1035 196 1090 Αυμα
233 1022 346 1093 πρὸ
394 1023 488 1076 τοῦ
522 1024 748 1092 Πάσχα,
799 1024 885 1076 ἵνα
931 1023 1220 1092 ἁγνίσωσιν
1249 1021 1493 1086 ἑαυτούς’
1525 1024 1553 1077 ό
1581 1023 1638 1076 δὲ

65 1112 259 1184 ἀληθής
303 1114 571 1184 ἀγνισμὸς
604 1116 665 1167 ού
712 1115 819 1186 πρὸ
865 1115 958 1169 τοῦ
1003 1116 1229 1185 Πάσχα,
1277 1113 1392 1168 ἀλλ’
1447 1116 1506 1168 ἐν
1559 1113 1638 1185 τῷ

67 1207 243 1276 Πάσχα
269 1249 284 1268 ,
328 1208 421 1261 ὅτε
469 1206 677 1277 Ἰησοῦς
725 1207 993 1261 ἀπέθανεν
1023 1208 1162 1278 ὑπὲρ
1195 1206 1302 1262 τῶν
1346 1206 1636 1278 ἁγνιζομέ-

66 1319 178 1362 νων,
204 1301 280 1365 ὡς
306 1301 499 1371 Ἀμνὸς
532 1300 690 1368 Θεοῦ,
722 1300 815 1354 καὶ
844 1297 946 1372 ἦρε
971 1299 1064 1353 τοῦ
1095 1301 1299 1371 κόσμου
1330 1300 1427 1372 τὴν
1454 1301 1635 1372 ἀμαρ-

65 1391 191 1444 τίαν.
242 1393 364 1444 Καὶ
404 1391 626 1463 ἐζήτουν
660 1409 722 1460 γε
767 1385 914 1444 οῦτοι
979 1391 1218 1444 Ἰουδαῖοι
1274 1391 1366 1444 τὸν
1408 1391 1634 1462 Ἰησοῦν,

65 1485 150 1552 οὐχ
193 1483 284 1536 ἴνα
337 1482 726 1554 ὠφεληθῶσιν,
776 1483 891 1534 ἀλλ’
929 1483 1012 1535 ἵνα
1046 1481 1206 1535 αὑτὸν
1253 1483 1634 1536 ἀποκτείνωσι*

67 1576 186 1646 πρὸς
214 1575 313 1638 οὓς
342 1571 498 1630 εἶπεν
532 1577 596 1631 ἄν
616 1595 630 1606 ·
667 1595 684 1626 ι
715 1576 827 1629 Νῦν
849 1575 905 1628 δὲ
937 1575 1149 1646 ζητεῖτέ
1183 1593 1249 1646 με
1289 1577 1631 1638 ἀποκτεῖναι,

65 1666 113 1726 ὃς
142 1665 237 1736 τήν
269 1665 533 1736 ἀλήθειαν
564 1665 692 1736 ὑμῖν
722 1664 1022 1733 λελάληκα,
1061 1664 1128 1734 ἣν
1165 1665 1373 1734 ἥκουσα
1403 1663 1511 1715 ἀπὸ
1541 1661 1634 1715 τοῦ

65 1755 204 1808 Θεοῦ.
237 1776 255 1808 ι
296 1757 412 1809 Καὶ
442 1758 500 1809 ἐν
532 1755 680 1826 αύτῷ
725 1772 788 1823 γε
839 1753 915 1824 τῷ
966 1753 1094 1827 ἱερῷ
1128 1754 1416 1823 ἑστηκότες
1451 1753 1634 1821 ελεγον

1742 564 1881 619 tans,
1910 567 1974 606 ae
1999 553 2186 607 dicens
2212 568 2226 604 :
2257 571 2276 604 ι
2316 553 2474 608 Venit
2505 555 2661 622 hora,
2689 571 2812 611 cum
2835 559 3082 628 quisquis
3108 575 3208 616 vos
3230 563 3314 618 in-

1741 639 2032 708 terfecerit,
2061 642 2308 696 videatur
2354 645 2558 698 cultum
2609 659 2871 713 praestare
2895 647 3004 703 Deo
3034 648 3103 714 ",
3146 669 3165 703 ι
3212 652 3313 709 hoc

1740 731 1791 784 in
1825 731 2004 801 seipse
2031 748 2152 787 cum
2197 733 2507 803 iaeepisset,
2555 735 2833 806 impletum
2859 747 2966 793 est.
3018 739 3118 806 Qui
3157 756 3314 795 nam-

1737 839 1841 892 que
1870 825 2088 895 dignum
2112 839 2232 881 esse
2260 838 2590 882 censuerunt
2619 839 2677 882 ut
2700 841 3027 896 moreretur,
3049 832 3314 888 videban-

1742 923 1828 967 tur
1860 914 2062 968 cultum
2095 926 2357 984 praestare
2385 918 2524 983 Deo,
2569 927 2624 973 et
2657 923 3018 976 ascenderant
3039 921 3314 993 Ierosoly-

1740 1021 1879 1058 niam
1911 1015 2038 1060 ante
2064 1005 2291 1070 Pascha,
2321 1019 2379 1061 ut
2401 1023 2459 1062 se
2485 1010 2858 1079 purificareut.
2895 1015 2967 1066 At
2998 1028 3128 1068 vero
3160 1014 3310 1084 puri-

1738 1095 1917 1151 Iicatio
1947 1112 2073 1150 vera
2117 1113 2223 1152 non
2251 1107 2378 1152 ante
2412 1097 2641 1166 Pascha,
2685 1103 2782 1156 sed
2812 1103 2867 1155 in
2898 1103 3016 1172 ipso
3041 1102 3308 1158 Paschate

1737 1195 1889 1251 erat;
1927 1196 2036 1240 tum
2085 1188 2318 1253 scilicet,
2354 1192 2571 1258 quando
2605 1189 2764 1246 Iesus
2808 1204 3056 1248 mortuus
3093 1205 3176 1250 est.
3213 1211 3312 1265 pro

1736 1277 1820 1330 his
1851 1278 1943 1346 qui
1977 1277 2424 1347 puriﬁcabantur,
2450 1280 2593 1334 velut
2618 1283 2802 1352 Agnus
2844 1284 2933 1339 ille
2971 1285 3083 1350 Dei,
3116 1297 3170 1340 et
3193 1287 3313 1342 tulit

1736 1380 2014 1436 peccatum
2047 1371 2231 1425 mundi
2267 1371 2333 1424 ’°.
2374 1371 2453 1426 Ac
2489 1372 2734 1441 profecto
2761 1373 2945 1430 Iesum
2995 1379 3312 1446 quaerebant

1737 1459 1788 1512 hi
1817 1457 2009 1526 Iudaei,
2047 1475 2151 1516 non
2177 1471 2233 1515 ut
2255 1463 2664 1532 adjuvarentur,
2690 1468 2783 1520 sed
2810 1477 2866 1520 ut
2890 1482 3012 1522 eum
3037 1469 3312 1522 interﬁce-

1737 1559 1855 1603 rent
1888 1565 1902 1602 :
1933 1552 2126 1619 quibus
2155 1552 2383 1606 dixisset
2410 1571 2423 1606 :
2462 1569 2481 1603 ι
2522 1552 2675 1608 Nunc
2700 1570 2831 1609 vero
2858 1557 3102 1624 quaeritis
3124 1574 3208 1611 me
3237 1559 3312 1611 in-

1737 1642 2005 1703 terficere.
2041 1643 2333 1710 hominem,
2360 1647 2451 1712 qui
2486 1646 2770 1699 veritatem
2804 1645 3016 1702 locutus
3049 1663 3168 1702 sum
3207 1663 3306 1702 vo-

1735 1734 1838 1797 his,
1899 1748 2062 1802 quam
2119 1735 2299 1787 audivi
2360 1753 2387 1787 a
2441 1737 2548 1790 Deo
2578 1737 2643 1788 ²¹.
2690 1756 2708 1787 ι
2743 1737 2808 1791 Et
2859 1753 2989 1794 sane
3023 1740 3076 1793 in
3113 1741 3309 1810 templo

67 1849 185 1918 2.96;
217 1849 488 1918 ἀλλήλους
519 1824 767 1920 περὶ-τοῦ
813 1846 986 1918 Ἰησοῦ
1005 1824 1030 1876 ο-
1058 1866 1076 1896 ι
1110 1847 1174 1898 Τί
1206 1847 1352 1900 δοκεῖ
1374 1847 1522 1916 ὑμῖν,
1553 1847 1626 1898 ὅτι

1738 1824 1853 1890 ipso
1903 1834 2113 1880 stantes
2161 1826 2611 1895 Colloquebantur
2671 1831 2813 1884 inter
2874 1846 2932 1886 se
2979 1831 3047 1887 de
3115 1831 3242 1887 Iesu
3288 1851 3304 1890 :

63 1943 114 1994 οὗ
153 1941 224 2012 μὴ
266 1941 404 2014 ἔλθῃ
433 1942 512 2004 είς
542 1942 640 2012 τὴν
672 1941 898 2011 ἐορτήν;
940 1959 957 1989 ι
1005 1938 1143 1990 Ἀλλ’
1175 1937 1274 2008 οὐχ
1309 1938 1441 1990 ὅπου
1486 1930 1630 1989 οὗτοι

66 2030 422 2098 είςτήκεισαν,
440 2032 703 2100 ἑώρταζεν
722 2031 948 2100 Ἰησοῦς,
980 2029 1094 2083 ἀλλ’
1121 2031 1200 2093 εἰς
1224 2029 1283 2082 τὸ
1317 2029 1461 2100 μέγα
1491 2029 1632 2082 ἀνώ-

67 2123 318 2191 γεωνωθ)
358 2123 418 2175 τὸ
462 2123 841 2194 σεσαρωμένον
873 2123 968 2176 καὶ
999 2119 1442 2191 κεκοσμημένον,
1497 2121 1630 2174 ὅπου

66 2211 318 2283 ἐπιθυμία
371 2212 683 2284 ἐπεθύμησε
734 2213 794 2268 τὸ
822 2213 1015 2282 Πάσχα
1066 2211 1202 2282 μετά
1237 2213 1344 2264 τῶν
1377 2209 1632 2282 μαθητῶν

66 2306 261 2370 φαγεῖν,
309 2303 418 2374 πρὸ
451 2303 543 2356 τοῦ
571 2303 785 2360 παθεῖν.
819 2303 1009 2367 Εἵποις
1053 2302 1098 2354 δ’
1142 2301 1243 2363 ἀν,
1288 2303 1369 2354 ὅτι
1411 2302 1505 2354 καὶ
1537 2301 1630 2353 νῦν

63 2392 348 2460 ἑστήκασιν
398 2391 456 2442 ἐν
501 2393 578 2462 τῷ
625 2392 754 2464 ίερῷ
799 2392 1086 2464 ζητοῦντες
1126 2391 1216 2445 τὸν
1261 2389 1488 2462 Ἰησοῦν,
1533 2393 1633 2444 ἐπ-

62 2483 382 2553 ερειδόμενοι
413 2485 511 2554 μὲν
541 2484 615 2548 ὼς
646 2487 815 2556 ίεραῖς
863 2488 983 2548 ταῖς
1034 2484 1296 2556 Γραφαῖς,
1356 2483 1443 2536 διὰ
1475 2483 1531 2537 δὲ
1570 2484 1630 2537 τὸ

61 2575 257 2641 ἀγνοεῖν
307 2576 400 2628 τὸν
445 2576 755 2646 ἐληλυθότα,
823 2576 1111 2648 ζητοῦντες
1165 2575 1350 2630 τοῦτον
1404 2575 1503 2646 μὲν
1532 2594 1630 2630 κα-

65 2665 318 2732 κολογεῖν,
360 2667 445 2718 ἒτε
456 2683 545 2737 ρον
587 2667 643 2720 δὲ
674 2666 863 2720 τούτου
894 2669 1129 2739 Χριστὸν
1159 2667 1458 2738 ὁμολογεῖν.
1486 2669 1628 2740 Πρό-

66 2773 172 2825 σχες
225 2758 286 2813 δὲ
343 2760 390 2811 εί
438 2759 660 2813 δύνασαι
715 2761 808 2813 καὶ
860 2761 1051 2824 ἄλλους
1094 2761 1378 2824 Ἰουδαίους
1421 2761 1624 2830 λέγειν,

61 2845 438 2910 ἀναϐαίνοντας
481 2849 561 2911 είς
606 2849 972 2920 Ἰεροσόλυμα,
1029 2851 1123 2904 καὶ
1176 2851 1502 2922 ἐρχομένους
1548 2854 1626 2916 είς

62 2935 143 3005 τήν
181 2937 344 2990 πόλιν
369 2937 460 2990 τοῦ
487 2939 642 3003 Θεοῦ,
689 2941 796 2992 ἀπὸ
829 2941 928 3011 τῆς
962 2941 1066 3006 ἔξω
1108 2941 1494 3014 Ἰεροσολύμων
1522 2944 1627 3015 χώ-

65 3042 164 3093 ρας,
209 3029 308 3081 καὶ
357 3031 684 3100 ἐρχομένους
731 3034 816 3085 ἵνα
862 3034 1181 3102 ἁγνίσαντες
1209 3036 1435 3100 ἑαυτοὺς
1463 3037 1625 3109 δυνη-

64 3120 226 3185 ddi-3w,
261 3123 430 3192 ἡνίκα
473 3123 539 3177 ἂν
569 3124 630 3177 τδ
657 3125 848 3195 Πάσχα
896 3125 1027 3197 τυθῇ
1059 3127 1310 3199 Χριστὸς,
1347 3128 1624 3201 ἑορτάζειν

1741 1934 1759 1966 ι
1789 1916 1927 1982 Quid
1982 1917 2191 1971 videtur
2223 1922 2396 1984 vobis,
2451 1921 2595 1989 quod
2625 1939 2731 1976 non
2785 1923 3002 1978 venerit
3046 1927 3112 1978 ad
3164 1926 3306 1978 diem

1736 2008 1928 2063 festum
1957 2011 2043 2066 ἠ
2085 2030 2102 2061 i
2134 2013 2202 2064 At
2243 2028 2347 2066 non
2392 2013 2482 2066 ubi
2527 2015 2580 2068 hi
2631 2016 2872 2079 stabant,
2927 2017 3066 2070 diem
3112 2016 3306 2072 festum

1734 2101 2129 2170 agebatIesus,
2185 2105 2279 2157 sed
2316 2106 2368 2158 in
2419 2109 2700 2163 caenaculo
2742 2123 2935 2178 magno
2964 2110 3142 2177 scepis
3175 2123 3307 2176 pur-

1732 2205 1858 2261 gato
1888 2203 1942 2246 et
1967 2195 2242 2259 mundato,
2267 2197 2356 2250 ubi
2386 2198 2652 2254 desiderio
2675 2201 3073 2254 desideraverat
3096 2199 3308 2254 Pascha

1733 2288 2060 2342 manducare
2088 2304 2210 2341 cum
2243 2289 2550 2358 discipulis,
2581 2302 2874 2360 antequam
2920 2303 3203 2362 pateretur
3233 2293 3304 2348 ”.

1735 2374 1951 2429 Diceres
1976 2376 2136 2445 igitur
2155 2393 2249 2432 eos
2273 2379 2563 2432 etiamnum
2591 2380 2642 2434 in
2667 2382 2864 2450 templo
2885 2394 3032 2437 stare
3056 2399 3305 2451 quaeren-

1735 2474 1812 2518 tes
1837 2464 2042 2528 Iesum,
2101 2469 2319 2523 innixos
2380 2471 2544 2524 veluti
2602 2473 2779 2526 sacris
2824 2473 3155 2543 Scripturis;
3212 2480 3306 2531 sed

1730 2559 1855 2627 quia
1891 2569 2196 2628 qmerentes
2225 2562 2474 2631 ignorent
2523 2578 2645 2617 eum
2697 2565 2789 2634 qui
2832 2567 2998 2632 venit,
3029 2567 3152 2620 huic
3186 2568 3306 2636 qui-

1729 2653 1850 2704 dem
1903 2652 2252 2717 maledicere,
2305 2654 2579 2708 diversuin
2632 2672 2760 2712 vero
2813 2659 2882 2712 ab
2914 2659 3018 2713 hoc
3054 2660 3306 2715 conﬁteri

1730 2743 2024 2798 Christum.
2067 2746 2276 2800 Adhibe
2329 2761 2456 2802 vero
2510 2759 2769 2813 mentem,
2800 2767 2867 2805 an
2913 2753 3096 2807 dicere
3133 2754 3309 2823 possis

1731 2835 1865 2888 alios
1893 2850 2111 2904 quoque
2153 2834 2370 2891 ,Ιυόαξοε
2403 2853 2524 2892 esse
2574 2841 2665 2908 qui
2696 2843 2995 2896 ascendant
3025 2842 3306 2917 Ierosoly-

1731 2942 1894 2990 lnam,
1931 2929 2254 2996 veniamque
2279 2931 2344 2982 ad
2379 2931 2565 2987 urbem
2600 2933 2691 2986 Dei
2729 2947 2793 2986 ex
2831 2935 3054 3004 regione
3079 2952 3198 3005 mite
3222 2948 3308 2992 est

1728 3029 1881 3071 extra
1909 3018 2328 3089 Ierosolymam,
2381 3024 2711 3093 veniantque
2757 3036 2814 3079 ut
2862 3027 3131 3096 ρυιίΙίοειιί
3163 3031 3304 3084 diem

1731 3111 1928 3165 festum
1964 3123 2073 3166 tum
2107 3127 2266 3182 agere
2299 3114 2529 3182 possint,
2561 3133 2684 3172 cum
2732 3117 2942 3174 Pascha
2997 3122 3308 3178 immolatus

65 3211 125 3281 μὴ
159 3212 307 3284 ζύμῃ
351 3214 575 3286 παλαιᾷ,
616 3215 689 3286 μὴ
721 3216 869 3290 ζύμῃ
922 3198 1120 3280 κακίας
1170 3218 1263 3270 καὶ
1323 3198 1620 3292 πονηρίας,

1736 3202 1890 3258 luerit
1919 3205 2168 3260 Christus
2191 3208 2258 3271 “,
2289 3224 2393 3262 non
2429 3210 2700 3263 fermento
2754 3213 2945 3276 veteri,
2994 3230 3169 3284 neque
3199 3214 3307 3268 Ier-

191 3305 246 3355 ἐν
289 3304 522 3376 ἀζύμοις
559 3307 905 3377 είλικρινείας
948 3307 1040 3360 καὶ
1090 3308 1366 3378 ἀληθείας.
1421 3311 1532 3364 Καὶ
1571 3314 1620 3366 oi

69 3395 268 3448 ωιοῦτοί
312 3413 375 3464 γε
414 3395 636 3466 ζητοῦσι
668 3398 761 3450 τὸν
790 3397 1000 3470 Ἰησοῦν
1031 3401 1087 3452 ἐν
1125 3398 1202 3470 τῷ
1238 3398 1367 3472 ἱερῷ
1399 3402 1623 3472 ἑστηκό-

65 3499 134 3547 τες
166 3485 273 3538 τῶν
309 3486 564 3556 Γραφῶν,
601 3488 695 3541 καὶ
725 3489 1061 3560 ἐπαποροῦσι
1094 3489 1230 3563 πρὸς
1259 3491 1542 3564 ἀλλήλους,
1573 3494 1622 3546 εί

65 3577 321 3633 ἐλεύσεται
347 3582 428 3644 είς
458 3580 556 3652 τήν
587 3581 777 3654 ἑορτὴν
819 3582 1042 3654 Ἰησοῦς.

116 3761 199 3814 2|.
233 3782 251 3813 ι
285 3761 626 3816 Δεδὼκεισαν
656 3762 712 3817 δέ
735 3765 784 3818 οἱ
818 3765 1093 3836 ἀρχιερεῖς
1125 3766 1218 3818 καὶ
1245 3766 1294 3818 οί
1336 3766 1620 3836 Φαρισαῖοι

63 3852 282 3917 ἐντολὰς,
313 3855 421 3918 ἵνα,
461 3855 558 3908 ἐάν
595 3872 682 3920 τις
721 3856 831 3926 γνῷ
870 3857 1031 3910 αὐτὸν
1062 3857 1172 3929 (70)
1203 3857 1305 3910 ποῦ
1333 3858 1447 3912 ἔστι
1470 3899 1485 3924 ,
1517 3877 1622 3931 μη-

65 3944 207 4016 νύσῃ,
238 3948 390 4009 ὅπως
428 3948 694 4001 πιάσωσιν
725 3949 908 4002 αὐτόν.
940 3969 957 4001 r
999 3951 1140 4022 Ὅρα
1182 3950 1298 4014 πῶς
1338 3951 1621 4022 μεμαρτύ‹

65 4055 202 4110 ρηται
238 4041 725 4112 ἀνακεχωρηκέναι
749 4082 762 4105 ,
817 4043 904 4096 ἴνα
934 4044 1028 4096 καὶ
1073 4046 1236 4114 ήμεῖς
1265 4041 1623 4114 γινώσκωμεν

62 4131 107 4181 ἓν
137 4131 309 4203 καιρῷ
338 4132 398 4186 τὺ
425 4133 633 4187 τοιοῦτο
672 4139 864 4190 ποιεῖν.
889 4137 1001 4189 Καὶ
1031 4135 1268 4207 πρόσχες
1301 4152 1387 4204 γε,
1413 4137 1494 4189 ὅτι
1522 4137 1623 4190 οῦκ

62 4223 262 4291 ᾔδεισαν
295 4227 427 4278 ὅπου
472 4227 619 4280 ἐστὶν
668 4227 791 4281 οὔτε
838 4229 887 4281 οί
924 4229 1220 4300 ἀρχιερεῖς,
1249 4226 1374 4280 οὔτε
1410 4229 1458 4280 oi
1505 4229 1620 4282 Φα-

63 4320 260 4383 ρισαῖοι·
313 4318 407 4370 καὶ
439 4319 514 4390 μὴ
545 4319 748 4384 εἰδότες
777 4320 1010 4374 διδόασιν
1041 4319 1279 4383 ἐντολὰς,
1315 4319 1399 4374 ἵνα
1421 4320 1516 4374 ὲάν
1538 4337 1622 4385 τις

63 4403 159 4472 γνῷ
185 4403 286 4457 ποῦ
319 4403 456 4468 ἐστι,
492 4405 708 4478 μηνύσῃ
734 4406 948 4470 αὐτοῖς,
998 4406 1092 4459 καὶ
1143 4405 1480 4459 συλλάϐωσιν
1525 4405 1622 4459 αὒ-

64 4494 155 4547 τόν.
187 4497 296 4549 Καὶ
327 4497 500 4560 ἄλλως
540 4497 597 4550 δὲ
652 4499 882 4568 φήσεις,
939 4498 1021 4550 ὅτι
1060 4498 1500 4563 ἐπιϐουλεύοντες
1542 4498 1622 4571 τῷ

1729 3306 1912 3350 mento
1941 3297 2161 3353 malitiae
2183 3311 2237 3353 et
2263 3303 2533 3365 versutite,
2568 3303 2661 3356 sed
2689 3303 2740 3356 ir.
2775 3304 3006 3371 panibus
3038 3306 3308 3363 fermento

1729 3386 2062 3454 carentibus,
2099 3390 2203 3445 hoc
2245 3401 2330 3446 est
2378 3394 2694 3448 sinceritate
2721 3405 2777 3448 et
2807 3397 3058 3452 veritate.
3104 3397 3308 3469 liuius-

1731 3481 1984 3551 niodique
2011 3498 2142 3538 sane
2170 3495 2415 3554 quaerent
2443 3485 2632 3540 Iesum
2667 3488 2718 3541 in
2754 3490 2958 3558 templo
2988 3490 3307 3560 Scriptura-

1728 3587 1846 3626 rum
1899 3585 2126 3642 stantes,
2151 3588 2205 3632 et
2230 3579 2372 3632 inter
2395 3594 2453 3634 se
2484 3581 2792 3636 dubitantes
2842 3597 2912 3637 an
2950 3593 3216 3640 venturus
3236 3585 3310 3640 sit

1725 3665 1890 3722 Iesus
1909 3670 1975 3722 ad
2001 3669 2142 3724 diem
2172 3671 2392 3727 festum.

1796 3763 1958 3835 503
1987 3766 2076 3821 2L
2105 3785 2124 3818 ι
2155 3766 2424 3822 Dederant
2455 3778 2633 3822 autem
2661 3768 2919 3824 Pharisaei
2945 3779 3000 3824 et
3023 3771 3311 3840 pontiﬁces

1729 3862 2063 3924 mandatum,
2098 3869 2154 3911 ut
2181 3860 2226 3912 si
2248 3862 2370 3930 quis
2398 3862 2743 3932 cognovisset
2781 3861 2869 3914 ubi
2901 3871 3066 3925 esset,
3103 3863 3308 3917 indica-

1729 3955 1830 4010 ret,
1873 3955 1932 3998 ut
1969 3948 2493 4015 comprehenderent
2537 3963 2661 4002 eum
2693 3953 2760 4002 ’⁸.
2800 3966 2820 3998 ι
2857 3947 2988 4002 Vide
3037 3958 3094 4000 ut
3128 3950 3308 4003 dictus

1728 4043 1814 4088 est
1847 4034 2165 4099 secessisse,
2215 4052 2323 4106 quo
2379 4051 2476 4090 nos
2522 4039 2687 4092 etiam
2739 4037 3013 4091 discamus
3063 4037 3116 4090 in
3165 4047 3306 4092 tein-

1729 4141 1856 4196 pore
1892 4127 2028 4182 idem
2062 4126 2264 4183 facere.
2290 4129 2368 4182 Ac
2403 4128 2647 4198 profecto
2677 4129 2899 4183 attende
2925 4145 3098 4199 neque
3124 4130 3310 4199 ponti-

1729 4219 1880 4283 ﬁces,
1914 4233 2089 4288 neque
2120 4218 2428 4276 Pharisaeos
2458 4237 2616 4276 nosse
2647 4221 2734 4275 ubi
2768 4221 2842 4276 sit
2874 4220 3052 4288 Iesus,
3081 4234 3132 4277 et
3162 4223 3308 4292 quod

1729 4311 2032 4367 nescientes
2055 4312 2182 4368 dent
2221 4315 2540 4368 mandatum
2571 4323 2632 4369 ut
2676 4314 2719 4368 si
2747 4315 2871 4384 quis
2895 4316 3179 4384 agitaverit
3213 4316 3305 4372 ubi

1728 4403 1820 4468 sit,
1871 4403 2078 4459 indicet
2129 4405 2236 4460 illis
2292 4415 2352 4460 ut
2404 4406 2873 4474 comprehendant
2923 4420 3070 4460 eum.
3129 4407 3311 4476 Atque

1728 4494 1890 4548 etiam
1934 4495 2091 4550 aliter
2134 4497 2300 4564 dices,
2333 4499 2594 4568 quodqui
2642 4497 2765 4553 Iesu
2811 4499 3040 4552 insidias
3072 4498 3304 4553 moliun-

75 4586 229 4655 Ἰησοῦ
251 4589 349 4643 οὐκ
370 4589 542 4643 οἴδασι
580 4590 681 4643 ποῦ
716 4590 851 4643 ἐστι·
887 4589 967 4643 διὸ
987 4591 1220 4644 διδόασιν
1251 4591 1443 4664 ἐτέρας
1474 4593 1624 4664 παρά

1736 4595 1838 4652 Iur,
1873 4589 2122 4642 nesciunt
2153 4589 2242 4643 ubi
2291 4590 2394 4652 sit;
2445 4605 2607 4658 quam
2653 4591 2725 4646 ob
2767 4605 2991 4646 causam
3035 4590 3138 4644 alia
3173 4592 3308 4644 dant

64 4678 145 4742 τὰς
201 4680 296 4734 τοῦ
350 4681 485 4735 Θεοῦ
536 4681 776 4745 ἐντολὰς,
831 4681 1176 4746 διδάσκοντες
1232 4681 1578 4744 διδασκαλίας
1605 4718 1621 4745 ,

1736 4679 1980 4733 mandata
2021 4695 2050 4733 a
2101 4679 2369 4734 mandatis
2419 4681 2536 4744 Dei,
2589 4683 2851 4737 docentes
2893 4680 3175 4735 doctrinas
3208 4677 3308 4732 ho-

66 4773 352 4844 ὲντάλματα
412 4774 736 4846 ἀνθρώπωνο
777 4775 865 4828 καί
899 4778 1036 4828 είσιν
1072 4775 1251 4829 αὐτῶν
1299 4777 1355 4829 ai
1415 4774 1624 4828 ἐντολαὶ

1736 4772 2046 4840 minumque
2089 4775 2343 4827 mandata
2379 4775 2445 4829 ³⁸.
2483 4775 2544 4828 Et
2599 4783 2726 4829 sunt
2766 4775 3004 4842 ipsorum
3053 4771 3306 4824 uiandata

66 4866 118 4924 τις
148 4863 342 4918 διδόασι
379 4867 660 4937 Φαρισαῖοι
696 4866 790 4919 καὶ
823 4869 1097 4938 ἀρχιερεῖς
1138 4867 1246 4919 τῶν
1293 4865 1623 4936 σωματικῶν

1736 4880 1848 4932 qua:
1881 4863 2141 4920 Pharisazi
2195 4868 2460 4936 praebent,
2506 4877 2558 4922 et
2601 4866 2889 4936 pontiﬁces
2932 4861 3295 4932 corporalium

65 4957 398 5023 τυγχάνοντες
453 4958 725 5011 Ἰουδαίων
786 4959 925 5012 κατὰ
957 4956 1052 5010 τοῦ
1087 4957 1287 5028 Ἰησοῦο
1345 4957 1621 5028 βούλονται

1736 4955 2058 5024 Iudaeorum,
2083 4959 2347 5016 adversus
2371 4960 2557 5016 Iesum
2594 4977 2608 5016 ε
2640 4961 2827 5014 volunt
2852 4960 2998 5013 enim
3030 4956 3297 5027 quosdam

58 5046 157 5115 ’γάρ
197 5065 345 5112 τινας
380 5049 616 5121 μηνῦσαι
661 5050 846 5114 αὐτοῖς
903 5049 995 5102 τὸν
1025 5049 1265 5122 Ἰησοῦν,
1323 5049 1412 5101 ἵνα
1461 5049 1620 5101 αὐτὸν

1736 5048 1971 5130 indicare
2000 5051 2101 5104 sibi
2130 5049 2338 5117 Iesum,
2376 5061 2434 5106 ut
2468 5052 2613 5105 illum
2646 5051 2973 5119 mancipium
3018 5057 3304 5117 acceptum

69 5138 350 5209 ὑποχείριον
402 5141 656 5206 λαϐόντες
711 5142 974 5213 προδῶσι.
1034 5143 1146 5196 Καὶ
1208 5141 1406 5212 φήσεις
1442 5140 1619 5194 πάντα

1736 5141 1977 5208 prodant.
2002 5141 2158 5196 Dices
2187 5145 2352 5197 etiam
2379 5158 2594 5196 omnem
2623 5141 2839 5196 curiose
2866 5149 3304 5219 perscrutantcm

66 5228 141 5282 τὸν
167 5231 658 5304 περιεργαζόμνον
692 5233 761 5287 τὰ
823 5233 952 5307 περὶ
1004 5233 1094 5286 τὸν
1150 5231 1578 5304 Χριστιανισμδν
1603 5271 1618 5297 ,

1736 5232 2224 5303 Christianismum,
2275 5251 2386 5306 quo
2433 5236 2714 5290 subvertat
2771 5233 2902 5288 illud
2954 5239 3010 5287 et
3057 5243 3304 5297 accuset,

33 5320 42 5332 '
68 5320 146 5372 ἐπὶ
176 5321 254 5392 τῷ
287 5323 442 5376 αὑτὸν
496 5323 824 5395 ἀνατρέπειν
845 5363 862 5389 ,
895 5324 991 5378 καὶ
1023 5325 1348 5396 κατηγορεῖν
1376 5363 1392 5388 ,
1447 5323 1618 5394 Φαρι-

1736 5323 2058 5380 Pharisteum
2087 5327 2378 5396 quemdam
2420 5339 2563 5387 esse,
2609 5332 2666 5380 et
2703 5338 2810 5379 non
2842 5323 3042 5380 bonum
3090 5323 3305 5394 pontiﬁ-

131 5485 170 5515 "
189 5485 341 5542 Ioan.
374 5505 486 5552 κη,
515 5488 572 5542 2.
649 5491 695 5522 ²⁰
719 5488 873 5544 Ioan.
901 5505 944 5553 ι,
973 5488 1062 5542 29.
1139 5490 1182 5521 ²¹
1213 5487 1368 5544 Ioan.
1399 5503 1514 5550 vni,
1550 5487 1626 5542 4οχ

1741 5487 1934 5544 ’Ioan.
1959 5488 2133 5554 11,56.
2208 5489 2254 5520 "
2276 5488 2409 5543 Luc.
2443 5488 2781 5554 “11,1245.

2884 5489 2929 5522 "‘
2958 5489 2976 5544 I
3001 5487 3132 5544 Cor.
3161 5502 3216 5554 v,
3243 5484 3302 5545 8.

70 5553 272 5609 "Ioan.
299 5575 370 5622 xi,
403 5560 493 5613 57.
569 5560 616 5592 ’⁵
647 5560 837 5614 Matth.
885 5574 975 5625 xv,
1014 5564 1082 5626 9;
1131 5558 1301 5614 Marc.
1341 5574 1436 5623 vn,
1459 5560 1510 5612 7.

131 5716 427 5800 (99)Qodex
460 5717 784 5842 Rodieianus
814 5726 961 5806 recte
993 5719 1183 5802 habet,
1209 5718 1480 5786 ἀνώγεων·
1505 5717 1626 5792 Regi

132 5785 239 5842 (ιο)
261 5787 432 5842 Lodex
503 5789 803 5842 odleianus.
831 5788 990 5842 αυτόν
1009 5805 1022 5820 ο
1056 5789 1273 5842 Remus.
1303 5782 1516 5842 έαυτόν.

1736 5734 1862 5777 vero
1899 5718 2039 5776 male
2066 5718 2383 5787 ἀναγκαῖον.

132 5785 239 5852 (70)
261 5785 432 5843 Codex
460 5782 803 5855 Bodleianus,
831 5788 990 5842 αὐτόν
1009 5805 1022 5820 ο
1056 5789 1274 5859 Regius,
1303 5782 1516 5844 ἑαυτόν.
