4082 6538
835 357 940 417 739

2289 353 2607 410 ORIGE‘NIS
3959 365 4044 420 7J0

833 490 974 541 cem,
1018 487 1198 530 rerum
1241 473 1458 530 ratione
1506 474 1806 530 carentium
1855 475 2079 530 dantem
2121 476 2367 529 mandata

2498 476 2646 527 σαῖον
2670 467 2828 536 εἶναι,
2866 471 2960 526 καὶ¹
2995 472 3097 526 οῦκ
3128 472 3332 542 ἀγαθὸν
3370 472 3651 545 ἀρχιερέα,
3679 477 3850 536 ἄλλων
3893 479 4041 550 λόγων

834 569 1031 638 quibus
1073 569 1350 623 existimat
1399 582 1458 623 se
1503 569 1698 623 docere
1723 567 1933 633 Jesum,
1992 577 2051 622 ut
2082 568 2256 637 ipsum
2290 568 2392 621 sibi

834 661 1127 715 indicatum
1175 661 1602 730 comprehendat
1656 671 1710 715 et
1748 661 2092 715 contumeliis
2146 658 2394 714 allectum

830 752 1068 806 occidat.
1121 751 1318 806 Verum
1366 767 1487 806 cum
1537 752 1670 805 satis
1715 750 2082 818 amplitudinis
2128 749 2399 817 acceperit

829 844 1122 898 vicesimus
1149 854 1376 898 octavus
1418 853 1597 898 tomus
1645 841 2086 910 explanationum
2135 840 2187 893 in
2224 840 2397 893 Evan.

831 936 1024 1004 gelium
1046 951 1076 989 a
1099 935 1312 990 Joanne
1339 937 1616 1001 traditum,
1644 936 1745 989 hoc
1775 935 1828 989 in
1856 933 1976 987 loco
2002 933 2250 987 ﬁniemus
2274 947 2398 987 ora-

833 1026 1052 1092 tionem,
1082 1029 1132 1081 in
1163 1029 1416 1084 vicesimo
1441 1032 1582 1082 nouo
1602 1041 1721 1096 qua:
1740 1035 2059 1094 sequuntur,
2087 1025 2192 1078 Deo
2214 1025 2392 1088 dante,

829 1120 1164 1186 prosecuturi
1177 1161 1192 1174 .

2498 564 2708 617 διδόντα
2744 563 2960 638 ἐντολάς
2992 603 3007 628 ,
3061 558 3142 628 οἷς
3187 565 3359 618 οῐεται
3391 565 3620 630 διδάξειν
3653 568 3812 622 αὐτὸν
3843 571 3908 625 τὰ
3938 579 4044 644 περὶ

2499 656 2590 708 τὸν
2603 655 2828 725 Ἰησοῦν,
2847 656 2931 709 ἵνα
2945 655 3247 725 μηνυθέντα
3263 655 3426 710 αὑτὸν
3442 657 3589 730 αὐτῷ
3605 659 3791 732 πιάσῃ,
3806 663 3896 714 καὶ
3913 663 4043 734 ὑϐρί-

2503 761 2602 807 σας
2659 744 2972 816 ἀποκτείνῃ.
3017 745 3176 798 Ἀλλά
3224 747 3331 818 γὰρ
3356 789 3371 812 ,
3424 749 3674 822 αὐτάρκη
3728 755 4041 826 περιγραφὴν

2501 835 2780 906 εἰληφότος
2813 837 2905 890 καὶ
2936 837 3029 891 τοῦ
3070 839 3256 907 ὀγδόου
3293 842 3390 894 καὶ
3424 843 3668 896 εἰκοστοῦ
3711 845 3818 915 (71)
3852 845 3949 898 τῶν
3978 849 4040 910 εὶς

2501 927 2563 981 τὸ
2601 928 2741 981 κατά
2790 929 3042 1000 Ἰωάννην
3087 931 3418 1000 Εὑαγγέλιον
3469 934 3804 1006 ἐξηγητικῶν
3853 937 4035 1008 τόμον,

2503 1019 2666 1075 αὐτοῦ
2737 1023 3175 1093 καταπαύσωμεν
3248 1026 3338 1079 τὸν
3394 1027 3551 1096 λόγον
3577 1069 3593 1093 ,
3654 1029 3714 1083 ὲν
3762 1025 3834 1093 τῷ
3862 1031 4035 1102 ἐννάτῳ

2500 1115 2592 1166 καὶ
2638 1114 2864 1185 εἰκοστῷ
2917 1115 3049 1184 (72),
3108 1116 3244 1170 θεοῦ
3307 1119 3572 1186 διδόντος,
3615 1121 3898 1193 ἀρχόμενοι
3946 1123 4032 1177 τῶν

2495 1203 2622 1275 ἑξῆς
2653 1205 2788 1274 ('75).

1132 1325 1456 1376 Λείπουσιν
1493 1325 1546 1377 οἱ
1578 1325 1741 1393 τόμοι
1773 1324 1984 1388 ἔνατος
2014 1323 2111 1375 καὶ
2148 1321 2442 1387 εἰκοστὸς,
2472 1322 2842 1390 τριακοστὸς,
2877 1322 2973 1376 καὶ
3001 1322 3230 1392 πρῶτος
3257 1325 3356 1380 καὶ
3391 1330 3760 1395 τριακοστός.

1974 1619 2912 1753 ΩΡΙΓΕΝΟΥΣ

1415 1855 1555 1908 ΤΩΝ
1588 1855 1711 1907 ΕΙΣ
1753 1856 1836 1906 ΤΟ
1872 1855 2059 1907 KATA
2100 1851 2433 1906 ΙΩΛΝΝΗΝ
2475 1851 2951 1905 ΕΥΑΓΓΕΛΙΟΝ
3001 1850 3474 1910 ΕΞΗΓΗΤΙΚΩΝ

2141 2013 2520 2100 ΤΟΜΟΣ
2555 2007 2735 2098 ΛΒ’.

2099 2311 2771 2426 ORIGENIS

1250 2533 2021 2598 COMMENTARIORUM
2065 2531 2146 2592 1N
2189 2532 2709 2594 EVANGELIUM
2754 2533 3176 2596 SECUNDUM
3218 2537 3594 2600 JOANNEM

1529 2713 1939 2806 TOMUS
1976 2714 2705 2806 TRICESIMUS
2743 2717 3384 2810 SECUNDUS.

882 3021 1044 3094 404
1073 3023 1125 3076 l.
1162 3021 1273 3076 Deo
1302 3021 1458 3075 nobis
1499 3036 1596 3091 per
1641 3018 1826 3076 Jesum
1869 3020 2144 3076 Christum
2186 3023 2288 3078 iter
2316 3038 2377 3078 ex

2556 3023 2608 3076 1.
2637 3023 2770 3077 ’Δπδ
2797 3022 2932 3078 Θεοῦ
2961 3022 3049 3077 διὰ
3087 3023 3264 3094 Ἰησοῦ
3301 3023 3539 3096 Χριστοῦ
3584 3023 3913 3096 εὐοδούμενοι
3953 3027 4027 3096 ἐρ-

813 3115 980 3166 animi
1031 3113 1298 3168 sententia
1347 3112 1628 3182 largiente,
1657 3113 1934 3182 gradimur
1980 3129 2077 3183 per
2108 3113 2379 3182 Evangelii

811 3203 982 3256 sancti
1013 3203 1155 3255 viam
1180 3217 1450 3272 magnam,
1477 3217 1704 3270 eamque
1729 3203 2096 3267 viventem,ut
2117 3203 2184 3256 ad
2210 3203 2382 3273 ipsius

807 3295 972 3348 etiam
1003 3294 1157 3346 linem
1194 3293 1598 3362 perveniamus,
1623 3293 1668 3347 si
1697 3309 1793 3362 per
1827 3308 1946 3347 eam
1971 3309 1999 3345 a
2035 3295 2190 3348 nobis
2223 3297 2382 3365 agni-

810 3393 919 3439 tam
944 3385 1419 3439 ambulaverimus.
1449 3384 1622 3450 Atque
1655 3385 1862 3436 utinam
1895 3399 2014 3437 cum
2044 3400 2187 3438 nunc
2214 3387 2379 3440 veluti

809 3477 1102 3530 secundam
1131 3484 1185 3529 et
1229 3476 1553 3529 tricesimam
1584 3475 1893 3538 stationem,
1930 3476 1982 3529 in
2027 3475 2113 3528 his
2149 3490 2270 3544 qua:
2303 3475 2381 3528 di-

809 3568 978 3620 cenda
1013 3575 1160 3630 sunt,
1194 3567 1400 3636 ingredi
1441 3580 1720 3627 conemur,
1766 3565 1920 3620 nobis
1950 3566 2091 3618 adsit
2131 3566 2380 3620 columna

809 3662 898 3715 illa
930 3661 1119 3715 lucida:
1153 3662 1310 3715 nubis
1329 3659 1479 3726 Jesu,
1515 3675 1635 3729 quae
1661 3675 1760 3714 nos
1781 3660 2073 3728 praecedat,
2099 3676 2221 3715 cum
2247 3677 2382 3730 opus

807 3753 934 3812 erit,
977 3766 1267 3820 rursusque
1293 3759 1398 3805 stet
1442 3766 1565 3806 cum
1612 3751 1914 3820 oportebit;
1963 3751 2154 3815 donec,
2186 3767 2219 3806 ο
2252 3752 2381 3806 Am-

807 3841 955 3896 brosi
997 3843 1156 3896 homo
1183 3856 1360 3906 sacer,
1392 3841 1645 3911 idemque
1691 3842 1878 3908 frater,
1940 3850 2111 3896 totum
2146 3843 2379 3912 copiosis

805 3932 1359 3987 commentationibus
1445 3932 1918 4002 eXplanaverimus
1990 3932 2374 4000 Evangelium;

805 4040 912 4079 non
961 4025 1376 4080 succumbentes
1423 4026 1491 4080 ob
1540 4025 1925 4093 longitudinem
1975 4025 2077 4078 via:
2127 4025 2374 4094 prolixae,

806 4131 979 4185 neque
1005 4117 1283 4186 defatigati
1333 4117 1400 4169 ob
1443 4124 1682 4170 nostram
1722 4114 2118 4179 inﬁrmitatem,
2160 4115 2252 4170 sed
2287 4130 2376 4170 co-

805 4218 996 4262 nantes
1048 4209 1305 4263 incedere
1359 4222 1454 4275 per
1508 4206 1734 4275 vestigia
1789 4206 2051 4262 columna:
2107 4207 2372 4262 veritatis.

804 4298 992 4353 Utrum
1021 4310 1199 4354 autem
1237 4301 1367 4354 velit
1396 4300 1533 4352 lleus
1572 4307 1806 4352 mentem
1839 4308 2082 4353 nostram
2113 4300 2218 4352 iter
2259 4314 2376 4367 per-

2483 3114 2708 3188 χιῦμεθα
2737 3116 2848 3186 (74)
2877 3117 2976 3186 τὴν
3007 3115 3247 3186 μεγάλην
3288 3115 3383 3168 τοῦ
3427 3117 3759 3184 Εὐαγγελίου
3788 3117 3922 3178 ὁδὸν,
3949 3115 4026 3168 καὶ

2483 3209 2662 3274 ζῶσαν
2715 3209 2881 3278 ἡμῖν,
2947 3209 2996 3260 εί
3052 3208 3143 3259 καὶ
3201 3207 3504 3278 γνωσθείη,
3549 3207 3644 3261 καὶ⁸
3686 3208 3916 3279 ὁδευθείη
3952 3209 4020 3275 ὑφ.

2483 3301 2658 3371 ἡμῶν,
2713 3299 2914 3368 φθάσαι
2955 3299 3122 3368 αὐτῆς
3169 3299 3263 3352 καὶ
3311 3300 3404 3350 ἐπὶ
3463 3297 3524 3351 τὸ
3562 3298 3737 3362 τέλος.
3782 3300 3888 3352 Νῦν
3920 3300 4025 3368 μὲν-

2478 3405 2626 3458 τοιγε
2682 3389 2842 3442 οἱονεὶ
2883 3389 3140 3461 δευτέρας
3191 3390 3285 3444 καὶ
3328 3390 3656 3460 τριακοστῆς
3709 3390 4022 3461 παρεμὸολῆς

2481 3486 2538 3537 ἐν
2564 3486 2674 3547 τοῖς
2703 3483 3124 3554 λεχθησομένοις
3155 3484 3410 3554 ἐπιϐῆναι
3446 3482 3764 3554 πειρώμεθα
3790 3501 3802 3514 ο
3830 3483 3914 3536 καὶ
3942 3499 4025 3533 πα-

2485 3573 2602 3644 ρείη
2637 3591 2701 3642 γε
2741 3575 2871 3643 ἡμῖν
2914 3576 2942 3626 ὁ
2978 3572 3166 3637 στῦλος
3219 3575 3317 3642 τῆς
3370 3573 3638 3642 φωτεινῆς
3692 3573 3911 3642 νεφέλης
3945 3571 4023 3640 Ἰη·

2483 3664 2596 3728 σοῦ,
2643 3666 2898 3734 προάγων
2929 3667 3076 3736 ἡμᾶς
3106 3665 3193 3717 ὅτε
3221 3664 3318 3726 δεῖ,
3343 3665 3440 3717 κα)⁵
3473 3663 3625 3726 ἱστὰς
3663 3664 3751 3715 ὅτε
3805 3663 3916 3732 χρὴ,
3941 3662 4022 3720 ἕως

2480 3757 2620 3820 ὅλον,
2652 3755 2747 3809 καὶ
2794 3757 2858 3826 τῇ
2901 3756 3267 3826 ὑπαγορεύσει
3313 3755 3420 3806 τῶν
3452 3757 3533 3818 εἰς
3583 3754 3644 3806 τὸ
3678 3753 3983 3822 Εὐαγγέλιω
4007 3791 4019 3810 ,

2481 3846 2592 3917 ίερὲ
2613 3845 2861 3917 ἄνθρωπε
2884 3847 2977 3899 καὶ
3004 3846 3198 3915 ἀδελφέ
3231 3844 3539 3915 Ἀμϐρόσιε,
3569 3841 4020 3912 διεξέλθωμενίῖὸ)

2477 3937 2538 3990 τὸ
2573 3936 2924 4004 Εὐαγγέλιον,
2956 3936 3030 4007 μὴ
3061 3935 3424 3998 ἐκκακοῦντες
3445 3935 3554 3987 ἀπὸ
3582 3932 3681 3986 τοῦ
3712 3934 3912 4005 μακροῦ
3943 3932 4021 3999 τῆς

2475 4028 2802 4098 ὁδοιπορίας,
2841 4027 2979 4097 μηδὲ
3030 4029 3434 4098 ἁποκάμνοντες
3481 4025 3571 4078 διὰ
3625 4025 3726 4096 τὴν
3782 4022 4019 4095 ἡμετέραν

2475 4119 2777 4190 ἀσθένειαν,
2806 4119 2919 4172 ἀλλ’
2954 4119 3330 4189 ἐκϐιαζόμενοι
3373 4118 3494 4170 κατ’
3528 4116 3652 4188 ἴχνη
3715 4116 3909 4187 βαίνειν
3942 4111 4016 4164 τοῦ

2477 4210 2665 4263 στύλου
2691 4211 2788 4280 τῆς
2820 4197 3076 4280 ἀληθείας
3104 4210 3117 4261 l
3151 4210 3384 4280 Πότερον
3415 4208 3471 4260 δὲ
3507 4208 3754 4278 βούλεται
3782 4207 3867 4260 τὸν
3893 4204 4015 4276 ὑμῶν

2475 4299 2538 4371 [ι.
2576 4299 2778 4371 ἡμῶν],
2813 4301 2936 4354 νοῦν
2959 4301 3170 4354 τελέσαι
3205 4299 3292 4351 διὰ
3333 4298 3441 4352 τῶν
3494 4295 3905 4368 ὑπαγορεύσεων
3938 4294 4015 4362 τὴν

803 4391 964 4444 licere
1016 4391 1310 4459 Scriptura:
1344 4390 1503 4444 totius
1543 4382 1818 4457 Evangelii
1870 4404 1899 4443 a
1947 4388 2156 4444 Joanne
2185 4391 2364 4444 traditi

2483 4391 2778 4462 Βδοιπορίαν
2815 4393 2912 4464 τῆς
2939 4394 3059 4446 ὅλου
3127 4391 3276 4462 [add.
3316 4389 3434 4461 τοῦ]
3466 4389 3609 4442 κατά
3662 4389 3755 4442 τὸν
3798 4387 4012 4454 Ἰωάννην

801 4481 1288 4550 explanationibus,
1330 4496 1399 4534 an
1433 4497 1558 4544 non,
1604 4481 1719 4549 ipse
1741 4479 1906 4535 novit.
1964 4479 2193 4534 Tantum
2225 4482 2365 4535 domi

2483 4483 2807 4552 Εύαγγελίου
2835 4486 3070 4556 γραφῆς,
3102 4487 3149 4536 εί
3199 4483 3304 4554 μὴ,
3345 4482 3508 4546 αὐτὸς
3539 4481 3606 4535 ἂν
3637 4481 3804 4552 εἰδείη
3837 4482 3864 4532 ὁ
3892 4477 4012 4538 Θεός.

799 4573 1119 4628 exsistentes
1152 4574 1203 4626 in
1235 4588 1479 4642 corpore,
1513 4582 1568 4626 et
1597 4572 1664 4626 ab
1697 4572 1814 4640 ipso
1848 4570 2279 4640 peregrinantes,
2307 4581 2369 4626 ut

2483 4574 2651 4627 Μόνον
2677 4575 2771 4627 καὶ
2798 4576 3153 4647 ἐνδημοῦντες
3180 4578 3236 4628 ἐν
3257 4574 3336 4646 τῷ
3370 4573 3604 4644 σώματι,
3627 4573 3724 4626 καὶ
3754 4569 4012 4641 ἐκδημοῦν-

800 4673 1091 4729 przesentes
1113 4663 1358 4718 adsimus
1386 4664 1527 4730 apud
1574 4662 1858 4716 Dominum
1889 4661 1954 4726 ",
1999 4673 2151 4714 extra
2185 4660 2364 4714 Evan-

2483 4683 2564 4729 τες
2595 4666 2780 4732 αὑτοῦ,
2824 4669 2916 4721 ἐπὶ
2950 4667 3028 4738 τῷ
3052 4666 3354 4737 ἐνδημῆσαι
3383 4665 3520 4736 πρὸς
3557 4666 3649 4717 τὸν
3686 4663 3904 4735 Κύριον,
3934 4659 4013 4722 ἔξω

798 4755 995 4822 gelium
1071 4771 1174 4808 non
1230 4769 1438 4818 eamus,
1495 4763 1554 4807 ut
1606 4753 1862 4821 operibus
1917 4752 2366 4821 sermonibusque

2483 4756 2564 4809 τοῦ
2587 4759 2914 4828 Εῦαγγελίου
2950 4759 3024 4831 μὴ
3048 4761 3341 4832 βαίνοιμεν,
3371 4757 3458 4810 ἵνα
3485 4757 3580 4810 καὶ
3598 4756 3709 4809 τῶν
3723 4757 3847 4817 τοὺς
3868 4766 4013 4822 μακα-

170 386 199 511 ξπ

170 524 197 667 ςλ

170 728 201 897 ii

172 898 199 949 μ

172 954 201 1109 l9

176 1324 187 1479 ἓ

178 1482 185 1553 ῖ

180 1750 189 1895 ξ

180 1936 199 2383 l

200 3164 209 3309 Ξ

202 3336 211 3453 1

204 3458 213 3589 ἴ

206 3634 215 3697 l

208 3706 215 3841 ὲ

210 3880 217 4013 ξ

212 4022 221 4093 τ

214 4252 223 4379 L

68 4458 73 4469 ι
214 4394 223 4479 l

72 4574 77 4755 1
216 4490 227 4827 ἒ

220 4830 229 4977 1

224 4982 233 5065 ἱ

226 5070 235 5243 ἰ

228 5256 237 5369 ἰ

230 5376 239 5569 ἰ

234 5592 243 5829 ξ

240 5862 245 5947 ἔ

240 5962 247 6123 ξ

797 4846 1152 4901 beatitudines
1190 4845 1512 4912 ferentibus,
1559 4847 1612 4900 in
1642 4843 1894 4913 paradiso
1918 4842 2232 4898 deliciarum
2264 4842 2361 4898 Dei

796 4935 1058 4992 fruamur.

868 5033 911 5064 ’τ
939 5033 979 5086 ιι
1005 5034 1134 5088 Cor.
1167 5051 1222 5098 ν,
1251 5035 1306 5097 6,
1339 5012 1397 5088 8.

867 5125 980 5263 (ξιξ
1009 5127 1188 5181 Codex
1225 5123 1906 5198 Bodleianusaptaxoatoﬁ
1933 5110 2171 5206 πρώτοῦ.

869 5196 958 5263 (μὶ
1007 5197 1148 5249 Idem
1182 5200 1351 5252 codex
1412 5198 1754 5260 Bodleianus,
1813 5195 1870 5247 ἐν
1926 5211 2006 5263 τῳ
2057 5211 2171 5263 τριο

869 5192 980 5263 (ῖῖ)
1007 5197 1148 5249 Idem
1182 5200 1351 5252 codex
1412 5192 1754 5260 Bodleianus,
1813 5195 1870 5247 ἐν
1926 5192 2006 5264 τῷ
2057 5192 2362 5264 τριακοστῷ

797 5264 1047 5333 δευτέρῳ.

867 5331 978 5400 (73)
1006 5331 1342 5402 Ἆρχόμενοι
1366 5334 1483 5388 τῶν
1508 5333 1673 5401 ἑξῆς.
1705 5333 1838 5387 Tres
1865 5331 2122 5399 deinceps
2151 5331 2364 5385 deside-

802 5406 1165 5474 rauturtomi,
1221 5406 1287 5458 de
1335 5421 1562 5474 quorum
1611 5405 1792 5470 aliquo
1829 5405 1960 5474 lucc
2017 5402 2360 5469 intelligenda

800 5482 944 5543 sunt,
971 5488 1089 5543 quae
1115 5473 1555 5543 habetorigenes
1596 5476 1645 5525 in
1678 5473 1870 5543 Matth.
1896 5485 2024 5526 tom.
2062 5488 2170 5531 tm,
2210 5488 2360 5543 num.

801 5542 865 5594 19
897 5561 909 5594 ;
947 5541 1089 5610 Πλὴν
1121 5542 1174 5594 ἐν
1205 5561 1309 5598 τινι
1341 5541 1445 5596 τῶν
1478 5547 1556 5607 εἰς
1603 5545 1664 5596 τὸ
1691 5542 1833 5596 κατὰ
1879 5543 2128 5609 Ἰωάννην
2183 5541 2362 5607 Εὐαγ-

795 5611 974 5678 γέλιον
994 5613 1085 5664 ἐπὶ
1118 5615 1280 5665 ποσὸν
1305 5615 1444 5666 κατὰ
1485 5615 1655 5667 ταῦτα
1679 5614 2018 5682 ἐξητάσαμεν
2036 5629 2048 5640 ο
2085 5614 2171 5682 ὅτε
2234 5628 2363 5679 προ-

795 5682 1356 5755 έκειτοδιηγήσασθαι
1389 5684 1448 5755 τό
1473 5701 1487 5714 ο
1520 5687 1598 5755 Τῇ
1632 5680 2020 5755 ἐπαύρ-ιονλρῦν
2051 5681 2205 5755 ὄχλφς
2268 5696 2364 5731 πο·

797 5752 891 5816 λὺς
917 5753 944 5804 ὁ
978 5751 1250 5816 ἐλθὼνίείς
1282 5756 1380 5823 τὴν
1407 5751 1617 5826 ἑορτὴῆ.
1649 5754 1742 5826 καὶ
1767 5751 1835 5803 τὰ
1862 5752 2013 5820 έξῆς’
2069 5771 2087 5802 ⁸
2129 5751 2362 5826 “my”-

809 5831 986 5878 tamen
1045 5827 1098 5878 in
1157 5819 1388 5892 quodam
1437 5819 1595 5893 super
1653 5825 2004 5891 Et'angclium
2064 5819 2359 5874 secundum

2477 4853 2701 4920 ρισμοὺς
2726 4853 2997 4924 φερόντων
3020 4853 3192 4926 ἔργων
3223 4853 3316 4905 καὶ
3342 4851 3513 4920 λόγων
3545 4852 3605 4904 ἐν
3635 4851 3714 4923 τῷ
3740 4847 4013 4920 παραδείσῳ

2479 4939 2576 5010 τῆς
2608 4943 2818 5014 τρυφῆς
2846 4943 2940 4997 τοῦ
2971 4941 3106 4996 Θεοῦ
3141 4942 3555 5013 ἀπολαύσωμεν.

2468 5125 2731 5181 Joannem
2765 5127 3194 5190 Commentario,
3221 5141 3282 5178 ea
3315 5138 3528 5194 quoque
3555 5123 3748 5194 aliqua
3784 5137 3844 5194 ex
3890 5127 4010 5187 parte

2471 5213 2498 5248 a
2529 5198 2683 5250 nobis
2713 5211 2947 5265 expensa
2982 5207 3138 5261 sunt;
3172 5191 3391 5264 quando
3417 5193 3668 5265 vidclicet
3697 5191 3822 5265 illud
3869 5204 4009 5254 espo-

2473 5274 2708 5318 ncndum
2743 5262 2898 5320 nobis
2927 5262 3262 5336 prOpoSttum
3287 5274 3403 5315 erat
3437 5280 3449 5314 :
3484 5262 3568 5336 _Jn
3613 5264 3900 5336 crastinum
3929 5275 4006 5309 au-

2471 5348 2571 5386 tem
2595 5337 2747 5387 turba
2775 5328 2961 5396 multa,
2992 5328 3106 5402 qua:
3132 5345 3333 5389 uenerat
3361 5337 3429 5386 ad
3460 5333 3602 5386 diem
3631 5338 3824 5403 festum
3853 5328 3992 5385 (loca

2473 5421 2568 5464 att.
2606 5407 2713 5469 l2).
2745 5417 2800 5458 et
2829 5407 3059 5474 reliqua.
3100 5423 3118 5456 ι

2541 5475 2652 5542 (74)
2678 5465 2861 5529 Codex
2893 5465 3234 5534 Bodleianus,
3264 5471 3582 5542 ἐρχώμεθα’
3632 5471 3850 5540 Regius,

2471 5536 2658 5612 p501"
2723 5544 3007 5601 Pet'iouius
3078 5556 3255 5598 autem
3299 5536 3536 5596 Videtur
3612 5536 3807 5610 legisse
3874 5536 4004 5607 εὐχό-

2512 5615 2626 5666 εΟα.
4010 5633 4012 5636 ·

2470 5632 2648 5754 “gilii-‘3)
2681 5684 2861 5756 Codex
2895 5685 3111 5756 Regius,
3144 5682 3252 5754 ἱερὲ
3285 5683 3479 5752 ἁδελφὲ
3508 5683 3761 5753 ἄνθρωπε
3801 5673 4004 5750 ’Δμδρό-

2469 5770 2568 5818 σιε,
2605 5754 2972 5825 διεξέλθωμεν.
