4082 6540
102 246 109 291 ι
272 170 277 295 l

102 336 113 357 ι
272 336 277 349 .

104 364 111 391 l

106 404 113 423 Ψ

106 462 115 535 μ
272 354 277 521 1

108 574 119 679 ἑ
274 574 279 669 !

108 684 279 749 -f

112 756 123 821 ξ
276 768 281 817 ;

118 832 127 853 ‘
278 842 281 879 ι

120 954 127 989 ξ
278 888 285 985 ἲ

122 1102 127 1117 ,

64 1656 209 1745 γέ,

132 1930 215 2041 1ΙΙ

74 2032 215 2071 Γει

72 2074 219 2125 pii

72 2128 217 2181 ,Ἓξ

80 2180 217 2251 Ἓξ

214 2254 217 2281 l

76 2294 255 2341 ,ς’έπ

138 2342 255 2397 ιεέ

78 2400 219 2439 ei;

68 2444 255 2473 ,l‘i

62 3869 66 3902 l

62 3997 68 4010 .

62 4029 68 4068 ι

66 4176 111 4297 ἓ,

66 4310 111 4361 1r

84 4802 89 4817 ι

62 4920 109 4997 ἱὲ

62 5014 111 5051 ν

70 5054 115 5117 εί

66 5118 115 5263 μ

72 5274 115 5341 ῐῖ

70 5346 117 5403 i.

76 5408 121 5525 ίὲ

78 5540 121 5571 ’Ξ

76 5580 121 5641 ’,ζ
222 5632 235 5635 π

82 5664 119 5709 ιη
218 5694 223 5701 .

84 5954 219 6041 ἷλφ.

122 6044 219 6093 *1

64 6152 226 6181 ιίῗ·

68 6306 180 6341 iﬁ-

816 387 910 422 143

2250 354 2570 413 ORIGENlS
3923 375 4005 436 m

794 485 928 542 nihil
977 482 1218 539 sordium
1271 484 1585 546 contrahat,
1619 497 1687 536 ne
1738 480 1790 536 in
1839 478 2099 537 extremis
2150 478 2359 548 quidem

2473 478 2661 542 ὕδατος
2687 481 2766 542 είς
2797 480 2993 551 μόνους
3016 478 3142 546 τοὺς
3168 484 3356 547 πόδας,
3377 483 3624 538 τουτέστι
3653 485 3720 539 τά
3745 491 4006 548 κατωτάτω

791 579 1062 649 partibus,
1095 586 1144 631 et
1185 591 1304 646 qua:
1333 576 1532 630 intima:
1559 585 1708 641 sunt,
1741 575 1955 630 etiamsi
1979 574 2158 642 quoad
2189 572 2365 627 homi-

793 685 889 723 nes
925 669 1192 738 perlectus
1229 668 1350 735 quis
1377 681 1498 721 esse
1532 666 1799 721 videatur.
1833 665 2012 736 Atque
2047 664 2198 718 multi
2235 663 2362 733 qui--

795 761 914 815 dem
945 762 1104 812 etiam
1132 769 1252 829 post
1278 759 1608 828 baptismum
1639 768 1988 829 peccatorum
2015 757 2238 827 pulvere
2267 774 2362 811 ca-

792 861 890 922 put
921 852 1152 922 replent,
1175 855 1258 906 vel
1294 869 1356 906 ea
1402 868 1520 919 quae
1559 852 1722 924 406
1749 853 1848 906 hoc
1885 860 2010 905 sunt
2038 851 2196 920 paulo
2225 851 2364 906 inl'e-

795 946 939 999 riora
967 963 982 1006 ;
1022 947 1109 1015 qui
1143 961 1271 999 vero
1320 960 1577 1013 germane
1603 946 1770 1015 ipsius
1801 943 1927 998 Jesu
1961 944 2210 1015 discipuli
2243 943 2361 1000 fue-

797 1037 926 1100 rint,
975 1039 1109 1092 adeo
1140 1047 1200 1092 ut
1227 1052 1292 1090 eo
1326 1038 1651 1105 perveniant
1683 1046 1742 1090 ut
1788 1037 1953 1090 etiam
1985 1052 2106 1090 cum
2153 1051 2218 1089 eo
2246 1036 2364 1103 ipso

793 1139 1028 1192 omnem,
1055 1129 1198 1183 solos
1231 1130 1395 1198 pedes
1433 1129 1654 1192 habent,
1691 1129 1783 1196 qui
1833 1135 2026 1198 egeant
2056 1127 2222 1181 lavari
2248 1127 2361 1180 ἀπὸ

793 1222 885 1275 τοῦ
915 1222 1085 1288 Λόγου
1138 1220 1263 1292 [hoc
1296 1231 1378 1275 est
1413 1236 1440 1274 a
1472 1220 1605 1273 Filio
1636 1220 1726 1273 Dei
1758 1229 1811 1271 et
1841 1218 2096 1290 ratione].
2123 1218 2190 1271 Et
2215 1230 2364 1274 certe

792 1311 882 1379 qui
914 1312 1059 1365 videt
1085 1311 1428 1364 diversitates
1475 1318 1850 1377 peccatorum,
1897 1309 2103 1380 quique
2137 1319 2362 1380 peccata

792 1403 1102 1456 considerat
1150 1411 1408 1468 quantum
1448 1403 1513 1454 ad
1563 1411 1875 1455 accuratam
1927 1409 1980 1455 et
2022 1412 2360 1458 constantem

791 1494 1054 1546 rationem
1091 1497 1231 1562 (qua!
1267 1507 1361 1545 nec
1396 1501 1613 1561 peccata
1653 1491 2043 1546 existimantur
2066 1507 2186 1547 esse
2214 1493 2356 1562 apud

790 1582 1034 1653 multos),
1077 1584 1122 1637 is
1152 1585 1370 1637 visurus
1394 1594 1475 1638 est
1499 1599 1743 1652 quamam
1767 1584 1874 1639 sint
1892 1585 1977 1639 illa
2002 1586 2071 1641 ob
2087 1602 2207 1656 qum
2227 1603 2362 1657 OpllS

789 1675 1024 1730 habeant
1040 1674 1202 1744 pedes
1225 1675 1384 1728 lavari
1405 1691 1432 1728 a
1451 1674 1599 1730 Jesn.
1620 1677 1714 1729 Sin
1733 1691 1862 1730 vero
1881 1677 2007 1730 talia
2026 1689 2148 1732 sunt
2166 1680 2359 1746 pedum

788 1767 1214 1835 inquinamenta,
1245 1769 1370 1836 quid
1398 1769 1590 1823 facturi
1619 1784 1812 1824 sumus
1839 1784 1936 1824 nos
1956 1771 2048 1839 qui
2079 1786 2356 1842 nunquam

789 1859 853 1910 ad
892 1861 1214 1913 rmnandum
1247 1875 1368 1913 cum
1401 1860 1528 1913 Jesu
1582 1861 1946 1928 pervenimus,
2001 1863 2202 1930 quique
2253 1878 2357 1917 non

788 1947 1190 2015 pedes_tantum
1246 1947 1504 2001 habemus
1555 1949 1912 2016 inquinatos?
1967 1951 2185 2006 dicente
2230 1950 2360 2006 Jesu

787 2036 949 2091 Petro
973 2050 1082 2091 tum
1118 2039 1404 2104 nescienti,
1426 2040 1517 2093 sed
1542 2043 1794 2110 agnituro
1821 2053 2005 2112 postea
2040 2045 2358 2114 mysterium

787 2129 1074 2184 lavationis
1101 2131 1294 2198 pedum
1327 2132 1418 2200 qui
1453 2147 1480 2183 a
1513 2130 1638 2186 Jesu
1674 2135 2005 2188 inundantur
2040 2154 2097 2190 τι
2130 2135 2242 2189 Nisi
2275 2135 2358 2188 la-

787 2237 916 2275 vero
943 2233 1012 2284 te,
1034 2238 1137 2276 non
1172 2222 1396 2276 habebis
1423 2232 1628 2290 partem
1655 2237 1862 2278 mecum
1885 2226 1962 2286 "',
1993 2245 2010 2276 ι
2037 2228 2175 2295 quod
2199 2241 2359 2294 quem

786 2327 1004 2366 sensum
1052 2313 1249 2367 habeat
1281 2315 1563 2382 inquires;
1613 2325 1868 2370 utrumne
1901 2317 2045 2372 ltuuc
2081 2335 2095 2372 :
2129 2317 2244 2371 Nisi
2277 2318 2356 2372 la-

784 2419 915 2458 vero
948 2415 1000 2460 te
1023 2446 1038 2471 ,
1095 2407 1292 2459 nullam
1333 2408 1558 2460 omnino
1597 2407 1790 2461 bonam
1822 2419 2032 2478 partem
2069 2411 2358 2464 habiturus

784 2513 882 2564 es;
933 2515 999 2551 an
1051 2498 1198 2551 illum
1231 2515 1245 2552 :
1277 2497 1355 2552 Ne
1386 2515 1596 2553 meeum
1629 2501 1848 2570 quidem
1902 2513 2235 2571 praeceptore
2294 2518 2358 2557 ac

784 2589 1016 2644 Domino
1068 2592 1352 2646 habiturus
1403 2607 1461 2646 es
1509 2603 1741 2660 partem,
1794 2595 1893 2648 nisi
1930 2604 1981 2648 te
2012 2596 2218 2659 lavero,
2262 2597 2356 2652 sed

784 2697 908 2738 eum
941 2700 1026 2738 me
1052 2684 1432 2747 inferioribus,
1469 2685 1611 2738 inter
1649 2701 1785 2754 quos
1832 2695 1960 2740 sunt
2008 2687 2043 2739 ii
2095 2689 2186 2755 qui
2237 2698 2358 2755 post

782 2775 1108 2843 baptismum
1149 2792 1246 2830 nec
1297 2786 1590 2830 crenarunt
1634 2793 1866 2843 mecum,
1910 2794 2010 2833 nec
2064 2782 2224 2848 pedes
2258 2782 2356 2834 ha-

783 2867 1015 2921 buerunt
1039 2883 1067 2920 a
1104 2883 1188 2922 me
1217 2869 1392 2935 lotos;
1433 2869 1516 2923 vel
1549 2870 1594 2924 si
1640 2881 1949 2933 ccenarunt,
1983 2887 2010 2924 a
2047 2887 2132 2926 me
2175 2883 2353 2928 tamen

784 2958 876 3012 loti
936 2977 1039 3013 non
1080 2959 1319 3017 fuerunt.
1370 2959 1503 3013 illud
1559 2971 1741 3016 autem
1794 2971 1923 3016 noto
1968 2975 2189 3033 propter
2239 2964 2356 3019 haec

778 3053 942 3106 verba
971 3066 986 3104 :
1023 3070 1041 3101 ι
1085 3052 1223 3107 Ecce
1268 3070 1368 3124 ego
1398 3065 1482 3110 sto
1512 3058 1578 3110 ad
1611 3058 1808 3110 ostium
1852 3066 1905 3109 et
1931 3056 2123 3125 pulso:
2158 3057 2202 3112 si
2235 3059 2356 3126 quis

2465 569 2559 623 τοῦ
2607 570 2874 642 σώματος’
2919 573 3176 628 ἀδύνατον
3213 576 3324 647 γὰρ
3351 571 3503 646 οἶμαι
3535 577 3701 648 μηδὲν
3726 580 4006 653 ῥυπωθήναι

2463 660 2562 729 τῆς
2593 659 2790 730 ψυχῆς,
2810 661 2946 732 μηδὲ
2972 663 3039 716 τὰ
3066 662 3373 726 τελευταῖα,
3407 664 3500 717 καὶ
3527 663 3595 716 τά
3623 665 3904 720 κατωτάτω
3923 671 4003 722 αό-

2464 753 2581 820 τῆς,
2619 752 2720 806 κᾶν
2748 753 2824 816 ὡς
2851 755 2908 805 ἐν
2939 755 3247 826 ἀνθρώποις
3286 756 3493 820 τέλειός
3521 773 3607 819 τις
3636 751 3769 810 εἶναι
3799 757 3933 831 δοκῇ.
3952 760 4004 816 Ol

2468 844 2565 914 μὲν
2600 840 2692 897 οῦν
2735 845 2919 900 πολλοὶ
2970 849 3064 902 καὶ
3120 848 3254 918 μετὰ
3286 849 3349 902 τὸ
3373 849 3593 920 λουτρὸν
3625 852 3888 921 κονιορτοῦ
3916 855 4003 907 τῶν

2462 937 2871 1009 ἁμαρτημάτων
2888 939 3214 1010 πληροῦνται
3239 943 3330 993 καὶ
3350 941 3450 1013 τὴν
3470 941 3778 1014 κεφαλὴν,ή
3801 942 3864 995 τά
3878 943 4002 1014 ὀλίγα

2466 1027 2599 1096 (81⁸)
2618 1027 2821 1100 ταύτης
2833 1031 3143 1101 κατωτέρωο
3162 1032 3210 1082 οί
3227 1031 3282 1084 δὲ
3302 1031 3540 1100 γνησίως
3558 1032 3635 1102 τῷ
3670 1031 3837 1103 Ἰησοῦ
3864 1034 4002 1104 μαθη-

2463 1120 2730 1188 τεύοντες,
2781 1121 2856 1185 ὡς
2905 1122 3106 1192 φθάσαι
3153 1123 3247 1178 καὶ¹
3276 1123 3372 1176 ἐπὶ
3407 1123 3469 1176 τὸ
3492 1123 3833 1182 ¹συνδειπνεῖν
3862 1126 3998 1196 αὐτῷ,

2467 1215 2658 1286 μόνους
2675 1216 2800 1279 τοὺς
2833 1216 2996 1280 πόδας
3021 1216 3304 1285 δεομένους
3326 1217 3509 1287 ἔχουσι
3553 1217 3653 1287 τῆς
3684 1217 3789 1270 ἀπὸ
3808 1216 3894 1270 τοῦ
3918 1219 4000 1271 Λό-

2462 1325 2559 1376 γου
2589 1307 2806 1376 νίψεως.
2843 1307 3074 1380 Ἐνορῶν
3101 1308 3158 1362 δὲ
3181 1308 3463 1380 διαφοραῖς
3491 1309 3911 1381 ἁμαρτημάτων,
3929 1313 4002 1364 καὶ

2463 1399 2740 1451 κατανοῶν
2769 1397 2855 1459 τά,
2881 1398 2956 1461 ὡς
2991 1400 3088 1469 μὲν
3133 1398 3268 1469 πρὸς
3298 1399 3360 1452 τὸ
3386 1400 3612 1471 ἀκριϐὲς
3655 1400 3750 1453 καὶ
3783 1400 3839 1453 τὸ
3860 1402 4001 1472 ἑῤῥω-

2466 1494 2623 1563 μένον
2652 1492 2745 1546 τοῦ
2779 1491 2958 1561 λόγου,
2992 1493 3208 1564 ἀμαρτή
3219 1509 3382 1562 ματα,
3412 1492 3549 1564 πρὸς
3572 1491 3631 1545 δὲ
3660 1494 3784 1555 τοὺς
3813 1491 4000 1556 πολλοὺς

2461 1587 2581 1638 οὐδὲ
2612 1585 2939 1656 νομιζόμενα
2991 1584 3104 1655 (89..)
3131 1580 3268 1638 εἶναι
3314 1586 3711 1656 ἁμαρτήματα,
3766 1583 3875 1653 ὄψει
3904 1585 4000 1638 τίνα

2462 1680 2630 1742 ἐστὶν,
2663 1681 2748 1748 ἐφ’
2778 1673 2858 1742 οἷς
2895 1678 3103 1732 δέονται
3126 1679 3175 1731 οί
3217 1677 3375 1741 πόδες
3406 1676 3501 1731 τοῦ
3531 1676 3784 1747 νίψασθαι
3805 1676 3901 1729 ἀπὸ
3925 1675 3999 1728 τοῦ

2477 1772 2668 1844 Ἰησοῦ,
2704 1772 2813 1824 Καὶ
2843 1771 3002 1841 εἴπερ
3029 1771 3250 1824 τοιαῦτά
3277 1772 3395 1824 ἐστι
3436 1770 3506 1823 τὰ
3533 1771 3677 1824 κατά
3701 1771 3823 1832 τοὺς
3865 1769 3999 1830 πόδας

2468 1862 2805 1933 μολύσματα,
2856 1861 2909 1913 τί
2939 1861 3236 1932 ποιήσομεν
3264 1861 3313 1913 οἱ
3349 1859 3616 1931 μηδέποτε
3669 1858 3760 1911 ἐπὶ
3788 1857 3846 1910 τὸ
3891 1856 4002 1928 μετὰ

2463 1953 2554 2005 τοῦ
2591 1953 2762 2023 Ἰησοῦ
2804 1953 3019 2006 δεῖπνον
3056 1952 3374 2022 ἐφθακὸτες,
3415 1951 3548 2022 μηδὲ
3586 1951 3713 2013 τοὺς
3742 1949 3893 2012 πόδας

2462 2060 2582 2106 νοῦς
2638 2043 3064 2114 μεμολυσμένοι,
3103 2043 3355 2111 λέγοντος
3416 2039 3590 2111 Ἰησοῦ
3633 2039 3712 2110 τῷ
3761 2039 3832 2109 μὴ
3870 2037 4002 2091 εἰδότι

2460 2136 2580 2188 τότε
2605 2136 2814 2205 Πέτρῳ,
2845 2134 2980 2188 ἀλλά
3003 2134 3330 2204 γνωσομένῳ
3365 2132 3505 2204 μετά
3530 2131 3708 2187 ταῦτα
3736 2131 3792 2184 τὺ
3828 2131 4002 2200 μυστή-

2464 2245 2575 2299 ριον
2604 2228 2703 2297 τῆς
2721 2227 2918 2297 νίψεως
2937 2227 3043 2281 τῶν
3063 2227 3167 2280 ὑπὸ
3203 2226 3377 2296 Ἰησοῦ
3395 2224 3838 2296 καθαριζομένων
3861 2223 4003 2275 ποδῶν

2459 2319 2538 2383 τὺ,
2577 2339 2595 2369 ι
2637 2319 2763 2374 Ἐὰν
2792 2321 2865 2391 μὴ
2895 2319 3032 2390 νίψω
3057 2336 3136 2382 σε,
3165 2320 3263 2372 οὐκ
3290 2319 3433 2390 ἔχεις
3461 2318 3626 2389 μέρος
3662 2319 3778 2388 μετ’
3809 2315 3956 2386 spe};
3983 2333 3998 2365 ι

2459 2415 2594 2485 ὅπερ
2622 2412 2878 2485 ζητήσεις
2902 2413 2954 2466 τί
2977 2413 3142 2478 δηλοῖ’
3183 2413 3431 2483 πότερον,
3471 2414 3574 2475 ὅτι,
3593 2415 3716 2467 Οὐδ’
3733 2413 3859 2472 ὅλως
3887 2409 4004 2479 ἔχεις

2464 2509 2646 2579 μέρος,
2680 2507 2774 2560 ἐὰν
2804 2507 2877 2578 μὴ
2908 2506 3046 2576 νίψω
3077 2523 3157 2570 σε,
3194 2505 3416 2575 ἀγαθὸν,
3437 2506 3493 2576 ή·
3522 2504 3598 2557 Οὐ
3628 2502 3746 2574 μετ’
3773 2500 3895 2572 ἐμοῦ

2459 2599 2549 2653 τοῦ
2582 2599 2898 2652 διδασκάλου
2934 2599 3026 2652 καὶ
3065 2599 3291 2670 Κυρίου,
3333 2597 3470 2669 μετά
3509 2595 3619 2650 τῶν
3666 2591 4006 2648 ὲλαττόνωνδέ

2462 2708 2585 2762 μου,
2615 2693 2670 2744 ὲν
2699 2686 2780 2755 οἷς
2812 2692 2949 2744 εἰσιν
2973 2692 3023 2743 οί
3076 2690 3210 2762 μετά
3242 2691 3302 2743 τὸ
3340 2687 3634 2742 λούσασθαι
3660 2686 3796 2757 μήτε
3827 2684 4008 2754 δειπνῇ-

2461 2799 2651 2846 σαντες
2673 2783 2733 2836 τὸ
2760 2785 2875 2854 μετ’
2907 2781 3041 2853 ἐμοῦ
3069 2781 3300 2845 δεῖπνον,
3327 2783 3463 2852 μήτε
3483 2779 3769 2850 νιψάμενοι
3789 2777 3873 2830 ὑπ’
3897 2773 4006 2845 ἐμοῦ

2456 2873 2582 2937 τοὺς
2631 2873 2816 2938 πόδας,
2863 2873 2897 2942 ἢ
2928 2872 3315 2941 δειπνήσαντες
3363 2869 3481 2940 μὲν.
3530 2869 3594 2922 ού
3642 2867 3912 2938 νιψάμενοι
3943 2862 4006 2917 δέ.

2473 2964 2614 3034 Ἐγὼ
2656 2966 2916 3037 ἐφίστημι
2949 2963 3038 3017 διὰ
3067 2963 3145 3015 τό·
3202 2981 3220 3014 ι
3261 2962 3391 3015 Ἰδοὺ
3420 2960 3530 3030 ἐγὼ
3576 2960 3785 3031 ἕστηκα
3812 2957 3896 3011 ἐπὶ
3930 2956 4010 3024 τὴν

2459 3056 2651 3129 θύραν,
2682 3057 2774 3110 καὶ
2805 3055 3002 3129 κρούων
3033 3056 3128 3109 ἐάν
3155 3073 3237 3117 τις
3257 3054 3444 3126 ἀνοίξῃ
3476 3070 3564 3125 μοι
3591 3051 3690 3124 τὴν
3720 3050 3898 3122 θύραν,
3919 3049 4012 3100 είσ·

780 3145 909 3197 :nihi
945 3145 1461 3212 aperueritostium.
1496 3149 1774 3217 ingrediar
1808 3149 1873 3201 ad
1907 3165 2053 3212 eum,
2084 3159 2138 3203 et
2165 3164 2355 3203 omna-

2463 3149 2747 3220 ελεύσομαι
2789 3149 2922 3218 πρὸς
2951 3147 3136 3208 αὐτὸν,
3162 3147 3255 3199 καὶ
3283 3145 3557 3216 δειπνήσω
3596 3141 3713 3212 μετ’
3736 3136 3912 3202 αὺτοῦ,
3934 3135 4012 3188 καὶ

779 3238 849 3292 bo
869 3255 989 3291 eum
1021 3255 1106 3302 eo,
1141 3247 1194 3292 et
1228 3239 1576 3309 ipsemecum
1611 3242 1656 3273 ³⁸
1683 3258 1698 3307 ;
1739 3260 1757 3292 ι
1787 3257 1853 3295 ne
1888 3241 2026 3296 forte
2050 3240 2205 3296 Jesus
2234 3259 2355 3297 cum

782 3331 891 3384 ullo
923 3349 1029 3385 non
1061 3335 1323 3402 prandeat
1351 3353 1365 3396 ;
1397 3350 1573 3404 neque
1599 3336 1742 3389 enim
1772 3347 1894 3406 eget
1930 3337 2358 3404 illll'OtlllCliOllC,

781 3434 836 3478 et
873 3425 1062 3492 primis
1093 3427 1416 3495 disciplinis,
1441 3442 1617 3496 neque
1647 3431 1875 3494 prandet
1905 3429 2103 3499 aliquis
2128 3446 2248 3484 cum
2273 3446 2358 3496 eo,

781 3517 876 3569 sed
924 3517 1015 3584 qui
1071 3533 1192 3570 cum
1246 3518 1336 3572 illo
1387 3520 1621 3572 comedit
1659 3528 1869 3573 tantum
1905 3530 2088 3575 ctenat
2122 3536 2138 3576 :
2179 3542 2198 3574 ι
2232 3523 2361 3578 Plus

784 3623 946 3677 quam
980 3627 998 3658 ι
1039 3610 1181 3662 enim
1220 3630 1237 3661 ι
1270 3608 1559 3675 Salomon,
1601 3631 1621 3663 ι
1658 3613 1833 3679 inquit
1864 3613 1928 3679 ³³,
1977 3632 1996 3664 ι
2035 3614 2137 3668 hoc
2180 3616 2232 3668 in
2279 3616 2361 3669 lo-

785 3715 876 3764 co,
928 3720 948 3753 ι
997 3700 1063 3756 de
1092 3718 1200 3772 quo
1251 3706 1512 3772 scriptum
1562 3715 1691 3758 est:
1729 3723 1748 3756 ι
1787 3705 1854 3759 Ει
1903 3715 2024 3760 erat
2074 3709 2359 3776 prandium

785 3791 1093 3846 Salomonis
1134 3814 1152 3845 ι
1190 3795 1312 3859 hoc,
1345 3797 1485 3864 quod
1519 3797 1569 3849 in
1601 3796 1806 3862 Regum
1838 3799 2000 3853 tertio
2031 3801 2358 3855 recensitum

783 3896 866 3938 est
894 3884 958 3938 ³⁸.
983 3887 1169 3940 Ausim
1192 3890 1356 3942 etiam
1394 3891 1493 3944 hoc
1527 3890 1708 3943 dicere
1740 3901 1998 3960 tanquam
2024 3906 2361 3963 consequens

783 3974 909 4029 huic
937 3977 1084 4031 dicto
1120 3995 1134 4031 :
1173 3996 1193 4028 ι
1235 3977 1348 4032 Nisi
1392 3978 1579 4034 lavero
1613 3992 1663 4034 te
1693 4021 1708 4042 ,
1744 3997 1848 4034 non
1884 3982 2113 4036 habebis
2146 3994 2360 4053 partem

784 4080 993 4120 mecum
1025 4107 1040 4130 ,
1088 4087 1108 4120 ι
1157 4067 1340 4124 Jesum
1385 4069 1520 4124 Juda
1568 4073 1735 4139 pedes
1793 4089 1898 4127 non
1952 4075 2151 4128 lavisse
2197 4093 2212 4129 :
2272 4077 2358 4130 ni-

783 4160 979 4212 mirum
1004 4161 1146 4228 quod
1173 4162 1244 4214 illi
1283 4163 1393 4230 jam
1426 4164 1676 4218 diabolus
1719 4165 2039 4220 immisisset
2076 4167 2129 4219 in
2161 4182 2277 4231 cor,
2305 4179 2364 4222 ut

784 4247 964 4304 iesum
994 4253 1232 4306 traderet
1257 4263 1642 4323 prmeeptorem
1675 4266 1730 4310 et
1767 4256 2088 4322 Dominum,
2122 4273 2244 4313 cum
2278 4261 2363 4313 in-

784 4344 1020 4396 Venisset
1044 4360 1165 4397 eum
1191 4361 1294 4398 non
1333 4346 1577 4400 indutum
1620 4362 1837 4402 omnem
1877 4349 1973 4403 Dei
2003 4362 2360 4414 armaturam,

787 4449 884 4488 nec
906 4436 1189 4488 habentem
1211 4435 1330 4489 lidei
1350 4447 1586 4500 scutum,
1603 4453 1710 4508 quo
1727 4439 2002 4508 valetquis
2025 4455 2214 4494 omnes
2233 4441 2355 4494 mali

2461 3245 2624 3308 αὐτὸς
2647 3246 2759 3314 μετ’
2787 3241 2943 3313 ἐμοῦο
2979 3261 2998 3292 ι
3046 3243 3252 3312 μήποτε
3286 3241 3314 3292 ό
3353 3239 3557 3307 Ἰησοῦς
3577 3234 3702 3289 οὔτε
3735 3233 3916 3304 ἀριστᾷ
3936 3246 4013 3299 με·

2461 3338 2530 3390 τά
2555 3354 2699 3399 τινος
2733 3336 2812 3403 (ού
2839 3335 2946 3405 γὰρ
2970 3333 3139 3385 δεῖται
3164 3331 3470 3400 εἰσαγωγῆς
3500 3327 3594 3381 καὶ
3623 3326 3850 3397 πρώτων
3870 3322 4013 3390 μαθη-

2467 3432 2697 3503 μάτων),
2733 3429 2857 3480 οῦτε
2888 3428 3084 3498 ἀριστᾷ
3109 3443 3192 3489 τις
3225 3423 3344 3495 μετ’
3376 3421 3563 3485 αὑτοῦ,
3591 3421 3706 3474 ἀλλ’
3738 3421 3766 3472 ὁ
3800 3419 3906 3490 μετ’
3933 3415 4013 3470 οὗ·

2460 3523 2554 3578 τοῦ
2581 3521 2776 3574 ἐσθίων
2791 3520 2997 3572 δειπνεῖ
3012 3518 3189 3586 μόνον·
3218 3535 3236 3568 ι
3257 3516 3443 3568 Πλεῖον
3463 3533 3481 3564 ι
3505 3513 3635 3583 γὰρ,
3658 3513 3813 3584 φησὶ,
3836 3529 3852 3561 ι
3876 3508 4009 3561 Σολο-

2467 3617 2672 3688 μῶντος
2716 3607 2839 3676 ὦδε,
2875 3631 2894 3664 ι
2932 3607 3054 3684 περὶ
3082 3605 3142 3666 οὗ
3181 3610 3510 3680 γέγραπται’
3550 3625 3569 3657 ε
3606 3606 3720 3660 Καὶ
3740 3600 3807 3677 ἦν
3831 3603 3884 3655 τὸ
3911 3603 4013 3671 ἄρι-

2465 3725 2588 3761 στον
2618 3705 2865 3777 Σολομῶν
2898 3723 2915 3756 ι
2950 3703 3090 3766 τόδε,
3121 3703 3149 3756 δ
3183 3701 3521 3755 κατείλεκται
3555 3701 3613 3752 ὲν
3639 3701 3708 3769 τῇ
3732 3696 3883 3769 τρίτῃ
3923 3693 4014 3744 τῶν

2463 3799 2778 3854 Βασιλειῶν.
2818 3799 2929 3852 Καὶ
2961 3797 3120 3849 τοῦτο
3150 3795 3208 3848 δὲ
3252 3793 3530 3864 τολμήσας
3585 3791 3791 3861 εἴποιμ’
3836 3789 3912 3851 ἂν,
3953 3786 4012 3847 ὡς

2463 3894 2760 3948 ἀκόλουθον
2787 3891 2886 3962 τῷ,
2931 3909 2950 3942 ε
2994 3889 3120 3942 Ἐὰν
3161 3889 3236 3959 μὴ
3270 3887 3408 3956 νίψω
3434 3902 3515 3947 σε,
3556 3885 3659 3938 οὐκ
3694 3884 3834 3954 ἔχεις
3874 3880 4012 3951 μέρος

2467 3990 2582 4059 μετ’
2613 3985 2768 4057 ἐμοῦ,
2797 4004 2816 4036 ι
2855 3986 2935 4037 ὃτι
2960 3983 3060 4036 οὐκ
3087 3981 3234 4049 ἐνιψε
3254 3980 3380 4044 τοὺς
3398 3978 3564 4042 πόδας
3584 3977 3681 4031 τοῦ
3725 3976 3903 4037 Ἰούδα,
3929 3971 4012 4042 ήδη

2463 4084 2542 4144 εἰς
2575 4081 2674 4151 τὴν
2700 4077 2926 4149 καρδίαν
2944 4074 3194 4145 βεϐλήκει
3219 4073 3247 4124 ὁ
3273 4071 3516 4133 διάϐολος
3557 4070 3645 4122 ἵνα
3674 4069 3768 4122 τὸν
3802 4065 4016 4118 διδάσκα-

2462 4171 2552 4224 λον
2595 4171 2690 4224 καὶ
2712 4169 2916 4241 Κύριον
2951 4164 3196 4238 παραδῷ,
3228 4162 3401 4234 εὑρὼν
3435 4161 3597 4215 αὑτὸν
3628 4161 3730 4213 οὐκ
3762 4153 4012 4224 ὲνδεδυμὲ·

2462 4283 2550 4317 νον
2570 4265 2669 4335 τὴν
2695 4261 2992 4316 πανοπλίαν
3015 4257 3109 4312 τοῦ
3164 4256 3321 4320 Θεοῦ,
3349 4255 3442 4308 καὶ
3469 4255 3570 4307 οὐκ
3595 4253 3787 4324 ἔχοντα
3825 4249 3906 4303 τὸν
3932 4247 4014 4344 τῆς

2464 4357 2698 4417 πίστεως
2739 4351 2952 4423 θυρεὸν,
3004 4342 3049 4416 ᾧ
3081 4347 3301 4402 δύναταί
3343 4363 3426 4407 τις
3470 4344 3648 4398 πάντα
3682 4341 3752 4396 τὰ
3781 4339 3897 4411 βέλη
3936 4339 4012 4388 τοῦ

2466 4445 2701 4516 πονηροῦ
2729 4443 2798 4497 τὰ
2847 4442 3220 4514 πεπυρωμένα
3253 4439 3458 4492 σϐέσαιο
3507 4434 3885 4508 γεγραμμένου
3923 4429 4014 4500 γὰρ

786 4523 931 4580 illius
979 4528 1203 4595 sagittas
1254 4529 1456 4599 ignitas
1502 4530 1851 4600 exstinguere
1910 4531 2037 4571 ³⁸-³⁶
2069 4549 2082 4586 :
2119 4533 2359 4602 intelligo

2463 4510 2637 4599 τοῦ,“‹
2680 4533 2788 4587 Τοῦ
2847 4510 3095 4588 διαϐόλου
3137 4533 3236 4602 ήδη
3289 4529 3631 4600 βεϐληκότος,
3672 4547 3692 4578 ι
3725 4524 3916 4588 ἀκούω,
3956 4521 4015 4581 ὡς

785 4617 931 4669 enim
961 4615 1062 4670 hoc
1093 4619 1233 4685 quod
1265 4620 1526 4688 scriptum
1557 4627 1641 4673 est
1668 4636 1683 4673 :
1722 4638 1741 4671 ι
1772 4620 1908 4674 Cum
1953 4619 2064 4688 jam
2115 4621 2362 4678 diabolus

786 4708 1103 4764 immisisset
1139 4710 1208 4774 ³⁷,
1249 4729 1268 4764 ι
1306 4712 1448 4766 sicut
1488 4712 1651 4765 etiam
1683 4711 1966 4779 Scriptura
1998 4713 2100 4766 hac
2132 4712 2198 4766 de
2231 4730 2287 4766 re
2312 4714 2364 4766 in

785 4801 1016 4870 septimo
1048 4802 1258 4871 psalmo
1310 4801 1488 4867 docet,
1531 4804 1789 4858 nimirum
1837 4803 2067 4859 feriente
2113 4806 2363 4872 diabolo,

785 4894 875 4961 qui
928 4895 1091 4949 veluti
1143 4897 1460 4962 sagittarius
1505 4898 1740 4965 sagittas
1792 4897 1992 4965 ignitas
2027 4897 2266 4953 confecit
2299 4899 2365 4952 iis

786 4985 877 5053 qui
925 4988 1069 5040 omni
1104 4989 1348 5042 custodia
1385 5004 1481 5042 cor
1505 5005 1660 5042 suum
1693 5005 1799 5043 non
1838 5000 2082 5044 servant.
2113 4991 2211 5045 Est
2259 5007 2361 5044 au-

787 5087 894 5130 tem
927 5078 1119 5146 psalmi
1146 5091 1432 5135 contextus
1465 5081 1584 5135 talis
1622 5081 1667 5112 ⁸⁸
1703 5100 1716 5135 :
1760 5101 1778 5133 ι
1817 5080 1928 5134 Nisi
1958 5085 2204 5137 conversi
2242 5083 2361 5138 fne-

789 5167 928 5228 ritis,
959 5167 1192 5235 gladium
1233 5187 1386 5225 suum
1422 5172 1674 5235 vibrabit,
1707 5188 1895 5226 arcum
1925 5189 2079 5226 suum
2113 5177 2361 5242 tetendit,

787 5268 842 5312 et
873 5261 1082 5326 paravit
1113 5261 1272 5332 407
1309 5265 1483 5327 illum,
1520 5275 1576 5318 et
1615 5265 1667 5317 in
1697 5281 1764 5319 eo
1799 5266 2008 5334 paravit
2041 5281 2165 5318 vasa
2213 5283 2364 5321 mor-

791 5351 885 5415 tis,
924 5351 1154 5419 sagittas
1187 5371 1314 5409 suas
1362 5356 1677 5410 ardentibus
1704 5356 1906 5410 ellecit.
1946 5357 2082 5410 Ecce
2107 5361 2364 5426 parturiit

862 5512 904 5545 ³¹
937 5513 1223 5575 Joan.xnt,
1255 5517 1307 5570 8.

1397 5519 1439 5552 ⁸¹
1465 5519 1627 5588 Apoc.
1669 5537 1749 5582 In,
1781 5522 1873 5576 ‘20.

792 5581 884 5650 ll,
939 5586 1026 5638 l6.

1123 5586 1164 5616 ³⁷
1195 5585 1348 5641 Joau.
1375 5585 1584 5655 Min—2.
1679 5591 1721 5622 ³⁸
1746 5591 1891 5646 Psal.
1933 5593 2126 5658 vu,l5,

870 5727 1005 5798 (δί’)
1046 5726 1271 5798 Ὀλίγῳ
1294 5726 1452 5798 Forte
1480 5728 1762 5798 legendum
1793 5730 1975 5798 ὀλίγῳ.

873 5785 1278 5867 (ὃὲίηρίςδβὲ
1320 5796 1459 5863 τοὺς
1501 5785 1768 5864 πνολλοὺς
1807 5785 1948 5854 οὐδὲ
1997 5799 2362 5869 νομιζὶἔμειη.

1953 5521 1998 5552 ³³
2032 5522 2222 5594 Matth.
2253 5543 2349 5591 xu,
2387 5528 2488 5594 δὴ
2528 5526 2661 5580 Luc.
2689 5541 2763 5588 XI,
2793 5523 2883 5576 '5l.

2466 4629 2560 4683 καὶ
2596 4629 2654 4680 ὲν
2684 4627 2894 4697 ἑϐδόμῳ
2921 4624 3120 4696 ψαλμῷ
3152 4625 3247 4693 τῆς
3287 4620 3507 4694 Γραφῆς
3534 4619 3666 4688 περὶ
3688 4617 3871 4671 τούτου
3895 4613 4005 4666 διδα·

2469 4719 2724 4790 σκούσης,
2758 4719 2834 4781 ὡς
2861 4718 3099 4782 τοξότου,
3127 4716 3220 4769 καὶ
3260 4714 3386 4785 βέλη
3421 4711 3795 4784 πεπυρωμένα
3817 4707 4014 4775 ἐξεργα-

2469 4812 2694 4883 ζομένου
2711 4814 2823 4874 τοῖς
2844 4810 2917 4881 μὴ
2940 4810 3088 4882 πάσῃ
3104 4808 3315 4878 φυλακῇ
3337 4804 3563 4876 τηροῦσι
3579 4804 3679 4875 τὴν
3696 4801 3894 4856 ἑαυτῶν
3908 4813 4014 4864 καρ-

2466 4905 2604 4958 δίαν.
2635 4905 2785 4975 Ἔχει
2819 4903 2875 4955 δὲ
2902 4901 3129 4972 οῦτωςή
3163 4898 3256 4952 τοῦ
3286 4894 3501 4966 ψαλμοῦ
3541 4894 3707 4961 λέξις·
3751 4912 3769 4945 ι
3819 4891 3932 4944 Ἐάν
3958 4885 4014 4957 μί’

2471 4996 2864 5066 ὲπιστραφῆτε,
2894 4992 2992 5063 τὴν
3019 4990 3292 5062 ῥομφαίαν
3309 4986 3471 5040 αὐτοῦ
3499 4986 3804 5048 στιλϐώσει,
3823 4981 4014 5046 τδτόξον

2463 5087 2629 5141 αὐτοῦ
2654 5087 2904 5149 ἐνέτεινε,
2933 5085 3026 5137 καὶ
3051 5082 3344 5154 ἡτοίμασεν
3369 5079 3520 5144 αὐτὸ,
3548 5079 3642 5132 καὶ
3658 5079 3716 5132 έν
3737 5075 3877 5145 αὐτῷ
3901 5071 4007 5143 ήτοί·

2466 5196 2605 5248 μασε
2643 5177 2809 5248 σκεύη
2855 5177 3107 5239 θανάτου,
3135 5173 3203 5226 τά
3239 5173 3368 5244 βέλη
3407 5169 3573 5224 αὑτοῦ
3602 5173 3715 5230 τοῖς
3741 5164 4014 5236 καιομένοις

2463 5271 2840 5343 ἐξειργάσατο.
2877 5269 3009 5322 Ἰδοὺ
3033 5266 3293 5337 ὡδίνησεν
3311 5261 3545 5326 ἀδικίαν,
3580 5259 3834 5314 συνέλαϐε
3863 5257 4015 5310 πόνον-

2465 5365 2558 5416 xui.
2601 5363 2784 5416 ἔτεκεν
2831 5361 3080 5432 ἀνομίαν.
3125 5377 3143 5410 ι
3190 5357 3305 5420 Πᾶς
3339 5356 3436 5427 μὲν
3463 5349 3556 5408 οὖν
3594 5351 3910 5422 ὁμολογήσει
3954 5343 4014 5395 τό·

2959 5521 3004 5552 ³⁵
3033 5518 3099 5574 111
3132 5519 3266 5589 Reg.
3292 5531 3363 5582 tv,
3417 5515 3512 5570 ‘22.
3592 5513 3717 5554 ³⁸-³⁶
3743 5510 3928 5581 Eplies.
3961 5517 4013 5554 τί.

2472 5728 2548 5782 lta
2588 5729 2734 5782 hunc
2781 5729 2976 5797 locum"
3009 5727 3062 5779 in
3110 5725 3294 5797 codice
3343 5722 3500 5797 Regio
3538 5723 3788 5779 mutilum
3825 5714 4014 5777 sanitati

2477 5799 2712 5854 restituit
2751 5799 2919 5854 codex
2958 5795 3301 5852 Bodleianus.
