3804 6528
92 437 191 491 ’ἷίδ

1083 422 1439 483 COMMENT.
1478 421 1543 478 IN
1582 419 1777 480 JOAN.
1819 417 2056 478 TOMCS
2096 416 2314 479 XXXII.

3232 425 3336 483 πο

91 550 109 581 ι
152 530 283 584 Ἰδοὺ
310 526 574 598 ὼδίνησεν
601 524 835 588 ἀδικίαν,
861 522 1117 578 συνέλαϐε
1145 523 1325 586 πόνον,
1355 521 1449 573 καὶ
1477 519 1662 572 ἔτεκεν

1771 517 2107 589 iniustitiam,
2135 515 2385 587 concepit
2418 514 2684 583 laborem,
2718 524 2774 573 et
2817 518 3029 589 peperit
3074 520 3334 592 iniquita-

86 620 327 691 ἀνομίαν,
381 638 402 671 ι
435 618 692 673 δύνασθαι
737 615 1105 687 ἀναφέρεσθαι
1140 616 1233 669 ἐπὶ
1264 614 1354 668 τὸν
1392 611 1657 666 διάϐολον·

87 709 279 763 ἄτοπον
306 708 362 761 δὲ
406 707 481 778 μὴ
507 706 707 777 ὁμοίως
734 704 907 775 τούτῳ
934 703 1030 756 καὶ
1060 700 1200 755 αὺτά
1234 701 1472 772 νομίζειν
1507 698 1662 769 λέγε-

88 799 223 853 σθαι·
255 818 275 849 ι
331 798 456 855 Ἐὰν
493 798 566 870 μὴ
609 796 1000 868 ὲπιστραφῆτε,
1044 793 1141 865 τὴν
1192 793 1465 865 ῥομφαίαν
1499 793 1662 846 αὐτοῦ

88 890 389 953 στιλϐὡσει,
443 890 507 944 τὸ
558 890 711 956 τόξον
744 886 911 944 αὑτοῦ
955 887 1204 951 ἐνέτεινε,
1245 887 1339 940 καὶ
1372 886 1664 957 ἡτοίμασεν

88 984 231 1047 αὐτὸ,
276 984 369 1037 καὶ
402 983 460 1035 tv
486 980 635 1052 αὑτῷ
659 980 922 1052 ἡτοίμασε
962 978 1128 1050 σκεύη
1160 977 1407 1031 θανάτου·
1444 996 1462 1028 ι
1499 980 1664 1048 σκεύη

86 1075 187 1145 γὰρ
214 1073 446 1128 θανάτου
479 1070 655 1135 ἄλλως
688 1069 864 1132 οὐδεὶς
888 1069 946 1121 tv
991 1066 1070 1138 τῷ
1108 1065 1245 1138 τόξῳ
1279 1062 1471 1120 ἑαυτοῦ
1504 1059 1549 1134 ᾧ
1577 1067 1663 1120 tv-

87 1164 282 1220 έτεινεν
312 1162 626 1234 ἡτοίμασεν,
680 1160 714 1231 ἢ
749 1151 810 1213 οὖ
841 1157 920 1229 τῷ
961 1158 1138 1229 φθόνῳ
1170 1156 1397 1220 θάνατος
1422 1156 1665 1227 εἰσῆλθεν

88 1257 162 1318 είς
185 1255 276 1309 τὸν
304 1253 529 1325 κόσμον.
568 1251 700 1305 Ἀπὸ
735 1249 940 1304 τούτων
962 1248 1139 1303 τοίνυν
1161 1248 1270 1301 τῶν
1299 1247 1467 1317 βελῶν
1490 1247 1526 1301 ἃ
1554 1249 1666 1310 τοῖς

87 1345 390 1416 καιομένοις
415 1341 768 1415 ἐξειργάσατο
800 1342 829 1394 6
870 1338 1143 1403 διάϐολος,
1176 1338 1424 1393 ἐνέϐαλεν
1452 1338 1531 1400 εἰς
1565 1337 1664 1408 τὴν

87 1440 305 1511 καρδίαν
339 1437 511 1492 Ἰούδα
547 1437 789 1508 Σίμωνος
830 1431 1196 1506 Ἰσκαριώτου,
1226 1426 1287 1486 οὗ
1317 1431 1417 1503 ήδη
1442 1429 1552 1501 (85)
1579 1430 1666 1500 βε-

87 1532 346 1603 ϐλημένου
379 1532 438 1585 tv
461 1528 538 1600 τῷ
571 1528 772 1598 δείπνῳ
819 1525 1013 1589 οὕτως,
1056 1523 1197 1577 ὥστε
1219 1523 1275 1577 δὲ
1308 1523 1402 1575 καὶ
1433 1522 1663 1594 ἀρέσκε-

90 1625 201 1678 σθαι
227 1622 397 1694 αὐτῷ·
427 1621 655 1692 ἐπείπερ
684 1622 717 1691 ή
741 1617 834 1672 τοῦ
869 1617 1086 1671 δείπνου
1122 1615 1313 1669 τούτου
1345 1615 1537 1686 τροφὴ,
1572 1614 1665 1668 καὶ

87 1717 114 1768 6
144 1710 284 1778 οἶνος
326 1716 356 1768 6
402 1716 459 1769 tv
486 1712 654 1783 αὐτῷ,
703 1710 805 1765 οὐκ
842 1709 1065 1763 ἐδύνατο
1097 1706 1349 1778 γενέσθαι
1380 1707 1437 1760 ὲν
1472 1705 1666 1777 καρδίᾳ

90 1805 185 1859 ὑπὸ
201 1803 300 1858 τοῦ
330 1803 577 1859 διαϐόλου
603 1800 908 1873 βεϐλημένῃ
936 1798 1081 1869 βέλει
1102 1797 1213 1868 (84)
1244 1797 1372 1870 περὶ
1401 1795 1496 1851 τοῦ
1528 1812 1662 1868 προ-

87 1896 299 1966 δοθῆναι
328 1896 419 1950 τὸν
446 1895 586 1964 τάχα
626 1892 935 1963 ἑστιάτορα·
970 1889 1092 1944 ἐπεὶ
1120 1888 1195 1961 μὴ
1232 1887 1419 1960 σαφῶς
1451 1889 1509 1942 ὲν
1538 1886 1662 1941 τού-
1696 1873 1737 1927 Β

88 2005 191 2052 τοις
222 1988 479 2057 φαίνεται
519 1987 602 2050 τίς
624 1980 713 2057 ἦν,
750 1984 839 2053 ὑφ’
879 1976 940 2035 οὗ
972 1982 1033 2035 τὸ
1076 1981 1289 2036 δεῖπνον
1321 1980 1547 2049 ἐγίνετο,
1590 1979 1664 2045 ὡς

91 2081 273 2142 ἐντοῖς
319 2077 425 2149 πρὸ
465 2075 689 2140 τούτων,
730 2095 747 2127 ι
813 2073 1127 2146 Ἐποίησαν,
1170 2072 1354 2143 φησὶν,
1387 2069 1535 2140 αὐτῷ
1559 2070 1664 2122 δεί-

90 2188 212 2223 πνον
239 2170 383 2234 ἐκεῖ,
427 2169 521 2222 καὶ
548 2170 582 2241 ή
608 2166 809 2238 Μάρθα
855 2165 1113 2238 διηκόνει,
1141 2164 1235 2218 καὶ
1258 2165 1287 2215 6
1316 2160 1563 2233 Λάζαρος
1586 2154 1665 2224 εἷς

89 2257 149 2332 ἦν
172 2263 236 2319 ὲκ
275 2260 389 2313 τῶν
425 2258 797 2330 ἀνακειμένων
845 2258 941 2313 σὺν
985 2256 1154 2328 αὐτῷ.
1209 2276 1229 2308 ›
1276 2256 1397 2309 Ἐπὶ
1438 2256 1535 2326 μὲν
1572 2249 1664 2309 οὖν

90 2351 175 2406 τοῦ
214 2351 390 2406 Ἰούδα
417 2352 722 2423 γέγραπται
748 2350 829 2403 τό·
871 2369 889 2400 ι
924 2347 1031 2404 Τοῦ
1071 2347 1314 2403 διαϐόλου
1340 2346 1442 2418 ήδη
1474 2345 1668 2416 βεϐλη-

92 2446 238 2508 κότος
267 2444 351 2507 είς
380 2443 478 2519 τὴν
511 2442 758 2513 καρδίαν,
788 2441 875 2495 ἵνα
903 2438 1127 2513 παραδῷ
1147 2439 1308 2493 αὐτὸν
1353 2437 1553 2501 Ἰούδας
1577 2437 1665 2489 Σί-

96 2553 263 2606 μωνος
298 2533 673 2608 Ἰσκαριώτης·
706 2555 726 2588 ι
762 2534 936 2604 τούτῳ
968 2532 1023 2585 δὲ
1048 2530 1353 2593 ἀκολούθως
1381 2530 1559 2599 λέγοις
1598 2531 1664 2585 ἂν

96 2629 212 2698 περὶ
240 2626 477 2680 ἑκάστου
513 2624 618 2678 τῶν
664 2624 771 2678 ὑπὸ
802 2621 894 2677 τοῦ
930 2620 1173 2674 διαϐόλου
1203 2621 1282 2683 είς
1315 2622 1414 2691 τὴν
1438 2618 1665 2691 καρδίαν

94 2716 457 2787 τετρωμένων·
507 2714 600 2769 τοῦ
648 2712 890 2768 διαϐόλου
938 2712 1038 2784 ήδη
1088 2710 1407 2781 βεϐληκότος
1440 2712 1519 2773 είς
1564 2710 1663 2784 τὴν

94 2807 335 2878 καρδίαν,
365 2807 452 2858 ἵνα
478 2803 752 2876 πορνεύσῃ
781 2801 876 2857 τοῦ
906 2801 1072 2864 δεῖνα,
1102 2801 1196 2855 καὶ
1214 2800 1299 2854 ἴνα
1314 2800 1664 2872 ἀποστερήσῃ

96 2896 177 2950 τοῦ
218 2898 393 2963 δεῖνα,
423 2899 518 2951 καὶ
564 2897 652 2950 ἵνα
683 2892 992 2966 δοξομανῶν
1019 2890 1454 2961 είδωλολατρείαν
1479 2891 1669 2944 ἀναδέ-

96 2989 239 3061 ξηται
282 2988 385 3060 τὴν
434 2988 541 3041 τῶν
566 2987 865 3041 δοκούντων
918 2981 1055 3039 εἶναι
1103 2982 1190 3035 ἐπ’
1223 2981 1527 3053 ἀξιώματος
1573 2980 1665 3034 τοῦ

97 3079 248 3133 δεῖνα·
271 3082 370 3135 καὶ
390 3078 562 3142 οὕτως
586 3079 678 3132 ἐπὶ
702 3077 809 3131 τῶν
836 3075 1036 3130 λοιπῶν
1065 3072 1497 3145 ἁμαρτημάτων,
1522 3073 1667 3143 άπερ

97 3175 121 3225 ὁ
146 3172 384 3237 διάϐολος
413 3170 593 3242 βάλλει
617 3172 695 3234 είς
730 3170 828 3240 τὴν
854 3167 1065 3241 γυμνὴν
1090 3165 1183 3220 τοῦ
1225 3164 1417 3238 θυρεοῦ
1447 3166 1545 3237 τῆς
1573 3166 1665 3217 πί-

102 3284 255 3331 στεως
283 3264 529 3339 καρδίαν·
554 3266 611 3317 tv
633 3255 677 3332 ᾧ
698 3260 874 3333 θυρεῷ
895 3260 1127 3322 πίστεως
1148 3257 1367 3310 δύναταί
1387 3273 1469 3321 τις
1488 3257 1586 3326 οὐχ
1604 3255 1662 3308 ἓν

100 3359 203 3411 οὐδὲ
240 3359 357 3422 δύο,
391 3357 527 3412 ἀλλὰ
555 3357 729 3409 πάντα
756 3352 826 3406 τά
866 3350 992 3422 βέλη
1037 3347 1273 3421 πονηροῦ
1307 3347 1375 3400 τὰ
1405 3363 1662 3418 πεπυρω-

104 3452 228 3520 μένα
260 3450 470 3504 σϐέσαι.

161 3540 212 3594 3.
250 3536 606 3607 Ἐγγιζούσης
633 3536 815 3589 τοίνυν
844 3533 945 3604 τῆς
977 3529 1116 3584 κατά
1156 3528 1217 3581 τὸ
1247 3526 1415 3591 πάθος
1462 3528 1664 3579 οἰκονο-

106 3632 240 3700 μίας,
270 3630 356 3700 ἐφ’
375 3631 405 3681 θ
435 3627 655 3700 ἔμελλεν
685 3624 847 3679 αὑτὸν
875 3620 1226 3694 παραδιδόναι
1259 3617 1458 3680 Ἰούδας
1491 3614 1668 3686 Σίμω-

104 3739 181 3785 νος
200 3720 554 3794 Ἰσκαριώτης
577 3717 920 3789 τετρωμένος
952 3715 1058 3768 ὑπὸ
1080 3710 1174 3766 τοῦ
1199 3711 1468 3776 διαϐόλου,
1498 3726 1515 3760 ι
1552 3708 1668 3760 Δεί-

108 3833 224 3868 πνου
245 3816 350 3886 ήδη
378 3812 684 3885 γινομένου,
730 3808 907 3873 εἰδὼς,
946 3828 963 3859 ι
999 3807 1183 3879 φησὶν,
1227 3823 1244 3855 ι
1274 3806 1302 3857 6
1327 3801 1554 3870 Ἰησοῦς,
1584 3802 1667 3854 ὅτι

108 3912 269 3965 πάντα
311 3909 511 3962 ἔδωκεν
554 3904 703 3975 αὐτῷ
728 3905 757 3956 6
778 3902 970 3973 Πατὴρ
1001 3901 1080 3962 εἰς
1108 3899 1206 3960 τὰς
1234 3898 1439 3966 χεῖρας,
1465 3893 1558 3945 καὶ
1586 3893 1667 3945 ὅτι

106 4004 201 4055 ἀπὸ
219 4000 352 4055 Θεοῦ
377 3997 586 4070 ἐξῆλθε,
609 3998 702 4049 καὶ
730 3994 865 4066 πρὸς
892 3992 982 4045 τὸν
1000 3990 1132 4044 Θεὸν
1155 3988 1374 4056 ὑπάγει,
1401 3984 1668 4055 ἐγείρεται

109 4096 163 4149 ὲκ
185 4092 277 4147 τοῦ
303 4092 541 4146 δείπνου.
569 4107 588 4141 ι
622 4084 829 4140 Οὐκοῦν
855 4083 926 4137 τὰ
951 4080 1026 4154 μὴ
1040 4079 1304 4152 πρότερον
1330 4075 1459 4129 δντα
1480 4076 1537 4127 tv
1551 4076 1671 4137 ταῖς

110 4184 249 4254 χερσὶ
279 4182 371 4236 τοῦ
402 4178 580 4250 Ἰησοῦ
611 4178 808 4233 δίδοται
837 4175 942 4228 ὑπὸ
975 4173 1068 4227 τοῦ
1097 4170 1309 4242 Πατρός
1336 4172 1418 4233 εἰς
1438 4168 1538 4231 τὰς
1562 4172 1670 4239 χεῖ-

114 4293 200 4347 ρας
224 4274 409 4342 αὑτοῦ,
453 4272 546 4326 καὶ
570 4267 631 4321 οὒ
660 4272 777 4327 τινὰ
815 4269 933 4339 μὲν,
964 4264 1086 4318 τινὰ
1105 4262 1149 4317 δ’
1183 4262 1268 4326 οὒ,
1301 4259 1436 4314 ἀλλά
1471 4260 1666 4313 πάντα·

111 4367 234 4439 ὅπερ
294 4360 675 4436 πνευματικῶς
733 4359 845 4431 (85)
898 4360 927 4412 6
970 4354 1133 4409 Δαϐὶδ
1175 4352 1385 4424 βλέπων
1434 4352 1566 4422 φησὶ
1589 4350 1667 4403 τό·

119 4478 135 4509 ι
166 4455 322 4512 Εἶπεν
365 4460 395 4511 6
427 4455 628 4526 Κύριος
652 4450 730 4523 τῷ
776 4449 968 4521 Κυρίῳ
1010 4460 1130 4517 μου·
1179 4442 1362 4497 Κάθου
1398 4445 1462 4496 ὲκ
1487 4440 1674 4506 δεξιῶν

1693 3221 1733 3278 C

1768 618 1896 664 tem.
1930 627 1950 661 ι
2005 611 2182 677 Atque
2205 609 2383 664 omnis
2409 609 2626 679 quidem
2668 607 2929 667 fatebitur
2957 613 3120 664 verba
3172 611 3286 667 ha’c
3317 626 3332 665 :

1772 716 1791 750 ι
1820 697 1961 755 Ecce
1995 698 2256 769 parturiit
2288 698 2634 769 iniustitiam,
2667 698 2917 768 concepit
2964 699 3227 767 laborem,
3279 710 3338 758 et

1765 789 1977 859 peperit
2004 788 2368 860 iniquitatem,
2416 808 2435 843 ι
2472 788 2666 845 referri
2700 805 2858 861 posse
2906 791 2971 845 ad
3024 791 3335 859 diabolum;

1764 886 1831 938 ad
1854 899 2086 954 quorum
2112 887 2274 941 etiam
2304 888 2593 941 verborum
2632 886 3046 945 similitudinem
3096 905 3201 947 non
3242 903 3339 944 ex-

1766 973 2012 1032 istimare
2041 975 2241 1031 dictum
2274 975 2441 1032 fuisse
2486 976 2662 1033 illud:
2702 994 2722 1028 ι
2756 976 2870 1032 Nisi
2917 979 3338 1047 conversi‘fue-

1767 1065 1905 1129 ritis,
1937 1066 2174 1139 gladium
2198 1082 2354 1127 suum
2389 1068 2647 1134 vibrabit,
2675 1083 2861 1123 arcum
2897 1083 3054 1125 suum
3086 1071 3335 1137 tetendit,

1765 1170 1821 1218 et
1871 1161 2085 1233 paravit
2124 1161 2299 1231 illum,
2335 1172 2391 1218 et
2426 1163 2479 1221 in
2523 1177 2590 1219 eo
2640 1163 2850 1233 paravit
2884 1179 3011 1220 vasa
3040 1164 3255 1230 mortis,
3311 1182 3332 1216 ο

1766 1255 2058 1309 absurdum
2089 1264 2195 1309 est.
2228 1254 2362 1310 Nam
2417 1268 2547 1309 vasa
2586 1255 2777 1313 mortis
2827 1270 2989 1313 nemo
3034 1256 3174 1312 alius
3205 1270 3335 1310 areu

1765 1357 1864 1396 suo
1892 1357 2052 1410 quem
2090 1344 2341 1408 tetendit,
2370 1346 2603 1415 paravit,
2637 1346 2742 1403 nisi
2790 1346 2880 1402 ille
2929 1345 3087 1416 cujus
3133 1346 3335 1402 invidia

1767 1448 1914 1487 mors
1947 1434 2170 1490 intravit
2222 1435 2274 1489 in
2330 1437 2518 1491 orbem
2563 1437 2628 1492 ³⁸.
2670 1437 2747 1494 Ex
2798 1438 2864 1493 iis
2895 1438 3058 1509 igitur
3098 1438 3333 1509 sagittis,

1765 1540 1900 1596 quas
1949 1527 2270 1583 ardentibus
2306 1529 2621 1585 confecerat
2668 1530 2959 1595 diabolus,
3010 1530 3235 1589 immisit
3281 1530 3333 1585 in

1766 1631 1863 1671 cor
1899 1615 2052 1673 Iuda:
2074 1617 2317 1674 Simonis
2363 1619 2660 1686 lseariotis,
2687 1621 2797 1690 jam
2833 1623 2913 1675 sic
2942 1621 2996 1675 in
3027 1634 3181 1676 cmna
3210 1637 3335 1675 sau-

1767 1708 1860 1773 cii,
1910 1718 1968 1764 ut
2011 1710 2177 1765 etiam
2214 1710 2291 1765 illi
2327 1710 2570 1780 placeret
2625 1710 2880 1765 celeriter
2927 1711 3334 1764 convivatorem

1768 1800 1997 1871 prodere
2028 1820 2041 1856 :
2071 1803 2327 1873 quoniam
2382 1817 2555 1858 emus:
2599 1801 2757 1871 hujus
2799 1802 2953 1857 cibus
2979 1840 2997 1867 ,
3043 1802 3336 1868 vinumque

1766 1894 1989 1964 quodin
2028 1895 2140 1966 ipsa
2175 1905 2315 1962 erat,
2362 1910 2459 1951 cor
2510 1910 2619 1950 non
2667 1904 2881 1965 poterat
2927 1894 3146 1964 (diaboli
3187 1892 3334 1947 enim

1765 1993 1885 2043 erat
1917 1985 2118 2057 sagitta
2168 1987 2433 2056 saucium)
2477 1994 2789 2056 penetrare.
2820 1984 2929 2039 Nec
2956 1995 3141 2053 aperte
3170 1984 3223 2038 iu
3250 1981 3337 2038 his

1766 2086 1995 2147 apparet
2041 2077 2162 2147 quis
2209 2086 2359 2132 esset
2414 2077 2503 2132 ille
2552 2092 2582 2131 a
2609 2092 2717 2148 quo
2749 2089 2906 2131 creua
2959 2076 3142 2141 flebat,
3177 2084 3237 2131 ut
3279 2075 3336 2131 in

1767 2168 2141 2237 superioribus
2176 2185 2189 2222 :
2231 2187 2248 2219 ι
2293 2168 2562 2223 Fecerunt
2591 2168 2721 2232 illic,
2756 2167 2954 2237 inquit,
2977 2181 3187 2222 scenam
3234 2164 3333 2234 illi,

1765 2266 1819 2313 et
1853 2258 2067 2314 Martha
2098 2261 2468 2326 ministrabat,
2518 2271 2747 2329 eratque
2792 2261 3031 2316 Lazarus
3084 2274 3224 2314 unus
3268 2273 3336 2315 ex

1768 2348 2207 2404 recumbentibus
2235 2365 2356 2404 cum
2382 2351 2499 2421 ipso
2530 2352 2593 2403 ⁸⁸.
2633 2369 2652 2401 ι
2680 2350 2856 2420 Atque
2872 2352 2938 2406 de
2959 2349 3093 2406 Iuda
3117 2349 3336 2418 quidem

1765 2441 2028 2506 scriptum
2061 2452 2188 2497 est:
2234 2460 2252 2494 ι
2307 2443 2442 2499 Cum
2490 2444 2604 2514 jam
2654 2444 2907 2501 diabolus
2940 2444 3251 2499 inmisisset
3283 2443 3337 2497 in

1766 2548 1863 2588 cor
1890 2531 2041 2589 ludat
2070 2534 2307 2591 Simonis
2328 2532 2625 2600 lscariotae,
2669 2546 2728 2590 ut
2771 2537 3019 2606 proderet
3042 2553 3163 2591 eum
3184 2535 3273 2604 ἠς
3310 2554 3331 2590 ο

1767 2627 1860 2681 sed
1891 2625 2023 2680 huic
2053 2636 2454 2696 consequenter
2489 2628 2633 2682 dices
2656 2628 2723 2683 de
2754 2627 2980 2698 singulis
3025 2644 3119 2683 cor
3162 2643 3191 2681 a
3222 2628 3338 2682 dia-

1768 2718 1892 2773 bolo
1927 2719 2172 2772 saucium
2225 2717 2548 2774 habentibus
2578 2736 2592 2772 :
2627 2733 2751 2773 cum
2791 2721 2903 2787 jam
2939 2719 3173 2777 misisset
3209 2720 3333 2773 dia-

1766 2808 1925 2866 belus
1961 2810 2013 2863 in
2050 2825 2145 2865 cor
2193 2809 2336 2863 illius
2358 2818 2421 2863 ut
2461 2808 2824 2864 fornicaretur
2852 2826 2864 2875 ;
2897 2820 2951 2865 et
2978 2810 3031 2864 in
3068 2826 3164 2865 cor
3195 2810 3339 2868 illius

1768 2912 1827 2956 ut
1852 2901 2127 2956 fraudaret
2155 2919 2169 2967 ;
2206 2909 2261 2956 et
2294 2909 2351 2954 ut
2374 2901 2599 2967 perdita:
2623 2901 2901 2971 opinionis
2923 2902 3176 2956 admittat
3216 2902 3334 2955 ido-

1772 2992 2049 3048 lolatriam
2080 2991 2312 3060 alicujus
2338 3005 2403 3044 ex
2431 2990 2516 3045 his
2541 2990 2630 3059 qui
2659 2992 2909 3046 videntur
2929 3007 3051 3047 esse
3077 2992 3129 3045 in
3158 2991 3337 3063 digni-

1770 3095 1880 3141 tate
1910 3104 1923 3141 :
1953 3096 2006 3139 et
2031 3086 2133 3139 isto
2170 3085 2329 3139 modo
2354 3084 2407 3138 iu
2456 3086 2673 3138 caeteris
2699 3084 2936 3153 peccatis
2966 3083 3130 3138 etiam
3163 3084 3334 3148 dices,

1768 3191 1888 3246 qua:
1933 3175 2180 3231 diabolus
2214 3174 2379 3228 mittit
2425 3175 2475 3227 in
2509 3187 2605 3227 cor
2638 3172 2782 3243 quod
2835 3187 2941 3225 non
2997 3173 3161 3227 habet
3215 3171 3339 3227 fidei

1767 3278 1977 3323 scutum
2006 3284 2021 3333 ;
2068 3281 2176 3336 quo
2208 3265 2328 3319 fidei
2359 3274 2514 3319 scuto
2560 3279 2667 3319 non
2710 3280 2894 3327 unam,
2923 3273 3017 3318 aut
3056 3264 3216 3330 duas,
3243 3246 3339 3319 sed

1767 3375 1958 3415 munes
2010 3358 2136 3411 mali
2174 3356 2402 3428 sagittas
2445 3357 2647 3426 iguitas
2697 3357 3047 3426 exstinguere
3070 3358 3193 3425 quis
3239 3368 3340 3425 po-

1769 3463 1875 3509 test
1907 3454 1972 3505 δ’.

1838 3547 1892 3602 '5.
1928 3546 2412 3615 Appropinquante
2446 3541 2613 3611 igitur
2638 3537 2939 3596 oeconomia
2967 3535 3260 3606 passionis,
3289 3534 3343 3588 in

1775 3651 1880 3704 qua
1909 3634 2225 3704 proditurus
2257 3647 2379 3686 eum
2405 3640 2525 3684 erat
2548 3627 2715 3683 Judas
2766 3626 3007 3681 Simonis
3035 3624 3341 3686 lscariotes,

1773 3742 1801 3779 a
1819 3724 2033 3778 diabolo
2053 3723 2267 3778 saucius
2296 3721 2468 3775 factus
2493 3737 2508 3785 ;
2544 3738 2562 3769 ι
2589 3732 2741 3772 cmna
2764 3717 2872 3786 jam
2907 3714 3069 3780 facta,
3093 3713 3290 3774 sciens,
3315 3729 3337 3765 ι

1774 3814 1969 3885 inquit,
2000 3831 2019 3865 ι
2044 3811 2410 3867 ,ἰοειιετοιιιιιία
2438 3808 2539 3862 sibi
2573 3806 2785 3861 dedisse
2806 3803 3019 3857 Patrem
3048 3803 3099 3855 iu
3130 3815 3342 3861 manus,

1772 3919 1937 3974 seque
1979 3920 2008 3958 a
2059 3903 2169 3957 Deo
2201 3902 2421 3963 exiisse,
2452 3908 2507 3953 et
2540 3898 2608 3951 ad
2655 3895 2823 3949 Deum
2864 3892 3037 3955 abire,
3084 3890 3256 3960 surgit
3311 3903 3343 3941 ι

1773 4011 1930 4051 creua
1959 3995 2027 4047 ".
2061 4013 2080 4045 ι
2114 3991 2283 4063 Igitur
2311 4004 2431 4059 quae
2461 3996 2620 4041 antea
2661 4000 2769 4039 non
2800 3992 2965 4039 erant
3012 3981 3065 4034 in
3096 3980 3343 4034 manibus

1773 4088 1900 4143 Jesu
1928 4129 1944 4154 ,
1977 4087 2179 4141 dantur
2209 4099 2238 4137 a
2267 4080 2430 4136 Patre
2474 4079 2529 4133 in
2587 4092 2747 4132 manu
2801 4073 2965 4137 illius,
3014 4087 3113 4127 nec
3159 4071 3341 4140 aliqua

1774 4181 2017 4251 quidem,
2048 4186 2104 4233 et
2123 4176 2303 4243 aliqua
2336 4189 2465 4237 non,
2496 4170 2664 4243 408
2708 4168 2801 4223 sed
2839 4167 3019 4221 omnia
3051 4182 3064 4218 :
3095 4178 3215 4233 qua:
3235 4165 3345 4231 spi-

1777 4274 2046 4329 ritualiter
2071 4271 2236 4326 David
2279 4269 2471 4323 videns
2503 4263 2682 4332 inquit
2713 4259 2760 4291 “
2792 4276 2808 4317 :
2843 4276 2862 4310 ι
2899 4258 3040 4311 Dixit
3086 4253 3345 4308 Dominus

1779 4367 2005 4424 Domino
2036 4378 2157 4419 meo
2193 4380 2207 4416 :
2247 4360 2390 4417 Sede
2417 4357 2483 4412 ad
2516 4357 2766 4411 dextram
2815 4364 3011 4413 meam,
3041 4347 3212 4402 donec
3238 4343 3345 4397 iul-

1778 4457 1949 4511 mices
1982 4462 2103 4509 tuos
2124 4452 2350 4507 subdam
2387 4445 2692 4504 seabellum
2727 4441 2953 4514 pedibus
2989 4438 3115 4494 tuis.
3163 4453 3183 4489 ι
3216 4433 3347 4489 Ειοο

119 4566 228 4616 μου,
252 4548 353 4612 ἕως
374 4546 441 4600 ἂν
468 4545 545 4598 θῶ
577 4543 706 4606 τοὺς
746 4538 976 4612 ἐχθρούς
1005 4554 1099 4591 σου
1127 4533 1412 4589 ὑποπόδιον
1438 4532 1545 4586 τῶν
1580 4549 1663 4585 πο-

1781 4548 1890 4605 ηῑιιι
1917 4544 2121 4600 inimici
2151 4541 2280 4598 Jesu
2309 4554 2438 4612 pars
2468 4537 2716 4610 quaadam
2745 4533 2986 4588 omnium
3028 4536 3186 4585 erant
3211 4539 3349 4596 quos

119 4635 209 4689 δῶν
237 4653 348 4690 σου·
384 4653 404 4688 ι
440 4634 534 4689 καὶ
558 4632 667 4705 γάρ
683 4634 732 4687 oi.
758 4629 941 4701 ἐχθροὶ
970 4626 1063 4681 τοῦ
1095 4625 1271 4696 Ἰησοῦ
1306 4624 1470 4696 μέρος
1492 4641 1544 4676 τι
1566 4623 1663 4676 τῶν

1781 4648 2004 4697 noverat
2030 4637 2208 4703 Jesus,
2235 4643 2496 4705 quantum
2531 4632 2597 4686 ad
2616 4625 3039 4700 praescientiam,
3058 4622 3158 4677 sibi
3196 4620 3348 4674 datos

122 4727 317 4780 πάντων
344 4722 506 4800 ἦσαν,
538 4722 630 4787 οὓς
653 4723 791 4795 ⁴ᾔδει,
814 4722 937 4774 ὅσον
964 4719 1059 4771 ἐπὶ
1078 4720 1145 4788 τῇ
1180 4714 1504 4788 προγνώσει,
1535 4713 1663 4767 δεδό-

1784 4733 1947 4788 fuisse
1968 4745 1998 4784 a
2023 4728 2204 4784 Patre.
2227 4726 2295 4783 Ut
2314 4734 2492 4780 autem
2521 4721 2803 4774 videamus
2827 4713 3065 4783 apertius
3092 4709 3219 4800 quid
3242 4709 3347 4774 sit,

123 4816 231 4871 σθαι
254 4799 483 4871 ἀπδτοῦ
527 4813 738 4887 Πατρὸς
779 4809 927 4881 αὑτῷ
952 4811 981 4863 6
1018 4807 1246 4880 Ἰησοῦς.
1278 4808 1397 4861 Ἷνα
1424 4805 1481 4858 δὲ
1512 4804 1663 4873 σαφέ-

1786 4844 1805 4878 ι
1840 4822 2031 4879 Omnia
2060 4820 2205 4875 dedit
2245 4817 2294 4872 ei
2327 4815 2487 4870 Pater
2534 4812 2587 4867 in
2619 4822 2811 4866 manus
2838 4807 2905 4871 “,
2945 4823 2964 4855 ι
3000 4799 3348 4870 inSpiciamus

124 4923 293 4980 στερον
314 4908 677 4979 θεωρήσωμεν
709 4902 759 4957 τί
780 4904 895 4954 ἐστι
925 4899 1008 4964 τὸ,
1037 4918 1055 4950 ι
1093 4898 1278 4952 Πάντα
1304 4896 1502 4949 ἔδωκεν
1528 4894 1663 4965 αὐτᾷ

1786 4917 1886 4972 hoc
1942 4915 2147 4969 dictum
2194 4928 2209 4966 :
2265 4928 2284 4959 ι
2342 4901 2807 4974 Quemadmodum
2862 4896 3006 4952 enim
3054 4904 3242 4945 omnes
3290 4890 3337 4942 is

123 5000 147 5049 6
170 4979 347 5071 Πατὴρ
368 4997 571 5062 εἰςτὰς
605 4998 812 5069 χεῖρας,
857 5013 877 5045 ι
915 4989 1241 5064 προσχῶμεν
1270 4984 1369 5057 τῷ·
1411 5006 1430 5038 ι
1469 4987 1663 5056 Ὠσπερ

1780 5005 1949 5060 Adam
1982 5000 2314 5061 moriuntur,
2352 4998 2431 5050 sic
2454 4994 2616 5047 etiam
2644 4992 2699 5044 in
2731 4987 2948 5045 Christo
2996 4994 3186 5036 omnes
3213 4979 3345 5071 vivi-

124 5091 219 5163 γὰρ
264 5065 331 5149 ιζ
370 5093 450 5164 τῷ
495 5065 667 5162 Ἀδάμ
697 5065 927 5152 *πάντες
982 5084 1449 5155 ἀποθνήσκουσιν,
1504 5080 1663 5143 οὕτως

1780 5095 2090 5150 iicabuntur
2110 5090 2192 5156 “;
2236 5107 2252 5140 I
2283 5099 2407 5141 nam
2435 5081 2682 5153 quamvis
2723 5068 3222 5164 dederitilliomnis
3248 5065 3347 5164 f’ao

243 5185 298 5237 tv
325 5158 661 5255 σιῷ-Χριστῷ
703 5179 815 5251 (86)
859 5179 1060 5240 πάντες
1098 5170 1614 5243 ζωοποιηθήσονται·
1655 5189 1663 5220 ι

1783 5198 1866 5243 ter
1898 5186 1951 5243 in
1991 5196 2206 5246 manus,
2237 5189 2402 5249 atque
2454 5177 2510 5229 in
2548 5171 2765 5229 Christo
2797 5166 2909 5223 sint
2953 5175 3147 5255 omnes
3173 5158 3320 5255 vivitl

128 5274 226 5326 ἀλλ’
253 5278 300 5328 εἱ
324 5249 422 5329 καὶ
450 5249 853 5328 πάντα-ἔδωκεν
882 5266 1029 5340 αὐτῷ
1053 5268 1083 5319 6
1122 5262 1313 5332 Πατὴρ
1340 5262 1420 5323 είς
1445 5259 1544 5322 τὰς
1571 5262 1663 5329 χεῖ-

1783 5274 1981 5341 οοιιάἰ,
2002 5289 2109 5329 non
2163 5267 2514 5326 confunditur
2567 5273 2748 5316 tamen
2795 5254 3011 5325 institis
3056 5249 3174 5314 Dei,
3218 5249 3349 5341 quin

131 5382 235 5435 ρας,
268 5368 356 5422 καὶ
375 5368 437 5421 tv
467 5364 549 5437 τῷ
586 5361 807 5436 Χριστῷ
844 5339 1044 5420 πάντες
1072 5352 1588 5423 ζωοποιηθήσονται,
1620 5351 1663 5402 oi

1784 5339 2097 5423 distributio
2129 5361 2223 5415 fiat
2262 5372 2327 5413 ex
2383 5354 2647 5425 dignitate
2690 5345 3161 5437 uniuscujusque;
3206 5339 3351 5437 quod

190 5482 234 5515 ³⁸
270 5431 599 5557 Sap.__tl._"24.
643 5431 654 5436 -
692 5479 737 5512 ”
772 5472 1149 5557 Jgan.uxt_t,n2.
1225 5466 1454 5557 5:12:33.
1495 5468 1663 5532 xttt,‘.

1802 5465 1848 5498 δ’
1877 5462 2075 5532 Ephes.
2139 5471 2216 5520 vr,
2268 5452 2357 5507 l6.
2449 5448 2496 5480 ⁸³
2530 5445 2684 5502 Joan.
2732 5458 2853 5509 xm,
2886 5441 2944 5507 2,
2997 5437 3052 5494 ι.
3129 5434 3175 5467 ⁸⁵
3208 5431 3349 5489 Psal.

133 5565 232 5617 eux,
266 5536 320 5608 li.
342 5536 622 5607 "diem.
653 5566 772 5614 xm,
806 5550 859 5602 5.
935 5546 984 5578 ⁸⁸
1018 5536 1190 5598 l’Cor.
1222 5554 1312 5604 xv,
1335 5536 1428 5591 Ἠ.

190 5646 385 5719 (ὃδμιο
413 5650 561 5719 hunc
586 5646 767 5719 locum
787 5640 1012 5719 sanitati
1044 5633 1308 5719 gestitttit
1334 5632 1517 5719 eode);

135 5697 559 5779 ὶεὶξιῖιῖέξῖἱῖἷοξέ
579 5697 809 5783 anier
832 5705 1216 5783 codiceﬂegio
1247 5703 1463 5783 legitur,
1490 5697 1653 5783 βεϐλη

141 5772 386 5872 μένρυὶτξῑι
413 5787 612 5872 δείπνει»
640 5783 737 5865 οὐχ
756 5782 898 5872 danais
925 5772 1243 5872 6tnépféllat
1271 5772 1444 5841 αὐτῷ,
1466 5780 1569 5826 etc.

199 5855 307 5926 (84)
337 5848 513 5912 Codex
541 5848 762 5923 Regius,
792 5848 938 5920 βέλη,
968 5848 1126 5900 male.

431 5969 703 6029 ΡΑτιιοι..
735 5964 853 6025 Gn.
895 5960 1060 6022 XIV.

1820 5619 1973 5691 '(85)
2003 5615 2183 5691 Codex
2248 5607 2596 5673 Bodleiauus,
2652 5600 3071 5674 πνευματικῶς·
3132 5595 3351 5669 Regius,

2080 5684 2242 5759 μί’,
2323 5749 2336 5759 .
2466 5747 2479 5759 .
2590 5744 2615 5757 .-
2653 5745 2695 5759 .ρ
2780 5742 2794 5759 ι
2894 5739 2994 5759 ,με

1854 5733 2433 5832 (έῶἚῶξῖΚεαῐυε,
2463 5747 2522 5802 ὲν
2549 5744 2626 5816 τῷ
2653 5742 2860 5815 Κυρίῳ,
2888 5739 3090 5795 omisso
3120 5733 3241 5792 κστ.

2996 5911 3075 5972 2’s
