  <div class='ocr_page' id='page_1' title='image "/cluster/home/n/w/nwhite01/storage/ocr_20150623/14/hvd.32044024333478/381.png"; bbox 0 0 3804 6584; ppageno 0'>
   <div class='ocr_carea' id='block_1_1' title="bbox 498 461 602 517">
    <p class='ocr_par' dir='ltr' id='par_1_1' title="bbox 498 461 602 517">
     <span class='ocr_line' id='line_1_1' title="bbox 498 461 602 517; baseline 0 -1"><span class='ocrx_word' id='word_1_1' title='bbox 498 461 602 517; x_wconf 72' lang='grc' dir='ltr'><strong>Ἠῗ</strong></span> 
     </span>
    </p>
   </div>
   <div class='ocr_carea' id='block_1_2' title="bbox 499 665 2082 738">
    <p class='ocr_par' dir='ltr' id='par_1_2' title="bbox 499 665 2082 738">
     <span class='ocr_line' id='line_1_2' title="bbox 499 665 2082 738; baseline -0.004 -12"><span class='ocrx_word' id='word_1_2' title='bbox 499 669 720 726; x_wconf 90' lang='lat' dir='ltr'><strong>Christo</strong></span> <span class='ocrx_word' id='word_1_3' title='bbox 770 682 966 723; x_wconf 83' lang='lat' dir='ltr'><strong>omnes</strong></span> <span class='ocrx_word' id='word_1_4' title='bbox 1027 667 1499 734; x_wconf 79' lang='lat' dir='ltr'><strong>viviﬁcabuntur,</strong></span> <span class='ocrx_word' id='word_1_5' title='bbox 1563 687 1583 722; x_wconf 76' lang='grc' dir='ltr'><strong>ι</strong></span> <span class='ocrx_word' id='word_1_6' title='bbox 1639 665 2082 738; x_wconf 81' lang='lat' dir='ltr'><strong>subjungnnlur,</strong></span> 
     </span>
    </p>
   </div>
   <div class='ocr_carea' id='block_1_3' title="bbox 503 756 2079 829">
    <p class='ocr_par' dir='ltr' id='par_1_3' title="bbox 503 756 2079 829">
     <span class='ocr_line' id='line_1_3' title="bbox 503 756 2079 829; baseline -0.004 -14"><span class='ocrx_word' id='word_1_7' title='bbox 503 773 719 829; x_wconf 87' lang='lat' dir='ltr'><strong>nempe,</strong></span> <span class='ocrx_word' id='word_1_8' title='bbox 771 776 792 810; x_wconf 74' lang='grc' dir='ltr'><strong>ι</strong></span> <span class='ocrx_word' id='word_1_9' title='bbox 846 758 1239 828; x_wconf 82' lang='lat' dir='ltr'><strong>Unusquisque</strong></span> <span class='ocrx_word' id='word_1_10' title='bbox 1275 768 1452 814; x_wconf 85' lang='lat' dir='ltr'><strong>autem</strong></span> <span class='ocrx_word' id='word_1_11' title='bbox 1484 756 1536 813; x_wconf 94' lang='lat' dir='ltr'><strong>in</strong></span> <span class='ocrx_word' id='word_1_12' title='bbox 1587 774 1685 814; x_wconf 87' lang='lat' dir='ltr'><strong>suo</strong></span> <span class='ocrx_word' id='word_1_13' title='bbox 1716 758 1909 813; x_wconf 77' lang='lat' dir='ltr'><strong>ordine</strong></span> <span class='ocrx_word' id='word_1_14' title='bbox 1937 757 2002 810; x_wconf 68' lang='grc'><strong>⁸⁷.</strong></span> <span class='ocrx_word' id='word_1_15' title='bbox 2060 775 2079 809; x_wconf 78' lang='grc' dir='ltr'><strong>ι</strong></span> 
     </span>
    </p>
   </div>
   <div class='ocr_carea' id='block_1_4' title="bbox 501 847 2082 921">
    <p class='ocr_par' dir='ltr' id='par_1_4' title="bbox 501 847 2082 921">
     <span class='ocr_line' id='line_1_4' title="bbox 501 847 2082 921; baseline 0.003 -16"><span class='ocrx_word' id='word_1_16' title='bbox 501 847 824 921; x_wconf 75' lang='lat' dir='ltr'><strong>Rursusque</strong></span> <span class='ocrx_word' id='word_1_17' title='bbox 857 852 1008 906; x_wconf 91' lang='lat' dir='ltr'><strong>varie</strong></span> <span class='ocrx_word' id='word_1_18' title='bbox 1039 851 1185 921; x_wconf 90' lang='lat' dir='ltr'><strong>ipsos</strong></span> <span class='ocrx_word' id='word_1_19' title='bbox 1219 851 1595 907; x_wconf 80' lang='lat' dir='ltr'><strong>considerabis</strong></span> <span class='ocrx_word' id='word_1_20' title='bbox 1638 852 1861 909; x_wconf 81' lang='lat' dir='ltr'><strong>ordines</strong></span> <span class='ocrx_word' id='word_1_21' title='bbox 1890 869 2082 909; x_wconf 89' lang='lat' dir='ltr'><strong>eorum</strong></span> 
     </span>
    </p>
   </div>
   <div class='ocr_carea' id='block_1_5' title="bbox 501 941 2086 1014">
    <p class='ocr_par' dir='ltr' id='par_1_5' title="bbox 501 941 2086 1014">
     <span class='ocr_line' id='line_1_5' title="bbox 501 941 2086 1014; baseline 0.003 -19"><span class='ocrx_word' id='word_1_22' title='bbox 501 943 594 1014; x_wconf 87' lang='lat' dir='ltr'><strong>qui</strong></span> <span class='ocrx_word' id='word_1_23' title='bbox 645 943 698 997; x_wconf 93' lang='lat' dir='ltr'><strong>in</strong></span> <span class='ocrx_word' id='word_1_24' title='bbox 752 941 971 999; x_wconf 79' lang='lat' dir='ltr'><strong>Christo</strong></span> <span class='ocrx_word' id='word_1_25' title='bbox 1002 952 1129 998; x_wconf 83' lang='lat' dir='ltr'><strong>sunt</strong></span> <span class='ocrx_word' id='word_1_26' title='bbox 1179 942 1509 1007; x_wconf 81' lang='lat' dir='ltr'><strong>viviﬁcandi,</strong></span> <span class='ocrx_word' id='word_1_27' title='bbox 1561 944 2086 1014; x_wconf 87' lang='lat' dir='ltr'><strong>quando-impletur</strong></span> 
     </span>
    </p>
   </div>
   <div class='ocr_carea' id='block_1_6' title="bbox 502 1032 2082 1104">
    <p class='ocr_par' dir='ltr' id='par_1_6' title="bbox 502 1032 2082 1104">
     <span class='ocr_line' id='line_1_6' title="bbox 502 1032 2082 1104; baseline 0.002 -14"><span class='ocrx_word' id='word_1_28' title='bbox 502 1033 658 1100; x_wconf 90' lang='lat' dir='ltr'><strong>illud,</strong></span> <span class='ocrx_word' id='word_1_29' title='bbox 728 1053 747 1087; x_wconf 80' lang='grc' dir='ltr'><strong>ι</strong></span> <span class='ocrx_word' id='word_1_30' title='bbox 790 1034 983 1091; x_wconf 84' lang='lat' dir='ltr'><strong>Omnia</strong></span> <span class='ocrx_word' id='word_1_31' title='bbox 1018 1034 1164 1090; x_wconf 82' lang='lat' dir='ltr'><strong>dedit</strong></span> <span class='ocrx_word' id='word_1_32' title='bbox 1219 1034 1268 1091; x_wconf 88' lang='lat' dir='ltr'><strong>ei</strong></span> <span class='ocrx_word' id='word_1_33' title='bbox 1297 1032 1461 1090; x_wconf 90' lang='lat' dir='ltr'><strong>Pater</strong></span> <span class='ocrx_word' id='word_1_34' title='bbox 1489 1035 1540 1089; x_wconf 89' lang='lat' dir='ltr'><strong>in</strong></span> <span class='ocrx_word' id='word_1_35' title='bbox 1576 1051 1771 1092; x_wconf 87' lang='lat' dir='ltr'><strong>manus</strong></span> <span class='ocrx_word' id='word_1_36' title='bbox 1793 1036 1862 1104; x_wconf 70' lang='grc'><strong>⁸⁸,</strong></span> <span class='ocrx_word' id='word_1_37' title='bbox 1898 1055 1917 1089; x_wconf 76' lang='grc' dir='ltr'><strong>ι</strong></span> <span class='ocrx_word' id='word_1_38' title='bbox 1953 1037 2082 1093; x_wconf 91' lang='lat' dir='ltr'><strong>illud</strong></span> 
     </span>
    </p>
   </div>
   <div class='ocr_carea' id='block_1_7' title="bbox 505 1125 2083 1197">
    <p class='ocr_par' dir='ltr' id='par_1_7' title="bbox 505 1125 2083 1197">
     <span class='ocr_line' id='line_1_7' title="bbox 505 1125 2083 1197; baseline 0.001 -17"><span class='ocrx_word' id='word_1_39' title='bbox 505 1134 743 1182; x_wconf 88' lang='lat' dir='ltr'><strong>notans:</strong></span> <span class='ocrx_word' id='word_1_40' title='bbox 783 1145 803 1180; x_wconf 78' lang='grc' dir='ltr'><strong>ι</strong></span> <span class='ocrx_word' id='word_1_41' title='bbox 846 1126 1134 1195; x_wconf 59' lang='lat' dir='ltr'><strong>Primitiae:</strong></span> <span class='ocrx_word' id='word_1_42' title='bbox 1162 1125 1414 1182; x_wconf 74' lang='lat' dir='ltr'><strong>Christus</strong></span> <span class='ocrx_word' id='word_1_43' title='bbox 1446 1142 1462 1184; x_wconf 85' lang='lat'><strong>:</strong></span> <span class='ocrx_word' id='word_1_44' title='bbox 1495 1126 1688 1181; x_wconf 87' lang='lat' dir='ltr'><strong>deinde</strong></span> <span class='ocrx_word' id='word_1_45' title='bbox 1729 1128 1781 1183; x_wconf 93' lang='lat' dir='ltr'><strong>bi</strong></span> <span class='ocrx_word' id='word_1_46' title='bbox 1811 1128 1901 1197; x_wconf 91' lang='lat' dir='ltr'><strong>qui</strong></span> <span class='ocrx_word' id='word_1_47' title='bbox 1955 1135 2083 1183; x_wconf 89' lang='lat' dir='ltr'><strong>sunt</strong></span> 
     </span>
    </p>
   </div>
   <div class='ocr_carea' id='block_1_8' title="bbox 501 1210 2083 1291">
    <p class='ocr_par' dir='ltr' id='par_1_8' title="bbox 501 1210 2083 1291">
     <span class='ocr_line' id='line_1_8' title="bbox 501 1210 2083 1291; baseline -0.001 -18"><span class='ocrx_word' id='word_1_48' title='bbox 501 1216 730 1283; x_wconf 85' lang='lat' dir='ltr'><strong>Christi,</strong></span> <span class='ocrx_word' id='word_1_49' title='bbox 775 1217 828 1271; x_wconf 92' lang='lat' dir='ltr'><strong>in</strong></span> <span class='ocrx_word' id='word_1_50' title='bbox 854 1217 1089 1273; x_wconf 86' lang='lat' dir='ltr'><strong>adventu</strong></span> <span class='ocrx_word' id='word_1_51' title='bbox 1120 1216 1239 1288; x_wconf 84' lang='lat' dir='ltr'><strong>ejus</strong></span> <span class='ocrx_word' id='word_1_52' title='bbox 1283 1235 1297 1286; x_wconf 92' lang='lat'><strong>;</strong></span> <span class='ocrx_word' id='word_1_53' title='bbox 1349 1211 1542 1271; x_wconf 87' lang='lat' dir='ltr'><strong>deinde</strong></span> <span class='ocrx_word' id='word_1_54' title='bbox 1590 1210 1716 1269; x_wconf 80' lang='lat' dir='ltr'><strong>linis</strong></span> <span class='ocrx_word' id='word_1_55' title='bbox 1775 1237 1789 1286; x_wconf 92' lang='lat'><strong>;</strong></span> <span class='ocrx_word' id='word_1_56' title='bbox 1839 1239 1857 1271; x_wconf 74' lang='grc' dir='ltr'><strong>ι</strong></span> <span class='ocrx_word' id='word_1_57' title='bbox 1896 1221 1988 1291; x_wconf 90' lang='lat' dir='ltr'><strong>qui</strong></span> <span class='ocrx_word' id='word_1_58' title='bbox 2022 1218 2083 1273; x_wconf 86' lang='lat' dir='ltr'><strong>ﬁ-</strong></span> 
     </span>
    </p>
   </div>
   <div class='ocr_carea' id='block_1_9' title="bbox 500 1308 2079 1378">
    <p class='ocr_par' dir='ltr' id='par_1_9' title="bbox 500 1308 2079 1378">
     <span class='ocr_line' id='line_1_9' title="bbox 500 1308 2079 1378; baseline 0.002 -14"><span class='ocrx_word' id='word_1_59' title='bbox 500 1308 588 1364; x_wconf 86' lang='lat' dir='ltr'><strong>nis</strong></span> <span class='ocrx_word' id='word_1_60' title='bbox 620 1323 741 1363; x_wconf 92' lang='lat' dir='ltr'><strong>cum</strong></span> <span class='ocrx_word' id='word_1_61' title='bbox 789 1308 1010 1364; x_wconf 88' lang='lat' dir='ltr'><strong>Christo</strong></span> <span class='ocrx_word' id='word_1_62' title='bbox 1064 1309 1114 1363; x_wconf 92' lang='lat' dir='ltr'><strong>in</strong></span> <span class='ocrx_word' id='word_1_63' title='bbox 1156 1309 1391 1365; x_wconf 85' lang='lat' dir='ltr'><strong>adventu</strong></span> <span class='ocrx_word' id='word_1_64' title='bbox 1448 1308 1570 1378; x_wconf 89' lang='lat' dir='ltr'><strong>ejus</strong></span> <span class='ocrx_word' id='word_1_65' title='bbox 1605 1311 1848 1377; x_wconf 83' lang='lat' dir='ltr'><strong>instabit,</strong></span> <span class='ocrx_word' id='word_1_66' title='bbox 1883 1331 1902 1364; x_wconf 77' lang='grc' dir='ltr'><strong>ι</strong></span> <span class='ocrx_word' id='word_1_67' title='bbox 1957 1327 2079 1367; x_wconf 92' lang='lat' dir='ltr'><strong>cum</strong></span> 
     </span>
    </p>
   </div>
   <div class='ocr_carea' id='block_1_10' title="bbox 503 1399 2081 1474">
    <p class='ocr_par' dir='ltr' id='par_1_10' title="bbox 503 1399 2081 1474">
     <span class='ocr_line' id='line_1_10' title="bbox 503 1399 2081 1474; baseline 0.003 -19"><span class='ocrx_word' id='word_1_68' title='bbox 503 1399 789 1456; x_wconf 85' lang='lat' dir='ltr'><strong>tradiderit</strong></span> <span class='ocrx_word' id='word_1_69' title='bbox 835 1414 1060 1469; x_wconf 81' lang='lat' dir='ltr'><strong>regnum</strong></span> <span class='ocrx_word' id='word_1_70' title='bbox 1095 1400 1206 1456; x_wconf 87' lang='lat' dir='ltr'><strong>Deo</strong></span> <span class='ocrx_word' id='word_1_71' title='bbox 1239 1411 1293 1456; x_wconf 89' lang='lat' dir='ltr'><strong>et</strong></span> <span class='ocrx_word' id='word_1_72' title='bbox 1325 1400 1470 1456; x_wconf 87' lang='lat' dir='ltr'><strong>Patri</strong></span> <span class='ocrx_word' id='word_1_73' title='bbox 1500 1419 1514 1468; x_wconf 91' lang='lat'><strong>;</strong></span> <span class='ocrx_word' id='word_1_74' title='bbox 1560 1402 1711 1471; x_wconf 85' lang='lat' dir='ltr'><strong>prius</strong></span> <span class='ocrx_word' id='word_1_75' title='bbox 1754 1404 1899 1459; x_wconf 91' lang='lat' dir='ltr'><strong>omni</strong></span> <span class='ocrx_word' id='word_1_76' title='bbox 1930 1403 2081 1474; x_wconf 89' lang='lat' dir='ltr'><strong>prin-</strong></span> 
     </span>
    </p>
   </div>
   <div class='ocr_carea' id='block_1_11' title="bbox 500 1490 2073 1562">
    <p class='ocr_par' dir='ltr' id='par_1_11' title="bbox 500 1490 2073 1562">
     <span class='ocr_line' id='line_1_11' title="bbox 500 1490 2073 1562; baseline 0 -15"><span class='ocrx_word' id='word_1_77' title='bbox 500 1491 682 1562; x_wconf 89' lang='lat' dir='ltr'><strong>cipato</strong></span> <span class='ocrx_word' id='word_1_78' title='bbox 714 1532 729 1557; x_wconf 91' lang='lat'><strong>,</strong></span> <span class='ocrx_word' id='word_1_79' title='bbox 765 1499 819 1547; x_wconf 89' lang='lat' dir='ltr'><strong>et</strong></span> <span class='ocrx_word' id='word_1_80' title='bbox 849 1492 997 1546; x_wconf 91' lang='lat' dir='ltr'><strong>omni</strong></span> <span class='ocrx_word' id='word_1_81' title='bbox 1051 1501 1346 1562; x_wconf 83' lang='lat' dir='ltr'><strong>potestate,</strong></span> <span class='ocrx_word' id='word_1_82' title='bbox 1398 1507 1463 1548; x_wconf 88' lang='lat' dir='ltr'><strong>ac</strong></span> <span class='ocrx_word' id='word_1_83' title='bbox 1509 1490 2014 1549; x_wconf 75' lang='lat' dir='ltr'><strong>virtuteabolitis&quot;.</strong></span> <span class='ocrx_word' id='word_1_84' title='bbox 2056 1515 2073 1547; x_wconf 76' lang='grc' dir='ltr'><strong>ι</strong></span> 
     </span>
    </p>
   </div>
   <div class='ocr_carea' id='block_1_12' title="bbox 501 1581 2077 1658">
    <p class='ocr_par' dir='ltr' id='par_1_12' title="bbox 501 1581 2077 1658">
     <span class='ocr_line' id='line_1_12' title="bbox 501 1581 2077 1658; baseline 0.002 -20"><span class='ocrx_word' id='word_1_85' title='bbox 501 1581 641 1658; x_wconf 84' lang='grc'>[(87)</span> <span class='ocrx_word' id='word_1_86' title='bbox 679 1582 805 1639; x_wconf 80' lang='lat' dir='ltr'><strong>llaec</strong></span> <span class='ocrx_word' id='word_1_87' title='bbox 834 1593 1013 1638; x_wconf 90' lang='lat' dir='ltr'><strong>autem</strong></span> <span class='ocrx_word' id='word_1_88' title='bbox 1046 1592 1196 1651; x_wconf 90' lang='lat' dir='ltr'><strong>sunt,</strong></span> <span class='ocrx_word' id='word_1_89' title='bbox 1225 1592 1284 1637; x_wconf 91' lang='lat' dir='ltr'><strong>ut</strong></span> <span class='ocrx_word' id='word_1_90' title='bbox 1317 1584 1574 1651; x_wconf 81' lang='lat' dir='ltr'><strong>arbitror,</strong></span> <span class='ocrx_word' id='word_1_91' title='bbox 1612 1600 1734 1640; x_wconf 92' lang='lat' dir='ltr'><strong>cum</strong></span> <span class='ocrx_word' id='word_1_92' title='bbox 1764 1586 1962 1655; x_wconf 88' lang='lat' dir='ltr'><strong>quibus</strong></span> <span class='ocrx_word' id='word_1_93' title='bbox 1992 1586 2077 1641; x_wconf 81' lang='lat' dir='ltr'><strong>lu-</strong></span> 
     </span>
    </p>
   </div>
   <div class='ocr_carea' id='block_1_13' title="bbox 498 1673 2077 1749">
    <p class='ocr_par' dir='ltr' id='par_1_13' title="bbox 498 1673 2077 1749">
     <span class='ocr_line' id='line_1_13' title="bbox 498 1673 2077 1749; baseline 0.001 -19"><span class='ocrx_word' id='word_1_94' title='bbox 498 1687 592 1730; x_wconf 81' lang='lat' dir='ltr'><strong>ota</strong></span> <span class='ocrx_word' id='word_1_95' title='bbox 629 1685 737 1737; x_wconf 88' lang='lat' dir='ltr'><strong>est,</strong></span> <span class='ocrx_word' id='word_1_96' title='bbox 772 1684 832 1728; x_wconf 92' lang='lat' dir='ltr'><strong>ut</strong></span> <span class='ocrx_word' id='word_1_97' title='bbox 860 1674 971 1742; x_wconf 86' lang='lat' dir='ltr'><strong>jam</strong></span> <span class='ocrx_word' id='word_1_98' title='bbox 1022 1689 1128 1728; x_wconf 93' lang='lat' dir='ltr'><strong>non</strong></span> <span class='ocrx_word' id='word_1_99' title='bbox 1173 1673 1245 1729; x_wconf 92' lang='lat' dir='ltr'><strong>sit</strong></span> <span class='ocrx_word' id='word_1_100' title='bbox 1274 1676 1633 1746; x_wconf 78' lang='lat' dir='ltr'><strong>principatus,</strong></span> <span class='ocrx_word' id='word_1_101' title='bbox 1668 1693 1773 1749; x_wconf 81' lang='lat' dir='ltr'><strong>non</strong></span> <span class='ocrx_word' id='word_1_102' title='bbox 1816 1686 2077 1747; x_wconf 79' lang='lat' dir='ltr'><strong>potestas,</strong></span> 
     </span>
    </p>
   </div>
   <div class='ocr_carea' id='block_1_14' title="bbox 504 1767 2080 1837">
    <p class='ocr_par' dir='ltr' id='par_1_14' title="bbox 504 1767 2080 1837">
     <span class='ocr_line' id='line_1_14' title="bbox 504 1767 2080 1837; baseline 0.001 -16"><span class='ocrx_word' id='word_1_103' title='bbox 504 1781 609 1821; x_wconf 92' lang='lat' dir='ltr'><strong>non</strong></span> <span class='ocrx_word' id='word_1_104' title='bbox 636 1767 802 1821; x_wconf 84' lang='lat' dir='ltr'><strong>etiam</strong></span> <span class='ocrx_word' id='word_1_105' title='bbox 827 1768 1021 1827; x_wconf 87' lang='lat' dir='ltr'><strong>virtus,</strong></span> <span class='ocrx_word' id='word_1_106' title='bbox 1049 1781 1169 1821; x_wconf 90' lang='lat' dir='ltr'><strong>cum</strong></span> <span class='ocrx_word' id='word_1_107' title='bbox 1200 1767 1401 1837; x_wconf 87' lang='lat' dir='ltr'><strong>quibus</strong></span> <span class='ocrx_word' id='word_1_108' title='bbox 1446 1776 1530 1822; x_wconf 88' lang='lat' dir='ltr'><strong>est</strong></span> <span class='ocrx_word' id='word_1_109' title='bbox 1552 1767 1697 1823; x_wconf 89' lang='lat' dir='ltr'><strong>lucta</strong></span> <span class='ocrx_word' id='word_1_110' title='bbox 1736 1778 1784 1823; x_wconf 89' lang='lat' dir='ltr'><strong>el</strong></span> <span class='ocrx_word' id='word_1_111' title='bbox 1815 1770 2080 1825; x_wconf 83' lang='lat' dir='ltr'><strong>collucta-</strong></span> 
     </span>
    </p>
   </div>
   <div class='ocr_carea' id='block_1_15' title="bbox 503 1857 2077 1927">
    <p class='ocr_par' dir='ltr' id='par_1_15' title="bbox 503 1857 2077 1927">
     <span class='ocr_line' id='line_1_15' title="bbox 503 1857 2077 1927; baseline 0.001 -16"><span class='ocrx_word' id='word_1_112' title='bbox 503 1858 579 1913; x_wconf 89' lang='lat' dir='ltr'><strong>tio</strong></span> <span class='ocrx_word' id='word_1_113' title='bbox 605 1859 652 1891; x_wconf 81' lang='grc'><strong>⁸⁸</strong></span> <span class='ocrx_word' id='word_1_114' title='bbox 691 1859 802 1913; x_wconf 91' lang='lat' dir='ltr'><strong>:ob</strong></span> <span class='ocrx_word' id='word_1_115' title='bbox 832 1872 1062 1927; x_wconf 86' lang='lat' dir='ltr'><strong>eamque</strong></span> <span class='ocrx_word' id='word_1_116' title='bbox 1109 1872 1329 1911; x_wconf 86' lang='lat' dir='ltr'><strong>causam</strong></span> <span class='ocrx_word' id='word_1_117' title='bbox 1357 1857 1471 1927; x_wconf 83' lang='lat' dir='ltr'><strong>jam</strong></span> <span class='ocrx_word' id='word_1_118' title='bbox 1531 1858 1689 1915; x_wconf 85' lang='lat' dir='ltr'><strong>luctae</strong></span> <span class='ocrx_word' id='word_1_119' title='bbox 1736 1860 1916 1916; x_wconf 87' lang='lat' dir='ltr'><strong>nullus</strong></span> <span class='ocrx_word' id='word_1_120' title='bbox 1970 1859 2077 1915; x_wconf 89' lang='lat' dir='ltr'><strong>erit</strong></span> 
     </span>
    </p>
   </div>
   <div class='ocr_carea' id='block_1_16' title="bbox 502 1929 2066 2023">
    <p class='ocr_par' dir='ltr' id='par_1_16' title="bbox 502 1952 2066 2023">
     <span class='ocr_line' id='line_1_16' title="bbox 502 1952 2066 2023; baseline -0.001 -15"><span class='ocrx_word' id='word_1_121' title='bbox 502 1953 724 2008; x_wconf 88' lang='lat' dir='ltr'><strong>relictus</strong></span> <span class='ocrx_word' id='word_1_122' title='bbox 753 1952 927 2016; x_wconf 86' lang='lat' dir='ltr'><strong>locus,</strong></span> <span class='ocrx_word' id='word_1_123' title='bbox 977 1954 1123 2007; x_wconf 73' lang='lat' dir='ltr'><strong>enim</strong></span> <span class='ocrx_word' id='word_1_124' title='bbox 1173 1954 1504 2023; x_wconf 89' lang='lat' dir='ltr'><strong>principatu,</strong></span> <span class='ocrx_word' id='word_1_125' title='bbox 1562 1962 1830 2022; x_wconf 82' lang='lat' dir='ltr'><strong>potestate</strong></span> <span class='ocrx_word' id='word_1_126' title='bbox 1870 1963 1923 2008; x_wconf 89' lang='lat' dir='ltr'><strong>et</strong></span> <span class='ocrx_word' id='word_1_127' title='bbox 1971 1953 2066 2007; x_wconf 91' lang='lat' dir='ltr'><strong>vir-</strong></span> 
     </span>
    </p>
   </div>
   <div class='ocr_carea' id='block_1_17' title="bbox 2175 1929 3711 2023">
    <p class='ocr_par' dir='ltr' id='par_1_17' title="bbox 2182 1943 3711 2021">
     <span class='ocr_line' id='line_1_17' title="bbox 2182 1943 3711 2021; baseline -0.005 -19"><span class='ocrx_word' id='word_1_128' title='bbox 2182 1948 2368 2021; x_wconf 87' lang='grc' dir='ltr'>θείσης</span> <span class='ocrx_word' id='word_1_129' title='bbox 2394 1949 2574 2020; x_wconf 83' lang='grc' dir='ltr'><strong>πάσης</strong></span> <span class='ocrx_word' id='word_1_130' title='bbox 2601 1947 2777 2020; x_wconf 76' lang='grc' dir='ltr'>ἀρχῆς</span> <span class='ocrx_word' id='word_1_131' title='bbox 2803 1965 2864 2001; x_wconf 88' lang='grc' dir='ltr'><strong>τε</strong></span> <span class='ocrx_word' id='word_1_132' title='bbox 2916 1948 3010 2000; x_wconf 74' lang='grc' dir='ltr'>καὶ</span> <span class='ocrx_word' id='word_1_133' title='bbox 3041 1946 3308 2013; x_wconf 81' lang='grc' dir='ltr'>ἐξουσίας,</span> <span class='ocrx_word' id='word_1_134' title='bbox 3336 1945 3435 2000; x_wconf 80' lang='grc' dir='ltr'><strong>καί</strong></span> <span class='ocrx_word' id='word_1_135' title='bbox 3462 1943 3711 2014; x_wconf 78' lang='grc' dir='ltr'>δυνάμεως.</span> 
     </span>
    </p>
   </div>
   <div class='ocr_carea' id='block_1_18' title="bbox 504 2041 2078 2116">
    <p class='ocr_par' dir='ltr' id='par_1_18' title="bbox 504 2041 2078 2116">
     <span class='ocr_line' id='line_1_18' title="bbox 504 2041 2078 2116; baseline 0.001 -18"><span class='ocrx_word' id='word_1_136' title='bbox 504 2053 619 2098; x_wconf 90' lang='lat' dir='ltr'><strong>tute</strong></span> <span class='ocrx_word' id='word_1_137' title='bbox 667 2043 884 2101; x_wconf 82' lang='lat' dir='ltr'><strong>deletis.</strong></span> <span class='ocrx_word' id='word_1_138' title='bbox 916 2041 939 2116; x_wconf 90' lang='lat'>]</span> <span class='ocrx_word' id='word_1_139' title='bbox 974 2043 1150 2098; x_wconf 82' lang='lat' dir='ltr'><strong>Movet</strong></span> <span class='ocrx_word' id='word_1_140' title='bbox 1192 2054 1374 2097; x_wconf 90' lang='lat' dir='ltr'><strong>autem</strong></span> <span class='ocrx_word' id='word_1_141' title='bbox 1412 2059 1497 2098; x_wconf 91' lang='lat' dir='ltr'><strong>me</strong></span> <span class='ocrx_word' id='word_1_142' title='bbox 1529 2053 1585 2098; x_wconf 89' lang='lat' dir='ltr'><strong>ut</strong></span> <span class='ocrx_word' id='word_1_143' title='bbox 1627 2047 1843 2100; x_wconf 88' lang='lat' dir='ltr'><strong>credam</strong></span> <span class='ocrx_word' id='word_1_144' title='bbox 1878 2045 2078 2114; x_wconf 81' lang='lat' dir='ltr'><strong>princi-</strong></span> 
     </span>
    </p>
   </div>
   <div class='ocr_carea' id='block_1_19' title="bbox 498 2136 2075 2205">
    <p class='ocr_par' dir='ltr' id='par_1_19' title="bbox 498 2136 2075 2205">
     <span class='ocr_line' id='line_1_19' title="bbox 498 2136 2075 2205; baseline 0.001 -16"><span class='ocrx_word' id='word_1_145' title='bbox 498 2145 684 2205; x_wconf 78' lang='lat' dir='ltr'><strong>patum</strong></span> <span class='ocrx_word' id='word_1_146' title='bbox 712 2150 931 2190; x_wconf 85' lang='lat' dir='ltr'><strong>omnem</strong></span> <span class='ocrx_word' id='word_1_147' title='bbox 961 2175 976 2199; x_wconf 96' lang='lat'><strong>,</strong></span> <span class='ocrx_word' id='word_1_148' title='bbox 1007 2145 1061 2190; x_wconf 87' lang='lat' dir='ltr'><strong>et</strong></span> <span class='ocrx_word' id='word_1_149' title='bbox 1093 2144 1417 2205; x_wconf 85' lang='lat' dir='ltr'><strong>potestatem</strong></span> <span class='ocrx_word' id='word_1_150' title='bbox 1448 2150 1686 2202; x_wconf 90' lang='lat' dir='ltr'><strong>omnem,</strong></span> <span class='ocrx_word' id='word_1_151' title='bbox 1731 2144 1787 2189; x_wconf 90' lang='lat' dir='ltr'><strong>et</strong></span> <span class='ocrx_word' id='word_1_152' title='bbox 1823 2136 2075 2190; x_wconf 81' lang='lat' dir='ltr'><strong>virtutem</strong></span> 
     </span>
    </p>
   </div>
   <div class='ocr_carea' id='block_1_20' title="bbox 499 2226 2079 2297">
    <p class='ocr_par' dir='ltr' id='par_1_20' title="bbox 499 2226 2079 2297">
     <span class='ocr_line' id='line_1_20' title="bbox 499 2226 2079 2297; baseline -0.001 -15"><span class='ocrx_word' id='word_1_153' title='bbox 499 2241 718 2282; x_wconf 90' lang='lat' dir='ltr'><strong>omnem</strong></span> <span class='ocrx_word' id='word_1_154' title='bbox 749 2241 868 2297; x_wconf 74' lang='lat' dir='ltr'><strong>quae</strong></span> <span class='ocrx_word' id='word_1_155' title='bbox 893 2226 1273 2293; x_wconf 77' lang='lat' dir='ltr'><strong>destruantur,</strong></span> <span class='ocrx_word' id='word_1_156' title='bbox 1303 2241 1364 2281; x_wconf 90' lang='lat' dir='ltr'><strong>ea</strong></span> <span class='ocrx_word' id='word_1_157' title='bbox 1394 2240 1514 2281; x_wconf 86' lang='lat' dir='ltr'><strong>esse</strong></span> <span class='ocrx_word' id='word_1_158' title='bbox 1554 2227 1814 2281; x_wconf 84' lang='lat' dir='ltr'><strong>adversus</strong></span> <span class='ocrx_word' id='word_1_159' title='bbox 1839 2241 1959 2296; x_wconf 68' lang='lat' dir='ltr'><strong>quae</strong></span> <span class='ocrx_word' id='word_1_160' title='bbox 1981 2242 2079 2281; x_wconf 87' lang='lat' dir='ltr'><strong>no-</strong></span> 
     </span>
    </p>
   </div>
   <div class='ocr_carea' id='block_1_21' title="bbox 500 2318 2076 2389">
    <p class='ocr_par' dir='ltr' id='par_1_21' title="bbox 500 2318 2076 2389">
     <span class='ocr_line' id='line_1_21' title="bbox 500 2318 2076 2389; baseline 0 -16"><span class='ocrx_word' id='word_1_161' title='bbox 500 2318 586 2373; x_wconf 91' lang='lat' dir='ltr'><strong>bis</strong></span> <span class='ocrx_word' id='word_1_162' title='bbox 633 2318 703 2372; x_wconf 90' lang='lat' dir='ltr'><strong>sit</strong></span> <span class='ocrx_word' id='word_1_163' title='bbox 751 2333 949 2389; x_wconf 77' lang='lat' dir='ltr'><strong>pugna,</strong></span> <span class='ocrx_word' id='word_1_164' title='bbox 982 2332 1047 2373; x_wconf 89' lang='lat' dir='ltr'><strong>eo</strong></span> <span class='ocrx_word' id='word_1_165' title='bbox 1079 2318 1223 2387; x_wconf 92' lang='lat' dir='ltr'><strong>quod</strong></span> <span class='ocrx_word' id='word_1_166' title='bbox 1257 2318 1342 2373; x_wconf 89' lang='lat' dir='ltr'><strong>bis</strong></span> <span class='ocrx_word' id='word_1_167' title='bbox 1376 2333 1495 2388; x_wconf 66' lang='lat' dir='ltr'><strong>qua?</strong></span> <span class='ocrx_word' id='word_1_168' title='bbox 1543 2318 1742 2375; x_wconf 85' lang='lat' dir='ltr'><strong>Paulus</strong></span> <span class='ocrx_word' id='word_1_169' title='bbox 1789 2318 1927 2374; x_wconf 82' lang='lat' dir='ltr'><strong>dixit</strong></span> <span class='ocrx_word' id='word_1_170' title='bbox 1955 2335 2076 2373; x_wconf 86' lang='lat' dir='ltr'><strong>mox</strong></span> 
     </span>
    </p>
   </div>
   <div class='ocr_carea' id='block_1_22' title="bbox 503 2410 2079 2483">
    <p class='ocr_par' dir='ltr' id='par_1_22' title="bbox 503 2410 2079 2483">
     <span class='ocr_line' id='line_1_22' title="bbox 503 2410 2079 2483; baseline -0.001 -17"><span class='ocrx_word' id='word_1_171' title='bbox 503 2410 865 2481; x_wconf 75' lang='lat' dir='ltr'><strong>subiungatur</strong></span> <span class='ocrx_word' id='word_1_172' title='bbox 898 2426 914 2466; x_wconf 90' lang='lat'><strong>:</strong></span> <span class='ocrx_word' id='word_1_173' title='bbox 957 2429 976 2464; x_wconf 79' lang='grc' dir='ltr'><strong>ι</strong></span> <span class='ocrx_word' id='word_1_174' title='bbox 1014 2412 1241 2482; x_wconf 88' lang='lat' dir='ltr'><strong>Oportet</strong></span> <span class='ocrx_word' id='word_1_175' title='bbox 1276 2411 1421 2466; x_wconf 86' lang='lat' dir='ltr'><strong>enim</strong></span> <span class='ocrx_word' id='word_1_176' title='bbox 1469 2426 1592 2465; x_wconf 92' lang='lat' dir='ltr'><strong>eum</strong></span> <span class='ocrx_word' id='word_1_177' title='bbox 1625 2427 1876 2483; x_wconf 81' lang='lat' dir='ltr'><strong>regnare,</strong></span> <span class='ocrx_word' id='word_1_178' title='bbox 1905 2413 2079 2467; x_wconf 87' lang='lat' dir='ltr'><strong>donec</strong></span> 
     </span>
    </p>
   </div>
   <div class='ocr_carea' id='block_1_23' title="bbox 502 2501 2079 2574">
    <p class='ocr_par' dir='ltr' id='par_1_23' title="bbox 502 2501 2079 2574">
     <span class='ocr_line' id='line_1_23' title="bbox 502 2501 2079 2574; baseline 0.001 -18"><span class='ocrx_word' id='word_1_179' title='bbox 502 2502 743 2574; x_wconf 87' lang='lat' dir='ltr'><strong>posuerit</strong></span> <span class='ocrx_word' id='word_1_180' title='bbox 766 2517 956 2558; x_wconf 89' lang='lat' dir='ltr'><strong>omnes</strong></span> <span class='ocrx_word' id='word_1_181' title='bbox 979 2502 1230 2557; x_wconf 91' lang='lat' dir='ltr'><strong>inimicos</strong></span> <span class='ocrx_word' id='word_1_182' title='bbox 1249 2501 1351 2557; x_wconf 88' lang='lat' dir='ltr'><strong>sub</strong></span> <span class='ocrx_word' id='word_1_183' title='bbox 1380 2503 1543 2572; x_wconf 89' lang='lat' dir='ltr'><strong>pedes</strong></span> <span class='ocrx_word' id='word_1_184' title='bbox 1567 2518 1730 2558; x_wconf 90' lang='lat' dir='ltr'><strong>suos:</strong></span> <span class='ocrx_word' id='word_1_185' title='bbox 1760 2503 1954 2561; x_wconf 86' lang='lat' dir='ltr'><strong>deinde</strong></span> <span class='ocrx_word' id='word_1_186' title='bbox 1983 2519 2079 2558; x_wconf 91' lang='lat' dir='ltr'><strong>no-</strong></span> 
     </span>
    </p>
   </div>
   <div class='ocr_carea' id='block_1_24' title="bbox 500 2593 2077 2666">
    <p class='ocr_par' dir='ltr' id='par_1_24' title="bbox 500 2593 2077 2666">
     <span class='ocr_line' id='line_1_24' title="bbox 500 2593 2077 2666; baseline 0.004 -21"><span class='ocrx_word' id='word_1_187' title='bbox 500 2594 757 2649; x_wconf 87' lang='lat' dir='ltr'><strong>vissimus</strong></span> <span class='ocrx_word' id='word_1_188' title='bbox 804 2593 979 2649; x_wconf 86' lang='lat' dir='ltr'><strong>hostis</strong></span> <span class='ocrx_word' id='word_1_189' title='bbox 1022 2593 1307 2648; x_wconf 88' lang='lat' dir='ltr'><strong>aboleatur</strong></span> <span class='ocrx_word' id='word_1_190' title='bbox 1340 2609 1485 2650; x_wconf 89' lang='lat' dir='ltr'><strong>mors</strong></span> <span class='ocrx_word' id='word_1_191' title='bbox 1508 2594 1595 2662; x_wconf 77' lang='grc' dir='ltr'><strong>⁵¹ς</strong></span> <span class='ocrx_word' id='word_1_192' title='bbox 1643 2615 1662 2650; x_wconf 68' lang='grc' dir='ltr'><strong>ι</strong></span> <span class='ocrx_word' id='word_1_193' title='bbox 1697 2597 1840 2666; x_wconf 90' lang='lat' dir='ltr'><strong>quod</strong></span> <span class='ocrx_word' id='word_1_194' title='bbox 1897 2597 2077 2666; x_wconf 77' lang='lat' dir='ltr'><strong>prole-</strong></span> 
     </span>
    </p>
   </div>
   <div class='ocr_carea' id='block_1_25' title="bbox 502 2685 2073 2752">
    <p class='ocr_par' dir='ltr' id='par_1_25' title="bbox 502 2685 2073 2752">
     <span class='ocr_line' id='line_1_25' title="bbox 502 2685 2073 2752; baseline 0.003 -16"><span class='ocrx_word' id='word_1_195' title='bbox 502 2693 589 2738; x_wconf 91' lang='lat' dir='ltr'><strong>cto</strong></span> <span class='ocrx_word' id='word_1_196' title='bbox 625 2699 746 2737; x_wconf 90' lang='lat' dir='ltr'><strong>cum</strong></span> <span class='ocrx_word' id='word_1_197' title='bbox 800 2685 903 2739; x_wconf 86' lang='lat' dir='ltr'><strong>hoc</strong></span> <span class='ocrx_word' id='word_1_198' title='bbox 954 2686 1125 2752; x_wconf 89' lang='lat' dir='ltr'><strong>dicto,</strong></span> <span class='ocrx_word' id='word_1_199' title='bbox 1193 2704 1213 2738; x_wconf 74' lang='grc' dir='ltr'><strong>ι</strong></span> <span class='ocrx_word' id='word_1_200' title='bbox 1266 2685 1459 2743; x_wconf 88' lang='lat' dir='ltr'><strong>Omnia</strong></span> <span class='ocrx_word' id='word_1_201' title='bbox 1509 2686 1653 2742; x_wconf 86' lang='lat' dir='ltr'><strong>dedit</strong></span> <span class='ocrx_word' id='word_1_202' title='bbox 1701 2687 1773 2742; x_wconf 89' lang='lat' dir='ltr'><strong>illi</strong></span> <span class='ocrx_word' id='word_1_203' title='bbox 1806 2685 1970 2742; x_wconf 89' lang='lat' dir='ltr'><strong>Pater</strong></span> <span class='ocrx_word' id='word_1_204' title='bbox 2018 2686 2073 2741; x_wconf 91' lang='lat' dir='ltr'><strong>in</strong></span> 
     </span>
    </p>
   </div>
   <div class='ocr_carea' id='block_1_26' title="bbox 502 2774 2077 2849">
    <p class='ocr_par' dir='ltr' id='par_1_26' title="bbox 502 2774 2077 2849">
     <span class='ocr_line' id='line_1_26' title="bbox 502 2774 2077 2849; baseline 0.005 -23"><span class='ocrx_word' id='word_1_205' title='bbox 502 2788 694 2828; x_wconf 88' lang='lat' dir='ltr'><strong>manus</strong></span> <span class='ocrx_word' id='word_1_206' title='bbox 728 2774 847 2845; x_wconf 84' lang='lat' dir='ltr'><strong>ejus</strong></span> <span class='ocrx_word' id='word_1_207' title='bbox 874 2775 943 2841; x_wconf 79' lang='grc'><strong>⁵⁸,</strong></span> <span class='ocrx_word' id='word_1_208' title='bbox 984 2795 1002 2828; x_wconf 76' lang='grc' dir='ltr'><strong>ι</strong></span> <span class='ocrx_word' id='word_1_209' title='bbox 1045 2778 1333 2845; x_wconf 89' lang='lat' dir='ltr'><strong>convenit;</strong></span> <span class='ocrx_word' id='word_1_210' title='bbox 1387 2778 1438 2833; x_wconf 91' lang='lat' dir='ltr'><strong>id</strong></span> <span class='ocrx_word' id='word_1_211' title='bbox 1472 2779 1613 2849; x_wconf 89' lang='lat' dir='ltr'><strong>quod</strong></span> <span class='ocrx_word' id='word_1_212' title='bbox 1645 2779 1885 2848; x_wconf 86' lang='lat' dir='ltr'><strong>apertius</strong></span> <span class='ocrx_word' id='word_1_213' title='bbox 1910 2794 2077 2849; x_wconf 81' lang='lat' dir='ltr'><strong>expo-</strong></span> 
     </span>
    </p>
   </div>
   <div class='ocr_carea' id='block_1_27' title="bbox 500 2865 2073 2938">
    <p class='ocr_par' dir='ltr' id='par_1_27' title="bbox 500 2865 2073 2938">
     <span class='ocr_line' id='line_1_27' title="bbox 500 2865 2073 2938; baseline 0.004 -20"><span class='ocrx_word' id='word_1_214' title='bbox 500 2880 637 2921; x_wconf 84' lang='lat' dir='ltr'><strong>nens</strong></span> <span class='ocrx_word' id='word_1_215' title='bbox 667 2865 866 2922; x_wconf 86' lang='lat' dir='ltr'><strong>Paulus</strong></span> <span class='ocrx_word' id='word_1_216' title='bbox 896 2867 1075 2938; x_wconf 90' lang='lat' dir='ltr'><strong>inquit</strong></span> <span class='ocrx_word' id='word_1_217' title='bbox 1106 2885 1121 2924; x_wconf 89' lang='lat'>:</span> <span class='ocrx_word' id='word_1_218' title='bbox 1153 2887 1173 2921; x_wconf 77' lang='grc' dir='ltr'><strong>ι</strong></span> <span class='ocrx_word' id='word_1_219' title='bbox 1206 2868 1341 2924; x_wconf 88' lang='lat' dir='ltr'><strong>Cmn</strong></span> <span class='ocrx_word' id='word_1_220' title='bbox 1384 2879 1565 2923; x_wconf 88' lang='lat' dir='ltr'><strong>autem</strong></span> <span class='ocrx_word' id='word_1_221' title='bbox 1612 2870 1758 2925; x_wconf 86' lang='lat' dir='ltr'><strong>dicat</strong></span> <span class='ocrx_word' id='word_1_222' title='bbox 1782 2871 1964 2926; x_wconf 86' lang='lat' dir='ltr'><strong>omnia</strong></span> <span class='ocrx_word' id='word_1_223' title='bbox 1996 2870 2073 2925; x_wconf 89' lang='lat' dir='ltr'><strong>illi</strong></span> 
     </span>
    </p>
   </div>
   <div class='ocr_carea' id='block_1_28' title="bbox 500 2954 2072 3031">
    <p class='ocr_par' dir='ltr' id='par_1_28' title="bbox 500 2954 2072 3031">
     <span class='ocr_line' id='line_1_28' title="bbox 500 2954 2072 3031; baseline 0.005 -22"><span class='ocrx_word' id='word_1_224' title='bbox 500 2958 744 3025; x_wconf 76' lang='lat' dir='ltr'><strong>subjecta</strong></span> <span class='ocrx_word' id='word_1_225' title='bbox 779 2974 903 3014; x_wconf 89' lang='lat' dir='ltr'><strong>esse</strong></span> <span class='ocrx_word' id='word_1_226' title='bbox 930 2954 1165 3030; x_wconf 34' lang='lat' dir='ltr'><strong>,‘palam</strong></span> <span class='ocrx_word' id='word_1_227' title='bbox 1199 2969 1280 3016; x_wconf 89' lang='lat' dir='ltr'><strong>est</strong></span> <span class='ocrx_word' id='word_1_228' title='bbox 1329 2962 1707 3031; x_wconf 81' lang='lat' dir='ltr'><strong>excipiendum</strong></span> <span class='ocrx_word' id='word_1_229' title='bbox 1740 2976 1862 3017; x_wconf 89' lang='lat' dir='ltr'><strong>esse</strong></span> <span class='ocrx_word' id='word_1_230' title='bbox 1907 2976 2028 3018; x_wconf 91' lang='lat' dir='ltr'><strong>eum</strong></span> <span class='ocrx_word' id='word_1_231' title='bbox 2054 3003 2072 3029; x_wconf 93' lang='lat'><strong>,</strong></span> 
     </span>
    </p>
   </div>
   <div class='ocr_carea' id='block_1_29' title="bbox 499 3051 2072 3128">
    <p class='ocr_par' dir='ltr' id='par_1_29' title="bbox 499 3051 2072 3128">
     <span class='ocr_line' id='line_1_29' title="bbox 499 3051 2072 3128; baseline 0.004 -23"><span class='ocrx_word' id='word_1_232' title='bbox 499 3051 588 3118; x_wconf 88' lang='lat' dir='ltr'><strong>qui</strong></span> <span class='ocrx_word' id='word_1_233' title='bbox 607 3051 840 3121; x_wconf 85' lang='lat' dir='ltr'><strong>subjecit</strong></span> <span class='ocrx_word' id='word_1_234' title='bbox 870 3052 947 3107; x_wconf 92' lang='lat' dir='ltr'><strong>illi</strong></span> <span class='ocrx_word' id='word_1_235' title='bbox 978 3054 1161 3108; x_wconf 88' lang='lat' dir='ltr'><strong>omnia</strong></span> <span class='ocrx_word' id='word_1_236' title='bbox 1181 3054 1247 3109; x_wconf 81' lang='grc'><strong>⁸⁸.</strong></span> <span class='ocrx_word' id='word_1_237' title='bbox 1282 3072 1301 3105; x_wconf 72' lang='grc' dir='ltr'><strong>ι</strong></span> <span class='ocrx_word' id='word_1_238' title='bbox 1334 3054 1429 3109; x_wconf 88' lang='lat' dir='ltr'><strong>Sin</strong></span> <span class='ocrx_word' id='word_1_239' title='bbox 1461 3062 1588 3110; x_wconf 81' lang='lat' dir='ltr'><strong>vero</strong></span> <span class='ocrx_word' id='word_1_240' title='bbox 1623 3056 1803 3111; x_wconf 88' lang='lat' dir='ltr'><strong>omnia</strong></span> <span class='ocrx_word' id='word_1_241' title='bbox 1831 3056 2072 3128; x_wconf 88' lang='lat' dir='ltr'><strong>subjecta</strong></span> 
     </span>
    </p>
   </div>
   <div class='ocr_carea' id='block_1_30' title="bbox 499 3141 2070 3219">
    <p class='ocr_par' dir='ltr' id='par_1_30' title="bbox 499 3141 2070 3219">
     <span class='ocr_line' id='line_1_30' title="bbox 499 3141 2070 3219; baseline 0.005 -24"><span class='ocrx_word' id='word_1_242' title='bbox 499 3141 654 3198; x_wconf 81' lang='lat' dir='ltr'><strong>fuere</strong></span> <span class='ocrx_word' id='word_1_243' title='bbox 670 3152 870 3212; x_wconf 58' lang='lat' dir='ltr'><strong>praeter</strong></span> <span class='ocrx_word' id='word_1_244' title='bbox 889 3159 1009 3199; x_wconf 91' lang='lat' dir='ltr'><strong>eum</strong></span> <span class='ocrx_word' id='word_1_245' title='bbox 1035 3145 1129 3215; x_wconf 89' lang='lat' dir='ltr'><strong>qui</strong></span> <span class='ocrx_word' id='word_1_246' title='bbox 1152 3146 1385 3214; x_wconf 80' lang='lat' dir='ltr'><strong>subjecit</strong></span> <span class='ocrx_word' id='word_1_247' title='bbox 1401 3145 1477 3200; x_wconf 91' lang='lat' dir='ltr'><strong>illi</strong></span> <span class='ocrx_word' id='word_1_248' title='bbox 1504 3146 1705 3211; x_wconf 88' lang='lat' dir='ltr'><strong>omnia,</strong></span> <span class='ocrx_word' id='word_1_249' title='bbox 1724 3148 2070 3219; x_wconf 85' lang='lat' dir='ltr'><strong>perspicuum</strong></span> 
     </span>
    </p>
   </div>
   <div class='ocr_carea' id='block_1_31' title="bbox 497 3225 2066 3328">
    <p class='ocr_par' dir='ltr' id='par_1_31' title="bbox 497 3234 2066 3307">
     <span class='ocr_line' id='line_1_31' title="bbox 497 3234 2066 3307; baseline 0.004 -18"><span class='ocrx_word' id='word_1_250' title='bbox 497 3243 582 3289; x_wconf 82' lang='lat' dir='ltr'><strong>est</strong></span> <span class='ocrx_word' id='word_1_251' title='bbox 607 3234 750 3304; x_wconf 89' lang='lat' dir='ltr'><strong>quod</strong></span> <span class='ocrx_word' id='word_1_252' title='bbox 769 3245 822 3290; x_wconf 89' lang='lat' dir='ltr'><strong>et</strong></span> <span class='ocrx_word' id='word_1_253' title='bbox 848 3235 895 3290; x_wconf 90' lang='lat' dir='ltr'><strong>is</strong></span> <span class='ocrx_word' id='word_1_254' title='bbox 934 3236 1000 3291; x_wconf 88' lang='lat' dir='ltr'><strong>de</strong></span> <span class='ocrx_word' id='word_1_255' title='bbox 1030 3251 1138 3307; x_wconf 93' lang='lat' dir='ltr'><strong>quo</strong></span> <span class='ocrx_word' id='word_1_256' title='bbox 1166 3238 1428 3307; x_wconf 89' lang='lat' dir='ltr'><strong>scriptum</strong></span> <span class='ocrx_word' id='word_1_257' title='bbox 1457 3246 1578 3302; x_wconf 88' lang='lat' dir='ltr'><strong>est,</strong></span> <span class='ocrx_word' id='word_1_258' title='bbox 1608 3255 1626 3288; x_wconf 79' lang='grc' dir='ltr'><strong>ι</strong></span> <span class='ocrx_word' id='word_1_259' title='bbox 1659 3238 1854 3294; x_wconf 88' lang='lat' dir='ltr'><strong>Coram</strong></span> <span class='ocrx_word' id='word_1_260' title='bbox 1889 3238 2066 3295; x_wconf 92' lang='lat' dir='ltr'><strong>Domi-</strong></span> 
     </span>
    </p>
   </div>
   <div class='ocr_carea' id='block_1_32' title="bbox 2175 3225 3723 3328">
    <p class='ocr_par' dir='ltr' id='par_1_32' title="bbox 2175 3225 3723 3303">
     <span class='ocr_line' id='line_1_32' title="bbox 2175 3225 3723 3303; baseline -0.008 -14"><span class='ocrx_word' id='word_1_261' title='bbox 2175 3235 2349 3300; x_wconf 85' lang='grc' dir='ltr'>λίασε,</span> <span class='ocrx_word' id='word_1_262' title='bbox 2371 3252 2389 3285; x_wconf 74' lang='grc' dir='ltr'><strong>ι</strong></span> <span class='ocrx_word' id='word_1_263' title='bbox 2423 3232 2532 3286; x_wconf 87' lang='grc' dir='ltr'><strong>τῶν</strong></span> <span class='ocrx_word' id='word_1_264' title='bbox 2548 3230 3003 3303; x_wconf 80' lang='grc' dir='ltr'><strong>ὑποτασσομένων</strong></span> <span class='ocrx_word' id='word_1_265' title='bbox 3030 3229 3179 3300; x_wconf 84' lang='grc' dir='ltr'><strong>αὑτῷ</strong></span> <span class='ocrx_word' id='word_1_266' title='bbox 3203 3228 3383 3294; x_wconf 79' lang='grc' dir='ltr'>ἔσται,</span> <span class='ocrx_word' id='word_1_267' title='bbox 3416 3225 3723 3300; x_wconf 73' lang='grc' dir='ltr'>νικηθεὶςὲπὶ</span> 
     </span>
    </p>
   </div>
   <div class='ocr_carea' id='block_1_33' title="bbox 499 3317 2066 3399">
    <p class='ocr_par' dir='ltr' id='par_1_33' title="bbox 499 3326 2066 3398">
     <span class='ocr_line' id='line_1_33' title="bbox 499 3326 2066 3398; baseline 0.004 -19"><span class='ocrx_word' id='word_1_268' title='bbox 499 3340 571 3380; x_wconf 86' lang='lat' dir='ltr'><strong>no</strong></span> <span class='ocrx_word' id='word_1_269' title='bbox 624 3326 997 3395; x_wconf 91' lang='lat' dir='ltr'><strong>omnipotente</strong></span> <span class='ocrx_word' id='word_1_270' title='bbox 1045 3326 1242 3382; x_wconf 84' lang='lat' dir='ltr'><strong>collum</strong></span> <span class='ocrx_word' id='word_1_271' title='bbox 1291 3327 1454 3398; x_wconf 80' lang='lat' dir='ltr'><strong>fregit</strong></span> <span class='ocrx_word' id='word_1_272' title='bbox 1503 3328 1572 3393; x_wconf 75' lang='lat'><strong>“,</strong></span> <span class='ocrx_word' id='word_1_273' title='bbox 1631 3347 1649 3381; x_wconf 75' lang='grc' dir='ltr'><strong>ι</strong></span> <span class='ocrx_word' id='word_1_274' title='bbox 1703 3330 1808 3384; x_wconf 90' lang='lat' dir='ltr'><strong>erit</strong></span> <span class='ocrx_word' id='word_1_275' title='bbox 1858 3346 1924 3385; x_wconf 80' lang='lat' dir='ltr'><strong>ex</strong></span> <span class='ocrx_word' id='word_1_276' title='bbox 1983 3332 2066 3387; x_wconf 90' lang='lat' dir='ltr'><strong>his</strong></span> 
     </span>
    </p>
   </div>
   <div class='ocr_carea' id='block_1_34' title="bbox 2175 3317 3720 3399">
    <p class='ocr_par' dir='ltr' id='par_1_34' title="bbox 2175 3317 3720 3399">
     <span class='ocr_line' id='line_1_34' title="bbox 2175 3317 3720 3399; baseline -0.008 -17"><span class='ocrx_word' id='word_1_277' title='bbox 2175 3327 2249 3399; x_wconf 81' lang='grc' dir='ltr'>τῷ</span> <span class='ocrx_word' id='word_1_278' title='bbox 2280 3322 2419 3394; x_wconf 72' lang='grc' dir='ltr'>εἶξαι</span> <span class='ocrx_word' id='word_1_279' title='bbox 2440 3324 2517 3397; x_wconf 86' lang='grc' dir='ltr'>τῷ</span> <span class='ocrx_word' id='word_1_280' title='bbox 2532 3324 2710 3396; x_wconf 84' lang='grc' dir='ltr'>Λόγῳ,</span> <span class='ocrx_word' id='word_1_281' title='bbox 2734 3324 2828 3377; x_wconf 78' lang='grc' dir='ltr'>καὶ</span> <span class='ocrx_word' id='word_1_282' title='bbox 2847 3322 3188 3393; x_wconf 76' lang='grc' dir='ltr'><strong>ὑποταγῆναι</strong></span> <span class='ocrx_word' id='word_1_283' title='bbox 3208 3325 3273 3394; x_wconf 82' lang='grc' dir='ltr'>τῇ</span> <span class='ocrx_word' id='word_1_284' title='bbox 3300 3324 3475 3377; x_wconf 87' lang='grc' dir='ltr'>εἰκόνι</span> <span class='ocrx_word' id='word_1_285' title='bbox 3490 3322 3577 3375; x_wconf 86' lang='grc' dir='ltr'><strong>τοῦ</strong></span> <span class='ocrx_word' id='word_1_286' title='bbox 3596 3317 3720 3379; x_wconf 83' lang='grc' dir='ltr'>Θεοῦ,</span> 
     </span>
    </p>
   </div>
   <div class='ocr_carea' id='block_1_35' title="bbox 498 3412 2067 3488">
    <p class='ocr_par' dir='ltr' id='par_1_35' title="bbox 498 3412 2067 3488">
     <span class='ocr_line' id='line_1_35' title="bbox 498 3412 2067 3488; baseline 0.005 -17"><span class='ocrx_word' id='word_1_287' title='bbox 498 3418 591 3488; x_wconf 89' lang='lat' dir='ltr'><strong>qui</strong></span> <span class='ocrx_word' id='word_1_288' title='bbox 644 3419 949 3483; x_wconf 82' lang='lat' dir='ltr'><strong>subduntur</strong></span> <span class='ocrx_word' id='word_1_289' title='bbox 982 3419 1100 3480; x_wconf 81' lang='lat' dir='ltr'><strong>illi;</strong></span> <span class='ocrx_word' id='word_1_290' title='bbox 1140 3419 1317 3475; x_wconf 88' lang='lat' dir='ltr'><strong>victus</strong></span> <span class='ocrx_word' id='word_1_291' title='bbox 1364 3427 1422 3474; x_wconf 91' lang='lat' dir='ltr'><strong>ut</strong></span> <span class='ocrx_word' id='word_1_292' title='bbox 1467 3421 1627 3476; x_wconf 86' lang='lat' dir='ltr'><strong>cedat</strong></span> <span class='ocrx_word' id='word_1_293' title='bbox 1672 3412 1944 3488; x_wconf 76' lang='lat' dir='ltr'><strong>Sermdni,</strong></span> <span class='ocrx_word' id='word_1_294' title='bbox 1975 3424 2067 3479; x_wconf 84' lang='lat' dir='ltr'><strong>Fi-</strong></span> 
     </span>
    </p>
   </div>
   <div class='ocr_carea' id='block_1_36' title="bbox 497 3507 2067 3579">
    <p class='ocr_par' dir='ltr' id='par_1_36' title="bbox 497 3507 2067 3579">
     <span class='ocr_line' id='line_1_36' title="bbox 497 3507 2067 3579; baseline 0.006 -18"><span class='ocrx_word' id='word_1_295' title='bbox 497 3507 573 3562; x_wconf 91' lang='lat' dir='ltr'><strong>lio</strong></span> <span class='ocrx_word' id='word_1_296' title='bbox 618 3508 736 3573; x_wconf 90' lang='lat' dir='ltr'><strong>Dei,</strong></span> <span class='ocrx_word' id='word_1_297' title='bbox 789 3518 843 3562; x_wconf 92' lang='lat' dir='ltr'><strong>et</strong></span> <span class='ocrx_word' id='word_1_298' title='bbox 878 3520 935 3564; x_wconf 89' lang='lat' dir='ltr'><strong>ut</strong></span> <span class='ocrx_word' id='word_1_299' title='bbox 970 3509 1236 3564; x_wconf 87' lang='lat' dir='ltr'><strong>subdatur</strong></span> <span class='ocrx_word' id='word_1_300' title='bbox 1290 3509 1512 3579; x_wconf 80' lang='lat' dir='ltr'><strong>imagini</strong></span> <span class='ocrx_word' id='word_1_301' title='bbox 1572 3511 1688 3577; x_wconf 85' lang='lat' dir='ltr'><strong>Dei,</strong></span> <span class='ocrx_word' id='word_1_302' title='bbox 1740 3521 1794 3566; x_wconf 87' lang='lat' dir='ltr'><strong>et</strong></span> <span class='ocrx_word' id='word_1_303' title='bbox 1835 3514 1905 3568; x_wconf 88' lang='lat' dir='ltr'><strong>sit</strong></span> <span class='ocrx_word' id='word_1_304' title='bbox 1938 3515 2067 3570; x_wconf 86' lang='lat' dir='ltr'><strong>sub-</strong></span> 
     </span>
    </p>
   </div>
   <div class='ocr_carea' id='block_1_37' title="bbox 498 3597 2070 3672">
    <p class='ocr_par' dir='ltr' id='par_1_37' title="bbox 498 3597 2070 3672">
     <span class='ocr_line' id='line_1_37' title="bbox 498 3597 2070 3672; baseline 0.003 -19"><span class='ocrx_word' id='word_1_305' title='bbox 498 3597 712 3653; x_wconf 88' lang='lat' dir='ltr'><strong>sellium</strong></span> <span class='ocrx_word' id='word_1_306' title='bbox 767 3599 970 3653; x_wconf 78' lang='lat' dir='ltr'><strong>Christi</strong></span> <span class='ocrx_word' id='word_1_307' title='bbox 1035 3598 1252 3669; x_wconf 85' lang='lat' dir='ltr'><strong>pedum.</strong></span> <span class='ocrx_word' id='word_1_308' title='bbox 1310 3597 1702 3655; x_wconf 84' lang='lat' dir='ltr'><strong>OEconomiam</strong></span> <span class='ocrx_word' id='word_1_309' title='bbox 1764 3602 1927 3672; x_wconf 81' lang='lat' dir='ltr'><strong>igitur</strong></span> <span class='ocrx_word' id='word_1_310' title='bbox 1981 3619 2070 3658; x_wconf 88' lang='lat' dir='ltr'><strong>as-</strong></span> 
     </span>
    </p>
   </div>
   <div class='ocr_carea' id='block_1_38' title="bbox 497 3687 2066 3767">
    <p class='ocr_par' dir='ltr' id='par_1_38' title="bbox 497 3687 2066 3767">
     <span class='ocr_line' id='line_1_38' title="bbox 497 3687 2066 3767; baseline 0.011 -26"><span class='ocrx_word' id='word_1_311' title='bbox 497 3687 704 3760; x_wconf 90' lang='lat' dir='ltr'><strong>piciens</strong></span> <span class='ocrx_word' id='word_1_312' title='bbox 748 3689 814 3745; x_wconf 87' lang='lat' dir='ltr'><strong>ad</strong></span> <span class='ocrx_word' id='word_1_313' title='bbox 867 3689 1069 3745; x_wconf 74' lang='lat' dir='ltr'><strong>bonum</strong></span> <span class='ocrx_word' id='word_1_314' title='bbox 1132 3689 1293 3745; x_wconf 80' lang='lat' dir='ltr'><strong>linem</strong></span> <span class='ocrx_word' id='word_1_315' title='bbox 1344 3689 1455 3759; x_wconf 84' lang='lat' dir='ltr'><strong>jam</strong></span> <span class='ocrx_word' id='word_1_316' title='bbox 1518 3693 1850 3759; x_wconf 84' lang='lat' dir='ltr'><strong>tendentem,</strong></span> <span class='ocrx_word' id='word_1_317' title='bbox 1900 3693 2066 3767; x_wconf 68' lang='grc' dir='ltr'><strong>ωε</strong></span> 
     </span>
    </p>
   </div>
   <div class='ocr_carea' id='block_1_39' title="bbox 497 3780 2070 3851">
    <p class='ocr_par' dir='ltr' id='par_1_39' title="bbox 497 3780 2070 3851">
     <span class='ocr_line' id='line_1_39' title="bbox 497 3780 2070 3851; baseline 0.007 -19"><span class='ocrx_word' id='word_1_318' title='bbox 497 3788 717 3849; x_wconf 79' lang='lat' dir='ltr'><strong>propter</strong></span> <span class='ocrx_word' id='word_1_319' title='bbox 786 3780 914 3835; x_wconf 91' lang='lat' dir='ltr'><strong>illud</strong></span> <span class='ocrx_word' id='word_1_320' title='bbox 963 3798 977 3835; x_wconf 91' lang='lat'><strong>:</strong></span> <span class='ocrx_word' id='word_1_321' title='bbox 1032 3797 1051 3832; x_wconf 78' lang='grc' dir='ltr'><strong>ι</strong></span> <span class='ocrx_word' id='word_1_322' title='bbox 1113 3780 1247 3837; x_wconf 87' lang='lat' dir='ltr'><strong>Cum</strong></span> <span class='ocrx_word' id='word_1_323' title='bbox 1285 3780 1401 3851; x_wconf 86' lang='lat' dir='ltr'><strong>jam</strong></span> <span class='ocrx_word' id='word_1_324' title='bbox 1460 3783 1780 3841; x_wconf 86' lang='lat' dir='ltr'><strong>immisisset</strong></span> <span class='ocrx_word' id='word_1_325' title='bbox 1824 3786 2070 3843; x_wconf 89' lang='lat' dir='ltr'><strong>diabolus</strong></span> 
     </span>
    </p>
   </div>
   <div class='ocr_carea' id='block_1_40' title="bbox 497 3870 2067 3948">
    <p class='ocr_par' dir='ltr' id='par_1_40' title="bbox 497 3870 2067 3948">
     <span class='ocr_line' id='line_1_40' title="bbox 497 3870 2067 3948; baseline 0.006 -22"><span class='ocrx_word' id='word_1_326' title='bbox 497 3872 551 3926; x_wconf 92' lang='lat' dir='ltr'><strong>in</strong></span> <span class='ocrx_word' id='word_1_327' title='bbox 600 3886 699 3927; x_wconf 90' lang='lat' dir='ltr'><strong>cor</strong></span> <span class='ocrx_word' id='word_1_328' title='bbox 743 3870 892 3929; x_wconf 70' lang='lat' dir='ltr'><strong>Iudae</strong></span> <span class='ocrx_word' id='word_1_329' title='bbox 942 3872 1180 3948; x_wconf 82' lang='lat' dir='ltr'><strong>Simonis</strong></span> <span class='ocrx_word' id='word_1_330' title='bbox 1244 3874 1557 3942; x_wconf 87' lang='lat' dir='ltr'><strong>lscariotis,</strong></span> <span class='ocrx_word' id='word_1_331' title='bbox 1605 3885 1663 3933; x_wconf 91' lang='lat' dir='ltr'><strong>ut</strong></span> <span class='ocrx_word' id='word_1_332' title='bbox 1701 3893 1823 3934; x_wconf 90' lang='lat' dir='ltr'><strong>eum</strong></span> <span class='ocrx_word' id='word_1_333' title='bbox 1869 3881 2067 3948; x_wconf 83' lang='lat' dir='ltr'><strong>prode-</strong></span> 
     </span>
    </p>
   </div>
   <div class='ocr_carea' id='block_1_41' title="bbox 493 3946 2067 4038">
    <p class='ocr_par' dir='ltr' id='par_1_41' title="bbox 493 3946 2067 4038">
     <span class='ocr_line' id='line_1_41' title="bbox 493 3946 2067 4038; baseline 0.006 -20"><span class='ocrx_word' id='word_1_334' title='bbox 493 3971 579 4019; x_wconf 87' lang='lat' dir='ltr'><strong>ret</strong></span> <span class='ocrx_word' id='word_1_335' title='bbox 601 3964 671 4028; x_wconf 81' lang='grc'><strong>⁸³,</strong></span> <span class='ocrx_word' id='word_1_336' title='bbox 702 3983 722 4016; x_wconf 77' lang='grc' dir='ltr'><strong>ι</strong></span> <span class='ocrx_word' id='word_1_337' title='bbox 750 3976 974 4022; x_wconf 87' lang='lat' dir='ltr'><strong>noverat</strong></span> <span class='ocrx_word' id='word_1_338' title='bbox 992 3946 1300 4023; x_wconf 34' lang='lat' dir='ltr'><strong>omniaisibi</strong></span> <span class='ocrx_word' id='word_1_339' title='bbox 1319 3968 1531 4025; x_wconf 91' lang='lat' dir='ltr'><strong>Patrem</strong></span> <span class='ocrx_word' id='word_1_340' title='bbox 1559 3970 1767 4027; x_wconf 87' lang='lat' dir='ltr'><strong>dedisse</strong></span> <span class='ocrx_word' id='word_1_341' title='bbox 1785 4011 1801 4038; x_wconf 93' lang='lat'><strong>,</strong></span> <span class='ocrx_word' id='word_1_342' title='bbox 1824 3946 2067 4028; x_wconf 81' lang='lat' dir='ltr'><strong>dedisse-</strong></span> 
     </span>
    </p>
   </div>
   <div class='ocr_carea' id='block_1_42' title="bbox 493 4056 2065 4125">
    <p class='ocr_par' dir='ltr' id='par_1_42' title="bbox 493 4056 2065 4125">
     <span class='ocr_line' id='line_1_42' title="bbox 493 4056 2065 4125; baseline 0.005 -16"><span class='ocrx_word' id='word_1_343' title='bbox 493 4069 599 4124; x_wconf 89' lang='lat' dir='ltr'><strong>que</strong></span> <span class='ocrx_word' id='word_1_344' title='bbox 634 4056 687 4109; x_wconf 93' lang='lat' dir='ltr'><strong>in</strong></span> <span class='ocrx_word' id='word_1_345' title='bbox 714 4071 904 4111; x_wconf 87' lang='lat' dir='ltr'><strong>manus</strong></span> <span class='ocrx_word' id='word_1_346' title='bbox 927 4057 1108 4111; x_wconf 91' lang='lat' dir='ltr'><strong>omnia</strong></span> <span class='ocrx_word' id='word_1_347' title='bbox 1133 4058 1412 4125; x_wconf 87' lang='lat' dir='ltr'><strong>capientes</strong></span> <span class='ocrx_word' id='word_1_348' title='bbox 1432 4099 1447 4123; x_wconf 97' lang='lat'><strong>,</strong></span> <span class='ocrx_word' id='word_1_349' title='bbox 1481 4069 1537 4115; x_wconf 90' lang='lat' dir='ltr'><strong>ut</strong></span> <span class='ocrx_word' id='word_1_350' title='bbox 1563 4061 1746 4115; x_wconf 90' lang='lat' dir='ltr'><strong>omnia</strong></span> <span class='ocrx_word' id='word_1_351' title='bbox 1773 4072 1954 4118; x_wconf 86' lang='lat' dir='ltr'><strong>essent</strong></span> <span class='ocrx_word' id='word_1_352' title='bbox 1988 4063 2065 4118; x_wconf 89' lang='lat' dir='ltr'><strong>illi</strong></span> 
     </span>
    </p>
   </div>
   <div class='ocr_carea' id='block_1_43' title="bbox 494 4148 2067 4216">
    <p class='ocr_par' dir='ltr' id='par_1_43' title="bbox 494 4148 2067 4216">
     <span class='ocr_line' id='line_1_43' title="bbox 494 4148 2067 4216; baseline 0.004 -14"><span class='ocrx_word' id='word_1_353' title='bbox 494 4148 797 4216; x_wconf 88' lang='lat' dir='ltr'><strong>mancipia;</strong></span> <span class='ocrx_word' id='word_1_354' title='bbox 826 4149 911 4203; x_wconf 90' lang='lat' dir='ltr'><strong>vel</strong></span> <span class='ocrx_word' id='word_1_355' title='bbox 937 4149 1120 4203; x_wconf 88' lang='lat' dir='ltr'><strong>omnia</strong></span> <span class='ocrx_word' id='word_1_356' title='bbox 1144 4149 1360 4205; x_wconf 83' lang='lat' dir='ltr'><strong>dedisse</strong></span> <span class='ocrx_word' id='word_1_357' title='bbox 1394 4150 1495 4206; x_wconf 88' lang='lat' dir='ltr'><strong>sibi</strong></span> <span class='ocrx_word' id='word_1_358' title='bbox 1538 4150 1753 4207; x_wconf 87' lang='lat' dir='ltr'><strong>Patrem</strong></span> <span class='ocrx_word' id='word_1_359' title='bbox 1791 4152 1844 4205; x_wconf 91' lang='lat' dir='ltr'><strong>in</strong></span> <span class='ocrx_word' id='word_1_360' title='bbox 1874 4168 2067 4210; x_wconf 88' lang='lat' dir='ltr'><strong>manus</strong></span> 
     </span>
    </p>
   </div>
   <div class='ocr_carea' id='block_1_44' title="bbox 493 4239 2060 4308">
    <p class='ocr_par' dir='ltr' id='par_1_44' title="bbox 493 4239 2060 4308">
     <span class='ocr_line' id='line_1_44' title="bbox 493 4239 2060 4308; baseline 0.004 -18"><span class='ocrx_word' id='word_1_361' title='bbox 493 4247 739 4301; x_wconf 87' lang='lat' dir='ltr'><strong>noverat,</strong></span> <span class='ocrx_word' id='word_1_362' title='bbox 789 4239 890 4291; x_wconf 89' lang='lat' dir='ltr'><strong>hoc</strong></span> <span class='ocrx_word' id='word_1_363' title='bbox 918 4249 1003 4292; x_wconf 91' lang='lat' dir='ltr'><strong>est</strong></span> <span class='ocrx_word' id='word_1_364' title='bbox 1052 4239 1103 4292; x_wconf 92' lang='lat' dir='ltr'><strong>in</strong></span> <span class='ocrx_word' id='word_1_365' title='bbox 1136 4239 1382 4294; x_wconf 90' lang='lat' dir='ltr'><strong>actiones</strong></span> <span class='ocrx_word' id='word_1_366' title='bbox 1413 4255 1539 4295; x_wconf 90' lang='lat' dir='ltr'><strong>suas</strong></span> <span class='ocrx_word' id='word_1_367' title='bbox 1582 4251 1637 4294; x_wconf 89' lang='lat' dir='ltr'><strong>et</strong></span> <span class='ocrx_word' id='word_1_368' title='bbox 1682 4253 1832 4297; x_wconf 80' lang='lat' dir='ltr'><strong>recte</strong></span> <span class='ocrx_word' id='word_1_369' title='bbox 1881 4242 2060 4308; x_wconf 80' lang='lat' dir='ltr'><strong>facta;</strong></span> 
     </span>
    </p>
   </div>
   <div class='ocr_carea' id='block_1_45' title="bbox 496 4326 2066 4401">
    <p class='ocr_par' dir='ltr' id='par_1_45' title="bbox 496 4326 2066 4401">
     <span class='ocr_line' id='line_1_45' title="bbox 496 4326 2066 4401; baseline 0.005 -22"><span class='ocrx_word' id='word_1_370' title='bbox 496 4342 618 4379; x_wconf 88' lang='lat' dir='ltr'><strong>nam</strong></span> <span class='ocrx_word' id='word_1_371' title='bbox 648 4344 667 4377; x_wconf 79' lang='grc' dir='ltr'><strong>ι</strong></span> <span class='ocrx_word' id='word_1_372' title='bbox 698 4326 874 4391; x_wconf 82' lang='lat' dir='ltr'><strong>Pater,</strong></span> <span class='ocrx_word' id='word_1_373' title='bbox 907 4345 927 4379; x_wconf 74' lang='grc' dir='ltr'><strong>ι</strong></span> <span class='ocrx_word' id='word_1_374' title='bbox 960 4328 1165 4397; x_wconf 90' lang='lat' dir='ltr'><strong>inquit,</strong></span> <span class='ocrx_word' id='word_1_375' title='bbox 1198 4347 1217 4381; x_wconf 79' lang='grc' dir='ltr'><strong>ι</strong></span> <span class='ocrx_word' id='word_1_376' title='bbox 1251 4345 1405 4385; x_wconf 86' lang='lat' dir='ltr'><strong>meus</strong></span> <span class='ocrx_word' id='word_1_377' title='bbox 1437 4332 1503 4384; x_wconf 90' lang='lat' dir='ltr'><strong>ad</strong></span> <span class='ocrx_word' id='word_1_378' title='bbox 1532 4332 1634 4389; x_wconf 88' lang='lat' dir='ltr'><strong>hoc</strong></span> <span class='ocrx_word' id='word_1_379' title='bbox 1667 4347 1835 4400; x_wconf 82' lang='lat' dir='ltr'><strong>usque</strong></span> <span class='ocrx_word' id='word_1_380' title='bbox 1863 4341 2066 4401; x_wconf 87' lang='lat' dir='ltr'><strong>tempo-</strong></span> 
     </span>
    </p>
   </div>
   <div class='ocr_carea' id='block_1_46' title="bbox 493 4418 2066 4494">
    <p class='ocr_par' dir='ltr' id='par_1_46' title="bbox 493 4418 2066 4494">
     <span class='ocr_line' id='line_1_46' title="bbox 493 4418 2066 4494; baseline 0.005 -23"><span class='ocrx_word' id='word_1_381' title='bbox 493 4418 569 4473; x_wconf 82' lang='lat' dir='ltr'><strong>ris</strong></span> <span class='ocrx_word' id='word_1_382' title='bbox 597 4428 873 4486; x_wconf 86' lang='lat' dir='ltr'><strong>operatur,</strong></span> <span class='ocrx_word' id='word_1_383' title='bbox 921 4428 977 4474; x_wconf 89' lang='lat' dir='ltr'><strong>et</strong></span> <span class='ocrx_word' id='word_1_384' title='bbox 1005 4435 1105 4490; x_wconf 79' lang='lat' dir='ltr'><strong>ego</strong></span> <span class='ocrx_word' id='word_1_385' title='bbox 1139 4435 1336 4491; x_wconf 87' lang='lat' dir='ltr'><strong>operor</strong></span> <span class='ocrx_word' id='word_1_386' title='bbox 1360 4421 1428 4476; x_wconf 82' lang='lat'><strong>“.</strong></span> <span class='ocrx_word' id='word_1_387' title='bbox 1461 4440 1481 4475; x_wconf 77' lang='grc' dir='ltr'><strong>ι</strong></span> <span class='ocrx_word' id='word_1_388' title='bbox 1533 4421 1805 4478; x_wconf 58' lang='lat' dir='ltr'><strong>Caeterum</strong></span> <span class='ocrx_word' id='word_1_389' title='bbox 1840 4436 2066 4494; x_wconf 87' lang='lat' dir='ltr'><strong>propter</strong></span> 
     </span>
    </p>
   </div>
   <div class='ocr_carea' id='block_1_47' title="bbox 424 4507 2058 4585">
    <p class='ocr_par' dir='ltr' id='par_1_47' title="bbox 424 4507 2058 4585">
     <span class='ocr_line' id='line_1_47' title="bbox 424 4507 2058 4585; baseline 0.006 -23"><span class='ocrx_word' id='word_1_390' title='bbox 424 4578 429 4585; x_wconf 11' lang='grc' dir='ltr'><strong>γ</strong></span> <span class='ocrx_word' id='word_1_391' title='bbox 491 4507 579 4562; x_wconf 84' lang='lat' dir='ltr'><strong>illa</strong></span> <span class='ocrx_word' id='word_1_392' title='bbox 601 4523 722 4578; x_wconf 73' lang='lat' dir='ltr'><strong>quae</strong></span> <span class='ocrx_word' id='word_1_393' title='bbox 745 4523 775 4562; x_wconf 88' lang='lat' dir='ltr'><strong>a</strong></span> <span class='ocrx_word' id='word_1_394' title='bbox 807 4508 914 4563; x_wconf 90' lang='lat' dir='ltr'><strong>Deo</strong></span> <span class='ocrx_word' id='word_1_395' title='bbox 947 4510 1197 4566; x_wconf 84' lang='lat' dir='ltr'><strong>exierant</strong></span> <span class='ocrx_word' id='word_1_396' title='bbox 1236 4514 1377 4567; x_wconf 82' lang='lat' dir='ltr'><strong>facta</strong></span> <span class='ocrx_word' id='word_1_397' title='bbox 1416 4524 1568 4569; x_wconf 80' lang='lat' dir='ltr'><strong>extra</strong></span> <span class='ocrx_word' id='word_1_398' title='bbox 1599 4515 1786 4581; x_wconf 89' lang='lat' dir='ltr'><strong>Deum,</strong></span> <span class='ocrx_word' id='word_1_399' title='bbox 1821 4525 1877 4569; x_wconf 89' lang='lat' dir='ltr'><strong>ct</strong></span> <span class='ocrx_word' id='word_1_400' title='bbox 1903 4526 2058 4572; x_wconf 82' lang='lat' dir='ltr'><strong>extra</strong></span> 
     </span>
    </p>
   </div>
   <div class='ocr_carea' id='block_1_48' title="bbox 1973 454 2299 513">
    <p class='ocr_par' dir='ltr' id='par_1_48' title="bbox 1973 454 2299 513">
     <span class='ocr_line' id='line_1_48' title="bbox 1973 454 2299 513; baseline -0.006 -1"><span class='ocrx_word' id='word_1_401' title='bbox 1973 454 2299 513; x_wconf 76' lang='lat' dir='ltr'><strong>ORIGENIS</strong></span> 
     </span>
    </p>
   </div>
   <div class='ocr_carea' id='block_1_49' title="bbox 501 533 2066 648">
    <p class='ocr_par' dir='ltr' id='par_1_49' title="bbox 501 572 2066 648">
     <span class='ocr_line' id='line_1_49' title="bbox 501 572 2066 648; baseline -0.001 -19"><span class='ocrx_word' id='word_1_402' title='bbox 501 573 810 633; x_wconf 88' lang='lat' dir='ltr'><strong>declaratur</strong></span> <span class='ocrx_word' id='word_1_403' title='bbox 859 590 923 631; x_wconf 88' lang='lat' dir='ltr'><strong>ex</strong></span> <span class='ocrx_word' id='word_1_404' title='bbox 956 574 1043 632; x_wconf 88' lang='lat' dir='ltr'><strong>his</strong></span> <span class='ocrx_word' id='word_1_405' title='bbox 1088 590 1209 648; x_wconf 69' lang='lat' dir='ltr'><strong>quae</strong></span> <span class='ocrx_word' id='word_1_406' title='bbox 1251 589 1380 632; x_wconf 85' lang='lat' dir='ltr'><strong>mox</strong></span> <span class='ocrx_word' id='word_1_407' title='bbox 1437 574 1562 631; x_wconf 90' lang='lat' dir='ltr'><strong>huic</strong></span> <span class='ocrx_word' id='word_1_408' title='bbox 1612 572 1779 644; x_wconf 88' lang='lat' dir='ltr'><strong>dicto,</strong></span> <span class='ocrx_word' id='word_1_409' title='bbox 1832 593 1850 626; x_wconf 86' lang='grc' dir='ltr'><strong>ι</strong></span> <span class='ocrx_word' id='word_1_410' title='bbox 1890 574 1983 630; x_wconf 90' lang='lat' dir='ltr'><strong>Sic</strong></span> <span class='ocrx_word' id='word_1_411' title='bbox 2036 573 2066 628; x_wconf 76' lang='lat' dir='ltr'><strong>ii</strong></span> 
     </span>
    </p>
   </div>
   <div class='ocr_carea' id='block_1_50' title="bbox 2175 533 3701 648">
    <p class='ocr_par' dir='ltr' id='par_1_50' title="bbox 2197 564 3701 642">
     <span class='ocr_line' id='line_1_50' title="bbox 2197 564 3701 642; baseline -0.001 -17"><span class='ocrx_word' id='word_1_412' title='bbox 2197 572 2477 642; x_wconf 83' lang='grc' dir='ltr'>συγχείται</span> <span class='ocrx_word' id='word_1_413' title='bbox 2524 570 2557 642; x_wconf 84' lang='grc' dir='ltr'><strong>ἡ</strong></span> <span class='ocrx_word' id='word_1_414' title='bbox 2585 567 2902 641; x_wconf 83' lang='grc' dir='ltr'><strong>δικαιοσύνη</strong></span> <span class='ocrx_word' id='word_1_415' title='bbox 2936 566 3030 622; x_wconf 89' lang='grc' dir='ltr'><strong>τοῦ</strong></span> <span class='ocrx_word' id='word_1_416' title='bbox 3059 564 3218 633; x_wconf 87' lang='grc' dir='ltr'>Θεοῦ,</span> <span class='ocrx_word' id='word_1_417' title='bbox 3247 566 3341 621; x_wconf 76' lang='grc' dir='ltr'>καὶ</span> <span class='ocrx_word' id='word_1_418' title='bbox 3367 569 3425 622; x_wconf 76' lang='grc' dir='ltr'>τὸ</span> <span class='ocrx_word' id='word_1_419' title='bbox 3456 570 3559 622; x_wconf 82' lang='grc' dir='ltr'>κατ’</span> <span class='ocrx_word' id='word_1_420' title='bbox 3589 570 3701 638; x_wconf 69' lang='grc' dir='ltr'>ἀξίω</span> 
     </span>
    </p>
   </div>
   <div class='ocr_carea' id='block_1_51' title="bbox 3566 454 3701 513">
    <p class='ocr_par' dir='ltr' id='par_1_51' title="bbox 3566 454 3701 513">
     <span class='ocr_line' id='line_1_51' title="bbox 3566 454 3701 513; baseline 0.015 -2"><span class='ocrx_word' id='word_1_421' title='bbox 3566 454 3575 463; x_wconf 85' lang='grc'><strong>’</strong></span> <span class='ocrx_word' id='word_1_422' title='bbox 3629 457 3701 513; x_wconf 68' lang='grc' dir='ltr'><strong>7ἰὶ</strong></span> 
     </span>
    </p>
   </div>
   <div class='ocr_carea' id='block_1_52' title="bbox 2186 660 3703 735">
    <p class='ocr_par' dir='ltr' id='par_1_52' title="bbox 2186 660 3703 735">
     <span class='ocr_line' id='line_1_52' title="bbox 2186 660 3703 735; baseline -0.002 -18"><span class='ocrx_word' id='word_1_423' title='bbox 2186 665 2415 717; x_wconf 79' lang='grc' dir='ltr'>ἕκαστον</span> <span class='ocrx_word' id='word_1_424' title='bbox 2453 661 2877 733; x_wconf 78' lang='grc' dir='ltr'>οἰκονομεῖσθαι·</span> <span class='ocrx_word' id='word_1_425' title='bbox 2911 661 3050 732; x_wconf 82' lang='grc' dir='ltr'>ὅπερ</span> <span class='ocrx_word' id='word_1_426' title='bbox 3083 660 3337 732; x_wconf 89' lang='grc' dir='ltr'>δηλοῦται</span> <span class='ocrx_word' id='word_1_427' title='bbox 3373 661 3703 735; x_wconf 66' lang='grc' dir='ltr'>ἐπιφερομένου</span> 
     </span>
    </p>
   </div>
   <div class='ocr_carea' id='block_1_53' title="bbox 2182 752 3701 828">
    <p class='ocr_par' dir='ltr' id='par_1_53' title="bbox 2182 752 3701 828">
     <span class='ocr_line' id='line_1_53' title="bbox 2182 752 3701 828; baseline 0.003 -21"><span class='ocrx_word' id='word_1_428' title='bbox 2182 755 2282 828; x_wconf 80' lang='grc' dir='ltr'><strong>τῷ,</strong></span> <span class='ocrx_word' id='word_1_429' title='bbox 2305 775 2325 808; x_wconf 73' lang='grc' dir='ltr'><strong>ι</strong></span> <span class='ocrx_word' id='word_1_430' title='bbox 2362 755 2549 820; x_wconf 75' lang='grc' dir='ltr'>Οὕτως</span> <span class='ocrx_word' id='word_1_431' title='bbox 2572 757 2629 809; x_wconf 85' lang='grc' dir='ltr'><strong>ἐν</strong></span> <span class='ocrx_word' id='word_1_432' title='bbox 2650 754 2730 826; x_wconf 80' lang='grc' dir='ltr'><strong>τῷ</strong></span> <span class='ocrx_word' id='word_1_433' title='bbox 2750 752 2974 827; x_wconf 86' lang='grc' dir='ltr'>Χριστῷ</span> <span class='ocrx_word' id='word_1_434' title='bbox 2990 753 3191 818; x_wconf 87' lang='grc' dir='ltr'>πάντες</span> <span class='ocrx_word' id='word_1_435' title='bbox 3219 753 3701 826; x_wconf 76' lang='grc' dir='ltr'>ζωοποιηθήσονται,ι</span> 
     </span>
    </p>
   </div>
   <div class='ocr_carea' id='block_1_54' title="bbox 2183 844 3704 917">
    <p class='ocr_par' dir='ltr' id='par_1_54' title="bbox 2183 844 3704 917">
     <span class='ocr_line' id='line_1_54' title="bbox 2183 844 3704 917; baseline 0.002 -17"><span class='ocrx_word' id='word_1_436' title='bbox 2183 845 2299 900; x_wconf 87' lang='grc' dir='ltr'>τοῦ·</span> <span class='ocrx_word' id='word_1_437' title='bbox 2340 866 2357 898; x_wconf 77' lang='grc' dir='ltr'><strong>ι</strong></span> <span class='ocrx_word' id='word_1_438' title='bbox 2394 846 2667 909; x_wconf 79' lang='grc' dir='ltr'>’Ἕκαστος</span> <span class='ocrx_word' id='word_1_439' title='bbox 2700 844 2757 899; x_wconf 84' lang='grc' dir='ltr'><strong>δέ</strong></span> <span class='ocrx_word' id='word_1_440' title='bbox 2790 846 2849 898; x_wconf 88' lang='grc' dir='ltr'><strong>ἐν</strong></span> <span class='ocrx_word' id='word_1_441' title='bbox 2876 845 2955 916; x_wconf 81' lang='grc' dir='ltr'>τῷ</span> <span class='ocrx_word' id='word_1_442' title='bbox 2993 845 3107 917; x_wconf 88' lang='grc' dir='ltr'>ἰδίῳ</span> <span class='ocrx_word' id='word_1_443' title='bbox 3133 845 3394 916; x_wconf 80' lang='grc' dir='ltr'><strong>τάγματι.</strong></span> <span class='ocrx_word' id='word_1_444' title='bbox 3438 865 3455 896; x_wconf 77' lang='grc' dir='ltr'><strong>ι</strong></span> <span class='ocrx_word' id='word_1_445' title='bbox 3485 846 3625 901; x_wconf 82' lang='grc' dir='ltr'>Πάλιν</span> <span class='ocrx_word' id='word_1_446' title='bbox 3663 867 3704 903; x_wconf 81' lang='grc' dir='ltr'><strong>τε</strong></span> 
     </span>
    </p>
   </div>
   <div class='ocr_carea' id='block_1_55' title="bbox 2183 938 3705 1010">
    <p class='ocr_par' dir='ltr' id='par_1_55' title="bbox 2183 938 3705 1010">
     <span class='ocr_line' id='line_1_55' title="bbox 2183 938 3705 1010; baseline 0 -18"><span class='ocrx_word' id='word_1_447' title='bbox 2183 938 2323 993; x_wconf 78' lang='grc' dir='ltr'>αὑτὰ</span> <span class='ocrx_word' id='word_1_448' title='bbox 2351 938 2625 1010; x_wconf 79' lang='grc' dir='ltr'><strong>διαφόρως</strong></span> <span class='ocrx_word' id='word_1_449' title='bbox 2646 940 2860 1010; x_wconf 87' lang='grc' dir='ltr'>νοήσεις</span> <span class='ocrx_word' id='word_1_450' title='bbox 2888 938 3147 1009; x_wconf 80' lang='grc' dir='ltr'><strong>τάγματα</strong></span> <span class='ocrx_word' id='word_1_451' title='bbox 3170 938 3281 991; x_wconf 85' lang='grc' dir='ltr'>τῶν</span> <span class='ocrx_word' id='word_1_452' title='bbox 3313 940 3371 993; x_wconf 90' lang='grc' dir='ltr'><strong>ἐν</strong></span> <span class='ocrx_word' id='word_1_453' title='bbox 3393 939 3593 1010; x_wconf 81' lang='grc' dir='ltr'>Χριστῷ</span> <span class='ocrx_word' id='word_1_454' title='bbox 3610 941 3705 1004; x_wconf 69' lang='grc' dir='ltr'><strong>ζωο-</strong></span> 
     </span>
    </p>
   </div>
   <div class='ocr_carea' id='block_1_56' title="bbox 2185 1029 3704 1103">
    <p class='ocr_par' dir='ltr' id='par_1_56' title="bbox 2185 1029 3704 1103">
     <span class='ocr_line' id='line_1_56' title="bbox 2185 1029 3704 1103; baseline 0 -18"><span class='ocrx_word' id='word_1_455' title='bbox 2185 1030 2655 1103; x_wconf 88' lang='grc' dir='ltr'>ποιηθησομένων,</span> <span class='ocrx_word' id='word_1_456' title='bbox 2701 1030 2789 1082; x_wconf 81' lang='grc' dir='ltr'>ὅτε</span> <span class='ocrx_word' id='word_1_457' title='bbox 2832 1029 3134 1102; x_wconf 81' lang='grc' dir='ltr'>πληροῦται</span> <span class='ocrx_word' id='word_1_458' title='bbox 3178 1030 3263 1095; x_wconf 82' lang='grc' dir='ltr'><strong>τὸ,</strong></span> <span class='ocrx_word' id='word_1_459' title='bbox 3298 1048 3317 1081; x_wconf 76' lang='grc' dir='ltr'><strong>ι</strong></span> <span class='ocrx_word' id='word_1_460' title='bbox 3359 1030 3532 1084; x_wconf 81' lang='grc' dir='ltr'>Πάντα</span> <span class='ocrx_word' id='word_1_461' title='bbox 3559 1030 3704 1085; x_wconf 66' lang='grc' dir='ltr'>ἔδωκεν</span> 
     </span>
    </p>
   </div>
   <div class='ocr_carea' id='block_1_57' title="bbox 2183 1119 3704 1194">
    <p class='ocr_par' dir='ltr' id='par_1_57' title="bbox 2183 1119 3704 1194">
     <span class='ocr_line' id='line_1_57' title="bbox 2183 1119 3704 1194; baseline -0.016 -16"><span class='ocrx_word' id='word_1_462' title='bbox 2183 1122 2332 1194; x_wconf 84' lang='grc' dir='ltr'>αὑτῷ</span> <span class='ocrx_word' id='word_1_463' title='bbox 2379 1125 2407 1176; x_wconf 91' lang='lat'><strong>6</strong></span> <span class='ocrx_word' id='word_1_464' title='bbox 2462 1121 2655 1194; x_wconf 84' lang='grc' dir='ltr'>Πατὴρ</span> <span class='ocrx_word' id='word_1_465' title='bbox 2707 1122 2788 1186; x_wconf 88' lang='grc' dir='ltr'><strong>εἰς</strong></span> <span class='ocrx_word' id='word_1_466' title='bbox 2844 1119 2941 1185; x_wconf 82' lang='grc' dir='ltr'>τὰς</span> <span class='ocrx_word' id='word_1_467' title='bbox 2995 1124 3205 1194; x_wconf 84' lang='grc' dir='ltr'>χεῖρας,</span> <span class='ocrx_word' id='word_1_468' title='bbox 3262 1139 3281 1172; x_wconf 74' lang='grc' dir='ltr'><strong>ι</strong></span> <span class='ocrx_word' id='word_1_469' title='bbox 3331 1122 3607 1193; x_wconf 68' lang='grc' dir='ltr'>ἐπιστήσας</span> <span class='ocrx_word' id='word_1_470' title='bbox 3634 1122 3704 1193; x_wconf 68' lang='grc' dir='ltr'><strong>τῷ.</strong></span> 
     </span>
    </p>
   </div>
   <div class='ocr_carea' id='block_1_58' title="bbox 2189 1213 3707 1288">
    <p class='ocr_par' dir='ltr' id='par_1_58' title="bbox 2189 1213 3707 1288">
     <span class='ocr_line' id='line_1_58' title="bbox 2189 1213 3707 1288; baseline -0.001 -20"><span class='ocrx_word' id='word_1_471' title='bbox 2189 1235 2209 1267; x_wconf 79' lang='grc' dir='ltr'><strong>ι</strong></span> <span class='ocrx_word' id='word_1_472' title='bbox 2238 1214 2487 1288; x_wconf 84' lang='grc' dir='ltr'>’Λπαρχὴ</span> <span class='ocrx_word' id='word_1_473' title='bbox 2516 1215 2770 1287; x_wconf 80' lang='grc' dir='ltr'>Χριστὸς,</span> <span class='ocrx_word' id='word_1_474' title='bbox 2789 1214 2980 1269; x_wconf 77' lang='grc' dir='ltr'>ἔπειτα</span> <span class='ocrx_word' id='word_1_475' title='bbox 3006 1219 3057 1272; x_wconf 86' lang='grc' dir='ltr'><strong>οἰ</strong></span> <span class='ocrx_word' id='word_1_476' title='bbox 3083 1213 3178 1268; x_wconf 90' lang='grc' dir='ltr'><strong>τοῦ</strong></span> <span class='ocrx_word' id='word_1_477' title='bbox 3208 1213 3443 1286; x_wconf 78' lang='grc' dir='ltr'>Χριστοῦ</span> <span class='ocrx_word' id='word_1_478' title='bbox 3470 1215 3520 1266; x_wconf 81' lang='grc' dir='ltr'><strong>ἐν</strong></span> <span class='ocrx_word' id='word_1_479' title='bbox 3533 1216 3589 1285; x_wconf 81' lang='grc' dir='ltr'><strong>τῇ</strong></span> <span class='ocrx_word' id='word_1_480' title='bbox 3605 1232 3707 1286; x_wconf 69' lang='grc' dir='ltr'>περ.</span> 
     </span>
    </p>
   </div>
   <div class='ocr_carea' id='block_1_59' title="bbox 2182 1303 3706 1380">
    <p class='ocr_par' dir='ltr' id='par_1_59' title="bbox 2182 1303 3706 1380">
     <span class='ocr_line' id='line_1_59' title="bbox 2182 1303 3706 1380; baseline -0.003 -18"><span class='ocrx_word' id='word_1_481' title='bbox 2182 1308 2337 1380; x_wconf 76' lang='grc' dir='ltr'>ουσίᾳ</span> <span class='ocrx_word' id='word_1_482' title='bbox 2388 1305 2576 1373; x_wconf 80' lang='grc' dir='ltr'>αὑτοῦ,</span> <span class='ocrx_word' id='word_1_483' title='bbox 2619 1303 2739 1361; x_wconf 77' lang='grc' dir='ltr'>εἶτα</span> <span class='ocrx_word' id='word_1_484' title='bbox 2770 1307 2830 1360; x_wconf 82' lang='grc' dir='ltr'>τὸ</span> <span class='ocrx_word' id='word_1_485' title='bbox 2864 1307 3034 1369; x_wconf 89' lang='grc' dir='ltr'>τέλος·</span> <span class='ocrx_word' id='word_1_486' title='bbox 3082 1325 3102 1360; x_wconf 74' lang='grc' dir='ltr'><strong>ι</strong></span> <span class='ocrx_word' id='word_1_487' title='bbox 3141 1306 3278 1378; x_wconf 84' lang='grc' dir='ltr'>ὅπερ</span> <span class='ocrx_word' id='word_1_488' title='bbox 3309 1305 3461 1368; x_wconf 89' lang='grc' dir='ltr'>τέλος</span> <span class='ocrx_word' id='word_1_489' title='bbox 3497 1306 3613 1377; x_wconf 75' lang='grc' dir='ltr'>μετὰ</span> <span class='ocrx_word' id='word_1_490' title='bbox 3640 1307 3706 1358; x_wconf 75' lang='grc' dir='ltr'><strong>τοῦ</strong></span> 
     </span>
    </p>
   </div>
   <div class='ocr_carea' id='block_1_60' title="bbox 2182 1391 3709 1470">
    <p class='ocr_par' dir='ltr' id='par_1_60' title="bbox 2182 1391 3709 1470">
     <span class='ocr_line' id='line_1_60' title="bbox 2182 1391 3709 1470; baseline -0.006 -18"><span class='ocrx_word' id='word_1_491' title='bbox 2182 1395 2419 1470; x_wconf 81' lang='grc' dir='ltr'>Χριστοῦ</span> <span class='ocrx_word' id='word_1_492' title='bbox 2444 1400 2501 1451; x_wconf 85' lang='grc' dir='ltr'><strong>ἐν</strong></span> <span class='ocrx_word' id='word_1_493' title='bbox 2527 1399 2593 1469; x_wconf 83' lang='grc' dir='ltr'>τῇ</span> <span class='ocrx_word' id='word_1_494' title='bbox 2624 1395 2898 1467; x_wconf 77' lang='grc' dir='ltr'>παρουσίᾳ</span> <span class='ocrx_word' id='word_1_495' title='bbox 2926 1391 3090 1448; x_wconf 86' lang='grc' dir='ltr'>αὑτοῦ</span> <span class='ocrx_word' id='word_1_496' title='bbox 3126 1394 3464 1464; x_wconf 79' lang='grc' dir='ltr'>ἐνστήσεται,</span> <span class='ocrx_word' id='word_1_497' title='bbox 3504 1412 3519 1441; x_wconf 77' lang='grc' dir='ltr'><strong>ι</strong></span> <span class='ocrx_word' id='word_1_498' title='bbox 3541 1392 3615 1444; x_wconf 81' lang='grc' dir='ltr'>ὅτε</span> <span class='ocrx_word' id='word_1_499' title='bbox 3636 1409 3709 1443; x_wconf 77' lang='grc' dir='ltr'>πα-</span> 
     </span>
    </p>
   </div>
   <div class='ocr_carea' id='block_1_61' title="bbox 2185 1483 3708 1561">
    <p class='ocr_par' dir='ltr' id='par_1_61' title="bbox 2185 1483 3708 1561">
     <span class='ocr_line' id='line_1_61' title="bbox 2185 1483 3708 1561; baseline -0.006 -18"><span class='ocrx_word' id='word_1_500' title='bbox 2185 1488 2413 1561; x_wconf 85' lang='grc' dir='ltr'>ραδώσει</span> <span class='ocrx_word' id='word_1_501' title='bbox 2454 1488 2552 1560; x_wconf 81' lang='grc' dir='ltr'>τὴν</span> <span class='ocrx_word' id='word_1_502' title='bbox 2601 1486 2875 1558; x_wconf 81' lang='grc' dir='ltr'>βασιλείαν</span> <span class='ocrx_word' id='word_1_503' title='bbox 2909 1485 2987 1558; x_wconf 83' lang='grc' dir='ltr'><strong>τῷ</strong></span> <span class='ocrx_word' id='word_1_504' title='bbox 3011 1483 3130 1556; x_wconf 84' lang='grc' dir='ltr'>Θεῷ</span> <span class='ocrx_word' id='word_1_505' title='bbox 3155 1486 3249 1539; x_wconf 83' lang='grc' dir='ltr'><strong>καί</strong></span> <span class='ocrx_word' id='word_1_506' title='bbox 3275 1484 3474 1556; x_wconf 79' lang='grc' dir='ltr'>Πατρί,</span> <span class='ocrx_word' id='word_1_507' title='bbox 3501 1483 3708 1555; x_wconf 68' lang='grc' dir='ltr'>πρότερον</span> 
     </span>
    </p>
   </div>
   <div class='ocr_carea' id='block_1_62' title="bbox 2180 1575 3709 1652">
    <p class='ocr_par' dir='ltr' id='par_1_62' title="bbox 2180 1575 3709 1652">
     <span class='ocr_line' id='line_1_62' title="bbox 2180 1575 3709 1652; baseline -0.004 -18"><span class='ocrx_word' id='word_1_508' title='bbox 2180 1582 2533 1652; x_wconf 86' lang='grc' dir='ltr'>καταργήσας</span> <span class='ocrx_word' id='word_1_509' title='bbox 2576 1581 2757 1634; x_wconf 80' lang='grc' dir='ltr'>πᾶσαν</span> <span class='ocrx_word' id='word_1_510' title='bbox 2792 1579 2987 1650; x_wconf 73' lang='grc' dir='ltr'>ἀρχὴν,</span> <span class='ocrx_word' id='word_1_511' title='bbox 3028 1578 3121 1632; x_wconf 77' lang='grc' dir='ltr'>καὶ</span> <span class='ocrx_word' id='word_1_512' title='bbox 3146 1579 3325 1632; x_wconf 78' lang='grc' dir='ltr'>πᾶσαν</span> <span class='ocrx_word' id='word_1_513' title='bbox 3360 1575 3605 1641; x_wconf 75' lang='grc' dir='ltr'>ἐξουσίαν,</span> <span class='ocrx_word' id='word_1_514' title='bbox 3643 1576 3709 1629; x_wconf 73' lang='grc' dir='ltr'><strong>καί</strong></span> 
     </span>
    </p>
   </div>
   <div class='ocr_carea' id='block_1_63' title="bbox 2180 1666 3709 1744">
    <p class='ocr_par' dir='ltr' id='par_1_63' title="bbox 2180 1666 3709 1744">
     <span class='ocr_line' id='line_1_63' title="bbox 2180 1666 3709 1744; baseline -0.005 -17"><span class='ocrx_word' id='word_1_515' title='bbox 2180 1672 2427 1744; x_wconf 89' lang='grc' dir='ltr'>δύναμιν.</span> <span class='ocrx_word' id='word_1_516' title='bbox 2473 1692 2491 1725; x_wconf 74' lang='grc' dir='ltr'><strong>ι</strong></span> <span class='ocrx_word' id='word_1_517' title='bbox 2520 1670 2704 1725; x_wconf 90' lang='grc' dir='ltr'>Ταῦτα</span> <span class='ocrx_word' id='word_1_518' title='bbox 2735 1671 2802 1737; x_wconf 80' lang='grc' dir='ltr'><strong>δ’,</strong></span> <span class='ocrx_word' id='word_1_519' title='bbox 2826 1666 3001 1741; x_wconf 78' lang='grc' dir='ltr'>οἶμαι,</span> <span class='ocrx_word' id='word_1_520' title='bbox 3032 1670 3149 1723; x_wconf 76' lang='grc' dir='ltr'>ἐστὶ</span> <span class='ocrx_word' id='word_1_521' title='bbox 3179 1667 3318 1741; x_wconf 77' lang='grc' dir='ltr'>πρὸς</span> <span class='ocrx_word' id='word_1_522' title='bbox 3339 1668 3378 1723; x_wconf 80' lang='grc' dir='ltr'><strong>ά</strong></span> <span class='ocrx_word' id='word_1_523' title='bbox 3411 1671 3444 1741; x_wconf 84' lang='grc' dir='ltr'><strong>ή</strong></span> <span class='ocrx_word' id='word_1_524' title='bbox 3474 1668 3620 1738; x_wconf 84' lang='grc' dir='ltr'>πάλη,</span> <span class='ocrx_word' id='word_1_525' title='bbox 3647 1669 3709 1720; x_wconf 80' lang='grc' dir='ltr'><strong>ἴνα</strong></span> 
     </span>
    </p>
   </div>
   <div class='ocr_carea' id='block_1_64' title="bbox 2185 1758 3709 1836">
    <p class='ocr_par' dir='ltr' id='par_1_64' title="bbox 2185 1758 3709 1836">
     <span class='ocr_line' id='line_1_64' title="bbox 2185 1758 3709 1836; baseline -0.005 -19"><span class='ocrx_word' id='word_1_526' title='bbox 2185 1763 2381 1835; x_wconf 83' lang='grc' dir='ltr'>μηκέτι</span> <span class='ocrx_word' id='word_1_527' title='bbox 2492 1762 2655 1834; x_wconf 79' lang='grc' dir='ltr'>ἀρχή,</span> <span class='ocrx_word' id='word_1_528' title='bbox 2693 1764 2787 1816; x_wconf 73' lang='grc' dir='ltr'>καὶ</span> <span class='ocrx_word' id='word_1_529' title='bbox 2827 1762 3065 1828; x_wconf 84' lang='grc' dir='ltr'>ἐξουσία,</span> <span class='ocrx_word' id='word_1_530' title='bbox 3091 1764 3186 1815; x_wconf 78' lang='grc' dir='ltr'>καὶ</span> <span class='ocrx_word' id='word_1_531' title='bbox 3217 1760 3473 1831; x_wconf 80' lang='grc' dir='ltr'>δύναμιςο</span> <span class='ocrx_word' id='word_1_532' title='bbox 3499 1758 3619 1830; x_wconf 78' lang='grc' dir='ltr'>πρὸς</span> <span class='ocrx_word' id='word_1_533' title='bbox 3640 1758 3709 1828; x_wconf 69' lang='lat' dir='ltr'><strong>ai;</strong></span> 
     </span>
    </p>
   </div>
   <div class='ocr_carea' id='block_1_65' title="bbox 2181 1851 3713 1928">
    <p class='ocr_par' dir='ltr' id='par_1_65' title="bbox 2181 1851 3713 1928">
     <span class='ocr_line' id='line_1_65' title="bbox 2181 1851 3713 1928; baseline -0.003 -19"><span class='ocrx_word' id='word_1_534' title='bbox 2181 1856 2350 1928; x_wconf 90' lang='grc' dir='ltr'>πάλη,</span> <span class='ocrx_word' id='word_1_535' title='bbox 2382 1857 2476 1911; x_wconf 76' lang='grc' dir='ltr'>καὶ</span> <span class='ocrx_word' id='word_1_536' title='bbox 2504 1854 2591 1909; x_wconf 87' lang='grc' dir='ltr'><strong>διὰ</strong></span> <span class='ocrx_word' id='word_1_537' title='bbox 2615 1853 2773 1908; x_wconf 87' lang='grc' dir='ltr'>τοῦτο</span> <span class='ocrx_word' id='word_1_538' title='bbox 2809 1854 3004 1926; x_wconf 84' lang='grc' dir='ltr'>μηκέτι</span> <span class='ocrx_word' id='word_1_539' title='bbox 3035 1854 3254 1925; x_wconf 77' lang='grc' dir='ltr'><strong>ὑπάρχῃ</strong></span> <span class='ocrx_word' id='word_1_540' title='bbox 3282 1851 3454 1924; x_wconf 82' lang='grc' dir='ltr'><strong>πάλη,</strong></span> <span class='ocrx_word' id='word_1_541' title='bbox 3482 1867 3713 1921; x_wconf 76' lang='grc' dir='ltr'>καταργη-</span> 
     </span>
    </p>
   </div>
   <div class='ocr_carea' id='block_1_66' title="bbox 2179 2036 3713 2114">
    <p class='ocr_par' dir='ltr' id='par_1_66' title="bbox 2179 2036 3713 2114">
     <span class='ocr_line' id='line_1_66' title="bbox 2179 2036 3713 2114; baseline -0.003 -18"><span class='ocrx_word' id='word_1_542' title='bbox 2179 2044 2335 2097; x_wconf 85' lang='grc' dir='ltr'>Κινεῖ</span> <span class='ocrx_word' id='word_1_543' title='bbox 2363 2042 2421 2096; x_wconf 89' lang='grc' dir='ltr'><strong>δέ</strong></span> <span class='ocrx_word' id='word_1_544' title='bbox 2450 2059 2517 2114; x_wconf 90' lang='grc' dir='ltr'><strong>με</strong></span> <span class='ocrx_word' id='word_1_545' title='bbox 2552 2044 2632 2106; x_wconf 87' lang='grc' dir='ltr'><strong>εἰς</strong></span> <span class='ocrx_word' id='word_1_546' title='bbox 2656 2042 2717 2095; x_wconf 70' lang='grc' dir='ltr'>τὸ</span> <span class='ocrx_word' id='word_1_547' title='bbox 2734 2042 2833 2112; x_wconf 80' lang='grc' dir='ltr'>τὴν</span> <span class='ocrx_word' id='word_1_548' title='bbox 2859 2045 3311 2111; x_wconf 81' lang='grc' dir='ltr'>καταργουμένην</span> <span class='ocrx_word' id='word_1_549' title='bbox 3357 2040 3534 2092; x_wconf 80' lang='grc' dir='ltr'>πᾶσαν</span> <span class='ocrx_word' id='word_1_550' title='bbox 3561 2036 3713 2108; x_wconf 68' lang='grc' dir='ltr'>ἀρχὴν,</span> 
     </span>
    </p>
   </div>
   <div class='ocr_carea' id='block_1_67' title="bbox 2180 2128 3714 2206">
    <p class='ocr_par' dir='ltr' id='par_1_67' title="bbox 2180 2128 3714 2206">
     <span class='ocr_line' id='line_1_67' title="bbox 2180 2128 3714 2206; baseline -0.005 -15"><span class='ocrx_word' id='word_1_551' title='bbox 2180 2138 2274 2191; x_wconf 74' lang='grc' dir='ltr'><strong>καί</strong></span> <span class='ocrx_word' id='word_1_552' title='bbox 2294 2138 2475 2191; x_wconf 85' lang='grc' dir='ltr'>πᾶσαν</span> <span class='ocrx_word' id='word_1_553' title='bbox 2506 2137 2773 2204; x_wconf 81' lang='grc' dir='ltr'>ἐξουσίαν,</span> <span class='ocrx_word' id='word_1_554' title='bbox 2811 2136 2904 2191; x_wconf 81' lang='grc' dir='ltr'>καὶ</span> <span class='ocrx_word' id='word_1_555' title='bbox 2942 2134 3170 2206; x_wconf 89' lang='grc' dir='ltr'>δύναμιν</span> <span class='ocrx_word' id='word_1_556' title='bbox 3208 2128 3352 2189; x_wconf 80' lang='grc' dir='ltr'>εἶναι</span> <span class='ocrx_word' id='word_1_557' title='bbox 3385 2133 3455 2188; x_wconf 83' lang='grc' dir='ltr'><strong>τά</strong></span> <span class='ocrx_word' id='word_1_558' title='bbox 3489 2132 3656 2204; x_wconf 79' lang='grc' dir='ltr'>πρὸςᾶ</span> <span class='ocrx_word' id='word_1_559' title='bbox 3690 2132 3714 2201; x_wconf 88' lang='grc' dir='ltr'><strong>ἠ</strong></span> 
     </span>
    </p>
   </div>
   <div class='ocr_carea' id='block_1_68' title="bbox 2181 2223 3715 2299">
    <p class='ocr_par' dir='ltr' id='par_1_68' title="bbox 2181 2223 3715 2299">
     <span class='ocr_line' id='line_1_68' title="bbox 2181 2223 3715 2299; baseline -0.003 -16"><span class='ocrx_word' id='word_1_560' title='bbox 2181 2229 2348 2299; x_wconf 86' lang='grc' dir='ltr'>πάλη,</span> <span class='ocrx_word' id='word_1_561' title='bbox 2378 2229 2439 2282; x_wconf 87' lang='grc' dir='ltr'>τὸ</span> <span class='ocrx_word' id='word_1_562' title='bbox 2478 2228 2874 2298; x_wconf 81' lang='grc' dir='ltr'>ἐπιφερόμενον</span> <span class='ocrx_word' id='word_1_563' title='bbox 2919 2226 3068 2298; x_wconf 88' lang='grc' dir='ltr'>παρὰ</span> <span class='ocrx_word' id='word_1_564' title='bbox 3096 2225 3175 2297; x_wconf 81' lang='grc' dir='ltr'>τῷ</span> <span class='ocrx_word' id='word_1_565' title='bbox 3208 2225 3413 2297; x_wconf 87' lang='grc' dir='ltr'>Παύλῳ</span> <span class='ocrx_word' id='word_1_566' title='bbox 3432 2224 3639 2289; x_wconf 81' lang='grc' dir='ltr'>τούτοις,</span> <span class='ocrx_word' id='word_1_567' title='bbox 3654 2223 3715 2277; x_wconf 80' lang='grc' dir='ltr'>τό’</span> 
     </span>
    </p>
   </div>
   <div class='ocr_carea' id='block_1_69' title="bbox 2185 2309 3716 2389">
    <p class='ocr_par' dir='ltr' id='par_1_69' title="bbox 2185 2309 3716 2389">
     <span class='ocr_line' id='line_1_69' title="bbox 2185 2309 3716 2389; baseline -0.003 -18"><span class='ocrx_word' id='word_1_568' title='bbox 2185 2339 2203 2371; x_wconf 76' lang='grc' dir='ltr'><strong>ι</strong></span> <span class='ocrx_word' id='word_1_569' title='bbox 2243 2322 2336 2373; x_wconf 87' lang='grc' dir='ltr'><strong>Δεῖ</strong></span> <span class='ocrx_word' id='word_1_570' title='bbox 2354 2319 2464 2389; x_wconf 82' lang='grc' dir='ltr'><strong>γάρ</strong></span> <span class='ocrx_word' id='word_1_571' title='bbox 2496 2318 2660 2372; x_wconf 85' lang='grc' dir='ltr'>αὑτὸν</span> <span class='ocrx_word' id='word_1_572' title='bbox 2690 2316 2996 2388; x_wconf 82' lang='grc' dir='ltr'>βασιλεύειν</span> <span class='ocrx_word' id='word_1_573' title='bbox 3016 2316 3174 2387; x_wconf 76' lang='grc' dir='ltr'>ἄχρις</span> <span class='ocrx_word' id='word_1_574' title='bbox 3197 2309 3257 2370; x_wconf 78' lang='grc' dir='ltr'><strong>οὑ</strong></span> <span class='ocrx_word' id='word_1_575' title='bbox 3290 2315 3362 2386; x_wconf 84' lang='grc' dir='ltr'><strong>θῇ</strong></span> <span class='ocrx_word' id='word_1_576' title='bbox 3404 2315 3598 2376; x_wconf 78' lang='grc' dir='ltr'>πάντας</span> <span class='ocrx_word' id='word_1_577' title='bbox 3624 2314 3716 2375; x_wconf 69' lang='grc' dir='ltr'>τοὺς</span> 
     </span>
    </p>
   </div>
   <div class='ocr_carea' id='block_1_70' title="bbox 2179 2404 3719 2485">
    <p class='ocr_par' dir='ltr' id='par_1_70' title="bbox 2179 2404 3719 2485">
     <span class='ocr_line' id='line_1_70' title="bbox 2179 2404 3719 2485; baseline -0.005 -20"><span class='ocrx_word' id='word_1_578' title='bbox 2179 2412 2410 2485; x_wconf 79' lang='grc' dir='ltr'>ἐχθροὺς</span> <span class='ocrx_word' id='word_1_579' title='bbox 2434 2411 2539 2465; x_wconf 85' lang='grc' dir='ltr'>ὑπὸ</span> <span class='ocrx_word' id='word_1_580' title='bbox 2556 2410 2722 2475; x_wconf 86' lang='grc' dir='ltr'>πόδας</span> <span class='ocrx_word' id='word_1_581' title='bbox 2749 2407 2936 2463; x_wconf 85' lang='grc' dir='ltr'>αὑτοῦ·</span> <span class='ocrx_word' id='word_1_582' title='bbox 2960 2404 3080 2463; x_wconf 74' lang='grc' dir='ltr'>εἶτα</span> <span class='ocrx_word' id='word_1_583' title='bbox 3096 2408 3323 2480; x_wconf 76' lang='grc' dir='ltr'>ἔσχατος</span> <span class='ocrx_word' id='word_1_584' title='bbox 3357 2407 3547 2480; x_wconf 77' lang='grc' dir='ltr'>ἐχθρὸς</span> <span class='ocrx_word' id='word_1_585' title='bbox 3563 2421 3719 2476; x_wconf 64' lang='grc' dir='ltr'>καταρ-</span> 
     </span>
    </p>
   </div>
   <div class='ocr_carea' id='block_1_71' title="bbox 2179 2497 3718 2573">
    <p class='ocr_par' dir='ltr' id='par_1_71' title="bbox 2179 2497 3718 2573">
     <span class='ocr_line' id='line_1_71' title="bbox 2179 2497 3718 2573; baseline -0.004 -16"><span class='ocrx_word' id='word_1_586' title='bbox 2179 2507 2357 2573; x_wconf 84' lang='grc' dir='ltr'>γεῖται</span> <span class='ocrx_word' id='word_1_587' title='bbox 2386 2505 2414 2557; x_wconf 97' lang='lat'><strong>6</strong></span> <span class='ocrx_word' id='word_1_588' title='bbox 2448 2503 2697 2567; x_wconf 84' lang='grc' dir='ltr'>θάνατος·</span> <span class='ocrx_word' id='word_1_589' title='bbox 2736 2521 2755 2553; x_wconf 75' lang='grc' dir='ltr'><strong>ι</strong></span> <span class='ocrx_word' id='word_1_590' title='bbox 2781 2500 2876 2556; x_wconf 71' lang='grc' dir='ltr'><strong>καί¹</strong></span> <span class='ocrx_word' id='word_1_591' title='bbox 2901 2500 3117 2572; x_wconf 78' lang='grc' dir='ltr'>συνᾴδει</span> <span class='ocrx_word' id='word_1_592' title='bbox 3146 2517 3210 2570; x_wconf 88' lang='grc' dir='ltr'><strong>γε</strong></span> <span class='ocrx_word' id='word_1_593' title='bbox 3232 2499 3333 2572; x_wconf 79' lang='grc' dir='ltr'><strong>τῷο</strong></span> <span class='ocrx_word' id='word_1_594' title='bbox 3375 2518 3395 2552; x_wconf 76' lang='grc' dir='ltr'><strong>ε</strong></span> <span class='ocrx_word' id='word_1_595' title='bbox 3434 2500 3603 2554; x_wconf 80' lang='grc' dir='ltr'>Πάντα</span> <span class='ocrx_word' id='word_1_596' title='bbox 3624 2497 3718 2551; x_wconf 73' lang='grc' dir='ltr'>ἑδω-</span> 
     </span>
    </p>
   </div>
   <div class='ocr_carea' id='block_1_72' title="bbox 2180 2592 3719 2667">
    <p class='ocr_par' dir='ltr' id='par_1_72' title="bbox 2180 2592 3719 2667">
     <span class='ocr_line' id='line_1_72' title="bbox 2180 2592 3719 2667; baseline -0.005 -17"><span class='ocrx_word' id='word_1_597' title='bbox 2180 2613 2275 2650; x_wconf 89' lang='grc' dir='ltr'><strong>κεν</strong></span> <span class='ocrx_word' id='word_1_598' title='bbox 2298 2594 2448 2667; x_wconf 86' lang='grc' dir='ltr'><strong>αὑτῷ</strong></span> <span class='ocrx_word' id='word_1_599' title='bbox 2479 2598 2507 2649; x_wconf 92' lang='lat'><strong>6</strong></span> <span class='ocrx_word' id='word_1_600' title='bbox 2538 2594 2728 2666; x_wconf 83' lang='grc' dir='ltr'>Πατὴρ</span> <span class='ocrx_word' id='word_1_601' title='bbox 2753 2596 2832 2658; x_wconf 89' lang='grc' dir='ltr'><strong>εἰς</strong></span> <span class='ocrx_word' id='word_1_602' title='bbox 2868 2596 2968 2656; x_wconf 82' lang='grc' dir='ltr'>τὰς</span> <span class='ocrx_word' id='word_1_603' title='bbox 2996 2595 3183 2665; x_wconf 87' lang='grc' dir='ltr'>χεῖρας</span> <span class='ocrx_word' id='word_1_604' title='bbox 3213 2592 3405 2645; x_wconf 76' lang='grc' dir='ltr'>αὐτοῦ’</span> <span class='ocrx_word' id='word_1_605' title='bbox 3445 2610 3463 2644; x_wconf 74' lang='grc' dir='ltr'><strong>ι</strong></span> <span class='ocrx_word' id='word_1_606' title='bbox 3496 2592 3618 2661; x_wconf 81' lang='grc' dir='ltr'>ὅπερ</span> <span class='ocrx_word' id='word_1_607' title='bbox 3647 2605 3719 2642; x_wconf 73' lang='grc' dir='ltr'><strong>σι·-</strong></span> 
     </span>
    </p>
   </div>
   <div class='ocr_carea' id='block_1_73' title="bbox 2180 2677 3719 2756">
    <p class='ocr_par' dir='ltr' id='par_1_73' title="bbox 2180 2677 3719 2756">
     <span class='ocr_line' id='line_1_73' title="bbox 2180 2677 3719 2756; baseline -0.005 -18"><span class='ocrx_word' id='word_1_608' title='bbox 2180 2686 2440 2756; x_wconf 83' lang='grc' dir='ltr'>φέστερον</span> <span class='ocrx_word' id='word_1_609' title='bbox 2460 2683 2807 2755; x_wconf 86' lang='grc' dir='ltr'>ἐκτιθέμενός</span> <span class='ocrx_word' id='word_1_610' title='bbox 2832 2698 2996 2754; x_wconf 85' lang='grc' dir='ltr'>φησιν</span> <span class='ocrx_word' id='word_1_611' title='bbox 3022 2684 3051 2735; x_wconf 92' lang='lat'><strong>6</strong></span> <span class='ocrx_word' id='word_1_612' title='bbox 3080 2680 3427 2746; x_wconf 74' lang='grc' dir='ltr'>’Λπόστολοςο</span> <span class='ocrx_word' id='word_1_613' title='bbox 3460 2700 3479 2733; x_wconf 78' lang='grc' dir='ltr'><strong>ι</strong></span> <span class='ocrx_word' id='word_1_614' title='bbox 3515 2681 3658 2733; x_wconf 82' lang='grc' dir='ltr'>Ὅταν</span> <span class='ocrx_word' id='word_1_615' title='bbox 3677 2677 3719 2730; x_wconf 70' lang='grc' dir='ltr'><strong><em>ἃ</em></strong></span> 
     </span>
    </p>
   </div>
   <div class='ocr_carea' id='block_1_74' title="bbox 2177 2763 3719 2847">
    <p class='ocr_par' dir='ltr' id='par_1_74' title="bbox 2177 2763 3719 2847">
     <span class='ocr_line' id='line_1_74' title="bbox 2177 2763 3719 2847; baseline -0.005 -18"><span class='ocrx_word' id='word_1_616' title='bbox 2177 2775 2328 2847; x_wconf 76' lang='grc' dir='ltr'>εἴπῃ,</span> <span class='ocrx_word' id='word_1_617' title='bbox 2341 2777 2421 2829; x_wconf 77' lang='grc' dir='ltr'>ὅτι</span> <span class='ocrx_word' id='word_1_618' title='bbox 2434 2774 2610 2829; x_wconf 89' lang='grc' dir='ltr'>πάντα</span> <span class='ocrx_word' id='word_1_619' title='bbox 2630 2772 3013 2836; x_wconf 81' lang='grc' dir='ltr'>ὑποτέτακται,</span> <span class='ocrx_word' id='word_1_620' title='bbox 3028 2771 3208 2843; x_wconf 83' lang='grc' dir='ltr'>δῆλον,</span> <span class='ocrx_word' id='word_1_621' title='bbox 3224 2763 3307 2825; x_wconf 83' lang='grc' dir='ltr'>ὅτι</span> <span class='ocrx_word' id='word_1_622' title='bbox 3336 2770 3498 2835; x_wconf 78' lang='grc' dir='ltr'>ἐκτὸς</span> <span class='ocrx_word' id='word_1_623' title='bbox 3513 2768 3597 2823; x_wconf 88' lang='grc' dir='ltr'><strong>τοῦ</strong></span> <span class='ocrx_word' id='word_1_624' title='bbox 3620 2768 3719 2821; x_wconf 63' lang='grc' dir='ltr'>ὑπι-</span> 
     </span>
    </p>
   </div>
   <div class='ocr_carea' id='block_1_75' title="bbox 2175 2863 3720 2939">
    <p class='ocr_par' dir='ltr' id='par_1_75' title="bbox 2175 2863 3720 2939">
     <span class='ocr_line' id='line_1_75' title="bbox 2175 2863 3720 2939; baseline -0.008 -15"><span class='ocrx_word' id='word_1_625' title='bbox 2175 2870 2435 2937; x_wconf 85' lang='grc' dir='ltr'>τάξαντος</span> <span class='ocrx_word' id='word_1_626' title='bbox 2456 2866 2603 2939; x_wconf 85' lang='grc' dir='ltr'>αὑτῷ</span> <span class='ocrx_word' id='word_1_627' title='bbox 2627 2865 2697 2920; x_wconf 83' lang='grc' dir='ltr'><strong>τά</strong></span> <span class='ocrx_word' id='word_1_628' title='bbox 2713 2865 2910 2920; x_wconf 87' lang='grc' dir='ltr'>πάντα·</span> <span class='ocrx_word' id='word_1_629' title='bbox 2938 2884 2957 2917; x_wconf 74' lang='grc' dir='ltr'><strong>ι</strong></span> <span class='ocrx_word' id='word_1_630' title='bbox 2974 2867 3022 2919; x_wconf 92' lang='grc' dir='ltr'><strong>εἰ</strong></span> <span class='ocrx_word' id='word_1_631' title='bbox 3048 2865 3106 2919; x_wconf 82' lang='grc' dir='ltr'>δὲ</span> <span class='ocrx_word' id='word_1_632' title='bbox 3134 2864 3353 2918; x_wconf 74' lang='grc' dir='ltr'>ἅπαντα</span> <span class='ocrx_word' id='word_1_633' title='bbox 3380 2863 3720 2921; x_wconf 71' lang='grc' dir='ltr'>ὑποτέτακται,</span> 
     </span>
    </p>
   </div>
   <div class='ocr_carea' id='block_1_76' title="bbox 2177 2939 3720 3033">
    <p class='ocr_par' dir='ltr' id='par_1_76' title="bbox 2177 2939 3720 3033">
     <span class='ocr_line' id='line_1_76' title="bbox 2177 2939 3720 3033; baseline -0.006 -18"><span class='ocrx_word' id='word_1_634' title='bbox 2177 2961 2458 3016; x_wconf 74' lang='grc' dir='ltr'>καὶτοῦτο</span> <span class='ocrx_word' id='word_1_635' title='bbox 2497 2959 2676 3033; x_wconf 85' lang='grc' dir='ltr'>δῆλον,</span> <span class='ocrx_word' id='word_1_636' title='bbox 2714 2960 2795 3014; x_wconf 83' lang='grc' dir='ltr'>ὅτι</span> <span class='ocrx_word' id='word_1_637' title='bbox 2840 2959 3205 3014; x_wconf 86' lang='grc' dir='ltr'>ὑποτέτακται</span> <span class='ocrx_word' id='word_1_638' title='bbox 3253 2958 3439 3013; x_wconf 86' lang='grc' dir='ltr'>πάντα</span> <span class='ocrx_word' id='word_1_639' title='bbox 3486 2957 3627 3020; x_wconf 80' lang='grc' dir='ltr'>ἐκτὸς</span> <span class='ocrx_word' id='word_1_640' title='bbox 3649 2939 3720 3007; x_wconf 64' lang='grc' dir='ltr'>τὶιῦ</span> 
     </span>
    </p>
   </div>
   <div class='ocr_carea' id='block_1_77' title="bbox 2178 3041 3722 3122">
    <p class='ocr_par' dir='ltr' id='par_1_77' title="bbox 2178 3041 3722 3122">
     <span class='ocr_line' id='line_1_77' title="bbox 2178 3041 3722 3122; baseline -0.005 -14"><span class='ocrx_word' id='word_1_641' title='bbox 2178 3052 2541 3118; x_wconf 80' lang='grc' dir='ltr'>ὑποτάξαντος</span> <span class='ocrx_word' id='word_1_642' title='bbox 2582 3051 2730 3122; x_wconf 87' lang='grc' dir='ltr'><strong>αὑτῷ</strong></span> <span class='ocrx_word' id='word_1_643' title='bbox 2756 3050 2827 3104; x_wconf 71' lang='grc' dir='ltr'>τὰ</span> <span class='ocrx_word' id='word_1_644' title='bbox 2867 3051 3067 3117; x_wconf 87' lang='grc' dir='ltr'>πάντα,</span> <span class='ocrx_word' id='word_1_645' title='bbox 3097 3051 3192 3104; x_wconf 86' lang='grc' dir='ltr'><strong>καί</strong></span> <span class='ocrx_word' id='word_1_646' title='bbox 3225 3042 3386 3115; x_wconf 74' lang='grc' dir='ltr'>οὗτος</span> <span class='ocrx_word' id='word_1_647' title='bbox 3430 3051 3555 3122; x_wconf 80' lang='grc' dir='ltr'>περὶ</span> <span class='ocrx_word' id='word_1_648' title='bbox 3577 3041 3630 3102; x_wconf 82' lang='grc' dir='ltr'><strong>οὑ</strong></span> <span class='ocrx_word' id='word_1_649' title='bbox 3651 3046 3722 3114; x_wconf 50' lang='grc' dir='ltr'>γέ.</span> 
     </span>
    </p>
   </div>
   <div class='ocr_carea' id='block_1_78' title="bbox 2175 3140 3723 3217">
    <p class='ocr_par' dir='ltr' id='par_1_78' title="bbox 2175 3140 3723 3217">
     <span class='ocr_line' id='line_1_78' title="bbox 2175 3140 3723 3217; baseline -0.005 -18"><span class='ocrx_word' id='word_1_650' title='bbox 2175 3162 2439 3217; x_wconf 83' lang='grc' dir='ltr'>γραπται,</span> <span class='ocrx_word' id='word_1_651' title='bbox 2481 3162 2500 3195; x_wconf 81' lang='grc' dir='ltr'><strong>ι</strong></span> <span class='ocrx_word' id='word_1_652' title='bbox 2540 3141 2802 3196; x_wconf 85' lang='grc' dir='ltr'>Ἐνώπιον</span> <span class='ocrx_word' id='word_1_653' title='bbox 2836 3141 3042 3212; x_wconf 85' lang='grc' dir='ltr'>Κυρίου</span> <span class='ocrx_word' id='word_1_654' title='bbox 3071 3140 3515 3214; x_wconf 75' lang='grc' dir='ltr'>παντοκράτορος</span> <span class='ocrx_word' id='word_1_655' title='bbox 3539 3141 3723 3211; x_wconf 63' lang='lat'><strong>£29111;-</strong></span> 
     </span>
    </p>
   </div>
   <div class='ocr_carea' id='block_1_79' title="bbox 2171 3413 3722 3490">
    <p class='ocr_par' dir='ltr' id='par_1_79' title="bbox 2171 3413 3722 3490">
     <span class='ocr_line' id='line_1_79' title="bbox 2171 3413 3722 3490; baseline -0.008 -15"><span class='ocrx_word' id='word_1_656' title='bbox 2171 3422 2265 3475; x_wconf 77' lang='grc' dir='ltr'>καὶ</span> <span class='ocrx_word' id='word_1_657' title='bbox 2279 3418 2529 3490; x_wconf 83' lang='grc' dir='ltr'>γενέσθαι</span> <span class='ocrx_word' id='word_1_658' title='bbox 2547 3417 2836 3471; x_wconf 86' lang='grc' dir='ltr'>ὑποπόδιον</span> <span class='ocrx_word' id='word_1_659' title='bbox 2853 3415 2963 3469; x_wconf 76' lang='grc' dir='ltr'><strong>τῶν</strong></span> <span class='ocrx_word' id='word_1_660' title='bbox 2977 3413 3212 3487; x_wconf 82' lang='grc' dir='ltr'>Χριστοῦ</span> <span class='ocrx_word' id='word_1_661' title='bbox 3231 3414 3433 3470; x_wconf 80' lang='grc' dir='ltr'>ποδῶν.</span> <span class='ocrx_word' id='word_1_662' title='bbox 3456 3416 3565 3486; x_wconf 73' lang='grc' dir='ltr'><strong>Τὴν</strong></span> <span class='ocrx_word' id='word_1_663' title='bbox 3577 3413 3722 3467; x_wconf 74' lang='grc' dir='ltr'>τοίνυν</span> 
     </span>
    </p>
   </div>
   <div class='ocr_carea' id='block_1_80' title="bbox 2169 3505 3721 3581">
    <p class='ocr_par' dir='ltr' id='par_1_80' title="bbox 2169 3505 3721 3581">
     <span class='ocr_line' id='line_1_80' title="bbox 2169 3505 3721 3581; baseline -0.003 -16"><span class='ocrx_word' id='word_1_664' title='bbox 2169 3509 2480 3581; x_wconf 83' lang='grc' dir='ltr'>οἰκονομίαν</span> <span class='ocrx_word' id='word_1_665' title='bbox 2508 3508 2720 3579; x_wconf 84' lang='grc' dir='ltr'>βλέπων</span> <span class='ocrx_word' id='word_1_666' title='bbox 2737 3508 2831 3561; x_wconf 67' lang='grc' dir='ltr'>ἐπὶ</span> <span class='ocrx_word' id='word_1_667' title='bbox 2847 3507 2909 3560; x_wconf 85' lang='grc' dir='ltr'>τὸ</span> <span class='ocrx_word' id='word_1_668' title='bbox 2923 3507 3156 3580; x_wconf 83' lang='grc' dir='ltr'>χρηστὸν</span> <span class='ocrx_word' id='word_1_669' title='bbox 3167 3506 3316 3571; x_wconf 82' lang='grc' dir='ltr'>τέλος</span> <span class='ocrx_word' id='word_1_670' title='bbox 3328 3505 3616 3561; x_wconf 87' lang='grc' dir='ltr'>όδεύουσαν</span> <span class='ocrx_word' id='word_1_671' title='bbox 3625 3505 3721 3576; x_wconf 72' lang='grc' dir='ltr'>ήδη,</span> 
     </span>
    </p>
   </div>
   <div class='ocr_carea' id='block_1_81' title="bbox 2176 3599 3723 3673">
    <p class='ocr_par' dir='ltr' id='par_1_81' title="bbox 2176 3599 3723 3673">
     <span class='ocr_line' id='line_1_81' title="bbox 2176 3599 3723 3673; baseline -0.001 -17"><span class='ocrx_word' id='word_1_672' title='bbox 2176 3602 2268 3656; x_wconf 77' lang='grc' dir='ltr'><strong>διὰ</strong></span> <span class='ocrx_word' id='word_1_673' title='bbox 2307 3603 2392 3665; x_wconf 85' lang='grc' dir='ltr'>τὸ,</span> <span class='ocrx_word' id='word_1_674' title='bbox 2434 3620 2453 3654; x_wconf 76' lang='grc' dir='ltr'><strong>ι</strong></span> <span class='ocrx_word' id='word_1_675' title='bbox 2486 3599 2593 3655; x_wconf 83' lang='grc' dir='ltr'>Τοῦ</span> <span class='ocrx_word' id='word_1_676' title='bbox 2626 3600 2871 3655; x_wconf 78' lang='grc' dir='ltr'>διαϐόλου</span> <span class='ocrx_word' id='word_1_677' title='bbox 2908 3599 3233 3671; x_wconf 79' lang='grc' dir='ltr'>βεϐληκότος</span> <span class='ocrx_word' id='word_1_678' title='bbox 3260 3601 3341 3664; x_wconf 86' lang='grc' dir='ltr'><strong>εἰς</strong></span> <span class='ocrx_word' id='word_1_679' title='bbox 3373 3600 3475 3673; x_wconf 82' lang='grc' dir='ltr'>τὴν</span> <span class='ocrx_word' id='word_1_680' title='bbox 3509 3599 3723 3671; x_wconf 76' lang='grc' dir='ltr'>καρδίαν.</span> 
     </span>
    </p>
   </div>
   <div class='ocr_carea' id='block_1_82' title="bbox 2170 3684 3716 3765">
    <p class='ocr_par' dir='ltr' id='par_1_82' title="bbox 2170 3684 3716 3765">
     <span class='ocr_line' id='line_1_82' title="bbox 2170 3684 3716 3765; baseline -0.002 -18"><span class='ocrx_word' id='word_1_681' title='bbox 2170 3695 2256 3747; x_wconf 85' lang='grc' dir='ltr'><strong>ἵνα</strong></span> <span class='ocrx_word' id='word_1_682' title='bbox 2305 3692 2532 3765; x_wconf 84' lang='grc' dir='ltr'>παραδῷ</span> <span class='ocrx_word' id='word_1_683' title='bbox 2576 3691 2737 3745; x_wconf 78' lang='grc' dir='ltr'>αὑτὸν</span> <span class='ocrx_word' id='word_1_684' title='bbox 2784 3690 2981 3755; x_wconf 84' lang='grc' dir='ltr'>Ἰούδας</span> <span class='ocrx_word' id='word_1_685' title='bbox 3025 3690 3267 3761; x_wconf 86' lang='grc' dir='ltr'>Σίμωνος</span> <span class='ocrx_word' id='word_1_686' title='bbox 3312 3684 3716 3762; x_wconf 74' lang='grc' dir='ltr'>Ἰσκαριώτης.»</span> 
     </span>
    </p>
   </div>
   <div class='ocr_carea' id='block_1_83' title="bbox 2167 3778 3725 3856">
    <p class='ocr_par' dir='ltr' id='par_1_83' title="bbox 2167 3778 3725 3856">
     <span class='ocr_line' id='line_1_83' title="bbox 2167 3778 3725 3856; baseline -0.006 -18"><span class='ocrx_word' id='word_1_687' title='bbox 2167 3785 2304 3856; x_wconf 69' lang='grc' dir='ltr'>ᾔδει,</span> <span class='ocrx_word' id='word_1_688' title='bbox 2347 3786 2429 3839; x_wconf 82' lang='grc' dir='ltr'>ὅτι</span> <span class='ocrx_word' id='word_1_689' title='bbox 2476 3783 2654 3838; x_wconf 84' lang='grc' dir='ltr'>πάντα</span> <span class='ocrx_word' id='word_1_690' title='bbox 2700 3782 2899 3836; x_wconf 78' lang='grc' dir='ltr'>ἔδωκεν</span> <span class='ocrx_word' id='word_1_691' title='bbox 2937 3778 3086 3851; x_wconf 87' lang='grc' dir='ltr'><strong>αὐτῷ</strong></span> <span class='ocrx_word' id='word_1_692' title='bbox 3126 3781 3155 3834; x_wconf 93' lang='lat'><strong>6</strong></span> <span class='ocrx_word' id='word_1_693' title='bbox 3185 3780 3401 3854; x_wconf 82' lang='grc' dir='ltr'>Πατὴρ,</span> <span class='ocrx_word' id='word_1_694' title='bbox 3434 3782 3529 3836; x_wconf 78' lang='grc' dir='ltr'><strong>καί</strong></span> <span class='ocrx_word' id='word_1_695' title='bbox 3560 3780 3725 3834; x_wconf 70' lang='grc' dir='ltr'>ἔδωκεν</span> 
     </span>
    </p>
   </div>
   <div class='ocr_carea' id='block_1_84' title="bbox 2167 3868 3722 3947">
    <p class='ocr_par' dir='ltr' id='par_1_84' title="bbox 2167 3868 3722 3947">
     <span class='ocr_line' id='line_1_84' title="bbox 2167 3868 3722 3947; baseline -0.006 -18"><span class='ocrx_word' id='word_1_696' title='bbox 2167 3879 2248 3939; x_wconf 88' lang='grc' dir='ltr'><strong>εἰς</strong></span> <span class='ocrx_word' id='word_1_697' title='bbox 2279 3876 2375 3939; x_wconf 83' lang='grc' dir='ltr'>τὰς</span> <span class='ocrx_word' id='word_1_698' title='bbox 2407 3874 2692 3946; x_wconf 86' lang='grc' dir='ltr'>χωρούσας</span> <span class='ocrx_word' id='word_1_699' title='bbox 2724 3873 2793 3928; x_wconf 77' lang='grc' dir='ltr'><strong>τὰ</strong></span> <span class='ocrx_word' id='word_1_700' title='bbox 2823 3874 3002 3928; x_wconf 89' lang='grc' dir='ltr'>πάντα</span> <span class='ocrx_word' id='word_1_701' title='bbox 3035 3876 3244 3945; x_wconf 83' lang='grc' dir='ltr'>χεῖρας,</span> <span class='ocrx_word' id='word_1_702' title='bbox 3280 3872 3374 3926; x_wconf 78' lang='grc' dir='ltr'>ἵνα</span> <span class='ocrx_word' id='word_1_703' title='bbox 3483 3872 3551 3925; x_wconf 81' lang='grc' dir='ltr'><strong>τὰ</strong></span> <span class='ocrx_word' id='word_1_704' title='bbox 3581 3871 3722 3924; x_wconf 73' lang='grc' dir='ltr'>πάντα</span> 
     </span>
    </p>
   </div>
   <div class='ocr_carea' id='block_1_85' title="bbox 2172 3948 3767 4038">
    <p class='ocr_par' dir='ltr' id='par_1_85' title="bbox 2172 3948 3767 4038">
     <span class='ocr_line' id='line_1_85' title="bbox 2172 3948 3767 4038; baseline -0.006 -17"><span class='ocrx_word' id='word_1_705' title='bbox 2172 3966 2320 4038; x_wconf 85' lang='grc' dir='ltr'><strong>αὑτῷ</strong></span> <span class='ocrx_word' id='word_1_706' title='bbox 2355 3967 2662 4038; x_wconf 84' lang='grc' dir='ltr'>ὑποχείρια,</span> <span class='ocrx_word' id='word_1_707' title='bbox 2708 3966 2741 4038; x_wconf 73' lang='grc' dir='ltr'><strong>ἦ</strong></span> <span class='ocrx_word' id='word_1_708' title='bbox 2775 3966 2951 4019; x_wconf 83' lang='grc' dir='ltr'>πάντα</span> <span class='ocrx_word' id='word_1_709' title='bbox 2982 3964 3181 4019; x_wconf 79' lang='grc' dir='ltr'>ἔδωκεν</span> <span class='ocrx_word' id='word_1_710' title='bbox 3212 3963 3366 4034; x_wconf 89' lang='grc' dir='ltr'><strong>αύτῷ</strong></span> <span class='ocrx_word' id='word_1_711' title='bbox 3396 3965 3427 4017; x_wconf 89' lang='lat'><strong>6</strong></span> <span class='ocrx_word' id='word_1_712' title='bbox 3460 3963 3638 4034; x_wconf 75' lang='grc' dir='ltr'>Πατήρ</span> <span class='ocrx_word' id='word_1_713' title='bbox 3663 3963 3724 4021; x_wconf 76' lang='grc' dir='ltr'><strong>εἰς</strong></span> 
     </span>
    </p>
   </div>
   <div class='ocr_carea' id='block_1_86' title="bbox 2163 4053 3723 4129">
    <p class='ocr_par' dir='ltr' id='par_1_86' title="bbox 2163 4053 3723 4129">
     <span class='ocr_line' id='line_1_86' title="bbox 2163 4053 3723 4129; baseline -0.007 -16"><span class='ocrx_word' id='word_1_714' title='bbox 2163 4059 2263 4122; x_wconf 79' lang='grc' dir='ltr'>τὰς</span> <span class='ocrx_word' id='word_1_715' title='bbox 2312 4061 2530 4129; x_wconf 86' lang='grc' dir='ltr'>χεῖρας,</span> <span class='ocrx_word' id='word_1_716' title='bbox 2573 4057 2850 4112; x_wconf 85' lang='grc' dir='ltr'>τουτέστιν</span> <span class='ocrx_word' id='word_1_717' title='bbox 2890 4058 2971 4120; x_wconf 88' lang='grc' dir='ltr'><strong>εἰς</strong></span> <span class='ocrx_word' id='word_1_718' title='bbox 3009 4057 3110 4121; x_wconf 76' lang='grc' dir='ltr'>τὰς</span> <span class='ocrx_word' id='word_1_719' title='bbox 3143 4054 3377 4127; x_wconf 84' lang='grc' dir='ltr'>πράξεις</span> <span class='ocrx_word' id='word_1_720' title='bbox 3422 4054 3616 4118; x_wconf 81' lang='grc' dir='ltr'>αὑτοῦ,</span> <span class='ocrx_word' id='word_1_721' title='bbox 3652 4053 3723 4105; x_wconf 69' lang='grc' dir='ltr'><strong>καὶ</strong></span> 
     </span>
    </p>
   </div>
   <div class='ocr_carea' id='block_1_87' title="bbox 2164 4146 3722 4221">
    <p class='ocr_par' dir='ltr' id='par_1_87' title="bbox 2164 4146 3722 4221">
     <span class='ocr_line' id='line_1_87' title="bbox 2164 4146 3722 4221; baseline -0.001 -18"><span class='ocrx_word' id='word_1_722' title='bbox 2164 4150 2233 4203; x_wconf 81' lang='grc' dir='ltr'>τὰ</span> <span class='ocrx_word' id='word_1_723' title='bbox 2281 4149 2779 4221; x_wconf 87' lang='grc' dir='ltr'>άνδραγαθήματα·</span> <span class='ocrx_word' id='word_1_724' title='bbox 2820 4165 2839 4199; x_wconf 80' lang='lat' dir='ltr'><strong>t</strong></span> <span class='ocrx_word' id='word_1_725' title='bbox 2874 4148 2932 4201; x_wconf 83' lang='grc' dir='ltr'>Ὀ</span> <span class='ocrx_word' id='word_1_726' title='bbox 2974 4148 3166 4220; x_wconf 89' lang='grc' dir='ltr'>Πατήρ</span> <span class='ocrx_word' id='word_1_727' title='bbox 3209 4164 3310 4217; x_wconf 91' lang='grc' dir='ltr'><strong>μου</strong></span> <span class='ocrx_word' id='word_1_728' title='bbox 3346 4167 3370 4199; x_wconf 80' lang='grc' dir='ltr'><strong>ι</strong></span> <span class='ocrx_word' id='word_1_729' title='bbox 3407 4146 3538 4220; x_wconf 79' lang='grc' dir='ltr'>γάρ,</span> <span class='ocrx_word' id='word_1_730' title='bbox 3568 4147 3722 4216; x_wconf 68' lang='grc' dir='ltr'>φησιν.</span> 
     </span>
    </p>
   </div>
   <div class='ocr_carea' id='block_1_88' title="bbox 2172 4236 3767 4311">
    <p class='ocr_par' dir='ltr' id='par_1_88' title="bbox 2172 4236 3767 4311">
     <span class='ocr_line' id='line_1_88' title="bbox 2172 4236 3767 4311; baseline -0.004 -19"><span class='ocrx_word' id='word_1_731' title='bbox 2172 4260 2189 4292; x_wconf 81' lang='grc' dir='ltr'><strong>ι</strong></span> <span class='ocrx_word' id='word_1_732' title='bbox 2219 4241 2325 4304; x_wconf 76' lang='grc' dir='ltr'>ἕως</span> <span class='ocrx_word' id='word_1_733' title='bbox 2377 4241 2502 4311; x_wconf 77' lang='grc' dir='ltr'>ἄρτι</span> <span class='ocrx_word' id='word_1_734' title='bbox 2539 4238 2865 4311; x_wconf 80' lang='grc' dir='ltr'>ἐργάζεται,</span> <span class='ocrx_word' id='word_1_735' title='bbox 2916 4237 3071 4307; x_wconf 87' lang='grc' dir='ltr'><strong>κάγὼ</strong></span> <span class='ocrx_word' id='word_1_736' title='bbox 3109 4236 3441 4311; x_wconf 77' lang='grc' dir='ltr'>ἐργάζομαι.</span> <span class='ocrx_word' id='word_1_737' title='bbox 3471 4258 3489 4290; x_wconf 73' lang='grc' dir='ltr'><strong>ι</strong></span> <span class='ocrx_word' id='word_1_738' title='bbox 3539 4237 3628 4291; x_wconf 75' lang='grc' dir='ltr'>Διὰ</span> <span class='ocrx_word' id='word_1_739' title='bbox 3671 4237 3722 4286; x_wconf 72' lang='grc' dir='ltr'>τὰ</span> 
     </span>
    </p>
   </div>
   <div class='ocr_carea' id='block_1_89' title="bbox 2164 4325 3767 4400">
    <p class='ocr_par' dir='ltr' id='par_1_89' title="bbox 2164 4325 3767 4400">
     <span class='ocr_line' id='line_1_89' title="bbox 2164 4325 3767 4400; baseline -0.002 -17"><span class='ocrx_word' id='word_1_740' title='bbox 2164 4330 2446 4396; x_wconf 79' lang='grc' dir='ltr'>ἐξελθόντα</span> <span class='ocrx_word' id='word_1_741' title='bbox 2485 4331 2544 4384; x_wconf 82' lang='grc' dir='ltr'>δὲ</span> <span class='ocrx_word' id='word_1_742' title='bbox 2572 4332 2680 4384; x_wconf 84' lang='grc' dir='ltr'><strong>ἀπὸ</strong></span> <span class='ocrx_word' id='word_1_743' title='bbox 2711 4330 2804 4384; x_wconf 89' lang='grc' dir='ltr'><strong>τοῦ</strong></span> <span class='ocrx_word' id='word_1_744' title='bbox 2832 4329 2989 4395; x_wconf 84' lang='grc' dir='ltr'>Θεοῦ,</span> <span class='ocrx_word' id='word_1_745' title='bbox 3027 4329 3132 4396; x_wconf 77' lang='grc' dir='ltr'>ἔξω</span> <span class='ocrx_word' id='word_1_746' title='bbox 3160 4329 3437 4400; x_wconf 87' lang='grc' dir='ltr'>γενόμενα</span> <span class='ocrx_word' id='word_1_747' title='bbox 3468 4328 3563 4384; x_wconf 86' lang='grc' dir='ltr'><strong>τοῦ</strong></span> <span class='ocrx_word' id='word_1_748' title='bbox 3591 4325 3721 4382; x_wconf 82' lang='grc' dir='ltr'>Θεοῦ.</span> <span class='ocrx_word' id='word_1_749' title='bbox 3766 4390 3767 4397; x_wconf 14' lang='grc' dir='ltr'><strong>γ</strong></span> 
     </span>
    </p>
   </div>
   <div class='ocr_carea' id='block_1_90' title="bbox 2162 4410 3767 4505">
    <p class='ocr_par' dir='ltr' id='par_1_90' title="bbox 2162 4410 3767 4505">
     <span class='ocr_line' id='line_1_90' title="bbox 2162 4410 3767 4505; baseline 0.009 -29"><span class='ocrx_word' id='word_1_750' title='bbox 2162 4422 2258 4476; x_wconf 77' lang='grc' dir='ltr'>καὶ</span> <span class='ocrx_word' id='word_1_751' title='bbox 2310 4422 2404 4477; x_wconf 87' lang='grc' dir='ltr'><strong>τοῦ</strong></span> <span class='ocrx_word' id='word_1_752' title='bbox 2461 4420 2535 4493; x_wconf 83' lang='grc' dir='ltr'>μὴ</span> <span class='ocrx_word' id='word_1_753' title='bbox 2607 4421 2954 4493; x_wconf 84' lang='grc' dir='ltr'>βουληθέντος</span> <span class='ocrx_word' id='word_1_754' title='bbox 3025 4421 3465 4492; x_wconf 76' lang='grc' dir='ltr'>προηγουμένως</span> <span class='ocrx_word' id='word_1_755' title='bbox 3518 4418 3720 4485; x_wconf 55' lang='grc' dir='ltr'><strong>ἐξελθεῖν</strong></span> 
     </span>
    </p>
   </div>
   <div class='ocr_carea' id='block_1_91' title="bbox 2163 4506 3723 4585">
    <p class='ocr_par' dir='ltr' id='par_1_91' title="bbox 2163 4506 3723 4585">
     <span class='ocr_line' id='line_1_91' title="bbox 2163 4506 3723 4585; baseline -0.006 -16"><span class='ocrx_word' id='word_1_756' title='bbox 2163 4515 2271 4570; x_wconf 77' lang='grc' dir='ltr'><strong>ἀπὸ</strong></span> <span class='ocrx_word' id='word_1_757' title='bbox 2311 4513 2404 4568; x_wconf 89' lang='grc' dir='ltr'><strong>τοῦ</strong></span> <span class='ocrx_word' id='word_1_758' title='bbox 2456 4513 2687 4585; x_wconf 84' lang='grc' dir='ltr'>Πατρὺς,</span> <span class='ocrx_word' id='word_1_759' title='bbox 2734 4513 2957 4583; x_wconf 77' lang='grc' dir='ltr'>ἐξῆλθεν</span> <span class='ocrx_word' id='word_1_760' title='bbox 3007 4512 3114 4566; x_wconf 80' lang='grc' dir='ltr'><strong>ἀπὸ</strong></span> <span class='ocrx_word' id='word_1_761' title='bbox 3158 4511 3255 4566; x_wconf 90' lang='grc' dir='ltr'><strong>τοῦ</strong></span> <span class='ocrx_word' id='word_1_762' title='bbox 3309 4512 3475 4575; x_wconf 86' lang='grc' dir='ltr'>Θεοῦ,</span> <span class='ocrx_word' id='word_1_763' title='bbox 3505 4512 3589 4564; x_wconf 81' lang='grc' dir='ltr'>ἵνα</span> <span class='ocrx_word' id='word_1_764' title='bbox 3617 4506 3723 4579; x_wconf 77' lang='grc' dir='ltr'>ἔλθη</span> 
     </span>
    </p>
   </div>
   <div class='ocr_carea' id='block_1_92' title="bbox 489 4598 2066 4681">
    <p class='ocr_par' dir='ltr' id='par_1_92' title="bbox 489 4600 2056 4672">
     <span class='ocr_line' id='line_1_92' title="bbox 489 4600 2056 4672; baseline 0.004 -18"><span class='ocrx_word' id='word_1_765' title='bbox 489 4614 612 4654; x_wconf 87' lang='lat' dir='ltr'><strong>eum</strong></span> <span class='ocrx_word' id='word_1_766' title='bbox 647 4600 734 4669; x_wconf 90' lang='lat' dir='ltr'><strong>qui</strong></span> <span class='ocrx_word' id='word_1_767' title='bbox 769 4600 1028 4656; x_wconf 84' lang='lat' dir='ltr'><strong>noluisset</strong></span> <span class='ocrx_word' id='word_1_768' title='bbox 1060 4603 1430 4672; x_wconf 86' lang='lat' dir='ltr'><strong>principaliter</strong></span> <span class='ocrx_word' id='word_1_769' title='bbox 1471 4606 1624 4660; x_wconf 88' lang='lat' dir='ltr'><strong>exire</strong></span> <span class='ocrx_word' id='word_1_770' title='bbox 1663 4621 1692 4659; x_wconf 91' lang='lat' dir='ltr'><strong>a</strong></span> <span class='ocrx_word' id='word_1_771' title='bbox 1723 4605 1913 4670; x_wconf 89' lang='lat' dir='ltr'><strong>Patre,</strong></span> <span class='ocrx_word' id='word_1_772' title='bbox 1940 4608 2056 4662; x_wconf 78' lang='lat' dir='ltr'><strong>cxi-</strong></span> 
     </span>
    </p>
   </div>
   <div class='ocr_carea' id='block_1_93' title="bbox 2175 4598 3767 4681">
    <p class='ocr_par' dir='ltr' id='par_1_93' title="bbox 2175 4598 3767 4681">
     <span class='ocr_line' id='line_1_93' title="bbox 2175 4598 3767 4681; baseline 0.01 -26"><span class='ocrx_word' id='word_1_773' title='bbox 2175 4604 2229 4660; x_wconf 70' lang='grc' dir='ltr'><strong>τὰ</strong></span> <span class='ocrx_word' id='word_1_774' title='bbox 2258 4606 2367 4675; x_wconf 90' lang='grc'><strong>(88)</strong></span> <span class='ocrx_word' id='word_1_775' title='bbox 2398 4604 2681 4669; x_wconf 81' lang='grc' dir='ltr'>ἐξελθόντα</span> <span class='ocrx_word' id='word_1_776' title='bbox 2706 4606 2785 4668; x_wconf 86' lang='grc' dir='ltr'><strong>εἰς</strong></span> <span class='ocrx_word' id='word_1_777' title='bbox 2813 4604 2913 4668; x_wconf 85' lang='grc' dir='ltr'><strong>τὰς</strong></span> <span class='ocrx_word' id='word_1_778' title='bbox 2953 4607 3140 4675; x_wconf 86' lang='grc' dir='ltr'>χεῖρας</span> <span class='ocrx_word' id='word_1_779' title='bbox 3173 4601 3278 4674; x_wconf 76' lang='grc' dir='ltr'><strong>ὁδῷ</strong></span> <span class='ocrx_word' id='word_1_780' title='bbox 3318 4605 3419 4657; x_wconf 69' lang='grc' dir='ltr'>καὶ</span> <span class='ocrx_word' id='word_1_781' title='bbox 3465 4602 3611 4668; x_wconf 79' lang='grc' dir='ltr'>τάξει</span> <span class='ocrx_word' id='word_1_782' title='bbox 3646 4598 3719 4655; x_wconf 68' lang='grc' dir='ltr'><strong>τθδ</strong></span> <span class='ocrx_word' id='word_1_783' title='bbox 3766 4616 3767 4681; x_wconf 59' lang='grc' dir='ltr'>ξ</span> 
     </span>
    </p>
   </div>
   <div class='ocr_carea' id='block_1_94' title="bbox 488 4689 2055 4762">
    <p class='ocr_par' dir='ltr' id='par_1_94' title="bbox 488 4689 2055 4762">
     <span class='ocr_line' id='line_1_94' title="bbox 488 4689 2055 4762; baseline 0.006 -19"><span class='ocrx_word' id='word_1_784' title='bbox 488 4691 616 4746; x_wconf 89' lang='lat' dir='ltr'><strong>vita</strong></span> <span class='ocrx_word' id='word_1_785' title='bbox 649 4692 756 4747; x_wconf 85' lang='lat' dir='ltr'><strong>Deo</strong></span> <span class='ocrx_word' id='word_1_786' title='bbox 793 4689 972 4754; x_wconf 81' lang='lat' dir='ltr'><strong>Jesus.</strong></span> <span class='ocrx_word' id='word_1_787' title='bbox 1001 4703 1058 4744; x_wconf 92' lang='lat' dir='ltr'><strong>ut</strong></span> <span class='ocrx_word' id='word_1_788' title='bbox 1083 4708 1204 4762; x_wconf 76' lang='lat' dir='ltr'><strong>quae</strong></span> <span class='ocrx_word' id='word_1_789' title='bbox 1229 4695 1475 4748; x_wconf 79' lang='lat' dir='ltr'><strong>exierant</strong></span> <span class='ocrx_word' id='word_1_790' title='bbox 1499 4696 1745 4749; x_wconf 89' lang='lat' dir='ltr'><strong>venirent</strong></span> <span class='ocrx_word' id='word_1_791' title='bbox 1777 4697 1826 4751; x_wconf 93' lang='lat' dir='ltr'><strong>in</strong></span> <span class='ocrx_word' id='word_1_792' title='bbox 1866 4713 2055 4752; x_wconf 88' lang='lat' dir='ltr'><strong>manus</strong></span> 
     </span>
    </p>
   </div>
   <div class='ocr_carea' id='block_1_95' title="bbox 487 4780 2055 4859">
    <p class='ocr_par' dir='ltr' id='par_1_95' title="bbox 487 4780 2055 4859">
     <span class='ocr_line' id='line_1_95' title="bbox 487 4780 2055 4859; baseline 0.005 -22"><span class='ocrx_word' id='word_1_793' title='bbox 487 4784 570 4837; x_wconf 89' lang='lat' dir='ltr'><strong>via</strong></span> <span class='ocrx_word' id='word_1_794' title='bbox 604 4793 659 4838; x_wconf 89' lang='lat' dir='ltr'><strong>et</strong></span> <span class='ocrx_word' id='word_1_795' title='bbox 686 4784 876 4838; x_wconf 89' lang='lat' dir='ltr'><strong>ordine</strong></span> <span class='ocrx_word' id='word_1_796' title='bbox 904 4782 1067 4859; x_wconf 61' lang='lat' dir='ltr'><strong>desu,</strong></span> <span class='ocrx_word' id='word_1_797' title='bbox 1106 4795 1162 4840; x_wconf 91' lang='lat' dir='ltr'><strong>et</strong></span> <span class='ocrx_word' id='word_1_798' title='bbox 1200 4787 1617 4855; x_wconf 83' lang='lat' dir='ltr'><strong>disponerentur</strong></span> <span class='ocrx_word' id='word_1_799' title='bbox 1664 4790 1729 4842; x_wconf 87' lang='lat' dir='ltr'><strong>ad</strong></span> <span class='ocrx_word' id='word_1_800' title='bbox 1764 4780 1929 4843; x_wconf 89' lang='lat' dir='ltr'><strong>Deum</strong></span> <span class='ocrx_word' id='word_1_801' title='bbox 1977 4790 2055 4845; x_wconf 90' lang='lat' dir='ltr'><strong>ire</strong></span> 
     </span>
    </p>
   </div>
   <div class='ocr_carea' id='block_1_96' title="bbox 486 4874 2052 4947">
    <p class='ocr_par' dir='ltr' id='par_1_96' title="bbox 486 4874 2052 4947">
     <span class='ocr_line' id='line_1_96' title="bbox 486 4874 2052 4947; baseline 0.002 -17"><span class='ocrx_word' id='word_1_802' title='bbox 486 4876 764 4944; x_wconf 84' lang='lat' dir='ltr'><strong>sequentia</strong></span> <span class='ocrx_word' id='word_1_803' title='bbox 793 4874 1008 4943; x_wconf 82' lang='lat' dir='ltr'><strong>Jesum;</strong></span> <span class='ocrx_word' id='word_1_804' title='bbox 1054 4886 1107 4931; x_wconf 93' lang='lat' dir='ltr'><strong>ct</strong></span> <span class='ocrx_word' id='word_1_805' title='bbox 1136 4876 1262 4946; x_wconf 89' lang='lat' dir='ltr'><strong>quia</strong></span> <span class='ocrx_word' id='word_1_806' title='bbox 1305 4887 1664 4947; x_wconf 85' lang='lat' dir='ltr'><strong>sequerentur</strong></span> <span class='ocrx_word' id='word_1_807' title='bbox 1703 4878 1919 4944; x_wconf 68' lang='lat' dir='ltr'><strong>Iesum,</strong></span> <span class='ocrx_word' id='word_1_808' title='bbox 1964 4879 2052 4933; x_wconf 82' lang='lat' dir='ltr'><strong>fu-</strong></span> 
     </span>
    </p>
   </div>
   <div class='ocr_carea' id='block_1_97' title="bbox 486 4967 2052 5047">
    <p class='ocr_par' dir='ltr' id='par_1_97' title="bbox 486 4967 2052 5047">
     <span class='ocr_line' id='line_1_97' title="bbox 486 4967 2052 5047; baseline 0.003 -26"><span class='ocrx_word' id='word_1_809' title='bbox 486 4977 601 5047; x_wconf 89' lang='lat' dir='ltr'><strong>tura</strong></span> <span class='ocrx_word' id='word_1_810' title='bbox 637 4970 777 5038; x_wconf 90' lang='lat' dir='ltr'><strong>apud</strong></span> <span class='ocrx_word' id='word_1_811' title='bbox 817 4967 986 5024; x_wconf 85' lang='lat' dir='ltr'><strong>Deum</strong></span> <span class='ocrx_word' id='word_1_812' title='bbox 1010 5008 1024 5033; x_wconf 89' lang='lat'><strong>,</strong></span> <span class='ocrx_word' id='word_1_813' title='bbox 1051 4983 1115 5023; x_wconf 85' lang='lat' dir='ltr'><strong>ex</strong></span> <span class='ocrx_word' id='word_1_814' title='bbox 1158 4985 1265 5037; x_wconf 91' lang='lat' dir='ltr'><strong>quo</strong></span> <span class='ocrx_word' id='word_1_815' title='bbox 1304 4970 1503 5023; x_wconf 85' lang='lat' dir='ltr'><strong>dictum</strong></span> <span class='ocrx_word' id='word_1_816' title='bbox 1530 4980 1611 5025; x_wconf 82' lang='lat' dir='ltr'><strong>est</strong></span> <span class='ocrx_word' id='word_1_817' title='bbox 1636 4970 1831 5026; x_wconf 88' lang='lat' dir='ltr'><strong>Petro:</strong></span> <span class='ocrx_word' id='word_1_818' title='bbox 1888 4991 1906 5023; x_wconf 82' lang='grc' dir='ltr'><strong>ι</strong></span> <span class='ocrx_word' id='word_1_819' title='bbox 1935 4970 2052 5038; x_wconf 85' lang='lat' dir='ltr'><strong>Quo</strong></span> 
     </span>
    </p>
   </div>
   <div class='ocr_carea' id='block_1_98' title="bbox 482 5059 2046 5131">
    <p class='ocr_par' dir='ltr' id='par_1_98' title="bbox 482 5059 2046 5131">
     <span class='ocr_line' id='line_1_98' title="bbox 482 5059 2046 5131; baseline 0.003 -20"><span class='ocrx_word' id='word_1_820' title='bbox 482 5073 581 5127; x_wconf 76' lang='lat' dir='ltr'><strong>ego</strong></span> <span class='ocrx_word' id='word_1_821' title='bbox 602 5061 757 5126; x_wconf 83' lang='lat' dir='ltr'><strong>vado,</strong></span> <span class='ocrx_word' id='word_1_822' title='bbox 782 5075 886 5115; x_wconf 89' lang='lat' dir='ltr'><strong>non</strong></span> <span class='ocrx_word' id='word_1_823' title='bbox 912 5070 1068 5129; x_wconf 89' lang='lat' dir='ltr'><strong>potes</strong></span> <span class='ocrx_word' id='word_1_824' title='bbox 1094 5076 1181 5115; x_wconf 92' lang='lat' dir='ltr'><strong>me</strong></span> <span class='ocrx_word' id='word_1_825' title='bbox 1207 5075 1348 5115; x_wconf 90' lang='lat' dir='ltr'><strong>nunc</strong></span> <span class='ocrx_word' id='word_1_826' title='bbox 1380 5061 1566 5131; x_wconf 90' lang='lat' dir='ltr'><strong>sequi;</strong></span> <span class='ocrx_word' id='word_1_827' title='bbox 1595 5059 1842 5130; x_wconf 88' lang='lat' dir='ltr'><strong>sequeris</strong></span> <span class='ocrx_word' id='word_1_828' title='bbox 1868 5072 2046 5116; x_wconf 89' lang='lat' dir='ltr'><strong>autem</strong></span> 
     </span>
    </p>
   </div>
   <div class='ocr_carea' id='block_1_99' title="bbox 483 5151 2046 5222">
    <p class='ocr_par' dir='ltr' id='par_1_99' title="bbox 483 5151 2046 5222">
     <span class='ocr_line' id='line_1_99' title="bbox 483 5151 2046 5222; baseline 0.003 -20"><span class='ocrx_word' id='word_1_829' title='bbox 483 5158 669 5217; x_wconf 85' lang='lat' dir='ltr'><strong>postea</strong></span> <span class='ocrx_word' id='word_1_830' title='bbox 697 5151 778 5205; x_wconf 72' lang='grc' dir='ltr'><strong>’τε</strong></span> <span class='ocrx_word' id='word_1_831' title='bbox 812 5169 830 5203; x_wconf 72' lang='grc' dir='ltr'><strong>ι</strong></span> <span class='ocrx_word' id='word_1_832' title='bbox 870 5151 1049 5207; x_wconf 85' lang='lat' dir='ltr'><strong>adhuc</strong></span> <span class='ocrx_word' id='word_1_833' title='bbox 1086 5153 1232 5207; x_wconf 88' lang='lat' dir='ltr'><strong>enim</strong></span> <span class='ocrx_word' id='word_1_834' title='bbox 1275 5152 1509 5207; x_wconf 89' lang='lat' dir='ltr'><strong>habebat</strong></span> <span class='ocrx_word' id='word_1_835' title='bbox 1538 5151 1734 5207; x_wconf 88' lang='lat' dir='ltr'><strong>Petrus</strong></span> <span class='ocrx_word' id='word_1_836' title='bbox 1765 5152 1907 5222; x_wconf 91' lang='lat' dir='ltr'><strong>quod</strong></span> <span class='ocrx_word' id='word_1_837' title='bbox 1943 5167 2046 5207; x_wconf 91' lang='lat' dir='ltr'><strong>non</strong></span> 
     </span>
    </p>
   </div>
   <div class='ocr_carea' id='block_1_100' title="bbox 480 5238 2046 5313">
    <p class='ocr_par' dir='ltr' id='par_1_100' title="bbox 480 5238 2046 5313">
     <span class='ocr_line' id='line_1_100' title="bbox 480 5238 2046 5313; baseline 0.001 -21"><span class='ocrx_word' id='word_1_838' title='bbox 480 5238 817 5307; x_wconf 87' lang='lat' dir='ltr'><strong>permitteret</strong></span> <span class='ocrx_word' id='word_1_839' title='bbox 865 5240 1013 5297; x_wconf 90' lang='lat' dir='ltr'><strong>illum</strong></span> <span class='ocrx_word' id='word_1_840' title='bbox 1040 5243 1191 5312; x_wconf 88' lang='lat' dir='ltr'><strong>sequi</strong></span> <span class='ocrx_word' id='word_1_841' title='bbox 1225 5243 1400 5311; x_wconf 88' lang='grc' dir='ltr'>Λόγον</span> <span class='ocrx_word' id='word_1_842' title='bbox 1446 5239 1524 5313; x_wconf 90' lang='lat' dir='ltr'><strong>[et</strong></span> <span class='ocrx_word' id='word_1_843' title='bbox 1561 5241 1758 5296; x_wconf 86' lang='lat' dir='ltr'><strong>Filium</strong></span> <span class='ocrx_word' id='word_1_844' title='bbox 1785 5240 1926 5313; x_wconf 90' lang='lat' dir='ltr'><strong>Dei].</strong></span> <span class='ocrx_word' id='word_1_845' title='bbox 1961 5241 2046 5297; x_wconf 90' lang='lat' dir='ltr'><strong>Si-</strong></span> 
     </span>
    </p>
   </div>
   <div class='ocr_carea' id='block_1_101' title="bbox 482 5329 2043 5403">
    <p class='ocr_par' dir='ltr' id='par_1_101' title="bbox 482 5329 2043 5403">
     <span class='ocr_line' id='line_1_101' title="bbox 482 5329 2043 5403; baseline 0.004 -20"><span class='ocrx_word' id='word_1_846' title='bbox 482 5329 609 5384; x_wconf 86' lang='lat' dir='ltr'><strong>mile</strong></span> <span class='ocrx_word' id='word_1_847' title='bbox 631 5344 767 5384; x_wconf 80' lang='lat' dir='ltr'><strong>vero</strong></span> <span class='ocrx_word' id='word_1_848' title='bbox 781 5347 925 5401; x_wconf 75' lang='lat' dir='ltr'><strong>esse,</strong></span> <span class='ocrx_word' id='word_1_849' title='bbox 943 5332 1038 5388; x_wconf 86' lang='lat' dir='ltr'><strong>sed</strong></span> <span class='ocrx_word' id='word_1_850' title='bbox 1057 5333 1209 5401; x_wconf 88' lang='lat' dir='ltr'><strong>juxta</strong></span> <span class='ocrx_word' id='word_1_851' title='bbox 1224 5332 1723 5403; x_wconf 85' lang='lat' dir='ltr'><strong>quamdamjnstam</strong></span> <span class='ocrx_word' id='word_1_852' title='bbox 1742 5333 2043 5403; x_wconf 82' lang='lat' dir='ltr'><strong>analogiam</strong></span> 
     </span>
    </p>
   </div>
   <div class='ocr_carea' id='block_1_102' title="bbox 572 5465 1634 5537">
    <p class='ocr_par' dir='ltr' id='par_1_102' title="bbox 572 5465 1634 5537">
     <span class='ocr_line' id='line_1_102' title="bbox 572 5465 1634 5537; baseline 0.009 -18"><span class='ocrx_word' id='word_1_853' title='bbox 572 5466 617 5500; x_wconf 71' lang='grc'>⁸⁷</span> <span class='ocrx_word' id='word_1_854' title='bbox 647 5465 666 5520; x_wconf 90' lang='grc' dir='ltr'><strong>ι</strong></span> <span class='ocrx_word' id='word_1_855' title='bbox 701 5467 824 5523; x_wconf 85' lang='lat' dir='ltr'><strong>Cor.</strong></span> <span class='ocrx_word' id='word_1_856' title='bbox 857 5486 947 5536; x_wconf 82' lang='lat' dir='ltr'><strong>xv,</strong></span> <span class='ocrx_word' id='word_1_857' title='bbox 985 5470 1077 5526; x_wconf 74' lang='lat'><strong>23.</strong></span> <span class='ocrx_word' id='word_1_858' title='bbox 1170 5472 1217 5504; x_wconf 76' lang='lat'>“</span> <span class='ocrx_word' id='word_1_859' title='bbox 1242 5471 1400 5529; x_wconf 83' lang='lat' dir='ltr'><strong>Joan.</strong></span> <span class='ocrx_word' id='word_1_860' title='bbox 1437 5488 1557 5537; x_wconf 89' lang='lat' dir='ltr'><strong>xm,</strong></span> <span class='ocrx_word' id='word_1_861' title='bbox 1579 5472 1634 5530; x_wconf 84' lang='lat'><strong>‘5.</strong></span> 
     </span>
    </p>
   </div>
   <div class='ocr_carea' id='block_1_103' title="bbox 1712 5474 2366 5538">
    <p class='ocr_par' dir='ltr' id='par_1_103' title="bbox 1712 5474 2366 5538">
     <span class='ocr_line' id='line_1_103' title="bbox 1712 5474 2366 5538; baseline 0.008 -12"><span class='ocrx_word' id='word_1_862' title='bbox 1712 5474 1798 5526; x_wconf 72' lang='grc' dir='ltr'><strong>⁸⁹Ι</strong></span> <span class='ocrx_word' id='word_1_863' title='bbox 1833 5476 1958 5527; x_wconf 87' lang='lat' dir='ltr'><strong>Cor.</strong></span> <span class='ocrx_word' id='word_1_864' title='bbox 1993 5487 2086 5538; x_wconf 86' lang='lat' dir='ltr'><strong>xv,</strong></span> <span class='ocrx_word' id='word_1_865' title='bbox 2145 5475 2237 5534; x_wconf 76' lang='lat'><strong>23.</strong></span> <span class='ocrx_word' id='word_1_866' title='bbox 2275 5476 2366 5531; x_wconf 71' lang='grc'><strong>24.</strong></span> 
     </span>
    </p>
   </div>
   <div class='ocr_carea' id='block_1_104' title="bbox 2174 4688 3767 4769">
    <p class='ocr_par' dir='ltr' id='par_1_104' title="bbox 2174 4688 3767 4769">
     <span class='ocr_line' id='line_1_104' title="bbox 2174 4688 3767 4769; baseline -0.004 -17"><span class='ocrx_word' id='word_1_867' title='bbox 2174 4698 2370 4769; x_wconf 86' lang='grc' dir='ltr'>Ἰησοῦ,</span> <span class='ocrx_word' id='word_1_868' title='bbox 2407 4698 2501 4750; x_wconf 72' lang='grc' dir='ltr'>καὶ</span> <span class='ocrx_word' id='word_1_869' title='bbox 2527 4696 2854 4768; x_wconf 76' lang='grc' dir='ltr'>οἰκονομηθῇ</span> <span class='ocrx_word' id='word_1_870' title='bbox 2891 4695 3027 4768; x_wconf 80' lang='grc' dir='ltr'>πρὸς</span> <span class='ocrx_word' id='word_1_871' title='bbox 3066 4696 3157 4750; x_wconf 77' lang='grc' dir='ltr'><strong>τὸν</strong></span> <span class='ocrx_word' id='word_1_872' title='bbox 3186 4694 3320 4749; x_wconf 82' lang='grc' dir='ltr'>Θεὸν</span> <span class='ocrx_word' id='word_1_873' title='bbox 3348 4697 3586 4766; x_wconf 85' lang='grc' dir='ltr'>ὑπάγειν</span> <span class='ocrx_word' id='word_1_874' title='bbox 3617 4696 3719 4748; x_wconf 73' lang='lat' dir='ltr'><strong>6m-</strong></span> 
     </span>
    </p>
   </div>
   <div class='ocr_carea' id='block_1_105' title="bbox 2159 4788 3721 4860">
    <p class='ocr_par' dir='ltr' id='par_1_105' title="bbox 2159 4788 3721 4860">
     <span class='ocr_line' id='line_1_105' title="bbox 2159 4788 3721 4860; baseline -0.003 -19"><span class='ocrx_word' id='word_1_875' title='bbox 2159 4789 2454 4844; x_wconf 86' lang='grc' dir='ltr'>λουθοῦντα</span> <span class='ocrx_word' id='word_1_876' title='bbox 2504 4788 2672 4860; x_wconf 82' lang='grc' dir='ltr'>αὑτῷ,</span> <span class='ocrx_word' id='word_1_877' title='bbox 2705 4788 2792 4842; x_wconf 79' lang='grc' dir='ltr'><strong>διὰ</strong></span> <span class='ocrx_word' id='word_1_878' title='bbox 2837 4788 2901 4842; x_wconf 85' lang='grc' dir='ltr'>τὸ</span> <span class='ocrx_word' id='word_1_879' title='bbox 2947 4788 3257 4842; x_wconf 81' lang='grc' dir='ltr'>ἀκολουθεῖν</span> <span class='ocrx_word' id='word_1_880' title='bbox 3305 4789 3465 4860; x_wconf 87' lang='grc' dir='ltr'>αὑτῷ</span> <span class='ocrx_word' id='word_1_881' title='bbox 3511 4789 3721 4857; x_wconf 78' lang='grc' dir='ltr'>ἐσόμενα</span> 
     </span>
    </p>
   </div>
   <div class='ocr_carea' id='block_1_106' title="bbox 2158 4879 3720 4952">
    <p class='ocr_par' dir='ltr' id='par_1_106' title="bbox 2158 4879 3720 4952">
     <span class='ocr_line' id='line_1_106' title="bbox 2158 4879 3720 4952; baseline -0.004 -18"><span class='ocrx_word' id='word_1_882' title='bbox 2158 4881 2295 4950; x_wconf 85' lang='grc' dir='ltr'>πρὸς</span> <span class='ocrx_word' id='word_1_883' title='bbox 2339 4880 2431 4934; x_wconf 85' lang='grc' dir='ltr'>τὸν</span> <span class='ocrx_word' id='word_1_884' title='bbox 2471 4881 2630 4934; x_wconf 87' lang='grc' dir='ltr'>Θεόν·</span> <span class='ocrx_word' id='word_1_885' title='bbox 2663 4880 2854 4952; x_wconf 86' lang='grc' dir='ltr'>Πέτρῳ</span> <span class='ocrx_word' id='word_1_886' title='bbox 2909 4879 3008 4950; x_wconf 82' lang='grc' dir='ltr'>μὲν</span> <span class='ocrx_word' id='word_1_887' title='bbox 3060 4879 3274 4952; x_wconf 71' lang='grc' dir='ltr'>εἴρηταί</span> <span class='ocrx_word' id='word_1_888' title='bbox 3309 4898 3484 4934; x_wconf 86' lang='grc' dir='ltr'>ποτε·</span> <span class='ocrx_word' id='word_1_889' title='bbox 3527 4900 3544 4932; x_wconf 83' lang='grc' dir='ltr'><strong>ι</strong></span> <span class='ocrx_word' id='word_1_890' title='bbox 3572 4880 3720 4933; x_wconf 79' lang='grc' dir='ltr'>Ὅπου</span> 
     </span>
    </p>
   </div>
   <div class='ocr_carea' id='block_1_107' title="bbox 2157 4970 3718 5044">
    <p class='ocr_par' dir='ltr' id='par_1_107' title="bbox 2157 4970 3718 5044">
     <span class='ocr_line' id='line_1_107' title="bbox 2157 4970 3718 5044; baseline 0.002 -19"><span class='ocrx_word' id='word_1_891' title='bbox 2157 4973 2269 5041; x_wconf 88' lang='grc' dir='ltr'>ἐγὼ</span> <span class='ocrx_word' id='word_1_892' title='bbox 2304 4972 2520 5041; x_wconf 84' lang='grc' dir='ltr'>ὑπάγω,</span> <span class='ocrx_word' id='word_1_893' title='bbox 2568 4974 2630 5027; x_wconf 87' lang='grc' dir='ltr'><strong>οὑ</strong></span> <span class='ocrx_word' id='word_1_894' title='bbox 2665 4971 2887 5026; x_wconf 89' lang='grc' dir='ltr'>δύνασαί</span> <span class='ocrx_word' id='word_1_895' title='bbox 2919 4989 3008 5043; x_wconf 89' lang='grc' dir='ltr'><strong>μοι</strong></span> <span class='ocrx_word' id='word_1_896' title='bbox 3050 4971 3144 5024; x_wconf 87' lang='grc' dir='ltr'><strong>νῦν</strong></span> <span class='ocrx_word' id='word_1_897' title='bbox 3177 4971 3557 5044; x_wconf 78' lang='grc' dir='ltr'>ἀκολουθῆσαι</span> <span class='ocrx_word' id='word_1_898' title='bbox 3598 4970 3718 5043; x_wconf 82' lang='grc'><strong>(89)·</strong></span> 
     </span>
    </p>
   </div>
   <div class='ocr_carea' id='block_1_108' title="bbox 2156 5058 3767 5135">
    <p class='ocr_par' dir='ltr' id='par_1_108' title="bbox 2156 5058 3767 5135">
     <span class='ocr_line' id='line_1_108' title="bbox 2156 5058 3767 5135; baseline -0.004 -17"><span class='ocrx_word' id='word_1_899' title='bbox 2156 5064 2542 5133; x_wconf 88' lang='grc' dir='ltr'>ἀκολουθήσεις</span> <span class='ocrx_word' id='word_1_900' title='bbox 2569 5062 2625 5116; x_wconf 82' lang='grc' dir='ltr'>δὲ</span> <span class='ocrx_word' id='word_1_901' title='bbox 2648 5063 2874 5135; x_wconf 79' lang='grc' dir='ltr'>ὕστερον</span> <span class='ocrx_word' id='word_1_902' title='bbox 2893 5080 2906 5093; x_wconf 73' lang='grc' dir='ltr'><strong>ο</strong></span> <span class='ocrx_word' id='word_1_903' title='bbox 2930 5081 2949 5114; x_wconf 74' lang='grc' dir='ltr'><strong>ι</strong></span> <span class='ocrx_word' id='word_1_904' title='bbox 2984 5061 3063 5115; x_wconf 76' lang='grc' dir='ltr'><strong>ἑτι</strong></span> <span class='ocrx_word' id='word_1_905' title='bbox 3087 5062 3196 5133; x_wconf 82' lang='grc' dir='ltr'>γὰρ</span> <span class='ocrx_word' id='word_1_906' title='bbox 3225 5060 3371 5133; x_wconf 79' lang='grc' dir='ltr'>εἶχεν</span> <span class='ocrx_word' id='word_1_907' title='bbox 3398 5066 3429 5117; x_wconf 87' lang='grc' dir='ltr'><strong>ὁ</strong></span> <span class='ocrx_word' id='word_1_908' title='bbox 3458 5063 3657 5135; x_wconf 71' lang='grc' dir='ltr'>Πέτρος</span> <span class='ocrx_word' id='word_1_909' title='bbox 3674 5058 3723 5112; x_wconf 77' lang='grc' dir='ltr'>τὸ</span> <span class='ocrx_word' id='word_1_910' title='bbox 3766 5102 3767 5111; x_wconf 51' lang='grc' dir='ltr'><strong>η</strong></span> 
     </span>
    </p>
   </div>
   <div class='ocr_carea' id='block_1_109' title="bbox 2159 5152 3721 5229">
    <p class='ocr_par' dir='ltr' id='par_1_109' title="bbox 2159 5152 3721 5229">
     <span class='ocr_line' id='line_1_109' title="bbox 2159 5152 3721 5229; baseline -0.004 -19"><span class='ocrx_word' id='word_1_911' title='bbox 2159 5156 2234 5229; x_wconf 81' lang='grc' dir='ltr'>μὴ</span> <span class='ocrx_word' id='word_1_912' title='bbox 2265 5156 2558 5226; x_wconf 88' lang='grc' dir='ltr'>ἐπιτρέπον</span> <span class='ocrx_word' id='word_1_913' title='bbox 2603 5154 2752 5226; x_wconf 86' lang='grc' dir='ltr'>αὑτῷ</span> <span class='ocrx_word' id='word_1_914' title='bbox 2788 5153 3203 5225; x_wconf 54' lang='grc' dir='ltr'>ἀκολουθεῖν,τῷ</span> <span class='ocrx_word' id='word_1_915' title='bbox 3242 5155 3406 5226; x_wconf 84' lang='grc' dir='ltr'>Λόγῳ</span> <span class='ocrx_word' id='word_1_916' title='bbox 3446 5156 3551 5227; x_wconf 63' lang='grc' dir='ltr'>ἤδη</span> <span class='ocrx_word' id='word_1_917' title='bbox 3590 5152 3721 5206; x_wconf 79' lang='grc' dir='ltr'>ποτέ.</span> 
     </span>
    </p>
   </div>
   <div class='ocr_carea' id='block_1_110' title="bbox 2155 5237 3723 5314">
    <p class='ocr_par' dir='ltr' id='par_1_110' title="bbox 2155 5237 3723 5314">
     <span class='ocr_line' id='line_1_110' title="bbox 2155 5237 3723 5314; baseline -0.003 -17"><span class='ocrx_word' id='word_1_918' title='bbox 2155 5242 2227 5297; x_wconf 90' lang='lat' dir='ltr'><em>T6</em></span> <span class='ocrx_word' id='word_1_919' title='bbox 2254 5244 2299 5297; x_wconf 79' lang='grc' dir='ltr'>δ’</span> <span class='ocrx_word' id='word_1_920' title='bbox 2323 5244 2507 5314; x_wconf 83' lang='grc' dir='ltr'>ὅμοιον</span> <span class='ocrx_word' id='word_1_921' title='bbox 2547 5237 2684 5297; x_wconf 75' lang='grc' dir='ltr'>εἶναι</span> <span class='ocrx_word' id='word_1_922' title='bbox 2712 5245 2852 5296; x_wconf 86' lang='grc' dir='ltr'>νοεῖν</span> <span class='ocrx_word' id='word_1_923' title='bbox 2895 5260 2953 5295; x_wconf 91' lang='grc' dir='ltr'>σε</span> <span class='ocrx_word' id='word_1_924' title='bbox 2981 5242 3094 5306; x_wconf 82' lang='grc' dir='ltr'>δεῖ,</span> <span class='ocrx_word' id='word_1_925' title='bbox 3125 5242 3259 5296; x_wconf 72' lang='grc' dir='ltr'>ἀλλὰ</span> <span class='ocrx_word' id='word_1_926' title='bbox 3305 5245 3460 5298; x_wconf 86' lang='grc' dir='ltr'>κατά</span> <span class='ocrx_word' id='word_1_927' title='bbox 3507 5261 3624 5296; x_wconf 86' lang='grc' dir='ltr'>τινα</span> <span class='ocrx_word' id='word_1_928' title='bbox 3663 5242 3723 5293; x_wconf 83' lang='grc' dir='ltr'>δι-</span> 
     </span>
    </p>
   </div>
   <div class='ocr_carea' id='block_1_111' title="bbox 2152 5334 3723 5408">
    <p class='ocr_par' dir='ltr' id='par_1_111' title="bbox 2152 5334 3723 5408">
     <span class='ocr_line' id='line_1_111' title="bbox 2152 5334 3723 5408; baseline -0.002 -20"><span class='ocrx_word' id='word_1_929' title='bbox 2152 5334 2311 5390; x_wconf 87' lang='grc' dir='ltr'>καίαν</span> <span class='ocrx_word' id='word_1_930' title='bbox 2363 5334 2655 5405; x_wconf 83' lang='grc' dir='ltr'>ἀναλογίαν</span> <span class='ocrx_word' id='word_1_931' title='bbox 2703 5334 3100 5407; x_wconf 82' lang='grc' dir='ltr'>λεχθησόμενον</span> <span class='ocrx_word' id='word_1_932' title='bbox 3148 5336 3285 5408; x_wconf 79' lang='grc' dir='ltr'>πρὸς</span> <span class='ocrx_word' id='word_1_933' title='bbox 3340 5336 3582 5392; x_wconf 76' lang='grc' dir='ltr'>ἕκαστον</span> <span class='ocrx_word' id='word_1_934' title='bbox 3628 5334 3723 5388; x_wconf 78' lang='grc' dir='ltr'><strong>τῶν</strong></span> 
     </span>
    </p>
   </div>
   <div class='ocr_carea' id='block_1_112' title="bbox 2470 5451 3722 5546">
    <p class='ocr_par' dir='ltr' id='par_1_112' title="bbox 2470 5451 3722 5546">
     <span class='ocr_line' id='line_1_112' title="bbox 2470 5451 3722 5546; baseline -0.001 -16"><span class='ocrx_word' id='word_1_935' title='bbox 2470 5451 2846 5546; x_wconf 18' lang='grc' dir='ltr'>περιθείη,</span> <span class='ocrx_word' id='word_1_936' title='bbox 2910 5476 2996 5532; x_wconf 74' lang='grc' dir='ltr'>ιε.</span> <span class='ocrx_word' id='word_1_937' title='bbox 3096 5475 3722 5546; x_wconf 70' lang='grc' dir='ltr'><strong>⁸¹Ιϐρι.ιν,9.5,εϐ.</strong></span> 
     </span>
    </p>
   </div>
   <div class='ocr_carea' id='block_1_113' title="bbox 477 5536 3678 5613">
    <p class='ocr_par' dir='ltr' id='par_1_113' title="bbox 477 5536 3678 5613">
     <span class='ocr_line' id='line_1_113' title="bbox 477 5536 3678 5613; baseline 0.001 -19"><span class='ocrx_word' id='word_1_938' title='bbox 477 5538 521 5576; x_wconf 77' lang='grc'><strong><em>⁸⁸</em></strong></span> <span class='ocrx_word' id='word_1_939' title='bbox 549 5536 702 5594; x_wconf 82' lang='lat' dir='ltr'><strong>Joan.</strong></span> <span class='ocrx_word' id='word_1_940' title='bbox 732 5552 849 5602; x_wconf 80' lang='lat' dir='ltr'><strong>xnt,</strong></span> <span class='ocrx_word' id='word_1_941' title='bbox 880 5541 933 5593; x_wconf 82' lang='lat'><strong>‘5.</strong></span> <span class='ocrx_word' id='word_1_942' title='bbox 1010 5540 1096 5594; x_wconf 80' lang='lat'><strong>&quot;1</strong></span> <span class='ocrx_word' id='word_1_943' title='bbox 1133 5540 1259 5598; x_wconf 90' lang='lat' dir='ltr'><strong>Cor.</strong></span> <span class='ocrx_word' id='word_1_944' title='bbox 1296 5558 1386 5607; x_wconf 81' lang='lat' dir='ltr'><strong>xv,</strong></span> <span class='ocrx_word' id='word_1_945' title='bbox 1412 5544 1505 5598; x_wconf 71' lang='lat'><strong>27.</strong></span> <span class='ocrx_word' id='word_1_946' title='bbox 1548 5536 1551 5537; x_wconf 44' lang='grc'><strong><em>⁷</em></strong></span> <span class='ocrx_word' id='word_1_947' title='bbox 1583 5544 1627 5575; x_wconf 73' lang='grc'><strong>⁵⁸</strong></span> <span class='ocrx_word' id='word_1_948' title='bbox 1654 5541 1778 5597; x_wconf 80' lang='lat' dir='ltr'><strong>Job.</strong></span> <span class='ocrx_word' id='word_1_949' title='bbox 1814 5558 1903 5607; x_wconf 77' lang='lat' dir='ltr'><strong>xv,</strong></span> <span class='ocrx_word' id='word_1_950' title='bbox 1936 5543 2030 5597; x_wconf 77' lang='grc'><strong>25.</strong></span> <span class='ocrx_word' id='word_1_951' title='bbox 2073 5536 2079 5538; x_wconf 48' lang='grc'><strong><em>⁷</em></strong></span> <span class='ocrx_word' id='word_1_952' title='bbox 2107 5545 2152 5576; x_wconf 78' lang='grc'><strong><em>⁵⁵</em></strong></span> <span class='ocrx_word' id='word_1_953' title='bbox 2179 5544 2336 5600; x_wconf 80' lang='lat' dir='ltr'><strong>Joan.</strong></span> <span class='ocrx_word' id='word_1_954' title='bbox 2376 5561 2497 5612; x_wconf 87' lang='lat' dir='ltr'><strong>xm,</strong></span> <span class='ocrx_word' id='word_1_955' title='bbox 2525 5536 2599 5600; x_wconf 50' lang='grc' dir='ltr'><strong>ΞΣ</strong></span> <span class='ocrx_word' id='word_1_956' title='bbox 2658 5546 2706 5579; x_wconf 72' lang='grc'>⁸⁸</span> <span class='ocrx_word' id='word_1_957' title='bbox 2734 5536 2889 5601; x_wconf 82' lang='lat' dir='ltr'><strong>Joan.</strong></span> <span class='ocrx_word' id='word_1_958' title='bbox 2928 5562 2977 5611; x_wconf 80' lang='grc' dir='ltr'><strong>ν,</strong></span> <span class='ocrx_word' id='word_1_959' title='bbox 3011 5547 3096 5602; x_wconf 81' lang='lat' dir='ltr'><strong>l7.</strong></span> <span class='ocrx_word' id='word_1_960' title='bbox 3170 5549 3216 5580; x_wconf 83' lang='grc'><strong>⁵⁷</strong></span> <span class='ocrx_word' id='word_1_961' title='bbox 3247 5545 3412 5601; x_wconf 80' lang='lat' dir='ltr'><strong>Joan.</strong></span> <span class='ocrx_word' id='word_1_962' title='bbox 3444 5536 3570 5613; x_wconf 54' lang='lat' dir='ltr'><strong>sm,</strong></span> <span class='ocrx_word' id='word_1_963' title='bbox 3594 5536 3678 5600; x_wconf 58' lang='lat'><strong>3&#39;6.</strong></span> 
     </span>
    </p>
   </div>
   <div class='ocr_carea' id='block_1_114' title="bbox 547 5651 1575 5724">
    <p class='ocr_par' dir='ltr' id='par_1_114' title="bbox 547 5651 1575 5724">
     <span class='ocr_line' id='line_1_114' title="bbox 547 5651 1575 5724; baseline 0.008 -19"><span class='ocrx_word' id='word_1_964' title='bbox 547 5651 659 5724; x_wconf 73' lang='lat'><strong>(87)</strong></span> <span class='ocrx_word' id='word_1_965' title='bbox 692 5653 818 5724; x_wconf 76' lang='lat' dir='ltr'><strong>llaec</strong></span> <span class='ocrx_word' id='word_1_966' title='bbox 847 5653 1214 5724; x_wconf 84' lang='lat' dir='ltr'><strong>supplevimns</strong></span> <span class='ocrx_word' id='word_1_967' title='bbox 1242 5674 1271 5713; x_wconf 90' lang='lat' dir='ltr'><strong>e</strong></span> <span class='ocrx_word' id='word_1_968' title='bbox 1298 5659 1575 5715; x_wconf 88' lang='lat' dir='ltr'><strong>Perionio.</strong></span> 
     </span>
    </p>
   </div>
   <div class='ocr_carea' id='block_1_115' title="bbox 546 5722 2038 5793">
    <p class='ocr_par' dir='ltr' id='par_1_115' title="bbox 546 5722 2038 5793">
     <span class='ocr_line' id='line_1_115' title="bbox 546 5722 2038 5793; baseline 0.005 -19"><span class='ocrx_word' id='word_1_969' title='bbox 546 5722 660 5793; x_wconf 65' lang='grc'><strong>(88)</strong></span> <span class='ocrx_word' id='word_1_970' title='bbox 699 5722 791 5777; x_wconf 75' lang='lat' dir='ltr'><strong>Sic</strong></span> <span class='ocrx_word' id='word_1_971' title='bbox 822 5722 984 5778; x_wconf 79' lang='lat' dir='ltr'><strong>habet</strong></span> <span class='ocrx_word' id='word_1_972' title='bbox 1009 5728 1174 5780; x_wconf 87' lang='lat' dir='ltr'><strong>codex</strong></span> <span class='ocrx_word' id='word_1_973' title='bbox 1205 5728 1530 5782; x_wconf 88' lang='lat' dir='ltr'><strong>Bodleianns</strong></span> <span class='ocrx_word' id='word_1_974' title='bbox 1555 5747 1571 5793; x_wconf 87' lang='lat'><strong>;</strong></span> <span class='ocrx_word' id='word_1_975' title='bbox 1599 5729 1651 5782; x_wconf 94' lang='lat' dir='ltr'><strong>in</strong></span> <span class='ocrx_word' id='word_1_976' title='bbox 1705 5728 1891 5783; x_wconf 90' lang='lat' dir='ltr'><strong>codice</strong></span> <span class='ocrx_word' id='word_1_977' title='bbox 1943 5744 2038 5782; x_wconf 87' lang='lat' dir='ltr'><strong>an-</strong></span> 
     </span>
    </p>
   </div>
   <div class='ocr_carea' id='block_1_116' title="bbox 478 5791 2042 5864">
    <p class='ocr_par' dir='ltr' id='par_1_116' title="bbox 478 5791 2042 5864">
     <span class='ocr_line' id='line_1_116' title="bbox 478 5791 2042 5864; baseline 0.008 -23"><span class='ocrx_word' id='word_1_978' title='bbox 478 5800 603 5864; x_wconf 69' lang='lat' dir='ltr'><strong>tem_</strong></span> <span class='ocrx_word' id='word_1_979' title='bbox 623 5791 787 5864; x_wconf 70' lang='lat' dir='ltr'><strong>Regio</strong></span> <span class='ocrx_word' id='word_1_980' title='bbox 813 5793 1003 5864; x_wconf 75' lang='lat' dir='ltr'><strong>legitur</strong></span> <span class='ocrx_word' id='word_1_981' title='bbox 1032 5812 1057 5864; x_wconf 12' lang='lat'><em>7:</em></span> <span class='ocrx_word' id='word_1_982' title='bbox 1111 5797 1209 5848; x_wconf 82' lang='grc' dir='ltr'><strong>Διὰ</strong></span> <span class='ocrx_word' id='word_1_983' title='bbox 1230 5794 1299 5849; x_wconf 83' lang='grc' dir='ltr'>τὰ</span> <span class='ocrx_word' id='word_1_984' title='bbox 1356 5791 1638 5864; x_wconf 82' lang='grc' dir='ltr'>ἐξελθόντα</span> <span class='ocrx_word' id='word_1_985' title='bbox 1680 5800 1736 5853; x_wconf 84' lang='grc' dir='ltr'>δὲ</span> <span class='ocrx_word' id='word_1_986' title='bbox 1784 5799 1892 5852; x_wconf 82' lang='grc' dir='ltr'>άπὸ</span> <span class='ocrx_word' id='word_1_987' title='bbox 1947 5800 2042 5853; x_wconf 86' lang='grc' dir='ltr'><strong>τοῦ</strong></span> 
     </span>
    </p>
   </div>
   <div class='ocr_carea' id='block_1_117' title="bbox 2149 5659 3723 5737">
    <p class='ocr_par' dir='ltr' id='par_1_117' title="bbox 2149 5659 3723 5737">
     <span class='ocr_line' id='line_1_117' title="bbox 2149 5659 3723 5737; baseline 0.001 -24"><span class='ocrx_word' id='word_1_988' title='bbox 2149 5659 2317 5737; x_wconf 62' lang='grc' dir='ltr'>Θερῦ,</span> <span class='ocrx_word' id='word_1_989' title='bbox 2336 5663 2431 5737; x_wconf 76' lang='grc' dir='ltr'>καὶ</span> <span class='ocrx_word' id='word_1_990' title='bbox 2455 5662 2587 5737; x_wconf 9' lang='grc' dir='ltr'>τοῦ,</span> <span class='ocrx_word' id='word_1_991' title='bbox 2605 5664 2680 5735; x_wconf 80' lang='grc' dir='ltr'>μὴ</span> <span class='ocrx_word' id='word_1_992' title='bbox 2713 5663 3065 5737; x_wconf 73' lang='grc' dir='ltr'>βουληθέντος</span> <span class='ocrx_word' id='word_1_993' title='bbox 3118 5666 3558 5737; x_wconf 84' lang='grc' dir='ltr'>προηγουμένως</span> <span class='ocrx_word' id='word_1_994' title='bbox 3590 5661 3723 5731; x_wconf 80' lang='grc' dir='ltr'>ἐξελ-</span> 
     </span>
    </p>
   </div>
   <div class='ocr_carea' id='block_1_118' title="bbox 2150 5708 3186 5805">
    <p class='ocr_par' dir='ltr' id='par_1_118' title="bbox 2150 5708 3186 5805">
     <span class='ocr_line' id='line_1_118' title="bbox 2150 5708 3186 5805; baseline 0.004 -23"><span class='ocrx_word' id='word_1_995' title='bbox 2150 5708 2548 5805; x_wconf 57' lang='grc' dir='ltr'><strong>όέῖῖξιέἑξτξό</strong></span> <span class='ocrx_word' id='word_1_996' title='bbox 2563 5708 2937 5805; x_wconf 61' lang='grc' dir='ltr'><strong>112ἷέρῖἷέλίὶῖ</strong></span> <span class='ocrx_word' id='word_1_997' title='bbox 2952 5708 3061 5794; x_wconf 49' lang='grc' dir='ltr'><strong>τ’ἇῖ</strong></span> <span class='ocrx_word' id='word_1_998' title='bbox 3081 5708 3186 5789; x_wconf 55' lang='lat' dir='ltr'><strong>ei}:</strong></span> 
     </span>
    </p>
   </div>
   <div class='ocr_carea' id='block_1_119' title="bbox 2222 5801 3716 5876">
    <p class='ocr_par' dir='ltr' id='par_1_119' title="bbox 2222 5801 3716 5876">
     <span class='ocr_line' id='line_1_119' title="bbox 2222 5801 3716 5876; baseline 0.002 -23"><span class='ocrx_word' id='word_1_999' title='bbox 2222 5801 2334 5876; x_wconf 68' lang='lat'><strong>@9)</strong></span> <span class='ocrx_word' id='word_1_1000' title='bbox 2365 5801 2545 5876; x_wconf 66' lang='lat' dir='ltr'><strong>Codex</strong></span> <span class='ocrx_word' id='word_1_1001' title='bbox 2577 5801 2795 5872; x_wconf 75' lang='lat' dir='ltr'><strong>ltegius,</strong></span> <span class='ocrx_word' id='word_1_1002' title='bbox 2830 5807 2991 5869; x_wconf 66' lang='lat' dir='ltr'><strong>tteale,</strong></span> <span class='ocrx_word' id='word_1_1003' title='bbox 3018 5805 3079 5858; x_wconf 84' lang='grc' dir='ltr'><strong>οὑ</strong></span> <span class='ocrx_word' id='word_1_1004' title='bbox 3110 5804 3334 5861; x_wconf 87' lang='grc' dir='ltr'>δύνασαί</span> <span class='ocrx_word' id='word_1_1005' title='bbox 3362 5822 3437 5876; x_wconf 85' lang='grc' dir='ltr'><strong>με</strong></span> <span class='ocrx_word' id='word_1_1006' title='bbox 3461 5804 3581 5869; x_wconf 84' lang='grc' dir='ltr'>νῦν,</span> <span class='ocrx_word' id='word_1_1007' title='bbox 3605 5803 3716 5856; x_wconf 59' lang='lat' dir='ltr'><strong>6m-</strong></span> 
     </span>
    </p>
   </div>
   <div class='ocr_carea' id='block_1_120' title="bbox 471 5858 2644 5940">
    <p class='ocr_par' dir='ltr' id='par_1_120' title="bbox 471 5858 2644 5940">
     <span class='ocr_line' id='line_1_120' title="bbox 471 5858 2644 5940; baseline 0.007 -28"><span class='ocrx_word' id='word_1_1008' title='bbox 471 5858 626 5932; x_wconf 75' lang='grc' dir='ltr'>Θεοῦ,</span> <span class='ocrx_word' id='word_1_1009' title='bbox 673 5858 897 5933; x_wconf 77' lang='grc' dir='ltr'>ἐξῆλθεν</span> <span class='ocrx_word' id='word_1_1010' title='bbox 949 5863 1056 5918; x_wconf 83' lang='grc' dir='ltr'><strong>ἀπὸ</strong></span> <span class='ocrx_word' id='word_1_1011' title='bbox 1104 5864 1197 5918; x_wconf 89' lang='grc' dir='ltr'><strong>τοῦ</strong></span> <span class='ocrx_word' id='word_1_1012' title='bbox 1247 5858 1411 5933; x_wconf 65' lang='grc' dir='ltr'>Θεοῦ,</span> <span class='ocrx_word' id='word_1_1013' title='bbox 1447 5867 1550 5932; x_wconf 82' lang='grc' dir='ltr'><strong>ἐξω</strong></span> <span class='ocrx_word' id='word_1_1014' title='bbox 1596 5870 1881 5940; x_wconf 87' lang='grc' dir='ltr'>γενόμενον</span> <span class='ocrx_word' id='word_1_1015' title='bbox 1942 5869 2037 5923; x_wconf 86' lang='grc' dir='ltr'><strong>τοῦ</strong></span> <span class='ocrx_word' id='word_1_1016' title='bbox 2146 5858 2423 5940; x_wconf 75' lang='grc' dir='ltr'>λούθήσεις</span> <span class='ocrx_word' id='word_1_1017' title='bbox 2441 5870 2644 5936; x_wconf 78' lang='grc' dir='ltr'>δὲ,ειι·.</span> 
     </span>
    </p>
   </div>
  </div>
