3804 6532
68 407 158 461 755
1040 398 1398 454 COMMENT.
1442 397 1511 453 ΙΝ
1548 395 1740 456 JOAN.
1779 394 2018 452 TOMUS
2060 392 2270 449 XXXII.

3197 389 3299 445 754

66 518 307 588 λουμένος
326 516 424 570 οὐκ
449 515 561 587 ἔχει
592 514 782 586 χρείαν
808 516 856 566 εί
891 512 965 586 μὴ
1002 515 1129 576 τοὺς
1155 514 1320 576 πόδας
1348 512 1620 582 νίψασθαι,

1735 511 1829 565 sed
1853 518 1937 564 est
1963 509 2192 564 mundus
2223 514 2407 562 totus:
2440 509 2494 559 et
2518 516 2614 558 vos
2643 485 2827 556 mundi
2868 499 3018 565 estis,
3058 502 3150 556 sed
3194 518 3299 556 non

65 614 163 666 ἀλλ’
205 611 320 663 ἔστι
367 609 604 680 καθαρὸς
649 609 803 671 ὅλος·
848 608 939 660 καὶ
985 607 1142 676 ὑμεῖς
1189 606 1415 676 καθαροί
1467 607 1625 671 ἐστε,

63 704 164 758 ἀλλ’
227 702 350 774 οὐχὶ
422 701 623 765 πάντες
641 717 656 730 ·
739 699 856 771 ᾔδει
937 699 1046 770 γὰρ
1118 699 1208 752 τὸν
1269 697 1628 770 παραδιδόντα

64 796 239 850 αὐτόν’
309 793 396 847 διά
461 793 621 847 τοῦτο
679 787 866 845 εἶπενο
940 791 1078 862 Οὐχὶ
1135 791 1336 854 πάντες
1400 789 1626 859 καθαροί

64 890 221 940 ἐστε.»
248 885 380 950 Τοῖς
404 885 502 938 νῦν
529 884 635 937 ὑπὸ
661 882 754 936 τοῦ
783 883 994 954 Πέτρου
1025 882 1339 952 λεγομένοις
1363 881 1420 933 ὲν
1451 880 1627 952 καιρῷ

64 976 361 1049 χρησόμεθα
405 975 849 1046 παραδείγματος
888 974 1095 1038 ἕνεκεν,
1127 973 1182 1024 εἴ
1225 989 1328 1026 που
1383 971 1512 1033 δέοι,
1545 973 1627 1026 ὅτι

63 1071 164 1121 ἐστι
203 1067 427 1122 δυνατόν
469 1085 589 1121 τινα
633 1066 772 1120 κατά
820 1067 1077 1138 πρόθεσιν
1122 1066 1403 1138 βελτίστην
1450 1067 1627 1135 λέγειν

62 1160 138 1212 διὰ
164 1160 223 1212 τὸ
248 1159 616 1229 ἀνεπιστῆμον
649 1159 710 1211 τὸ
743 1157 1008 1229 μηδαμῶς
1037 1157 1216 1229 ἑαυτῷ
1248 1159 1590 1229 συμφέροντα
1609 1175 1622 1190 ·

64 1254 104 1304 εί
133 1252 236 1321 γὰρ
290 1252 565 1322 συμφέρον
602 1252 700 1321 μὲν
729 1246 797 1322 ἦν
833 1253 970 1324 πρὸς
1007 1253 1069 1306 τὸ
1102 1251 1246 1320 ἔχειν
1285 1252 1449 1323 μέρος
1488 1250 1625 1321 μετὰ

64 1343 144 1396 τοῦ
177 1342 351 1412 Ἰησοῦ
381 1343 444 1396 τὸ
473 1343 729 1413 νίψασθαι
771 1345 897 1408 τοὺς
948 1345 1116 1408 πόδας
1160 1344 1250 1398 ὑπ’
1288 1344 1486 1410 αὐτοῦ,
1523 1343 1626 1397 Πέ-

65 1453 176 1505 τρος
214 1435 270 1488 δὲ
325 1437 402 1506 μὴ
453 1437 848 1508 ἐπιστάμενος,
899 1437 980 1491 ὅτι
1039 1438 1315 1509 συμφέρον
1347 1435 1504 1491 τοῦτο
1533 1432 1622 1509 ἦν,

64 1526 306 1596 πρότερον
347 1525 448 1596 μὲν
486 1521 658 1592 εἶπεν,
688 1528 850 1580 οἱονεὶ
891 1527 1183 1599 ὲπαπορῶν
1209 1527 1622 1598 δυσωπητικῶς.

62 1617 136 1678 τὸ,
169 1637 186 1668 ι
211 1615 408 1688 Κύριε,
437 1617 501 1670 σύ
547 1635 649 1688 μου
691 1619 899 1682 νίπτεις
928 1621 1054 1683 τοὺς
1093 1618 1286 1683 πόδας;
1313 1636 1329 1669 ι
1373 1617 1624 1688 δεύτερον

61 1711 108 1762 δὲ
126 1711 201 1776 τὺ,
231 1729 248 1760 ι
275 1711 351 1763 υύ
379 1711 455 1783 μὴ
477 1712 638 1785 νίψῃς
668 1730 769 1784 μου
795 1715 920 1777 τοὺς
952 1715 1119 1777 πόδας
1147 1715 1227 1776 είς
1260 1713 1350 1766 τὸν
1375 1713 1544 1767 αἰῶνα
1561 1753 1576 1776 ,
1599 1730 1618 1764 ι

60 1804 139 1854 καὶ
173 1802 242 1855 τὰ
281 1800 553 1874 λεγόμενα
593 1803 869 1858 κωλυτικὰ
915 1800 983 1875 ἦν
1019 1804 1180 1876 ἔργου
1233 1804 1327 1858 τοῦ
1370 1803 1626 1874 φέροντος

61 1893 200 1946 αὐτὸν
221 1893 317 1947 ἐπὶ
339 1894 404 1947 τὸ
427 1894 570 1965 ἔχειν
602 1896 739 1966 μετὰ
765 1896 858 1950 τοῦ
881 1898 1132 1970 Σωτῆρος
1151 1897 1211 1951 τὸ
1236 1897 1419 1969 μέρος,
1439 1896 1616 1967 δῆλον,

61 1986 145 2047 ὅτι,
182 1987 229 2039 εί
273 1986 368 2040 καὶ
411 1987 554 2056 ὑγιεῖ
586 1987 844 2058 προθέσει
881 1991 976 2043 καὶ
1017 1988 1299 2059 σεϐασμίῳ
1352 1988 1487 2059 πρὸς
1529 1988 1620 2041 τὸν

64 2077 368 2134 Διδάσκτλον
409 2078 568 2133 τοῦτο
609 2080 814 2149 ἔλεγεν,
865 2079 1172 2143 ὲπιδλαϐῶς
1211 2081 1392 2151 ἓαυτῷ
1443 2081 1615 2149 ἔλεγε.

63 2162 209 2217 Τοῦτο
243 2164 302 2218 δὲ
343 2167 590 2221 τοιούτου
637 2169 812 2232 ειδους
849 2168 958 2222 τῶν
988 2169 1402 2240 ἁμαρτημάτων
1439 2170 1467 2221 6
1509 2169 1622 2240 βίος

63 2255 395 2329 πεπλήρωται
427 2258 536 2312 τῶν
569 2261 626 2314 ὲν
653 2260 732 2331 τῷ
759 2262 1057 2324 πιστεύειν,
1087 2261 1492 2332 προτιθεμένων
1521 2261 1620 2331 μὲν

62 2347 116 2402 τὰ
155 2349 467 2421 κρείττονα,
513 2351 602 2405 διὰ
641 2352 697 2405 δὲ
740 2354 965 2421 ἄγνοιαν
1001 2353 1070 2407 τὰ
1122 2355 1214 2408 ἐπὶ
1270 2354 1330 2408 τὸ
1381 2355 1620 2408 ἐναντίον

63 2437 270 2507 φέροντα
312 2439 604 2508 λεγόντων,
637 2442 670 2513 ἢ
702 2441 794 2495 καὶ
837 2443 1206 2514 πραττόντων.
1251 2444 1361 2498 Καὶ
1390 2443 1620 2498 τοιοῦτοί

60 2529 111 2596 γέ
145 2533 274 2584 εἰσιν
304 2533 357 2585 oi.
404 2533 484 2597 τὸ,
533 2552 552 2584 ι
581 2534 672 2606 Μὴ
712 2535 854 2605 ἅψῃ,
895 2535 970 2606 μὴ
1022 2534 1214 2607 γεύσῃ,
1269 2537 1342 2609 μὴ
1391 2537 1565 2608 θίγῃς,
1597 2557 1614 2590 ι

64 2619 360 2688 φάσκοντες,
399 2640 419 2673 ι
446 2621 575 2695 περὶ
610 2623 828 2678 πάντων
857 2624 964 2678 τῶν
998 2627 1078 2688 είς
1114 2625 1340 2698 φθορὰν,
1368 2627 1462 2679 καὶ
1487 2627 1619 2680 ἀπό-

64 2727 229 2780 χρησιν
252 2733 270 2764 ι
304 2712 416 2766 τῶν
457 2713 781 2786 ἀνθρώπων,
816 2715 958 2769 κατά
996 2731 1117 2768 τινα
1158 2715 1293 2769 πολὺ
1336 2715 1434 2785 τῆς
1465 2715 1615 2780 θείας

63 2802 442 2875 ὑποϐεϐηκυῖαν
482 2805 588 2860 τῶν
633 2805 708 2871 ὡς
749 2806 1035 2880 ἄνθρωπος
1082 2809 1324 2880 ἀποθάνῃ
1371 2809 1622 2862 διδασκα-

63 2892 157 2944 λίαν
183 2895 310 2968 (98).
346 2895 415 2948 Τί
450 2896 506 2951 δὲ
543 2897 784 2970 δεί’περὶ
823 2899 932 2952 τῶν
974 2902 1031 2954 ἐν
1071 2903 1186 2963 ταῖς
1214 2899 1457 2972 αἱρέσεσι
1491 2900 1618 2954 κλυ-

61 2985 410 3057 δωνιζομένων
459 2989 553 3044 καὶ
598 2991 1044 3066 περιφερομένων
1096 2994 1257 3046 παντὶ
1305 2993 1490 3064 ἀνέμῳ
1529 2994 1620 3046 ἐπὶ

63 3078 142 3146 τὴν
167 3080 389 3134 κυϐείαν
416 3082 524 3136 τῶν
553 3082 856 3154 ἀνθρώπων
878 3083 1081 3153 λέγειν,
1100 3084 1490 3139 διαλαλούντων
1511 3085 1618 3156 (99)

66 3175 275 3243 σωτήρια
300 3175 369 3228 τὰ
409 3175 652 3248 ὀλέθρια,
679 3179 772 3231 καὶ
799 3182 874 3242 ὡς
903 3179 997 3233 ἐπὶ
1028 3179 1285 3250 σεϐασμῷ
1315 3179 1408 3232 τοῦ
1445 3178 1618 3251 Ἰησοῦ
1647 3196 1689 3253 C

65 3261 118 3312 τὰ
157 3263 318 3336 ψεύδη
363 3269 493 3338 περὶ
528 3268 694 3322 αὑτοῦ
735 3269 1103 3335 δοξαζόντων;
1151 3271 1418 3335 Πολλάκις
1446 3271 1502 3324 δὲ
1533 3272 1622 3325 τὸν

67 3354 240 3426 Πέτρον
294 3358 601 3432 τοιοῦτονή
636 3361 827 3434 Γραφὴ
877 3363 1257 3435 ἐσημειιῦσατο
1297 3363 1624 3436 θερμότερον

67 3450 128 3510 είς
169 3449 227 3501 τὸ
281 3450 718 3520 ἐπαγγέλλεσθαι
765 3453 835 3507 τὰ
887 3454 1186 3524 φαινόμενα
1246 3453 1394 3525 αύτῷ
1441 3454 1624 3526 κρείτ-

66 3552 196 3590 τοναο
242 3540 497 3618 καθάπερ
545 3544 640 3596 καὶ
700 3544 758 3598 ὲν
799 3545 878 3615 τῷ
921 3543 1291 3609 ἀνεξετάστως
1350 3546 1624 3617 εἰρημένῳ

69 3629 140 3679 καὶ
165 3628 500 3702 ἀθετητικῶς
530 3633 629 3702 τῆς
671 3633 846 3704 Ἰησοῦ
881 3635 1009 3705 περὶ
1051 3635 1159 3688 τῶν
1196 3637 1454 3707 μαθητῶν
1487 3653 1625 3708 προ-

68 3721 264 3789 φητείας
295 3722 578 3786 εἰπόντος,
613 3743 630 3774 ι
662 3724 871 3788 Πάντες
905 3725 1059 3794 ὑμεῖς
1095 3727 1620 3800 σκανδαλισθήσεσθε

68 3808 111 3858 iv
143 3811 255 3879 ἐμοὶ
298 3813 361 3864 ἐν
394 3815 460 3883 τῇ
496 3813 652 3867 νυκτὶ
690 3813 900 3887 ταύτῃ,
940 3833 958 3866 ι
996 3816 1089 3868 καὶ
1121 3814 1216 3886 τὴν
1257 3818 1436 3874 αίτίαν
1476 3838 1621 3894 παρ-

69 3903 283 3968 ιπάντος
333 3905 413 3976 (l)
459 3907 517 3958 ὲν
582 3906 692 3978 τῷ·
750 3927 767 3958 ι
812 3908 1125 3978 Γέγραπται
1178 3910 1288 3981 γάρ
1323 3927 1336 3940 ·
1391 3913 1623 3977 Πατάξω

67 3993 140 4044 τὸν
169 3996 418 4066 ποιμένα,
445 3997 540 4050 καὶ
563 3997 1112 4070 διασκορπισθήσεται
1139 4001 1207 4053 τὰ
1247 4001 1495 4072 πρόϐατα
1523 4003 1622 4074 τῆς

71 4086 302 4158 ποίμνης·
331 4107 351 4140 ι
389 4089 760 4153 ἀνεξετάστως
785 4090 894 4162 γὰρ
925 4091 1063 4162 πρὸς
1091 4092 1269 4159 τοῦτο,
1311 4092 1405 4146 καὶ
1432 4093 1622 4164 ἀθετη·

66 4180 204 4242 τιχῶς
229 4181 326 4250 τῆς
367 4181 542 4251 Ἰησοῦ
571 4181 898 4251 ἀποφάσεως
927 4177 1046 4236 εῐπε
1080 4183 1172 4237 τό’
1210 4202 1229 4238 ι
1262 4186 1324 4238 Εί
1359 4185 1453 4239 καὶ
1487 4187 1622 4241 πάν-

68 4285 138 4334 τες
171 4272 718 4343 σκανδαλισθήσονται
758 4275 816 4328 ἐν
851 4275 933 4328 σοὶ
967 4275 1064 4346 (‘2),
1097 4275 1206 4344 ἐγὼ
1234 4277 1293 4330 οὐ
1340 4278 1622 4332 σκανδαλι-

70 4361 304 4435 σθήσομαι
325 4381 339 4394 ·
373 4383 393 4415 ι
431 4364 524 4418 καὶ
556 4363 734 4428 τοῦτο,
778 4364 858 4418 ἔτι
890 4367 1008 4419 τότε
1049 4369 1320 4439 προπετὲς
1360 4368 1418 4422 ὃν
1458 4371 1515 4423 ὲν
1551 4373 1616 4442 τῇ

68 4451 186 4526 ψυχῇ
229 4456 418 4519 αὑτοῦ,
463 4457 634 4511 αἴτιον
681 4459 713 4529 ἢ
751 4458 845 4511 καὶ
894 4458 1087 4526 γέγονε
1120 4459 1214 4512 τοῦ
1247 4460 1388 4532 ὑπὲρ
1420 4461 1481 4514 τὸ
1526 4462 1621 4532 μέ-

1729 616 1951 656 omnes:
1975 599 2187 655 sciebat
2211 598 2380 661 cnim,
2400 595 2648 664 quisnam
2674 600 2817 647 esset
2843 592 3086 662 proditor
3113 592 3299 661 ipsius:

1729 701 2020 764 propterea
2075 689 2250 744 dixit:
2284 688 2395 741 Non
2457 686 2588 740 estis
2653 683 2835 736 mundi
2894 697 3105 736 omnes.
3145 701 3165 735 ι
3211 681 3306 737 His

1728 799 1848 854 quae
1885 797 2028 838 nunc
2067 797 2096 835 a
2140 780 2299 834 Petro
2343 787 2470 834 sunt
2518 778 2684 842 dicta,
2734 785 3040 844 opportune
3089 783 3305 830 utemur

1727 876 1959 944 exempli
1984 888 2168 937 causa,
2203 871 2379 927 sicubi
2419 884 2554 938 opus
2594 867 2782 934 fuerit,
2821 877 3107 937 prepterca
3158 869 3300 938 quod

1728 967 1886 1023 facile
1929 967 2068 1021 l'actu
2113 965 2203 1030 sit,
2251 973 2309 1016 ut
2357 962 2556 1032 aliquis
2597 969 2820 1033 propter
2883 961 3301 1030 imprmlentiam

1727 1057 1933 1128 Optimo
1956 1054 2238 1125 proposito
2265 1053 2410 1108 dicat
2437 1066 2557 1122 qua:
2581 1051 2682 1106 sibi
2715 1050 2941 1105 minime
2987 1050 3097 1104 sint
3127 1049 3299 1104 utilia.

1726 1148 1861 1204 Nam
1896 1150 1941 1205 si
1974 1147 2134 1203 Petro
2166 1147 2298 1202 utile
2337 1155 2456 1201 erat
2486 1144 2554 1199 ad
2581 1143 2887 1199 habendam
2933 1155 3140 1212 partem
3178 1159 3298 1198 cum

1726 1239 1873 1305 Jesu,
1917 1248 1977 1294 ut
2021 1239 2104 1295 sui
2141 1239 2308 1310 pedes
2340 1238 2654 1293 lavarentur
2687 1235 2756 1290 ab
2801 1239 2950 1306 ipso,
3005 1245 3057 1290 et
3111 1237 3302 1290 Petrus

1728 1330 1982 1384 nesciens
2020 1329 2151 1384 utile
2180 1330 2282 1385 hoc
2310 1343 2458 1394 esse,
2509 1329 2663 1398 prius
2695 1328 2915 1396 quidem
2949 1326 3098 1393 illud,
3134 1327 3298 1382 veluti

1727 1421 2068 1488 addubilans,
2127 1421 2266 1476 dixit
2299 1406 2609 1476 verecunde
2638 1461 2654 1485 ,
2693 1439 2712 1473 ι
2753 1418 3010 1483 Domine,
3061 1428 3115 1472 tu
3167 1418 3298 1472 tnihi

1725 1512 1873 1568 lavas
1899 1513 2101 1583 pedes?
2135 1532 2154 1566 ι
2188 1525 2252 1568 ac
2278 1512 2456 1567 denuo
2489 1529 2501 1563 :
2539 1530 2558 1563 ι
2599 1510 2718 1566 Νοιι
2752 1510 2955 1565 lambis
2983 1509 3111 1563 mihi
3139 1508 3301 1581 pedes

1726 1607 1779 1662 in
1812 1615 2098 1671 aeternum,
2139 1625 2158 1658 ι
2189 1615 2243 1661 et
2267 1604 2433 1678 412
2468 1620 2588 1676 quae
2609 1603 2806 1660 Petrus
2842 1603 3080 1668 dicebat,
3115 1603 3300 1672 prohi-

1724 1697 1925 1753 bebant
1949 1713 2084 1767 opus
2115 1698 2258 1768 quod
2295 1712 2358 1752 eo
2381 1712 2501 1752 eum
2528 1697 2804 1762 evelleret,
2833 1706 2892 1750 ut
2924 1695 3150 1748 haberet
3175 1709 3300 1763 par-

1727 1800 1836 1845 tem
1877 1805 2000 1844 cum
2053 1788 2370 1854 Servatore,
2404 1787 2748 1856 perspicuum
2777 1795 2881 1852 est,
2920 1785 3136 1840 etiamsi
3166 1799 3299 1840 sano

1723 1882 2021 1954 proposito,
2045 1881 2420 1938 etvenerando
2446 1882 2513 1934 ad
2538 1880 2930 1948 Praeceptorem
2949 1877 3053 1933 hoc
3082 1875 3299 1942 dixerit,

1724 1983 1988 2031 nocenter
2021 1972 2123 2030 sibi
2155 1970 2584 2041 dixisse.ltaque
2613 1970 2716 2026 bac
2744 1969 2930 2040 specie
2955 1976 3299 2038 peccatorum

1722 2065 1832 2120 vita
1869 2079 2061 2120 eorum
2092 2062 2302 2132 repleta
2335 2069 2440 2128 est,
2475 2063 2565 2132 qui
2602 2063 2730 2117 dum
2757 2062 2824 2116 ad
2850 2061 3010 2114 [idem
3047 2059 3299 2123 veniunt,

1723 2171 1813 2211 res
1864 2154 2088 2226 quidem
2145 2163 2456 2224 proponunt
2507 2153 2610 2208 sibi
2662 2160 3031 2222 praestantes:
3079 2159 3301 2220 propter

1722 2249 2083 2321 ignorantiam
2126 2257 2336 2312 tamen,
2377 2261 2501 2317 qua:
2535 2247 2591 2301 in
2627 2245 2970 2301 contrarium
2995 2244 3301 2298 ducuntdi-

1723 2355 1874 2412 cunt,
1901 2345 1987 2401 vel
2012 2344 2180 2402 etiam
2217 2343 2441 2401 faciunt.
2484 2341 2662 2411 Atque
2709 2341 3016 2407 hujusmodi
3057 2337 3302 2409 profecto

1722 2448 1850 2492 sunt
1877 2438 1970 2507 qui
1998 2438 2192 2492 dicunt
2227 2453 2241 2490 :
2291 2455 2310 2488 ι
2340 2434 2417 2490 Ne
2451 2432 2721 2504 tetigeris,
2767 2445 2942 2502 neque
2980 2429 3299 2502 gustaveris,

1724 2542 1904 2598 neque
1930 2526 2390 2591 contrectaveris,
2428 2524 2494 2580 de
2523 2523 2775 2578 omnibus
2797 2537 2917 2592 qua:
2942 2529 3071 2577 sunt
3099 2519 3150 2574 in
3181 2533 3304 2574 cor-

1726 2619 2033 2686 ruptionem
2074 2627 2130 2674 et
2172 2617 2402 2672 abusum
2438 2632 2461 2670 ι
2500 2615 2874 2679 hominum“,
2916 2615 3071 2684 juxta
3113 2628 3302 2684 quam-

1724 2709 1848 2764 datn
1887 2709 2067 2765 divina
2116 2709 2274 2780 longe
2311 2705 2622 2762 inferiorem
2664 2707 2969 2762 doctrinam
2998 2720 3186 2760 earum
3215 2721 3302 2760 re-

1723 2817 1866 2870 rum,
1915 2815 2010 2870 per
2057 2816 2192 2871 quas
2235 2802 2397 2856 homo
2442 2803 2596 2872 quasi
2642 2799 2899 2856 moritur.
2943 2799 3084 2867 Quid
3119 2810 3298 2855 autem

1723 2893 1906 2949 dicere
1931 2901 2144 2964 oportet
2175 2893 2242 2950 de
2289 2893 2376 2948 his
2422 2891 2514 2961 qui
2569 2891 2620 2945 in
2658 2890 2962 2945 liceresibus
3013 2891 3298 2954 ﬂuctuant,

1723 2985 1926 3055 quique
1953 2985 2101 3042 omni
2127 2995 2291 3041 vento
2315 2969 2775 3040 circumferuntur
2799 2984 2844 3015 "
2869 2999 2964 3053 per
3000 2982 3296 3038 versutiam

1725 3077 2007 3132 hominum
2051 3074 2448 3146 divulgantiutn
2482 3075 2743 3132 salutaria
2789 3089 2909 3130 esse
2951 3088 3072 3144 quas
3118 3073 3301 3143 perni-

1724 3166 1860 3222 ciem
1888 3164 2144 3234 all'crunt,
2169 3182 2231 3222 ac
2263 3174 2520 3237 tanquam
2547 3167 2598 3222 in
2625 3167 2886 3222 honorem
2918 3163 3043 3220 Jesu
3077 3163 3212 3219 falsa
3234 3163 3302 3217 de

1724 3260 1844 3330 ipso
1871 3260 2254 3332 opinantium?
2277 3259 2496 3315 Petrum
2527 3262 2715 3331 itaque
2736 3273 3117 3330 saepenumero
3149 3257 3299 3314 Scri-

1721 3359 1881 3420 ptura
1913 3350 2072 3406 talem
2102 3351 2312 3406 notavit
2339 3349 2734 3407 ferventiorem
2778 3351 2845 3405 ad
2875 3348 3295 3420 promittendum

1723 3457 1843 3511 quae
1867 3440 1969 3497 sibi
1999 3441 2325 3498 videbantur
2360 3441 2626 3509 meliora;
2651 3441 3116 3512 quemadmodum
3133 3440 3296 3496 etiam

1725 3533 1777 3589 in
1807 3548 1873 3588 eo
1903 3533 2047 3603 quod
2079 3534 2219 3588 dixit
2240 3534 2447 3603 absque
2480 3534 2585 3588 ulla
2613 3533 3018 3588 exaniinatione
3044 3546 3109 3587 ac
3131 3529 3298 3586 veluti

1722 3642 1988 3694 spernens
2017 3629 2362 3699 prophetiam
2391 3625 2518 3683 Jesu
2571 3627 2637 3681 de
2685 3625 2968 3695 discipulis
3030 3624 3294 3687 dicentis.

1728 3738 1746 3772 ι
1780 3718 1983 3774 Omnes
2011 3735 2110 3775 vos
2134 3719 2485 3774 oll‘endemini
2517 3733 2634 3773 mea
2657 3732 2824 3773 causa
2862 3726 3020 3772 nocte
3050 3717 3151 3771 bac
3175 3715 3241 3780 ’³,
3275 3735 3294 3766 ι

1722 3819 1777 3865 et
1814 3825 2034 3866 causam
2067 3809 2409 3865 ostendentis
2446 3808 2498 3862 in
2535 3823 2601 3864 eo
2641 3809 2782 3878 quod
2814 3809 2932 3864 ait:
2967 3827 2986 3860 ι
3025 3805 3297 3876 Scriptum

1722 3911 1811 3957 est
1859 3901 2048 3957 enim:
2091 3899 2402 3956 Percutiam
2456 3907 2758 3966 pastorem,
2811 3907 2867 3954 et
2923 3900 3299 3966 dispergentur

1720 4006 1850 4049 oves
1882 3991 2060 4063 gregis
2075 3991 2149 4056 7‘;
2183 4009 2205 4045 ι
2243 3991 2449 4059 absque
2473 3989 2576 4042 ulla
2605 3990 2748 4044 enim
2778 3988 3200 4050 examinatione,
3245 3996 3302 4039 et

1721 4085 1878 4156 quasi
1907 4098 2172 4155 spernens
2220 4082 2656 4139 enuntiationem
2686 4079 2838 4144 .lesu,
2868 4080 3006 4134 dixit
3045 4079 3112 4134 ad
3144 4079 3246 4132 hoc
3279 4092 3290 4124 ε

1727 4196 1746 4230 ι
1785 4177 2008 4232 Etiamsi
2045 4190 2238 4231 omnes
2267 4172 2616 4231 oliendantur
2650 4183 2739 4228 tua
2766 4186 2954 4236 causa,
2985 4185 3086 4239 ego
3117 4179 3295 4224 tamen

1721 4283 1998 4338 nunquam
2028 4266 2375 4332 oll‘endar";
2407 4285 2426 4318 ι
2456 4267 2508 4321 id
2530 4265 2674 4335 quod
2705 4273 2815 4319 tum
2851 4262 3110 4332 temporis
3131 4271 3302 4316 teme—

1722 4365 1929 4416 rarium
1959 4359 2232 4415 exsistens
2273 4359 2327 4414 in
2361 4360 2546 4414 animo
2591 4358 2787 4429 ipsius,
2829 4356 2992 4411 etiam
3037 4355 3091 4408 in
3133 4369 3298 4409 causa

1724 4451 1823 4507 l'uit
1877 4459 1937 4507 ut
1977 4452 2379 4523 graviore'prae
2411 4454 2627 4508 caeteris
2659 4452 2811 4519 lapsu
2847 4447 3089 4518 peccarit
3144 4447 3259 4516 ipse
3283 4483 3298 4507 ,

69 4559 172 4614 των
198 4547 404 4601 τούτων
432 4546 633 4601 λοιπῶν
677 4547 1078 4618 σκανδαλισμοῦ
1114 4549 1489 4621 ἡμαρτηκέναι
1521 4551 1617 4603 αύ-

1726 4541 1906 4600 Jesum
1931 4553 2013 4600 ter
2039 4545 2282 4615 negando
2307 4551 2434 4599 ante
2455 4543 2581 4614 galli
2614 4553 2858 4600 cantum.
2903 4541 3053 4596 lianc
3081 4538 3150 4594 ob
3167 4553 3298 4593 can-

70 4632 158 4695 τὸν,
196 4637 571 4708 ἀρνησάμενον
614 4637 706 4690 τὸν
749 4636 955 4708 Ἰησοῦν
998 4637 1119 4710 τρὶς
1175 4639 1304 4709 πρὶν
1357 4640 1618 4710 ἀλεκτρο-

73 4726 276 4790 φοινίας·
311 4729 523 4801 διόπερ,
555 4729 857 4799 ἐπιστήσας
890 4730 1115 4803 τοιαύτῃ
1154 4730 1396 4802 προτέρα
1423 4730 1616 4785 ἑαυτοῦ

73 4819 364 4891 προπετείᾳ,
404 4819 658 4893 ὠφελήθη
710 4820 788 4892 (5)
823 4821 890 4876 τὰ
941 4821 1205 4892 μέγιστα,
1256 4823 1333 4886 ὡς
1364 4823 1616 4891 γενέσθαι

75 4907 442 4979 πιόαρὼτατος
477 4909 571 4963 καὶ
618 4911 1131 4981 μακροθυμότατοςο
1164 4911 1300 4982 ὅπερ
1339 4909 1612 4981 δηλοῦται,

73 4996 252 5051 Παύλου
281 5000 380 5070 μὲν
409 4999 653 5064 είπόντος
695 5001 844 5072 αύτῷ
879 4999 1190 5072 ἔμπροσθεν
1217 5001 1434 5054 πάντων
1453 5039 1468 5064 ,
1505 5019 1524 5048 ο
1555 5002 1618 5055 Ei

75 5089 142 5151 ob,
173 5089 414 5156 Ἰουδαῖος
445 5092 728 5164 ὑπάρχων,
774 5092 1003 5158 ἐθνικῶς
1045 5095 1138 5147 καὶ
1172 5093 1270 5146 οὐκ
1315 5092 1618 5158 Ἰουδαϊκῶς

75 5177 170 5248 ζῇς,
199 5183 310 5247 πῶς
347 5182 419 5236 τὰ
465 5182 592 5255 ἔθνη
633 5185 964 5253 ἀναγκάζεις
1005 5185 1342 5251 Ἰουδαῖζειν;
1369 5203 1388 5237 ι
1426 5186 1520 5239 καὶ
1550 5185 1619 5239 τὰ

76 5270 194 5342 ὶξῆς,
221 5274 314 5328 τοῦ
343 5275 402 5332 δὲ
435 5275 574 5348 μετά
603 5275 818 5340 στίϐους
857 5278 1252 5347 σιωπήσαντος,
1288 5278 1416 5348 περὶ
1456 5271 1516 5332 οὗ
1559 5278 1619 5331 ὲν

131 5394 170 5468 '_'
192 5392 345 5468 Joan.
378 5411 503 5462 xm,
529 5395 564 5451 6
598 5413 714 5468 seq.

81 5461 289 5520 "Galat.
323 5482 384 5532 tt,
406 5468 494 5522 14.

132 5555 232 5631 (98)
277 5560 398 5614 Τῶν
426 5559 509 5628 ὡς
529 5560 846 5631 ,ἄνθρωος
877 5561 1148 5631 ἀποθάνῃ
1191 5561 1608 5616 διδασκαλίαν.

83 5622 277 5709 llqetius
303 5632 383 5686 sic
408 5622 699 5709 intelligit:
737 5622 892 5700 juxta
927 5622 1214 5700 quamdam
1245 5632 1427 5686 divina
1461 5633 1616 5703 longe

85 5697 752 5821 :lferiqrfln.:ioclrillaln,'
771 5716 896 5770 quae
931 5697 1018 5757 res
1043 5713 1334 5768 monstrat,
1360 5719 1454 5773 per
1480 5697 1616 5773 quas

99 5783 124 5815 Ιι
139 5784 214 5817 11ὶο
236 5786 285 5822 ΙΙΙ
312 5785 387 5824 θΙΊ
418 5807 433 5823 ο

139 5837 235 5909 (99)
274 5840 450 5896 Codex
475 5839 695 5914 Regius,
734 5842 897 5911 male,
921 5841 1294 5897 διαλαλοῦντα.

444 6526 562 6532 --ι
582 6522 928 6532 .__.—--.-——.-—_-.—._
963 6522 1016 6528 ._..
1033 6524 1068 6527 _._
1083 6521 1132 6526 _._-
1151 6521 1168 6525 μ

1725 4650 1840 4692 sam
1877 4637 2036 4692 talem
2070 4638 2152 4692 sui
2187 4637 2359 4706 ipsius
2392 4637 2759 4694 temeritatem
2801 4635 3037 4705 priorem
3067 4631 3300 4700 diligen-

1727 4728 1838 4785 tius
1884 4743 2010 4785 cum
2050 4721 2456 4801 perspexisset,
2494 4730 2790 4785 maximum
2842 4743 2908 4783 ex
2963 4740 3028 4780 ea
3063 4722 3296 4776 fructum

1723 4819 1988 4890 percepit,
2033 4819 2170 4875 adeo
2223 4828 2287 4876 ut
2333 4828 2518 4890 postea
2573 4817 2752 4875 factus
2798 4819 2870 4874 sit
2924 4815 3294 4882 fortissimus,

1719 4919 1884 4982 atque
1929 4912 1999 4966 ad
2050 4912 2307 4982 quidquid
2347 4913 2643 4969 accidisset
2692 4909 3074 4981 aquanimiter
3117 4906 3294 4961 feren-

1718 5001 1845 5058 dum
1893 5003 2312 5072 paratissimus;
2369 5005 2513 5073 quod
2563 5004 2877 5059 declaratur
2926 5014 2992 5054 ex
3039 5012 3104 5052 eo
3152 4999 3297 5068 quod

1717 5092 1887 5149 Paulo
1914 5093 2128 5150 dicente
2147 5093 2222 5148 illi
2247 5107 2435 5149 coram
2461 5094 2731 5159 omnibus,
2752 5089 2839 5145 «Si
2862 5098 2918 5143 tu
2933 5087 3151 5143 Iudaeus
3171 5099 3295 5140 cum

1717 5186 1818 5251 sis,
1843 5187 2120 5258 gentiliter
2143 5189 2301 5258 vivis,
2320 5200 2376 5246 et
2398 5203 2505 5245 non
2531 5184 2780 5249 Judaiee,
2811 5183 3296 5254 quomodogentes

1718 5279 1869 5348 cogis
1905 5269 2217 5336 Judaebrum
2250 5294 2401 5336 more
2428 5278 2614 5334 vivere
2629 5275 2719 5329 ὀἳ
2759 5293 2780 5327 ι
2821 5282 2878 5329 et
2903 5287 3025 5343 quae
3059 5283 3296 5336 sequun-

802 5398 843 5429 τ’
879 5397 1058 5455 Colos.
1097 5414 1158 5464 ll,
1183 5397 1273 5466 2t,
1300 5397 1389 5454 ἐξ.
1465 5399 1510 5430 ⁷³
1553 5399 1620 5468 Ep

1726 5437 1748 5454 ι.
1785 5415 1858 5466 tv,
1896 5399 1982 5455 i4.
2060 5399 2106 5432 ⁷³
2136 5399 2497 5466 Μαιιίι.ιινι,
2529 5397 2620 5454 51.
2698 5396 2744 5428 ⁷⁵
2774 5394 2906 5451 ibid.
2979 5392 3027 5425 ""
3059 5389 3190 5446 ibid.
3229 5387 3299 5443 55

1821 5563 1869 5634 Ι)
1898 5561 2078 5634 Codex
2104 5561 2331 5634 liegiusl
2351 5559 2512 5634 male,
2547 5558 2919 5634 περιστάντος.

1816 5618 1874 5702 2')
1904 5633 2046 5688 idem
2083 5618 2538 5702 cod'éxRegius,
2586 5618 2864 5691 mendose,
2905 5618 3298 5691 σκανδαλισθή-

1725 5698 1911 5759 σεσθαι
1943 5705 2000 5757 ὲν
2017 5698 2320 5773 sponsus,
2345 5698 2450 5773 eis.

1797 5776 1875 5845 ('5)
1917 5764 2060 5829 Ideni
2087 5764 2256 5828 codex
2277 5764 2502 5842 Regius,
2531 5769 2690 5833 male,
2715 5764 3084 5837 ὠφεληθῆναι.
