3804 6582
119 386 225 448 757

1121 396 1585 484 COMMENT.OIN
1615 397 1808 458 JOAN.
1849 398 2086 456 TOMUS
2122 398 2334 454 XXXII.

3271 409 3372 464 758

121 513 256 584 πρὸς
295 514 479 581 τοῦτο,
513 517 620 582 ὅτι,
650 516 858 587 Ὠσπερ
887 516 1088 588 ἰατρὸς,
1133 521 1369 575 πλείοσιν
1401 519 1672 591 ἀῤῥὼστοι

1807 521 2283 591 projectusjacet).
2308 497 2430 576 cum
2454 518 2611 576 Jesus
2643 523 2957 594 inempisset
2993 525 3175 582 lavare
3208 531 3373 597 pedes

121 602 263 654 κατὰ
309 603 410 673 τὴν
457 605 703 676 ἰατρικὴν
754 605 1198 677 διακονούμενος,
1273 610 1382 663 ἀπὸ
1417 609 1525 662 τῶν
1574 627 1702 663 κατ·-

121 696 456 762 επειγὸντων
487 696 580 750 καὶ
607 698 825 768 χείρονα
864 698 1205 753 πεπονθότων
1236 701 1335 770 τὴν
1369 701 1542 772 ἀρχὴν
1581 717 1700 752 ποι-

119 791 255 840 εἷται
296 789 397 859 τῆς
447 788 774 860 θεραπείας,
821 790 994 854 οὕτως
1035 793 1063 844 ὁ
1101 793 1522 863 ὲρῤυπωμένους
1573 796 1700 858 τοὺς

119 880 286 942 πόδας
330 880 534 933 νίπτων
566 881 675 933 τῶν
711 880 969 951 μαθητῶν
1002 883 1224 953 ἄρχεται
1273 884 1380 936 ἀπὸ
1417 884 1521 937 τῶν
1566 885 1699 955 μᾶλ-

116 969 202 1021 λον
250 970 692 1040 ὲρῤυπωμένωνο
747 971 842 1024 καὶ
893 972 1033 1042 τάχα
1083 973 1174 1024 ἐπὶ
1221 972 1521 1026 τελευταῖον
1567 967 1698 1043 ἦλθε

117 1062 201 1112 τὸν
234 1062 466 1132 Πέτρον,
496 1063 572 1125 ὡς
599 1062 816 1115 ἔλαττον
845 1063 1060 1117 πάντων
1095 1063 1344 1134 δεόμενον
1370 1066 1467 1136 τῆς
1493 1065 1690 1134 νίψεως

115 1151 220 1202 τῶν
251 1151 432 1204 ποδῶν
451 1169 464 1182 ⁸
506 1153 645 1224 τάχα
685 1153 743 1206 δὲ
775 1154 868 1206 καὶ
894 1155 974 1216 είς
1007 1155 1064 1206 τὸ
1093 1155 1266 1208 δοκεῖν
1309 1155 1607 1223 ἀντιλέγειν
1653 1157 1686 1224 ἠ

117 1243 281 1309 ἐγγὺς
338 1243 706 1314 καθαρότητος
757 1245 1087 1307 κατάστασις
1136 1246 1244 1299 τῶν
1305 1246 1475 1301 ποδῶν
1526 1245 1689 1300 αὐτοῦ

117 1333 486 1388 συνεϐάλλετο.

1803 613 2213 682 discipulorum,
2242 621 2296 664 et
2326 611 2637 679 abstergere
2671 612 2842 667 linteo
2869 630 2977 684 quo
3001 626 3118 670 erat
3146 620 3371 686 praecin-

1803 713 1942 770 ctus,
1971 702 2134 774 414
2168 719 2269 758 non
2327 718 2356 756 a
2406 701 2566 756 Petro
2629 705 2916 773 incoeperit
2951 706 3074 776 [sed
3110 709 3177 763 ab
3217 709 3367 780 illo].

1800 793 1880 846 Ad
1905 795 2047 862 quod
2079 791 2511 860 respondendum
2544 799 2627 844 est
2656 807 2669 842 :
2713 790 2782 844 Ut
2833 793 3077 850 medicus
3123 797 3371 866 plurimis

1802 882 2031 938 infirmis
2077 881 2492 935 subministrans
2518 879 2668 948 juxta
2704 892 2873 935 artem
2925 887 3225 947 medicinae,
3266 887 3370 940 iui-

1802 974 1933 1026 tiutn
1959 970 2206 1024 medendi
2232 968 2360 1022 facit
2391 969 2454 1022 ab
2479 967 2670 1036 hisqui
2704 982 2963 1038 urgentur
2979 973 3184 1042 quique
3213 975 3369 1042 pejus

1800 1062 1978 1116 affecti
2009 1073 2153 1127 sunt,
2187 1061 2266 1115 sic
2299 1063 2681 1132 discipulorum
2723 1063 2974 1116 sordidos
2997 1063 3160 1130 pedes
3185 1065 3371 1117 lavan-

1801 1164 1932 1218 tem,
1989 1154 2280 1224 incmpisse
2323 1172 2351 1209 a
2391 1158 2561 1228 magis
2611 1159 2882 1222 sordidis;
2911 1168 3074 1226 atque
3114 1157 3367 1226 equidem

1799 1244 2048 1299 fortassis
2094 1244 2158 1298 ad
2209 1245 2426 1300 Petrum
2469 1256 2746 1316 postremo
2794 1247 2961 1309 venit,
3013 1247 3139 1316 quia
3194 1247 3369 1300 minus

1799 1336 2008 1390 ueteris
2031 1335 2294 1407 indigeret
2326 1345 2382 1390 ut
2408 1339 2508 1392 sibi
2535 1338 2844 1391 lavarentur
2874 1338 3036 1406 pedes
3067 1352 3078 1388 :
3117 1334 3367 1390 fortassis

115 1431 276 1480 etiam
315 1437 490 1482 status
525 1429 718 1498 pedum
751 1447 990 1498 suorum,
1035 1433 1125 1502 qui
1169 1433 1410 1502 proxime
1447 1431 1736 1487 accedebat
1761 1430 1830 1484 ad
1865 1429 2397 1489 munditiem,efl‘ecit
2423 1441 2480 1486 ut
2509 1433 2884 1487 contradicere
2932 1433 3217 1500 cogitaret.

181 1521 235 1575 6.
278 1521 712 1595 Βασανιζόμενον
745 1526 802 1579 δὲ
849 1527 908 1579 τὸ
956 1528 1061 1580 ὑπὸ
1105 1527 1197 1581 τοῦ
1241 1527 1412 1598 Ἰησοῦ
1461 1527 1685 1599 εἰρημέ-

115 1630 218 1675 νον,
249 1613 312 1666 τὸ
332 1653 349 1680 ,
382 1633 400 1666 ι
437 1617 494 1669 '0
523 1617 841 1688 λελουμένος
885 1617 984 1672 οὐκ
1028 1617 1141 1689 ἔχει
1172 1619 1360 1691 χρείαν
1398 1619 1685 1688 νίψασθαι,

115 1704 224 1756 ἀλλ’
265 1705 386 1759 ἔστι
435 1707 672 1779 καθαρὸς
720 1710 871 1774 ὅλοςο
902 1712 996 1764 καὶ
1040 1711 1199 1781 ὑμεῖς
1251 1711 1479 1782 καθαροί
1528 1714 1683 1776 ἐστε,

1865 1524 1916 1580 6.
1951 1524 2117 1580 Porro
2144 1525 2188 1579 si
2208 1527 2581 1581 exatninemus
2613 1529 2756 1595 quod
2776 1526 3104 1593 dixitJesns,
3132 1541 3324 1596 nempe
3345 1568 3361 1593 ,

1803 1634 1822 1668 ι
1851 1615 1953 1682 Qui
1981 1615 2118 1670 lotus
2143 1627 2244 1680 est,
2289 1616 2420 1670 nihil
2455 1633 2589 1685 opus
2619 1618 2781 1671 habet
2813 1626 3171 1686 pra'terquam
3201 1619 3365 1686 pedes

1795 1705 1997 1770 lavare,
2038 1706 2133 1760 sed
2169 1715 2253 1760 est
2286 1709 2519 1762 mundus
2557 1716 2700 1762 totus
2730 1724 2745 1762 :
2778 1719 2832 1761 et
2862 1725 2954 1762 vos
2993 1711 3176 1762 nnmdi
3208 1712 3358 1773 estis,

116 1796 222 1847 ἀλλ’
248 1797 373 1866 οὐχὶ
397 1799 614 1864 πάντες,
642 1819 658 1851 ι
690 1802 830 1872 τάχα
857 1803 1145 1856 ὑποϐάλλει
1177 1802 1299 1857 νοῦν
1321 1803 1579 1869 τοιοῦτον,
1611 1803 1673 1865 ὡς

1793 1800 1887 1854 sed
1919 1814 2024 1854 non
2065 1814 2256 1854 omnes
2282 1801 2349 1863 ⁷⁸,
2382 1818 2399 1850 ι
2438 1799 2667 1855 fortasse
2707 1803 2864 1855 talem
2888 1803 3127 1869 suggerit
3162 1802 3360 1855 intelli-

115 1886 206 1956 ἤδη
237 1887 552 1958 νιψαμένων
592 1891 718 1952 τοὺς
750 1891 915 1954 πόδας
947 1892 1052 1945 ὑπὸ
1094 1891 1188 1945 τοῦ
1229 1891 1400 1963 Ἰησοῦ
1443 1891 1551 1944 τῶν
1585 1909 1686 1961 μα-

113 1977 308 2047 θητῶν,
358 1979 452 2030 καὶ
500 1980 636 2050 πρὸς
689 1981 766 2050 τῷ
823 1981 1102 2036 λελοῦσθαι
1170 1984 1269 2037 οὐκ
1314 1983 1393 2036 ἔτι
1455 1983 1685 2052 ἐχόντων

114 2067 292 2135 χρείαν
339 2069 628 2137 νίψασθαι·
663 2070 742 2125 ἔτι
769 2071 825 2125 δὲ
857 2073 950 2126 καὶ
991 2074 1156 2127 αὐτοῦ
1185 2073 1277 2126 τοῦ
1333 2075 1537 2146 Πέτρου
1585 2073 1682 2145 ήδη

113 2160 255 2222 ὄντος
295 2159 564 2232 καθαροῦ,
605 2162 699 2215 καὶ
746 2165 874 2235 πρὶν
916 2165 1045 2239 νίψῃ
1085 2168 1211 2230 τοὺς
1244 2166 1410 2229 πόδας
1451 2165 1614 2219 αὐτοῦ
1657 2166 1685 2218 ὁ

124 2249 344 2318 Ἰησοῦς.
390 2251 515 2306 Ἐὰν
565 2252 621 2305 δέ
663 2271 745 2318 τις
799 2255 934 2326 πρὸς
989 2256 1161 2311 ταῦτα
1198 2256 1355 2328 ζητῇ,
1387 2258 1452 2310 Τί
1495 2257 1684 2327 δήποτ’

113 2336 214 2403 οὖν,
256 2340 462 2406 εἰπὼν,
498 2363 517 2394 ι
559 2345 616 2397 '0
645 2344 962 2417 λελουμένος
995 2349 1095 2400 οὐκ
1137 2348 1248 2418 ἔχει
1294 2349 1484 2418 χρείαν
1528 2348 1684 2418 νίψα-

117 2427 248 2490 diu,
289 2429 406 2482 ἀλλ’
435 2431 550 2484 ἔστι
597 2432 834 2503 καθαρὸς
876 2434 1015 2498 ὅλος,
1047 2455 1064 2486 ι
1107 2436 1180 2507 μὴ
1219 2438 1406 2506 χρείαν
1451 2438 1682 2507 ἐχόντων

113 2516 360 2584 νίψασθαι
394 2520 499 2574 τῶν
534 2521 808 2592 μαθητῶν,
855 2525 1029 2578 νίπτει
1083 2527 1208 2588 τοὺς
1254 2525 1420 2590 πόδας
1452 2527 1627 2580 αὐτῶν
1654 2528 1682 2580 ὁ

126 2608 356 2676 ’ὶησοῦςς
399 2612 618 2667 λεκτέον
671 2617 818 2687 αὐτῷ
862 2618 956 2671 τόο
998 2637 1016 2670 ι
1046 2620 1216 2672 Παντὶ
1266 2620 1344 2690 τῷ
1382 2621 1553 2691 ἔχοντι
1595 2621 1679 2675 δο-

115 2695 361 2764 θήσεται,
409 2704 501 2756 καὶ
554 2707 998 2776 προστεθήσεται.
1027 2728 1044 2760 ι
1096 2711 1247 2765 Ἐπεὶ
1306 2713 1482 2766 τοίνυν
1536 2709 1678 2781 εἶχον

116 2789 199 2841 καὶ
227 2791 277 2842 oi
314 2791 553 2864 μαθηταὶ
595 2797 656 2850 τὸ
705 2793 842 2852 εἶναι
891 2799 1140 2872 καθαροὶ,
1182 2803 1534 2874 προστίθησιν
1573 2805 1678 2873 Ἰη-

117 2879 336 2952 σοῦς“τῇ
384 2884 717 2958 καθαρότητι
768 2891 944 2944 αὐτῶν
992 2893 1084 2945 καὶ
1129 2894 1187 2946 τὸ
1239 2894 1446 2947 νίπτειν
1500 2895 1678 2950 αὐτῶν

115 2972 228 3035 τοὺς
247 2974 416 3039 πόδας
432 2993 445 3006 ·
479 2977 602 3032 οὔτε
630 2983 754 3044 τοὺς
773 2981 845 3054 μὴ
873 2982 1221 3054 λελουμένους
1245 2987 1410 3055 νίψων
1436 2986 1523 3051 ἂν,
1555 2987 1677 3040 οὔτε

115 3061 226 3125 τοὺς
261 3064 339 3134 μὴ
369 3065 522 3130 ὅλους
562 3069 862 3140 καθαροὺςο
898 3072 1010 3125 ἀλλ’
1045 3072 1215 3136 οὕτως
1247 3073 1374 3126 ὥστ’
1411 3074 1474 3126 ἂν
1505 3075 1677 3126 εἰπεῖν

1789 1893 2048 1959 gentiam.
2090 1893 2312 1961 perinde
2334 1892 2491 1960 quasi
2522 1893 2772 1963 discipuli
2806 1895 2941 1949 lotos
2963 1894 3075 1960 jam
3102 1894 3364 1949 haberent

1787 1984 1951 2052 pedes
1998 1999 2027 2038 a
2075 1983 2226 2049 Iesu,
2267 1995 2321 2038 et
2364 1988 2506 2053 quod
2539 1994 2658 2053 post
2699 1986 2843 2039 illam
2887 1987 3208 2040 lavationem
3254 2005 3360 2041 nutt

1787 2075 2016 2141 amplius
2040 2089 2179 2142 Opus
2203 2076 2468 2130 haberent
2487 2075 2652 2130 lavari
2674 2091 2688 2141 ;
2710 2077 2959 2146 quodque
2979 2078 3168 2132 Petrus
3197 2081 3358 2132 etiam

1787 2166 2019 2218 mundtts
2038 2165 2148 2233 jam
2166 2166 2452 2220 exsisteret
2475 2177 2762 2236 antequam
2788 2167 2928 2222 illius
2961 2169 3121 2237 pedes
3152 2169 3360 2224 lavaret

1784 2249 1960 2306 Jesus.
1990 2252 2140 2319 Quod
2171 2255 2214 2308 si
2247 2263 2437 2309 contra
2482 2256 2595 2310 haec
2627 2266 2832 2326 quzcrat
2869 2259 3086 2326 aliquis,
3115 2274 3210 2313 cur
3234 2275 3357 2314 cum

1784 2343 2028 2408 dixisset,
2094 2365 2110 2396 ι
2139 2345 2239 2411 Qui
2282 2345 2424 2400 lotus
2462 2356 2569 2412 est,
2620 2362 2725 2402 non
2760 2364 2895 2418 opus
2925 2351 3085 2404 habet
3125 2359 3181 2408 ut
3216 2351 3358 2405 lave-

1787 2442 1892 2496 tur,
1922 2436 2013 2488 sed
2042 2445 2124 2488 est
2149 2438 2380 2490 mundus
2411 2446 2572 2503 totus,
2597 2457 2616 2491 ι
2641 2439 2781 2494 lavet
2809 2450 2985 2495 tamen
3009 2440 3170 2495 Jcsus
3197 2441 3358 2510 pedes

1785 2525 2192 2593 discipulorum,
2223 2529 2315 2597 qui
2360 2530 2600 2600 alioquin
2633 2546 2769 2601 opus
2812 2549 2915 2585 non
2953 2535 3224 2588 habebant
3254 2535 3354 2588 sibi

1783 2631 1878 2670 eos
1907 2616 2116 2672 lavari?
2153 2619 2275 2673 huic
2298 2619 2424 2674 illud
2451 2621 2735 2676 dicendum
2770 2631 2852 2676 est
2874 2637 2884 2670 :
2910 2642 2926 2672 ι
2948 2623 3103 2676 Omni
3138 2624 3352 2682 habenti

1781 2709 2026 2776 dabitur,
2054 2721 2107 2766 et
2139 2711 2426 2780 adiicietur
2447 2715 2526 2781 7’;
2579 2734 2595 2767 ι
2627 2715 2769 2769 unde
2818 2717 3142 2770 habentibus
3191 2717 3351 2771 disci-

1781 2801 1921 2869 pulis
1975 2803 2315 2868 munditiem,
2367 2803 2572 2870 Jesum,
2642 2815 2700 2859 ut
2754 2807 3014 2875 adiiceret
3073 2808 3352 2860 untnditiei

1780 2892 2015 2961 illorum,
2056 2895 2269 2948 illorum
2306 2897 2471 2963 pedes
2517 2896 2680 2950 etiam
2730 2896 2954 2962 lavare;
2993 2899 3114 2952 illos
3149 2900 3352 2970 alioqui

1780 3003 1886 3040 non
1912 2987 2210 3053 lavaturus,
2237 2987 2290 3041 ni
2321 2987 2410 3040 loti
2438 2987 2668 3041 fuissent
2695 2997 2858 3056 atque
2883 2990 3106 3044 omnino
3132 2993 3348 3049 mundi:

1782 3080 1854 3133 ita
1885 3087 2062 3133 tamen
2098 3087 2153 3132 ut
2177 3079 2423 3134 dicamus
2455 3079 2725 3133 neminem
2759 3094 2823 3133 ex
2852 3081 2934 3134 his
2955 3081 3043 3150 qui
3070 3082 3171 3137 isto
3193 3083 3352 3138 modo

117 3156 230 3228 περὶ
260 3157 367 3209 τῶν
404 3158 576 3224 οὕτως
607 3162 882 3236 καθαρῶν,
926 3164 1029 3218 κᾶν
1062 3165 1169 3236 γάρ
1203 3182 1286 3228 τις
1386 3165 1584 3228 τέλειος
1622 3167 1673 3218 ἐν

1786 3177 1907 3222 sunt
1935 3167 2140 3234 tnundi,
2190 3167 2404 3220 etiamsi
2455 3165 2737 3233 perfectus
2778 3167 2900 3235 quis
2929 3167 3002 3220 sit
3035 3167 3176 3221 inter
3211 3168 3350 3222 filios

115 3247 236 3312 nisi;
278 3250 602 3322 ἀνθρώπων,
644 3255 743 3324 τῆς
775 3257 882 3309 ἀπὸ
929 3257 1022 3310 σοῦ
1060 3258 1203 3326 (10),
1252 3258 1317 3309 ἶν’
1347 3257 1519 3320 οὕτως
1560 3257 1674 3310 ὀνο-

120 3340 279 3408 μάσω,
327 3342 691 3416 καθαρότητος
732 3347 1004 3418 ἀπούσης,
1042 3350 1120 3411 είς
1160 3347 1396 3418 καθαρὸν
1428 3348 1488 3400 οὑ
1532 3348 1676 3416 λογι-

119 3431 380 3503 σθήσεται.
423 3435 534 3488 Καὶ
566 3435 738 3489 ταῦτα
779 3437 835 3489 δὲ
881 3436 1103 3506 ὕστερον
1147 3435 1428 3505 ὲκτίθεμαι
1472 3437 1675 3488 ὑποπε-

119 3522 260 3576 σόντα
299 3525 436 3594 μετὰ
475 3526 536 3578 τὸ
576 3526 1010 3597 ὑπαγορευθῆναι
1055 3526 1122 3579 τὰ
1160 3529 1430 3598 πρότερα,
1479 3526 1676 3590 σωζόν-

117 3629 206 3664 των
233 3615 388 3684 ἡμῶν
416 3618 510 3669 καὶ
534 3616 631 3687 τὴν
658 3618 808 3684 τάξιν
837 3619 942 3672 τῶν
974 3619 1397 3672 ὑπεισελθόντων
1423 3618 1567 3679 νοῦν,
1599 3618 1674 3682 ὡς

119 3706 363 3776 πρότερον
408 3707 506 3776 μὲν
541 3706 757 3776 βλέπειν
802 3707 1150 3778 ρυπωθέντας
1199 3709 1321 3770 τοὺς
1370 3706 1535 3768 πόδας
1565 3705 1672 3758 τῶν

122 3796 360 3867 μαθητῶν
411 3798 692 3868 δεδεῆσθαι
748 3799 846 3869 τῆς
903 3800 1009 3852 ἀπὸ
1067 3799 1160 3852 τοῦ
1211 3798 1380 3870 Ἰησοῦ
1436 3798 1669 3867 νίψεως,

117 3888 195 3939 νῦν
225 3889 269 3941 δ’
311 3889 392 3942 ὅτι
430 3889 518 3942 διὰ
568 3890 711 3942 τοῦτ’
763 3890 941 3944 αὐτῶν
968 3890 1115 3960 ἕνιψε
1152 3891 1277 3953 τοὺς
1319 3888 1504 3952 πόδας,
1553 3889 1673 3941 ἐπεὶ

117 3972 234 4049 ἦσαν
267 3982 342 4044 ὡς
378 3983 434 4034 ἐν
468 3981 771 4054 ἀνθρώποις
812 3981 1066 4053 καθαροὶ,
1111 3981 1223 4034 ἀλλ’
1251 3981 1369 4050 οὐχὶ
1407 3981 1498 4032 καὶ
1524 3979 1673 4049 παρὰ

118 4069 234 4139 θεῷ·
258 4071 423 4142 χωρὶς
456 4071 564 4141 γὰρ
603 4071 771 4142 Ἰησοῦ
809 4070 982 4135 οὐδεὶς
1004 4072 1153 4142 παρά
1181 4070 1298 4141 θεῷ
1325 4069 1559 4140 καθαρὸς
1585 4068 1671 4136 γί-

119 4174 263 4223 νεται,
299 4163 391 4213 καὶ
425 4162 530 4232 πρὸ
571 4161 733 4215 αὑτοῦ
779 4161 888 4231 (ll)
927 4162 1152 4232 νομισθῇ
1191 4161 1278 4214 διά
1319 4178 1459 4224 τινος
1490 4163 1674 4229 ἐπιμε-

119 4248 246 4313 λείας
268 4252 430 4305 αὑτὸν
465 4252 702 4323 καθαρὸν
735 4254 1109 4322 πεποιηκέναι.
1143 4254 1267 4315 Τοῖς
1309 4252 1352 4304 δ’
1381 4253 1455 4314 ὡς
1489 4253 1545 4303 ἐν
1577 4252 1670 4303 ἀν-

121 4336 330 4408 θρώποις
359 4341 620 4413 καθαροῖς
647 4344 744 4413 ἤδη
774 4343 1177 4413 γεγενημένοις,
1208 4343 1302 4396 καὶ
1322 4341 1670 4411 λουσαμένοις

120 4426 169 4480 τὸ
196 4429 280 4481 τοῦ
325 4431 500 4500 Ἰησοῦ
533 4430 834 4502 βάπτισμα,
876 4434 970 4486 καὶ
1022 4433 1334 4502 νιψαμένοις
1369 4434 1459 4485 ὑπ’
1506 4432 1668 4486 αὑτοῦ

122 4520 224 4581 tab;
263 4521 449 4586 πόδας,
481 4523 708 4575 ἐνοικεῖν
750 4524 842 4576 καὶ
872 4525 932 4576 τὸ
970 4525 1124 4592 ἆγιον
1164 4524 1384 4577 δύναται
1429 4521 1672 4593 Πνεῦμα,

178 4612 370 4668 "Joan.
400 4630 522 4678 xm,
558 4616 642 4670 10.
721 4618 764 4651 ⁷9
795 4617 982 4672 Matth.
1017 4634 1141 4682 xxv,
1168 4619 1256 4672 29.

177 4705 447 4778 Incipiam,
476 4712 751 4780 patiarque
785 4713 862 4766 vel
893 4714 1221 4768 inconsultus
1250 4713 1450 4769 haberi.

124 4771 406 4851 Propertius
435 4771 530 4834 lib.
559 4795 597 4834 tt
640 4771 815 4851 Βίας..
845 4782 912 4836 12
943 4799 957 4834 :

180 4845 520 4926 fluminaque
553 4852 620 4904 ad
635 4921 648 4926 Α
665 4845 822 4926 caput
854 4853 1098 4922 incipient
1123 4869 1366 4908 revocare
1381 4854 1628 4926 liquores.

128 4911 175 4965 Et
197 4911 466 4973 iuvenalis
493 4930 597 4974 sat.
628 4921 695 4974 10
721 4911 736 4975 Ξ

178 4984 565 5059 ξιοᾳιιίαηιαιιι
611 4990 812 5059 famam
842 4990 1228 5058 Demosthenis,
1268 5001 1359 5046 aut
1399 4994 1664 5050 Ciceronis

179 5054 355 5122 Incipit
380 5068 585 5124 aptare.

126 5122 367 5201 [Ibristum
414 5122 601 5201 itaque
639 5129 931 5201 verisimile
950 5140 1034 5186 est
1085 5148 1114 5185 ιι
1151 5131 1310 5186 Petro
1342 5132 1663 5188 lavationem

127 5189 258 5271 fuisse
300 5189 666 5271 auspicatum.
714 5197 788 5252 lta
838 5202 1005 5255 sentit
1041 5201 1373 5271 Augustinus
1415 5203 1467 5256 in
1522 5204 1666 5258 hunc

129 5261 269 5319 locum
295 5261 548 5340 Joannis,
587 5266 739 5340 cujus
771 5271 932 5324 verba
974 5261 1178 5324 referre
1215 5285 1391 5340 opera:
1430 5274 1662 5340 pretium

128 5342 190 5384 cst
209 5351 262 5408 ιι
306 5337 572 5402 Quamvis
602 5338 785 5408 itaque
813 5355 1020 5408 magna:
1048 5339 1235 5393 fuisset
1251 5337 1500 5395 audaciae
1531 5358 1665 5396 cnn-

132 5406 365 5473 ψαίρει-ο
393 5421 610 5461 servum
646 5406 1188 5471 Domino,hominem
1207 5408 1336 5473 Deo,
1363 5419 1535 5465 tamen
1567 5413 1667 5465 hoc

132 5468 287 5550 fenus
323 5475 502 5530 fecere
528 5476 750 5550 tnaluit,
781 5468 942 5550 quam
999 5479 1206 5550 perpeti
1249 5468 1453 5534 ut'sibi
1505 5483 1666 5550 pedes

132 5539 411 5617 lavarentur
450 5539 755 5617 aiDomino
786 5539 839 5600 ἐι
883 5539 1014 5602 Βεοξ
1049 5539 1158 5601 Nec
1187 5539 1663 5617 putare‘deb'etnus

134 5608 212 5664 hoc
237 5612 650 5688 Petruminter
684 5629 915 5670 caeteros
962 5608 1281 5688 formidasse
1307 5630 1468 5688 atque
1511 5635 1664 5673 recu-

133 5692 274 5758 sasse,
307 5700 428 5758 cum
453 5685 519 5758 id
549 5683 652 5758 alii
685 5695 811 5758 ante
853 5688 1022 5756 ipsum
1054 5687 1282 5758 libenter
1323 5683 1399 5742 vel
1426 5690 1664 5756 :equani-

136 5753 267 5807 uniter
305 5753 408 5810 sibi
445 5754 565 5810 ﬁeri
602 5753 998 5826 permisissent.
1053 5755 1289 5814 Facilius
1325 5753 1522 5829 quippe
1581 5760 1660 5814 sic

1783 3257 2090 3322 hominum,
2143 3257 2369 3314 absente
2407 3256 2696 3320 munditia,
2729 3265 2787 3310 ut
2836 3256 2908 3310 ita
2940 3256 3148 3326 loquar,
3197 3255 3345 3321 Jesu,

1784 3349 2040 3401 mundum
2082 3348 2438 3417 reputandum
2469 3362 2613 3401 esse.
2661 3347 2727 3401 Et
2763 3347 2878 3400 haec
2911 3347 3128 3415 quidem
3160 3347 3350 3401 ultimo

1783 3454 1994 3506 expono
2026 3454 2145 3506 qua:
2174 3446 2565 3492 snccurrerunt
2611 3445 2732 3506 post
2775 3438 2957 3506 priora
2989 3438 3237 3505 superius
3267 3438 3348 3492 di-

1784 3540 1911 3597 cta,
1958 3525 2301 3584 servantibus
2354 3530 2512 3585 nobis
2563 3528 2809 3583 ordinem
2862 3545 3050 3584 eorum
3109 3543 3229 3598 quae
3297 3530 3349 3583 in

1784 3629 2014 3674 tuentem
2067 3631 2332 3675 venerunt
2376 3631 2432 3676 ct
2473 3623 2930 3691 intelligentiam:
2967 3620 3113 3675 verbi
3152 3621 3348 3688 gratia,

1783 3727 1902 3762 cum
1944 3711 2092 3778 prius
2149 3713 2590 3779 conspexerimns
2635 3713 2937 3767 'sordidatos
2983 3713 3144 3781 pedes
3181 3711 3351 3766 disci-

1781 3798 2029 3865 pulcrum
2065 3800 2278 3869 eguisse
2304 3808 2361 3852 ut
2401 3815 2428 3852 a
2471 3799 2598 3854 Jesu
2631 3799 2966 3864 lavarentur,
3013 3799 3174 3870 415
3210 3812 3350 3851 nunc

1782 3889 1982 3942 idcirco
2020 3889 2167 3942 illum
2214 3889 2429 3943 illorum
2489 3891 2651 3958 pedes
2706 3891 2901 3944 lavisse
2932 3891 3181 3955 dicimus,
3223 3890 3348 3958 quia

1781 3987 1961 4032 essent
2011 3978 2417 4046 comparatione
2473 3978 2747 4031 hominum
2807 3976 3026 4039 mundi,
3091 3977 3185 4028 sed
3243 3989 3347 4028 non

1781 4072 1944 4126 etiam
1975 4071 2115 4139 apud
2147 4069 2348 4134 Deum;
2401 4084 2500 4124 nec
2532 4070 2676 4123 enim
2724 4071 2839 4122 sine
2877 4067 3002 4121 Jesu
3048 4066 3244 4134 aliquis
3288 4065 3348 4118 fit.

1782 4161 1922 4230 apud
1950 4161 2114 4214 Deum
2148 4160 2399 4224 mundus,
2443 4159 2653 4214 etiamsi
2693 4173 2873 4212 coram
2917 4174 2976 4212 se
3008 4157 3349 4210 existimetur

1783 4250 1978 4318 aliquis
2013 4250 2190 4317 aliqua
2220 4249 2500 4319 diligentia
2552 4250 2787 4318 Seipsum
2838 4250 3092 4301 mundum
3128 4247 3346 4303 fecisse.

1779 4339 1896 4393 Jun
1927 4341 1979 4394 in
2013 4341 2096 4394 his
2127 4341 2217 4408 qui
2255 4342 2534 4394 hominum
2563 4340 2969 4408 comparatione
3005 4339 3187 4392 mundi
3220 4349 3349 4393 sunt

1782 4430 1928 4493 facti,
1965 4433 2164 4502 quique
2197 4432 2288 4486 loti
2318 4441 2444 4487 sunt
2467 4432 2592 4487 Jesu
2621 4433 2888 4502 baptismo
2909 4472 2924 4497 ,
2950 4433 3150 4501 quique
3175 4432 3345 4485 etiam

1709 4515 1754 4572 ι)
1781 4522 1850 4576 ab
1875 4521 1991 4590 ipso
2020 4523 2156 4576 lotos
2187 4523 2350 4590 pedes
2382 4521 2600 4585 habent,
2637 4522 2951 4577 inhabitare
2975 4531 3150 4591 potest
3181 4522 3345 4575 etiam

1773 4714 2113 4783 accipiuntur
2144 4712 2243 4765 ista
2271 4713 2438 4767 verba
2461 4711 2767 4780 Evangelii,
2789 4712 2924 4783 quia
2965 4725 3087 4764 cmn
3146 4712 3345 4763 dictum

1771 4781 1955 4846 esset,
1990 4782 2151 4848 (Impit
2178 4783 2354 4836 lavare
2381 4782 2533 4850 pedes
2570 4781 2970 4850 discipulorum.
3001 4793 3046 4833 et
3086 4790 3350 4847 extergere

1772 4854 1928 4923 linteo
1953 4869 2056 4921 quo
2103 4849 2592 4923 "Myro-Cincius,
2633 4852 2825 4904 deinde
2853 4849 3192 4923 subiunctum
3229 4856 3341 4923 cst,

1785 4922 1930 4996 Venit
1959 4916 2078 4991 ergo
2110 4922 2178 4974 ad
2214 4921 2477 4975 Simonem
2503 4920 2747 4996 Petrum,
2768 4920 2922 4996 quasi
2951 4916 3214 4996 aliquibus
3230 4916 3341 4996 jam

1775 4987 2094 5054 lavisset,'et
2124 5000 2244 5059 post
2273 5006 2364 5046 eos
2404 4992 2642 5045 venisset
2682 4992 2754 5043 ad
2777 4989 3017 5059 Petrum.
3044 4987 3172 5059 Quis
3194 4987 3338 5059 en_im

1775 5053 2045 5116 nesciebat
2067 5053 2297 5128 primum
2318 5061 2684 5126 apostolorum
2705 5071 2822 5111 esse
2843 5055 3210 5128 beatissimum
3242 5053 3344 5107 Pe-

1775 5132 1956 5185 trum?
2005 5125 2110 5184 Sed
2146 5146 2248 5183 non
2282 5125 2362 5182 ita
2411 5128 2816 5195 intelligendum
2875 5125 3190 5195 est,_rquod
3225 5133 3346 5195 post

1773 5203 1982 5269 aliquos
2018 5201 2084 5253 ad
2117 5199 2265 5252 illum
2298 5198 2522 5269 venerit,
2554 5193 2646 5269 sed
2681 5195 2824 5269 quod
2857 5193 2924 5247 ab
2950 5193 3056 5246 illis
3087 5193 3337 5269 c_teperit_.

1770 5263 1997 5336 Quando
2026 5284 2156 5338 ergo
2187 5269 2348 5336 pedes
2371 5263 2768 5338 discipulorum
2787 5263 2968 5318 lavare
2987 5263 3172 5338 erepit,
3200 5263 3347 5338 venit

1770 5332 1839 5392 au
1868 5356 1988 5393 eum
2021 5354 2049 5392 a
2078 5332 2386 5406 quo-ccepit,
2414 5337 2464 5388 id
2502 5332 2604 5397 est,
2649 5336 2712 5388 ad
2739 5334 2994 5406 Petru_m._
3013 5351 3030 5383 ι
3058 5332 3345 5406 Ferrarius

1769 5410 2053 5479 Origenem
2073 5400 2172 5461 h'oe
2187 5400 2304 5479 loco
2329 5407 2736 5479 interpretatur,
2752 5403 2904 5470 quasi
2924 5419 2950 5455 a
2968 5400 3108 5479 Juda
3124 5401 3347 5479 incepis-

1766 5494 1822 5532 se
1841 5471 2113 5532 Christum
2130 5476 2428 5543 scripserit.
2449 5473 2557 5529 Hoc
2571 5475 2615 5528 si
2632 5489 2816 5527 verum
2835 5473 3078 5541 est,quod
3097 5471 3147 5543 in
3163 5473 3347 5543 codice

1768 5555 1944 5601 tamen
1981 5547 2145 5614 Regio
2180 5541 2281 5597 non
2324 5553 2624 5612 comparet,
2657 5544 3055 5614 consentientes
3085 5541 3345 5614 habuerit

1771 5617 2035 5686 Drigenes
2053 5611 2490 5686 Chrysostomum
2511 5612 3063 5686 e_t'l:he0p_hylactum.
3085 5611 3343 5667 llus'rws.

1843 5681 1955 5760 (Ῑθ)
1987 5681 2279 5760 Ferrarius
2300 5684 2568 5760 legitcmb
2600 5681 2806 5760 ξιησοῦ.
2875 5753 2886 5760 _
2966 5750 2991 5760 _

1843 5688 1934 5757 (10
1988 5688 2270 5738 Ferrarius
2300 5688 2427 5754 legit
2461 5688 2568 5737 ἀπὸ
2611 5688 2806 5754 Ἰησοῦ.

1842 5688 1955 5828 illi
1985 5754 2214 5826 Legebat
2240 5754 2524 5810 Ferrarius
2557 5753 2659 5807 κᾶν
2688 5752 2793 5828 πρὸ
2828 5750 3013 5805 αὑτοῦ.
