4082 6532
695 362 720 412 7
731 360 796 414 59
2135 347 2462 405 ORIGENIS
3847 349 3942 405 760

692 475 928 544 Spiritus
969 481 1214 536 SlIICUIS,
1258 473 1538 542 virtusque
1566 487 1631 526 ex
1669 469 1802 536 alto,
1827 484 1925 525 ceu
1967 469 2263 525 vestimen-

2378 467 2462 520 καὶ
2492 468 2524 536 ἡ
2559 430 2634 528 tu;
2681 465 2882 533 Ξνδυμα
2929 463 2990 527 ἐξ
3014 463 3179 532 ὕψους
3213 463 3459 534 δύναμις.
3513 464 3572 517 ὀ
3603 459 3702 534 μὲν
3731 459 3822 516 οὖν
3847 466 3944 518 Πέ-

697 577 831 623 tum.
862 567 1040 634 Atque
1067 563 1258 619 Petrus
1301 563 1545 632 quidem,
1577 577 1684 616 non
1716 561 2068 617 considerans
2093 561 2263 615 ratio-

2378 577 2515 632 προς,
2548 557 2624 628 μὴ
2671 555 2890 626 θεωρῶν
2918 555 3008 608 τὸν
3043 555 3198 623 λόγον
3243 555 3338 608 τοῦ
3387 555 3730 624 βουλήματος
3778 554 3940 625 Ἰησοῦ

695 672 818 712 nem
855 655 1152 710 volatalis
1175 653 1302 710 Iesu
1327 695 1343 718 ,
1386 655 1480 722 qui
1518 654 1819 722 iucmperat
1867 651 2051 706 lavare
2105 652 2268 721 pedes

2378 649 2673 720 ἀρξαμένου
2691 648 2899 701 νίπτειν
2926 647 3050 711 τοὺς
3082 645 3246 709 πόδας
3285 645 3393 698 τῶν
3427 644 3706 714 μαθητῶν,
3736 643 3828 696 καὶ
3858 647 3943 698 ἐκ·

697 746 1084 814 discipulorum
1113 788 1128 809 ,
1174 753 1231 798 et
1269 745 1586 812 abstergere
1638 744 1804 798 linteo
1842 757 1950 810 quo
1979 751 2102 797 erat
2131 758 2268 812 pm-

697 834 931 896 cinctus,
967 833 1094 886 dicit
1127 831 1227 896 illi,
1289 849 1308 883 ι
1339 832 1588 898 Domine,
1615 842 1669 886 tu
1706 831 1840 885 mihi
1868 831 2017 888 lavas
2044 833 2262 900 pedes?»

699 924 1017 990 duliitative,
1047 935 1104 978 et
1159 923 1327 978 veluti
1359 926 1567 994 pudore
1604 924 1756 980 illum
1791 925 2008 981 allicere
2040 923 2224 978 volens
2245 965 2263 990 ,

700 1017 803 1070 hoc
831 1017 1017 1071 dicens
1057 1026 1153 1070 :at
1175 1031 1304 1072 vero
1332 1037 1350 1067 ι
1380 1016 1536 1072 Iesus
1561 1017 1856 1086 respondit,
1880 1028 1937 1072 et
1964 1017 2102 1072 dixit
2129 1017 2209 1070 illi
2242 1057 2258 1082 ,

699 1108 854 1174 Quod
914 1125 1015 1178 ego
1079 1109 1239 1174 facio,
1316 1118 1368 1162 tu
1429 1124 1573 1163 nunc
1634 1110 1830 1173 nescis,
1893 1110 2036 1164 scies
2088 1117 2268 1163 autem

703 1209 941 1266 postea,»
973 1202 1173 1255 docens
1201 1201 1514 1271 mysterium
1546 1200 1647 1254 hoc
1676 1214 1817 1255 esse.
1850 1199 1960 1254 Sed
1993 1199 2120 1268 quid
2151 1208 2273 1253 erat

706 1290 830 1343 illud
856 1292 996 1360 quod
1023 1289 1259 1344 faciebat
1303 1288 1461 1344 Iesus
1496 1290 1726 1344 lavando
1770 1290 1935 1360 pedes
1973 1287 2271 1356 discipulo-

703 1381 864 1433 rum?
911 1381 992 1435 An
1021 1381 1350 1449 operabatur
1381 1379 1608 1434 lavando
1669 1381 1911 1448 ipsorum
1966 1381 2160 1448 pedes.
2219 1387 2275 1434 et

704 1470 1061 1542 abstergendo
1091 1471 1261 1526 linteo
1290 1485 1401 1541 quo
1435 1480 1553 1525 erat
1583 1471 1905 1540 praecinctus
1926 1511 1942 1537 ,
1971 1472 2117 1542 ipsos
2144 1485 2273 1540 spe-

704 1559 902 1624 ciosus,
931 1575 1054 1615 cum
1078 1559 1317 1615 futurum
1351 1568 1516 1623 esset,
1548 1569 1608 1614 ut
1651 1561 1880 1630 apostoli
1927 1561 2068 1617 bona
2112 1577 2276 1616 evan-

702 1649 1046 1715 geliaarent?
1076 1649 1212 1704 Nam
1239 1650 1458 1720 quando
1493 1650 1624 1704 lavit
1669 1651 1836 1720 pedes
1883 1651 2274 1722 discipulorum

705 1739 884 1805 Iesus,
918 1749 1045 1795 tunc
1067 1740 1260 1809 opinor
1297 1740 1426 1795 illud
1463 1741 1775 1810 prophetice
1798 1742 2001 1797 dictum
2038 1742 2105 1797 de
2147 1757 2278 1811 apo-

704 1832 858 1886 stolis
885 1833 1000 1887 suis
1031 1833 1356 1903 completum
1385 1832 1551 1888 fuisse
1585 1849 1600 1887 :
1633 1852 1651 1883 ι
1679 1833 1854 1899 Quam
1891 1834 2120 1903 speciosi
2147 1845 2274 1889 sunt
2311 1815 2350 1868 Β

706 1930 865 1990 pedes
920 1925 1406 1992 cvangelizantinm
1441 1927 1578 1978 bona
1619 1925 1735 1967 ’σου
1763 1927 1810 1980 ι»
1859 1927 2013 1993 Quod
2044 1926 2087 1980 si
2114 1925 2278 1993 pedes

707 2016 1094 2084 discipulorum
1122 2017 1339 2082 lavans,
1366 2019 1620 2087 pulchros
1650 2035 1744 2075 eos
1764 2019 1912 2084 facit,
1930 2019 2056 2088 quid
2078 2018 2275 2073 dicturi

706 2121 895 2163 sumus
927 2109 1236 2178 ingenerari
1272 2125 1302 2163 a
1334 2125 1460 2163 vera
1495 2111 1928 2179 pulchritudine,
1963 2111 2048 2164 his
2065 2111 2152 2179 qui
2182 2110 2276 2164 toti

709 2207 835 2251 sunt
890 2199 1147 2268 baptizati
1195 2213 1224 2253 a
1272 2197 1399 2253 Iesu
1436 2201 1488 2253 in
1541 2199 1745 2269 Spiritu
1786 2209 1976 2254 sancto
2021 2209 2074 2253 et
2125 2199 2280 2266 igni?

711 2284 944 2340 Proinde
992 2286 1160 2354 pedes
1205 2287 1694 2357 evangeliuntium
1732 2287 1871 2342 bona
1920 2287 2130 2357 pulchri
2161 2286 2279 2341 fue-

708 2387 855 2438 rant,
898 2375 1078 2432 utloti
1112 2386 1167 2431 et
1199 2379 1440 2432 mundati
1485 2388 1541 2433 et
1587 2379 1820 2434 abstersi
1847 2378 2050 2434 Christi
2109 2378 2280 2432 mani-

708 2466 832 2533 bus,
869 2469 1118 2523 incedere
1148 2480 1369 2539 possent
1399 2485 1495 2538 per
1522 2484 1764 2526 sanctam
1794 2472 1960 2538 viam,
1992 2482 2153 2540 atque
2181 2473 2284 2526 iter

711 2556 889 2612 facere
918 2572 1015 2627 per
1045 2558 1192 2612 illum
1222 2561 1312 2630 qui
1338 2560 1476 2614 dixit
1510 2579 1522 2614 :
1553 2561 1695 2632 «Ego
1721 2577 1838 2616 sum
1873 2563 1958 2614 via
1990 2562 2087 2616 ⁸⁸.)
2123 2562 2280 2617 Solus

712 2646 879 2713 enim,
911 2656 965 2702 et
996 2648 1175 2704 omnis
1229 2650 1386 2719 cujus
1433 2653 1598 2720 pedes
1655 2652 1848 2708 laverit
1883 2651 2042 2707 Iesus
2069 2693 2085 2717 ,
2137 2653 2277 2706 viam

713 2738 1049 2803 perambulat
1097 2740 1236 2794 hanc
1281 2742 1549 2796 viventem
1599 2752 1652 2797 et
1711 2746 1776 2796 ad
1829 2743 2043 2799 Patrem
2078 2746 2282 2800 ducen-

713 2837 858 2893 tem;
893 2845 992 2884 nec
1015 2831 1161 2901 capit
1188 2832 1302 2887 haec
1345 2833 1430 2888 via
1466 2835 1632 2902 pedes
1681 2836 1994 2904 inquinatos
2030 2846 2084 2890 et
2115 2838 2281 2907 pedes

711 2918 804 2985 qui
837 2921 1072 2975 nondum
1099 2935 1225 2975 sunt
1253 2925 1458 2980 rnnndi.
1498 2925 1673 2992 Atque
1703 2925 1881 2981 Moses
1908 2927 2123 2995 quidem
2146 2943 2281 2996 opus

714 3010 951 3067 habebat
997 3014 1209 3069 solvere
1261 3016 1689 3072 calcoameutum
1740 3035 1805 3073 ex
1858 3019 2083 3088 pedibus
2138 3020 2276 3082 suis,

711 3102 965 3165 quoniam
1019 3105 1066 3158 is
1100 3106 1254 3160 locus
1287 3108 1354 3160 ad
1382 3122 1544 3176 quem
1592 3120 1914 3177 pervenerat
1940 3151 1956 3178 ,
2001 3121 2054 3163 et
2082 3111 2135 3164 in
2173 3126 2279 3180 quo

713 3193 924 3261 stabat,
993 3203 1140 3251 terra
1197 3208 1382 3252 sancta
1443 3209 1563 3253 erat
1586 3199 1674 3264 εις
1728 3201 1975 3255 similiter
2017 3212 2071 3256 et
2122 3201 2280 3257 Iesus

714 3281 860 3339 Nave
899 3285 1040 3342 [ilius
1069 3287 1135 3342 ⁸³.
1174 3289 1243 3342 At
1275 3305 1406 3345 vero
1433 3289 1558 3344 Iesu
1582 3291 1860 3360 discipulis
1887 3334 1902 3356 ,
1937 3304 1995 3348 ut
2023 3309 2116 3363 per
2142 3295 2283 3348 hanc

715 3373 984 3430 viventem
1033 3380 1439 3448 animatamque
1490 3381 1633 3434 viam
1685 3382 2095 3450 perambulent,
2174 3399 2281 3438 non

717 3465 889 3519 solum
929 3467 1064 3522 satis
1091 3477 1170 3522 est
1205 3468 1257 3522 in
1284 3469 1367 3523 via
1396 3471 1610 3526 calceos
1632 3487 1740 3526 non
1769 3473 1993 3542 habere,
2025 3490 2148 3530 cum
2181 3477 2285 3532 hoc

717 3557 872 3612 Iesus
899 3557 1180 3627 discipulis
1206 3559 1321 3614 suis
1346 3563 1668 3630 praeceperit
1719 3563 1808 3628 '5;
1862 3566 1957 3619 sed
2014 3567 2080 3620 ad
2145 3568 2284 3622 hanc

719 3649 886 3716 ipsam
937 3649 1080 3702 viam
1157 3651 1552 3707 conficiendam
1615 3669 1749 3724 opus
1792 3655 1958 3710 etiam
2015 3657 2284 3711 habebant

722 3737 885 3792 lavari
917 3753 946 3792 a
980 3737 1131 3804 Iesu,
1164 3743 1255 3811 qui
1281 3743 1529 3813 deposuit
1570 3747 1915 3812 vestimenta,
1951 3748 2197 3803 fortassis
2227 3757 2285 3803 ut

724 3825 947 3880 mundos
973 3824 1139 3897 416
1161 3828 1374 3884 ilior-um
1401 3835 1566 3902 pedes
1591 3834 1946 3901 cxsistentes,
1970 3839 2284 3894 mundiores

718 3913 959 3970 faceret:
992 3918 1243 3974 fortassis
1265 3921 1449 3990 etiam,
1482 3933 1539 3978 ut
1573 3925 1999 3993 immunditiam,
2033 3945 2196 3999 quam
2225 3930 2282 3984 in

716 4005 938 4070 pedibus
959 4009 1073 4064 suis
1099 4009 1367 4067 habebant
1389 4014 1659 4086 discipuli,
1683 4018 1737 4072 in
1761 4033 1916 4074 suum
1947 4021 2114 4088 ipsius
2143 4021 2286 4076 reci-

717 4108 866 4162 peret
905 4115 1121 4171 corpus,
1155 4103 1432 4160 mediante
1462 4105 1634 4162 linteo
1661 4124 1726 4164 eo
1752 4126 1860 4180 quo
1885 4112 2003 4167 solo
2049 4114 2283 4181 prmcin-

715 4200 833 4244 ctus
860 4191 1132 4248 eratzfert
1159 4194 1274 4264 ipse
1313 4211 1546 4268 namque
1587 4201 1930 4258 infirmitates
1968 4214 2186 4260 nostras
2212 4207 2281 4260 ⁸⁸.

2372 742 2597 812 μάσσειν
2639 740 2717 809 τῷ
2763 739 2976 808 λεντίῳ,
3013 733 3059 806 ᾧ
3083 734 3151 808 ἦν
3182 737 3563 807 διεζωσμένος,
3593 736 3742 805 λέγει
3781 737 3938 806 αὐτῷ.

2375 850 2393 882 ι
2419 832 2616 900 Κύριε,
2652 831 2717 883 σύ
2737 848 2839 900 μου
2864 830 3077 892 νίπτεις
3099 829 3222 890 τοὺς
3257 827 3456 890 πόδας;
3491 846 3509 879 ι
3535 826 3944 894 ἐπαπορητικῶς

2370 921 2464 973 καὶ
2492 917 2884 989 δυσωπητικῶς
2902 915 3060 969 τοῦτο
3089 915 3332 985 φάσκων·
3358 916 3387 966 6
3405 915 3462 968 δὲ
3503 914 3712 986 Ἰησοῦς
3732 914 3945 984 ἀπεκρί-

2371 1012 2459 1081 θη,
2496 1010 2587 1062 καὶ
2615 1005 2768 1062 εἶπεν
2800 1008 2970 1079 αὐτῷ,
3012 1007 3301 1072 διδάσκων,
3341 1007 3423 1058 ὅτι
3464 1007 3764 1077 μυστήριον
3801 1005 3946 1058 τοῦτο

2369 1098 2457 1172 ἦν,
2484 1101 2564 1153 τό·
2605 1119 2622 1150 ι
2666 1103 2732 1152 ’Ὀ
2764 1100 2875 1168 ἐγὼ
2903 1101 3059 1164 ποιιῖ),
3095 1101 3159 1152 σὺ
3200 1099 3302 1152 οὐκ
3332 1092 3480 1160 οἶδας
3512 1098 3657 1169 ἀρτι’
3696 1097 3944 1170 γνώσῃδέ

2375 1189 2512 1259 μετά
2535 1187 2726 1243 ταῦτα.
2779 1207 2797 1240 ι
2836 1189 2900 1240 Τί
2932 1188 2986 1241 δὲ
3018 1183 3086 1259 ἦν
3112 1187 3140 1240 ὃ
3180 1187 3356 1239 ἐποίει
3393 1187 3594 1239 νίπτων
3634 1189 3761 1250 τοὺς
3794 1187 3945 1251 πόδας

2371 1278 2479 1331 τῶν
2514 1277 2771 1348 μαθητῶν
2795 1278 2824 1330 ὁ
2866 1277 3100 1347 Ἰησοῦς;
3135 1278 3204 1330 ’Ἡ
3226 1278 3510 1349 είργάζετο
3534 1277 3623 1330 διὰ
3641 1278 3736 1330 τοῦ
3752 1278 3946 1330 νίπτειν

2373 1367 2553 1421 αὐτῶν
2585 1368 2712 1430 τοὺς
2746 1365 2934 1430 πόδας,
2977 1369 3072 1420 καὶ
3112 1367 3416 1437 ἐκμάσσειν
3462 1365 3542 1436 τῷ
3568 1367 3762 1438 λεντίῳ
3791 1361 3838 1436 ᾧ
3888 1363 3947 1438 ἦν

2373 1459 2754 1530 διεζωσμένος,
2782 1457 3015 1530 ὡραίους
3034 1458 3250 1522 αὐτοὺς,
3281 1457 3582 1528 μελλόντων
3598 1458 3780 1511 αὐτῶν
3804 1459 3950 1527 εὐαγ-

2375 1549 2692 1619 γελίσασθαι
2719 1549 2785 1602 τὰ
2814 1549 3029 1618 ἀγαθά;
3062 1550 3189 1603 Ὀτε
3224 1549 3336 1620 γὰρ
3354 1548 3502 1617 ἑνιψε
3518 1551 3644 1612 τοὺς
3672 1550 3948 1613 πόδαςτῶν

2381 1641 2638 1712 μαθητῶν
2670 1643 2698 1694 ὁ
2743 1640 2970 1712 Ἰησοῦς,
3001 1641 3143 1704 τότε,
3175 1638 3349 1711 οἶμαι,
3369 1639 3725 1713 πεπλήρωται
3750 1641 3812 1694 τὸ
3832 1642 3950 1712 περὶ

2379 1733 2489 1786 τῶν
2538 1732 2849 1785 ἀποστόλων
2878 1721 3046 1786 αύτοῦ
3084 1732 3435 1804 προφητικῶς
3463 1732 3776 1803 εἰρημένον·
3817 1749 3835 1781 ι
3873 1733 3950 1796 Ὠς

2378 1823 2567 1894 ὡραῖοι
2607 1825 2655 1876 οἱ
2703 1823 2861 1886 πόδες
2892 1821 3002 1874 τῶν
3040 1821 3545 1891 εὐαγγελιζομένων
3587 1821 3657 1875 τά
3685 1819 3892 1889 ἀγαθάί
3929 1839 3946 1870 ι

2379 1913 2443 1965 Ei
2475 1912 2530 1966 δὲ
2566 1912 2732 1975 πόδας
2777 1910 3033 1982 μαθητῶν
3064 1911 3265 1964 νίπτων
3291 1910 3527 1982 ὡραίους
3554 1911 3755 1973 αὐτοὺς
3799 1913 3950 1976 ποιεῖ,

2379 2005 2431 2056 τί
2461 2006 2703 2075 φήσομεν
2733 2004 2841 2058 ἀπὸ
2866 2003 2959 2056 τοῦ
2979 2002 3231 2074 ἀληθινοῦ
3262 2003 3487 2066 κάλλους
3514 2002 3822 2072 ἐγγίνεσθαι
3851 2006 3952 2066 τοῖς

2381 2095 2487 2148 ὑπὸ
2546 2093 2720 2163 Ἰησοῦ
2751 2093 3175 2163 βαπτισαμένοις
3213 2094 3355 2158 ὅλοις
3413 2097 3469 2148 ἐν
3503 2094 3788 2165 Πνεύματι
3822 2094 3952 2166 άγίῳ

2380 2187 2474 2240 καὶ
2502 2187 2666 2258 πυρί;
2705 2185 2906 2256 Ὠραῖοι
2931 2184 2987 2238 δέ
3017 2186 3065 2237 οί
3096 2185 3253 2249 πόδες
3273 2187 3523 2254 ἐγένοντο
3541 2186 3649 2240 τῶν
3682 2188 3952 2256 εὐαγγελι-

2381 2278 2622 2349 ζομένων
2641 2277 2709 2330 τὰ
2729 2275 2928 2344 ἀγαθά,
2957 2277 3062 2335 ἵνα.
3096 2276 3401 2346 νιψάμενοι,
3434 2278 3529 2330 καὶ
3567 2278 3953 2350 καθηράμενοι,

2381 2371 2475 2422 καὶ
2516 2366 2885 2438 ἐκμαξάμενοι
2912 2366 3017 2419 ἀπὸ
3042 2366 3151 2419 τῶν
3175 2365 3412 2438 Χριστοῦ
3450 2367 3671 2437 χειρῶν,
3708 2367 3952 2436 ἐπιϐῆναι

2379 2460 2646 2532 δυνηθῶσι
2679 2459 2778 2529 τῆς
2802 2459 2962 2526 ἁγίας
2989 2457 3131 2523 ὁδοῦ,
3157 2458 3252 2511 καὶ
3277 2457 3482 2512 ὁδεύειν
3510 2457 3953 2528 τδνεῐπόνταϐἳ)

2379 2552 2460 2604 τόο
2496 2569 2514 2601 ι
2567 2549 2708 2618 Ἑγώ
2739 2551 2851 2620 εἰμι
2877 2550 2911 2620 ὴ
2939 2548 3075 2612 ὁδός·
3117 2567 3135 2599 ι
3173 2548 3330 2619 μόνος
3354 2549 3462 2622 γὰρ
3493 2551 3590 2603 καὶ
3618 2551 3729 2613 πᾶς
3751 2552 3779 2602 ὁ
3801 2548 3950 2618 νιψά-

2384 2658 2544 2712 μενος
2577 2644 2699 2704 τοῦς
2724 2641 2890 2704 πόδας
2923 2639 3030 2694 ἀπὸ
3053 2638 3146 2693 τοῦ
3193 2639 3365 2711 Ἰησοῦ
3388 2639 3560 2692 ὁδεύει
3584 2641 3682 2710 τὴν
3701 2639 3817 2694 ὁδὸν
3834 2638 3957 2694 ταύ-

2380 2752 2479 2804 την
2513 2735 2609 2803 τὴν
2645 2732 2843 2797 ζῶσαν,
2880 2735 2974 2787 καὶ
3008 2732 3276 2804 φέρουσαν
3313 2732 3448 2804 πρὸς
3480 2732 3574 2785 τὸν
3597 2733 3835 2804 Πατέρα·
3868 2734 3956 2785 καὶ

2381 2827 2439 2878 ού
2476 2828 2644 2896 χωρεῖ
2667 2827 2699 2897 ἡ
2728 2825 2843 2888 ὁδὸς
2872 2826 3010 2895 αῦτη
3032 2824 3194 2886 πόδας
3236 2840 3300 2893 με
3309 2819 3700 2894 μὸλυσμένους,
3726 2824 3957 2885 καὶτοὺς

2382 2917 2460 2970 ἔτι
2497 2920 2572 2989 μὴ
2628 2917 2921 2988 καθαρούς.
2963 2915 3168 2986 Μωσῆς
3203 2916 3300 2986 μὲν
3352 2911 3447 2970 οὖν
3484 2916 3655 2970 ἐδεῖτο
3695 2916 3956 2970 ὑπολύσα-

2384 3009 2507 3062 σθαι
2533 3009 2592 3062 τὸ
2623 3009 2873 3079 ὑπόδημα
2911 3010 3019 3063 ἀπὺ
3043 3011 3150 3062 τῶν
3179 3009 3354 3064 ποδῶν
3397 3008 3585 3071 αὐτοῦ,
3617 3009 3845 3080 ἐπείπερ
3875 3009 3958 3076 ἐφ’

2381 3101 2439 3154 ὃν
2468 3101 2691 3169 ἐφθάκει
2727 3101 2888 3153 τόπον
2920 3102 2976 3153 ἐν
3068 3102 3329 3172 εἱστήκει,
3358 3102 3428 3171 γῆ
3466 3102 3599 3169 ἀγία
3640 3097 3730 3172 ἦν·
3769 3099 3958 3170 ὁμοίως

2333 3193 2352 3216 ⁸
2385 3192 2441 3245 δὲ
2472 3194 2500 3246 6
2526 3192 2618 3246 τοῦ
2644 3191 2797 3262 Ναυῆ
2843 3192 3068 3262 Ἰησοῦς.
3093 3194 3155 3246 ΟΞ
3179 3193 3234 3246 δὲ
3266 3193 3501 3264 μαθηταὶ
3520 3192 3614 3245 τοῦ
3653 3191 3846 3262 Ἰησοῦ,
3874 3191 3960 3243 ἵνα

2384 3284 2641 3337 ὁδεύσωσι
2663 3283 2762 3354 τὴν
2789 3283 2967 3346 ζῶσαν
2992 3284 3083 3338 καὶ
3123 3283 3363 3354 ἔμψυχον
3400 3283 3536 3348 ὁδὸν,
3579 3282 3641 3335 οὐ
3680 3281 3834 3352 μόνον
3861 3281 3958 3353 ἀρ-

2385 3376 2604 3430 κοῦνται
2636 3375 2712 3446 τῷ
2740 3373 2814 3445 μὴ
2835 3374 2978 3446 ἐχειν
3005 3375 3328 3446 ὑποδήματα
3356 3376 3498 3428 κατὰ
3523 3375 3620 3446 τὴν
3642 3375 3783 3437 ὁδὸν,
3809 3372 3959 3426 τοῦτο

2385 3470 2499 3530 τοῖς
2524 3467 2840 3530 ἀποστόλοις
2861 3466 3025 3520 αὐτοῦ
3053 3466 3432 3536 ἐντειλαμένου
3466 3466 3557 3519 τοῦ
3604 3465 3800 3536 Ἰησοῦ⁹
3831 3464 3962 3517 ἀλλὰ

2384 3557 2495 3629 γάρ
2521 3558 2623 3611 ἔδει
2656 3559 2791 3630 πρὸς
2823 3559 2883 3612 τὸ
2909 3559 3120 3612 ὁδεῦσαι
3148 3558 3244 3628 τὴν
3267 3559 3387 3611 ὁδδν
3420 3559 3623 3630 ταύτην
3665 3559 3844 3621 αὐτοῖς
3869 3557 3960 3610 καὶ

2383 3649 2445 3702 τὸ
2469 3649 2721 3718 νίψασθαι
2757 3650 2865 3704 ἀπὸ
2903 3651 2998 3704 τοῦ
3049 3651 3222 3722 Ἰησοῦ
3274 3649 3613 3721 ἀποθεμένου
3651 3650 3722 3704 τά
3757 3649 3956 3720 ἱμάτια

2385 3739 2523 3809 τάχα
2554 3741 2651 3810 μὲν
2677 3741 2764 3794 ἵνα
2795 3741 3067 3812 καθαροὺς
3096 3741 3294 3803 αὐτοὺς
3319 3739 3432 3812 (l5)
3463 3742 3588 3804 τοὺς
3616 3741 3786 3802 πόδας
3812 3739 3961 3808 ποιὴο

2388 3847 2458 3904 σῃ
2485 3831 2920 3906 καθαρωτέρους·
2957 3833 3096 3902 τάχα
3127 3831 3185 3884 δέ
3220 3832 3307 3885 ἵνα
3337 3830 3428 3884 τὸν
3468 3831 3525 3884 ἐν
3560 3834 3674 3895 τοῖς
3703 3831 3828 3884 ποσὶ
3859 3829 3958 3882 τῶν

2389 3921 2644 3994 μαθητῶν
2682 3922 2851 3996 ῥύπον
2881 3922 3125 3995 ἀναλάϐῃ
3145 3922 3225 3985 εἰς
3259 3923 3322 3976 τὸ
3340 3922 3534 3975 ἐαυτοῦ
3566 3922 3728 3993 σῶμα
3761 3922 3846 3976 διά
3872 3919 3958 3973 τοῦ

2385 4015 2615 4082 λεντίου,
2642 4009 2686 4084 ᾦ
2729 4015 2878 4086 μόνῳ
2911 4013 3350 4086 περιεζωσμένος
3386 4010 3475 4085 ἦν·
3526 4013 3689 4076 αὐτὸς
3722 4013 3829 4084 γάρ
3869 4012 3959 4074 τὰς

2385 4105 2668 4170 ἀσθενείας
2698 4107 2854 4176 ἡμῶν
2877 4108 3050 4178 φέρει.
3081 4109 3223 4177 Ὅρα
3244 4105 3377 4177 γάρ,
3399 4106 3504 4169 ὃτι,
3524 4104 3736 4174 μέλλων
3763 4105 3958 4158 νίπτειν

2385 4199 2512 4261 τοὺς
2539 4198 2702 4263 πόδας
2740 4198 2847 4251 τῶν
2881 4197 3278 4268 μαθητῶν,ούκ
3304 4196 3461 4250 ἄλλον
3495 4196 3687 4267 καιρὸν
3715 4196 3961 4262 ἐπελέξαο

720 4279 855 4335 Vide
885 4282 1048 4351 igitur
1070 4287 1214 4353 quod
1240 4286 1521 4343 lavaturus
1557 4291 1720 4359 pedes
1746 4294 2136 4364 discipulorum
2163 4297 2279 4348 ιιιιι⁴

2384 4307 2466 4354 το,
2489 4290 2522 4361 ἢ
2549 4291 2636 4343 ὅτε
2673 4292 2702 4344 6
2719 4289 2960 4354 διάϐολος
2973 4290 3070 4361 ἢδη
3104 4288 3355 4360 βεϐλήκει
3379 4290 3458 4352 είς
3477 4288 3578 4358 τὴν
3606 4288 3851 4359 καρδίαν,
3879 4288 3960 4342 ἵνα

717 4366 825 4421 lum
859 4369 1002 4425 aliud
1026 4381 1235 4441 tempus
1265 4375 1516 4445 elegerit,
1541 4379 1643 4434 nisi
1668 4383 2011 4451 quandojam
2040 4384 2279 4440 diabolus

2387 4380 2615 4451 παραδῷ
2653 4381 2814 4435 αὐτὸν
2850 4381 3049 4443 Ἰούδας
3101 4379 3344 4450 Σίμωνος
3391 4379 3768 4451 Ἰσκαριώτης,
3808 4381 3896 4433 καὶ
3928 4381 3958 4448 ἠ

717 4459 1035 4519 immisisset
1067 4466 1122 4519 in
1151 4480 1247 4520 cor
1284 4466 1523 4525 Simonis
1551 4470 1702 4528 Iuda:
1731 4473 2007 4531 lscariotis
2048 4485 2108 4530 ut
2157 4490 2279 4546 pro-

2387 4470 2531 4540 ὑπέρ
2552 4469 2853 4539 ἀνθρώπων
2882 4468 3072 4540 ἔμελλε
3105 4468 3350 4536 γίνεσθαι
3390 4468 3696 4539 οἰκονομία*
3725 4470 3829 4541 πρὸ
3858 4469 3959 4539 γὰρ

717 4551 870 4606 deret
891 4567 1034 4620 eum,
1065 4565 1120 4610 et
1151 4561 1368 4626 quando
1398 4560 1642 4618 facienda
1690 4577 1808 4619 erat
1851 4581 1950 4635 pro
1976 4569 2279 4626 hominibus

2381 4559 2572 4614 τούτου
2603 4559 2854 4634 εΰκαιρον
2887 4562 2988 4614 οὐκ
3018 4555 3086 4632 ἦν
3113 4559 3373 4630 νίψασθαι
3392 4563 3518 4626 τοὺς
3553 4561 3722 4624 πόδας
3751 4559 3852 4612 ὑπὸ
3871 4558 3959 4613 τοῦ

718 4647 1016 4701 teconomia
1049 4665 1064 4701 :
1097 4659 1229 4706 ante
1251 4653 1389 4708 hanc
1415 4655 1616 4709 etenim
1646 4671 1750 4710 non
1785 4669 2144 4726 opportunum
2169 4669 2279 4715 erat

2396 4651 2570 4721 Ἰησοῦ
2597 4654 2722 4716 τοὺς
2764 4651 3029 4722 μαθητάςε
3063 4653 3148 4717 τίς
3175 4652 3283 4722 γὰρ
3320 4652 3388 4705 ἂν
3431 4653 3524 4705 τὸν
3571 4655 3630 4706 ἐν
3662 4651 3738 4723 τῷ
3770 4650 3960 4722 μεταξὺ

718 4736 1015 4806 discipulos
1044 4740 1249 4798 habere
1304 4744 1470 4812 pedes
1521 4759 1552 4798 ιι
1604 4743 1730 4799 Iesu
1778 4748 1956 4805 lotos:
1993 4749 2114 4818 quis
2143 4751 2279 4805 enim

2382 4741 2488 4804 ἕως
2513 4741 2608 4795 τοῦ
2643 4743 2843 4806 πάθους
2873 4743 3042 4813 ῥύπον
3061 4743 3168 4796 τῶν
3188 4742 3365 4796 ποδῶν
3390 4741 3571 4796 αυτῶν
3596 4742 3856 4810 ἀπένιψεν
3869 4741 3957 4802 ᾰν;

719 4834 924 4883 Ioturus
946 4828 1126 4885 fuerat
1158 4833 1351 4900 pedum
1381 4833 1595 4889 illorum
1627 4837 1814 4889 sordes
1852 4837 1989 4890 intra
2017 4838 2117 4892 hoc
2148 4848 2279 4893 tem-

2387 4834 2528 4888 Ἀλλ’
2557 4835 2679 4889 οὺδέ
2719 4837 2777 4888 ἐν
2809 4835 2888 4906 τῷ
2919 4834 3096 4907 καιρῷ
3127 4834 3222 4888 τοῦ
3270 4834 3495 4897 πάθως’
3533 4834 3692 4897 ἄλλος
3733 4832 3839 4904 γὰρ
3862 4831 3961 4901 Ἰη-

719 4930 815 4984 pus
861 4931 1033 4988 usque
1061 4921 1127 4974 ad
1156 4921 1461 4989 passionem
1487 4922 1512 4976 ?
1556 4922 1662 4978 Sed
1691 4940 1759 4980 ne
1786 4935 2028 4996 tempore
2063 4928 2278 4996 quidem

2389 4927 2514 4990 σοῦς
2544 4927 2643 4978 οὐκ
2671 4921 2738 4997 ἦν
2782 4928 2811 4979 ὁ
2841 4929 3044 4979 νίπτων
3083 4925 3260 4978 αὐτῶν
3289 4927 3415 4988 τοὺς
3440 4923 3626 4989 πόδας.
3673 4923 3809 4976 Ἀλλ’
3847 4921 3960 4976 οὐδὲ

720 5009 988 5074 passionis
1015 5024 1031 5062 :
1058 5025 1233 5080 neque
1258 5012 1404 5067 enim
1434 5013 1572 5068 alius
1601 5027 1719 5070 erat
1744 5013 1904 5072 Iesus
1931 5020 2020 5087 qui
2062 5019 2279 5076 illorum

2390 5018 2528 5089 μετά
2560 5017 2656 5089 τὴν
2689 5017 3018 5088 οίκονομίανσ
3061 5016 3162 5086 ἤδη
3186 5015 3294 5087 γὰρ
3328 5015 3448 5087 ὥρα
3485 5016 3579 5069 τοῦ
3614 5016 3770 5084 ἁγίου
3801 5011 3963 5066 Πνεύ-

720 5107 923 5155 Iavarct
941 5101 1126 5169 pedes.
1159 5104 1238 5157 Ac
1265 5119 1335 5158 ne
1367 5115 1489 5174 post
1511 5108 1868 5164 oeconomiam
1902 5109 2120 5177 quidem
2145 5113 2279 5180 :jam

2392 5127 2559 5180 ματος
2613 5108 3047 5180 ἐπιδημήσαντος
3092 5110 3206 5170 τοῖς
3246 5107 3517 5179 μαθηταῖς
3555 5105 3622 5179 ἧν
3658 5106 3962 5178 γενομένοις

721 5191 860 5245 enim
887 5193 1075 5247 aderat
1109 5195 1240 5250 hora
1267 5193 1507 5264 Spiritus
1529 5200 1700 5254 sancti
1740 5199 1805 5253 ad
1831 5199 2127 5268 discipulos
2157 5219 2279 5257 ven-

2387 5201 2648 5274 καθαροῖς
2672 5203 2765 5256 καὶ
2793 5201 3103 5274 νιψαμένοις
3133 5201 3259 5263 τοὺς
3289 5199 3477 5263 πόδας,
3507 5199 3600 5251 καὶ
3622 5199 3724 5269 ἤδη
3758 5197 3960 5267 ἔχουσιν

721 5282 822 5334 turi
872 5283 980 5350 jam
1037 5283 1216 5340 factos
1264 5287 1518 5356 mundos,
1549 5299 1602 5345 et
1630 5290 1772 5346 lotos
1805 5292 2069 5347 habentes
2095 5293 2279 5361 pedes,

2392 5292 2636 5362 ἑτοίμους
2667 5293 2862 5356 αὐτοὺς
2887 5291 2982 5346 καὶ
3009 5290 3242 5361 ὡραίους
3278 5289 3414 5360 πρὸς
3433 5289 3493 5340 τὸ
3521 5289 3577 5340 ὲν
3603 5286 3681 5358 τῷ
3699 5285 3958 5357 Πνεύματι

785 5397 898 5480 ’ΪῪ
937 5397 1162 5480 “ia-1:1].
1191 5402 1244 5457 7-
1320 5403 1367 5436 “
1393 5407 1549 5464 Ioan.
1576 5426 1690 5476 xw,
1742 5410 1794 5466 ti.
1878 5410 1922 5442 ³³
1952 5409 2127 5466 Exod.
2170 5428 2252 5480 ιιι,

2420 5413 2464 5443 ⁸³
2491 5411 2656 5468 Iosue
2697 5427 2748 5476 ν,
2792 5409 2877 5464 l6.
2954 5407 2999 5438 ⁸⁸
3028 5406 3220 5462 Matth.
3255 5423 3312 5469 κ,
3347 5405 3434 5464 l0.
3509 5403 3555 5435 "
3588 5403 3694 5458 lsa.
3745 5417 3858 5467 uu,
3896 5398 3956 5462 ι;

62 230 71 331 i

64 344 73 443 ξ
222 346 231 455 ί

70 584 140 694 l
228 634 235 717 ξ

72 698 237 970 ιῖ

232 912 239 935 .

80 964 239 1218 it

90 1445 164 1686 ί

88 1656 209 1816 ξι

92 1844 171 1947 ξι

92 1960 105 2019 ι

94 1806 219 2297 ρι

96 2194 213 2337 ’ἴτε

118 2358 215 2397 _.l

176 2404 223 2501 ιζ

178 2546 221 2581 τέ

76 2586 221 2689 ᾐδὲ

94 3576 99 3597 ε

74 5244 169 5339 ἰν

78 5358 83 5379 ρ

92 5672 223 5805 ἕρ

92 5816 99 5869 5
194 5840 201 5855 .

92 5910 101 5959 ῒ
192 5908 207 5947 ξ’

62 5978 103 6095 ιὲ

70 6342 144 6415 ὶν

76 6420 120 6481 .

721 5467 905 5522 Matth.
934 5484 1050 5537 νιιι,
1071 5467 1160 5525 l7;

788 5587 900 5654 (ιε)
940 5587 1195 5644 Ὀὃεύειν
1220 5592 1328 5644 τὸν
1355 5592 1621 5645 εἰπόντα.
1665 5589 1927 5658 Origenes
1966 5589 2189 5659 Prw/nl.
2237 5593 2290 5643 in

721 5655 999 5732 ξΙοιιιιηινιιι,
1036 5669 1166 5732 tom.
1201 5677 1216 5714 ι
1259 5659 1501 5732 praeﬁxa,
1537 5675 1685 5732 num.
1722 5655 1790 5712 ιο
1818 5661 1930 5732 ;T6
1957 5655 2151 5732 ὡραῖον
2198 5662 2291 5714 καὶ

718 5726 772 5776 ἐν
799 5728 971 5801 καιρῷ
998 5726 1280 5801 γινόμενον
1306 5729 1412 5784 τῶν
1442 5729 1752 5785 ἀποστόλων
1781 5726 2072 5785 ὁδευόντων
2101 5732 2188 5784 τὸν
2217 5733 2289 5784 εί-

2401 5596 2585 5669 πάντα·
2640 5595 2780 5663 Ἐγώ
2808 5599 2977 5669 ειμιὴ
3008 5598 3146 5662 ὁδὸς,
3177 5598 3435 5669 atavi:th
3456 5595 3676 5667 νοήσαςο

2471 5667 2582 5736 (15)
2618 5669 2869 5733 Αὑτούς.
2901 5667 3260 5723 δι’ἰίὺειιόιιιιι
3298 5667 3496 5721 αὐτῶν.
