3804 6540
106 391 196 447 ’ἵε-ί

1078 377 1434 435 (ῙΟΜΜΕΑἋ.
1473 380 1536 431 ιλ
1574 373 1765 431 JOAN.
1804 372 2044 431 TOMUS
2089 370 2301 428 XXXII.

3249 366 3352 422 76?.

103 498 530 570 εὐαγγελίζεσθαι
567 497 634 550 τὰ
663 495 860 565 ἀγαθά.
898 493 1147 548 Τοιοῦτον
1168 491 1261 548 οὖν
1289 496 1403 547 ἐστι
1428 493 1507 546 τόν
1541 512 1558 542 ι
1610 495 1658 544 't

1777 504 1982 560 eosque
2013 497 2296 557 promptos
2346 493 2399 539 et
2447 483 2703 556 pulchros
2757 483 2824 538 ad
2872 482 3348 555 evangelizandum

105 592 204 663 ἐγὼ
231 590 387 654 ποιῶ,
423 591 488 644 σὺ
513 591 613 642 οὐκ
643 586 790 652 οἶδας
823 587 968 660 ἄρτιο
985 585 1169 660 γνώσῃ
1189 586 1244 639 δὲ
1273 586 1409 657 μετὰ
1436 583 1662 639 ταῦτα’»

110 683 359 756 σύμβολόν
393 683 508 735 ἐστι
540 681 600 735 τὸ
614 679 868 750 νίψασθαι
895 679 1050 750 ὑμῶν
1074 678 1198 742 τοὺς
1221 677 1386 740 πόδας
1401 678 1490 730 ὑπ’
1512 675 1668 744 ἐμοῦ,

103 777 186 829 τοῦ
216 773 554 845 καθαρθῆναι
575 772 676 835 τὰς
707 771 890 841 βάσεις
919 769 1030 824 τῶν
1055 768 1239 841 ψυχῶν
1263 767 1440 839 ὑμῶν,
1465 767 1550 820 ἵνα
1571 766 1669 836 γέ-

102 886 280 921 νωνται
311 868 526 939 ὡραῖοι,
579 865 881 936 μελλόντων
913 862 1066 933 ὑμῶν
1103 859 1551 931 εὐαγγελίζεσθαι
1601 858 1670 913 τὰ

100 958 280 1028 ἀγαθὰ.
317 957 417 1014 καὶ
441 959 702 1030 καθαροῖς
741 959 854 1020 τοῖς
878 957 1034 1010 ποσὶν
1063 953 1362 1008 ἐπιϐαίνειν
1393 953 1514 1015 ταῖς
1559 950 1668 1004 τῶν

100 1050 385 1123 ἀνθρώπων
409 1050 628 1122 ψυχαῖς.
664 1048 835 1102 Τοῦτο
860 1049 918 1102 δὲ
943 1048 1003 1101 τὸ
1025 1047 1322 1118 μυστήριον
1349 1046 1412 1098 σὺ
1445 1043 1540 1098 νῦν
1569 1043 1668 1115 μὲν

97 1144 185 1195 οὐκ
211 1139 376 1206 οἶδας,
409 1142 502 1195 ἅτε
533 1141 760 1212 μηδέπω
788 1139 980 1212 χωρῶν
1023 1138 1120 1210 τὴν
1146 1137 1348 1208 γνῶσιν
1381 1133 1542 1190 αὐτοῦ
1573 1135 1658 1188 εύα

98 1233 401 1306 καιρότερον
449 1233 718 1305 ἐσομένην
749 1235 806 1286 ὲν
844 1232 947 1296 σοὶ,
983 1232 1122 1286 ἐπὰν
1169 1231 1298 1304 νίψῃ
1337 1231 1465 1294 τοὺς
1503 1230 1666 1294 πόδας

97 1327 178 1378 ἀπ’
209 1324 362 1395 ἐμοῦ·
403 1325 539 1396 μετὰ
575 1325 632 1379 δὲ
662 1323 832 1379 ταῦτα
858 1323 1045 1395 γνώσῃ
1099 1325 1157 1377 ὲν
1187 1322 1266 1394 τῷ
1287 1322 1461 1391 τούτῳ
1495 1323 1668 1376 συνιέ-

95 1434 190 1480 ναι,
225 1418 598 1488 φωτιζόμενος
635 1419 703 1487 τῇ
759 1417 888 1487 περὶ
921 1416 1019 1469 οὐκ
1051 1415 1528 1486 εὐκαταφρονήτου
1569 1414 1665 1468 καὶ

97 1507 309 1577 βραχέος
351 1509 496 1572 τινὸς
536 1507 752 1576 γνώσει.
790 1506 975 1561 Ταῦτα
1001 1507 1058 1561 δὲ
1086 1507 1334 1576 λέγοντος
1361 1506 1438 1579 τῷ
1472 1507 1664 1580 Πέτρῳ

94 1597 175 1650 τοῦ
207 1598 405 1669 Ἰησοῦ,
430 1601 459 1653 6
477 1598 722 1670 μαθητὴς
737 1599 1087 1671 ἀποκρίνεται
1113 1598 1214 1652 οὐκ
1235 1599 1429 1670 έπιστη
1439 1597 1664 1670 μονικὴν

94 1691 388 1762 ἀπόκρισιν,
420 1691 562 1764 πλὴν
584 1692 886 1762 φαντασίαν
901 1691 1394 1759 ὲξαποστέλλουσαν
1414 1691 1506 1746 τοῦ
1525 1693 1663 1765 πρὸς

92 1782 171 1835 τὸν
212 1782 418 1855 Ἰησοῦν
435 1783 726 1855 τιμητικοῦ
750 1783 843 1837 καὶ
874 1783 1170 1855 σεϐασμίου
1190 1825 1205 1849 ,
1241 1784 1539 1853 φαντασίαν
1586 1785 1664 1839 δι-

1775 582 1829 636 in
1891 580 2096 651 Spiritu
2165 587 2361 635 sancto
2414 577 2575 633 bona.
2640 575 2771 631 Tale
2814 576 2980 646 igitur
3041 575 3168 630 illud
3215 588 3346 633 est:

1776 671 1979 739 «Quod
2041 686 2143 740 ego
2186 670 2350 736 l‘acio,
2407 678 2459 724 tu
2523 683 2663 724 nunc
2704 668 2905 734 nescis,
2968 668 3107 724 scies
3167 678 3349 722 autem

1771 777 1981 838 postea.
2024 784 2044 818 ι
2089 765 2244 832 Quod
2271 778 2372 835 ego
2403 763 2578 818 lavem
2617 761 2780 832 pedes
2812 770 3026 816 vestros
3048 802 3064 829 ,
3097 768 3222 815 nota
3261 769 3350 816 est

1770 862 1915 932 quod
1938 859 2246 914 animarum
2273 865 2582 926 vestrarum
2610 853 2977 924 purilicentur
3017 866 3256 924 gressus,
3291 860 3352 905 ut

1769 957 1880 1013 sint
1909 951 2142 1025 pulchri,
2180 950 2642 1022 evangelizaturis
2671 948 2827 1002 vobis
2852 950 3016 1012 bona,
3046 956 3101 1002 et
3133 944 3351 1000 mundis

1769 1047 2000 1119 pedibus
2068 1043 2399 1116 ingressuris
2465 1042 2521 1096 in
2583 1039 2870 1096 hominum
2939 1039 3171 1093 animas.
3237 1034 3351 1091 lloc

1769 1149 1952 1196 autem
1976 1138 2299 1212 mysterium
2330 1145 2384 1191 tu
2417 1148 2560 1190 nunc
2581 1135 2800 1204 quidem
2834 1132 3032 1198 nescis,
3058 1130 3184 1200 quia
3216 1143 3353 1183 non-

1767 1235 1896 1289 dum
1936 1231 2174 1301 percipis
2223 1229 2593 1301 cognitionem
2649 1225 2766 1295 ejus
2794 1221 3149 1295 Opportunius
3190 1220 3244 1276 in
3299 1227 3352 1273 te

1768 1325 2030 1391 futuram,
2060 1322 2221 1379 simul
2242 1331 2407 1392 atque
2436 1334 2537 1390 ego
2567 1317 2751 1372 lavero
2781 1316 2944 1387 pedes
2968 1322 3126 1378 tuos;
3159 1317 3344 1381 postea

1768 1434 1899 1474 vero
1961 1431 2260 1486 cognosces
2318 1415 2444 1469 dum
2505 1413 2610 1468 hoc
2669 1410 2949 1481 intelliges
3013 1405 3346 1461 illuminatus

1767 1513 2082 1584 cognitione
2129 1525 2234 1566 non
2276 1523 2440 1578 parva
2475 1520 2650 1576 neque
2698 1503 2863 1559 facile
2924 1497 3344 1557 contemnenda.

1763 1603 2035 1660 Caeterum
2068 1604 2184 1658 haec
2210 1603 2470 1672 loquente
2503 1597 2630 1653 Jesu
2662 1597 2824 1652 Petro
2849 1634 2864 1659 ,
2904 1590 3202 1662 discipulus
3233 1604 3348 1645 res-

1763 1698 1968 1767 pondet
2014 1710 2334 1766 responsum
2390 1707 2496 1748 non
2535 1690 2792 1761 peritum,
2849 1687 2944 1742 sed
2997 1677 3326 1740 sententiam

1764 1788 2200 1858 proﬁciscentem
2231 1784 2454 1856 quidem
2498 1783 2567 1838 ab
2595 1780 2793 1836 aﬂ'ectu
2819 1821 2834 1847 ,
2883 1787 2939 1836 et
2985 1795 3114 1851 erga
3162 1776 3348 1833 Iesum

93 1875 436 1947 εψευσμένην.
473 1877 592 1929 Ἔτι
623 1876 830 1948 διόπερ,
849 1877 972 1930 ἐπεὶ
1003 1877 1076 1949 μὴ
1113 1876 1465 1960 συμιρέρουσα
1489 1873 1557 1948 ἦν
1587 1876 1658 1948 τῷ

1769 1879 1992 1935 honoris
2021 1888 2077 1934 et
2104 1876 2426 1933 reverentiae
2457 1874 2692 1944 plenam,
2719 1873 2813 1928 sed
2844 1882 3021 1926 tamen
3054 1885 3160 1940 qua
3195 1867 3348 1922 falle—

94 1965 267 2036 Πέτρῳ
299 1967 334 2036 η
367 1965 655 2039 ἀπόκρισις
710 1967 898 2030 αὺτοῦ,
940 1969 1041 2022 οὐκ
1091 1969 1156 2039 es
1196 1967 1365 2039 αὐτὴν
1407 1969 1660 2037 γενέσθαι

93 2057 246 2128 ἀληθῆ
272 2060 300 2112 6
330 2058 403 2112 τὰ
433 2059 525 2112 ἐπὶ
554 2058 722 2131 βλάϐῃ
753 2058 1162 2130 ἀληθευσόμενα
1189 2061 1256 2130 τῇ
1282 2059 1374 2113 τοῦ
1413 2059 1660 2128 λέγοντος

93 2149 396 2218 πρεπόντως
444 2149 634 2205 ἑαυτοῦ
684 2154 750 2222 τῇ
802 2150 1130 2222 χρηστότητι
1177 2149 1421 2203 κωλύων.
1470 2149 1530 2202 '0
1561 2150 1659 2220 μὲν

91 2240 184 2310 γὰρ
213 2241 420 2312 Πέτρος
453 2243 637 2312 φησὶν,
674 2261 692 2293 ι
719 2243 792 2296 Οὐ
828 2242 902 2315 μὴ
930 2241 1091 2313 νίψῃς
1111 2260 1210 2312 μου
1243 2243 1370 2306 τοὺς
1389 2241 1551 2306 πόδας
1580 2244 1660 2306 εἰς

90 2331 166 2382 τὸν
195 2331 384 2398 αἰῶνα,
426 2353 445 2384 ι
481 2335 576 2387 καὶ
621 2334 957 2404 ἀπεφήνατο,
1005 2335 1288 2406 κρίναντος
1339 2334 1432 2388 τοῦ
1483 2334 1658 2406 Ἰησοῦ

89 2425 280 2478 νίπτειν
304 2425 470 2478 αὐτοῦ
495 2426 623 2490 τοὺς
651 2427 838 2490 πόδας,
868 2427 929 2479 τὸ
958 2426 1033 2498 μὴ
1053 2426 1408 2499 νιφθήσεσθαι
1441 2427 1530 2481 ὑπ’
1563 2426 1660 2480 αὺ-

90 2518 188 2584 τοῦ,
220 2521 316 2573 καὶ
345 2521 420 2594 μὴ
454 2520 808 2591 νιφθήσεσθαι
839 2523 918 2585 εἰς
943 2522 1034 2574 τὸν
1062 2521 1278 2576 ἅπαντα
1302 2522 1494 2577 αἰῶναο
1525 2523 1554 2574 6
1577 2522 1654 2585 δὲ,

93 2610 286 2680 βλέπων
312 2612 749 2686 λυσιτελέστερον
779 2610 919 2668 εἶναι
956 2613 1017 2668 τὺ
1050 2615 1108 2666 έν
1137 2615 1312 2686 τούτῳ
1352 2614 1656 2684 ψεύσασθαι

90 2704 166 2755 τὸν
199 2703 407 2775 Πέτρον
431 2705 525 2758 τοῦ
548 2705 843 2776 ἀληθεῦσαι
876 2705 1059 2770 αὐτὸν,
1095 2707 1440 2761 ὑποδείκνυσι
1481 2706 1543 2759 τὸ
1599 2707 1657 2758 ὲν

90 2793 154 2863 τῷ
173 2795 244 2865 μὴ
265 2795 378 2849 δεῖν
394 2795 681 2868 ἀληθεύειν
694 2797 854 2852 τοῦτο
867 2797 1126 2870 εἰρηκότα
1141 2797 1434 2863 λυσιτελὲς,
1455 2800 1652 2868 φήσας·

93 2903 108 2932 ι
145 2884 259 2938 Ἐὰν
285 2886 519 2957 μὴ’δίψω
545 2903 626 2952 σε,
661 2888 760 2941 οὐκ
792 2887 936 2958 ἔχεις
971 2888 1135 2958 μέρος
1165 2889 1283 2960 μετ’
1311 2888 1467 2960 ἐμοῦ.
1506 2907 1525 2940 ι
1565 2888 1656 2941 Εἰ-

91 2990 179 3043 περ
207 2969 302 3027 οὖν
345 2978 374 3027 6
413 2976 618 3046 Πέτρος
672 2975 915 3046 ἔμελλεν,
964 2977 1382 3048 ἀποφηνάμενος
1434 2977 1534 3048 μὲν
1572 2977 1653 3042 τὸ,

93 3083 107 3111 ι
143 3066 211 3118 Οὐ
239 3067 317 3137 μὴ
347 3067 509 3140 νίψῃς
538 3085 640 3140 μου
674 3070 800 3133 τοὺς
844 3069 1012 3133 πόδας
1039 3071 1120 3134 εἰς
1143 3069 1232 3122 τὸν
1261 3069 1452 3134 αἰῶνα,
1492 3090 1511 3123 ι
1561 3072 1656 3124 καὶ

91 3154 348 3228 ἀληθεύων
372 3161 431 3212 ὲν
462 3159 657 3231 τούτῳ,
687 3161 761 3233 μὴ
781 3160 922 3226 ἕξειν
957 3161 1094 3233 μετὰ
1117 3162 1211 3216 τοῦ
1257 3162 1434 3234 Ἰησοῦ
1469 3163 1651 3236 μέρος,

90 3248 258 3316 ἔμελλε
291 3250 348 3302 δὲ
398 3249 540 3320 ἔχειν
578 3252 741 3324 μέρος
789 3252 864 3324 μὴ
909 3252 1207 3324 ἀληθεύων,
1251 3253 1336 3323 ἐφ’
1362 3247 1408 3322 ᾧ
1443 3254 1654 3325 φθάσας
1682 3237 1724 3294 C

89 3337 190 3393 εἷπε
229 3341 538 3413 προπετῶς,
576 3342 629 3395 τι
658 3341 785 3396 ἄλλο
827 3341 1088 3413 πράττειν
1124 3343 1312 3414 ἐχρῆν,
1341 3344 1374 3414 ἢ
1417 3343 1491 3414 μὴ
1525 3343 1657 3415 ἁλη-

90 3429 280 3498 θεύειν;
308 3432 394 3485 ἶνα
428 3433 494 3484 ὲκ
510 3430 606 3485 τοῦ
633 3430 918 3501 ἀληθεύειν
949 3430 1107 3484 τοῦτο
1134 3434 1356 3502 ποιήσαι
1386 3433 1548 3486 αὐτὸν
1581 3435 1655 3506 μὴ

92 3520 213 3589 ἐχειν
244 3521 386 3594 μετὰ
415 3521 510 3575 τοῦ
565 3520 738 3592 Ἰησοῦ
775 3520 962 3593 μέρος,
984 3520 1224 3592 ψεύστην
1255 3522 1416 3576 αὐτὸν
1440 3524 1656 3577 ἀποδεί-

93 3611 259 3676 ξαντος
283 3615 347 3667 ὲν
384 3612 464 3683 τῷ
489 3611 748 3682 νίψασθαι
772 3614 898 3676 τοὺς
927 3612 1094 3677 πόδας
1119 3612 1305 3666 αὑτοῦ·
1349 3615 1657 3686 γέγραπται

91 3704 199 3776 γάρ’
235 3725 253 3758 ι
294 3707 411 3770 Πᾶς
433 3705 716 3779 ἄνθρωπος
751 3703 1012 3776 ψεύστης.
1055 3723 1075 3758 ι
1112 3705 1398 3778 Εὐκαίρως
1430 3706 1486 3759 δέ
1527 3723 1656 3760 ποτε

91 3797 388 3868 χρησόμεθα
411 3796 488 3869 τῷ
514 3796 664 3869 ρητῷ
678 3797 772 3851 ἐπὶ
786 3795 892 3851 τῶν
919 3795 1350 3868 προπετέστερον
1377 3797 1471 3851 καὶ
1499 3796 1659 3868 ἀκρί-

92 3908 182 3954 τως
212 3890 472 3950 εἰπόντων
493 3889 762 3959 ποιήσειν,
780 3889 920 3958 ὅπερ
947 3887 1060 3958 (14)
1077 3886 1262 3952 αὐτοῖς
1293 3885 1367 3958 μὴ
1390 3886 1660 3940 λυσιτελεῖ

92 3982 367 4052 ἐμμένουσι
397 3981 478 4052 τῷ
510 3980 695 4044 κακῶς
718 3979 1046 4051 κεκριμένῳ’
1085 3977 1498 4042 ὑποδεικνύντες
1547 3979 1658 4050 γὰρ

92 4073 273 4139 αὐτοῖς,
303 4075 389 4128 ὅτι
413 4074 516 4144 οὐχ
558 4072 739 4140 ἕξουσι
774 4074 878 4143 μὲν
923 4071 1062 4142 μετά
1108 4070 1202 4124 τοῦ
1244 4070 1420 4141 Ἰησοῦ
1470 4070 1655 4142 μέρος,

92 4165 174 4236 τὴν
199 4167 443 4236 προπετῆ
477 4167 536 4220 ὲν
569 4164 871 4236 ἐπαγγελίᾳ
896 4165 1232 4236 τηρήσαντες
1266 4163 1471 4234 φωνὴν,
1498 4163 1658 4234 δυνή-

95 4271 256 4310 σονται
280 4258 337 4311 δὲ
372 4255 728 4327 ἁθετηθέντος
751 4255 847 4310 τοῦ
883 4253 1280 4328 προειρημένου
1301 4253 1493 4307 ὲλπίδα
1513 4251 1657 4323 ἔχειν

93 4350 297 4422 ἀγαθὴν,
321 4351 708 4422 ἀποστήσομεν
737 4349 934 4413 αὐτοὺς
951 4347 1044 4403 τοῦ
1060 4348 1262 4419 ὲμμένε
1271 4364 1317 4400 ιν
1336 4349 1448 4411 τοῖς
1470 4347 1658 4410 κακῶς

94 4443 436 4512 κεκριμένοις,
466 4443 571 4496 κᾶν
599 4441 739 4513 μετὰ
778 4443 943 4512 ὅρκου
977 4441 1066 4496 διὰ
1093 4427 1296 4512 πολλὴν
1327 4439 1657 4512 προπέτειαν

92 4526 143 4577 τὸ
168 4529 400 4584 τοιοῦτόν
439 4546 570 4584 ποτε
606 4530 830 4598 γίνεται·
882 4531 979 4585 καλ⁸
1011 4531 1278 4602 φήσομεν,
1306 4531 1410 4596 ὅτι,
1446 4532 1657 4603 Ὥσπερ

92 4621 116 4670 ὀ
137 4622 288 4677 εἰπὼν
308 4622 540 4695 Πέτρος,
564 4643 583 4675 ι
615 4625 690 4679 Οὐ
713 4625 789 4695 μὴ
812 4623 973 4698 νίψῃς
1003 4641 1103 4694 μου
1129 4625 1255 4689 τοὺς
1277 4624 1440 4688 πόδας
1464 4626 1544 4690 εἰς
1563 4624 1657 4678 τὸν

92 4711 258 4778 είῶνα,
281 4731 303 4766 ι
342 4714 614 4770 κωλύεται
642 4716 901 4788 ἐμμένειν
929 4719 996 4789 τῇ
1025 4715 1118 4771 τοῦ
1144 4717 1437 4790 λεγομένου
1465 4717 1658 4789 ὁμολοο

93 4803 191 4874 τίς.
226 4804 304 4860 ἵνα
326 4807 428 4878 ἔχῃ
459 4807 596 4879 μετὰ
628 4807 724 4862 τοῦ
769 4809 945 4879 Ἰησοῦ
975 4809 1158 4881 μέρος·
1187 4809 1361 4875 οὓτως
1389 4811 1484 4864 καὶ
1517 4812 1582 4865 σὺ
1628 4814 1658 4865 6

93 4889 220 4947 δεῖνα
256 4895 526 4968 ἁμαρτὼν
564 4898 662 4969 τὴν
703 4898 1054 4969 προπέτειαν,
1081 4900 1177 4955 καὶ
1208 4901 1448 4972 ἀκρίτως
1491 4903 1659 4973 ἐπαγ-

94 4987 386 5057 γειλάμενος
423 4989 564 5057 τόδε,
604 4990 811 5061 βέλτιον
853 4992 920 5046 ἂν
955 4994 1157 5066 ποιήσῃ
1191 4993 1304 5065 (l5)
1355 4994 1658 5066 μεταθέμε-

95 5090 165 5179 ντῖς
193 5078 276 5133 ἐπὶ
291 5080 436 5179 -τόδε
481 5082 688 5179 πρᾶξαι
724 5083 1089 5156 εὐλογώτερον
1130 5086 1238 5140 ἀπὸ
1269 5084 1365 5140 τοῦ
1393 5088 1654 5158 ἐμμένειν

94 5172 158 5237 τῷ
182 5172 359 5237 κακῶς
410 5173 673 5246 κριθέντι.
726 5176 1147 5249 Ἐπιστήσαντες
1177 5177 1234 5232 δὲ
1270 5178 1349 5250 τῷ
1407 5197 1490 5244 τε,
1527 5196 1545 5232 ι
1589 5182 1655 5234 Ὃ

97 5261 190 5328 ἐγὼ
211 5266 362 5331 ποιῶ,
391 5261 588 5321 σὺόὺκ
609 5264 758 5333 οἶδας
787 5269 934 5341 ἄρτι·
961 5269 1146 5342 γνώσῃ
1162 5271 1220 5326 δὲ
1241 5271 1380 5343 μετὰ
1412 5271 1608 5333 ταῦτα.
1630 5293 1650 5327 ι

95 5353 174 5403 καὶ
200 5353 288 5425 τῷ,
328 5374 347 5407 ι
401 5356 528 5411 Ἐὰν
561 5357 635 5429 μὴ
687 5357 824 5428 νίψω
872 5377 955 5426 σε,
995 5360 1098 5414 οὐκ
1143 5361 1287 5433 ἔχεις
1327 5362 1492 5435 μέρος
1540 5365 1656 5436 μετ’

97 5442 234 5510 ἐμοῦ,
267 5466 284 5499 ι
315 5450 365 5502 oi.
403 5449 480 5522 μὴ
516 5449 826 5522 βουλόμενοι
859 5452 1037 5520 τοῦτο,
1061 5454 1153 5509 καὶ
1185 5455 1253 5509 τὰ
1278 5455 1452 5530 τούτῳ
1477 5475 1656 5531 παρα-

97 5535 275 5604 πλήσια
299 5541 666 5612 τροπολογεῖν,
697 5544 1034 5611 αἰδεσθέντες
1067 5547 1559 5618 παραδεξάσθωσαν
1593 5551 1655 5605 τὸ

156 5631 195 5661 θ’
223 5633 358 5690 Psal.
397 5653 523 5702 ειν,
568 5640 650 5697 ll.

1768 1985 1944 2028 retur.
1978 1971 2248 2040 Quocirca
2280 1969 2538 2040 quoniam
2566 1966 2716 2022 utilis
2746 1964 2910 2019 Petro
2956 1978 3060 2018 non
3092 1971 3214 2016 erat
3234 1961 3353 2031 ejus

1768 2064 2082 2134 responsio,
2121 2077 2228 2117 non
2259 2059 2394 2115 sinit
2417 2073 2537 2114 eam
2563 2057 2650 2112 ille
2681 2072 2864 2112 veram
2883 2070 3022 2122 esse,
3053 2056 3143 2124 qui
3177 2066 3348 2109 nocua

1767 2157 1987 2212 utilitati
2021 2156 2251 2212 dicentis
2280 2163 2336 2209 et
2366 2169 2497 2209 vere
2528 2161 2790 2208 eventura
2812 2149 3087 2222 prohibet,
3121 2162 3220 2215 pro
3250 2160 3345 2201 sua

1768 2251 2032 2305 bonitate.
2066 2250 2240 2317 Atque
2265 2248 2456 2302 Petrus
2487 2245 2705 2316 quidem
2742 2243 2920 2313 inquit
2946 2283 2961 2307 ,
3008 2259 3026 2292 ι
3057 2239 3172 2294 Νοιι
3200 2239 3349 2293 lava-

1765 2341 1850 2397 bis
1885 2341 2016 2396 mihi
2050 2342 2214 2411 pedes
2261 2341 2315 2394 in
2365 2349 2688 2405 aeternum,»
2733 2335 3174 2402 enuntiavitque,
3221 2345 3345 2386 cum

1766 2432 1923 2488 Jesus
1971 2434 2115 2488 illius
2171 2433 2337 2502 pedes
2390 2431 2573 2485 lavare
2619 2428 2984 2492 decrevisset,
3065 2437 3344 2494 nunquam

1766 2524 2006 2578 futurum
2038 2534 2096 2578 ut
2131 2524 2406 2578 lavaretur
2434 2523 2502 2579 ab
2549 2524 2686 2592 ipso,
2735 2535 2800 2576 ac
2849 2534 2917 2573 ne
2969 2520 3072 2574 hoc
3128 2517 3346 2588 quidem

1766 2613 1875 2667 ullo
1902 2629 2142 2683 unquam
2179 2612 2382 2667 saeculo
2415 2612 2656 2664 futurum
2685 2629 2700 2677 ;
2759 2612 2852 2665 sed
2882 2609 2971 2663 ille
3004 2607 3096 2678 qui
3132 2605 3350 2660 videbat

1764 2704 1935 2760 Petro
1977 2705 2380 2761 conducibilius
2423 2717 2546 2759 esse
2583 2712 2640 2757 ut
2687 2702 2789 2758 hac
2835 2702 2888 2756 in
2935 2715 2994 2756 re
3024 2699 3350 2754 mentiretur

1763 2813 1927 2866 quam
1979 2808 2037 2852 ιιι
2092 2813 2219 2853 vera
2271 2797 2501 2861 diceret,
2562 2795 2848 2850 utilitatem
2891 2795 3128 2850 ostendit
3177 2793 3344 2854 ineo,

1765 2891 1908 2959 quod
1965 2903 2071 2944 non
2128 2904 2263 2960 Opus
2298 2899 2459 2952 erat,
2500 2899 2560 2942 ut
2600 2888 2690 2957 qui
2751 2886 2856 2941 hoc
2895 2886 3162 2949 dixisset,
3219 2897 3345 2937 vera

1765 2983 2099 3051 loqueretur,
2131 2981 2320 3035 dicens
2351 2995 2367 3033 :
2405 2997 2424 3030 ι
2455 2977 2566 3034 Nisi
2600 2978 2782 3031 lavero
2808 2986 2883 3042 te,
2915 2989 3020 3030 non
3048 2973 3211 3045 417
3248 2974 3344 3028 ha-

1763 3075 1861 3130 bes
1887 3082 2100 3143 partem
2128 3086 2399 3128 mecum.»
2437 3073 2616 3140 Atque
2650 3068 2903 3139 equidem
2930 3067 2974 3122 si
3005 3066 3214 3134 Petrus,
3251 3065 3347 3135 qui.

1763 3171 2113 3232 enuntiaret,
2145 3183 2162 3216 ι
2194 3163 2308 3217 Νοιι
2333 3162 2538 3216 lavabis
2572 3160 2706 3215 mihi
2753 3160 2918 3228 pedes
2942 3159 2994 3214 in
3019 3167 3343 3223 aeternum,»

1759 3279 1884 3320 vera
1914 3263 2104 3317 dicens
2133 3257 2236 3312 hac
2271 3257 2323 3310 in
2354 3269 2414 3310 re
2448 3269 2556 3307 non
2585 3252 2874 3308 habiturus
2907 3259 3029 3306 erat
3053 3265 3178 3304 eum
3215 3248 3344 3304 Jesu

1756 3363 1970 3425 partem
1996 3348 2220 3421 (alioqui
2244 3345 2535 3402 habiturus
2565 3342 2882 3414 mentiens),
2913 3357 2978 3397 eo
3004 3341 3146 3410 quod
3179 3349 3347 3395 teme-

1758 3447 1906 3502 rarie
1931 3441 2273 3514 praeveniens
2302 3438 2520 3493 locutus
2569 3436 2762 3491 luisset
2786 3475 2800 3500 ,
2834 3435 2968 3505 quid
3002 3435 3145 3488 aliud
3178 3447 3345 3503 agere

1756 3551 1898 3606 opus
1932 3543 2054 3590 erat
2086 3532 2192 3587 nisi
2223 3529 2573 3584 mentiri?ne
2602 3529 2723 3595 hoc,
2757 3529 2899 3598 quod
2932 3542 3121 3581 vermn
3152 3524 3346 3580 Petrus

1755 3629 1983 3692 diceret,
2040 3625 2427 3696 impedimento
2458 3622 2562 3692 ipsi
2615 3621 2777 3676 Petro
2821 3628 2988 3684 esset,
3042 3618 3338 3687 quominus

1758 3720 1984 3776 haberet
2009 3727 2221 3788 partem
2244 3731 2369 3771 cum
2390 3713 2542 3780 Iesu,
2585 3712 2681 3783 qui
2708 3711 2954 3767 ostendit
3004 3709 3155 3765 illum
3190 3725 3345 3763 meu-

1758 3810 1948 3865 dacem
1999 3809 2234 3863 lavando
2275 3806 2441 3876 pedes
2485 3805 2643 3875 ejus;
2698 3803 2962 3870 scriptum
3016 3813 3099 3856 est
3145 3801 3340 3855 enim:

1761 3921 1783 3954 ι
1809 3901 2000 3958 Omnis
2033 3902 2198 3956 homo
2230 3899 2462 3954 mendax
2491 3895 2562 3950 "’.
2590 3915 2608 3948 ι
2647 3894 2967 3965 Opportune
2993 3901 3181 3948 autem
3222 3903 3342 3947 ute-

1757 4011 1880 4050 mur
1902 3997 2005 4050 hoc
2033 3993 2181 4049 dicto
2204 3989 2271 4045 ad
2297 4005 2393 4045 eos
2423 3988 2515 4058 qui
2559 3986 2823 4042 audacius
2865 3999 2929 4040 ac
2978 3984 3096 4039 sine
3129 3983 3342 4040 delectu

1755 4088 1812 4143 id
1836 4101 1896 4143 se
1932 4086 2173 4142 facturos
2204 4083 2394 4138 dicunt
2435 4079 2582 4152 quod
2615 4076 2840 4133 minime
2894 4075 3003 4131 illis
3050 4075 3340 4143 conducat,

1755 4178 2060 4252 praesertim
2087 4178 2135 4233 si
2174 4176 2444 4233 desistere
2464 4171 2643 4228 nolint
2665 4169 2736 4224 ab
2778 4183 2844 4226 eo
2876 4169 3023 4240 quod
3052 4166 3194 4223 male
3220 4181 3346 4237 pro.

1755 4271 2048 4328 miserint:
2079 4268 2438 4326 ostendentes
2504 4264 2650 4320 enim
2694 4261 2802 4318 illis
2849 4260 2978 4332 quia
3037 4258 3349 4314 nullatenus

1757 4361 2000 4419 habituri
2025 4360 2137 4416 sint
2158 4368 2372 4429 partem
2393 4372 2516 4412 cum
2537 4353 2691 4421 Iesu,
2715 4353 2760 4407 si
2786 4366 2975 4407 vocem
2998 4348 3346 4404 temerariam

1757 4453 1812 4510 in
1848 4453 2217 4524 promittendo
2243 4449 2604 4514 servaverint,
2631 4446 2876 4502 futurum
2901 4457 3032 4499 vero
3062 4452 3121 4498 ut
3147 4441 3346 4498 bonam

1761 4561 1915 4616 spem
1953 4546 2156 4601 habere
2181 4543 2430 4615 possint,
2456 4543 2502 4598 si
2538 4540 2683 4611 quod
2718 4540 2874 4609 prius
2903 4537 3162 4593 dixerant
3192 4549 3348 4605 spre-

1761 4639 1963 4703 verint,
2029 4637 2366 4692 abducamus
2415 4647 2515 4689 eos
2544 4650 2573 4686 a
2611 4629 2957 4703 persistendo
3003 4629 3058 4684 in
3099 4627 3186 4682 his
3227 4638 3348 4694 quae

1761 4731 1906 4788 male
1945 4730 2327 4800 iudicassent,
2393 4725 2614 4782 etiamsi
2676 4721 2974 4795 aliquando
3025 4734 3146 4774 cum
3195 4716 3349 4787 jura-

1761 4830 1945 4877 mento
1976 4820 2082 4875 tale
2111 4819 2205 4874 llat
2229 4827 2452 4890 propter
2483 4818 2712 4871 multam
2756 4810 3120 4868 temeritatem
3155 4823 3170 4859 :
3203 4805 3350 4860 dice-

1761 4926 2014 4981 musque,
2080 4908 2541 4982 quemadmodum
2599 4905 2920 4977 prohibetur
2974 4899 3190 4964 Petrus,
3253 4897 3347 4966 qui

1757 5006 1916 5069 dixit,
1981 5001 2128 5058 «Non
2153 5003 2364 5059 lavabis
2386 5001 2516 5056 mihi
2545 4999 2710 5070 pedes
2740 4996 2794 5050 in
2827 5002 3113 5056 aeternum,
3148 5008 3167 5043 ι
3223 5004 3354 5060 βοτη

1763 5093 1958 5147 sistere
1990 5094 2044 5146 in
2073 5107 2140 5146 eo
2173 5091 2318 5161 quod
2351 5091 2607 5154 dixerat,
2644 5093 2706 5140 ut
2752 5083 2952 5139 habeat
2979 5090 3191 5151 partem
3219 5093 3347 5134 cum

1757 5184 1929 5252 Jesu;
1991 5184 2071 5240 sic
2125 5193 2182 5238 tu
2234 5182 2330 5253 qui
2386 5178 2630 5252 peccasti
2677 5184 2902 5248 propter
2953 5171 3348 5237 temeritatem,

1765 5289 1931 5350 atque
1952 5279 2119 5334 etiam
2147 5276 2454 5349 promisisti
2487 5274 2639 5330 nullo
2674 5272 2912 5336 delectu,
2942 5267 3139 5324 melius
3168 5265 3350 5322 lactu-

1764 5385 1861 5425 rus
1890 5370 1989 5437 sis,
2025 5369 2072 5424 si
2107 5369 2377 5424 desistens
2432 5381 2464 5420 a
2520 5362 2894 5436 permaneudo.
2941 5360 3000 5416 in
3052 5359 3157 5414 hoc
3201 5357 3350 5427 quod

1767 5458 1907 5514 male
1943 5459 2226 5530 judicasti,
2261 5457 2331 5513 ad
2381 5458 2487 5514 hoc
2533 5455 2801 5527 agendum
2848 5453 2994 5524 quod
3045 5449 3219 5518 magis
3263 5457 3352 5504 est

1763 5561 2191 5608 consentaneum
2242 5560 2512 5606 transeas.
2562 5548 2664 5616 Qui
2732 5553 2920 5601 autem
2975 5544 3077 5599 hoc
3138 5541 3350 5599 dictum

291 5751 466 5839 godex
512 5755 956 5839 Begipshmale,
1005 5759 1101 5839 έπὶ
1146 5760 1236 5839 τὸν
1292 5760 1653 5839 προτέστερον

1768 5797 1773 5810 ,
1801 5758 2040 5839 ᾁκρίτως
2073 5757 2339 5839 εἰπόντων
2371 5757 2617 5839 ποίησον,
2664 5756 2874 5839 ὥσπερ,
2915 5766 3023 5839 etc.

160 5822 260 5892 (l‘o)
290 5823 422 5880 Idem
448 5822 621 5883 codci
649 5825 875 5900 Regius,
913 5829 1074 5900 male,
1108 5822 1351 5903 ποιῆσαιζ
1379 5822 1658 5902 υιιίιιιὶιιιιι

1773 5829 1856 5886 ale
1879 5822 1893 5884 Ξ
1920 5829 2060 5885 forte
2091 5829 2292 5885 rectius
2326 5822 2612 5900 legendum
2645 5822 2919 5901 ποιήσαις.
2957 5826 3116 5883 lion.
