3804 6574
469 380 473 385 ’
495 380 598 437 783

1955 374 2277 434 ()BIGENIS
3645 386 3713 445 76$

493 506 941 567 observaverunt,
987 518 1006 553 ι
1043 478 1198 568 Quod
1223 513 1324 570 ego
1354 497 1514 563 iacio.
1560 505 1617 553 tu
1672 512 1817 554 nunc
1864 497 2038 552 nescis

2144 493 2411 554 ,τοιοῦτον
2443 488 2581 558 εἶδος
2627 493 2736 548 τῶν
2787 494 3157 566 εὐαγγελικῶν
3203 497 3525 566 ἐξετάσεων,
3581 502 3616 572 ἢ
3660 508 3712 577 μὴ

492 594 635 650 scies
664 603 843 649 autem
861 601 1048 663 postea
1068 632 1083 658 ,
1114 611 1133 645 ι
1170 602 1225 647 et
1253 591 1406 659 illud,
1445 609 1464 643 ι
1498 590 1614 646 Nisi
1644 590 1829 646 lavero
1858 599 1929 656 te,
1960 603 2038 645 n01

2176 582 2485 655 βουλόμενοι
2515 583 2876 639 δεικνύτωσαν
2905 585 3024 650 πῶς
3055 587 3273 658 εῦλογόν
3294 590 3410 644 ὲστι
3431 592 3524 646 τὸν
3546 591 3636 661 (ὡς
3667 596 3713 649 ἂν

495 685 665 740 habes
699 692 909 755 partem
939 696 1205 747 mecum,»
1238 681 1484 737 nolentes
1507 680 1634 735 illud
1665 681 1896 751 huicque
1920 681 2073 736 simi-

2171 675 2369 728 ἐκεῖνοι
2422 673 2655 745 λέγοιεν)
2690 674 2778 729 διὰ
2818 675 3089 747 σεϐασμὸν
3138 678 3232 732 τοῦ
3279 679 3456 750 Ἰησοῦ
3502 682 3710 751 εἰπόντα,

491 776 567 833 lia
626 779 694 832 ad
750 775 1108 846 tropologiam
1157 774 1403 840 referre,
1459 772 1729 842 pudefacti
1778 772 2038 827 admittan

2176 784 2196 818 ι
2228 767 2302 819 Οὐ
2340 765 2413 838 μὴ
2454 766 2615 838 νίψῃς
2639 783 2740 838 μου
2778 769 2903 830 τοὺς
2929 769 3094 832 πόδας
3122 771 3201 834 εἰς
3234 771 3326 827 τὸν
3353 772 3553 839 αίῶνα,
3596 793 3616 826 ι

495 869 660 924 talem
704 868 1149 939 evangelicarum
1197 865 1628 936 disputationum
1682 863 1936 929 formam,
1983 879 2038 919 vc

2167 859 2470 930 διδασκάλῳ
2490 859 2740 925 ἀκοῦσαι,
2771 859 2846 923 ὡς
2873 859 2982 929 ἄρα
3022 862 3121 931 οὺχ
3154 862 3264 928 ἕξει
3292 864 3464 936 μέρος
3491 866 3628 936 μετά
3644 868 3711 921 τοῦ

494 961 743 1018 nolentes
794 961 1085 1015 ostendant
1142 958 1231 1028 qui
1283 966 1705 1013 consentaneum
1754 965 1901 1013 esset
1937 972 2063 1013 eum

491 1055 582 1122 qui
606 1063 835 1124 propter
861 1051 1290 1116 venerationem,
1330 1058 1387 1103 ut
1421 1049 1512 1105 isti
1542 1049 1740 1104 dicturi
1770 1059 1920 1117 sunt,
1955 1064 2062 1120 qua

487 1145 673 1202 desum
702 1145 1147 1217 prosequebatur,
1176 1143 1411 1207 dicebat,
1471 1160 1490 1194 ι
1522 1140 1636 1196 Non
1679 1142 1885 1198 lavabis
1927 1142 2059 1197 mihi

488 1240 652 1309 pedes
679 1238 732 1292 in
760 1246 1078 1301 aeternum,»
1109 1251 1139 1290 a
1166 1235 1423 1304 Magistro
1450 1235 1669 1301 audire,
1687 1236 1766 1292 sic
1784 1236 1888 1291 non
1907 1236 2061 1292 habi-

488 1338 666 1382 turum
686 1342 745 1382 se
773 1334 981 1395 partem
1013 1340 1133 1381 cum
1167 1324 1306 1380 Filio
1330 1324 1445 1391 Dei,
1479 1326 1701 1395 perinde
1727 1341 1793 1381 ac
1820 1330 2058 1384 maximo

482 1428 704 1491 peccato
724 1418 1046 1482 obnoxium,
1076 1416 1220 1486 quod
1252 1416 1335 1471 sui
1378 1417 1542 1487 pedes
1573 1418 1641 1472 ab
1669 1418 1787 1487 ipso
1816 1408 1910 1474 loti
1949 1434 2054 1475 non

481 1511 732 1566 fuissent.
760 1508 893 1564 Nam
925 1510 1126 1576 dicere,
1160 1507 1217 1564 Si
1251 1510 1354 1564 hoc
1394 1508 1652 1565 delictum
1684 1511 2050 1578 commiseris,

480 1618 588 1658 non
619 1601 848 1658 habebis
890 1612 1098 1671 partem
1132 1615 1344 1656 mecum
1373 1640 1389 1668 ,
1426 1600 1604 1657 locum
1635 1601 1800 1657 habet
1829 1602 1880 1658 id
1909 1603 2051 1673 quod

478 1694 702 1760 dicitur,
735 1695 802 1748 de
828 1693 1069 1762 peccatis
1096 1691 1341 1762 apertis;
1374 1701 1432 1748 at
1462 1706 1591 1748 vero
1630 1693 1838 1760 dicere,
1875 1711 1896 1746 ι
1934 1693 2051 1749 Nisi

478 1782 668 1840 lavero
709 1796 781 1853 te,’
839 1798 946 1838 non
998 1783 1167 1840 habes
1212 1793 1423 1855 partem
1461 1797 1726 1848 mecum,o
1762 1784 2049 1854 haudqua-

2168 949 2297 1004 Υίοῦ
2312 950 2405 1004 τοῦ
2431 949 2587 1013 Θεοῦ,
2610 950 2686 1015 ὡς
2712 950 2800 1004 διὰ
2831 952 3081 1022 μέγιστον
3110 955 3432 1027 ἁμάρτημα,
3457 958 3518 1011 τὸ
3548 959 3622 1030 μὴ
3647 978 3710 1013 νε-

2157 1039 2349 1109 νῖφθαι
2373 1041 2499 1105 τοὺς
2526 1041 2694 1105 πόδας
2725 1041 2814 1095 ὑπ’
2843 1042 3031 1098 αὐτοῦ.
3064 1044 3138 1097 Τὸ
3173 1045 3272 1116 μὲν
3309 1046 3442 1118 γὰρ,
3471 1048 3602 1104 Ἐὰν
3624 1052 3710 1106 τόδε

2161 1129 2222 1184 τὸ
2271 1133 2516 1202 πταῖσμα
2564 1134 2817 1205 ποιήσῃς,
2874 1135 2973 1204 οὐχ
3014 1132 3157 1199 ἔξεις
3210 1136 3377 1209 μέρος
3419 1140 3539 1209 μετ’
3586 1142 3708 1211 ἐμοῦ,

2161 1222 2344 1296 χώραν
2360 1218 2470 1295 εἶχε
2498 1223 2787 1295 λεγόμενον
2805 1228 2930 1297 περὶ
2944 1226 3053 1280 τῶν
3085 1228 3374 1298 προφανῶς
3405 1231 3709 1303 ἁμαρτημὰι

2158 1332 2288 1368 των·
2323 1315 2382 1368 τὸ
2411 1316 2490 1380 δὲ,
2531 1334 2551 1367 ι
2585 1316 2713 1370 Ἐὰν
2745 1318 2820 1388 μὴ
2842 1316 2979 1388 νίψω
3006 1335 3089 1383 σε,
3117 1320 3219 1373 οὐκ
3246 1320 3392 1391 ἔχεις
3425 1323 3599 1395 μέρος
3621 1328 3710 1395 μετ’

2156 1408 2312 1478 ἐμοῦ,
2346 1428 2365 1461 ι
2394 1408 2646 1479 οὐδαμῶς
2674 1408 2786 1479 ἔχει
2812 1409 2874 1463 τὸ
2909 1409 3129 1480 εὔλογον
3151 1413 3292 1466 κατὰ
3310 1414 3408 1467 τοῦ
3448 1417 3709 1486 ἱσταμένου

2156 1501 2215 1553 ὲν
2243 1499 2321 1570 τῷ
2360 1503 2487 1565 τοὺς
2521 1503 2864 1572 σωματικοὺς
2894 1503 3061 1566 πόδας
3101 1504 3178 1575 μὴ
3229 1503 3549 1578 ὲθεληκέναι
3580 1509 3708 1578 νίψα-

2155 1590 2278 1644 σθαι
2330 1590 2422 1644 τὸν
2450 1591 2676 1663 Πέτρον,
2712 1592 2990 1657 νίπτοντος
3033 1594 3144 1665 (l6)
3194 1595 3359 1649 αὐτοῦ
3402 1595 3536 1660 τοὺς
3575 1598 3708 1661 πόδας

2154 1682 2500 1755 ἡμερώτατα,
2533 1683 2591 1750 ἃ,
2623 1686 2761 1757 ὅπερ
2809 1687 2871 1739 οὐ
2927 1684 3085 1757 θέμις
3129 1686 3331 1756 λέγειν,
3363 1689 3394 1741 ὸ
3418 1684 3708 1751 διδάσκαλος

2151 1775 2288 1840 δόξει
2337 1776 2734 1849 ἀποκεκρῖσθαι
2760 1777 2839 1849 τῷ
2883 1779 3110 1849 τιμῶντι
3138 1780 3301 1834 αὐτὸν
3328 1782 3573 1856 μαθητῇ,
3599 1781 3707 1844 ὅπερ

477 1891 639 1945 quam
678 1888 763 1933 est
791 1887 1240 1940 consentaneum,
1287 1875 1355 1939 si,
1390 1876 1533 1944 quod
1571 1873 1722 1931 nefas
1759 1886 1844 1932 est
1877 1875 2038 1939 dictu,

2152 1869 2300 1922 ἐστὶν
2328 1845 2691 1925 ἀτοπώτατον.
2741 1845 2842 1925 Διᾶ
2880 1845 3041 1927 τοῦτο
3082 1845 3411 1945 παρέχωμεν
3450 1845 3707 1944 Ἰησοῦ

476 1970 735 2041 Magister
764 1970 881 2026 haec
910 1970 1126 2025 videtur
1156 1967 1531 2038 respondisse,
1573 1971 1718 2039 quod
1743 1979 1826 2024 est
1858 1969 2048 2024 absur-

470 2062 756 2116 dissimum
782 2104 796 2129 ,
830 2061 1099 2130 discipulo
1129 2061 1287 2117 Petro
1328 2062 1503 2132 ipsum
1532 2062 1857 2127 honorauti,
1911 2076 2052 2130 prte-

472 2156 605 2211 bere
639 2154 844 2210 nolenti
883 2168 1178 2229 corporeos
1206 2155 1369 2224 pedes
1397 2169 1527 2211 suos
1574 2153 1839 2210 lavandos
1878 2155 1947 2209 ab
1983 2169 2049 2210 eo

467 2246 561 2317 qui
609 2254 883 2301 statuerat
933 2245 1119 2303 lavare
1162 2247 1329 2316 pedes
1362 2246 1534 2316 ipsius
1582 2244 2045 2302 mansuetissiuue.

467 2336 621 2393 lianc
632 2334 881 2409 5180b
894 2350 1118 2391 causam
1137 2337 1473 2406 prmbeamus
1494 2338 1663 2408 pedes
1685 2348 1900 2394 nostros
1916 2336 2045 2396 Jesu

466 2428 766 2483 etiamdum
798 2426 1041 2497 surgenti
1085 2443 1114 2483 a
1145 2442 1299 2483 caena
1322 2468 1338 2495 ,
1370 2438 1427 2484 et
1452 2430 1669 2499 ponenti
1699 2431 2044 2501 vestimenta,

466 2519 766 2574 etiinteum
794 2517 1107 2588 accipienti,
1144 2527 1197 2573 et
1222 2520 1574 2589 praecingenti
1603 2536 1689 2584 se,
1720 2531 1775 2576 et
1810 2523 2043 2578 mittenti

463 2625 661 2682 aquam
686 2610 738 2664 in
763 2609 988 2681 pelvim,
1017 2619 1069 2665 et
1101 2610 1375 2680 incipienti
1405 2609 1587 2665 lavare
1613 2610 1775 2680 pedes
1805 2624 2042 2679 nosnos,

464 2720 572 2758 non
604 2717 762 2758 secus
795 2711 957 2772 atque
988 2701 1034 2757 si
1067 2716 1315 2757 essemus
1341 2702 1427 2756 sui
1454 2701 1725 2773 discipuli,
1777 2713 1831 2757 et
1861 2714 2044 2758 exter-

462 2810 594 2866 gere
619 2793 790 2851 linteo
820 2808 929 2864 quo
956 2793 1310 2865 praecingitur
1336 2794 1510 2849 nostri
1543 2809 1708 2849 causa
1735 2834 1752 2858 ,
1786 2795 1960 2849 lactus
1987 2795 2040 2850 in

461 2886 640 2942 medio
670 2886 867 2955 nostri,
899 2896 1157 2957 tanquam
1190 2887 1282 2956 qui
1323 2886 1599 2942 ministrat
1641 2887 1712 2942 ⁸⁸.
1755 2886 1889 2942 Nam
1937 2888 2040 2943 nisi

457 2979 564 3034 hoc
616 2979 934 3046 fecerimus,
988 2996 1094 3035 non
1156 2980 1478 3035 habebimus
1511 2988 1721 3050 partem
1771 2994 1896 3035 cum
1947 2995 2039 3047 eo,

462 3085 639 3141 neque
671 3079 831 3126 erunt
861 3072 1072 3140 pulchri
1118 3072 1282 3142 pedes
1324 3072 1499 3126 nostri
1527 3111 1543 3138 ,
1578 3072 1879 3142 praesertim
1912 3087 2034 3128 cum

2151 1959 2275 2024 τοὺς
2303 1958 2468 2024 πόδας
2489 1960 2648 2032 ἡμῶν
2679 1963 2774 2016 καὶ
2799 1960 2895 2016 νῦν
2921 1965 3253 2037 ἑγειρομὲνῳ
3280 1966 3346 2019 ὲκ
3367 1965 3462 2019 τοῦ
3495 1965 3707 2029 δείπνου,

2151 2051 2245 2104 καὶ
2275 2051 2476 2106 τιθέντι
2512 2054 2580 2107 τὰ
2617 2055 2828 2126 ἱμάτια,
2856 2057 2949 2110 καὶ
2984 2057 3309 2128 λαμϐάνοντι
3351 2057 3585 2117 λέντιον.
3634 2059 3711 2112 καὶ

2148 2142 2496 2208 διαξωννύντι
2525 2145 2738 2212 ἑαυτὸν,
2773 2146 2867 2200 καὶ
2892 2145 3135 2217 βάλλοντι
3162 2147 3304 2219 ὕδωρ
3326 2149 3407 2213 είς
3432 2150 3521 2203 τὸνΔ
3543 2150 3711 2219 νιπτῆ-

2151 2251 2241 2305 ρα,
2265 2236 2359 2288 καὶ
2377 2234 2667 2308 ἀρχομένῳ
2686 2236 2894 2294 νίπτειν
2916 2238 3041 2302 τοὺς
3068 2239 3232 2303 πόδας
3264 2240 3424 2311 ἡμῶν
3450 2241 3529 2306 ὡς
3556 2241 3709 2313 puer...

2146 2327 2277 2393 τῶν,
2322 2329 2415 2381 καὶ
2470 2328 2766 2399 ἐκμάσσειν
2817 2328 2895 2400 τῷ
2938 2330 3148 2401 λεντίῳ,
3191 2324 3237 2399 ᾧ
3279 2332 3346 2385 δι’
3393 2334 3546 2404 ἡμᾶς
3579 2333 3711 2403 γενό-

2150 2435 2309 2489 μενος
2336 2420 2397 2472 ὲν
2434 2420 2585 2491 μέσῳ
2627 2421 2783 2492 ἡμῶν
2826 2421 2904 2485 ὼς
2932 2422 3193 2477 διακονῶν
3223 2422 3607 2487 διαζώννυταιο
3632 2425 3709 2477 ἐὰν

2145 2514 2254 2586 γὰρ
2312 2514 2386 2586 μὴ
2431 2516 2744 2586 ποιήσωμεν
2803 2515 2980 2582 τοῦτο,
3024 2518 3123 2588 οὐχ
3159 2518 3354 2590 ἕξομεν
3398 2522 3521 2590 μετ’
3565 2518 3708 2573 αὑτοῦ

2148 2606 2333 2677 μέρος,
2366 2607 2488 2660 οὐδὲ
2514 2607 2703 2680 ὡραῖοι
2750 2609 2962 2665 ἔσονται
2992 2613 3040 2664 οἱ
3076 2611 3231 2675 πόδες
3281 2611 3462 2683 ἡμῶν,
3498 2613 3597 2666 καὶ
3623 2614 3712 2682 μὰο

2143 2697 2298 2753 λιστα
2323 2700 2411 2753 ὅτε
2443 2700 2727 2771 ζηλοῦντες
2761 2701 2829 2756 τὰ
2872 2704 3092 2774 μείζονα
3122 2704 3461 2775 χαρίσματα,
3498 2704 3709 2775 θέλομεν

2143 2792 2615 2863 ὲγκαταταχθῆναι
2666 2796 2779 2858 τοῖς
2833 2794 3334 2868 εὐαγγελιζομένοις
3384 2798 3456 2850 τὰ
3517 2797 3707 2867 ἀγαθά..

2142 2883 2288 2955 Πλὴν
2315 2885 2403 2937 ὅτε
2438 2887 2716 2956 προπετὴς
2760 2886 2877 2939 ἐστι
2909 2886 3112 2959 Πέτρος
3155 2887 3395 2952 ἀκούσας
3428 2890 3514 2953 τὸ,
3549 2909 3570 2941 ι
3600 2889 3709 2942 Ἐὰν

2144 2973 2218 3045 μὴ
2246 2974 2384 3044 νίψω
2423 2992 2504 3038 σε,
2534 2976 2634 3029 οὐκ
2660 2975 2805 3047 ἔχεις
2828 2977 2992 3050 μέρος
3021 2981 3136 3050 μετ’
3158 2979 3316 3051 ἐμοῦ,
3346 3000 3366 3032 ι
3401 2982 3709 3053 αἰτούμενος

2140 3064 2198 3118 ὲν
2226 3064 2304 3135 τῷ
2339 3070 2639 3137 παρασχεῖν
2666 3069 2791 3132 τοὺς
2829 3069 2997 3134 πόδας
3024 3069 3102 3141 τῷ
3133 3071 3332 3143 Ἰησοῦ,
3361 3073 3711 3145 ὑπερδάλλειν

456 3160 773 3217 mutuemur
806 3163 1141 3218 charismata
1199 3164 1424 3219 meliora
1472 3162 1543 3230 ⁸⁹,
1596 3163 1843 3220 volentes
1894 3164 2038 3220 inter

2144 3155 2310 3209 ἐθέλει
2353 3156 2422 3210 τὰ
2472 3157 2645 3230 μέτρα
2676 3159 2775 3231 τῆς
2818 3162 3088 3230 αἰτήσεως
3118 3163 3304 3229 αὐτοῦ,
3363 3165 3459 3219 καὶ
3490 3168 3709 3237 παρεῖχε

454 3269 552 3310 eos
580 3256 932 3311 annumerari
957 3257 1050 3327 qui
1090 3259 1229 3310 bona
1257 3255 1640 3325 evangelizant
1664 3255 1734 3312 ”.
1762 3255 2034 3312 Caeterum

454 3347 677 3415 quando
708 3345 937 3403 liberior
968 3357 1054 3403 est
1081 3345 1276 3401 Petrus
1301 3346 1355 3400 in
1390 3346 1661 3416 loquendo
1702 3348 2032 3417 importune,

458 3446 680 3507 rogatus
724 3438 887 3507 pedes
934 3454 1065 3494 suos
1095 3439 1340 3509 praebere
1371 3437 1532 3502 .lesu,
1584 3453 1707 3493 cum
1768 3439 2033 3505 audisset,

459 3527 603 3583 «Nisi
639 3529 825 3585 lavero
854 3544 925 3598 te,
956 3547 1060 3586 non
1085 3534 1251 3588 habes
1266 3542 1478 3605 partem
1509 3547 1720 3589 mecum
1747 3534 1852 3593 ",a
1884 3547 2037 3588 uten-

452 3636 612 3676 suras
660 3624 938 3691 petitionis
971 3625 1088 3695 ejus
1140 3625 1256 3681 vult
1301 3639 1598 3696 superare,
1657 3639 1765 3680 non
1822 3633 2031 3680 tantum

452 3713 599 3768 solos
624 3715 788 3784 pedes
816 3730 845 3769 a
882 3714 1008 3772 Jesu
1043 3716 1305 3774 lavandos
1329 3718 1624 3782 exhibens,
1649 3723 1834 3772 verum
1865 3718 2029 3773 etiam

448 3820 668 3870 manus,
727 3822 870 3877 quas
926 3825 1034 3864 non
1092 3810 1329 3881 amplius
1358 3809 1518 3867 Jesus
1560 3807 1736 3866 lavari
1790 3810 2032 3879 volebat,

448 3910 571 3950 cum
602 3912 799 3967 panem
836 3901 1190 3955 comederent
1216 3941 1232 3966 ,
1284 3901 1592 3971 despiciens
1626 3917 1720 3958 eos
1751 3903 1843 3972 qui
1883 3901 2032 3957 dice.

446 4000 609 4046 rent:
637 3990 922 4061 «Discipuli
957 3994 1032 4047 tui
1059 4008 1164 4048 non
1191 3991 1422 4048 abluunt
1451 4008 1664 4060 manus,
1689 4008 1810 4049 cum
1835 4008 2029 4064 panem

445 4080 616 4136 edunt
641 4083 712 4137 θ’.
747 4101 766 4135 ι
820 4084 1082 4139 Exhibuit
1115 4085 1281 4140 etiam
1310 4125 1327 4153 ,
1358 4094 1558 4156 praeter
1585 4101 1809 4154 manus,
1843 4093 2025 4156 caput,

447 4170 596 4237 quod
625 4185 730 4224 non
754 4172 989 4239 amplius
1014 4171 1228 4228 volebat
1252 4173 1411 4229 Jesus
1446 4174 1640 4242 lavari;
1678 4175 1877 4245 quippe
1897 4174 2026 4245 quia

2138 3247 2563 3321 νιφθησομένους
2616 3252 2722 3305 ὑπὸ
2766 3252 2859 3306 τοῦ
2926 3254 3099 3326 Ἰησοῦ
3137 3256 3321 3310 οὐκέτι
3380 3256 3509 3321 τοὺς
3555 3260 3711 3321 πόδας

2141 3340 2353 3410 μόνους,
2381 3342 2496 3396 ἀλλ’
2526 3343 2626 3417 ἤδη
2657 3345 2865 3410 καὶτὰς
2888 3350 3093 3418 χεῖρας,
3119 3348 3186 3412 ἃς
3218 3349 3402 3404 οὐκέτι
3433 3350 3707 3405 νίπτεσθαι

2133 3433 2164 3484 ὁ
2192 3432 2399 3504 Ἰησοῦς
2444 3434 2652 3507 ἤθελεν,
2696 3438 2822 3492 ὅταν
2855 3440 3018 3511 ἄρτον
3061 3440 3301 3510 ὲσθίωσι,
3359 3444 3709 3515 καταφρονῶν

2133 3524 2244 3578 τῶν
2289 3526 2618 3598 λεγομένων,
2652 3531 2733 3584 ὅτι
2768 3551 2786 3583 ι
2824 3533 2884 3586 Οί
2925 3532 3161 3605 μαθηταί
3206 3551 3298 3587 σου
3337 3537 3401 3589 οὐ
3438 3537 3706 3590 νίπτονται

2132 3614 2232 3680 τὰς
2246 3618 2454 3688 χεῖρας,
2482 3619 2609 3673 ὅταν
2632 3620 2794 3692 ἄρτον
2817 3621 3058 3677 ὲσθίωσι·
3091 3644 3109 3676 ι
3135 3626 3230 3679 καὶ
3258 3626 3395 3699 πρὸς
3409 3630 3531 3692 ταῖς
3557 3627 3707 3699 χερσὶ

2130 3706 2229 3778 τὴν
2254 3709 2509 3781 κεφαλὴν,
2535 3710 2601 3781 ῆν
2629 3713 2748 3766 οὐδὲ
2781 3714 3219 3769 καταλύπτεσθαι
3236 3717 3374 3789 (ω’)
3401 3717 3482 3772 ἔτι
3497 3719 3700 3790 Ἰησοῦς

2132 3798 2399 3865 ὲῦούλετο,
2420 3802 2504 3871 ἐφ’
2526 3797 2594 3874 ἦς
2623 3805 2656 3875 ή
2681 3805 2844 3860 είκὼν
2883 3808 2978 3860 καὶ
3002 3810 3035 3878 ή
3059 3806 3186 3873 δόξα
3211 3810 3313 3881 ἤδη
3331 3806 3400 3882 ἦν
3423 3811 3519 3864 τοῦ
3550 3810 3703 3864 Θεοῦ·

2130 3891 2382 3962 ἀρκεῖται
2414 3894 2523 3966 γὰρ
2553 3897 2703 3967 ἡμῖν,
2739 3898 3130 3972 ἐπανέλθωμεν
3170 3905 3250 3966 είς
3277 3902 3454 3968 τοῦτο,
3479 3907 3593 3968 τοῖς
3616 3903 3705 3957 τοῦ

2130 3981 2306 4052 Ἰησοῦ
2347 3985 2634 4058 μαθηταῖς,
2663 3990 2878 4063 καιροῦ,
2907 3991 3001 4046 τοῦ
3030 3995 3157 4058 τοὺς
3181 3994 3353 4059 πόδας
3386 3995 3540 4067 αὐτῷ
3569 4013 3705 4068 παρ-

2129 4072 2272 4143 έχειν
2314 4075 2520 4145 νίψοντι
2558 4078 2652 4132 καὶ
2704 4080 3034 4151 ὲκμάσσοντι
3067 4083 3293 4154 μόνους·
3354 4106 3373 4138 ι
3410 4086 3443 4139 ὁ
3471 4085 3580 4156 γὰρ
3618 4085 3704 4137 λε-

2127 4163 2382 4236 λουμένος
2406 4166 2505 4221 οὐκ
2520 4167 2631 4239 ἔχει
2656 4171 2846 4242 χρείαν
2873 4171 3147 4242 νίψασθαι,
3177 4174 3290 4227 ἀλλ’
3318 4173 3437 4228 ἔστι
3472 4174 3705 4247 καθαρὸς

449 4258 504 4312 in
540 4273 605 4312 eo
640 4259 819 4330 imago
852 4271 906 4314 et
933 4260 1105 4331 gloria
1158 4263 1250 4316 Dei
1272 4262 1387 4330 jam
1422 4272 1587 4329 esset;
1632 4263 1831 4319 sufﬁcit
1877 4266 2023 4322 enim

2144 4257 2266 4322 ἱλος·
2303 4277 2323 4309 ι
2356 4261 2404 4312 εἰ
2432 4260 2487 4312 δέ
2521 4278 2604 4325 τις
2631 4268 2707 4339 μή
2736 4270 2881 4321 ἐστιν
2911 4265 3033 4330 ὅλος
3060 4267 3322 4339 καθαρὸς,
3350 4269 3452 4323 οὐκ
3480 4268 3701 4322 ἐλούσα-

446 4346 625 4413 nobis,
655 4348 785 4403 sieo
807 4350 1240 4418 pervenerimus,
1269 4359 1329 4405 ut
1360 4352 1703 4408 occasionem
1730 4355 2025 4411 habeamus

2144 4366 2203 4402 το.
2248 4350 2492 4422 Ζητήσαι
2533 4352 2591 4406 δέ
2634 4371 2716 4416 τις
2766 4354 2854 4420 ἂν,
2897 4357 2946 4409 εί
2990 4357 3019 4408 ὁ
3064 4356 3385 4438 λελουμένος
3441 4363 3540 4414 οὐκ
3592 4360 3703 4432 ἔχει

443 4451 597 4506 asque
630 4452 694 4492 ac
719 4438 968 4508 discipuli
994 4479 1011 4506 ,
1042 4440 1318 4509 prabeudi
1364 4440 1439 4495 illi
1470 4443 1635 4512 pedes
1662 4484 1678 4508 ,
1715 4458 1853 4514 quos
1877 4444 2023 4500 solos

2144 4442 2317 4512 (ρείαν
2341 4442 2613 4514 νίψασθαι,
2645 4445 2760 4500 ἀλλ’
2793 4446 2909 4501 ἔστι
2940 4448 3198 4522 καθαρὸς,
3233 4452 3328 4505 καὶ
3355 4448 3493 4524 ἦσαν
3509 4454 3557 4507 oi
3610 4453 3700 4507 τοῦ

443 4528 590 4582 lavat
614 4538 670 4583 et
702 4530 1006 4601 abstergit:
1042 4547 1164 4587 nam
1213 4549 1233 4584 ι
1268 4531 1359 4601 qui
1409 4530 1554 4588 lotus
1580 4544 1684 4598 est,
1731 4551 1839 4590 nou
1880 4549 2018 4607 Opus

2144 4534 2299 4606 Ιησοῦ
2321 4536 2559 4608 μαθηταὶ
2596 4538 2846 4611 καθαροὶ,
2891 4540 2967 4606 ὡς
2993 4541 3326 4614 λελουμένοι,
3517 4545 3703 4616 βάλλει

443 4620 604 4675 habet
652 4619 859 4687 lavari,
901 4622 992 4677 sed
1032 4632 1118 4677 est
1174 4625 1410 4680 mundus
1468 4634 1612 4681 totus
1638 4625 1687 4659 ”
1716 4643 1732 4681 :
1762 4644 1781 4677 ι
1803 4628 1866 4683 si.
1894 4628 2017 4696 quis

441 4727 572 4769 vero
600 4728 709 4769 non
740 4728 826 4770 est
854 4716 1091 4771 mundus
1122 4724 1267 4771 totus
1293 4755 1309 4781 ,
1369 4718 1416 4771 is
1464 4732 1526 4773 se
1572 4733 1678 4774 non
1719 4718 1871 4773 lavit.
1908 4719 2017 4776 Sed

438 4814 660 4877 quterat
682 4805 902 4873 aliquis,
925 4805 971 4861 si
998 4805 1145 4862 lotus
1176 4821 1280 4862 non
1310 4821 1448 4877 opus
1483 4807 1647 4863 habet
1676 4808 1844 4864 lavari
1872 4848 1887 4874 ,
1922 4810 2017 4865 sed

435 4906 523 4952 est
551 4897 802 4961 mundus,
831 4905 883 4952 et
912 4905 1070 4952 erant
1097 4895 1344 4966 discipuli
1368 4894 1497 4952 Jesu
1520 4899 1732 4967 mundi,
1757 4909 2015 4971 tanquam

439 4985 556 5049 loti,
604 4987 878 5057 quomodo
926 4987 1096 5044 mittit
1140 5003 1334 5058 aquam
1389 4988 1442 5043 in
1496 4987 1728 5058 pelvim,
1768 5001 1823 5045 et
1851 4993 2017 5062 capit

436 5074 619 5132 lavare
663 5078 828 5147 pedes
856 5078 1244 5149 discipulorum
1270 5077 1477 5134 Jesus?
1515 5077 1788 5135 Czeterum
1816 5081 1918 5137 hac
1947 5086 2012 5137 de

437 5179 496 5219 re
525 5179 648 5221 cum
672 5183 835 5237 supra
865 5169 1292 5226 disseruerimus
1314 5184 1385 5226 ex
1431 5179 1585 5240 parte
1625 5170 2009 5241 anticipantes,

438 5269 586 5310 nunc
606 5257 771 5312 etiam
798 5259 914 5314 haec
946 5260 1053 5315 illis
1079 5260 1365 5325 addemus,
1389 5260 1646 5315 nimirum
1676 5260 1794 5316 haec
1823 5261 2009 5326 verba,

444 5385 462 5401 .
489 5347 640 5419 Opus
677 5349 961 5416 habemus,
990 5369 1011 5405 ι
1045 5352 1222 5423 posita
1267 5366 1391 5408 esse
1433 5351 1501 5407 de
1549 5352 1711 5408 rebus
1754 5366 2010 5410 necessa-
2040 5415 2053 5426 ,

505 5464 554 5498 ⁸⁸
589 5465 719 5522 Luc.
758 5482 891 5533 xm,
922 5468 1011 5525 27.
1084 5471 1130 5504 ⁸⁹
1158 5470 1178 5526 l
1204 5470 1330 5530 Cor.
1362 5472 1576 5540 “1,51.
1649 5472 1698 5505 ”
1735 5470 1840 5529 lsa.
1863 5475 2029 5542 Ltt,7.

507 5580 807 5654 Forte
835 5582 1180 5654 scribendum
1213 5584 1319 5640 ὑπὸ
1345 5587 1440 5641 τοῦ
1470 5586 1768 5654 νίπτοντος.

509 5651 642 5727 (16⁸)
661 5652 1182 5727 Καταλύπτεσθαι.
1209 5655 1303 5711 Sic
1320 5657 1451 5727 imp.
1475 5659 1622 5714 nullo
1645 5651 1831 5714 sensu.
1855 5659 2013 5716 Forte

446 5721 729 5795 legendum
788 5722 1215 5791 καταλούεσθαι,
1257 5728 1343 5784 vel
1397 5721 1856 5797 ’κατανίπτεσθαι,
1929 5731 2012 5786 vel

2119 4624 2263 4699 ὕδωρ
2297 4630 2377 4692 είς
2405 4628 2496 4682 τὸν
2519 4632 2777 4705 νιπτῆρα,
2809 4635 2902 4688 καὶ
2931 4634 3131 4706 ἤρξατο
3158 4635 3368 4694 νίπτειν
3388 4639 3513 4703 τοὺς
3531 4639 3701 4701 πόδας

2116 4717 2224 4771 τῶν
2257 4717 2512 4790 μαθητῶν
2534 4722 2563 4773 ό
2618 4720 2854 4792 Ἰησοῦς;
2883 4724 2978 4788 Είς
3002 4724 3159 4779 τοῦτο
3188 4725 3246 4780 δὲ
3279 4728 3373 4781 καὶ
3413 4729 3704 4800 προλαϐόν-

2115 4826 2207 4874 τες
2242 4810 2339 4881 μὲν
2366 4812 2432 4865 ὲκ
2462 4811 2664 4884 μέρους
2686 4815 3007 4887 εἰρήκαμεν,
3031 4817 3126 4871 καὶ
3157 4816 3253 4872 νῦν
3281 4819 3701 4883 ὲκείνοιςταῦτα

2117 4903 2516 4975 προσθήσομεν,
2544 4905 2623 4970 τὸ,
2665 4924 2685 4958 ι
2725 4906 2927 4979 Χρείαν
2967 4909 3183 4981 ἔχομεν,
3227 4930 3247 4963 ι
3279 4912 3501 4966 ἐπὶτῶν
3522 4914 3701 4981 ἀναγ-

2112 4994 2302 5060 καίων,
2334 4989 2408 5049 ὧν
2435 4996 2560 5050 ἄνευ
2587 4996 2778 5069 διαζῇν
2795 5017 2881 5064 τις
2904 5001 2965 5054 οὐ
2989 5000 3231 5066 δύναται,
3261 5003 3532 5058 τέτακταιο
3556 5004 3699 5058 ὥστ’

2115 5084 2181 5138 ἂν
2203 5085 2261 5137 ὲν
2289 5088 2617 5156 σωματικοῖς
2649 5089 2822 5143 είπείν
2842 5090 3029 5161 χρείαν
3054 5089 3196 5162 ἔχειν
3217 5092 3307 5147 τὸν
3327 5092 3610 5166 ἄνθρωπον
3632 5094 3696 5145 οὐ

2111 5177 2394 5241 πλειόνων,
2430 5177 2567 5232 ἀλλὰ
2598 5179 2802 5233 τούτων
2838 5181 3013 5251 μόνων
3038 5183 3165 5252 περὶ
3189 5176 3265 5238 ὧν
3295 5201 3458 5255 φησιν
3482 5186 3509 5238 ὁ
3532 5182 3698 5237 Παῦ-

2109 5264 2219 5329 λος·
2251 5286 2269 5317 ι
2315 5268 2569 5338 Ἔχοντες
2597 5270 2654 5324 δὲ
2685 5271 2978 5344 διατροφὴν
3011 5274 3105 5328 καὶ
3153 5276 3529 5347 σκεπάσματα,
3565 5277 3700 5331 τούς

2109 5373 2221 5421 τοις
2244 5359 2714 5433 ἀρκεσθησόμεθα·
2752 5382 2771 5416 ι
2802 5364 2872 5417 τὰ
2900 5365 2957 5419 δὲ
2988 5366 3067 5430 είς
3101 5366 3330 5422 πλοῦτον
3355 5369 3447 5422 καὶ
3475 5372 3696 5441 τρυφὴν

2104 5477 2151 5517 9‘
2175 5477 2335 5535 Joan.
2361 5497 2482 5547 xm,
2524 5484 2577 5539 8.
2652 5483 2699 5515 ⁸²
2720 5483 2908 5542 Matth.
2938 5503 3029 5554 xv,
3054 5486 3110 5542 2.
3188 5487 3236 5520 “
3264 5487 3420 5545 Joan.
3453 5502 3572 5553 xm,
3606 5491 3697 5547 ιο.

2119 5596 2304 5669 etiam,
2340 5599 2555 5664 melius,
2606 5600 3146 5668 κατακαλύπτεσθαι,
3207 5603 3391 5669 velari,
3437 5602 3581 5669 quod
3635 5614 3695 5659 et

2120 5668 2491 5745 seusuimagis
2512 5671 2757 5741 ('Ongruit
2778 5671 2848 5728 ob
2869 5672 2991 5727 οὑδὲ
3024 5668 3389 5745 praemissum.
3418 5668 3575 5737 Eutr.
