3804 6538
178 393 279 449 765

1178 381 1534 440 COMMENT.
1576 381 1643 436 IN
1684 382 1878 438 JOAN.
1921 382 2158 440 TOMUS
2196 383 2406 441 XXXII.

3323 393 3427 450 766

177 510 592 581 συμϐαλλόμενα
630 511 695 563 ὲκ
729 505 1044 576 περιουσίας
1071 508 1184 568 τοῖς
1210 504 1570 576 ἁϐροδιαίτοις
1598 520 1712 574 περς

1859 504 1956 559 riis
1979 544 1996 569 ,
2042 505 2160 559 sine
2206 506 2404 574 quibus
2436 503 2633 573 aliquis
2676 504 2858 559 vivere
2906 521 3022 561 non
3048 516 3268 576 potest;
3299 523 3354 564 ut
3381 515 3423 565 si

173 606 401 674 γίνεται,
433 604 533 672 οὑχ
564 603 638 665 ὼς
672 600 924 672 χρειώδη,
953 601 1045 652 καὶ
1075 592 1148 652 ὧν
1191 601 1290 652 οὑκ
1325 597 1474 659 ἀνευ,
1509 595 1623 650 ἀλλ’
1677 596 1752 660 ὡς

173 696 408 764 αρισσά
424 693 560 764 (17).
575 691 730 747 Οὕτω
749 692 926 744 τοίνυν
945 692 1038 744 καὶ
1055 690 1267 742 ἐπὶτῶν
1289 688 1570 758 θειοτέρων
1594 688 1750 758 χρεία

173 789 266 858 μὲν
297 789 433 857 ἡμῖν
449 786 556 839 τῶν
584 785 906 853 εἰσαγόντων
928 783 1007 846 είς
1028 782 1191 852 ζωὴν,
1227 781 1320 835 καὶ
1349 779 1640 834 ποιούντων
1669 775 1748 832 εἷ-

170 895 252 932 ναι
287 881 349 932 ὲν
379 877 459 948 τῷ
488 878 714 945 λέγοντιο
770 895 789 928 ι
818 873 959 944 Ἐγώ
989 876 1102 942 εἰμι
1131 875 1162 944 ὴ
1193 873 1325 944 ζωή·
1367 893 1385 924 ι
1413 872 1482 925 τὰ
1519 873 1575 925 δὲ
1608 872 1748 944 ὑπὲρ

167 966 361 1030 ταῦτα,
393 969 521 1039 περὶ
547 960 620 1020 ὧν
635 966 871 1035 λέγεται,
901 983 918 1016 ι
945 964 1372 1034 Κατατρύςρησον
1397 963 1490 1016 τοῦ
1518 963 1743 1033 Κυρίου,

168 1060 257 1112 καί
301 1059 466 1112 δώσει
500 1075 581 1111 σοι
611 1057 679 1111 τά
712 1059 990 1128 αἰτήματα
1021 1056 1118 1125 τῆς
1165 1055 1393 1124 καρδίας
1435 1072 1551 1117 σου,
1574 1073 1592 1106 ι
1647 1055 1743 1107 καὶ

167 1152 263 1204 ὅσα
305 1153 506 1203 νοεῖται
546 1151 688 1203 κατά
728 1150 818 1204 τὸν
870 1149 1194 1220 παράδεισον
1244 1147 1340 1217 τῆς
1388 1147 1618 1218 τρυφῆς,
1647 1148 1742 1200 καὶ

164 1243 251 1294 τὸν
292 1240 545 1305 πλοῦτον,
607 1241 702 1293 καὶ
743 1239 840 1310 τὴν
889 1238 1074 1304 δόξαν,
1119 1238 1186 1291 τὰ
1227 1238 1284 1289 ὲν
1332 1238 1596 1308 ἀριστερᾷ
1641 1237 1742 1308 τῆς

166 1332 374 1402 σοφίας,
422 1331 562 1387 κατά
601 1333 690 1386 τὸν
735 1333 986 1394 εἰπόντα,
1042 1330 1272 1400 ιΜῆκος
1308 1328 1416 1399 γὰρ
1462 1329 1598 1399 βίου,
1647 1329 1741 1381 καὶ

162 1425 253 1494 ἐτη
287 1425 436 1495 ζωῆς
468 1426 526 1477 ὲν
562 1427 626 1494 τῇ
659 1423 808 1495 δεξιᾷ
840 1423 1038 1494 αὑτῆςο
1072 1424 1130 1475 ἐν
1159 1421 1214 1474 δὲ
1245 1425 1310 1493 τῇ
1347 1422 1609 1492 ἀριστερᾷ
1639 1421 1738 1472 αὑ-

161 1515 254 1584 τῆς
269 1513 499 1578 πλοῦτος
521 1515 613 1568 καὶ
637 1514 783 1579 δόξα,
805 1533 823 1566 ι
851 1514 990 1584 ὑπὲρ
1018 1513 1116 1584 τὴν
1143 1515 1330 1584 χρείαν
1361 1508 1497 1566 εἶναι
1519 1511 1733 1584 λεχθείη

160 1606 238 1658 ἀν.
269 1605 382 1657 Καὶ
410 1606 620 1676 μήποτε
650 1604 886 1658 τοιοῦτόν
917 1606 1032 1657 ἐστι
1065 1604 1124 1656 τὸ
1171 1602 1306 1674 μετά
1353 1603 1414 1656 τὸ
1441 1602 1732 1656 λούσασθαι

157 1696 414 1766 νίψασθαι
445 1698 572 1760 τοὺς
601 1697 766 1761 πόδας
801 1697 904 1750 ὑπὸ
931 1696 1022 1749 τοῦ
1059 1695 1372 1766 τηλικούτου
1406 1695 1724 1749 διδασκάλου

157 1790 246 1842 καὶ
276 1790 561 1860 Σωτῆροςο
596 1789 657 1842 τὸ
697 1788 806 1859 γὰρ
837 1788 1084 1859 χάρισμα
1121 1787 1215 1840 τοῦ
1257 1785 1390 1839 Θεοῦ
1433 1785 1729 1857 ὑπερπαίει

154 1881 248 1950 τὴν
277 1853 490 1951 χρείαν,
518 1853 926 1949 ὥσπερ-καὶῃτδ
960 1853 1099 1931 εἶναι
1133 1879 1190 1930 ὲν
1221 1877 1346 1950 δόξῃ
1376 1853 1606 1948 ἡλίουλῆ
1641 1895 1712 1930 σε·

1835 1871 1887 1924 in
1921 1872 2143 1926 sinistra
2171 1873 2472 1940 sapientiae,
2502 1873 2662 1939 juxta
2701 1873 2977 1926 dicentem
3004 1875 3050 1906 "
3089 1891 3103 1929 :

153 1969 338 2040 λήνης,
379 1970 412 2040 ἦ
445 1970 687 2040 ἀστέρων
712 1970 768 2021 ὲν
791 1971 855 2038 τῇ
892 1969 1008 2038 ἱερᾷ
1036 1967 1144 2020 τῶν
1177 1968 1384 2037 νεκρῶν
1413 1967 1722 2021 ἀναστάσει.

153 2062 261 2113 Οὐκ
287 2060 402 2131 ἔχει
439 2061 536 2130 μὲν
568 2060 754 2131 χρείαν
783 2062 811 2112 6
841 2059 1100 2130 καθαρὸς,
1137 2060 1232 2112 καὶ
1265 2057 1615 2128 λουσάμενος,
1649 2059 1728 2110 νί-

148 2148 350 2215 ψασθαι
369 2165 382 2177 °
413 2147 658 2201 νίπτεται
687 2147 742 2200 δὲ
775 2147 914 2199 κατά
942 2146 1003 2199 τὸ
1031 2146 1529 2217 προαποδεδομένον
1552 2164 1565 2175 ο
1605 2147 1727 2199 ἐπεὶ

154 2259 171 2291 ι
196 2238 273 2309 τῷ
297 2238 473 2309 ἔχοντι
502 2240 660 2292 παντὶ
687 2238 1137 2310 προστεθήσεται·
1167 2258 1184 2290 ι
1214 2239 1306 2290 καὶ
1329 2239 1404 2301 ὠς
1426 2240 1454 2291 6
1478 2238 1726 2308 Ἰωάννης

150 2328 303 2400 φησι·
349 2349 367 2380 ι
391 2332 502 2383 Καὶ
525 2333 552 2382 6
583 2329 819 2400 καθαρὸς
856 2327 1239 2400 καθαρισθήτω
1272 2329 1370 2392 ἔτι,
1396 2331 1489 2384 καὶ
1519 2332 1546 2382 6
1571 2330 1724 2398 ἅγιος

148 2419 482 2490 ἁγιασθήτω.
510 2441 528 2472 ι
563 2420 635 2473 Τὸ
663 2421 740 2485 δὲ,
783 2439 800 2471 ι
840 2422 1027 2492 Ὑμεῖς
1051 2420 1280 2491 καθαροί
1302 2423 1480 2481 ἐστε.»
1517 2421 1721 2489 ἀναφέ-

151 2529 293 2577 ρεται
347 2512 441 2565 ἐπὶ
495 2513 621 2575 τοὺς
669 2513 878 2577 ἕνδεκα,
927 2506 972 2580 ᾧ
1021 2512 1338 2582 ἐπιφέρεται
1389 2513 1482 2576 τὸ,
1549 2513 1721 2582 «Οὐχὶ

148 2600 360 2662 πάντες,
389 2619 408 2651 ι
454 2599 542 2652 διὰ
576 2600 664 2652 τὸν
713 2597 1094 2669 Ἰσκαριώτην·
1132 2599 1247 2667 ᾔδει
1276 2599 1385 2669 γὰρ
1414 2602 1504 2653 τὸν
1535 2617 1717 2672 παρα-

143 2691 344 2745 διδόντα
403 2691 564 2744 αὑτὸν
606 2692 704 2762 ήδη
742 2693 869 2745 ὄντα
918 2694 979 2746 οὑ
1034 2693 1301 2764 καθαρόν
1351 2693 1565 2764 πρῶτον
1621 2695 1719 2764 μὲν

144 2778 220 2835 ότι
279 2786 407 2855 περὶ
453 2785 562 2838 τῶν
610 2785 840 2855 πτωχῶν
885 2786 985 2838 οὑκ
1035 2786 1225 2856 ἔμελεν
1259 2785 1432 2856 αὑτῷ,
1468 2786 1582 2839 ἀλλ’
1634 2787 1716 2839 ὅτι

142 2872 372 2946 κλέπτης
399 2871 488 2946 ἦν,
524 2877 617 2928 καλ⁵
645 2877 704 2930 τὺ
727 2877 1110 2949 γλωσσόκομον
1141 2877 1278 2947 ἔχων
1312 2876 1378 2929 τὰ
1413 2876 1716 2947 βαλλόμενα

141 2966 426 3032 ὲόἁσταςεν
446 2985 458 2997 ·
495 2967 719 3039 ὕστερον
750 2969 806 3022 δὲ
847 2971 989 3035 ἐπεὶ,
1021 2969 1236 3022 δείπνου
1283 2969 1589 3038 γινομένου,
1620 2971 1712 3022 τοῦ

140 3057 376 3112 διαϐόλου
411 3059 510 3131 ἤδη
547 3060 869 3130 βεϐληκότος
917 3063 997 3126 εἰς
1042 3062 1141 3132 τὴν
1175 3061 1422 3131 καρδίαν,
1472 3061 1558 3114 ἵνα
1603 3078 1710 3114 πα-

145 3147 278 3217 ραδῷ
308 3149 469 3201 αὐτὸν
513 3148 710 3212 Ἰούδας
735 3150 977 3221 Σίμωνος
1023 3148 1396 3220 Ἰσκαριώτης,
1422 3150 1523 3202 οὑκ
1559 3149 1711 3203 ἀπώ-

1855 595 2101 652 dicamns
2129 596 2182 649 in
2223 597 2384 650 rebus
2406 594 2784 664 corporalibus
2810 595 3080 650 hominem
3109 617 3214 653 nun
3253 601 3423 670 pluri—

1852 688 1954 742 bus
1991 702 2126 758 Opus
2160 689 2361 742 habere
2381 727 2396 752 ,
2429 687 2522 741 sed
2555 688 2638 741 his
2668 688 2842 740 solum
2874 703 2993 756 qua:
3025 689 3157 744 dicit
3195 692 3426 761 Aposto-

1850 778 1935 834 lus
1963 778 2008 810 "
2038 795 2052 832 :
2092 777 2394 834 «Habentes
2430 789 2609 834 autem
2645 781 2849 845 cibum,
2897 791 2952 835 et
2996 782 3420 850 operimentum,

1850 871 1936 924 his
1962 870 2200 924 contenti
2226 885 2435 936 sumus;
2459 889 2477 922 ι
2507 885 2626 938 quae
2663 886 2790 924 vero
2823 871 2890 924 ad
2927 871 3146 926 divitias
3192 882 3246 926 et
3289 872 3424 926 deli-

1847 962 1958 1018 cias
1995 963 2282 1018 conferunt
2311 1002 2328 1027 ,
2353 977 2420 1016 ex
2453 963 2750 1016 abundanti
2792 963 3050 1018 mollibus
3079 974 3134 1018 et
3171 964 3423 1019 delicatis

1845 1069 2152 1123 superesse,
2188 1071 2291 1108 non
2332 1064 2592 1124 tanquam
2626 1057 2959 1123 necessaria,
2988 1067 3043 1110 et
3075 1056 3194 1110 sine
3224 1057 3420 1125 quibus

1845 1162 1949 1200 non
2003 1147 2215 1216 possint
2271 1148 2479 1214 vivere,
2526 1149 2621 1201 sed
2670 1156 2927 1216 tanquam
2976 1147 3268 1218 superﬂua.
3327 1148 3420 1203 Sic

1841 1237 2005 1306 igitur
2046 1248 2100 1293 et
2135 1239 2185 1292 in
2239 1237 2603 1293 divinioribus
2630 1253 2764 1306 opus
2791 1239 3006 1307 quidem
3043 1238 3198 1293 nobis
3225 1249 3308 1293 est
3336 1239 3420 1293 his

1839 1343 1958 1396 qua:
1984 1328 2334 1383 introducunt
2363 1328 2429 1382 ad
2464 1328 2664 1391 vitam,
2695 1328 2887 1398 hisque
2909 1344 3028 1398 qua}
3053 1328 3257 1384 faciunt
3281 1331 3334 1384 iu
3352 1343 3421 1384 eo

1840 1434 1938 1474 nos
1958 1435 2077 1475 esse
2100 1421 2189 1490 qui
2219 1420 2380 1475 dicit:
2411 1417 2557 1489 «Ego
2585 1435 2702 1474 sum
2731 1421 2837 1473 vita
2855 1420 2901 1451 ³⁵
2923 1438 2972 1486 ;›
2995 1436 3114 1490 qua:
3141 1439 3270 1478 vero
3289 1429 3417 1478 sunt

1837 1522 1999 1577 supra
2025 1510 2138 1564 haec
2159 1512 2224 1564 de
2237 1511 2433 1580 quibus
2455 1509 2742 1574 dicitur",
2771 1528 2788 1559 ι
2805 1511 3067 1566 Delieiare
3092 1512 3143 1565 in
3165 1512 3412 1578 Domino,

1833 1597 1998 1670 419
2028 1611 2082 1654 et
2113 1601 2264 1656 dabit
2293 1603 2386 1655 tibi
2421 1601 2710 1670 petitiones
2752 1602 2931 1656 cordis
2969 1603 3065 1664 tui,
3117 1621 3135 1653 ι
3180 1612 3234 1656 et
3265 1618 3414 1672 quae-

1833 1707 2050 1760 cunque
2063 1694 2476 1746 considerantur
2495 1700 2715 1762 propter
2733 1694 3046 1760 paradisum
3067 1693 3409 1756 deliciarum.

1832 1790 2130 1850 etproptcr
2181 1783 2417 1844 divitias,
2468 1792 2525 1837 et
2573 1792 2797 1850 propter
2843 1782 3092 1851 gloriam,
3130 1801 3252 1854 qua:
3283 1797 3413 1843 sunt

3155 1894 3174 1926 ι
3209 1876 3412 1947 Longi-

1834 1963 1960 2016 tudo
1994 1965 2137 2017 euiin
2167 1965 2309 2028 vitse,
2343 1976 2392 2018 et
2423 1969 2554 2020 anui
2589 1966 2712 2019 vitm
2747 1965 2799 2018 in
2832 1966 3057 2020 dextera
3085 1967 3244 2035 ejus;
3277 1979 3329 2023 et
3355 1971 3408 2024 iu

1829 2050 2046 2104 sinistra
2083 2052 2200 2122 ejus
2231 2055 2434 2109 divitia:
2469 2065 2518 2109 et
2549 2056 2742 2126 gloria,
2776 2077 2794 2108 ι
2827 2072 2991 2126 supra
3023 2060 3405 2113 necessitatem

1827 2155 1947 2193 esse
1974 2142 2242 2198 dicisntur.
2295 2149 2373 2200 Ac
2417 2149 2649 2204 fortasse
2687 2151 2794 2204 tale
2841 2164 2947 2218 est,
2999 2167 3124 2205 cum
3173 2152 3411 2222 alicujus

1827 2231 1916 2298 qui
1969 2232 2110 2286 lotus
2158 2237 2338 2299 fuerit,
2372 2237 2626 2293 lavantur
2661 2241 2827 2306 pedes
2861 2260 2890 2296 a
2929 2243 3021 2296 tali
3057 2242 3315 2313 Magistro
3346 2261 3411 2300 ac

1827 2319 2157 2388 Servatore;
2195 2341 2321 2378 nam
2361 2327 2564 2382 donum
2600 2330 2690 2384 Dei
2725 2332 2949 2387 excellit
3002 2334 3408 2397 necessitatem,

1824 2416 2277 2482 quemadmodum
2305 2419 2472 2472 etiam
2496 2436 2615 2476 csse
2647 2423 2698 2476 in
2735 2424 2909 2493 gloria
2943 2427 3099 2493 solis,
3127 2430 3208 2482 vel
3242 2427 3406 2494 lunae,

1823 2505 1907 2558 vel
1967 2519 2244 2563 astruium
2295 2511 2377 2575 ’⁸,
2431 2513 2482 2565 in
2551 2529 2708 2568 sacra
2772 2529 3110 2574 mortuorum
3166 2536 3398 2578 resurre-

1821 2596 2001 2652 etioue
2025 2614 2039 2661 ;
2066 2609 2231 2668 atque
2262 2603 2352 2670 qui
2395 2609 2626 2663 mundus
2647 2618 2730 2663 est
2759 2610 2975 2679 quidem
3001 2622 3055 2666 et
3086 2612 3246 2678 lotus,
3272 2628 3407 2683 opus

1822 2703 1926 2741 non
1990 2690 2152 2744 habet
2207 2705 2264 2746 ut
2316 2694 2547 2761 lavetur,
2601 2701 2694 2754 sed
2740 2701 2952 2755 lavatur
3000 2715 3224 2773 propter
3275 2705 3404 2758 illud

1819 2783 1960 2846 quod
1995 2785 2243 2852 superius
2269 2788 2690 2856 assignavimus,
2717 2795 2978 2850 nimirum
3015 2800 3159 2866 quod
3196 2815 3216 2848 ι
3247 2800 3400 2853 omni

1820 2869 2038 2925 habenti
2085 2875 2323 2942 dabitur,
2366 2888 2422 2932 et
2475 2881 2762 2950 adjicietur
2806 2886 2852 2916 ⁹⁹
2893 2904 2908 2952 ;
2963 2905 2980 2936 ι
3022 2897 3077 2941 et
3113 2899 3172 2943 ut
3224 2889 3405 2958 inquit

1816 2962 2054 3022 Joannes
2093 2986 2108 3022 :
2145 2990 2163 3017 ι
2203 2970 2267 3023 Et
2300 2974 2534 3028 mundus
2589 2976 2879 3030 mundetur
2928 2979 3130 3043 adhuc,
3181 2989 3237 3034 et
3277 2996 3402 3035 sau-

1815 3066 1935 3113 ctus
1967 3062 2338 3118 sanctiticetur
2375 3066 2552 3120 adhuc
2578 3069 2618 3125 ¹.
2645 3086 2662 3116 ι
2691 3068 2960 3125 Czeterum
3013 3070 3142 3126 illud
3175 3113 3188 3136 ,
3241 3092 3260 3124 ι
3291 3075 3402 3129 \‘os

1816 3153 2001 3206 mundi
2035 3153 2236 3219 estis’,
2281 3174 2301 3207 ι
2349 3158 2586 3213 refertur
2629 3162 2695 3214 ad
2731 3161 3002 3227 undecim,
3040 3164 3126 3216 cui
3170 3166 3398 3234 subjun-

143 3257 267 3292 σατο
296 3241 355 3293 τὸ
379 3241 618 3313 βεϐλημέ
630 3260 729 3296 νον.
760 3243 961 3315 Διόπερ
987 3246 1034 3297 οἱ
1066 3244 1164 3314 μὲν
1190 3243 1511 3314 λουσάμενοι
1537 3243 1709 3298 καθα-

1827 3243 1958 3308 gitur
1987 3244 2118 3300 illud
2157 3288 2172 3309 ,
2224 3264 2242 3298 ι
2287 3247 2404 3302 Non
2434 3265 2646 3318 oumes,
2701 3270 2721 3304 ι
2761 3263 2982 3323 propter
3028 3253 3392 3312 lscariotem:

141 3332 223 3403 ροὶ
247 3333 458 3397 ἕνδεκα,
489 3333 568 3387 ἔτι
599 3333 843 3402 ἐγένοντο
866 3334 1262 3408 καθαρώτεροι,
1279 3335 1560 3406 νιψάμενοι
1585 3338 1711 3401 τοὺς

137 3424 297 3488 πόδας
339 3425 443 3478 ὑπὸ
486 3425 578 3479 τοῦ
624 3427 796 3497 Ἰησοῦ
821 3445 834 3458 ·
866 3430 894 3481 6
929 3429 985 3482 δὲ
1032 3429 1132 3500 ἤδη
1177 3429 1250 3500 μὴ
1300 3428 1534 3500 καθαρὸς
1583 3430 1713 3484 Ἰού-

136 3512 228 3576 δας
257 3518 300 3583 (ι
335 3516 392 3568 Ὀ
429 3517 671 3586 ῥυπαρὸς
695 3537 713 3568 ι
746 3517 878 3589 γὰρ,
934 3521 1086 3589 φησὶ,
1129 3537 1146 3568 ι
1178 3519 1503 3591 ῥυπανθήτω
1545 3519 1625 3574 ἔτι
1660 3522 1706 3591 ι)

137 3607 316 3675 γέγονε
345 3608 729 3680 ῥυπαρώτερος
752 3611 844 3664 καὶ
867 3611 1193 3684 ἀκάθαρτος,
1225 3613 1312 3665 ὅτε
1340 3613 1478 3684 μετά
1504 3613 1566 3667 τὸ
1590 3613 1706 3684 ψω-

141 3698 252 3767 μίον
281 3697 528 3770 εἰσῆλθεν
557 3702 585 3752 ό
621 3701 881 3764 Σατανᾶς.

1820 3346 2049 3391 noverat
2100 3339 2242 3393 enim
2293 3355 2436 3406 eum,
2481 3357 2509 3396 a
2558 3359 2663 3411 quo
2723 3347 3064 3410 tradebatur,
3113 3365 3219 3402 non
3277 3364 3397 3404 esse

1823 3430 2080 3482 mundum
2109 3447 2123 3495 ;
2151 3431 2383 3498 primum
2423 3434 2661 3503 quidem,
2698 3437 2842 3505 quod
2873 3454 3140 3507 pauperes
3181 3441 3255 3494 illi
3290 3457 3396 3496 non

1817 3530 1999 3573 essent
2037 3535 2182 3574 curte
2210 3521 2249 3586 ⁸,
2277 3521 2362 3576 l'ur
2394 3540 2517 3578 cum
2566 3539 2736 3592 esset,
2781 3539 2836 3582 et
2880 3533 3024 3598 quod
3060 3533 3395 3602 marsupium

1817 3611 2045 3678 habens,
2073 3629 2192 3682 qua‘
2219 3615 2654 3671 immittebantur
2688 3622 2928 3675 auferret
2961 3640 2976 3687 ;
3011 3625 3204 3679 deinde
3252 3628 3395 3695 quod

1814 3717 1971 3757 cinna
2012 3705 2151 3758 faeta
2193 3722 2326 3774 cum
2363 3707 2474 3776 jam
2522 3709 2773 3767 diabolus
2825 3713 3146 3771 immisisset
3200 3717 3251 3770 in
3300 3733 3397 3773 cor

141 3791 294 3860 ipsius
316 3790 469 3844 Julze
496 3792 729 3847 Simonis
749 3793 1018 3850 lscariotze
1044 3803 1100 3849 ut
1135 3795 1386 3865 proderet
1407 3795 1612 3859 Jesum,
1635 3811 1739 3848 non
1769 3795 1964 3862 repulit
1987 3794 2268 3850 ferientem
2292 3798 2332 3850 ⁸.
2355 3799 2618 3864 Quocirca
2647 3802 2740 3856 loti
2773 3805 3020 3858 undecim
3057 3809 3222 3860 etiam
3247 3823 3402 3861 mun-

139 3883 303 3939 diores
329 3885 453 3938 [ειςιί
483 3885 652 3950 fuere,
679 3903 799 3940 eum
824 3887 1039 3942 illorum
1064 3891 1226 3955 pedes
1254 3889 1470 3943 lavisset
1499 3887 1656 3942 Jesus
1684 3903 1698 3951 ;
1731 3897 1785 3941 et
1812 3885 1978 3941 Judas
2008 3904 2114 3942 non
2150 3890 2380 3945 mundus
2403 3892 2448 3962 (ι
2478 3892 2739 3950 Sordidus
2773 3893 2976 3962 »enim,
3001 3897 3194 3966 inquit,
3233 3915 3253 3948 ι
3273 3914 3394 3951 sur-

137 3978 548 4053 descatadliuc'
579 3999 596 4031 ι
625 3982 666 4050 ),
717 3981 890 4037 factus
926 3991 1007 4037 est
1043 3985 1312 4037 sordidior
1348 3991 1403 4036 et
1435 3981 1784 4048 iuuuundior,
1834 3983 2050 4052 quando
2086 3993 2204 4052 post
2241 3985 2536 4039 buccellain
2572 3986 2792 4040 intravit
2823 3988 2874 4041 iu
2913 3989 3059 4042 illum
3094 3990 3328 4044 Satanas
3345 3991 3388 4042 ⁸.

196 4075 246 4127 7.
288 4095 305 4125 ι
331 4076 459 4128 Ὅτε
493 4071 583 4128 οὖν
610 4076 755 4146 ἔνιψε
771 4079 895 4141 τοὺς
925 4079 1091 4142 πόδας
1117 4078 1315 4140 αὑτῶν,
1343 4079 1436 4131 καὶ
1449 4076 1604 4130 ἔλαϐε
1633 4075 1701 4130 τὰ

139 4166 312 4234 ίμάτια
362 4166 553 4229 αὑτοῦ,
600 4169 692 4220 καὶ
741 4168 1009 4232 ἀνέπεσε,
1064 4169 1225 4223 πάλιν
1279 4165 1428 4222 εἶπεν
1484 4170 1692 4233 αὑτοῖς·

140 4255 420 4311 Γινώσκετε
465 4259 517 4312 τί
567 4259 840 4330 πεποίηκα
884 4262 1048 4332 ὑμίν;
1109 4262 1344 4314 Φωνεῖτὲ
1403 4279 1492 4332 με,
1539 4263 1568 4314 6
1603 4264 1694 4315 Δι-

136 4347 402 4413 δάσκαλος,
435 4352 528 4404 καὶ
555 4350 583 4401 6
611 4350 830 4422 Κύριος,
849 4354 943 4406 καὶ
965 4353 1144 4416 καλῶς
1171 4353 1356 4421 λέγετε
1382 4371 1394 4383 ·
1420 4354 1534 4424 είμὶ
1561 4355 1688 4423 γάρ·

137 4442 173 4493 εί
201 4439 287 4496 οὖν
319 4442 431 4511 ἐγὼ
466 4443 620 4513 ἔνιψα
656 4445 809 4515 ὑμῶν
854 4446 978 4509 τοὺς
1027 4447 1208 4509 πόδας,
1251 4447 1279 4498 6
1319 4445 1520 4516 Κύριος
1547 4445 1642 4497 καὶ
1667 4447 1695 4498 6

137 4531 577 4599 Διδάσκαλος,καὶ
603 4537 758 4606 ὑμεῖς
783 4537 1027 4607 ὀφείλετε
1059 4537 1302 4609 ἀλλήλων
1330 4537 1537 4590 νίπτειν
1568 4539 1695 4600 τοὺς

137 4625 309 4688 πόδαςο
359 4627 664 4699 ὑπόδειγμα
706 4631 812 4702 γὰρ
843 4630 1016 4683 ἔδωκα
1052 4630 1201 4698 ὑμῖν·
1245 4629 1331 4682 ἵνα
1373 4628 1555 4692 καθὼς
1584 4627 1694 4696 ἐγὼ

137 4715 342 4787 ἐποίησα
369 4718 519 4788 ὑμῖν,
550 4721 643 4772 καὶ
677 4721 830 4790 ὑμεῖς
854 4721 1060 4790 ποιῆτε.
1087 4719 1287 4782 »Εἰκὸς
1316 4721 1440 4782 τοὺς
1469 4721 1694 4790 νοήσαν-

135 4820 213 4868 τας
235 4807 293 4858 τὸ
323 4807 555 4876 μέγεθος
596 4811 694 4879 τῆς
739 4808 912 4878 Ἰησοῦ
953 4807 1253 4876 δυνάμεως,
1297 4807 1390 4860 καὶ
1434 4808 1694 4870 συνέντας

135 4891 173 4940 τί
201 4895 482 4963 πεποίηκε,
515 4895 675 4963 vtem;
703 4897 826 4959 τοὺς
856 4896 1021 4958 πόδας
1050 4895 1157 4947 τῶν
1184 4894 1460 4965 μαθητῶν,
1491 4896 1575 4949 ἵνα
1600 4898 1694 4950 καὶ

134 4984 186 5036 τὰ
210 4986 509 5043 τελευταῖα,
550 4989 640 5040 καὶ
684 4988 752 5041 τὰ
801 4988 1030 5057 τυχόντα
1077 4987 1258 5040 αὑτῶν
1311 4986 1525 5060 καθάρῃ
1556 4987 1693 5040 ἀπο-

135 5074 331 5140 πλύνας,
369 5079 464 5130 καὶ
494 5078 560 5131 τὰ
589 5082 653 5150 τῇ
700 5082 768 5150 γῇ
815 5079 1102 5150 ὁμιλοῦντα
1139 5080 1388 5151 σώματα,
1423 5075 1503 5134 ὧν
1528 5075 1594 5149 ἦν
1624 5080 1692 5132 τά

135 5166 336 5239 σώματα
365 5173 548 5224 ἐκεῖνα
579 5171 864 5242 σύμϐολον,
903 5171 1286 5243 θαυμάσαντας
1316 5171 1377 5224 τὸ
1419 5175 1475 5224 ὲν
1517 5173 1582 5241 τῇ
1612 5170 1690 5222 νί-

131 5256 204 5325 ψει
231 5260 406 5330 ἔργον,
436 5263 536 5315 οὑκ
581 5262 647 5316 ἂν
681 5263 944 5335 τολμῆσαι
971 5267 1064 5318 καὶ
1088 5265 1282 5329 αὑτοὺς
1313 5265 1374 5317 τὸ
1406 5263 1690 5334 τηλικοῦτο

133 5351 331 5419 πρᾶξαι,
383 5356 739 5427 μικροτέρους
786 5353 923 5411 εἶναι
960 5357 1279 5428 νομίζοντας
1327 5359 1553 5420 ἑαυτοὺς
1593 5355 1688 5408 τοῦ

1878 4078 1931 4129 7.
1979 4095 1996 4127 ι
2030 4077 2320 4146 Postquam
2363 4093 2492 4147 ergo
2523 4079 2648 4132 lavit
2691 4081 2857 4148 pedes
2887 4083 3384 4150 eoruiu,receptis-

1804 4182 1909 4238 que
1941 4168 2180 4221 vestibus
2211 4169 2325 4223 suis
2357 4170 2551 4222 iterum
2582 4170 2861 4236 accubuit,
2893 4171 3032 4226 dixit
3061 4171 3140 4226 eis
3169 4191 3182 4226 :
3218 4171 3386 4228 Scitis

1801 4261 1929 4330 quid
1971 4258 2196 4314 fecerim
2239 4261 2442 4315 vobis?
2470 4259 2576 4316 Vos
2615 4263 2825 4316 vocatis
2866 4279 2954 4317 me
2979 4264 3293 4332 Magistrum
3320 4279 3385 4318 ac

1804 4351 2107 4412 Dominum,
2150 4360 2203 4405 et
2238 4351 2374 4406 bene
2428 4351 2608 4406 dicitis
2655 4367 2670 4414 ;
2723 4367 2846 4406 sum
2900 4355 3104 4408 etenim
3135 4371 3148 4408 :
3175 4353 3219 4407 si
3251 4367 3383 4422 ergo

1799 4441 1902 4495 lavi
1937 4441 2098 4510 pedes
2133 4450 2343 4496 vestros
2391 4440 2656 4496 Dominus
2699 4451 2754 4495 et
2804 4441 3081 4512 Magister,
3114 4458 3214 4497 vos
3242 4460 3380 4512 quo-

1796 4548 1902 4602 que
1953 4531 2162 4587 debetis
2218 4533 2449 4587 invicem
2497 4532 2588 4585 alii
2641 4533 2875 4586 aliorum
2934 4534 3119 4588 lavare
3166 4537 3377 4602 pedes:

1796 4622 2096 4692 exemplum
2151 4622 2293 4677 enim
2327 4623 2534 4693 praebui
2580 4624 2757 4687 vobis,
2813 4633 2870 4676 ut
2918 4623 3376 4693 quemadmodum

1795 4728 1896 4783 ego
1923 4715 2023 4768 l'eei
2062 4714 2240 4779 vobis,
2294 4730 2392 4769 vos
2449 4730 2663 4785 quoque
2701 4715 2919 4770 faciatis
2951 4716 2994 4769 ⁷.
3026 4735 3045 4767 ι
3091 4714 3378 4768 Probabile

1797 4815 1877 4858 est
1914 4821 2008 4859 eos
2035 4807 2126 4874 qui
2159 4806 2601 4861 considerassent
2649 4806 3078 4874 magnitudinem
3120 4805 3378 4873 potentia:

1796 4896 1944 4962 Jesu,
1986 4899 2192 4966 quique
2225 4899 2624 4954 intellexissent
2673 4899 2800 4966 quid
2852 4896 3054 4951 factum
3103 4895 3296 4950 luisset
3343 4913 3374 4948 a

1793 4993 1942 5055 Jesu,
1975 4993 2066 5062 qui
2098 4994 2300 5047 lavavit
2327 4996 2492 5063 pedes
2521 4993 2937 5059 discipulorum,
2974 5000 3032 5044 ut
3061 4988 3280 5042 ultimas
3303 5003 3372 5044 ac

1796 5086 1936 5139 viles
1966 5087 2206 5153 ipsorum
2244 5095 2450 5154 partes,
2499 5102 2560 5138 ac
2596 5097 2823 5152 corpora
2877 5081 3026 5134 humi
3075 5081 3371 5145 versantia,

1793 5191 2028 5245 quorum
2059 5187 2182 5230 uota
2213 5187 2369 5230 erant
2407 5176 2495 5228 illa
2525 5189 2781 5242 corpora,
2840 5174 3151 5240 mundaret,
3199 5173 3370 5227 admi-

1797 5280 1948 5323 ratos
1980 5285 2176 5340 opuse
2229 5269 2500 5323 lavatione
2551 5267 2896 5337 provcnicns,
2950 5267 3370 5337 haudquaquam

1795 5371 2028 5412 ausuros
2055 5357 2226 5413 fuisse
2265 5373 2376 5412 rem
2417 5356 2588 5411 .talem
2638 5357 2801 5411 etiam
2856 5357 3005 5426 ipsos
3038 5360 3241 5425 facere,
3289 5367 3370 5412 te-

188 5445 228 5474 "
257 5443 270 5495 I
297 5446 435 5502 Titii.
466 5465 536 5508 vr,
563 5452 615 5506 8.
691 5451 736 5484 "
770 5451 916 5505 Joan.
949 5453 1131 5519 xt,2:‘$.
1207 5455 1253 5486 ’°
1283 5453 1424 5507 Psal.
1459 5469 1636 5508 xxxv".
1672 5452 1712 5505 4.

1827 5452 1842 5482 ⁷
1868 5451 2023 5506 Prov.
2056 5469 2141 5514 nr,
2165 5452 2246 5506 16.
2327 5454 2372 5484 ’⁸
2399 5453 2560 5506 lCor.
2587 5467 2673 5515 κν,
2699 5452 2788 5508 ﬂ.
2852 5454 2896 5485 ”
2923 5453 3107 5508 Matth.
3131 5469 3254 5516 xxv,
3273 5453 3366 5508 29.

136 5513 150 5540 ¹
172 5517 318 5580 Apur.
351 5533 482 5579 nit.
532 5520 618 5574 11.

133 5580 152 5609 ⁷
176 5583 288 5637 ibid.
319 5587 378 5640 12
401 5604 518 5657 seq.

171 5680 289 5756 ,(17)
316 5685 423 5757 καὶ
449 5677 535 5739 ὧν
555 5687 667 5739 οὐκ
699 5686 865 5748 ἄνευ,
901 5688 1038 5742 ἀλλ’
1060 5689 1140 5754 ὡς
1172 5687 1453 5757 περισσά.
1479 5688 1670 5742 Perio-

137 5754 236 5826 uius
265 5768 325 5826 ex
359 5754 527 5825 llegio
561 5757 766 5826 codice,
824 5776 841 5808 ι
883 5770 937 5810 et
968 5759 1166 5826 quibus
1221 5754 1325 5814 non
1385 5763 1502 5813 sine
1554 5759 1672 5814 aliis

137 5818 400 5880 abundent.
435 5818 466 5878 ἶ
488 5828 558 5882 At
606 5824 891 5882 Ferrarius
921 5867 934 5891 ,
987 5818 1004 5881 ἱ
1051 5840 1104 5884 ct
1153 5830 1271 5885 sine
1335 5831 1528 5900 quibus
1568 5845 1672 5884 nou

697 5519 886 5575 'Joau.
922 5518 1043 5587 Mli,
1099 5526 1178 5577 I0.
1255 5524 1275 5554 ³
1300 5523 1455 5577 Joan.
1493 5538 1590 5588 λιι,
1627 5523 1680 5576 6.

1833 5539 1954 5575 oau.
2008 5523 2212 5586 xui,2.
2289 5524 2501 5592 l'Apoc.
2558 5537 2692 5587 xxii,
2729 5523 2813 5577 11.

2891 5524 2912 5554 ⁸
2931 5522 3092 5577 Joan.
3119 5539 3239 5589 xm,
3271 5525 3364 5578 27.

1781 5686 1994 5756 possint
2028 5685 2370 5756 vive_re.__sed
2411 5693 2665 5756 tanquam
2715 5685 3024 5756 superflua;
3060 5703 3078 5733 ι
3148 5685 3364 5756 videtur

1785 5747 1978 5824 legisse
2011 5755 2104 5825 καὶ
2132 5747 2206 5806 ὧν
2236 5753 2363 5806 ἄνευ
2389 5753 2488 5807 οὑκ
2518 5747 2582 5808 ἂν
2601 5747 2848 5810 δύναιντο
2887 5754 3096 5825 διαζῇν,
3138 5753 3252 5807 ἀλλ’
3285 5753 3361 5814 ὡς

1785 5825 2037 5899 περισσά.
2071 5824 2331 5881 llusrics.
