4082 6530
719 393 821 448 737

2169 393 2493 452 ORIGENIS

3859 393 3953 449 768

718 508 938 564 nuiores
967 523 1026 564 se
1051 522 1174 566 esse
1201 494 1619 577 existiantes,
1641 523 1804 580 quam
1837 509 1927 580 qui
1964 521 2182 582 possent
2211 513 2288 568 la-

2397 515 2597 567 νίπτειν
2618 512 2744 576 τοὺς
2767 512 2928 576 πόδας
2952 511 3044 565 τοῦ
3069 511 3174 565 ἔσω
3200 512 3293 565 καὶ
3316 512 3373 564 ὲν
3401 510 3631 583 κρυπτῷ
3656 508 3949 582 ἀνθρώπου,

718 613 848 653 vare
873 601 1038 670 pedes
1067 599 1356 656 interiores
1387 609 1444 657 et
1470 600 1670 658 occulti
1698 600 1962 666 hominis,
1992 601 2076 654 vel
2095 615 2283 656 eorum

717 691 812 759 qui
864 691 985 745 haec
1026 691 1427 762 amplectuntur
1483 691 1576 748 Dei
1628 694 1915 763 dogmata,
1966 691 2131 764 420
2180 693 2286 748 nisi

727 779 888 837 Jesus
918 797 1016 850 per
1051 798 1113 838 ea
1141 799 1261 853 quae
1289 785 1534 854 exposita
1563 795 1709 852 sunt,
1747 783 1815 838 ad
1847 784 1949 840 hoc
1971 785 2287 840 adhortatus

719 874 912 929 fuisset
963 890 1076 942 cos,
1135 877 1305 947 figura
1356 881 1626 935 ctenantis
1671 887 2025 948 reassumpta,
2073 879 2288 948 quando

721 967 983 1022 docturus
1009 977 1127 1022 erat
1155 984 1217 1024 ea
1255 985 1375 1039 quae
1404 970 1661 1024 dicuntur
1691 970 1758 1024 ad
1789 985 1884 1026 eos
1913 969 2003 1040 qui
2028 969 2138 1039 jam
2173 985 2285 1026 cat-

723 1065 937 1111 narant.
971 1056 1149 1127 Atque
1177 1075 1389 1114 sunnna
1439 1061 1658 1130 quidem
1713 1054 2053 1125 austeritate,
2083 1060 2287 1115 oratio-

725 1162 900 1218 neque
927 1150 992 1202 ad
1021 1150 1420 1206 admonendum
1445 1153 1683 1206 maxime
1710 1152 2122 1206 accommodata
2155 1151 2289 1224 (quo

723 1251 1082 1309 agnoscerent
1121 1243 1264 1310 quod
1297 1253 1476 1298 actum
1501 1242 1697 1313 fuerat)
1731 1245 1932 1299 dictum
1965 1254 2087 1299 est:
2124 1262 2143 1296 ι
2171 1243 2290 1298 Sci-

723 1328 793 1384 tis
822 1330 952 1398 quid
991 1330 1212 1387 fecerim
1257 1334 1497 1389 vobis‘?
1525 1351 1543 1386 ι
1593 1333 1826 1389 Verbum
1884 1345 2064 1390 autem
2118 1337 2288 1401 scitis,

721 1433 820 1488 per
847 1421 1329 1494 interrogationem
1381 1423 1664 1492 legendum
1695 1433 1796 1488 est,
1841 1433 1899 1480 ut
1924 1425 2178 1480 ostendat
2211 1427 2289 1481 rei

2389 605 2422 676 ἦ
2454 604 2560 658 τῶν
2591 606 2659 658 τὰ
2689 604 2829 657 αὐτὰ
2860 601 3254 674 ἀσπαζομένων
3277 603 3370 658 τοῦ
3399 603 3536 656 Θεοῦ
3564 602 3947 673 δόγματαῌὸ).

2388 697 2437 749 εἰ
2473 697 2546 767 μὴ
2572 697 2601 747 6
2633 695 2836 766 Ἰησοῦς
2859 695 2947 748 διὰ
2969 696 3076 749 τῶν
3109 695 3440 766 ἐκκειμένων
3465 695 3561 748 ἐπὶ
3587 693 3747 747 τοῦτο
3771 695 3952 758 αὐτοὺς

2389 786 2782 858 προετρέψατο,
2804 787 2864 840 τὸ
2887 787 3070 857 σχῆμα
3090 786 3182 840 τοῦ
3197 786 3560 850 δειπνοῦντος,
3583 786 3674 838 ὅτε
3699 784 3951 839 διδάσκειν

2388 877 2586 940 αὐτοὺς
2618 877 2816 948 ἤμελλε
2844 878 3235 949 δειπνήσαντας
3253 878 3320 932 τά
3339 878 3633 948 λεγόμενα,
3661 875 3946 931 ἀναλαϐών·

2387 967 2886 1040 δυσωπητικώτατα
2946 969 3044 1039 μὲν
3090 969 3221 1040 γάρ,
3265 971 3356 1023 καὶ
3386 971 3479 1024 ἐπὶ
3510 970 3612 1042 τὴν
3647 970 3845 1040 γνῶσιν
3869 970 3949 1022 τοῦ

2390 1059 2671 1130 γινομένου
2693 1057 3212 1132 προτρεπτικώτατα
3235 1061 3481 1114 λέλεκται
3495 1061 3584 1114 τό·
3619 1081 3637 1112 ι
3662 1060 3950 1114 Γινώσκετε

2389 1151 2443 1204 τί
2476 1152 2748 1223 πεποίηκα
2792 1153 2955 1220 ὑμῖν;
2981 1171 2998 1205 ι
3034 1154 3171 1225 ὅπερ
3208 1154 3323 1224 ἦτοι
3368 1153 3800 1224 ὲρωτηματικῶς
3833 1153 3948 1205 ἁνα-

2393 1245 2680 1314 γνωστέον,
2728 1245 2794 1299 ἶν’
2825 1246 3127 1317 ὲμφήναιτο
3154 1245 3247 1299 τοῦ
3284 1247 3577 1316 γενομένου
3612 1246 3675 1298 τὸ
3707 1245 3948 1316 μέγεθος·

2393 1337 2425 1407 ἢ
2455 1337 2885 1408 προστακτικῶς,
2914 1337 3000 1390 ἵνα
3036 1337 3216 1391 αὐτῶν
3247 1337 3486 1408 διεγείρῃ
3533 1338 3629 1390 τὸν
3659 1337 3781 1391 νοῦν
3803 1339 3880 1400 είς
3901 1337 3953 1391 τὸ

2391 1428 2479 1482 διὰ
2502 1427 2595 1482 τοῦ
2628 1429 2918 1498 ἐπιστῆσαι
2948 1429 3025 1500 τῷ
3054 1429 3198 1502 ἔργῳ
3226 1429 3408 1484 λαϐεῖν
3439 1430 3606 1483 αὑτοῦ
3628 1429 3728 1501 τὴν
3747 1430 3949 1498 γνῶσιν.

721 1517 888 1578 gestae
915 1512 1376 1582 magnitudinem;
1403 1513 1487 1567 vel
1523 1513 1846 1583 imperantis
1878 1515 2058 1582 modo,
2093 1531 2292 1585 cogno-

2397 1519 2901 1574 Διδασκαλικώτατα
2927 1521 2982 1574 δὲ
3013 1522 3151 1592 μετὰ
3179 1521 3270 1576 τοῦ
3303 1523 3687 1593 δυσωπητικοῦ
3724 1523 3951 1577 λέλεκται

721 1601 869 1663 scite,
920 1602 986 1655 ad
1041 1603 1382 1658 excitandum
1434 1604 1650 1660 illorum
1696 1607 2136 1678 intelligentiam,
2185 1622 2289 1677 qua

721 1690 874 1746 illum
941 1706 1332 1763 cognoscerent
1389 1699 1783 1766 perpendentes
1872 1698 2002 1768 quid
2081 1708 2290 1768 gestum

723 1781 935 1838 fuisset.
989 1784 1213 1840 Summa
1249 1795 1433 1842 autem
1471 1789 1707 1858 Magistri
1762 1790 2092 1845 auctoritate
2141 1805 2283 1844 sum-

2392 1610 2486 1662 τόο
2520 1629 2538 1662 ι
2572 1611 2762 1681 Ὑμεῖς
2783 1613 3007 1681 φωνεῖτέ
3037 1631 3125 1683 με,
3147 1615 3538 1678 ὁΔιδάσκαλος,
3557 1615 3653 1668 καὶ
3685 1618 3714 1668 6
3745 1615 3947 1686 Κύρυ-ος,

2395 1701 2489 1754 καὶ
2520 1700 2699 1765 καλῶς
2728 1701 2935 1770 λέγετε,
2969 1704 3084 1773 εἱμὶ
3120 1703 3246 1774 γάρ·
3273 1706 3322 1757 εί
3353 1699 3448 1757 οὖν
3478 1703 3590 1773 ἐγὼ
3636 1699 3792 1769 ἔνιψα
3817 1703 3950 1770 ὑμῶν

2394 1793 2519 1855 τοὺς
2550 1792 2735 1856 πόδας,
2767 1796 2794 1846 6
2833 1793 3055 1864 Κύριος,
3104 1795 3198 1847 καὶ
3240 1794 3639 1858 δΔιδάσκαλος,
3680 1795 3772 1847 καὶ
3812 1795 3950 1864 ὑμεῖς

722 1885 924 1941 mnqne
948 1874 1116 1928 animi
1158 1876 1460 1932 intentione
1495 1853 1852 1948 persuadendi
1896 1879 2038 1945 illos,
2090 1881 2291 1934 dictum

2397 1853 2634 1952 ὀφείλετε
2656 1853 2896 1955 ἀλλήλων
2917 1853 3122 1938 νίπτειν
3145 1885 3270 1948 τοὺς
3293 1886 3478 1950 πόδας.
3502 1904 3522 1937 ι
3555 1853 3737 1955 ’ὁμὲν
3761 1853 3950 1955 Ἰησοῦς

719 1973 805 2017 est
832 1984 845 2019 :
884 1985 905 2017 ι
938 1965 1047 2021 Vos
1077 1971 1290 2024 vocatis
1321 1986 1405 2025 me
1433 1970 1744 2042 Magistrum
1786 1988 1848 2028 ac
1899 1975 2206 2040 Dominum,
2241 1981 2295 2028 et

2397 1973 2542 2044 ἔνιψε
2570 1975 2694 2038 τοὺς
2731 1974 2898 2038 πόδας
2921 1973 3030 2028 τῶν
3058 1974 3336 2045 μαθητῶν,
3364 1971 3745 2049 ᾖΔιδάσ-καλος
3771 1976 3950 2036 αὐτῶν.

723 2053 860 2111 bene
882 2057 1093 2120 dicitis;
1135 2074 1252 2116 sum
1297 2063 1496 2116 etenim
1539 2083 1552 2118 :
1597 2069 1642 2122 si
1677 2085 1806 2140 ergo
1857 2085 1956 2141 ego
1987 2069 2090 2122 lavi
2131 2068 2295 2137 pedes

2397 2066 2636 2131 καὶτοὺς
2660 2067 2822 2131 πόδας
2843 2065 2949 2120 τῶν
2980 2066 3196 2127 δούλων,
3297 2067 3499 2140 Κύριος
3526 2064 3615 2139 ἦν.
3647 2068 3951 2140 Διδασκαλίᾳ

719 2161 937 2205 vestros
969 2151 1224 2222 Magister
1277 2163 1333 2209 et
1373 2154 1661 2226 Dominus,
1716 2174 1770 2218 et
1814 2181 1912 2220 vos
1947 2165 2159 2219 debetis
2201 2163 2292 2218 alii

2397 2159 2504 2231 γάρ
2525 2161 2552 2212 6
2581 2159 2688 2211 ἀπὸ
2712 2158 2815 2228 γῆς
2839 2157 2931 2211 καὶ
2953 2158 3061 2211 τῶν
3090 2157 3370 2230 κοσμικῶν
3395 2159 3741 2230 πραγμάτων
3767 2177 3952 2230 κονιορ-

723 2239 957 2296 aliorum
991 2244 1177 2300 lavare
1206 2249 1369 2316 pedes
1394 2251 1437 2303 ’.
1472 2269 1490 2302 ι
1526 2251 1684 2306 Lavit
1706 2255 1920 2323 quidem
1948 2254 2107 2309 Jesus
2132 2254 2295 2309 disci-

2397 2251 2505 2316 τὸς,
2541 2249 2758 2319 φθάνων
2795 2249 2894 2302 οὐκ
2922 2251 3012 2302 ἐπὶ
3038 2249 3165 2303 ἄλλο
3193 2267 3245 2301 τι
3274 2249 3306 2320 ἢ
3337 2250 3428 2302 ἐπὶ
3461 2249 3527 2303 τὰ
3557 2250 3838 2304 τελευταῖα
3871 2252 3952 2303 καὶ

723 2332 970 2399 pulorum
1010 2337 1194 2404 pedes,
1228 2348 1501 2406 quatenus
1525 2356 1713 2395 eorum
1747 2343 2006 2414 Magister
2047 2361 2061 2411 ;
2110 2345 2295 2414 pedes-

2397 2341 2466 2395 τὰ
2492 2343 2644 2396 κάτω
2667 2341 2776 2396 τῶν
2812 2340 3086 2412 μαθητῶν,
3125 2340 3584 2411 ἀποκαθαίρεται·
3615 2341 3750 2395 ἀλλὰ
3789 2343 3874 2395 καὶ
3893 2344 3949 2410 τῇ

721 2437 830 2491 que
874 2439 1188 2496 servorum,
1222 2441 1492 2499 quatenus
1540 2432 1801 2490 Dominus
1848 2445 1984 2490 erat.
2041 2437 2295 2490 Doctrina

2397 2434 2682 2505 κυριότητι
2717 2435 2810 2487 τοῦ
2859 2434 3138 2504 ἄρχοντος,
3191 2433 3596 2498 ὲξουσιάζοντος
3633 2433 3760 2498 τῶν,
3799 2433 3877 2487 διὰ
3900 2435 3950 2485 τὸ

724 2513 868 2565 enim
899 2528 1160 2586 purgatur
1193 2520 1368 2589 pulvis
1410 2524 1501 2592 qui
1543 2538 1610 2578 ex
1665 2537 1808 2580 terra
1842 2527 2112 2597 rebusque
2146 2542 2295 2580 mun-

2397 2525 2476 2578 ἔτι
2507 2525 2652 2596 ἔχειν
2691 2525 2752 2578 τὺ
2788 2525 2885 2595 τῆς
2922 2523 3164 2588 δουλείας
3193 2525 3430 2594 πνεῦμα,
3482 2524 3588 2578 κᾶν
3611 2525 3702 2577 τὸν
3745 2525 3950 2595 τυχόντα

725 2603 882 2657 danis
907 2617 1246 2677 contractus,
1298 2628 1404 2667 non
1452 2614 1519 2669 ad
1565 2614 1712 2670 aliud
1741 2617 2002 2687 pertingit
2036 2634 2196 2687 quam
2234 2619 2295 2672 ad

2401 2614 2674 2685 μολυσμὸν
2718 2613 2796 2666 ἔτι
2824 2612 3148 2683 δεχομένων,
3186 2611 3254 2664 τὰ
3293 2611 3588 2682 μολύνοντα
3634 2613 3759 2675 τοὺς
3807 2611 3951 2673 πόδας

725 2702 1002 2754 extremas
1032 2700 1360 2771 intimasque
1394 2715 1576 2773 partes
1601 2706 1988 2776 discipulorum
2016 2727 2028 2763 :
2058 2709 2295 2762 domina-

2400 2706 2782 2760 ἀποϐάλλεται.
2809 2706 2917 2758 Kal.
2939 2706 3036 2758 οὑκ
3057 2705 3121 2758 ἄν
3141 2721 3224 2767 τις
3259 2703 3537 2775 εὐφρονῶν
3565 2704 3734 2772 λέγοι,
3830 2702 3950 2772 θύρα

728 2785 876 2840 tione
906 2804 1038 2844 vero
1065 2791 1426 2862 principatum
1451 2805 1503 2850 et
1537 2805 1860 2866 potestatem
1892 2801 2166 2865 habentis,
2209 2803 2295 2855 ab-

2401 2798 2536 2864 ὲστὶ,
2576 2797 2670 2850 τὸν
2717 2794 3004 2866 ’1ησοῦν,ἢ
3122 2795 3344 2865 ποιμὴν,
3383 2793 3417 2864 ἢ
3536 2794 3739 2864 ἰατρὸς,
3766 2794 3951 2846 νίπτειν

721 2878 989 2944 jiciuntur
1011 2897 1073 2936 ea
1105 2900 1226 2952 qua:
1257 2888 1418 2956 pedes
1463 2890 1748 2959 inquinant
1777 2908 1968 2947 eorum
2000 2893 2092 2962 qui
2126 2893 2295 2947 adhuc

2399 2890 2525 2952 τοὺς
2553 2889 2720 2951 πόδας
2745 2887 2852 2940 τῶν
2883 2885 3138 2958 μαθητῶν
3176 2885 3270 2938 καὶ
3311 2885 3530 2938 δούλων.
3571 2881 3712 2953 Ἐγὼ
3738 2883 3781 2936 δ’
3804 2883 3949 2954 ἡγοῦ-

724 2968 810 3021 vel
845 2969 1066 3040 vulgare
1102 2989 1168 3028 ac
1195 2975 1574 3048 qualecunque
1617 2981 2091 3052 inquinamentum
2131 2984 2295 3038 susci-

2405 2999 2525 3052 μαι,
2554 2980 2637 3033 ὅτι
2664 2979 2996 3049 ἐπιδέχονται
3021 2976 3131 3047 (l9)
3169 2977 3229 3029 τὸ
3259 2975 3466 3029 δεῖσθαι
3508 2975 3607 3045 τῆς
3639 2975 3748 3028 ἀπὸ
3777 2973 3860 3026 τοῦ
3877 2971 3952 3023 Δι-

2403 3071 2670 3126 δασκάλου
2695 3069 2890 3140 νίψεως
2917 3070 2965 3121 oi
2995 3068 3154 3131 πόδες
3182 3067 3290 3121 τῶν
3325 3067 3599 3138 μαθητῶν,
3624 3067 3746 3119 ὅσον
3763 3063 3950 3118 οὐδέπω

2407 3166 2659 3238 είλήφασι
2703 3164 2764 3216 τὸ
2819 3161 3080 3234 ἀρκετὸν,
3130 3160 3241 3215 ἀλλ’
3288 3159 3369 3213 ἔτι
3421 3159 3698 3212 λείπουσιν
3745 3159 3820 3220 είς
3866 3157 3948 3208 τόο

2413 3279 2430 3311 ι
2462 3257 2716 3330 Ἀρκετὸν
2746 3255 2824 3326 τῷ
2859 3254 3093 3326 μαθητῇ,
3121 3254 3206 3306 ἴνα
3245 3252 3470 3323 γένηται
3496 3250 3572 3314 ὡς
3603 3251 3632 3303 6
3659 3246 3949 3309 διδάσκαλος

2406 3349 2592 3404 αὐτοῦ.
2619 3369 2638 3402 s
2673 3349 2785 3403 Kal.
2828 3347 2985 3400 τοῦτο
3017 3346 3166 3408 τέλος
3197 3345 3314 3398 ἐστὶ
3341 3344 3402 3396 τὸ
3430 3343 3566 3415 πρὸς
3605 3342 3694 3396 τὸν
3732 3339 3948 3413 μαθητὴν

2404 3440 2498 3494 τοῦ
2528 3440 2867 3502 διδασκάλου,
2969 3435 3306 3498 διδάσκαλος,
3339 3434 3564 3503 ποιῆσαι
3594 3433 3686 3486 τὸν
3731 3429 3948 3503 μαθητὴν

731 3057 905 3125 piunt,
941 3063 1070 3130 quia
1105 3065 1405 3122 etiamnum
1440 3069 1679 3126 habeant
1709 3073 1962 3143 spiritum
2002 3075 2303 3133 servitutis.

725 3151 837 3206 Nec
871 3153 1011 3211 ullus
1057 3159 1319 3214 cordatus
1379 3162 1623 3218 dicturus
1669 3173 1753 3218 est
1789 3165 1996 3232 Jesum,
2038 3179 2305 3238 quatenus

721 3243 950 3310 ostium,
977 3247 1062 3303 vel
1093 3259 1366 3318 quatenus
1399 3263 1603 3322 pastor,
1637 3256 1720 3310 vel
1749 3266 2020 3326 quatenus
2064 3259 2304 3316 medicus

726 3337 834 3394 est,
873 3333 1276 3403 discipulorum
1313 3351 1367 3395 et
1397 3357 1681 3399 servorum
1725 3345 1912 3401 lavare
1959 3348 2145 3418 pedes.
2191 3350 2304 3419 Ego

725 3434 857 3475 vero
882 3426 1145 3491 arbitror,
1181 3431 1438 3498 quoniam
1464 3433 1857 3500 discipulorum
1902 3438 2068 3506 pedes
2117 3457 2304 3496 neces-

2329 3211 2373 3270 C

126 428 227 527 'i

126 534 227 638 ,ὲ

126 645 227 679 Ιι

126 673 229 1214 l

145 1687 207 1939 Ῐ

170 2306 213 2385 3i

176 2472 217 2489 η

176 2550 271 2577 i—t

206 2640 271 2679 ‘rt

214 2978 221 3017 ῖ

274 3310 279 3385 i

276 3546 279 3573 ι

278 3680 281 3715 Ξ

276 3718 281 3747 i

278 3898 283 3987 μ

276 4198 285 4299 i

150 4592 285 4789 πὲ

276 4810 301 6237 ί

168 6064 173 6081 .

174 6244 181 6263 π

729 3515 948 3570 sitatem
975 3519 1248 3588 recipiunt
1287 3530 1346 3575 ut
1389 3538 1418 3577 a
1463 3523 1725 3594 Magistro
1757 3527 2027 3596 laventur,
2063 3533 2300 3586 nondum

730 3607 1049 3676 percepisse
1096 3610 1238 3678 quod
1291 3612 1400 3668 illis
1440 3625 1587 3670 esset
1631 3617 1806 3681 satis;
1853 3618 1948 3672 sed
1999 3620 2299 3675 etiamnum

727 3698 918 3768 procul
945 3700 1136 3755 abesse
1167 3703 1235 3756 ab
1269 3703 1357 3758 illo
1391 3705 1538 3760 dicto
1566 3723 1580 3761 :
1619 3724 1639 3759 ι
1675 3708 1886 3764 Sullicit
1919 3711 2215 3780 discipulo,
2254 3713 2298 3767 si

728 3790 801 3844 sit
855 3791 1052 3847 similis
1091 3797 1408 3864 praeceptori
1459 3797 1630 3866 ipsius
1663 3799 1728 3853 ‘°.
1769 3818 1789 3852 ι
1836 3800 2015 3872 Atque
2063 3803 2148 3857 hic
2179 3817 2302 3873 pro-

729 3879 873 3935 fecto
920 3881 1041 3938 linis
1071 3896 1155 3939 est
1186 3888 1434 3958 magistri
1464 3905 1593 3960 erga
1627 3892 1951 3961 discipulum
2002 3893 2302 3964 (quatenus

731 3978 992 4044 magister
1021 3981 1138 4049 est)
1164 3980 1346 4037 facere
1375 3983 1704 4054 discipulum
1740 3986 1823 4041 sui
1853 3986 2106 4051 similem,
2145 4001 2213 4042 ne
2242 3988 2297 4042 in

729 4074 1008 4132 posterum
1040 4079 1199 4139 egeat
1227 4073 1490 4143 magistro
1536 4090 1551 4140 ;
1601 4075 1695 4129 sed
1748 4084 1808 4130 ut
1851 4077 2016 4131 etiam
2071 4076 2187 4145 ipse
2230 4075 2302 4130 sit

730 4156 991 4225 magister
1035 4173 1140 4228 quo
1188 4160 1328 4231 alius
1373 4173 1551 4234 egeat.
1605 4165 1674 4222 Ut
1716 4167 1860 4220 enim
1927 4168 2054 4224 linis
2103 4167 2298 4223 medici

727 4242 874 4314 {quo
907 4259 1069 4314 egent
1089 4251 1181 4317 qui
1210 4251 1350 4308 ntale
1372 4252 1594 4321 habent,
1619 4269 1724 4310 non
1749 4257 1840 4326 qui
1868 4257 2031 4312 validi
2063 4271 2191 4312 sunt
2222 4258 2298 4328 ")

729 4343 817 4389 est
853 4350 1048 4392 sanare
1079 4340 1220 4395 male
1255 4341 1519 4399 habentes
1547 4345 1615 4400 ab
1639 4347 1960 4415 aegritudine
1991 4364 2111 4414 sua,
2141 4365 2209 4404 ne
2245 4349 2298 4404 in

732 4437 1010 4493 posterum
1039 4444 1201 4498 opera
1237 4433 1355 4504 ejus
1385 4447 1578 4505 egeant
1610 4455 1625 4504 ;
1669 4439 1748 4494 sic
1777 4440 1900 4494 linis
1933 4441 2176 4512 magistri
2211 4452 2297 4497 est

2403 3533 2480 3596 ὡς
2505 3531 2716 3594 ἑαυτὸν,
2748 3533 2835 3584 ἵνα
2857 3528 3050 3601 μηκέτι
3077 3529 3260 3598 δέηται
3288 3526 3381 3580 τοῦ
3401 3525 3741 3586 διδασκάλου,
3827 3521 3949 3575 διδά-

2404 3622 2620 3684 σκαλος,
2666 3622 2713 3674 εί
2749 3623 2842 3674 καὶ
2874 3619 3045 3682 ἄλλως
3073 3617 3184 3686 (ἐο)
3231 3617 3396 3671 αὐτοῦ
3443 3617 3713 3687 δεήσεται.
3751 3614 3831 3676 Ὠς
3857 3612 3947 3681 γάρ

2401 3711 2551 3773 τέλος
2579 3711 2672 3763 τοῦ
2701 3708 2906 3781 ἰατροῦ,
2933 3701 2993 3762 οῦ
3021 3706 3279 3779 χρῄζουσι
3313 3706 3409 3777 μὲν
3440 3706 3490 3759 οἱ
3519 3705 3708 3768 κακῶς
3740 3704 3945 3773 ἔχοντες,

2399 3802 2460 3854 οὐ
2497 3801 2685 3872 χρείαν
2717 3800 2774 3852 δὲ
2817 3798 3028 3868 ἔχουσιν
3068 3799 3117 3849 οί
3159 3797 3430 3867 ἰσχύοντες
3459 3795 3666 3865 ἰατροῦ,
3689 3793 3748 3846 τὸ
3769 3791 3948 3846 παῦσαι

2399 3893 2526 3956 τοὺς
2551 3894 2737 3956 κακῶς
2767 3892 2987 3962 ἔχοντας
3009 3889 3118 3943 ἀπὸ
3138 3888 3231 3942 τοῦ
3259 3887 3445 3946 κακῶς
3473 3887 3640 3958 ἔχειν,
3666 3887 3751 3940 ἵνα
3775 3883 3945 3956 μηκέτι

2400 3982 2567 4038 αὐτοῦ
2599 3982 2871 4053 χρῄζωσιν
2889 3997 2901 4010 ·
2934 3978 3076 4032 οὓτω
3104 3977 3257 4041 τέλος
3276 3977 3598 4031 διδασκάλου
3627 3974 3946 4046 περιποιῆσαι

2399 4075 2476 4146 τῷ
2513 4074 2724 4146 μαθητῇ
2757 4072 2817 4124 τὸ
2841 4071 3129 4141 λεγόμενον
3155 4069 3385 4139 ἀρκετὸν
3404 4069 3598 4141 ἐντῷοι
3623 4065 3862 4138 Ἀρκετὸν
3881 4061 3945 4130 τῷ

2404 4168 2640 4239 μαθητῇ,
2668 4167 2755 4219 ἵνα
2783 4164 3007 4234 γένηται
3029 4162 3104 4226 ὡς
3136 4163 3164 4215 6
3201 4159 3522 4223 διδάσκαλος
3551 4157 3713 4212 αὑτοῦ
3743 4154 3944 4230 »Περὶδὲ

2397 4258 2493 4312 τοῦ
2526 4257 2774 4329 Σωτῆρος
2806 4256 2957 4318 όντος
2984 4254 3190 4325 Κυρίου
3211 4252 3436 4306 αὐτόθεν
3460 4252 3644 4305 πλεῖον
3672 4249 3811 4304 ἐστιν
3837 4247 3942 4299 ἰδεῖν

2399 4351 2551 4423 παρὰ
2571 4350 2696 4413 τοὺς
2724 4348 2914 4411 ἄλλους
2937 4347 3176 4416 κυρίους,
3209 4344 3282 4416 μὴ
3315 4344 3674 4415 βουλομένους
3707 4344 3788 4396 ἴνα
3810 4339 3944 4409 γένη-

2399 4461 2493 4497 ται
2518 4443 2594 4506 ὼς
2625 4445 2654 4495 6
2684 4439 3002 4501 διδάσκαλος
3029 4436 3140 4509 (21)
3169 4439 3197 4490 6
3227 4435 3492 4507 μαθητὴς,
3527 4436 3586 4507 ἢ,
3623 4436 3698 4499 ὡς
3730 4435 3758 4486 6
3783 4431 3944 4502 κύριος

729 4517 994 4587 discipulo
1045 4523 1330 4592 acquirere
1384 4526 1510 4583 illud
1563 4531 1704 4599 quod
1753 4531 2004 4602 ἀρκετόν,
2034 4532 2178 4604 [hoc
2215 4544 2295 4589 est

2402 4534 2432 4586 6
2466 4533 2650 4596 δοῦλος
2677 4531 2862 4586 αὑτοῦ.
2911 4525 3160 4591 Τοιοῦτος
3191 4527 3248 4580 δὲ
3277 4529 3306 4580 6
3337 4529 3434 4597 τῆς
3468 4525 3737 4597 πατρικῆς
3774 4520 3943 4617 ἀγαθό-

729 4611 1050 4685 δδίβεὶεηε,]
1077 4615 1297 4681 dicitur,
1326 4625 1385 4671 ut
1435 4634 1558 4673 cum
1602 4623 1903 4692 discipulus
1952 4625 2003 4678 id
2051 4624 2304 4681 habuerit

729 4704 874 4772 quod
909 4705 1013 4759 sibi
1041 4704 1258 4774 suﬂicit,
1303 4710 1376 4764 sit
1420 4711 1615 4768 similis
1663 4717 1980 4784 praeceptori
2011 4717 2200 4786 ipsius.
2230 4718 2302 4771 At

728 4809 863 4850 vero
890 4798 1033 4867 quod
1063 4804 1129 4854 ad
1162 4799 1508 4860 Servatorem
1536 4816 1779 4862 nostrum
1809 4809 2006 4863 attinet
2033 4810 2303 4866 cxsisten-

729 4894 838 4939 tem
862 4888 1174 4957 Dominum,
1207 4907 1434 4950 cernere
1481 4907 1568 4952 est
1614 4912 1738 4953 eum
1783 4914 1849 4954 ex
1887 4915 1946 4956 se
1985 4900 2145 4972 longe
2182 4903 2301 4971 plus

731 4981 999 5038 exsistere
1055 5001 1219 5054 quam
1276 4987 1366 5042 alii
1417 4987 1646 5055 domini,
1699 4991 1948 5046 nolentes
2007 4993 2300 5062 discipulos

729 5085 852 5128 esse
879 5075 1023 5132 sicut
1058 5077 1348 5147 magistros
1393 5093 1520 5133 suos
1546 5118 1561 5142 ,
1595 5079 1680 5134 vel
1712 5094 1901 5135 servos
1948 5082 2090 5136 sicut
2121 5080 2292 5136 domi-

733 5178 854 5218 nos.
906 5165 1053 5222 Talis
1082 5168 1248 5239 igitur
1273 5179 1356 5225 est
1386 5169 1473 5226 ille
1496 5170 1656 5242 42],
1691 5171 1834 5226 (ilius
1865 5179 2106 5242 paternae
2146 5172 2299 5227 boni-

733 5256 862 5312 tatis
888 5265 943 5312 et
971 5259 1254 5316 charitatis
1275 5261 1412 5332 ejus.
1439 5263 1705 5319 Dominus
1729 5264 1876 5317 enim
1903 5278 2026 5318 cum
2048 5264 2138 5327 sit,
2169 5277 2299 5332 ope-

732 5353 886 5402 ratus
937 5353 1021 5401 est
1067 5357 1128 5403 ut
1181 5350 1292 5407 sint
1341 5352 1483 5406 servi
1527 5353 1670 5408 sicut
1719 5365 1912 5408 eorum
1977 5351 2237 5407 Dominus
2278 5369 2294 5416 ;

2401 4642 2562 4696 τητος
2593 4623 2686 4676 καὶ
2717 4623 2814 4693 τῆς
2850 4623 3072 4694 ἀγάπης
3101 4618 3264 4675 αὑτοῦ
3297 4619 3441 4682 υἱός·
3478 4618 3681 4690 Κύριος
3725 4616 3824 4686 γὰρ
3860 4613 3941 4671 ὢν,

2403 4714 2744 4789 ἐνειργάζετο
2773 4718 2886 4778 τοῖς
2904 4713 3107 4775 δούλοις
3136 4711 3198 4765 τὸ
3223 4709 3473 4778 γενέσθαι
3497 4709 3572 4771 ὼς
3606 4711 3634 4761 6
3656 4706 3843 4777 Κύριος
3865 4701 3943 4754 αὖ·

2401 4805 2531 4870 τῶν,
2562 4807 2650 4860 ὅτε
2679 4805 2860 4859 οὐκέτι
2883 4804 3063 4870 ἕξουσι
3087 4804 3147 4857 τὸ
3175 4801 3393 4871 πνεῦμα
3427 4799 3526 4868 τῆς
3549 4796 3781 4857 δουλείας
3807 4790 3942 4844 πάλιν

2400 4898 2482 4960 είς
2512 4896 2696 4966 φόϐον,
2734 4895 2874 4950 ἀλλὰ
2912 4895 3171 4966 λήψονται
3207 4891 3268 4946 τὺ
3312 4888 3530 4959 πνεῦμα
3557 4887 3654 4958 τῆς
3681 4881 3940 4942 υἱοθεσίας,

2399 4987 2458 5039 ὲν
2487 4980 2532 5054 ᾧ
2559 4986 2877 5058 κράξουσιν·
2919 5004 2938 5036 ι
2970 4984 3156 5045 Ἀϐὄᾶ,
3187 4985 3214 5036 6
3239 4981 3447 5050 Πατήρ.
3465 4998 3482 5029 ι
3506 4978 3641 5048 Πρὶν
3662 4971 3749 5029 οὖν
3769 4973 3941 5041 γένωνν

2401 5093 2490 5130 ται
2513 5076 2591 5140 ὡς
2616 5078 2644 5130 6
2658 5075 3005 5140 Διδάσκαλος,
3024 5075 3115 5127 καὶ
3137 5075 3166 5127 6
3186 5071 3407 5142 Κύριος,
3436 5069 3642 5122 δέονται
3663 5066 3756 5136 τῆς
3774 5062 3941 5129 νίψεως

2397 5167 2508 5222 τῶν
2549 5167 2743 5232 ποδῶν,
2786 5167 2862 5230 ὡς
2904 5167 3103 5230 ἐνδεεῖς
3132 5164 3238 5218 τῶν
3281 5161 3561 5234 μαθητῶν,
3593 5159 3684 5213 καὶ
3709 5158 3778 5219 ὡς
3803 5153 3870 5206 ἔτι
3891 5149 3941 5200 τὸ

2399 5257 2618 5329 πνεῦμα
2645 5259 2745 5328 τῆς
2771 5258 3014 5321 δουλείας
3044 5258 3257 5327 ἔχοντες
3301 5257 3382 5317 εἰς
3416 5251 3608 5322 φόϐον
3637 5249 3766 5302 ὲπάν
3791 5243 3842 5297 δέ
3872 5255 3939 5329 τις

2400 5328 2578 5405 αὐτῶν
2603 5350 2744 5404 κατὰ
2767 5351 2829 5404 τὸ
2851 5350 3079 5422 ἀρκετὸν
3102 5348 3180 5418 τῷ
3215 5346 3450 5418 μαθητῇ,
3485 5345 3574 5398 ἵνα
3597 5343 3804 5412 γένηται
3829 5334 3894 5397 ὡς
3916 5328 3939 5381 δ

801 5469 1006 5541 “Joan.
1048 5489 1297 5555 xm,ts.
1373 5491 1805 5561 'ibid.i3,li.
1885 5492 2295 5561 “Matth.x,25

2403 5494 2631 5550 'Matth.
2654 5510 2732 5558 Ix,
2761 5493 2848 5548 19..

946 5601 1128 5681 ςοᾴθι
1147 5603 1376 5681 Begius,
1397 5610 1703 5681 δογμάτων.
1830 5672 1834 5677 ,

941 5672 1120 5751 (inde:
1135 5671 1372 5751 Aliegitts,
1395 5671 1779 5751 ὲπὲὶδέχονται.

803 5743 918 5811 (2θ)
948 5742 1094 5818 Μδδη
1125 5742 1300 5810 ἄλλος,
1340 5759 1392 5802 et
1423 5751 1503 5804 sic
1535 5742 1649 5816 ipse
1677 5742 1992 5818 Ferrarius,
2013 5750 2102 5818 qni
2137 5750 2295 5817 paulo

733 5827 894 5880 supra
951 5814 1147 5884 legisse
1205 5818 1434 5888 videtur,
1485 5814 1618 5874 ἀλλὰ
1645 5820 1737 5874 καί
1773 5816 1995 5896 αὑτὸςῇ
2033 5814 2300 5875 ’διδάσκαο

2402 5615 2792 5752 λοῖτὶῧιὲοιιεκ
2838 5678 3058 5751 Regius,
3117 5681 3146 5734 6
3184 5675 3537 5741 διδάσκαλος,
3586 5671 3661 5736 ὡς
3703 5671 3730 5723 δ
3763 5663 3933 5737 κείν(

2405 5754 2589 5808 αὑτοῦ.
2614 5752 2884 5815 Τοιοῦτος.
