3804 6552
145 425 253 486 πῖθ’

1130 436 1486 494 cunnum.
1532 437 1600 491 lN
1637 436 1830 492 JOAN.
1871 435 2110 494 rouus
2149 403 2365 495 xxxii.

3302 444 3407 499 770

139 548 445 613 διδάσκαλος
475 551 660 614 αὑτοῦ,
703 553 796 607 καὶ
826 555 854 607 6
893 554 1078 620 δοῦλος
1123 555 1198 620 ὼς
1233 559 1263 610 6
1298 558 1486 630 κύριος
1525 558 1692 612 αὑτοῦ

1819 555 2037 626 quando
2103 556 2313 612 scilicet
2367 571 2472 612 non
2533 556 2768 628 amplius
2813 559 3093 616 habebunt
3146 562 3400 632 spiritum

141 645 356 714 γένηται
395 644 471 708 ὡς
501 646 530 698 6
559 645 876 712 διδάσκαλος
909 647 1098 714 αὑτοῦ,
1128 649 1225 704 καὶ
1255 651 1282 702 6
1311 651 1498 722 κύριος
1525 653 1715 718 αὐτοῦ,

138 735 252 790 τότε
277 738 621 810 μιμήσασθαι
642 738 864 796 δύναται
886 741 976 796 τὸν
1005 743 1237 812 νίψαντα
1258 747 1385 809 τοὺς
1418 746 1584 811 πόδας
1609 747 1718 800 τῶν

143 828 414 901 μαθητῶν,
461 832 556 886 καὶ
601 833 755 903 νῖψαι
798 836 924 899 τοὺς
974 837 1138 900 πόδας
1185 837 1294 891 τῶν
1339 838 1599 911 μαθητῶν
1641 841 1719 905 ὡς

137 922 166 975 6
194 922 529 990 διδάσκαλος,
554 926 613 980 δν
636 928 665 979 6
685 926 817 991 Θεὸς
844 927 1034 993 ἔταξεν
1060 931 1117 982 ἐν
1144 933 1209 1002 τῇ
1251 930 1544 1004 Ἐκκλησία
1574 933 1717 1003 μετά

135 1017 252 1079 τοὺς
293 1015 522 1088 πρώτην
550 1016 732 1090 χώραν
761 1020 820 1073 ὲν
851 1021 990 1092 αὐτῇ
1037 1017 1321 1093 εἰληχότας
1361 1024 1712 1091 ἀποστόλους,

133 1109 222 1162 καὶ
252 1107 507 1180 δεύτερον
547 1112 852 1181 προφήτας.
901 1111 965 1166 Εἰ
997 1113 1053 1167 δὲ
1093 1113 1186 1179 τὸ,
1225 1133 1242 1165 ι
1263 1114 1354 1186 Τῷ
1378 1115 1595 1187 ἀδελφῷ
1620 1133 1712 1169 σου

133 1200 447 1268 δουλεύσεις,
476 1221 496 1253 ι
543 1201 769 1272 φθάνειν
817 1205 1042 1259 δύναται
1087 1207 1182 1261 ἐπὶ
1222 1209 1350 1272 τοὺς
1394 1209 1712 1270 ὑποδεεστέ-

135 1309 274 1363 ρους,
297 1293 396 1346 καὶ
439 1294 533 1358 16,
593 1313 610 1346 ι
639 1295 795 1348 Γίνου
825 1295 1015 1367 κύριος
1046 1297 1141 1351 τοῦ
1174 1299 1406 1368 ἀδελφοῦ
1443 1316 1591 1366 σου,›
1621 1301 1714 1354 ἐπὶ

131 1386 245 1447 τοὺς
282 1384 362 1448 ὡς
388 1389 418 1439 6
459 1387 652 1440 Ἰακὼϐ
685 1389 1024 1460 κρείττονας,
1049 1390 1226 1462 δῆλον,
1257 1392 1338 1445 ὃτι
1367 1393 1658 1464 γενόμενος
1683 1396 1714 1447 6

129 1477 304 1540 δοῦλος
327 1478 406 1542 ὡς
433 1481 461 1533 6
491 1480 700 1552 κύριος,
738 1481 916 1535 νίπτει
939 1483 1066 1546 τοὺς
1101 1483 1267 1548 πόδας
1300 1484 1408 1537 τῶν
1436 1485 1711 1541 δουλευόν-

128 1585 224 1622 των
265 1573 332 1641 τῇ
393 1573 522 1642 παρ’
567 1572 717 1643 αὐτῷ
771 1573 1120 1647 διδασκαλίᾳ·
1164 1577 1287 1629 ἐπεὶ
1322 1576 1412 1642 16,
1467 1596 1488 1629 ι
1523 1578 1710 1649 Ὑμεῖς

129 1664 348 1729 φωνεῖτέ
385 1681 474 1736 με,
505 1665 533 1716 6
572 1664 912 1731 διδάσκαλος,
947 1668 1041 1720 καὶ
1069 1670 1098 1720 6
1138 1667 1360 1740 Κύριος,
1394 1670 1490 1723 καὶ
1527 1671 1708 1735 καλῶς

127 1753 301 1822 λέγετε
320 1773 334 1784 ⁸
369 1758 486 1826 είμὶ
514 1756 644 1828 γὰρ,
673 1776 690 1807 ι
727 1757 826 1812 οὐκ
857 1759 993 1824 ἀξιῶ
1029 1760 1194 1832 μηδὲν
1219 1761 1362 1832 ἔχειν
1387 1762 1704 1834 βαθύτερον,

126 1846 210 1898 καὶ
247 1848 402 1917 παρὰ
451 1847 510 1901 16
551 1849 658 1901 ὑπὸ
697 1849 806 1904 τῶν
855 1851 1065 1906 πολλῶν
1099 1853 1421 1924 νενοημένον
1492 1854 1702 1928 (22)⁶οὑ

1823 647 2106 704 servitutis
2134 647 2330 704 iterum
2365 649 2417 703 in
2453 648 2670 713 timore,
2703 651 2798 704 sed
2831 651 3103 722 accipient
3147 653 3400 722 spiritum

1819 738 2148 808 adoptionis,
2180 753 2280 809 per
2303 755 2462 809 quem
2491 740 2807 796 clamabunt
2838 760 2896 798 ιι
2925 743 3078 799 Abba
3099 742 3258 800 Pater
3285 745 3348 796 ι’.
3379 763 3398 796 ο

1816 835 2099 896 Attamen,
2134 839 2426 901 antequam
2462 833 2592 886 liant
2641 835 2783 888 sicut
2827 836 3091 906 Magister
3120 847 3176 891 et
3220 837 3405 894 Domi-

1818 937 1944 985 nus,
1993 935 2130 991 opus
2166 921 2392 989 habent,
2429 922 2658 992 perinde
2693 938 2756 980 ac
2795 925 3048 998 discipuli
3096 927 3290 1000 indigi,
3344 940 3404 984 ut

1815 1013 1899 1068 sui
1930 1012 2181 1070 laventur
2220 1013 2408 1082 pedes,
2447 1025 2504 1084 et
2547 1015 2701 1085 quasi
2747 1017 2926 1072 adhuc
2959 1019 3246 1078 servitutis
3289 1022 3403 1091 spi-

1815 1105 1986 1160 ritum
2017 1106 2068 1162 in
2105 1106 2360 1162 timorem
2396 1107 2679 1164 habentes.
2728 1110 2798 1166 At
2842 1125 2976 1164 vero
3021 1111 3186 1168 simul
3233 1125 3400 1183 atque

1813 1195 2009 1266 aliquis
2041 1212 2108 1254 ex
2141 1198 2227 1252 his
2252 1197 2460 1254 habens
2485 1213 2606 1269 quae
2636 1199 2908 1270 discipulo
2937 1202 3216 1258 sufficiant
3240 1212 3301 1258 ut
3327 1203 3400 1260 sit

1812 1291 1958 1347 sicut
2002 1290 2267 1361 magister
2299 1290 2437 1360 ejus,
2486 1300 2541 1347 et
2590 1307 2783 1348 servus
2830 1295 2972 1350 sicut
3003 1295 3279 1360 dominus,
3332 1312 3397 1351 eo

1811 1383 2124 1452 pervenerit
2182 1393 2240 1438 ut
2284 1383 2357 1440 sit
2406 1384 2550 1440 sicut
2587 1386 2848 1455 magister
2873 1401 3004 1442 suus
3048 1396 3104 1442 et
3141 1387 3395 1444 dominus

1810 1488 1962 1537 suus.
1991 1481 2120 1529 tunc
2153 1473 2358 1530 imitari
2382 1472 2586 1544 poterit
2614 1489 2739 1529 eum
2770 1477 2861 1546 qui
2904 1475 3032 1532 lavit
3074 1478 3237 1550 pedes
3281 1478 3395 1534 dis-

1807 1566 2115 1636 cipulorum
2164 1582 2180 1631 ;
2239 1565 2744 1637 discipulorumque
2791 1572 2954 1642 pedes
3006 1570 3210 1638 lavare,
3251 1571 3393 1628 sicut

1811 1659 2071 1728 magister
2107 1673 2268 1728 quem
2314 1656 2458 1714 Deus
2506 1659 2560 1712 in
2595 1660 2834 1719 Ecclesia
2886 1663 3222 1718 ordinaverit
3270 1674 3393 1733 post

1808 1749 2080 1819 apostolos
2100 1789 2118 1812 ,
2147 1748 2241 1818 qui
2276 1747 2328 1802 in
2356 1762 2420 1802 ca
2450 1749 2686 1817 primum
2715 1752 2895 1809 sortiti
2937 1761 3067 1810 sunt
3095 1752 3294 1817 locum,
3327 1769 3391 1812 ac

1805 1849 1928 1911 post
1968 1840 2284 1910 prophetas.
2320 1838 2416 1908 qui
2461 1843 2757 1898 secundum
2793 1844 2858 1897 ¹³.
2895 1843 2991 1900 Sin
3025 1860 3154 1902 vero
3182 1845 3388 1902 diotum

130 1935 251 1986 πᾶσι
279 1935 393 2008 γάρ
415 1939 527 1999 τοῖς
559 1937 798 2006 λέγουσι,
846 1960 864 1990 ί
890 1940 1084 2012 Κύριε,
1111 1919 1308 2013 Κύριε,
1333 1963 1352 1994 ι
1382 1919 1694 2015 λεχθήσεται

1809 1935 1933 2001 hoc,
1991 1951 2012 1986 ι
2048 1933 2229 1988 Fratri
2267 1940 2362 1988 tuo
2385 1933 2593 1992 servies
2618 1934 2683 2000 “,
2724 1953 2743 1987 ι
2784 1934 2976 1992 referri
3001 1945 3176 2006 potest
3207 1939 3272 1992 ad
3294 1951 3391 1996 eos

126 2027 221 2078 ὑπὸ
247 2028 340 2080 τοῦ
383 2029 558 2099 Ἰησοῦ
587 2030 682 2083 τό·
719 2050 739 2083 ι
779 2033 970 2104 Ὑμεῖς
1010 2036 1238 2102 φωνεῖτέ
1276 2053 1364 2106 με,
1407 2038 1437 2089 6
1478 2037 1701 2110 Κύριος,

125 2121 207 2172 καὶ
231 2121 413 2185 καλῶς
439 2122 648 2192 λέγετε.
663 2145 680 2177 ι
704 2127 778 2178 Ού
803 2125 982 2190 καλῶς
1005 2122 1098 2183 οὖν
1113 2129 1350 2198 λέγουσι,
1371 2129 1593 2202 «Κύριε,
1609 2149 1627 2182 ι
1653 2132 1705 2185 οἱ

126 2215 174 2265 ὲν
202 2216 264 2283 τῇ
305 2215 496 2287 ἡμέρᾳ
523 2217 708 2292 ἐκείνῃ
750 2220 1014 2290 φήσοντες
1033 2237 1046 2252 ·
1089 2240 1108 2273 ι
1138 2222 1333 2294 Κύριε,
1381 2223 1576 2295 Κύριε,
1603 2224 1704 2278 ούκ

123 2305 173 2355 ὲν
195 2305 269 2376 τῷ
297 2307 524 2377 ὀνόματί
559 2326 653 2362 σου
693 2311 993 2382 ἐφάγομεν,
1035 2315 1130 2366 καὶ
1162 2316 1220 2367 ὲν
1243 2315 1321 2386 τῷ
1351 2316 1577 2386 ὀνόματί
1607 2333 1702 2370 σου

123 2395 354 2465 ἐπίομεν,
393 2398 490 2450 καὶ
518 2399 577 2451 ὲν
597 2398 674 2470 τῷ
697 2400 923 2471 ὀνόματί
951 2420 1044 2456 σου
1067 2403 1318 2475 δαιμόνια
1345 2407 1698 2479 ἐξεϐάλομεν,

124 2487 205 2537 καὶ
249 2485 510 2558 δυνάμεις
554 2491 966 2562 πεποιήκαμεν;
995 2513 1012 2543 ι
1057 2496 1222 2566 Φήσει
1264 2497 1396 2565 γοῦν
1439 2499 1623 2562 αὐτοῖς
1672 2501 1701 2552 6

133 2578 355 2649 Ἰησοῦςο
411 2600 428 2631 ι
467 2583 829 2654 Ἀποχωρεῖτε
873 2587 968 2640 ἀπ’
1002 2588 1172 2658 ἐμοῦ·
1224 2591 1480 2646 οὐδέποτε
1529 2591 1699 2660 ἔγνων

121 2667 272 2736 ὑμᾶς,
307 2671 392 2724 ὃτι
418 2674 646 2744 ἐργάται
670 2675 791 2728 ἐστὲ
819 2677 1034 2742 ἀδικίας
1056 2696 1068 2709 ·
1093 2697 1111 2731 ι
1145 2680 1245 2733 οὐκ
1269 2681 1335 2735 ἂν
1357 2681 1413 2735 δὲ
1449 2682 1698 2751 λέγουσιν

122 2760 291 2825 αὐτοῖς
326 2763 510 2828 καλῶς
555 2765 634 2829 16,
682 2785 700 2817 ι
725 2765 919 2837 Κύριε,
965 2769 1200 2840 Κύριε,»
1246 2769 1367 2828 εῐπε
1401 2771 1495 2825 τό·
1537 2773 1700 2826 Ἀπο-

123 2856 346 2924 χωρεῖτε
381 2859 485 2912 ἀπ’
513 2860 681 2929 ἐμοῦ.
729 2862 888 2916 Ἀλλὰ
909 2865 1023 2926 καὶ,
1061 2883 1078 2915 ι
1101 2865 1161 2916 ού
1189 2866 1297 2927 πᾶς
1323 2866 1351 2916 6
1380 2865 1554 2934 λέγων
1583 2885 1694 2938 μοι,

124 2948 276 3018 Κύριε
303 2989 317 3010 ,
352 2950 547 3022 Κύριε,
593 2952 958 3009 εἰσελεύσεται
996 2957 1077 3018 είς
1131 2956 1229 3027 τὴν
1271 2955 1545 3025 βασιλείαν
1589 2959 1696 3012 τῶν

121 3041 408 3110 οὐρανῶν,ι
437 3047 788 3118 παρίστησιν,
821 3048 901 3101 ὅτι
922 3048 982 3101 οὐ
1013 3050 1119 3113 πᾶς
1160 3049 1188 3100 6
1224 3047 1421 3117 λέγων,
1451 3068 1468 3100 r
1499 3049 1693 3122 Κύριε.

123 3131 300 3202 Κύριε,
329 3155 347 3186 ι
397 3139 770 3211 μαρτυρηθείη
803 3139 870 3192 ἂν
897 3141 988 3193 ὑπ’
1019 3140 1205 3202 αὐτοῦ,
1246 3140 1322 3205 ὼς
1355 3141 1451 3195 νῦν
1473 3145 1521 3196 oi
1552 3144 1692 3197 ἁπό-

126 3224 283 3278 στολοι
310 3227 450 3299 πρὸς
489 3229 582 3293 οὓς
619 3226 738 3284 εἷπε
761 3249 774 3263 ’
821 3252 837 3283 ι
871 3233 1068 3295 Καλῶς
1093 3234 1277 3301 λέγετε
1303 3251 1316 3264 ·
1347 3235 1462 3306 εἰμὶ
1496 3238 1634 3308 γάρ’
1669 3257 1687 3289 ›
1719 3257 1762 3314 c

125 3317 205 3368 tul.
241 3317 350 3390 γὰρ
384 3320 600 3392 άληθῶς
629 3323 796 3376 κακία
825 3325 923 3394 μὲν
949 3325 1130 3378 αὐτῶν
1167 3329 1265 3382 οὐκ
1289 3329 1369 3381 ἔτι
1406 3329 1572 3400 κυρία
1603 3325 1694 3401 ἦν,

124 3407 146 3456 ό
178 3406 328 3476 λόγος
357 3409 417 3462 δέ
437 3427 450 3439 °
484 3414 578 3464 καὶ
609 3412 946 3479 ἁπαξαπλῶς
985 3416 1188 3489 Κύριος
1217 3421 1249 3488 ή
1283 3421 1429 3472 πᾶσα
1456 3419 1697 3492 ἔμψυχος

123 3501 204 3550 καὶ
239 3499 392 3564 ζῶσα
437 3503 629 3576 ἀρετή.
684 3505 845 3559 Ἀλλὰ
877 3508 970 3560 καὶ
1008 3507 1166 3581 εἴπερ
1211 3529 1229 3561 ι
1260 3511 1434 3575 οὐδεὶς
1471 3511 1694 3566 δύναται

122 3593 301 3656 εἰπεῖν,
345 3593 550 3666 Κύριος
606 3598 833 3667 Ἰησοῦς,
865 3601 914 3652 εί
962 3600 1037 3672 μὴ
1065 3602 1120 3654 ὲν
1165 3601 1441 3673 Πνεύματι
1471 3603 1631 3675 ἁγίῳ,
1668 3625 1688 3657 ι

123 3687 204 3737 καὶ
237 3686 469 3758 νοοῦμεν
517 3690 576 3741 ὲν
617 3692 792 3762 τούτῳ
841 3692 893 3746 τί
945 3695 1060 3747 ἐστι
1089 3694 1151 3748 16
1200 3697 1393 3761 εἰπεῖν,
1445 3698 1694 3768 «Κύριος

131 3779 357 3849 Ἰησοῦς,
393 3802 408 3833 ι
469 3783 498 3834 6
547 3784 605 3838 ὲν
648 3784 925 3856 Πνεύματι
978 3780 1118 3858 ἁγίῳ
1175 3787 1384 3857 λέγων,
1451 3790 1694 3861 «Κύριος

134 3871 383 3941 ’1ησοῦς,»
414 3874 594 3940 καλῶς
645 3877 816 3947 λέγει.
876 3879 941 3932 El
981 3878 1038 3932 δὲ
1080 3880 1175 3935 καὶ
1218 3883 1246 3934 6
1298 3881 1479 3946 καλῶς
1517 3883 1694 3952 λέγων

125 3966 325 4032 πάντως
375 3969 432 4023 ὲν
477 3968 754 4041 Πνεύματι
793 3971 932 4042 ἁγίῳ
979 3971 1147 4041 λέγει,
1191 3972 1447 4044 ζητήσεις
1499 3973 1587 4027 διὰ
1631 3974 1694 4027 16

124 4057 224 4122 νῦν,
291 4061 442 4114 ιΚαὶ
488 4062 668 4126 καλῶς
719 4064 927 4133 λέγετε,
955 4085 973 4117 ι
1035 4065 1518 4138 συνεξεταζόμενον
1576 4067 1688 4140 τῷ’

129 4167 143 4196 ι
167 4149 326 4205 Οΰτεω
347 4153 458 4226 γὰρ
482 4149 548 4225 ἦν
565 4156 809 4227 Πνεῦμα,
832 4158 912 4210 ὅτι
955 4158 1162 4229 Ἰησοῦς
1193 4158 1344 4211 οὔπω
1371 4157 1652 4230 ἐδοξάσθη.
1669 4179 1686 4212 ι

127 4239 348 4312 Γνησίως
391 4241 484 4298 οὖν
529 4246 868 4313 δουλεύοντος
917 4249 994 4320 τῷ
1038 4250 1216 4322 Λόγῳ,
1262 4250 1422 4322 ἔργον
1466 4252 1582 4305 ἐστὶ
1631 4251 1694 4304 16

127 4332 287 4393 καλῶς
329 4337 525 4400 εἰπεῖν,
566 4357 582 4387 ‹
609 4336 815 4410 Κύριος
870 4339 1096 4410 Ἰησοῦς,
1123 4361 1140 4391 ι
1181 4340 1398 4395 καὶτοῦ
1431 4341 1692 4411 ἀνάλογον

127 4422 282 4494 τούτῳ
320 4427 564 4497 μαθητοῦ
593 4430 654 4482 τὸ
682 4429 862 4494 καλῶς
904 4432 1082 4484 εἰπεῖν
1121 4431 1198 4501 τῷ
1231 4432 1447 4503 Σωτῆρι
1478 4433 1570 4485 τό·
1617 4454 1634 4484 ι
1663 4435 1693 4487 6

126 4513 452 4581 διδάσκαλος·
483 4539 501 4571 .i
553 4523 690 4592 πρὸς
734 4521 793 4574 ὃν
842 4522 1040 4592 λέγοιτ’
1078 4523 1144 4577 ἂν
1177 4523 1259 4586 τὸ,
1300 4543 1318 4574 ι
1342 4524 1473 4595 Εἰμὶ
1506 4523 1634 4596 γὰρ,
1666 4543 1683 4575 r

1805 2028 2007 2097 quibus
2033 2024 2209 2095 magis
2249 2025 2402 2081 deest
2433 2042 2450 2092 ;
2487 2034 2542 2082 et
2567 2026 2720 2092 illud,
2777 2047 2796 2082 ι
2832 2026 2962 2084 Esto
2999 2028 3250 2083 dominus
3274 2028 3386 2084 fra-

1810 2118 1908 2172 tris
1945 2117 2022 2171 tui
2051 2117 2116 2179 “,
2155 2134 2174 2168 ι
2209 2117 2276 2170 ad
2309 2131 2404 2172 eos
2426 2119 2520 2188 qui
2546 2116 2714 2176 Jaeob
2754 2119 2934 2176 instar
2961 2131 3090 2178 sunt
3119 2131 3384 2190 praistan-

1805 2210 1998 2274 tiores,
2022 2207 2370 2278 perspicuum
2400 2218 2487 2263 est
2526 2225 2744 2266 servum
2769 2215 2861 2282 qui
2903 2212 3082 2268 factus
3113 2214 3277 2269 fuerit
3303 2213 3387 2270 si-

1805 2311 1899 2358 cut
1924 2301 2200 2365 dominus,
2227 2301 2415 2356 lavare
2445 2303 2608 2372 pedes
2633 2317 2820 2358 eorum
2855 2304 2948 2375 qui
2974 2289 3222 2360 serviunt
3249 2307 3384 2361 doc-

1809 2395 1966 2450 trina:
1991 2409 2156 2464 quam
2188 2407 2355 2462 penes
2380 2410 2442 2451 se
2477 2396 2642 2450 habet
2668 2411 2684 2460 ;
2710 2396 2967 2466 quoniam
2996 2410 3102 2450 non
3131 2396 3388 2452 existimo

1804 2487 2010 2542 dictum
2045 2487 2176 2551 hoc,
2226 2504 2246 2541 ι
2280 2486 2390 2543 Vos
2429 2486 2638 2542 vocatis
2661 2500 2750 2540 me
2772 2484 3092 2556 Magistrum
3113 2497 3168 2541 et
3205 2486 3388 2542 Durni-

1804 2594 1958 2643 num,
1987 2587 2043 2634 et
2075 2580 2218 2635 bene
2265 2580 2491 2645 dicitis;
2522 2593 2645 2634 sum
2691 2579 2916 2643 etenim,
2951 2598 2972 2632 ι
3007 2578 3142 2633 nihil
3165 2579 3388 2633 omnino

1803 2671 2006 2727 trahere
2057 2670 2385 2740 profundum
2429 2686 2493 2726 ac
2533 2684 2697 2740 supra
2735 2669 3032 2725 multorum
3083 2669 3388 2738 intelligeno

1801 2766 1956 2829 tiam,
1990 2767 2436 2837 quandoquidem
2467 2784 2573 2823 non
2597 2766 2850 2823 omnibus
2877 2766 3200 2836 quidicunt,
3232 2783 3253 2818 ι
3273 2765 3386 2819 Do-

1801 2861 1968 2926 mine,
2007 2863 2260 2928 Domine,
2295 2881 2315 2914 ι
2343 2863 2550 2918 dictum
2578 2861 2744 2917 fuerit
2773 2877 2801 2916 a
2831 2860 2959 2916 Jesu
2987 2879 3000 2915 :
3039 2878 3058 2911 ι
3091 2860 3197 2916 Vos
3225 2874 3384 2914 voca-

1803 2951 1872 3006 tis
1912 2966 1999 3008 me
2040 2953 2330 3008 Dominum
2359 2968 2421 3008 ac
2458 2953 2804 3026 Magistrum,
2846 2963 2901 3008 et
2936 2953 3075 3008 bene
3121 2953 3323 3007 dicitis.
3357 2971 3379 3005 ι

1801 3041 1987 3114 Neque
2030 3046 2175 3100 enim
2207 3046 2345 3101 bene
2376 3046 2567 3102 dicunt
2617 3045 2715 3110 illi,
2771 3066 2788 3097 ι
2825 3044 3072 3109 Domine,
3107 3061 3126 3096 ι
3181 3044 3275 3113 qui
3326 3043 3380 3098 in

1799 3136 1887 3192 die
1916 3136 2004 3191 illa
2039 3137 2238 3193 dicturi
2273 3147 2442 3194 sunt:
2480 3156 2500 3190 ι
2533 3137 2780 3204 Domine,
2816 3136 3062 3202 Domine,
3107 3149 3290 3189 nonne
3327 3135 3379 3188 iu

1801 3231 2018 3286 nomine
2051 3241 2143 3286 tuo
2176 3232 2406 3296 edimus,
2443 3239 2499 3286 et
2549 3231 2603 3286 in
2634 3232 2853 3285 nomine
2906 3239 2998 3284 tuo
3042 3228 3300 3294 bibimus,
3327 3237 3382 3282 et

1799 3322 1853 3377 in
1887 3324 2109 3378 nomine
2142 3333 2236 3380 tuo
2266 3324 2532 3380 daemonia
2567 3323 2851 3394 eiecimus,
2883 3331 2940 3378 et
2967 3322 3203 3376 virtutes
3242 3319 3381 3374 mul-

1798 3424 1881 3472 tas
1909 3415 2140 3472 fecimus
2166 3418 2190 3471 ?
2222 3439 2240 3468 ι
2271 3417 2502 3488 proinde
2522 3418 2666 3472 dicet
2693 3415 2801 3472 illis
2828 3414 2987 3471 Jesus
3011 3431 3028 3468 :
3062 3431 3082 3466 ι
3107 3413 3380 3468 Discedite

1793 3520 1827 3560 α
1857 3521 1983 3574 me;
2033 3523 2312 3578 nunquam
2351 3521 2449 3563 vos
2485 3508 2636 3573 novi,
2669 3506 2796 3576 quia
2837 3505 3075 3574 operarii
3109 3505 3243 3560 estis
3272 3504 3380 3558 iui-

1796 3599 2022 3669 quitatis
2042 3599 2122 3665 ¹⁶;
2154 3617 2174 3651 ι
2203 3613 2324 3668 quae
2343 3599 2529 3662 verba,
2557 3611 2752 3667 nempe
2800 3594 3067 3650 Discedite
3085 3611 3118 3648 α
3148 3611 3251 3659 me,
3270 3608 3377 3648 non

1797 3690 1904 3746 illis
1920 3691 2144 3746 dixisset
2166 3689 2211 3746 si
2235 3689 2309 3744 illi
2336 3691 2473 3744 bene
2490 3690 2775 3752 dixissent,
2797 3705 2815 3738 ι
2830 3687 3078 3751 Domine,
3096 3685 3372 3742 Domine»

1791 3781 1933 3849 Quin
1962 3782 2125 3837 etiam
2161 3782 2265 3836 hoc
2295 3780 2527 3845 dictum,
2587 3797 2606 3831 ι
2638 3778 2753 3832 Non
2781 3778 3032 3848 quisquis
3058 3777 3190 3831 mihi
3219 3777 3352 3832 dicit

1795 3873 2041 3936 Domine,
2069 3869 2319 3939 Domine,
2361 3870 2586 3926 intrabit
2622 3869 2677 3924 in
2708 3884 2932 3938 regnum
2961 3867 3226 3923 caelorum
3253 3869 3316 3932 ⁸⁷,
3348 3887 3368 3920 ι

1792 3963 1970 4035 palam
1999 3963 2156 4019 docet
2204 3978 2310 4018 non
2335 3977 2550 4017 omnem
2574 3963 2870 4025 dicentem,
2911 3978 2930 4011 ι
2969 3960 3218 4026 Domine,
3269 3961 3375 4014 Do-

1793 4056 1982 4122 mine,
2030 4075 2050 4109 ι
2101 4054 2476 4110 testimonium
2526 4052 2844 4108 habiturum
2909 4052 2978 4107 ab
3029 4052 3186 4121 ipso,
3237 4053 3376 4106 sicut

1793 4161 1940 4200 nunc
1974 4144 2229 4215 apostoli,
2261 4143 2459 4215 quibus
2492 4143 2674 4198 dixit:
2727 4161 2746 4195 ι
2793 4141 2940 4196 Bene
2998 4142 3198 4208 dicitis,
3249 4155 3370 4196 sum

1793 4237 2019 4291 etenim.
2055 4253 2075 4288 ι
2110 4233 2251 4289 Vere
2273 4234 2414 4289 enim
2448 4231 2641 4288 vit-ium
2676 4247 2783 4287 non
2814 4232 3045 4302 amplius
3071 4232 3152 4287 eis
3198 4232 3372 4286 domi-

1794 4327 2050 4393 nabatur,
2079 4326 2175 4382 sed
2200 4326 2394 4394 Λόγος,
2428 4324 2449 4397 [
2473 4326 2524 4380 id
2563 4334 2642 4380 est
2668 4325 2808 4379 ratio
2832 4342 2846 4390 ;
2872 4323 2972 4395 }et
2993 4334 3050 4378 ut
3074 4326 3378 4394 generatim

1794 4419 1996 4486 dicam,
2025 4419 2308 4482 Dominus,
2349 4419 2452 4474 hoc
2485 4426 2592 4480 est,
2631 4417 2884 4471 universa
2917 4416 3154 4471 animata
3197 4425 3253 4470 et
3293 4417 3369 4470 vi-

1794 4525 1928 4566 vens
1976 4511 2172 4566 virtus.
2205 4509 2347 4576 Quin
2379 4511 2545 4565 etiam
2581 4511 2627 4564 si
2670 4528 2687 4561 ι
2727 4509 2906 4564 nullus
2937 4517 3118 4578 potes:
3164 4508 3370 4572 dicere,

128 4606 212 4658 οὒκ
240 4607 303 4661 ἂν
333 4609 730 4682 λεχθησόμενον
777 4613 882 4666 ὑπὸ
926 4613 1020 4666 τοῦ
1070 4614 1242 4683 Λόγου
1277 4615 1355 4686 τῷ
1384 4615 1684 4670 δυυλεύοντι

1796 4605 2054 4660 Dominus
2082 4602 2262 4669 Jesus,
2297 4602 2400 4658 nisi
2426 4603 2479 4657 in
2511 4600 2717 4671 Spiritu
2751 4611 2942 4656 sancto
2980 4603 3049 4668 ¹⁸,
3087 4621 3106 4654 ι
3153 4614 3207 4657 et
3242 4619 3373 4657 con-

129 4698 184 4764 τῇ
232 4699 497 4772 ἁμαρτίᾳ,
539 4703 634 4756 καὶ
673 4703 751 4774 τῷ
811 4703 1235 4776 μαθητευομένῳ
1282 4708 1395 4770 τοῖς
1445 4706 1687 4777 ψεύδεσι.

132 4787 257 4858 Πλὴν
287 4793 381 4844 καὶ
423 4791 578 4860 ἅγιον
616 4792 744 4846 ὄντα
789 4793 1060 4866 ἐνδέχεται
1111 4795 1313 4850 δεῖσθαι
1345 4796 1448 4866 τῆς
1491 4797 1691 4866 νίψεως

129 4879 223 4933 τῶν
249 4884 423 4937 ποδῶν
438 4902 453 4914 ’
478 4887 598 4938 ἐπεὶ
615 4887 710 4939 καὶ
735 4889 768 4958 ἡ
789 4888 1197 4959 καταλεγομένη
1216 4891 1294 4952 εἰς
1310 4889 1691 4960 ἐκκλησιαστι-

130 4968 217 5040 algu
253 4974 414 5045 τιμὴν
456 4976 566 5045 (2'5)
615 4978 761 5049 χήρα
811 4978 1124 5046 ἐξετάζεται
1173 4978 1311 5050 μετὰ
1354 4978 1463 5032 τῶν
1513 4979 1688 5033 ἄλλων

131 5062 288 5117 καλῶν
317 5067 410 5118 καὶ
442 5067 499 5118 ὲν
530 5067 630 5138 τῷ,
665 5071 714 5122 εί
744 5069 913 5136 ἁγίων
947 5070 1112 5134 πόδας
1140 5069 1317 5140 ἔνιψε·
1351 5069 1558 5137 γελοῖον
1579 5069 1688 5141 γὰρ

130 5146 264 5221 οἶμαι
291 5159 579 5227 τυγχάνειν
607 5159 670 5212 16
709 5161 900 5232 στῆναι
933 5161 1026 5215 ἐπὶ
1069 5161 1162 5215 τοῦ
1191 5161 1376 5234 ῥητοῦ,
1410 5163 1525 5226 καὶ,
1555 5163 1688 5234 φέρε

132 5250 302 5313 εἰπεῖν,
353 5254 454 5322 τὴν
487 5252 712 5324 ἔχουσαν
748 5258 927 5312 πάντα
967 5259 1035 5313 τὰ
1080 5260 1551 5332 χαρακτηρίζοντα
1587 5259 1688 5331 τὴν

131 5341 272 5406 ἁγίαν
301 5346 495 5415 χήραν,
529 5349 621 5400 καὶ
658 5348 832 5421 τούτῳ
879 5351 1026 5423 μόνῳ
1064 5351 1379 5414 λείπουσαν,
1414 5352 1489 5422 μὴ
1521 5369 1688 5406 κατα-

131 5431 365 5502 τετάχθαι
411 5437 492 5497 ei;
539 5437 996 5512 ἐκκλησιαστικὴν
1042 5441 1226 5513 τιμὴν,
1281 5441 1541 5505 πολλάκις
1597 5440 1688 5494 διὰ

1793 4698 2095 4753 sideremus
2120 4695 2248 4762 quid
2278 4695 2351 4750 sit
2391 4694 2574 4750 dicere
2612 4693 2663 4747 in
2701 4693 2804 4748 hoc
2853 4693 2996 4758 loco,
3048 4712 3067 4746 ι
3111 4693 3371 4750 Dominus

1791 4791 1951 4848 Jesus
1980 4808 1995 4856 ;
2029 4809 2048 4841 ι
2083 4787 2246 4860 422
2299 4788 2389 4858 qui
2447 4788 2602 4857 dicit,
2648 4808 2668 4842 ι
2722 4791 2981 4846 Dominus
3026 4790 3207 4854 Jesus,
3241 4808 3260 4842 ι
3313 4788 3367 4842 in

1794 4883 2002 4956 Spiritu
2033 4890 2245 4947 sancto,
2282 4879 2424 4935 bene
2461 4880 2615 4936 dicit.
2649 4881 2732 4936 A-n
2768 4897 2900 4937 vero
2930 4882 3020 4951 qui
3051 4884 3189 4936 bene
3211 4881 3365 4944 dicit,

1793 4977 1838 5033 is
1864 4977 2087 5032 omnino
2111 4975 2258 5030 dicat
2285 4971 2449 5026 etiam
2481 4972 2535 5026 in
2565 4971 2771 5042 Spiritu
2804 4982 3018 5036 sancto,
3049 4980 3103 5028 tu
3132 4987 3365 5042 quaeres,

1793 5077 2019 5142 propter
2045 5067 2204 5131 illud,
2259 5087 2278 5123 ι
2310 5068 2377 5124 Et
2410 5067 2547 5123 bene
2574 5065 2780 5129 dicitis,
2816 5082 2836 5118 ι
2881 5063 3024 5132 quod
3059 5079 3204 5117 nunc
3239 5078 3371 5117 exa-

1794 5163 2038 5218 minalur
2067 5176 2191 5217 cum
2220 5160 2316 5215 illo
2341 5159 2528 5213 dicto:
2571 5175 2590 5208 ι
2626 5155 2872 5211 Nondum
2913 5154 3058 5208 enim
3102 5165 3224 5208 erat
3251 5154 3370 5223 Spi-

1793 5254 1934 5312 ritus
1951 5254 2130 5318 datus,
2153 5253 2278 5323 quia
2303 5250 2541 5308 nOndum
2561 5257 2707 5304 esset
2727 5247 2881 5302 Jesus
2899 5246 3311 5319 gloriﬁcatus".
3342 5266 3360 5298 ι

1793 5347 1942 5403 Illius
1981 5347 2170 5416 itaque
2195 5344 2286 5413 qui
2323 5345 2537 5400 sincere
2590 5352 2645 5399 et
2683 5355 2756 5396 ex
2805 5340 2989 5398 animo
3019 5339 3186 5394 servit
3226 5337 3364 5394 Fi'lin

1797 5439 1916 5501 Dei,
1959 5436 2196 5493 ofﬁcium
2227 5445 2306 5490 est
2335 5434 2472 5489 bene
2512 5433 2717 5498 dicere,
2751 5450 2774 5484 ι
2827 5431 3086 5486 Dominus
3122 5427 3300 5495 Iesus,
3339 5449 3359 5481 ο

195 5595 542 5668 "Romam,
569 5600 656 5654 l5.
735 5600 780 5631 ¹³
807 5588 830 5654 l
852 5601 976 5656 Cor.
1001 5618 1101 5667 xu,
1129 5602 1222 5658 28.
1299 5603 1343 5634 ⁸⁷⁵
1373 5601 1511 5660 Gen.
1541 5617 1710 5661 δικ-ιι.
1734 5600 1824 5655 60.
1904 5602 1948 5633 "
1967 5601 2096 5660 ibid.
2117 5601 2208 5656 29.
2285 5601 2328 5633 ¹⁶
2352 5599 2546 5656 Matth.
2572 5598 2776 5668 vn,22,
2799 5598 2904 5666 23;
2934 5596 3067 5654 Luc.
3112 5611 3232 5660 xnt,
3271 5593 3364 5662 26,

131 5662 209 5718 9.7.
249 5669 287 5699 "
318 5662 632 5737 Matthﬁvn,
657 5670 748 5725 21.
826 5671 869 5702 ’⁸
891 5673 1050 5727 lCor.
1079 5662 1178 5736 in,
1202 5673 1258 5727 5.
1334 5675 1376 5705 ¹⁹
1402 5673 1555 5729 Juan.
1581 5688 1676 5738 vn,
1699 5671 1790 5727 59.

196 5760 297 5839 (ἓξ)
318 5763 516 5839 (ξοιξοιΔ
531 5764 882 5830 Bodleiauus,
906 5769 1322 5839 νενομισμένον.

194 5831 291 5906 (25)
327 5833 436 5888 Kal
482 5835 540 5906 si
547 5836 992 5906 καταλεγομένη
1039 5831 1688 5906 εἰς’ἐκκλησιαστικὴν

136 5903 306 5973 τιμὴν,
359 5915 470 5962 etc.
524 5903 706 5960 Vidine
765 5903 943 5962 autem
988 5907 1092 5961 illa:
1128 5911 1194 5964 ad
1249 5903 1683 5964 ecclesiasticum

1795 5765 2058 5820 honorem
2096 5763 2307 5828 ascitas,
2347 5777 2426 5818 ea:
2467 5771 2768 5830 erantqutc
2815 5761 3139 5817 diaconissae
3203 5759 3363 5814 dictae

1793 5843 1957 5898 stant;
2015 5833 2314 5902 enjnsnmdi
2366 5845 2487 5888 erat
2548 5833 2756 5890 Phariae
2807 5832 2899 5887 illa
2961 5830 3360 5886 (Zenchreensis

1794 5904 2046 5960 Ecclesia.-
2071 5904 2392 5961 diaconissa.
2425 5903 2682 5962 HUETIUS.
