4082 6538
118 102 235 241 iii

116 250 235 483 li:
539 446 546 450 _

118 456 237 835 τε,

120 668 155 1129 l

124 1138 197 1459 ἱῗξ

128 1458 197 1685 ξέξ

128 1632 159 3115 ξ

148 3326 163 3843 ξ

152 3854 183 4755 ζ

172 4758 269 5373 ἓι

178 5216 269 5567 ι,

180 5478 269 5827 ll

184 5778 269 6121 il
420 6117 548 6195 λ

719 450 823 508 ’ἓῗί

2173 429 2494 488 ORIGENIS
3877 432 3969 484 τ’ῗὲ

719 579 844 621 cum
873 565 941 618 ad
977 561 1301 630 discipulum
1332 573 1488 628 atque
1522 535 1790 628 pertineat
1819 554 1976 625 hujus
2007 553 2184 609 instar
2209 553 2293 606 di-

2401 544 2701 601 παιδισκῶν
2759 546 2854 600 καὶ⁸
2900 546 3128 600 οἰκετῶν
3180 547 3725 619 φιλοφρονησαμὲνην
3748 589 3762 605 .
3828 550 3884 601 ὲν
3931 543 3971 615 ᾧ

721 670 869 718 cere,
931 672 951 704 ι
1007 651 1261 721 Magister
1308 667 1322 715 ;
1380 669 1399 700 ι
1455 651 1518 703 ad
1570 663 1727 718 quem
1789 649 1902 717 ipse
1953 644 2295 716 respondeat,

726 764 748 799 ι
779 744 908 799 Sum
961 743 1187 806 etenim,
1238 760 1257 794 ι
1314 741 1366 795 id
1415 741 1556 809 quod
1608 739 1847 807 alioquin
1891 738 2136 792 dicturus
2191 749 2297 788 non

723 835 902 891 fuerat
925 833 1086 889 Jes‘us
1115 833 1371 888 servienti
1417 843 1661 902 peccato,
1689 842 1744 887 et
1774 829 2042 899 discipulo
2075 828 2296 882 menda-

723 928 960 982 ciorum.
997 925 1280 994 Contingit
1329 935 1564 979 attamen
1615 933 1858 979 sanctum
1906 933 2121 990 quoque
2164 933 2299 988 opus

725 1019 955 1082 habere,
987 1026 1043 1070 ut
1073 1017 1174 1069 sibi
1215 1017 1464 1070 laventur
1487 1016 1650 1084 pedes
1679 1031 1693 1068 :
1723 1011 1975 1082 quoniam
2007 1009 2300 1079 requiritur

724 1112 895 1166 etiam
931 1124 959 1162 a
996 1109 1158 1163 vidua
1201 1108 1270 1172 ὀ,
1305 1122 1426 1175 qua:
1480 1113 1902 1160 connumeratnr
1945 1103 1996 1156 in
2041 1102 2298 1155 honorem

728 1199 1185 1261 ecclesiasticum,
1220 1212 1285 1250 an
1327 1198 1470 1249 inler
1497 1194 1600 1246 alia
1631 1194 1792 1255 bona,
1831 1199 2141 1244 sanctorum
2170 1200 2301 1254 quo-

727 1311 834 1363 que
879 1294 1046 1363 pedes
1098 1291 1314 1345 laverit.
1360 1287 1489 1342 Nam
1523 1285 1816 1340 ridiculum
1863 1281 2118 1336 existimo
2149 1279 2296 1348 afﬁgi

725 1387 949 1451 litteras,
976 1385 1308 1451 viduamque
1349 1382 1460 1434 iure
1499 1377 1701 1441 omnia,
1746 1385 1804 1428 ut
1841 1375 1912 1427 ita
1968 1373 2168 1433 dicam,
2206 1371 2301 1424 ha-

729 1479 947 1532 bentem
1001 1490 1123 1545 qua:
1174 1483 1420 1528 sanctam
1469 1469 1745 1524 delineent
1794 1466 2035 1529 viduam,
2087 1465 2299 1532 hacque

725 1583 830 1621 una
881 1581 939 1622 re
993 1576 1293 1629 carentem,
1347 1577 1449 1616 non
1498 1558 1752 1628 conjungi
1801 1557 1990 1612 honori
2040 1555 2292 1610 ecclesia-

725 1658 890 1719 stico,
920 1670 1040 1709 cum
1073 1655 1191 1722 ipsa
1225 1654 1557 1720 frequenter,
1595 1645 1960 1703 mediantibus
1995 1645 2207 1700 ancillis
2245 1655 2300 1700 et

725 1743 930 1807 vernis,
959 1746 1255 1812 prudenter
1309 1739 1480 1806 egerit
1532 1746 1778 1805 tempore
1820 1751 1928 1804 quo
1967 1735 2295 1798 abundabat,

726 1835 1065 1902 habebatque
1104 1842 1406 1900 opportuna
1439 1829 1634 1898 quibus
1665 1827 1990 1882 beneﬁcium
2025 1825 2298 1880 conferret

2399 638 2577 709 καιρῷ
2610 639 2844 709 ηὐπόρει
2877 638 3010 709 (24).
3038 639 3134 692 καὶ
3167 636 3278 708 εἶχε
3313 640 3384 693 τὰ
3417 639 3720 711 ἐπιτήδεια,
3748 640 3868 702 τοίις
3895 640 3961 705 ξέο

2398 748 2543 794 νους,
2575 729 2609 800 ἢ
2644 729 2768 792 τοὺς
2787 729 3127 794 ἁπαξαπλῶς
3156 731 3447 801 δεομένους
3471 731 3566 785 τοῦ
3601 731 3965 804 φιλάνθρωπόν

2397 839 2450 874 τι
2493 821 2652 890 ἔργον
2694 822 2800 874 ἀπ’
2841 821 3012 892 αὐτῆς
3058 822 3270 875 παθεῖν.
3320 825 3432 876 Καὶ
3489 824 3563 894 μὴ
3611 823 3890 895 θαυμάσῃς
3920 827 3962 877 εἰ

2399 913 2622 981 ἀνάγειν
2671 929 2730 964 σε
2774 913 2855 964 δεῖ
2891 913 2949 965 τὸ
2969 954 2984 977 ,
3029 933 3047 963 ι
3069 913 3132 966 Ei
3166 914 3340 981 ἁγίων
3369 914 3536 978 πόδας
3565 914 3767 984 ἔνιψεν,
3795 934 3812 966 ι
3843 917 3961 968 ὅπου

2400 1003 2711 1058 κελεύονται
2743 1003 3002 1071 ἀνάλογον
3039 1007 3152 1068 τοῖς
3185 1005 3577 1076 πρεσϐυτέροις
3624 1006 3962 1076 πρεσϐύτιδες

2399 1094 2536 1149 εἶναι
2570 1095 2664 1149 καὶ
2710 1095 2888 1148 καλῶν
2921 1095 3224 1150 διδάσκαλοι
3247 1097 3382 1168 (25).
3419 1099 3560 1168 Ὅρα
3599 1099 3659 1150 δὲ
3689 1101 3738 1150 εί
3770 1098 3842 1169 μὴ
3883 1100 3962 1152 καὶ

2399 1189 2634 1261 ἐργῶδές
2675 1191 2790 1242 ἐστι
2836 1188 2897 1241 τὸ
2939 1188 3095 1242 πάνθ’
3133 1189 3373 1241 ὁντινοῦν
3422 1189 3858 1261 μαθητευόμενον
3897 1192 3962 1261 τῷ

2399 1280 2638 1352 Χριστῷ,
2693 1279 2912 1333 θέλοντα
2965 1279 3207 1350 πληροῦν
3252 1281 3352 1350 τὴν
3405 1280 3672 1349 λέγουσαν
3723 1281 3961 1352 ἐντολὴν,

2405 1392 2423 1422 ι
2452 1363 2576 1425 Καὶ’
2596 1372 2752 1442 ὑμεῖς
2784 1371 3025 1440 ὀφείλετε
3054 1371 3294 1442 ἀλλήλων
3322 1372 3531 1427 νίπτειν
3559 1375 3688 1433 τοὺς
3728 1373 3919 1437 πόδας,
3943 1393 3957 1423 ι

2397 1464 2473 1528 ὼς
2524 1463 2867 1534 ὀφειλόμενον
2913 1463 3070 1534 ἔργον
3112 1464 3315 1517 ἐθέλειν
3348 1467 3542 1529 ποιεῖν,
3569 1465 3635 1517 τὸ
3665 1465 3816 1532 νῖψαι
3852 1467 3962 1528 τοὺς

2401 1555 2743 1625 σωματικοὺς
2771 1556 2864 1607 καὶ
2897 1554 3187 1624 αἰσθητοὺς
3221 1556 3386 1617 πόδας
3405 1555 3514 1608 τῶν
3539 1555 3804 1623 ἀδελφῶν,
3834 1555 3962 1609 ὥστε

2399 1646 2523 1707 τοὺς
2605 1645 2662 1696 ὲν
2745 1644 3066 1715 ποιᾳποτοῦν
3124 1644 3377 1698 ὑποθέσει
3435 1646 3550 1715 βίου
3607 1645 3963 1716 τυγχάνοντας

2401 1737 2623 1799 πιστοὺς
2668 1735 2825 1788 τοῦτο
2876 1739 3045 1789 ποιεῖν
3070 1777 3084 1801 ,
3150 1737 3259 1790 εἴτε
3307 1739 3365 1790 ὲν
3415 1737 3842 1810 ἐκκλησιαστικῇ
3887 1743 3962 1793 δο-

2401 1825 2628 1888 κοῦντας
2673 1819 2808 1879 εἶναι
2857 1825 3093 1896 ὑπεροχῇ
3143 1825 3475 1889 ἐπισκόπους
3527 1828 3624 1880 καὶ
3672 1827 3960 1898 πρεσϐυτέ-

730 1900 1053 1993 hospitibus,
1091 1933 1254 1992 atque
1307 1923 1474 1976 etiam
1519 1920 1628 1983 his,
1676 1928 1734 1973 ut
1765 1919 2064 1988 generatim
2094 1917 2294 1978 dicam,

2404 1933 2548 1984 ρους,
2582 1915 2691 1967 εἴτε
2718 1915 2810 1967 καὶ
2838 1917 2895 1966 ὲν
2920 1915 3099 1978 ἄλλοις
3131 1919 3414 1985 κοσμικοῖς
3457 1933 3600 1969 τισιν
3629 1915 3927 1986 ἀξιώμασιν
3949 1936 3960 1948 ·

723 2013 820 2085 qui
861 2028 996 2083 opus
1042 2015 1312 2068 habebant
1364 2021 1421 2065 ιιι
1469 2013 1536 2064 ab
1588 2025 1650 2064 ea
1701 2009 2047 2077 perciperent
2091 2007 2294 2076 aliquid

724 2104 889 2158 ofﬁcii
920 2103 1164 2158 humani.
1201 2104 1308 2158 Nec
1359 2103 1576 2156 mireris
1625 2100 1668 2154 si
1704 2099 1800 2153 tibi
1825 2099 2196 2168 exponendum
2228 2099 2298 2152 sit

725 2194 1023 2264 anagogico
1078 2208 1242 2248 sensu
1321 2193 1422 2246 hoc
1479 2192 1729 2255 dictum,
1785 2209 1803 2240 ι
1844 2190 1900 2242 Si
1977 2197 2287 2242 sanctorum

725 2284 890 2352 pedes
916 2284 1066 2348 lavit,
1101 2302 1120 2336 ι
1157 2299 1279 2336 cum
1311 2297 1449 2335 anus
1475 2282 1772 2350 iubeantur
1801 2281 1916 2349 pari
1945 2281 2153 2333 ratione
2173 2292 2296 2332 cum

727 2373 1094 2445 presbysteris
1140 2376 1369 2428 honesta
1425 2372 1619 2426 docere
1667 2373 1737 2424 “.
1769 2366 1902 2425 Vide
1931 2385 2060 2425 vero
2091 2387 2156 2424 an
2196 2385 2298 2424 non

728 2466 893 2522 etiam
950 2479 1240 2534 operosum
1281 2465 1353 2519 sit
1403 2463 1624 2518 cuilibet
1651 2462 1855 2518 Christi
1903 2463 2170 2532 discipulo
2201 2478 2299 2516 vo-

729 2556 860 2612 lenti
895 2558 1124 2627 implere
1175 2555 1491 2611 mandatum
1521 2556 1734 2620 dicens,
1803 2572 1822 2605 ι
1858 2555 1923 2608 Ει
1967 2570 2062 2608 vos
2091 2555 2299 2609 debetis

730 2648 822 2704 alii
854 2649 1082 2702 aliorum
1122 2649 1303 2702 lavare
1349 2649 1513 2716 pedes
1559 2647 1626 2711 ",
1680 2664 1698 2697 ι
1749 2647 1793 2700 si
1833 2646 1963 2701 velit
1990 2645 2300 2714 corporales

735 2754 800 2794 ac
829 2739 1116 2794 sensibiles
1149 2738 1378 2793 fratrum
1414 2739 1576 2807 pedes
1611 2737 1813 2804 lavare,
1846 2753 1947 2792 ceu
1978 2753 2111 2807 opus
2143 2738 2298 2791 dehi-

734 2839 870 2895 tum,
925 2839 982 2884 ιιι
1034 2829 1220 2884 ﬁdeles
1258 2829 1314 2882 in
1344 2831 1537 2900 quovis
1563 2829 1688 2883 vita:
1733 2843 1934 2899 genere
1981 2827 2302 2882 exsisteutes

732 2922 837 2978 hoc
862 2923 1084 2990 faciant,
1129 2922 1242 2977 sive
1272 2922 1365 2991 qui
1407 2920 1659 2975 videntur
1698 2935 1822 2975 esse
1869 2920 1919 2973 in
1971 2919 2302 2974 sublimitate

731 3014 1101 3070 ecclesiastica
1130 3013 1395 3083 cpisc0pi,
1428 3023 1482 3067 et
1516 3013 1842 3083 presbyteri,
1871 3014 1985 3066 sive
2012 3014 2063 3066 in
2087 3012 2304 3080 quibus-

730 3105 857 3161 dam
889 3105 1011 3159 aliis
1044 3105 1335 3160 mundanis
1357 3105 1754 3174 dignitatibus;
1787 3107 1920 3159 adeo
1963 3115 2022 3158 ut
2053 3105 2192 3158 hanc
2231 3105 2303 3158 ob

731 3207 952 3248 causam
1008 3195 1174 3248 herus
1232 3208 1449 3263 quoque
1505 3194 1685 3247 veniat
1739 3195 1805 3248 ad
1854 3195 2110 3248 lavandos
2157 3193 2298 3248 servi

729 3284 1001 3339 credentis
1039 3286 1226 3354 pedes,
1253 3293 1309 3337 et
1337 3292 1592 3352 parentes
1622 3285 1740 3338 filii.
1789 3283 1890 3349 Qui
1928 3299 2042 3339 mos
2082 3285 2298 3354 quidem

733 3384 874 3444 erat,
931 3377 1025 3431 sed
1063 3392 1204 3430 nunc
1233 3392 1338 3430 non
1395 3378 1476 3442 ﬁt,
1528 3379 1630 3434 nisi
1673 3393 1834 3446 supra
1869 3378 2084 3430 modum
2136 3376 2301 3431 raris-

732 3468 889 3531 sime,
925 3477 981 3520 et
1011 3469 1152 3536 apud
1193 3468 1480 3523 admodum
1531 3470 1812 3539 simplices
1848 3469 2300 3538 rusticioresque.

731 3556 894 3628 423
918 3556 1123 3613 Praeter
1153 3558 1266 3613 haec
1293 3567 1470 3614 autem
1504 3560 1814 3615 meminisse
1842 3561 2099 3614 debemus
2117 3572 2301 3613 eorum

733 3664 855 3719 quae
881 3650 1236 3720 disseruimus
1261 3651 1315 3704 in
1339 3651 1480 3705 hunc
1507 3661 1819 3705 contextum
1839 3650 1914 3718 ",
1945 3650 2088 3703 (Nisi
2121 3650 2304 3704 lavero

736 3748 808 3803 te,
843 3753 952 3792 non
980 3739 1149 3794 habes
1174 3747 1382 3808 partem
1414 3754 1651 3804 mecum,
1677 3759 1695 3788 ι
1722 3749 1888 3808 atque
1918 3739 2080 3792 etiam
2111 3737 2297 3792 illius:

740 3847 759 3882 ι
796 3831 962 3885 Scitis
991 3830 1119 3899 quid
1143 3829 1362 3886 fecerim
1391 3831 1580 3886 vobis?
1605 3849 1622 3882 ι
1651 3831 1813 3886 Decet
1840 3830 1986 3884 enim
2006 3828 2188 3883 Jesum
2211 3830 2306 3883 de—

734 3921 879 3976 disse
906 3922 1064 3976 nobis
1091 3921 1395 3990 exemplum
1422 3921 1488 3976 de
1517 3923 1760 3976 lavandis
1785 3922 2014 3992 pedibus
2033 3920 2297 3990 principa-

734 4013 895 4077 libus,
924 4013 1066 4082 quod
1108 4016 1403 4082 respondet
1433 4015 1516 4067 his
1539 4028 1659 4082 qum
1687 4014 1896 4082 tropice
1918 4012 2056 4066 dicta
2087 4010 2306 4065 fuerunt

734 4121 762 4159 a
791 4121 987 4174 sponsa
1022 4107 1077 4159 in
1105 4105 1339 4160 Cantico
1363 4107 1719 4171 canticorum,
1750 4108 1876 4160 dum
1904 4105 2036 4159 dicit
2067 4122 2080 4158 :
2117 4123 2134 4154 ι
2172 4104 2302 4158 Lavi

735 4197 898 4265 pedes
926 4210 1094 4260 meos,
1121 4198 1391 4266 quomodo
1435 4198 1726 4266 inquinabo
1757 4198 1876 4251 illos
1903 4197 2029 4263 ³⁸2»
2064 4197 2304 4251 Attende

737 4297 916 4342 autem
951 4287 1075 4342 huic
1097 4287 1258 4352 dicto,
1309 4304 1328 4337 ι
1365 4285 1435 4341 Ut
1473 4289 1921 4356 quemadmodum
1951 4301 2050 4356 ego
2082 4285 2180 4339 feci
2209 4301 2304 4339 vo-

734 4378 837 4444 bis,
871 4380 944 4432 ita
974 4393 1070 4432 vos
1101 4377 1263 4431 etiam
1295 4376 1505 4431 faciatis
1528 4378 1594 4442 ’⁵,
1623 4396 1640 4427 ι
1670 4392 1790 4430 cum
1818 4380 1919 4432 hoc
1945 4378 2151 4446 pariter
2173 4392 2301 4430 exa-

736 4471 952 4524 minans
986 4488 1002 4524 ;
1045 4487 1063 4520 ι
1097 4468 1212 4524 Nisi
1258 4470 1438 4524 lavero
1472 4480 1546 4534 te,
1595 4485 1699 4523 non
1739 4471 1906 4524 habes
1938 4479 2144 4537 partem
2189 4483 2304 4522 mc-

2399 2005 2538 2058 ὥστε
2582 2006 2722 2059 κατὰ
2773 2006 2931 2059 τοῦτο
2981 2007 3074 2059 καὶ
3120 2007 3212 2059 τὸν
3257 2008 3527 2078 δεσπότην
3568 2009 3727 2077 ἥκειν
3771 2009 3864 2060 ὲπί
3909 2009 3964 2061 τὸ

2397 2098 2607 2152 νίπτειν
2657 2100 2782 2162 τοὺς
2847 2099 3011 2163 πόδας
3063 2099 3154 2152 τοῦ
3201 2099 3546 2164 πιστεύοντος
3597 2100 3784 2154 δούλου
3810 2139 3825 2164 ,
3877 2102 3964 2155 xui.

2397 2190 2523 2252 τοὺς
2571 2193 2747 2259 γονεῖς
2793 2189 2884 2242 τοῦ
2936 2189 3080 2242 υίοῦ·
3125 2191 3263 2262 ὅπερ
3295 2189 3416 2253 ἔθος
3445 2186 3533 2260 ἧν,
3569 2192 3629 2245 οὑ
3674 2191 3878 2259 γίνεται
3913 2191 3965 2243 δὲ

2400 2279 2516 2343 νῦν,
2559 2280 2592 2350 ἢ
2629 2283 2707 2344 εἰς
2751 2280 3050 2350 ὑπερϐολὴν
3100 2280 3211 2353 (26)
3258 2279 3630 2344 σπανιώτατα,
3679 2282 3773 2335 καὶ
3828 2281 3967 2352 παρὰ

2397 2375 2512 2436 τοῖς
2555 2373 2696 2426 πάνυ
2738 2373 3120 2444 ἁπλουστέροις
3164 2375 3256 2426 καὶ
3304 2374 3714 2446 ἀγροικοτέροις
3743 2373 3963 2441 γίνεται.

2401 2464 2814 2533 Μνημονευτέον
2846 2463 2902 2516 δὲ
2949 2465 3027 2526 είς
3061 2463 3229 2516 ταῦτα
3267 2465 3362 2518 καὶ
3397 2465 3504 2516 τῶν
3550 2466 3853 2536 εἰρημένων
3894 2465 3966 2526 εἰς

2401 2555 2486 2608 τό·
2517 2575 2534 2606 ι
2584 2557 2708 2610 Ἐὰν
2737 2556 2812 2627 μὴ
2844 2555 2982 2625 νίψω
3013 2572 3091 2619 σε,
3117 2560 3220 2615 οὐκ
3244 2556 3388 2626 ἔχεις
3416 2557 3580 2628 μέρος
3605 2558 3724 2628 μετ’
3758 2556 3909 2626 ἐμοῦ·
3947 2576 3962 2606 ι

2402 2646 2536 2700 ἀλλὰ
2566 2648 2659 2700 καὶ
2687 2647 2809 2700 τοῦ·
2843 2667 2862 2698 ι
2901 2647 3202 2701 Γινώσκετε
3233 2649 3284 2702 τί
3317 2650 3594 2718 πεποίηκα
3627 2650 3788 2718 ὑμίν;
3821 2669 3838 2700 ι
3864 2649 3968 2700 Καὶ

2401 2739 2510 2810 γὰρ
2546 2739 2741 2810 πρέπει
2797 2739 3098 2809 ὑπόδειγμα
3143 2741 3272 2810 ἡμῖν
3319 2739 3525 2810 Ἰησοῦν
3558 2740 3848 2793 δεδωκέναι
3878 2739 3966 2791 τοῦ

2403 2830 2609 2883 νίπτειν
2666 2830 2832 2892 πόδας
2888 2829 3220 2899 ἡγουμένους
3267 2829 3402 2900 (97),
3460 2830 3521 2882 τὸ
3569 2830 3828 2898 ἀνάλογον
3860 2832 3968 2892 τοῖς

2403 2921 2678 2990 τροπικῶς
2709 2922 2813 2974 ὑπὸ
2841 2921 2939 2990 τῆς
2969 2920 3264 2991 νύμφηςὲν
3283 2919 3360 2990 τῷ
3397 2922 3636 2991 ’ᾼσματι
3667 2921 3773 2973 τῶν
3797 2921 3970 2990 ᾀσμά-

2402 3029 2510 3065 των
2539 3013 2847 3085 εἰρημένοις
2870 3013 2926 3064 ὲν
2950 3013 3053 3082 τῷ·
3092 3031 3108 3063 ι
3150 3012 3451 3083 Ἐνιψάμην
3483 3014 3610 3076 τοὺς
3652 3012 3815 3074 πόδας
3849 3028 3968 3081 μου,

2404 3103 2520 3166 πῶς
2551 3103 2758 3172 μολυνῶ
2786 3102 3010 3166 αὐτούς
3053 3121 3070 3152 ι
3111 3103 3354 3172 Πρόσχες
3398 3102 3453 3154 δὲ
3483 3102 3559 3171 τῷ
3583 3142 3597 3164 ,
3639 3122 3658 3152 ι
3705 3105 3839 3166 Ἵνα,
3873 3119 3970 3155 κα-

2328 3225 2370 3282 C
2405 3192 2511 3256 θὼς
2543 3196 2653 3262 ὲγὼ
2691 3194 2920 3264 ἐποίησα
2949 3194 3098 3263 ὑμῖν,
3130 3193 3224 3245 καὶ
3256 3195 3415 3262 ὑμεῖς
3443 3194 3660 3263 ποιῆτε,
3705 3214 3722 3245 ι
3763 3193 3972 3258 συνεξε-

2401 3284 2580 3349 τάζων
2611 3285 2743 3337 αὑτὸ
2769 3284 2880 3354 τῷο
2914 3304 2932 3336 ι
2977 3284 3099 3337 Ἐὰν
3127 3285 3200 3355 μὴ
3227 3284 3365 3352 νίψω
3396 3302 3476 3347 σε,
3510 3285 3610 3336 οὑκ
3633 3283 3776 3354 ἕχεις
3813 3282 3972 3353 μέρος

2407 3380 2523 3449 μετ’
2551 3377 2705 3448 ἐμοῦ.
2744 3396 2762 3428 ι
2811 3376 2934 3429 Ἐὰν
2959 3376 3015 3428 δέ
3044 3392 3124 3438 τις
3160 3374 3296 3445 πρὸς
3335 3375 3506 3428 ταῦτα
3551 3375 3707 3447 λέγῃ,
3737 3377 3836 3437 ὅτι,
3869 3375 3970 3428 κᾶν

2403 3471 2792 3542 ἀλληγορῖπαι,
2841 3469 2990 3522 οὐδὲν
3033 3451 3197 3540 ἧττον
3239 3468 3522 3536 γεγονέναι
3564 3468 3678 3538 (28)
3730 3467 3868 3521 κατὰ
3915 3467 3971 3518 τὸ

2407 3563 2592 3635 ῥητὸν,
2617 3559 2908 3614 ἀκουστέον
2932 3561 3065 3630 μετὰ
3097 3558 3188 3611 τοῦ
3221 3559 3481 3630 τροπικοῦ
3503 3561 3599 3612 καὶ
3619 3560 3720 3628 τῆς
3743 3558 3972 3628 φασκού-

2406 3670 2506 3723 σης
2529 3653 2756 3718 λέξεως·
2798 3672 2816 3704 ι
2851 3651 2914 3704 Εἰ
2937 3647 3027 3704 οῦν
3048 3651 3200 3720 ἔνιψα
3235 3652 3360 3714 τοὺς
3401 3649 3568 3712 πόδας
3604 3648 3777 3718 ὑμῶν,
3806 3649 3834 3699 ό
3859 3647 3971 3717 Κύ-

2407 3762 2540 3816 ριος,
2578 3745 2671 3798 καὶ
2702 3746 2730 3798 ό
2761 3743 3095 3806 διδάσκαλος,
3129 3741 3226 3794 καὶ
3255 3742 3411 3811 ὑμεῖς
3449 3740 3692 3809 ὀφείλετε
3735 3736 3971 3807 ἀλλήλων

2404 3837 2611 3890 νίπτειν
2640 3837 2766 3898 τοὺς
2797 3835 2963 3898 πόδας
2981 3849 2995 3864 ο
3027 3834 3328 3902 ὑπόδειγμα
3351 3833 3458 3902 γὰρ
3492 3831 3668 3884 ἔδωκα
3695 3831 3838 3901 ὑμῖν,
3863 3830 3970 3890 ἵνα,

2405 3927 2588 3992 καθὼς
2617 3927 2727 3996 ἐγὼ
2755 3927 2985 3995 ἐποίησα
3009 3926 3156 3995 ὑμῖν,
3182 3924 3276 3976 καὶ
3311 3925 3466 3994 ὑμεῖς
3488 3924 3731 3993 ποιῆτε⁶ι
3760 3920 3972 3974 λεκτέον

2406 4019 2540 4091 πρὸς
2573 4018 2662 4071 τὸν
2704 4017 2967 4070 τοιοῦτονο
3007 4016 3124 4085 Ἆρ’
3167 4015 3288 4067 ἐπεὶ
3330 4014 3471 4067 κατὰ
3497 4014 3558 4066 τὸ
3596 4015 3755 4084 ῥητὸν
3784 4012 3971 4080 γέγονε

2404 4111 2464 4162 τὸ
2487 4109 2770 4180 εἰρημένον
2794 4108 2927 4178 πρὸς
2950 4107 3039 4160 τὸν
3065 4107 3282 4160 εἰπόντα
3304 4106 3536 4176 Πέτρον,
3570 4125 3587 4156 ι
3617 4107 3692 4158 Οὐ
3721 4104 3793 4174 μὴ
3814 4103 3969 4175 νίψῃς

2409 4219 2509 4273 μου
2533 4202 2658 4263 τοὺς
2689 4200 2855 4262 πόδας
2877 4201 2954 4263 είς
2987 4197 3294 4273 τὸνῄαἱῶνα,
3337 4217 3353 4247 ι
3381 4199 3442 4250 τὸ
3463 4238 3477 4260 ,
3509 4217 3528 4247 ι
3574 4197 3700 4250 Ἐὰν
3737 4196 3808 4268 μὴ
3833 4196 3969 4264 νίψω

2407 4309 2486 4356 σε,
2523 4292 2622 4345 οὑκ
2665 4291 2807 4362 ἔχεις
2849 4289 3010 4361 μέρος
3042 4289 3154 4359 μετ’
3180 4288 3336 4358 ἐμοῦ,
3377 4307 3395 4340 ι
3422 4289 3516 4341 καὶ
3539 4291 3702 4358 ἡμεῖς
3741 4286 3876 4340 κατὰ
3911 4285 3968 4336 τό

2407 4381 2568 4453 ῥητὸν
2599 4383 2711 4444 τοῖς
2737 4383 2856 4434 κατ’
2889 4380 3170 4434 εὐλάϐειαν
3208 4379 3282 4447 μὴ
3322 4378 3722 4449 ἐμπαρέχουσιν
3767 4376 3967 4430 ἑαυτῶν

2406 4474 2531 4535 τοὺς
2570 4472 2734 4534 πόδας
2761 4472 2914 4541 ἡμῖν,
2953 4469 3038 4521 ἵνα
3073 4468 3269 4530 αὑτοὺς
3303 4467 3562 4536 νίψωμεν,
3596 4469 3834 4537 φήσομεν
3877 4467 3967 4517 καὶ

732 4578 877 4618 cum.
911 4581 931 4614 ι
967 4559 1160 4614 Verum
1190 4561 1234 4614 si
1265 4561 1531 4630 quispiam
1561 4570 1752 4615 contra
1782 4562 1898 4615 lucc
1923 4561 2087 4623 dicat,
2108 4575 2298 4628 quam-

2405 4561 2746 4632 τολμήσομεν
2774 4563 2944 4614 εἰπεῖν
2973 4561 3082 4621 τοῖς
3103 4558 3363 4622 τοιούτοις
3397 4558 3457 4610 τό
3476 4575 3488 4586 ·
3524 4576 3541 4606 ι
3583 4558 3709 4609 Ἐὰν
3737 4558 3808 4627 μὴ
3835 4556 3968 4625 vidui

801 4695 1172 4771 '°lTim.v,9,
1206 4704 1286 4758 lO.
1362 4705 1405 4735 "
1438 4703 1544 4758 Tit.
1573 4720 1632 4769 It,
1656 4705 1709 4758 5.
1785 4705 1832 4735 ⁸³
1855 4701 2011 4757 .Ioan.
2042 4719 2158 4770 xm,
2199 4705 2287 4758 Η.

806 4845 920 4916 (24)
953 4845 1131 4901 Codex
1167 4844 1390 4916 Regius,
1419 4843 1664 4916 εὐπορεῖ.

951 4917 1106 4985 Ιιιειιι
1138 4909 1303 4970 codex
1352 4909 1592 4985 Begius',
1624 4912 1987 4985 πρεσϐύτεραι
2022 4909 2158 4967 εἶναι
2206 4916 2302 4969 καὶ

737 4983 1203 5044 καλοδιδάσκαλοι,
1229 4986 1322 5039 scd
1349 4983 1679 5038 Bodleianus‘
1704 4995 1761 5035 ut
1786 4985 1835 5036 in
1871 4995 2062 5038 nostro
2087 4995 2253 5039 textu.

804 5057 915 5126 (‘26)
940 5056 1119 5109 Codex
1158 5056 1378 5126 Regius,
1405 5055 1531 5126 τοὺς
1565 5051 1908 5126 πιστεύοντος
1951 5053 2163 5126 δούλου,
2204 5055 2300 5108 καὶ

737 5122 862 5188 τοῦς
897 5122 1072 5195 γονεῖς
1121 5124 1215 5176 τοῦ
1244 5122 1388 5195 υἱοῦ-
1437 5123 1573 5195 ὅπερ
1613 5122 1784 5195 ἐθοςῇ
1817 5123 1878 5174 οὑ
1906 5122 2112 5191 γίνεται
2139 5125 2172 5195 ἢ
2221 5127 2301 5186 είς

741 5193 1062 5265 ὑπερϐολὴν,
1093 5204 1199 5246 etc.
1241 5194 1506 5265 Caeterum
1531 5193 1595 5246 ex
1635 5194 1733 5246 hoc
1761 5193 1876 5265 loco
1905 5193 2171 5265 discimus
2233 5196 2300 5247 ab

739 5263 1089 5333 optimatibus
1113 5265 1178 5316 ad
1210 5263 1570 5331 simpliciores
1603 5271 1661 5333 et
1711 5263 1944 5317 rusticos
1982 5263 2124 5318 hunc
2181 5279 2300 5318 mo-

737 5331 852 5388 rem
876 5332 1041 5386 fuisse
1058 5335 1396 5399 traductum;
1424 5342 1480 5386 at
1508 5333 1575 5386 ab
1612 5331 1718 5385 illis
1752 5347 1966 5386 rursum
2018 5334 2084 5387 ad
2119 5334 2302 5388 Eccle-

738 5405 834 5457 sia:
894 5403 1127 5483 primum
1160 5413 1422 5483 rectores,
1475 5402 1668 5483 deinde
1715 5402 1878 5456 etiam
1923 5403 2302 5483 ad_princ_ip«-s

742 5471 1199 5541 transiit;quibus
1239 5473 1506 5540 hodieque
1547 5471 1787 5526 solemne
1809 5482 1891 5526 est
1922 5471 2054 5527 feria
2108 5471 2294 5541 quinta

740 5544 792 5596 in
842 5542 1005 5596 Coena
1037 5541 1244 5596 Domini
1299 5556 1592 5609 pauperum
1640 5542 1803 5609 pedes
1855 5542 2095 5596 abluere.
2145 5543 2294 5596 llauc

740 5616 1185 5665 consuetudinem
1238 5612 1431 5676 priscis
1481 5611 1811 5678 temporibus
1849 5613 2141 5680 arripuisse
2186 5611 2292 5663 Mc-

740 5682 1105 5734 diolauensem
1130 5680 1452 5748 Ecclesiam,
1480 5689 1532 5732 et
1588 5680 1893 5743 retinuisse,
1949 5683 2184 5748 indeque
2227 5681 2291 5732 ad

742 5751 877 5804 alias
903 5753 1187 5816 plerasque
1218 5746 1382 5802 fuisse
1431 5758 1776 5816 propagatam
1833 5751 2028 5804 docent
2087 5746 2295 5802 veteres

744 5821 1037 5874 memorim.
1096 5819 1294 5871 Morem
1344 5817 1482 5870 hunc
1541 5819 1680 5870 inter
1735 5817 1984 5874 Ecclesiae
2032 5820 2296 5888 primores

2366 4704 2410 4736 ”
2431 4702 2586 4759 Joan.
2618 4721 2739 4770 xm,
2766 4704 2818 4770 8,
2858 4703 2942 4757 ιε.
3018 4702 3063 4732 ³⁸
3090 4702 3245 4753 (Laut.
3277 4716 3326 4765 ν,
3351 4701 3407 4754 5.
3483 4700 3527 4730 ⁸⁸
3548 4697 3703 4753 Joau.
3734 4713 3848 4756 xm.
3881 4697 3966 4752 15.

2412 4848 2725 4903 inusitatum
2771 4847 2939 4902 fuisse
2987 4845 3239 4913 Origenis
3274 4842 3612 4913 temporibus
3657 4841 3970 4913 intelligitur

2410 4921 2575 4972 etiam
2603 4935 2666 4973 ex
2699 4918 2868 4987 ipsius
2893 4912 3144 4987 homil.76
3177 4912 3465 4987 m_lsainm
3489 4954 3503 4977 ,
3538 4929 3685 4966 nttm.
3717 4912 3786 4987 3__:
3819 4929 3839 4961 ι
3872 4912 3971 4963 Ne-

2412 5004 2498 5043 mo
2556 4981 2972 5057 quibuscumque
3021 4984 3696 5057 venientibusassumens
3754 4981 3966 5057 linteum

2410 5051 2690 5124 diaconus,
2715 5059 2798 5109 vel
2832 5051 3139 5126 presbyter,
3165 5055 3282 5108 sive
3310 5054 3596 5126 episcopus
3623 5052 3761 5104 lavat
3784 5051 3965 5117 pedes.

2411 5128 2516 5180 Sed
2543 5128 2587 5180 si
2622 5142 2726 5180 non
2756 5124 3022 5194 intelligas
3048 5140 3111 5180 ea
3133 5139 3255 5192 qua:
3288 5124 3486 5194 scripta
3517 5131 3645 5194 sunt
3673 5161 3688 5183 ,
3727 5135 3817 5194 qm
3844 5133 3969 5172 vere

2407 5197 2546 5251 beati
2607 5207 2733 5251 sunt
2786 5190 3026 5265 episcopi
3084 5190 3391 5265 servientes
3441 5191 3696 5265 Ecclesia:
3752 5190 3966 5265 mittunt

2407 5283 2603 5336 aquam
2644 5268 2710 5320 de
2739 5258 3054 5336 iSc'riptu'ris
3077 5266 3129 5316 in
3194 5263 3392 5330 pelvim
3441 5261 3652 5336 animae.
3699 5258 3838 5336 quod
3885 5271 3962 5336 est

2405 5327 2702 5392 secundum
2726 5327 3056 5407 scripturas,
3092 5343 3146 5387 et
3172 5327 3384 5407 tentant
3427 5335 3620 5407 pedum
3685 5327 3966 5407 discipulo-

2409 5421 2525 5462 rum
2554 5408 2742 5462 sordes
2786 5397 3004 5466 lavare,
3039 5415 3093 5456 et
3138 5403 3341 5463 eluere,
3371 5397 3844 5467 et’projiceretl‘lt
3889 5397 3965 5450 sic

2405 5476 2722 5531 custodiunt
2779 5465 3017 5542 episcopi
3077 5472 3387 5525 mandatum
3434 5465 3706 5521 iiuitantes
3748 5465 3960 5528 .lesnm;

2402 5548 2480 5600 sic
2509 5557 2564 5601 et
2611 5546 2965 5614 presbyteri.»
3063 5611 3090 5614 _
3280 5609 3292 5614 _
3477 5606 3508 5614 ,,
3632 5606 3668 5614 ,
3746 5605 3756 5614 .

2468 5616 2580 5683 (27)
2614 5606 3222 5681 ’Ἡγοῠμένους.ῐ)ροει
3280 5609 3333 5662 in
3388 5606 3580 5662 codice
3632 5606 3814 5674 Regio,
3875 5609 3964 5663 sed

2408 5686 2714 5739 restituitur
2735 5699 2798 5735 ex
2835 5683 3144 5734 Bodleiano.

2476 5756 2588 5823 (‘28)
2629 5750 2968 5822 Γεγονέναι.
3011 5751 3173 5804 Forte
3195 5749 3542 5803 scribendum
3589 5751 3794 5818 γέγονε.
