3804 6540
114 431 219 488 773

1110 433 1468 495 COMMENT.
1510 434 1578 490 ΙΝ
1616 432 1810 494 JOAN.
1847 434 2087 493 TOMUS
2122 436 2338 495 XXXII.

3275 455 3383 509 77‘

113 567 191 617 σε,
226 550 336 607 οὐκ
361 551 505 623 ἔχεις
541 551 704 626 μέρος
746 554 864 627 μετ’
907 552 1065 626 ἐμοῦ.
1108 574 1127 608 ι
1175 557 1239 610 Et
1273 557 1331 610 δὲ
1364 556 1600 612 ἐνταῦθα
1633 559 1675 611 oi

1799 559 1882 614 vis
1942 574 2039 629 per
2111 558 2428 632 allegoriam
2485 559 2762 627 dicantur,
2833 564 3187 626 nihilominus
3236 570 3390 641 juxta

113 645 353 700 δυσωπεῖ
372 645 434 699 τὸ
461 646 491 698 ὅ
519 642 695 711 εἷπον,
727 647 1021 718 ἐπίσκεψαι
1049 646 1101 703 τί
1128 665 1187 701 σε
1211 648 1317 720 χρὴ
1346 647 1528 716 λέγειν
1557 648 1675 721 πρὸ‹

1804 660 2118 707 contextum
2145 651 2291 708 facta
2325 653 2525 721 fuisse,
2560 655 2952 729 moraliterque
2985 659 3151 716 etiam
3185 663 3391 720 intelli-

113 737 207 808 τὴν
239 739 372 809 περὶ
411 736 508 791 τοῦ
542 740 593 791 εί
622 738 728 812 χρὴ
776 741 870 794 καὶ⁵
921 740 1019 813 τὴν
1064 739 1208 807 λέξιν
1253 741 1471 805 πάντως
1505 745 1695 814 τηρεῖν

111 828 471 901 ἑπαπὸρησιν.
508 830 627 884 ’Ότι
670 831 771 901 μὲν
815 826 908 886 οῦν
958 849 1091 886 ποτε
1134 832 1361 903 καθήξει
1404 832 1542 904 τῷδε
1593 833 1692 905 ps»;

108 918 255 989 νῖψαι
285 921 413 984 τοὺς
451 920 618 985 πόδας
651 921 747 975 τοῦ
789 921 1219 995 δεῖναμαθητοῦ
1278 923 1475 994 Ἰησοῦ,
1515 923 1595 996 τῷ
1633 924 1693 979 δὲ

110 1009 485 1083 ἐμπαρασχεῖν
529 1013 726 1078 αὐτοὺς
781 1013 1212 1087 νιφθησομένους
1255 1015 1347 1069 ὑπ’
1382 1015 1571 1082 αὐτοῦ,
1616 1014 1694 1081 ὡς

109 1102 212 1156 ἀπὸ
236 1103 462 1176 ἀγάπης
493 1105 588 1159 καὶ
616 1106 1015 1180 φιλοφροσύνης
1043 1106 1138 1162 τόν
1178 1108 1277 1180 μὲν
1317 1109 1563 1180 ποιῆσαι,
1600 1107 1691 1163 τὸν

110 1194 162 1249 δὲ
196 1201 524 1269 παρασχεῖν,
569 1199 665 1253 καὶ
718 1200 884 1265 αὐτὸς
922 1200 988 1256 ἂν
1060 1202 1484 1275 όμολογήσαιμι.
1530 1205 1593 1258 Εἰ
1632 1204 1690 1258 δὲ

111 1288 352 1359 φήσομεν
404 1290 633 1345 ἕκαστον
686 1291 796 1345 τῶν
849 1293 923 1365 μὴ
983 1294 1300 1349 συνειδότων
1355 1296 1464 1366 (29)
1510 1295 1690 1367 ἑαυτῷ

108 1377 261 1433 τοῦτο
282 1382 665 1452 πεποιηκέναι,
704 1383 799 1436 καί⁸
831 1384 1002 1452 ἁγίων
1030 1384 1173 1439 οὓτω
1197 1389 1324 1451 τοὺς
1351 1387 1519 1454 πόδας
1546 1407 1689 1443 νενι-

1803 743 1976 812 genda
2017 757 2137 798 esse
2169 744 2287 798 haec
2338 745 2541 802 verba:
2583 763 2603 798 ι
2633 746 2691 803 Si
2739 746 2905 818 igitur
2946 765 3046 819 ego
3079 751 3185 808 lavi
3217 756 3384 824 pedes

1800 840 2013 887 vestros
2039 831 2296 903 Magister
2328 841 2384 887 ct
2414 834 2763 902 Dominus,et
2780 849 2874 891 vos
2902 837 3113 894 debetis
3133 839 3229 894 alii
3252 842 3390 897 alio-

1801 939 1920 979 rum
1957 923 2139 978 lavare
2167 926 2332 993 pedes
2361 942 2377 980 :
2413 925 2723 997 exemplum
2772 927 2921 982 enim
2965 930 3091 983 dedi
3125 931 3299 995 vobis,
3330 942 3388 984 ιιι

1797 1016 2255 1086 quemadmodum
2278 1030 2380 1086 ego
2402 1015 2506 1073 feci
2532 1019 2707 1085 vobis,
2728 1020 2800 1075 ita
2819 1030 2874 1075 et
2897 1035 2994 1076 vos
3024 1020 3243 1077 faciatis
3265 1023 3312 1055 ²⁶
3333 1037 3385 1075 ι»

1799 1108 1867 1164 ad
1914 1106 2227 1178 bujusmodi
2280 1112 2715 1180 respondendum
2764 1122 2851 1168 est
2898 1131 2911 1168 :
2961 1128 3093 1185 ergo
3128 1114 3385 1184 quoniam

1792 1198 1946 1268 juxta
1980 1209 2189 1255 textum
2222 1200 2426 1256 factum
2460 1212 2544 1258 est
2574 1204 2719 1272 quod
2751 1203 2913 1261 l‘etro
2933 1205 3170 1272 dicenti,
3201 1225 3220 1259 ι
3259 1204 3376 1262 Νοιι

1793 1290 1999 1348 lavabis
2027 1292 2158 1348 mihi
2184 1293 2349 1363 pedes
2372 1293 2425 1348 in
2450 1303 2740 1361 aeternum,
2779 1314 2800 1348 ι
2837 1296 3040 1352 dictum
3081 1296 3205 1364 fuit,
3228 1314 3384 1354 nem-

1793 1399 1861 1455 pe
1889 1425 1906 1450 ,
1954 1404 1972 1438 ι
2003 1384 2115 1441 Nisi
2146 1386 2331 1442 lavero
2363 1396 2437 1452 te,
2476 1402 2583 1442 non
2628 1389 2796 1444 habes
2831 1401 3042 1458 partem
3090 1405 3327 1456 mecum,
3362 1408 3381 1440 ι

112 1468 283 1536 φέναι,
330 1471 689 1545 ὀφειλομένην
738 1475 863 1530 τινὰ
913 1475 1132 1548 ἐντολὴν
1173 1477 1247 1549 μὴ
1290 1477 1675 1535 ἀποδεδωκέναι

1798 1479 1953 1533 etiam
1988 1493 2109 1543 nos,
2131 1476 2285 1546 juxta
2321 1489 2667 1543 contextum,
2702 1482 2774 1537 ob
2806 1482 3172 1536 reverentiam
3208 1482 3376 1551 pedes

108 1560 230 1631 τὴν,
259 1579 280 1613 ι
335 1562 609 1633 Ὀφείλετε
643 1564 887 1637 ἀλλήλων
912 1567 1123 1623 νίπτειν
1148 1570 1275 1633 τοὺς
1297 1568 1485 1634 πόδας,
1515 1590 1534 1622 ι
1568 1569 1675 1644 ὥρα

1798 1586 1922 1627 suos
1969 1571 2234 1627 lavandos
2276 1588 2383 1627 non
2418 1574 2790 1643 praebentibus
2845 1575 3112 1641 dicemus,
3152 1574 3381 1631 audebi-

108 1670 205 1707 που
238 1653 350 1725 (50)
382 1655 564 1726 λέγειν
611 1658 779 1727 ἐγγύς
825 1677 929 1714 που
969 1661 1178 1726 πάντας
1227 1662 1510 1733 ὀφειλέτας
1547 1660 1675 1717 εἶναι

1798 1679 2026 1734 musque
2055 1665 2252 1720 talibus
2281 1667 2466 1722 dicere
2492 1685 2507 1722 :
2548 1685 2567 1718 ι
2604 1666 2714 1721 Nisi
2746 1666 2926 1721 lavero
2958 1676 3010 1722 te
3030 1706 3045 1730 ,
3075 1680 3179 1720 non
3214 1663 3384 1719 babes

106 1741 199 1812 τῆς
218 1743 444 1817 ἐντολῆς
466 1745 691 1818 ταῦτης.

1798 1765 2007 1826 partem
2036 1770 2307 1810 mecum.»
2343 1755 2496 1823 Quod
2527 1757 2574 1812 si
2606 1759 2712 1813 hoc
2739 1757 2792 1811 in
2830 1757 2948 1813 loco
2990 1758 3085 1811 tibi
3121 1771 3225 1810 non
3254 1770 3381 1824 per-

107 1836 289 1891 suadet
310 1838 456 1906 quod
483 1841 615 1907 dixi,
653 1845 927 1913 perpende
965 1845 1096 1916 quid
1129 1845 1311 1903 dicere
1370 1855 1421 1903 te
1475 1857 1729 1917 oporteat
1783 1860 1975 1904 contra
2007 1848 2430 1914 dubitationem,
2458 1865 2527 1904 an
2567 1851 2794 1905 omnino
2834 1848 2990 1916 juxta
3023 1856 3232 1903 textum
3265 1848 3384 1902 hac

104 1928 209 1983 sint
246 1934 540 1989 servanda.
575 1935 758 2004 Atque
785 1939 928 2006 quod
962 1939 1091 1995 huic
1132 1944 1350 2010 quidem
1384 1943 1677 2012 aliquando
1736 1943 2031 2000 conveniat
2057 1942 2243 1997 lavare
2280 1938 2446 2013 pedes
2499 1942 2649 1996 illius
2691 1941 2942 2011 discipuli
2975 1938 3224 2005 Jesu,illi
3252 1953 3383 1993 vero

107 2020 390 2089 aliquando
422 2038 552 2080 suos
580 2026 648 2080 ab
683 2026 798 2097 ipso
825 2028 1084 2086 lavandos
1122 2035 1388 2101 praebere,
1441 2036 1512 2089 ita
1550 2045 1609 2090 ut
1648 2035 1740 2091 ille
1791 2034 1863 2089 ob
1894 2034 2221 2089 cbaritatem
2248 2042 2302 2088 ct
2329 2034 2646 2089 comitatem
2681 2033 2843 2099 lavet,
2882 2033 2969 2087 hic
3000 2047 3059 2086 se
3084 2030 3375 2085 lavandum

105 2111 374 2177 exhibeat,
410 2114 576 2169 etiam
611 2115 727 2186 ipse
750 2116 950 2173 fateor.
998 2119 1093 2174 Sin
1140 2138 1272 2178 vero
1321 2125 1567 2179 dicemus
1626 2137 2072 2193 unumquemque
2121 2138 2230 2177 non
2277 2122 2557 2177 conscium
2595 2121 2698 2177 sibi
2734 2122 2853 2176 huc
2902 2119 3122 2183 fecisse,
3156 2129 3378 2176 sancto-

109 2217 327 2273 tumque
382 2206 488 2262 isto
521 2210 677 2264 modo
708 2210 874 2280 pedes
914 2228 1018 2268 non
1058 2214 1275 2283 lavisse,
1330 2218 1568 2273 debitum
1624 2217 1896 2287 quoddam
1930 2217 2245 2270 mandatum
2284 2230 2392 2269 non
2434 2213 2797 2283 persolvissc,
2829 2226 3043 2281 nempe,
3109 2229 3129 2264 ι
3160 2211 3377 2268 Debetis

105 2297 186 2351 alii
208 2298 446 2355 aliorum
474 2300 652 2356 lavare
675 2304 891 2373 pedes.»
915 2316 1128 2372 tempus
1151 2319 1235 2364 est
1251 2310 1464 2365 dicendi
1485 2326 1676 2366 omnes
1693 2310 1877 2380 aliquo
1899 2310 2059 2364 modo
2090 2310 2250 2377 hujus
2281 2309 2519 2363 mandati
2543 2308 2818 2363 debitores
2845 2320 2981 2363 esse.

167 2387 224 2442 8.
249 2406 268 2440 ι
304 2390 363 2443 ’Δ
372 2389 500 2462 μὴν,
514 2391 661 2463 ἀμὴν
681 2393 824 2463 λέγω
838 2395 966 2467 ὑμῖν
985 2414 998 2427 ·
1019 2398 1133 2453 Οὐκ
1153 2399 1268 2453 ἔστι
1282 2401 1467 2467 δοῦλος
1482 2402 1675 2475 μείζων

1856 2402 1911 2458 8.
1960 2420 1980 2454 ι
2013 2404 2209 2471 Αιιιειι,
2236 2417 2395 2458 amen
2425 2403 2545 2457 dico
2567 2402 2722 2457 vobis
2746 2415 2763 2456 :
2794 2399 2912 2456 Non
2938 2410 3023 2456 est
3045 2416 3241 2458 servus
3263 2417 3381 2457 ma-

103 2477 188 2532 τοῦ
223 2481 421 2552 κυρίου
454 2482 624 2537 αὐτοῦ
646 2524 662 2549 ,
699 2486 823 2540 οὐδὲ
851 2487 1151 2553 ἀπόστολος
1186 2488 1389 2562 μείζων
1419 2493 1514 2547 τοῦ
1548 2494 1689 2566 πέμ-

102 2573 295 2641 ψαντος
319 2574 515 2628 αὐτόν·
554 2578 603 2629 εί
630 2576 803 2632 ταῦτα
845 2578 1353 2654 οἶδατε,,μακάριοί
1394 2585 1540 2650 ὲστε,
1590 2586 1687 2639 ἐὰν

106 2665 285 2735 ποιῆτε
314 2665 474 2721 αὐτά.
518 2668 594 2721 Οὐ
629 2671 758 2741 περὶ
780 2670 997 2726 πάντων
1026 2672 1181 2743 ὑμῶν
1216 2674 1391 2745 λέγω·
1428 2675 1539 2745 ἐγὼ
1567 2673 1687 2731 οἶδα

103 2756 242 2822 τίνας
252 2757 605 2832 ἐξελεξάμην·
617 2761 732 2816 ἀλλ’
745 2762 874 2835 ἵναή
888 2765 1078 2837 Γραφὴ
1090 2765 1375 2840 πληρωθῇ*
1393 2768 1450 2822 '0
1462 2767 1688 2841 τρώγων

107 2866 197 2920 μου
209 2849 307 2904 τὸν
325 2851 490 2922 ἄρτον
508 2852 717 2925 ἐπῆρεν
734 2856 846 2923 (51)
861 2858 946 2911 ἐπ’
963 2857 1063 2928 ἐμὲ
1079 2858 1178 2929 τὴν
1202 2858 1442 2931 πτέρναν
1458 2858 1646 2914 αὐτοῦ,
1662 2879 1680 2910 ι

108 2941 215 2995 Ἔτι
245 2942 349 2996 καὶ
381 2942 553 2997 ταῦτα
579 2944 798 3017 ἔχεσθαί
835 2965 924 3019 μοι
953 2948 1101 3003 δοκεῖ
1137 2948 1235 3003 τοῦ
1272 2950 1406 3004 ἰδεῖν
1448 2950 1518 3004 τὰ
1555 2951 1685 3022 περὶ

103 3031 192 3102 τῆς
229 3033 344 3088 τῶν
391 3035 571 3092 ποδῶν
613 3036 812 3108 νίψεως
858 3042 1209 3114 τροπολογεῖν
1229 3061 1244 3075 ο
1290 3044 1351 3098 τὸ
1383 3044 1522 3116 γὰρ,
1566 3064 1585 3097 ι
1620 3045 1684 3100 Et

102 3122 261 3178 ταῦτα
305 3121 511 3192 οἴδατε,
557 3128 820 3202 μακάριοί
868 3133 1014 3199 ἐστε,
1060 3134 1155 3189 ἐὰν
1206 3135 1404 3208 ποιῆτε
1452 3137 1614 3204 αὐτὰ,
1657 3158 1676 3191 ι

104 3213 309 3279 οὐδενος
344 3218 599 3289 ποιητέον
644 3223 1047 3295 προειρημένου
1088 3226 1121 3298 ἢ
1163 3228 1295 3297 περὶ
1345 3228 1445 3300 τῆς
1482 3229 1680 3300 νίψεως

104 3303 199 3355 τῶν
223 3305 427 3370 ποδιῖιν,
462 3308 551 3361 ἐπ’
596 3311 812 3382 ἐκείνην
855 3313 954 3385 τὴν
999 3314 1281 3389 ἀναφορὰν
1329 3317 1466 3388 ἔχει.
1515 3320 1596 3373 Τὰ
1623 3322 1680 3375 δὲ

106 3400 231 3452 κατὰ
259 3397 357 3452 τὸν
392 3399 559 3454 τόπον
596 3401 916 3475 μαθήματα,
969 3405 1086 3471 πῶς
1135 3425 1193 3462 τε
1234 3409 1391 3474 πόδες
1424 3410 1680 3483 μαθητῶν

110 3488 437 3556 μολύνονται,
478 3493 580 3565 ῆδη
610 3494 983 3568 λουσαμένων,
1025 3499 1121 3553 καὶ
1155 3500 1279 3554 τίνα
1305 3502 1508 3575 τρόπον
1545 3504 1679 3558 πλύ-

106 3595 295 3646 νονται,
324 3583 620 3651 είδέναιῶς
664 3590 693 3642 ό
726 3588 899 3657 Λόγος
933 3589 1202 3661 βούλεται,
1251 3595 1347 3648 καὶ
1384 3598 1558 3650 ποιεῖν
1602 3597 1677 3661 ὡς

107 3672 234 3729 θέλει
254 3677 287 3729 ὁ
328 3677 560 3749 Ἰησοῦς,
592 3681 809 3753 ἀληθῶς
842 3684 1130 3756 μακαρίων
1153 3685 1302 3741 ἐστὶν
1331 3688 1539 3760 ἀνδρῶν
1564 3689 1675 3759 (3‘2)

108 3764 284 3836 ῑργον’
319 3748 527 3842 οὐγὰρ
560 3771 622 3825 τὸ
657 3748 976 3845 τηλικοῦτον
1001 3748 1206 3848 δνομα,
1247 3779 1310 3833 τὸ
1353 3748 1673 3849 μακάρων,
1703 3748 1747 3807 c

111 3856 308 3942 εὔλογον
335 3861 430 3915 ἐπὶ
467 3862 581 3927 τοῖς
608 3865 832 3935 τυχοῦσι
881 3868 1052 3939 φῆσαι
1086 3870 1340 3942 παρεῖναί
1381 3887 1545 3937 τισιν,
1589 3872 1675 3941 ἐφ’

106 3939 144 4015 ᾧ
164 3951 252 4003 καὶ
273 3952 495 4025 οἰκέτης
526 3954 596 4010 ἂν
640 3956 857 4012 πλύνων
885 3962 1012 4024 τοὺς
1053 3939 1220 4026 πόδας
1261 3960 1356 4016 τοῦ
1392 3939 1671 4028 δεσπότου,

111 4044 365 4114 μακάριος
404 4045 473 4100 ἂν
509 4050 632 4101 κατ’
663 4049 797 4104 αὐτὸ
837 4050 996 4106 τοῦτο
1036 4052 1185 4121 δόξαι
1218 4055 1531 4126 τυγχάνειν,
1582 4060 1675 4112 καὶ

109 4132 278 4201 κᾶλαξ,
336 4137 435 4191 καὶ
491 4138 825 4212 ὑποκριτής·
881 4142 911 4195 ὃ
956 4145 1067 4217 γὰρ
1113 4147 1277 4218 ἡμεῖς
1327 4148 1672 4222 ἀποδίδομεν,

108 4222 299 4280 νίπτειν
331 4228 460 4292 τοὺς
496 4229 665 4295 πόδας
701 4233 958 4304 μαθητῶν
1008 4236 1202 4306 Ἰησοῦ,
1244 4238 1484 4309 μεγάλου
1529 4242 1676 4305 τινός

110 4313 229 4381 ἔστι,
261 4317 358 4372 καὶ
401 4319 610 4392 Ἰησοῦν
642 4323 699 4377 ἐν
725 4324 905 4396 ἑαυτῷ
944 4326 1181 4397 ἔχοντος,
1211 4330 1306 4383 καὶ
1334 4330 1673 4398 ἁπαξαπλῶς

114 4407 387 4479 μακαρίου.
418 4410 540 4482 Χρὴ
571 4410 628 4464 δὲ
666 4412 866 4468 εἰδέναι
895 4414 1076 4482 τοῦτο,
1114 4417 1197 4471 ὅτι
1237 4420 1567 4491 παράκειται
1597 4420 1674 4492 τῷ

114 4497 243 4568 ῥητῷ
277 4499 454 4572 τούτῳ
492 4502 672 4572 ὅμοια,
713 4506 770 4557 ὲν
816 4506 913 4576 μὲν
950 4505 1028 4577 τῷ
1067 4509 1208 4562 κατὰ
1260 4510 1538 4565 Ματθαῖον
1577 4512 1671 4565 τόο

117 4604 133 4637 ι
172 4590 278 4643 Οὐκ
328 4590 446 4646 ἔστι
498 4594 746 4667 μαθητὴς
799 4598 944 4671 ὑπὲρ
999 4599 1089 4655 τὸν
1141 4600 1494 4668 διδάσκαλον,
1553 4605 1675 4659 οὐδὲ

112 4675 274 4746 ὼῦλος
312 4684 456 4756 ὑπὲρ
488 4684 583 4739 τὸν
624 4687 813 4759 κύριον
847 4688 1046 4744 αὐτοῦ·
1081 4693 1311 4764 ἀρκετὸν
1343 4694 1421 4767 τῷ
1457 4696 1671 4769 μαθητῇ

115 4768 186 4823 ενα
212 4774 436 4845 γένηται
463 4775 541 4840 ὡς
571 4780 600 4831 ό
631 4777 950 4845 διδάσκαλος
978 4782 1168 4848 αὐτοῦ,
1204 4785 1298 4838 καὶ
1324 4786 1354 4838 ὁ
1385 4786 1570 4853 δοῦλος
1599 4768 1674 4853 si;

114 4860 138 4912 ό
167 4864 344 4935 κύριος
382 4868 551 4922 αὑτοῦ
570 4885 587 4901 ο
627 4891 647 4923 ι
686 4874 746 4925 ὲν
772 4872 829 4926 δὲ
852 4872 932 4943 τῷ
952 4874 1093 4930 κατὰ
1131 4877 1346 4934 Λουκᾶν
1376 4880 1438 4932 τό
1455 4897 1483 4949 ’τ
1509 4899 1528 4932 ι
1561 4882 1673 4935 Οὐκ

117 4952 212 5043 ἔστι
242 4958 491 5032 μαθητὴς
518 4961 661 5034 ὑπὲρ
704 4964 797 5017 τὸν
839 4965 1186 5022 διδάσκαλον·
1240 4972 1674 5043 κατηρτισμένος

1785 2492 1877 2562 jor
1906 2493 2130 2549 domino
2177 2510 2300 2561 suo,
2332 2508 2511 2564 neque
2557 2493 2771 2563 legatus
2823 2492 2997 2563 major
3037 2503 3125 2550 est
3166 2509 3234 2551 eo
3284 2494 3377 2565 qui

1792 2582 1997 2653 legavit
2030 2583 2208 2653 ipsum
2236 2601 2251 2638 :
2279 2583 2324 2639 si
2359 2582 2478 2639 haec
2511 2582 2772 2652 novistis,
2800 2579 2946 2637 beati
2976 2584 3133 2647 estis,
3161 2582 3207 2639 si
3238 2583 3381 2641 fece-

1790 2673 1911 2730 ritis
1940 2689 2027 2730 ea.
2054 2674 2170 2731 Non
2223 2675 2292 2730 de
2329 2674 2586 2731 omnibus
2637 2674 2794 2729 vobis
2826 2673 3065 2744 loquor:
3106 2689 3209 2747 ego
3259 2677 3379 2731 scio

1790 2781 1928 2836 quos
1964 2766 2256 2837 elegerim;
2288 2769 2385 2824 sed
2437 2777 2499 2823 ut
2546 2765 2871 2836 impleretur
2914 2767 3195 2839 Scriptura
3232 2766 3378 2835 :Qui

1788 2860 1901 2914 edit
1926 2875 2106 2915 meum
2135 2874 2354 2930 panem,
2379 2858 2600 2914 sustulit
2619 2858 2907 2913 adversum
2936 2871 3023 2912 me
3059 2858 3376 2913 calcaneum

1788 2969 1950 3009 suum
1970 2951 2237 3026 ’τάθη
2252 2951 2443 3007 Adhuc
2473 2959 2528 3007 et
2556 2950 2674 3005 haec
2705 2949 2987 3005 cohaerere
3020 2949 3153 3004 mihi
3187 2949 3378 3005 viden.

1788 3051 1901 3108 tur,
1932 3049 1991 3097 ut
2040 3042 2280 3097 sciamus
2330 3042 2398 3096 ad
2432 3054 2613 3097 mores
2661 3040 2923 3096 reducere
2957 3055 3082 3110 qua
3114 3040 3376 3096 dicuntur

1786 3134 1852 3190 de
1907 3132 2181 3189 lavatione
2230 3133 2447 3204 pedum.
2483 3131 2609 3188 Haec
2661 3129 2806 3187 enim
2843 3132 3039 3198 verba,
3104 3151 3123 3185 ι
3158 3132 3216 3189 Si
3256 3130 3375 3188 haec

1785 3227 2039 3293 novistis,
2080 3225 2223 3281 beati
2265 3226 2421 3294 estis,
2446 3225 2492 3281 si
2538 3225 2781 3282 feceritis
2822 3239 2887 3280 ea
2916 3224 2983 3288 ",
3018 3242 3038 3277 ι
3076 3240 3198 3280 cum
3240 3223 3373 3280 nihil

1783 3322 1943 3369 antea
1978 3312 2354 3385 praescriptum
2402 3314 2475 3368 sit
2513 3312 2661 3384 quod
2694 3328 2856 3384 agere
2902 3313 3199 3369 debeamus
3227 3329 3372 3384 prae.

1786 3412 2032 3475 terquam
2070 3406 2137 3461 de
2177 3404 2383 3461 lotione
2428 3405 2652 3475 pedum,
2682 3404 2750 3459 ad
2793 3403 2882 3460 illa
2910 3403 3113 3460 habent
3146 3404 3372 3459 relatio-

1782 3497 2214 3555 nem.C;eterum
2247 3498 2531 3568 praesentis
2554 3497 2657 3552 loci
2681 3496 2960 3552 doctrinas
2984 3496 3125 3553 scire
3148 3504 3209 3550 ut
3245 3494 3395 3570 Ser-_

1783 3605 1872 3645 mo
1917 3589 2054 3655 vult,
2082 3600 2136 3646 et
2175 3588 2358 3645 facere
2409 3597 2470 3643 ut
2504 3589 2616 3643 vult
2643 3588 2839 3654 Jesus,
2872 3602 3068 3658 nempe
3091 3588 3369 3658 quomodo

1781 3679 2204 3750 discipulorum,
2232 3680 2324 3750 qui
2345 3680 2458 3751 jam
2498 3679 2772 3743 laverant,
2798 3680 2963 3749 pedes
2988 3679 3370 3747 inquinentur,

1779 3783 1835 3830 et
1867 3788 2102 3845 quonam
2144 3786 2302 3843 pacto
2351 3773 2626 3838 laventur,
2655 3787 2784 3828 vere
2833 3787 2972 3842 opus
3014 3781 3097 3828 est
3127 3772 3371 3826 virorum

1780 3864 2065 3920 beatorum
2099 3862 2237 3918 :hoc
2266 3863 2411 3917 enim
2439 3862 2545 3917 tale
2571 3870 2891 3931 tantumque
2914 3874 3132 3921 nomen,
3156 3873 3348 3929 nempe

1780 3954 1991 4009 beatum
2012 3994 2028 4019 ,
2060 3959 2488 4007 consentaneum
2542 3964 2647 4003 non
2682 3956 2765 4002 est
2796 3948 2978 4001 dicere
3029 3945 3221 4000 adesse
3251 3944 3373 4013 qui-

1777 4045 2009 4103 busdam
2038 4042 2394 4113 vulgaribus;
2424 4038 2560 4095 adeo
2590 4046 2648 4092 ut
2676 4038 2759 4092 vel
2788 4052 2950 4093 servo
2975 4036 3177 4090 lavanti
3206 4037 3372 4104 pedes

1779 4136 1984 4194 domini
2007 4135 2258 4190 videatur
2276 4133 2415 4186 hanc
2444 4130 2514 4186 ob
2533 4120 2755 4184 causam
2791 4128 2933 4183 beati
2962 4143 3159 4183 nomen
3186 4125 3368 4180 obtin-

1777 4244 1928 4300 gere,
1950 4227 2163 4283 etiamsi
2182 4224 2434 4279 adulator
2452 4232 2507 4278 et
2523 4221 2809 4293 hypocrita
2828 4219 3008 4286 fuerit,
3028 4234 3177 4284 cum,
3194 4227 3251 4270 ut
3270 4233 3371 4272 nos

1777 4320 2195 4393 explicavimus,
2227 4317 2408 4372 lavare
2433 4315 2596 4386 pedes
2620 4313 3006 4383 discipulorum
3040 4310 3167 4368 Jesu
3186 4311 3366 4381 magni

1777 4414 2062 4485 cujusdam
2083 4412 2176 4475 sit,
2191 4421 2245 4465 et
2259 4409 2441 4465 Jesum
2459 4409 2512 4462 in
2534 4423 2590 4462 sc
2607 4407 2881 4472 habentis,
2895 4415 2946 4461 et
2961 4405 3186 4461 omnino
3200 4404 3365 4459 beati.

1778 4505 1885 4561 Sed
1917 4504 2158 4559 sciamus
2180 4515 2407 4555 necesse
2433 4507 2515 4553 est
2533 4498 2733 4553 similia
2754 4498 2880 4553 huic
2904 4496 3075 4552 textui
3102 4496 3284 4551 inesse
3314 4495 3365 4549 in

1776 4593 2078 4666 Evangelio
2095 4608 2123 4646 a
2147 4590 2400 4646 Matthato
2419 4589 2642 4658 tradito;
2670 4590 2748 4643 sic
2768 4590 2912 4644 enirn
2931 4587 3152 4643 habet”
3176 4606 3189 4642 :
3220 4586 3364 4641 «Non

1777 4696 1859 4741 est
1876 4682 2173 4755 discipulus
2189 4696 2350 4752 supra
2372 4689 2761 4751 praeceptorem
2774 4722 2789 4747 ,
2811 4693 2983 4749 neque
2998 4692 3189 4734 servus
3203 4691 3363 4746 supra

1777 4778 2232 4835 dominumsuum
2258 4790 2273 4840 ;
2306 4771 2513 4830 sufficit
2539 4771 2811 4842 discipulo
2832 4780 2893 4824 ut
2912 4770 2985 4824 sit
3014 4767 3211 4824 similis
3226 4781 3365 4837 pra:-

1777 4870 2016 4942 ceptoris
2050 4867 2239 4939 ipsius.
2277 4874 2330 4920 et
2354 4875 2410 4919 ut
2442 4880 2638 4921 servus
2671 4862 2865 4919 similis
2884 4860 3087 4916 domini
3114 4860 3305 4930 ipsius.
3337 4878 3358 4911 ι

1774 4964 1955 5019 Lucas
1967 4975 2097 5017 vero
2116 4960 2196 5015 sic
2212 4957 2378 5013 habet
2399 4975 2413 5011 :
2440 4956 2586 5012 «Non
2604 4972 2681 5013 est
2708 4954 3006 5024 discipulus
3030 4967 3193 5022 supra
3217 4965 3360 5020 prte-

114 5042 161 5096 6t
308 5047 455 5148 ἐιὶτω
499 5049 576 5113 ὡς
609 5052 639 5103 ὀ
668 5052 986 5120 διδάσκαλος
1032 5056 1221 5112 αὐτοῦ.
1276 5077 1295 5110 ι
1355 5042 1511 5130 Ἑξῆς
1547 5063 1672 5116 τού-

1798 5064 2058 5124 :eptorem
2082 5067 2241 5108 suum
2265 5070 2281 5119 ;
2314 5050 2592 5121 perfectus
2616 5058 2795 5104 autem
2826 5045 3006 5102 omnis
3031 5046 3139 5099 erit
3164 5044 3362 5100 similis

120 5151 184 5206 τῳ
212 5137 320 5209 (55)
361 5138 479 5193 ἐστι
512 5140 746 5213 ζητῆσαι
775 5144 869 5209 τὸ,
906 5165 926 5199 ι
971 5148 1047 5201 Οὐ
1086 5150 1215 5221 περὶ
1260 5150 1478 5204 πάντων
1518 5153 1672 5223 ὑμῶν

1798 5145 2130 5219 praeceptoris
2152 5145 2324 5217 ipsius
2343 5144 2410 5199 ³ο.
2443 5161 2462 5195 ι
2500 5141 2634 5197 Huic
2659 5141 2967 5209 proximum
2994 5147 3099 5204 est,
3128 5147 3189 5193 ut
3208 5153 3359 5208 qua:-

118 5225 283 5297 λέτωνι
300 5232 397 5286 ἐπὶ
412 5232 467 5285 τί
485 5232 807 5307 λελεγμένον
834 5239 1142 5312 ἀνοίσομεν.
1161 5243 1219 5296 ’0
1242 5243 1340 5314 μὲν
1359 5239 1452 5297 οὖν
1469 5262 1550 5309 τις
1571 5248 1677 5318 φή-

121 5335 188 5374 σει
207 5322 307 5393 (54)
326 5323 422 5377 ἐπὶ
444 5324 534 5377 τό·
573 5344 591 5377 ι
627 5328 904 5401 Μακάριοι
938 5334 1081 5397 ὲστε,
1108 5334 1202 5388 ἐὰν
1232 5334 1421 5406 ποιῆτε
1447 5337 1608 5390 αὑτά·
1649 5356 1667 5389 ι

118 5409 169 5462 οὐ
202 5411 302 5485 γὰρ
333 5412 607 5484 μακάριος
663 5416 882 5485 Ἰούδας.
932 5421 1007 5473 Οὐ
1054 5420 1262 5493 νομίζω
1286 5421 1343 5475 δὲ
1370 5422 1538 5491 ὑγιῶς
1578 5424 1672 5477 ὲπί

176 5530 217 5561 ’⁸
237 5530 400 5601 Joan.
426 5546 546 5596 xm,
570 5530 634 5585 M
655 5533 775 5599 ,15.

123 5610 223 5661 xm,
250 5603 333 5656 18.

179 5689 279 5760 (29)
321 5690 451 5745 Τῶν
468 5690 558 5760 μὴ
614 5687 1001 5746 συνειδότων.
1057 5686 1414 5746 Scribendum
1460 5690 1675 5748 videtur

124 5757 208 5830 $va
225 5757 294 5830 μὴ
320 5757 619 5821 συνειδότα.

182 5829 279 5901 (ξυ)
301 5830 482 5901 Codex
524 5831 746 5901 ltegitts,
779 5829 881 5901 ὅρα
912 5845 1036 5882 που.

186 5836 258 5895 [δυ
301 5836 482 5885 Codex
527 5836 746 5899 Itegius,
779 5836 881 5901 ὅρα
912 5845 1036 5882 που.

186 5836 283 5974 (3t;
311 5900 494 5958 Codex
523 5898 745 5971 Regius,
773 5898 1001 5971 τρώγων
1031 5898 1123 5953 τὸν
1152 5900 1336 5973 ἄρτον,
1363 5902 1586 5975 ἐπῆρεν.

1783 5254 1968 5296 ramus
2017 5237 2083 5292 ad
2115 5237 2244 5306 quid
2274 5234 2575 5290 referemus
2607 5232 2659 5287 id
2705 5231 2848 5300 quod
2883 5231 2935 5285 in
2972 5230 3079 5286 line
3109 5229 3313 5285 dicitur
3343 5245 3357 5283 :

1786 5352 1805 5385 ι
1835 5330 1950 5387 Νοιι
1996 5329 2063 5385 de
2102 5328 2355 5383 omnibus
2403 5324 2555 5380 vobis
2609 5323 2732 5379 dico
2756 5324 2825 5377 “.
2857 5341 2878 5377 ι
2935 5323 3118 5393 Atque
3160 5322 3361 5391 aliquis

1777 5423 1998 5496 quidem
2033 5421 2177 5475 dicet
2224 5417 2426 5473 dictum
2461 5417 2565 5472 hoc
2595 5414 2790 5471 referri
2838 5415 2908 5471 ad
2942 5413 3116 5470 illud:
3155 5432 3175 5466 ι
3200 5413 3357 5468 Beati

887 5537 931 5569 ³⁷
952 5535 1085 5593 ibid.
1118 5536 1182 5592 l6
1206 5553 1322 5608 seq.
1400 5539 1445 5571 ’³
1468 5538 1626 5595 Joan.
1646 5556 1675 5595 x

1798 5540 1870 5596 l7.
1946 5537 1992 5572 "
2019 5536 2213 5593 Matth.
2242 5550 2300 5600 x,
2329 5531 2419 5600 24,
2448 5529 2537 5587 25.
2614 5530 2662 5562 "
2690 5529 2822 5585 Luc.
2854 5544 2930 5596 vt,
2961 5528 3053 5584 ιο.
3128 5529 3172 5561 ⁹¹
3198 5526 3355 5586 Joan.

1844 5690 1956 5765 (52)
1991 5691 2269 5765 ’ξιιμ-δρῶν.
2302 5690 2654 5765 ρεεῑόει-ιιιιιτ
2678 5691 2729 5745 in
2757 5690 2999 5749 editione
3031 5687 3231 5756 lluetii,
3266 5692 3357 5747 sed

1779 5760 1979 5832 legitur
2006 5763 2060 5816 in
2088 5764 2278 5818 codice
2312 5762 2628 5832 Bodleiano.

1849 5833 1962 5903 (33)
1987 5832 2164 5887 Codex
2198 5832 2431 5903 Regius,
2450 5831 2628 5886 τοῦτο.

1859 5901 1971 5973 (54)
2013 5903 2156 5958 Idem
2205 5901 2371 5960 codex
2402 5901 2621 5974 Regius,
2652 5902 2803 5974 φησι.
