3804 6548
96 357 189 411 ’ἵἺῖ

1104 343 1465 400 COMMENT.
1506 342 1573 397 IN
1612 341 1804 402 JOAN.
1844 342 2082 399 TOMCS
2115 340 2333 398 XXXII.

3221 340 3324 393 778

99 466 462 541 ριπέφρασται
507 460 562 513 δὲ
605 458 667 512 τὸ
720 457 882 530 ῥητὸν
924 456 1032 510 ἀπὸ
1073 456 1167 511 τοῦ
1214 454 1649 526 τεσσαρακοστοῦ

1769 455 1857 509 rim
1888 474 1903 510 :
1938 474 1955 505 ι
1980 463 2144 524 utque
2168 456 2271 511 hoc
2296 454 2530 515 eveniat,
2557 454 2697 523 quod
2722 456 2924 519 evenit,
2955 472 3091 509 unus
3124 473 3189 510 ex
3228 474 3321 511 vo-

93 555 318 630 ψαλμοῦ,
359 552 532 616 οὕτως
577 550 731 622 ἕχον
792 568 809 601 ι
862 549 973 601 Καὶ
1011 547 1122 619 γὰρ
1166 548 1195 599 6
1235 545 1515 623 allopr
1548 544 1649 615 τῆς

95 656 299 725 εἰρήνης
336 667 459 721 μου,
488 648 573 717 ἐφ’
608 645 666 700 ὃν
711 644 936 715 ήλπισα,
983 645 1011 696 6
1056 642 1248 695 ἐσθίων
1289 640 1488 712 ἄρτους
1520 655 1647 710 μου,

93 743 409 818 ἐμεγάλυνεν
446 741 535 793 ἐπ’
585 737 685 809 ἐμὲ
726 734 1081 808 πτερνισμὸν·
1125 752 1143 784 ι
1179 731 1374 785 οὐκοῦν
1402 732 1431 782 6
1461 730 1651 801 Σωτὴρ

94 839 145 890 τὸ
185 835 343 907 ῥητὸν
374 831 534 886 τοῦτο
582 828 712 900 περὶ
759 826 851 880 τοῦ
918 825 1087 879 Ἰούδα
1117 826 1209 880 καὶ
1239 820 1431 877 ἑαυτοῦ
1488 838 1652 893 φησιν

94 927 357 999 εἰρῆσθαιο
414 926 472 978 ἐν
526 916 572 990 ᾧ
626 919 881 991 ζητήσεις
930 915 1046 979 πῶς
1099 913 1382 987 ἄνθρωπος
1433 911 1652 983 εἰρήνης

106 1018 287 1080 Ἰούδας
313 1011 404 1086 ἦν,
456 1011 549 1067 καὶ
593 1011 680 1062 ἐπ’
723 1006 885 1061 αὑτὸν
911 1008 940 1060 6
979 1004 1174 1076 Σωτὴρ
1206 1003 1422 1073 ήλπισε.
1455 999 1653 1071 Δηλοῦ-

96 1114 201 1165 σθαι
238 1105 332 1163 οῦν
358 1106 448 1161 διὰ
477 1105 681 1159 τούτων
725 1099 949 1172 νομίζω,
978 1100 1061 1151 ὅτι
1087 1095 1324 1168 γνησίως
1367 1095 1496 1150 ποτὲ
1526 1094 1653 1147 ἐπε-

94 1199 384 1254 πιστεύκειο
415 1195 477 1249 οὐ
508 1194 615 1265 γὰρ
651 1191 738 1253 ἂν,
772 1189 1039 1262 μηδέποτε
1079 1186 1193 1240 υἱὸν
1242 1186 1463 1257 εἰρήνης
1509 1183 1655 1252 γενό-

95 1308 238 1363 μενον
268 1288 431 1344 αὑτὸν
458 1284 807 1341 ἀποστέλλων
857 1280 996 1352 μετά
1030 1279 1140 1332 τῶν
1180 1276 1386 1331 λοιπῶν
1421 1274 1653 1329 ἀποστό-

94 1384 183 1435 λων
198 1381 329 1451 (38),
342 1378 496 1447 ἔλεγε
512 1376 606 1430 καὶ
628 1373 794 1445 αύτῷ-
827 1374 939 1434 τοῖς
960 1369 1069 1441 γὰρ
1084 1368 1290 1423 δώδεκα
1308 1366 1653 1438 ἀναγέγραπ-

92 1494 169 1529 ται
195 1472 473 1546 εἰρηκέναι
505 1470 586 1522 τό·
618 1488 636 1519 ι
671 1467 898 1520 Εἴπατε·
942 1463 1146 1535 Εἰρήνη
1184 1461 1263 1532 τῷ
1297 1462 1431 1531 οἴκῳ
1454 1459 1648 1527 τούτῳο

92 1567 174 1621 καὶ
200 1565 292 1619 ἐὰν
322 1565 439 1616 ἐκεῖ
534 1558 653 1623 υἱὸς
694 1556 936 1629 εἰρήνης,
968 1555 1003 1624 ἡ
1027 1554 1219 1625 εἰρήνη
1252 1551 1405 1623 ὑμῶν
1436 1551 1523 1604 ἐπ’
1557 1549 1655 1603 αύ-

93 1660 169 1711 τὸν
197 1653 600 1710 ἀναπαύσεται·
642 1653 691 1704 εἰ
719 1650 775 1703 δὲ
818 1648 891 1719 μή
932 1663 1017 1715 γε,
1069 1648 1102 1715 ή
1153 1646 1343 1716 εἰρήνη
1382 1641 1535 1713 ὑμῶν
1568 1641 1652 1710 ἐφ’

93 1750 217 1819 ὑμᾶς
243 1744 557 1815 ἀνακάμψει
577 1759 592 1773 ο
631 1762 650 1794 ι
694 1740 789 1795 καὶ
823 1737 930 1810 γὰρ
963 1738 1064 1809 ὅρα
1096 1735 1214 1805 μεθ’
1234 1735 1334 1787 ὅσα
1360 1736 1389 1787 6
1411 1731 1654 1796 διάϐολος

1753 545 1836 600 bis
1864 555 1950 599 est
1978 561 2142 600 causa
2170 562 2185 612 ;
2220 546 2313 615 qui
2340 559 2426 599 me
2456 553 2539 601 est
2571 548 2908 619 proditurus,
2940 556 2997 599 ιιι
3037 547 3325 616 impleatur

1754 635 2034 706 Scriptura
2071 636 2296 691 dicens:
2334 652 2352 686 ι
2385 632 2489 700 Qui
2537 635 2827 689 manducat
2867 650 3061 704 panem
3118 651 3322 698 meum,

1753 727 1974 781 sustulit
2012 737 2203 781 contra
2251 742 2337 781 me
2372 726 2691 782 calraneunt
2746 743 2900 783 suum
2923 728 2987 781 ‘1'.
3019 747 3037 780 ι
3071 725 3328 783 Transla-

1756 829 1865 872 tnm
1893 828 2174 874 autemest
2196 818 2665 891 παραφραπικῶς
2698 820 2904 875 dictum
2931 821 3031 875 hoc
3062 835 3091 873 a
3120 820 3329 889 psalmo

1752 905 2189 981 quadragesimo,
2240 910 2323 965 sic
2376 910 2623 965 habens:
2664 929 2684 961 ι
2719 910 2931 965 Etenim
2984 912 3148 965 homo
3175 911 3327 980 pacis

1757 1016 1909 1066 tuear,
1939 1001 1991 1054 in
2028 1014 2135 1069 quo
2168 1000 2406 1069 speravi,
2438 1002 2528 1069 qui
2568 1002 2764 1056 edebat
2809 1016 2979 1070 panes
3011 1016 3327 1073 tricos,pma-

1754 1092 2031 1163 gnilicavit
2074 1091 2365 1145 adversum
2401 1107 2487 1146 me
2540 1092 3077 1161 supplantationem;
3110 1109 3129 1142 ι
3180 1091 3323 1160 quod

1754 1183 1957 1238 dictum
2021 1183 2285 1237 Servator
2340 1183 2407 1238 de
2462 1181 2623 1249 Iuda,
2678 1198 2742 1237 ac
2790 1184 2857 1238 de
2908 1184 3086 1252 seipso
3124 1182 3327 1237 dictum

1756 1274 1925 1329 fuisse
1950 1273 2147 1344 inquit.
2182 1273 2239 1329 ln
2272 1290 2380 1344 quo
2410 1289 2625 1343 quzcres
2666 1276 2938 1343 quomodo
2975 1276 3137 1329 homo
3176 1273 3329 1342 pacis

1755 1365 1921 1421 ludas
1952 1367 2136 1432 fuerit,
2164 1378 2219 1422 et
2238 1367 2511 1437 quomodo
2538 1366 2796 1422 Servator
2828 1367 2881 1421 in
2912 1381 3034 1421 eum
3073 1380 3329 1433 sperave-

1757 1459 1846 1511 rit.
1886 1456 1980 1511 llis
2010 1458 2187 1512 verbis
2239 1472 2373 1527 ergo
2421 1456 2683 1513 declarari
2737 1457 2975 1512 arbitror
3002 1455 3194 1511 Jndam
3229 1457 3330 1510 ali-

1756 1551 1976 1617 quando
1997 1550 2209 1606 sincere
2230 1551 2561 1617 credidisse;
2583 1565 2761 1623 neque
2783 1551 2950 1613 enim,
2972 1550 3024 1604 ni
3042 1549 3331 1618 aliquando

1757 1628 1948 1697 fuisset
1972 1643 2113 1698 titius
2136 1643 2306 1712 pacis,
2339 1644 2575 1698 misisset
2623 1658 2745 1698 eum
2784 1643 3043 1698 Dominus
3080 1657 3200 1697 cum
3226 1658 3335 1697 ca:-

1760 1735 1891 1790 teris
1920 1736 2210 1803 apostolis;
2244 1736 2403 1803 eique
2426 1734 2657 1789 dixisset
2675 1733 2823 1806 (nam
2865 1734 3149 1789 duodecim
3188 1734 3331 1788 scri-

94 1839 260 1892 ίϐαλεν
292 1836 461 1892 αὐτοῦ
494 1837 574 1898 εἰς
602 1833 701 1905 τὴν
728 1831 954 1905 καρδίαν
987 1828 1055 1882 τὰ
1084 1826 1223 1881 κατὰ
1255 1825 1349 1879 τοῦ
1378 1824 1649 1896 Σωτῆρος,

1769 1836 1906 1896 ptum
1937 1836 2020 1882 est
2052 1842 2178 1881 eum
2210 1826 2458 1895 dixisse),
2500 1843 2519 1877 ι
2548 1825 2719 1880 Dicite
2756 1844 2769 1881 :
2813 1824 2923 1880 Pax
2950 1825 3074 1879 huic
3114 1824 3329 1887 domui;

93 1934 172 1984 καὶ
203 1930 307 2001 πρὸ
353 1928 536 1998 ὀλίγου
580 1926 820 1996 κλέπτης
865 1920 1004 1976 εἶναι
1052 1917 1502 1992 μεμαρτύρηται·
1550 1917 1652 1969 οὐκ

94 2028 148 2078 ἂν
179 2024 242 2089 δ’,
280 2018 458 2093 οἶμαι,
508 2015 744 2091 ἀρχῆθεν
795 2015 1031 2085 κλέπτης
1094 2011 1192 2075 ὢν,
1244 2008 1535 2080 ἐπιστεύθη
1592 2006 1653 2059 τὸ

93 2115 485 2185 γλωσσόκομον*
534 2111 681 2177 ἄξιος
720 2104 812 2161 οῦν
852 2104 947 2159 τοῦ
995 2102 1349 2173 πιστευθῆναι
1398 2099 1533 2171 (59)
1578 2096 1653 2150 ὢν

96 2208 159 2274 (si
200 2206 290 2258 καί
333 2200 691 2275 προεγνωσθη
747 2195 1274 2271 μεταπεσούμενος),
1322 2191 1650 2262 ἐπιστεύθην

96 2302 173 2353 καὶ
198 2296 516 2371 τηλικοῦτος
555 2291 624 2367 ἦν
676 2293 961 2364 ἄνθρωπος
1008 2290 1231 2360 εἰρήνης
1280 2285 1536 2357 Χριστοῦ,
1580 2283 1656 2347 ὼς

96 2392 293 2454 ἐλπίδας
320 2388 532 2459 ἀγαθάς
557 2402 685 2439 ποτε
708 2384 800 2438 τὸν
855 2379 1062 2453 Ἰησοῦν
1095 2379 1180 2431 ἐπ’
1221 2376 1371 2446 αὐτῷ
1399 2376 1474 2439 ὡς
1506 2372 1655 2444 καλῷ

96 2484 354 2554 ἀποστὸλῳ
381 2478 703 2552 ἐσχηκέναιο
740 2476 903 2531 ἄκουε
937 2471 1046 2544 (40)
1080 2470 1190 2541 γὰρ
1217 2468 1331 2522 τοῦ·
1384 2488 1401 2520 ι
1456 2468 1570 2536 Ἐφ’
1597 2466 1656 2518 ὃν

97 2577 297 2646 ᾒλπισα.
334 2592 354 2625 ι
404 2569 547 2639 Ἐγὼ
577 2568 620 2621 δ’
650 2565 824 2638 οἶμαι,
857 2564 939 2616 ὅτι
970 2562 1065 2615 κιι)⁸
1111 2560 1283 2628 λόγων
1329 2559 1657 2629 ἀπορρήτων

97 2664 504 2739 τροφιμωτάτων
569 2655 936 2726 κεκοινώνηκε
989 2655 1102 2716 τοῖς
1172 2649 1492 2712 ἀποστόλοις
1550 2647 1657 2702 ἀπὸ

106 2759 259 2831 Ἰησοῦ
289 2754 497 2819 λαϐὼν,
547 2752 675 2824 περὶ
715 2743 790 2803 ὧν
829 2746 1014 2801 εἷπενο
1049 2765 1068 2797 ι
1115 2744 1172 2798 '0
1217 2741 1429 2796 ἐσθίων
1460 2741 1658 2814 ἄρτους

100 2870 210 2919 μου·
250 2870 268 2903 ι
300 2849 365 2904 τὸ
392 2848 449 2901 δέ
479 2845 611 2919 (41)*
648 2864 667 2895 ι
713 2840 1077 2913 Ἐμεγὰλυνεν
1104 2837 1190 2889 ἐπ’
1222 2834 1323 2907 ἐμὲ
1363 2833 1459 2905 τὴν
1494 2831 1660 2903 πτέρ-

99 2962 179 2997 ναν
205 2942 392 3006 αὑτοῦ,
435 2960 454 2993 ι
496 2936 945 3012 μεταπέφρασται
979 2932 1059 2995 εἰς
1101 2928 1191 2982 τό·
1236 2946 1255 2979 ι
1306 2926 1542 2996 Ἐπῆρεν
1573 2925 1659 2977 ἐπ’

101 3038 184 3106 ἐμὲ
207 3036 301 3105 τὴν
326 3029 570 3102 πτέρναν
596 3025 782 3092 αὐτοῦ,
809 3043 827 3076 ι
847 3022 988 3076 ὥστε
1014 3019 1210 3073 ταύτὸν
1230 3012 1367 3071 εἶναι
1392 3014 1472 3077 τὸ,
1511 3015 1662 3083 Ἐμε-

106 3104 322 3197 rulers,
379 3122 477 3193 τῷ,
543 3118 777 3186 Ἐπῆρε.
808 3116 919 3169 Καὶ
964 3115 1012 3166 εἰ
1060 3112 1166 3184 χρὴ
1194 3109 1314 3181 τὴν,
1351 3127 1368 3158 ι
1423 3104 1661 3197 Ἐπῆρεν

102 3196 171 3272 ἐπ’
212 3218 307 3289 ἐμὲ
351 3215 453 3286 τὴν
499 3210 734 3282 πτέρναν
788 3204 976 3269 αὐτοῦ,
1017 3224 1033 3255 ι
1068 3202 1181 3264 καὶ,
1230 3218 1248 3251 ι
1295 3196 1659 3270 Ἐμεγάλυνεν

104 3314 173 3364 ἐπ’
198 3311 292 3381 ἐμὲ
317 3304 652 3379 πτερνισμὸν
676 3299 862 3362 αὐτοῦ,
910 3318 927 3350 ι
974 3294 1270 3366 σαφηνίσαι
1300 3290 1464 3356 λέξιν,
1488 3289 1656 3359 φήσο-

107 3421 202 3473 μεν,
227 3378 304 3455 δτι
333 3378 499 3453 τοῦτο
524 3397 666 3450 ποιεῖ
692 3396 720 3448 ὁ
749 3392 848 3459 λὰξ
882 3387 1130 3443 ἐντείνων
1172 3384 1305 3438 τινί·
1340 3380 1578 3444 τοιοῦτος
1602 3378 1659 3432 δὲ

106 3472 180 3548 καὶ
218 3493 418 3556 Ἰούδας
440 3487 531 3563 ἦν,
566 3488 655 3542 τὸν
691 3486 815 3539 Υίδν
859 3482 953 3537 τοῦ
993 3477 1130 3534 Θεοῦ
1174 3475 1524 3533 καταπατῶν.
1566 3472 1661 3526 καὶ

104 3586 301 3658 τρώγων
335 3581 406 3657 ἦν
449 3583 587 3656 μετά
616 3581 709 3634 τοῦ
770 3575 945 3649 Ἰησοῦ
986 3572 1079 3635 τὸν
1124 3572 1288 3643 ἄρτον
1333 3566 1520 3631 αὐτοῦ,
1569 3566 1658 3619 ὅτε

108 3679 258 3748 βάψας
302 3680 332 3732 6
394 3673 602 3747 Ἰησοῦς
636 3672 698 3726 τὸ
726 3666 939 3739 ψωμίον
969 3664 1258 3735 λαμϐάνει,
1311 3660 1404 3713 καὶ
1444 3658 1662 3748 δίδωσιν

118 3746 266 3840 Ἰούδα
295 3746 542 3837 Σίμωνος
580 3758 923 3833 Ἰσκαριώτη,
973 3755 1179 3824 ἐπῆρεν
1222 3750 1423 3813 Ἰούδας
1455 3749 1546 3801 ἐπὶ
1572 3746 1664 3840 τὸν

110 3838 414 3914 Διδάσκαλον
444 3855 544 3927 τὴν
575 3851 813 3922 πτέρναν
836 3846 1020 3912 αὐτοῦ,
1044 3848 1127 3900 ὅτι
1158 3842 1268 3914 (42)
1298 3841 1434 3913 μετά
1460 3840 1523 3893 τὸ
1558 3838 1665 3908 ψωο

113 3952 210 4021 μὶον
240 3947 491 4020 εἰσῆλθεν
518 3948 547 3999 6
568 3943 812 4005 Σατανᾶς
842 3942 921 4003 εἰς
946 3938 1040 3991 τὸν
1082 3935 1304 3989 Ἰούδαν.
1334 3935 1397 3986 Εἰ
1425 3932 1482 3985 δὲ
1508 3930 1665 3985 δύνα-

109 4061 179 4096 ται
202 4043 288 4097 καί
311 4040 405 4095 τό·
445 4057 465 4090 ι
511 4037 577 4090 Ἡ
614 4034 817 4106 ἀνομία
855 4032 953 4101 τῆς
990 4028 1226 4100 πτέρνης
1263 4042 1363 4097 μου
1394 4022 1664 4079 κυκλώσει

114 4151 186 4203 με,
214 4154 232 4186 ι
277 4127 761 4199 συνεξεταζόμενον
795 4122 873 4194 τῷ
898 4139 912 4153 σ
958 4140 980 4173 ι
1026 4120 1264 4190 Ἐπῆρεν
1295 4118 1382 4171 ἐπ’
1430 4117 1527 4186 ἐμὲ
1568 4116 1666 4193 τῂν

112 4227 318 4298 πτέρναν
340 4221 531 4287 αὑτοῦ,
571 4240 589 4271 ι
618 4216 984 4290 ἀναφέρεσθαι
1018 4214 1109 4267 ἐπὶ
1141 4212 1231 4266 τὸν
1278 4209 1478 4265 Ἰούδαν
1511 4209 1667 4298 γενδ-

71 4304 75 4312 ’
116 4297 247 4385 μενον
267 4317 323 4369 ὲν
347 4316 418 4385 τῇ
446 4310 625 4382 μερίδι
649 4306 744 4361 τοῦ
795 4304 991 4375 Ἰησοῦ,
1032 4305 1126 4356 καὶ
1161 4300 1349 4370 κτῆμα
1396 4297 1669 4370 χρηματί-

116 4423 256 4460 σαντα
288 4404 484 4466 αὑτοῦ,
525 4400 620 4454 καὶ
666 4396 985 4458 ἀπόστολον,
1029 4392 1265 4463 πτέρναν
1303 4389 1360 4444 δὲ
1390 4388 1479 4443 διὰ
1505 4387 1567 4441 τὸ
1589 4405 1670 4441 τε-

1759 1929 1815 1975 ει
1847 1922 1891 1976 si
1933 1919 2045 1975 illic
2073 1919 2240 1991 426
2266 1918 2432 1974 fuerit
2463 1918 2605 1973 ﬁlius
2633 1919 2805 1988 pacis,
2842 1918 3147 1988 requiescet
3173 1933 3337 1986 super

1760 2013 1911 2068 illum
1946 2027 2048 2083 pax
2074 2023 2294 2076 vestra;
2327 2010 2412 2065 sin
2446 2011 2643 2075 minus,
2675 2011 2742 2066 ad
2768 2024 2863 2066 vos
2897 2018 3205 2066 reVertetur
3224 2025 3332 2079 pax

1760 2116 1938 2160 vestra
1965 2104 2046 2171 ";
2081 2123 2102 2158 ι
2136 2106 2367 2176 proinde
2396 2105 2520 2159 vide
2548 2112 2671 2173 post
2716 2112 2920 2172 quanta
2949 2102 3198 2157 diabolus
3233 2102 3336 2155 iut-

1762 2197 1971 2251 miserit
2002 2198 2118 2253 haec
2159 2198 2212 2251 in
2269 2212 2368 2252 cor
2397 2196 2515 2266 ejus
2563 2196 2850 2250 adversum
2879 2192 3249 2257 Servatorem,
3282 2201 3334 2245 et

1761 2287 1886 2358 quia
1909 2289 2086 2343 dictus
2118 2298 2202 2344 est
2225 2290 2383 2357 paulo
2414 2299 2541 2342 ante
2567 2287 2654 2341 fur
2674 2300 2816 2341 esse.
2846 2284 2964 2340 Non
3005 2292 3187 2338 autem
3214 2286 3335 2350 opi-

1764 2395 1863 2436 nor
1900 2381 2043 2450 quod
2080 2383 2411 2451 marsupium
2448 2381 2498 2435 ei
2550 2378 2923 2434 concreditum
2956 2375 3173 2441 fuisset,
3220 2374 3264 2428 si
3305 2387 3336 2427 a

1762 2473 2030 2543 principio
2056 2472 2144 2527 fur
2194 2474 2422 2538 fuisset;
2456 2473 2550 2527 sed
2581 2471 2776 2541 dignus
2825 2484 2947 2524 cum
2975 2476 3121 2523 esset
3150 2464 3239 2520 cui
3270 2464 3338 2518 il—

1763 2564 1853 2621 lud
1898 2566 2215 2619 crederetur
2244 2564 2481 2626 (etiamsi
2539 2578 2661 2616 cum
2715 2559 3021 2631 pratscissct
3063 2558 3338 2626 lapsorum

1761 2653 1965 2727 Iesus),
1996 2655 2142 2710 illius
2177 2656 2250 2710 illi
2289 2670 2414 2708 cura
2473 2653 2680 2708 credita
2732 2649 2869 2716 fuit;
2899 2649 3110 2719 fuitque
3157 2654 3341 2700 tantus

1763 2744 1925 2798 homo
1970 2745 2121 2814 pacis
2163 2744 2391 2811 Christi,
2439 2753 2500 2798 ut
2546 2744 2597 2796 in
2629 2757 2695 2797 eo
2724 2743 2872 2798 velut
2915 2741 3059 2798 bono
3092 2743 3342 2813 apostolo

1765 2835 1962 2889 bonam
2013 2849 2163 2903 Spem
2226 2835 2475 2887 habuerit
2515 2832 2810 2901 aliquando
2833 2831 3023 2899 Jesus;
3055 2832 3340 2888 considera

1764 2929 1909 2984 enim
1959 2928 2129 2982 illud:
2167 2944 2186 2978 ι
2219 2925 2276 2981 ιιι
2330 2941 2438 2996 quo
2475 2925 2691 2995 speravi
2718 2925 2784 2978 “.
2818 2944 2838 2977 ι
2873 2924 3107 2980 Proinde
3158 2939 3337 2980 meum

1764 3030 1848 3074 est
1871 3019 2131 3088 judicium
2156 3032 2438 3072 sermones
2460 3031 2583 3071 eum
2614 3015 2879 3085 occultos,
2897 3025 2952 3070 et
2978 3016 3343 3079 ﬁrmissimos.

1767 3126 1831 3165 ac
1853 3110 2088 3164 maxime
2122 3110 2445 3174 nutrientes,
2474 3123 2611 3178 quos
2645 3125 2674 3162 a
2704 3106 2832 3163 Jesu
2862 3109 3183 3177 accepisset,
3211 3120 3343 3175 apo-

1765 3202 1922 3258 stolis
1950 3201 2408 3260 communicasse.
2434 3200 2501 3254 de
2525 3200 2723 3268 quibus
2745 3198 2881 3253 dixit
2907 3216 2921 3252 2
2961 3217 2980 3249 ι
3013 3197 3115 3264 Qui
3147 3195 3343 3251 edebat

1765 3310 1931 3365 panes
1965 3309 2113 3348 meos
2130 3293 2195 3347 ⁸⁷.
2229 3312 2246 3344 ι
2282 3292 2550 3348 Cancrum
2599 3306 2739 3361 pro:
2785 3309 2803 3342 ι
2841 3289 3204 3359 Magnificavit
3245 3287 3345 3342 ad-

1764 3398 1980 3437 versum
2011 3398 2096 3437 me
2136 3382 2631 3452 supplantationem
2667 3396 2844 3447 suam,
2878 3400 2897 3432 ι
2938 3380 3070 3434 fecit
3109 3392 3344 3448 evange—

1763 3474 1887 3529 lista
1923 3492 1935 3528 :
1980 3491 1998 3523 ι
2025 3472 2259 3526 Sustulit
2279 3474 2571 3525 adversum
2599 3485 2683 3525 me
2701 3469 3019 3525 calcaneum
3044 3483 3259 3531 suum,»
3287 3477 3346 3521 ut

1766 3564 1907 3618 idem
1956 3563 2132 3616 valeat
2178 3559 2543 3631 magniﬁcavit
2598 3559 2743 3628 quod
2796 3557 3037 3612 sustulit.
3097 3555 3253 3622 Quod
3297 3554 3346 3608 si

1765 3666 2055 3712 contextus
2087 3655 2175 3709 hic
2203 3670 2216 3707 :
2256 3671 2275 3704 ι
2309 3652 2540 3707 Sustulit
2574 3652 2864 3706 adversum
2907 3666 2994 3704 me
3026 3648 3346 3703 calcaneum

1764 3745 1976 3813 suum”
2014 3756 2087 3807 et.
2109 3744 2810 3816 «Magnificavitadversum
2846 3756 2933 3796 me
2953 3738 3348 3809 supplantatio‘

1766 3855 1890 3895 nem
1924 3836 2165 3902 suam“,
2203 3855 2222 3888 ι
2267 3834 2581 3890 necessario
2629 3832 2788 3887 nobis
2837 3829 3215 3898 explanandus
3247 3826 3345 3892 sit,

1767 3932 2010 3985 dicemus
2040 3929 2142 3982 hoc
2174 3925 2294 3981 ﬁeri
2325 3941 2354 3978 a
2389 3923 2540 3978 calce
2568 3922 2893 3978 intendente
2935 3920 3123 3991 plagas
3144 3917 3343 3982 alicui;

1766 4020 2072 4090 cuiusmodi
2101 4017 2269 4072 etiam
2302 4025 2422 4070 erat
2462 4012 2634 4070 ludas
2670 4013 2762 4069 Dei
2794 4011 2991 4066 Filium
3040 4006 3343 4077 decipiens,

1767 4115 2214 4180 manducansque
2236 4122 2361 4163 cum
2391 4105 2520 4163 Iesu
2554 4104 2673 4173 ejus
2697 4117 2912 4174 panem,
2941 4116 3066 4154 cum
3100 4098 3349 4170 (immer-

1770 4221 1885 4261 sam
1935 4202 2235 4258 buccellam
2292 4199 2593 4264 accipiente
2643 4194 2795 4258 Jesu,
2849 4209 2913 4248 ac
2953 4190 3106 4246 ludas
3137 4187 3346 4243 Simoni

1768 4296 2042 4352 lscariota:
2061 4292 2377 4364 porrigente
2394 4288 2486 4359 δὴ)
2504 4287 2721 4342 sustulit
2738 4284 2906 4340 Judas
2924 4282 3186 4338 adversus
3208 4278 3351 4332 Prae.

1771 4399 2049 4456 ceptorem
2103 4382 2422 4439 calcaueum
2475 4394 2660 4444 suum,
2700 4377 2828 4445 quia
2877 4383 3000 4445 post
3050 4369 3349 4427 buccellam

114 4494 328 4549 λευταῐον
359 4460 523 4548 adadv
566 4489 848 4562 γεγονέναι
883 4460 1160 4556 τροπικῶς
1208 4480 1522 4552 λεγόμενον,
1571 4480 1658 4533 καὶ

1774 4480 1999 4534 intravit
2029 4478 2267 4532 Satanas
2320 4477 2374 4531 in
2411 4474 2628 4530 .lndam.
2662 4476 2746 4524 An
2799 4484 2929 4523 vero
2982 4466 3149 4520 illud:
3191 4480 3209 4513 ι
3243 4460 3355 4562 lni-

115 4586 248 4651 αὐτὸς
276 4584 670 4656 συνεπισκέψῃ.

1701 4555 1745 4609 D
1790 4573 1978 4643 qnitas
2001 4568 2243 4625 calcanei
2272 4568 2376 4623 mei
2402 4561 2762 4622 circumdabit
2782 4576 2868 4616 me
2884 4561 2953 4624 ⁵⁸,
2980 4578 2998 4610 ι
3026 4573 3126 4611 una
3150 4552 3354 4611 exami-

117 4650 272 4737 natum
330 4696 456 4736 cum
512 4650 674 4735 eoat
703 4673 934 4730 Sustulit
982 4677 1170 4727 contra
1225 4682 1310 4722 me
1357 4667 1677 4721 calcanenm
1744 4681 1930 4729 suum,
1962 4683 1982 4716 ι
2022 4659 2215 4717 referri
2283 4660 2351 4713 ad
2384 4658 2578 4714 Judam
2615 4656 2807 4727 possit.
2843 4653 2933 4723 qui
2964 4651 3067 4705 fuit
3112 4650 3165 4703 in
3200 4656 3354 4715 parte

116 4771 235 4837 lesu,
264 4782 319 4829 et
350 4774 568 4828 habitus
594 4774 867 4840 possessio
898 4765 1034 4833 eius,
1083 4773 1137 4818 et
1174 4761 1473 4831 apostolus,
1511 4761 1687 4815 dictus
1732 4775 1860 4816 vero
1907 4757 2220 4816 ealcaneum
2261 4756 2487 4825 tropice,
2514 4752 2658 4824 quod
2697 4751 2813 4821 ipse
2836 4748 3084 4803 ultimum
3114 4740 3355 4809 proditor

118 4862 271 4929 inerit,
298 4877 354 4919 tu
392 4865 508 4933 ipse
544 4864 707 4917 etiam
733 4858 1135 4916 considerabis.

170 4960 216 5015 9.
241 4981 259 5014 ι
299 4960 536 5032 ’Δπάρτι
564 4957 709 5027 λέγω
762 4957 892 5027 ὑμῖν
935 4952 1042 5024 πρὸ
1088 4950 1182 5003 τοῦ
1227 4949 1518 5019 γενέσθαι,
1577 4951 1667 5004 ἵνα

118 5055 450 5125 πιστεύσητε,
493 5051 621 5103 ὅταν
679 5048 940 5118 γένηται,
1004 5045 1084 5097 ὅτι
1154 5041 1264 5110 ἐγώ
1327 5042 1461 5111 εἰμι.
1505 5060 1522 5091 ι
1558 5040 1668 5111 Τὴν

120 5147 365 5217 causoin
391 5147 426 5216 ἡ
457 5143 603 5207 λέξις
635 5140 772 5212 αῦτη
808 5139 922 5210 ἔχει
956 5137 1049 5191 ἐπὶ
1068 5136 1129 5188 τὸ
1158 5133 1551 5207 προειρημένον
1583 5133 1665 5186 τό·

174 5259 215 5291 ⁸⁸
245 5262 375 5315 ibid.

123 5345 279 5400 XLVIII,
301 5330 357 5386 6.

133 5519 149 5550 ἦ
177 5448 720 5550 (ὅὸζέὶποστόλων.
758 5444 939 5501 Editio
974 5442 1154 5499 Iluetii
1194 5454 1478 5513 perperam
1511 5438 1679 5494 habet

133 5520 142 5527 ”
155 5535 187 5549 η-
244 5522 294 5553 -1

126 5520 702 5677 αἲξθῖὲἔτεξυθὶῆναι
723 5586 914 5677 dir-“(sl
943 5584 1046 5677 ἔριὶ
1083 5581 1470 5677 προεγτώρνθρτ
1497 5595 1677 5677 peta-

126 5650 515 5729 xeo'oiipsroq),
548 5650 896 5723 ἐπιστεύθη.
943 5656 1037 5710 Sic
1084 5650 1245 5708 recte
1281 5654 1448 5707 habet
1507 5650 1678 5703 codex

128 5727 458 5794 limlleianns;
491 5732 544 5782 in
598 5729 766 5798 Hegio
803 5727 1016 5798 vitiose,
1055 5724 1270 5798 legitur,
1318 5718 1676 5789 πιστευθῆναι

126 5793 452 5870 προεγνὼσθη
480 5793 971 5869 μεταποῖθούμενος,
1007 5793 1298 5863 ἐπιστεύθη

326 5903 600 5963 ΡΔτεοι.
640 5899 757 5998 Gn.
798 5896 971 5958 XIV.

469 5329 513 5359 ’ί
540 5326 698 5383 Joan.
729 5341 846 5391 xtn,
874 5323 961 5378 19.

474 5259 519 5290 ⁸⁸
551 5256 682 5310 Luc.
715 5272 766 5319 x,
792 5254 846 5318 5,
871 5253 926 5307 6.
1002 5252 1047 5284 ‘°
1071 5249 1219 5307 Psal.
1252 5266 1339 5314 XL,
1374 5247 1462 5304 10.
1540 5248 1582 5280 ’⁵⁷
1614 5250 1658 5305 ib

1823 5247 1868 5279 "
1887 5246 2045 5305 Joan.
2097 5261 2215 5313 xui,
2270 5242 2359 5299 18.

1846 4949 1899 5004 9.
1923 4968 1941 4999 ι
1972 4946 2126 5001 Νυιιε
2145 4945 2267 4999 dico
2298 4942 2451 4996 vobis
2479 4952 2768 5009 antequam
2790 4939 2981 4998 tiat,ut
3002 4944 3126 4988 eum
3153 4929 3355 4984 factum

1777 5039 1963 5104 fuerit,
1995 5037 2233 5092 credatis
2264 5036 2390 5104 quia
2421 5049 2521 5103 ego
2566 5045 2685 5086 sum
2718 5030 2785 5081 σι.
2821 5045 2841 5076 ι
2876 5024 3216 5080 Relationem
3249 5018 3353 5071 ba-

1778 5133 1911 5188 bent
1943 5131 2109 5186 verba
2150 5129 2267 5184 hac
2313 5129 2379 5182 ad
2429 5126 2479 5180 id
2513 5124 2656 5193 quod
2693 5117 2943 5187 superius
2984 5122 3067 5171 est
3100 5113 3304 5168 dictum
3336 5128 3351 5164 :

2462 5238 2504 5270 ιθ
2534 5223 2692 5286 Joan.
2729 5247 2877 5296 xxvr,
2933 5228 3027 5284 27.
3134 5222 3179 5256 ⁵⁸
3215 5222 3355 5278 Psal.

1848 5434 1964 5508 (40)
1995 5437 2173 5508 Codex
2206 5425 2773 5508 llodleia_nus,_§xous'
2791 5414 3269 5508 ﬁegltts,‘ét.to?td::

1853 5487 1977 5580 ﬁll),
2003 5487 2208 5580 Td;_6é_._
2232 5504 2395 5580 beest
2427 5501 2478 5553 in
2516 5487 2761 5554 editione
2789 5487 2992 5555 Iluetii,
3023 5489 3119 5557 sed
3167 5487 3364 5554 legitur

1779 5578 1832 5631 in
1858 5574 2050 5631 codice
2079 5574 2400 5630 Bodleiano.
3034 5630 3039 5631 ,
3326 5620 3338 5630 .

1853 5630 1966 5721 (Η)
2002 5647 2145 5699 Ὅτι.
2190 5642 2480 5721 [ferrarius
2515 5638 2710 5712 legisse
2757 5634 2972 5691 videtur
3026 5630 3141 5696 ὅτε,
3202 5630 3365 5677 vertit

1780 5715 1955 5788 enim,"
1984 5735 2003 5769 ι
2039 5715 2276 5787 quando.
2318 5733 2336 5766 ι

3055 5857 3138 5918 25
