3804 6528
450 349 556 405 779

1941 350 2265 410 ORIGENIS

3603 370 3691 425 780

458 486 474 518 ι
510 467 625 523 Non
656 462 725 522 de
753 466 1004 522 omnibus
1038 466 1192 523 vobis
1220 468 1343 524 dito
1369 485 1379 522 :
1412 481 1512 538 ego
1536 467 1653 523 seio
1682 447 1820 536 quos
1843 468 2020 542 elege-

2136 489 2151 524 ι
2187 471 2260 524 Οὐ
2286 471 2414 543 περὶ¹
2447 450 2664 526 πάντων
2696 471 2849 546 ὑμῶν
2909 474 3079 546 λέγω·
3122 477 3236 547 ἐγὼ
3261 473 3377 534 οἶδα
3423 482 3573 545 τινας
3596 485 3693 550 ἐξε-

452 563 583 628 rim;
631 562 728 616 sed
785 569 843 615 ut
881 559 1171 632 impleatur
1223 560 1507 632 Scriptura
1542 581 1554 616 :
1589 561 1690 631 Qui
1739 564 2033 620 manducat

452 670 646 726 panem
706 669 907 721 meum,
949 654 1168 710 sustulit
1229 657 1516 712 adversum
1573 671 1658 712 me
1712 658 2029 715 calcaneum

453 764 611 804 suum
638 747 683 780 ⁸¹
720 766 733 813 ;
772 767 789 799 ι
822 748 926 803 hoc
963 748 1108 802 enim
1137 745 1404 813 futurum,
1431 759 1491 803 ut
1520 748 1800 820 Scriptura
1836 751 2030 822 imple-

450 854 604 898 retur
637 842 705 898 de
740 856 804 897 eo
833 840 927 912 qui
989 841 1213 896 sustulit
1254 840 1546 897 adversum
1577 856 1665 897 me
1709 843 2028 900 calcaneum

374 1002 377 1003 ν
451 950 607 989 suum
645 933 757 1005 (qui
797 943 881 989 est
917 932 1025 998 ille,
1055 933 1146 1004 qui
1209 934 1505 990 manducat
1555 950 1755 1005 panem
1790 936 1988 1009 meum)
2014 924 2067 1002 ;’

450 1042 595 1081 nunc
652 1026 774 1082 dico
831 1025 1002 1091 vobis,
1040 1033 1099 1081 et
1140 1026 1262 1082 dico
1308 1036 1600 1097 antequam
1653 1029 1767 1093 ﬁat,
1800 1037 1878 1093 ut,
1908 1045 2029 1084 cum

452 1120 654 1174 factum
727 1120 890 1174 fuerit
944 1119 1088 1188 quod
1167 1119 1555 1189 prophetatum
1628 1124 1682 1176 in
1742 1119 2028 1191 Scriptura

452 1213 689 1267 futurum
733 1223 817 1267 est
866 1222 926 1266 ut
978 1211 1292 1279 impleatur,
1344 1212 1586 1267 credatis
1623 1228 1710 1268 me
1744 1226 1866 1269 esse
1902 1226 2027 1267 eum

448 1303 611 1375 427
641 1303 705 1357 de
742 1318 848 1373 quo
901 1304 1016 1357 haec
1069 1301 1387 1372 prophetata
1433 1313 1581 1371 sunt,
1625 1315 1843 1374 propter
1899 1314 2021 1357 eum

447 1401 564 1470 qui,
586 1414 708 1454 cum
739 1396 1097 1451 manducaret
1124 1410 1319 1465 panem
1344 1410 1545 1460 meum,
1578 1397 1797 1453 sustulit
1830 1398 2025 1452 adver-

450 1507 568 1545 sum
602 1505 687 1545 me
716 1490 1028 1544 calcaneum
1056 1503 1236 1542 suum.
1270 1487 1378 1544 Sed
1418 1497 1630 1558 qnmrat
1658 1486 1859 1558 aliquis
1888 1504 2018 1558 quo-

452 1579 610 1633 modo
648 1579 853 1634 dictum
901 1578 974 1635 sit
1003 1576 1310 1648 discipulis,
1347 1564 1579 1650 quorum
1615 1580 1825 1635 laverat
1862 1581 2025 1649 pedes

446 1670 632 1735 Jcsus,
674 1669 900 1739 perinde
952 1670 1107 1738 quasi
1153 1671 1389 1724 nondum
1442 1671 1808 1726 credidissent
1846 1671 2025 1739 ipsum

2133 562 2407 635 λεξάμην·
2457 562 2573 617 ἀλλ’
2603 564 2690 618 ἵνα
2723 565 2757 637 ἡ
2803 565 2997 639 Γραφὴ
3044 569 3307 642 πληρωθῇ
3332 587 3347 600 °
3394 572 3451 625 '0
3490 571 3695 644 τρώγων

2136 658 2254 727 μετ’
2280 655 2415 728 ἐμοῦ
2438 656 2530 710 τὸν
2557 654 2721 729 ἄρτον
2752 657 2959 731 ἐπῆρεν
2980 661 3066 713 ἐπ’
3091 662 3191 732 ἐμὲ
3225 664 3325 735 τὴν
3355 665 3588 737 πτέρναν
3618 671 3695 721 αύ-

2132 748 2246 804 τοῢ.
2302 768 2321 802 ι
2372 749 2543 804 Τοῦτο
2584 749 2693 826 γὰρ
2739 749 2800 805 τὸ
2837 752 3116 824 ὲσόμενον,
3149 754 3236 809 ἵνα
3263 758 3296 826 ή
3345 757 3535 831 Γραφη
3575 760 3695 832 πλη-

2134 841 2282 914 ρωθῇ
2333 841 2461 914 περὶ
2513 841 2609 896 τοῦ
2667 842 2988 915 ἐπαίροντος
3053 846 3142 899 ἐπ’
3188 847 3288 917 ἐμὲ
3334 847 3435 921 τὴν
3488 852 3699 921 πτέρναν

2132 931 2298 986 αὐτοῦ
2364 933 2463 1005 (ὃς
2528 933 2645 987 ἐστι
2695 934 2923 1007 τρώγων
2987 937 3105 1008 μετ’
3159 938 3297 1010 ἐμοῦ
3349 940 3447 995 τὸν
3504 942 3697 1014 ἄρτον),

2130 1026 2339 1097 ἀπάρτι
2390 1025 2534 1096 λέγω
2588 1027 2737 1098 ὑμῖν,
2791 1029 2886 1082 καὶ
2939 1028 3084 1100 λέγω
3143 1031 3250 1102 πρὸ
3295 1032 3391 1086 τοῦ
3442 1036 3697 1103 γενέσθαι,

2131 1118 2241 1183 ἵνα,
2272 1118 2410 1172 ἐπὰν
2436 1118 2664 1189 γένηται
2701 1119 2762 1173 τὸ
2797 1120 3293 1193 πληρωθησόμενον
3343 1123 3456 1178 τῶν
3502 1144 3696 1198 προφη-

2127 1208 2425 1264 τευθέντων
2466 1211 2525 1263 ὲν
2565 1214 2632 1282 τῇ
2680 1211 2892 1283 Γραφῇ,
2940 1213 3292 1284 πιστεύσητε,
3345 1215 3430 1269 ὅτι
3464 1217 3575 1285 ἐγώ
3602 1222 3699 1289 εἰμι

2129 1299 2257 1370 περ)⁵
2281 1292 2341 1352 οὗ
2369 1298 2546 1353 ταῦτα
2591 1303 3055 1373 προπεφήτευται,
3105 1302 3215 1356 ἀπὸ
3263 1303 3359 1358 τοῦ
3409 1305 3698 1376 τρώγοντας

2132 1392 2248 1462 μετ’
2276 1390 2445 1445 αὐτοῦ
2474 1390 2566 1445 τὸν
2598 1392 2782 1465 ἄρτον,
2837 1393 3142 1466 ὲπάραντος
3170 1396 3270 1468 τὴν
3313 1398 3514 1452 ἑαυτοῦ
3562 1403 3703 1472 τιτέρ⁸

2128 1498 2222 1535 ναν
2249 1483 2369 1535 κατ’
2401 1481 2592 1537 αὐτοῦ.
2620 1484 2854 1555 Ζητήσει
2886 1484 2931 1536 δ’
2958 1484 3024 1539 ἄν
3056 1504 3139 1550 τις
3177 1487 3295 1552 πῶς
3340 1490 3560 1561 εἴρηται
3607 1496 3705 1557 τοῖς

2130 1572 2419 1644 μαθηταῖς,
2452 1567 2526 1628 ὧν
2551 1572 2701 1644 ένιψε
2741 1575 2867 1640 τοὺς
2898 1575 3067 1640 πόδας
3107 1579 3137 1631 6
3177 1578 3418 1650 Ἰησοῦς,
3451 1582 3529 1645 ὡς
3557 1584 3706 1654 μηδέο

2129 1681 2216 1717 πω
2262 1665 2637 1731 πιστεύσασιν,
2670 1667 2755 1720 δτι
2796 1667 2889 1721 καὶ
2932 1669 3094 1732 αὐτὸς
3143 1670 3230 1743 εἴη
3259 1673 3287 1724 6
3332 1673 3590 1745 Χριστός,
3624 1677 3703 1729 τό·

445 1780 567 1821 esse
599 1763 875 1820 Christum
905 1781 920 1817 :
953 1780 974 1815 ι
997 1762 1154 1820 Nunc
1187 1765 1309 1819 dico
1339 1764 1494 1819 vobis
1529 1775 1823 1832 antequam
1857 1764 1973 1829 fiat,
2000 1784 2019 1818 ι

2136 1775 2153 1809 ι
2195 1757 2424 1831 Ἀπάρτι
2474 1757 2618 1827 λέγω
2660 1759 2789 1830 ὑμῖν
2833 1761 2940 1833 πρὸ
2975 1761 3069 1815 τοῦ
3109 1763 3387 1832 γενέσθαι,
3428 1784 3450 1817 ι
3491 1767 3582 1819 καὶ
3631 1767 3708 1821 διὰ

432 1867 499 1925 ⁸οι
527 1867 744 1927 propter
798 1857 902 1909 hoc
938 1856 1079 1921 dico,
1122 1875 1139 1907 ι
1173 1864 1229 1909 ιιι
1275 1869 1399 1910 cum
1454 1830 1882 1923 factumfuerit,
1906 1872 2021 1912 cre-

2136 1848 2289 1902 τοῦτο
2316 1849 2483 1919 λέγω,
2532 1851 2640 1915 ἵνα,
2689 1852 2816 1907 ὃταν
2858 1871 2877 1904 ι
2925 1854 3174 1926 γένηται,
3230 1858 3593 1930 πιστεύσητε,
3636 1860 3707 1914 ὅτι

446 1947 589 2002 datis
622 1961 707 2001 me
737 1959 862 2000 esse
885 1945 932 1977 ⁸³
960 1963 979 1996 ι
1037 1944 1314 1999 Christum
1365 1945 1768 2014 prophetatum.
1803 1945 1873 2000 At
1908 1945 2029 2000 vide

445 2055 573 2094 num
621 2038 889 2110 possimus
928 2044 1180 2091 caventes
1228 2049 1487 2091 accusare
1537 2036 1715 2106 talesJ
1746 2043 2029 2105 tantosque

443 2129 568 2186 .lesu
596 2130 1080 2201 discipulos,quasi
1103 2129 1196 2199 qui
1218 2128 1456 2182 nondum
1485 2127 1871 2195 credidissent,
1892 2142 2026 2181 cou~

444 2222 622 2278 silium
675 2227 840 2279 etiam
888 2236 1112 2278 servare
1162 2220 1396 2275 dicentis
1432 2236 1445 2273 :
1485 2238 1504 2272 ι
1532 2218 1604 2275 Ut
1644 2234 1765 2274 cum
1822 2219 2026 2274 factum

446 2315 630 2377 l'tterit,
656 2313 889 2368 credatis
920 2312 1046 2382 quia
1068 2326 1169 2381 ego
1207 2324 1348 2366 sum.
1385 2328 1403 2361 ι
1451 2307 1552 2374 Qui
1586 2307 1783 2376 recipit
1812 2308 2027 2378 sapien-

445 2409 533 2462 tia:
566 2408 929 2471 theoremata,
964 2404 1239 2460 interdum
1285 2416 1382 2472 per
1430 2400 1639 2471 priora,
1679 2399 1877 2468 quibus
1911 2399 2024 2469 jam

443 2501 663 2572 sapiens
711 2508 817 2563 est,
841 2498 1072 2568 percipit
1119 2495 1444 2565 posteriora.
1495 2493 1547 2548 in
1603 2492 1806 2563 quibus
1865 2501 2025 2546 antea

445 2608 553 2647 non
602 2600 721 2646 erat
771 2590 993 2660 sapiens
1051 2588 1463 2658 sapientiorque
1487 2586 1638 2641 erit:
1672 2583 2025 2656 quemadmoo

443 2684 572 2739 dum
606 2681 731 2736 illud
762 2681 927 2736 etiam
955 2680 1159 2736 dicitur
1193 2694 1205 2731 :
1248 2696 1266 2730 ι
1298 2678 1424 2737 llaec
1480 2677 1631 2732 enim
1675 2676 1907 2731 audiens
1936 2689 2026 2730 sa-

440 2773 612 2842 piens,
657 2773 957 2843 sapientior
983 2771 1182 2827 erit“.
1212 2788 1232 2821 ι
1276 2769 1347 2826 Ut
1373 2768 1541 2840 igitur
1579 2768 1625 2822 si
1664 2767 1898 2832 sapienti
1938 2767 2022 2822 di-

439 2873 697 2920 cerentur
740 2863 986 2933 quaedam
1013 2902 1028 2927 ,
1069 2872 1124 2917 et
1163 2861 1586 2931 subjungeretur
1620 2876 1634 2913 :
1668 2857 1794 2913 llaec
1845 2867 1897 2912 te
1943 2858 2023 2911 fa-

441 2955 591 3010 ciunt
633 2955 934 3022 sapientem
964 2973 981 3023 ;
1013 2969 1122 3010 non
1151 2955 1378 3009 omnino
1425 2952 1730 3022 sapientem
1763 2952 2020 3007 conside—

440 3061 695 3104 raremus
725 3063 790 3102 ex
839 3064 944 3104 non
984 3047 1256 3117 sapiente,
1289 3047 1385 3103 sed
1414 3061 1481 3102 ex
1519 3046 1766 3116 sapiente
1800 3043 2023 3114 sapien-

441 3139 659 3206 tiorem,
697 3150 953 3208 tanquam
989 3136 1232 3208 profectu
1282 3136 1629 3199 succedente,
1665 3146 1720 3191 et
1764 3135 2021 3190 tendente

439 3231 509 3284 ad
559 3228 1108 3298 perfectionemzsie
1170 3227 1303 3284 mihi
1352 3226 1638 3283 considera
1705 3231 2018 3283 credentem

437 3335 599 3390 posse
648 3322 824 3392 magis
863 3323 1182 3376 credentem
1236 3320 1352 3375 ﬁeri
1383 3339 1397 3375 :
1429 3319 1658 3391 apostoli
1698 3320 1844 3376 enim
1897 3335 2019 3375 cum

439 3413 736 3482 aliquando
773 3414 842 3468 ad
886 3413 1172 3468 Dominum
1210 3414 1596 3477 accessissent.
1648 3427 1752 3467 non
1811 3413 2021 3481 seipsos

439 3502 759 3558 incusantes
797 3513 1053 3572 tanquam
1102 3518 1209 3560 non
1246 3505 1552 3568 credentes,
1594 3504 1851 3559 dixerunt
1898 3503 1971 3557 illi
2003 3518 2018 3556 :

444 3611 462 3643 ι
492 3592 749 3661 Domine,
799 3594 1010 3666 adauge
1065 3597 1224 3652 nobis
1269 3595 1539 3652 ﬁdem":
1580 3615 1600 3650 ι
1643 3595 1910 3665 siquidem
1962 3596 2014 3649 in

437 3681 727 3753 vocabulo,
767 3688 994 3755 adauga,
1026 3695 1216 3756 aperte
1244 3686 1554 3742 ostenditur
1580 3685 1742 3742 ﬁdem
1763 3686 2017 3743 habuisse

438 3784 712 3857 apostolos
772 3782 1073 3853 capientem
1143 3779 1597 3835 additamentum.
1651 3778 2016 3845 Quamobrem

439 3879 485 3934 si
526 3879 642 3934 haec
691 3874 1095 3938 intelleximus,
1132 3871 1266 3927 mihi
1317 3870 1603 3943 considera
1650 3868 2020 3925 additamenta

2048 3180 2091 3237 C

439 3985 619 4025 rerum
665 3968 824 4024 tidem
864 3966 1203 4030 facientium,
1258 3974 1379 4035 post
1425 3964 1673 4033 quaedam
1699 3977 1819 4032 qua:
1855 3972 2017 4017 antea

438 4060 597 4115 tidem
640 4059 905 4126 fecerant,
944 4057 1223 4112 addidisse
1274 4055 1434 4121 ﬁdei;
1475 4054 1614 4110 adeo
1661 4066 1719 4110 ut
1765 4053 2018 4124 discipuli

435 4156 632 4218 praeter
667 4162 731 4202 ea
761 4162 882 4216 quat
908 4146 1180 4200 habebant
1203 4145 1363 4199 ﬁdem
1395 4143 1677 4211 facientia,
1704 4144 1871 4199 etiam
1909 4145 2015 4199 hoc

437 4240 856 4309 assumpserint,
900 4248 960 4292 ut
1003 4238 1253 4293 viderent
1301 4236 1646 4307 Scripturam
1681 4236 1954 4293 dicentem
1998 4253 2012 4290 :

441 4349 461 4384 ι
491 4332 593 4399 Qui
631 4332 921 4387 manducat
968 4347 1163 4401 panem
1201 4345 1402 4397 meum,
1445 4330 1669 4386 sustulit
1695 4338 1887 4387 contra
1929 4346 2016 4386 me

437 4420 752 4476 calcaueum
787 4437 945 4477 suum
974 4421 1042 4488 ",
1067 4442 1086 4474 ι
1123 4420 1428 4491 impletam,
1464 4420 1533 4476 ob
1563 4420 1754 4476 oculos
1780 4430 2017 4491 ponente

435 4528 501 4567 eo
543 4514 635 4583 qui
675 4515 1104 4585 prophetabatur
1141 4529 1202 4569 se
1248 4529 1393 4581 esse,
1425 4513 1495 4569 de
1518 4528 1625 4583 quo
1657 4514 1786 4568 talia
1817 4515 2012 4584 praedi-
2044 4531 2089 4586 ι)

434 4615 520 4661 cta
563 4607 779 4661 fuerant
812 4622 827 4659 :
855 4606 1085 4675 videque
1116 4617 1181 4662 ut
1217 4606 1489 4677 intelligas
1527 4606 1629 4662 hoc
1668 4605 2019 4673 vocabulum,

440 4719 459 4752 ι
496 4700 563 4756 Ut
588 4700 824 4756 credatis
839 4700 908 4764 ⁸⁷,
929 4717 948 4751 ι
984 4700 1210 4770 perinde
1230 4714 1295 4755 ac
1321 4700 1413 4765 sit,
1438 4700 1507 4755 Ut
1534 4700 1863 4770 opereminl,
1895 4715 2019 4771 per-

416 4802 720 4847 .maneules
758 4792 814 4846 in
866 4790 1213 4854 credulitate,
1258 4789 1462 4846 nullam
1491 4806 1714 4845 causam
1748 4791 2014 4846 habentes

432 4901 539 4954 qua
571 4884 881 4939 mutemini.
930 4883 1010 4940 Ac
1050 4891 1202 4938 certe
1251 4880 1357 4935 nisi
1402 4881 1782 4952 magnitudine
1815 4898 2008 4952 magna

434 4974 567 5029 Iides
604 4981 774 5040 esset,
813 4981 907 5028 aut
954 4971 1302 5027 multitudine
1346 4970 1538 5038 multa,
1584 4970 2006 5041 haudquaquam

432 5063 662 5119 dixisset
708 5062 1019 5120 Paulus“:
1062 5060 1331 5117 «Etiamsi
1384 5059 1624 5115 habuero
1680 5074 1897 5133 omnem
1948 5061 2012 5115 li—

432 5154 577 5209 dem.
608 5172 627 5205 ι
666 5154 741 5212 Ut
763 5155 907 5210 enim
957 5152 1255 5224 perfectus,
1285 5160 1341 5206 et
1365 5164 1556 5207 omnes
1599 5150 1808 5205 habens
1838 5150 2013 5204 virtu-

434 5255 538 5311 tes,
573 5261 696 5300 cum
744 5246 1055 5318 singulatim
1109 5256 1555 5315 unamquamque
1593 5243 1853 5296 virtutem
1884 5255 2011 5311 per-

434 5341 631 5394 fectam
669 5341 994 5409 perceperit,
1035 5338 1330 5410 perfectam
1378 5337 1542 5392 habet
1571 5335 1920 5406 sapientiam,
1954 5342 2011 5389 et

537 5452 583 5484 ⁸¹
611 5450 768 5507 Joan.
800 5467 924 5515 XIII,
954 5450 1040 5507 l8.
1123 5451 1169 5484 ”
1191 5449 1350 5507 Joan.
1383 5465 1503 5515 xm,
1542 5449 1630 5504 19.
1702 5447 1748 5480 ⁸⁸
1781 5446 1939 5504 Prov.
1966 5463 2006 5516 ι,
2035 5449 2087 5504 5.

433 5521 479 5555 ⁵⁸
510 5521 674 5577 lCor.
708 5538 826 5587 xm,
864 5522 918 5575 2.

504 5614 615 5685 (45)
642 5612 807 5681 Ἤδη.
836 5612 979 5685 Lego
1006 5609 1087 5678 οἷς
1112 5615 1230 5685 ἤδη.
1271 5682 1283 5685 _
1661 5680 1688 5685 _
1715 5674 1718 5678 ,

433 5656 615 5808 ὓιίὶῖί
836 5656 1548 5750 Balleia}t'is,ré0€oui<§ato
1574 5697 1590 5745 ;
1654 5674 1879 5748 Regius,
1912 5694 2003 5730 τε-

468 5771 710 5807 εσπιστν..

410 5787 1061 5895 ’νθῖἕὲῖϋέιιὶιίοᾘιιειίῂ
1092 5822 1190 5889 τῷ,
1226 5823 1341 5877 Ἵνα
1355 5822 1701 5893 πιστεύσητε,
1722 5814 2000 5885 ὲνεργῆτε.

2131 1940 2244 2011 ἐγώ
2271 1944 2386 2013 εἰμι
2421 1961 2440 1995 ι
2476 1944 2505 1995 6
2538 1944 2939 2016 προφητευθεὶς
2965 1947 3221 2018 Χριστός.
3254 1949 3369 2002 Καὶ
3402 1951 3512 2020 ὅρα
3540 1952 3588 2003 εί
3628 1950 3708 2004 δυ-

2132 2032 2343 2106 νάμεθα
2369 2034 2805 2106 κατηγοροῦντες
2832 2037 2941 2091 τῶν
2973 2038 3307 2110 τηλικούτων
3337 2040 3521 2112 Ἰησοῦ
3556 2042 3712 2111 μαθη-

2128 2126 2259 2191 τῶν,
2294 2127 2370 2191 ώς
2397 2127 2608 2182 οὐδέπω
2642 2130 3105 2195 πεπιστευκότων,
3136 2133 3231 2186 καὶ
3252 2131 3315 2184 τὺ
3347 2132 3600 2204 βούλημα
3623 2132 3712 2186 σώ-

2130 2217 2243 2282 ζειν
2285 2217 2378 2270 τοῦ
2434 2220 2681 2283 εἰπόντος
2704 2237 2717 2250 ·
2759 2223 2904 2277 ι’Ίνα
2929 2223 3273 2294 πιστεύσητε,
3307 2224 3443 2279 ὅταν
3474 2226 3708 2296 γένηται,

2128 2310 2210 2364 ὅτι
2262 2310 2373 2380 ἐγώ
2409 2313 2545 2383 είμι.
2589 2332 2608 2365 ι
2642 2312 3096 2385 Παραλαμόἀνων
3146 2316 3342 2385 σοφίας
3393 2315 3711 2389 θεωρήματα

2128 2403 2245 2457 ἐσθ’
2280 2405 2368 2458 ὅτε
2393 2406 2492 2459 καὶ
2518 2406 2806 2478 προτέροις
2823 2407 2923 2480 ἤδη
2956 2407 3069 2478 (45)
3101 2408 3263 2477 σοφός
3295 2411 3453 2463 ἐστιν
3482 2410 3711 2479 ἀναλαμ-

2128 2493 2281 2548 ϐάνει
2306 2494 2558 2567 δεύτερα,
2608 2494 2696 2564 ἐφ’
2725 2488 2811 2559 οἷς
2841 2496 2904 2549 οὐ
2955 2496 3222 2569 πρότερον
3260 2493 3334 2569 ἦν
3382 2499 3571 2568 σοφὸς,
3630 2498 3712 2551 καὶ

2128 2587 2436 2659 σοφώτερος
2479 2587 2666 2642 ἔσται’
2711 2587 2894 2653 καθὼς
2933 2587 3150 2658 λέγεται
3186 2591 3281 2644 καὶ
3339 2591 3437 2644 τό·
3486 2609 3507 2642 ι
3546 2588 3710 2642 Τῶνδε

2126 2678 2236 2752 γὰρ
2257 2679 2496 2744 ἀκούσας
2526 2680 2710 2749 σοφὸς,
2764 2678 3071 2752 σοφώτερος
3118 2679 3290 2735 ἔσται.
3327 2699 3349 2733 ι
3380 2681 3600 2753 Ὠσπερ
3628 2674 3711 2733 οὖν

2129 2774 2177 2825 ει
2215 2772 2434 2841 ἐλέγετο
2461 2772 2539 2844 τῷ
2572 2771 2720 2844 σοφῷ
2772 2772 2900 2826 τάδε
2932 2771 3075 2837 τινὰ,
3127 2773 3222 2827 καί
3272 2773 3585 2846 ἐπεφέρετο
3605 2789 3620 2803 ·
3650 2803 3711 2815 -

2125 2862 2311 2917 Ταῦτά
2329 2880 2388 2916 σε
2410 2866 2554 2918 ποιεί
2571 2864 2754 2934 σοφὸν,
2770 2896 2839 2908 -—-
2853 2864 2914 2917 οὐ
2936 2863 3151 2929 πάντως
3171 2862 3238 2919 ἂν
3259 2865 3329 2918 ὲκ
3344 2865 3441 2919 τοῦ
3457 2864 3544 2937 μὴ
3562 2862 3713 2933 σοφοῦ

2127 2953 2289 3022 σοφὸν
2322 2953 2646 3024 ὲνοήσαμεν,
2677 2953 2815 3008 ἀλλὰ
2845 2954 2942 3008 καὶ
2971 2955 3036 3007 ὲκ
3066 2954 3233 3024 σοφοῦ
3263 2955 3609 3026 σοφώτερον,
3645 2954 3711 3017 ὡς

2124 3042 2515 3115 ἐπιγινομένης
2556 3044 2655 3115 τῆς
2680 3044 2987 3117 προκοπῆς,
3023 3044 3117 3098 καὶ
3153 3045 3455 3116 ὁδευούσης
3492 3045 3591 3099 ἐπὶ
3624 3045 3714 3114 τὴν

2124 3136 2436 3207 τελειότητα
2459 3154 2474 3168 ·
2512 3137 2657 3191 οὕτω
2684 3155 2775 3209 μοι
2798 3139 2907 3192 νόει
2927 3140 3024 3192 καὶ
3051 3139 3143 3192 τὸν
3188 3138 3530 3193 πιστεύοντα
3560 3139 3715 3196 δύνασ

2128 3227 2250 3282 σθαι
2267 3228 2582 3301 πιστότερον
2603 3229 2875 3299 γενέσθαι·
2900 3231 2994 3285 καὶ
3017 3229 3126 3303 γὰρ
3143 3232 3193 3285 οἱ
3208 3232 3533 3299 ἀπόστολοι,
3556 3251 3713 3307 προσ-

2125 3320 2370 3385 ελθόντες
2415 3320 2548 3374 ποτὲ
2590 3320 2671 3391 τῷ
2716 3321 2926 3394 Κυρίῳ,
2958 3323 3056 3394 οὐχ
3099 3323 3304 3377 ἑαυτῶν
3348 3326 3717 3398 κατηγοροῦν⁴

2122 3431 2215 3478 τες
2236 3414 2313 3477 ὡς
2340 3413 2605 3479 ἀπίστων,
2635 3413 2821 3484 ἔλεγον
2846 3415 2996 3487 αὐτῷ
3037 3415 3098 3469 τό
3116 3434 3161 3469 οι
3222 3416 3425 3490 Κύριε,
3481 3420 3714 3492 πρόσθες

2123 3507 2255 3579 ἡμῖν
2276 3505 2457 3560 πίστιν
2475 3523 2489 3537 ο
2523 3526 2542 3560 ι
2573 3507 2667 3561 καὶ
2696 3506 2806 3579 γὰρ
2835 3508 2894 3562 ὲν
2920 3508 3019 3580 τῷ.
3037 3508 3317 3577 πρόσθες,
3350 3511 3552 3581 σαφῶς
3588 3530 3717 3584 παρ-

2126 3597 2356 3663 ίσταται,
2390 3596 2473 3650 ὅτι
2502 3596 2684 3651 πίστιν
2727 3595 2872 3668 εἶχον
2907 3597 3190 3670 χωροῦσαν
3235 3599 3593 3673 προσθήκην.
3634 3604 3714 3655 Εἴ-

2078 3726 2083 3731 .
2124 3708 2230 3759 περ
2258 3685 2351 3744 οὖν
2379 3691 2692 3763 συνήκαμεν
2735 3690 2928 3757 ταῦτα,
2960 3692 3069 3745 νόει
3102 3709 3194 3763 μοι
3245 3691 3347 3756 τὰς
3393 3693 3713 3766 προσθήκας

2121 3781 2229 3836 τῶν
2258 3782 2738 3851 πιστοποιούντων,
2770 3783 2911 3855 μετά
2939 3800 3060 3837 τινα
3094 3785 3360 3856 πρότερον
3388 3788 3713 3856 πιστοποιή-

2124 3888 2306 3937 σοντα,
2335 3872 2685 3945 προστιθέναι
2713 3876 2782 3946 τῇ
2820 3875 3032 3928 πίστει·
3058 3874 3198 3928 ὣστε
3241 3875 3337 3929 καὶ
3375 3878 3512 3942 τοὺς
3545 3877 3714 3949 μαθη-

2118 3963 2219 4027 τὰς
2239 3963 2376 4035 πρὸς
2400 3959 2481 4028 οἷς
2504 3959 2650 4035 εἶχον
2680 3968 3163 4037 πιστοποιητικοῖς,
3189 3966 3284 4021 καὶ
3304 3965 3473 4019 τοῦτο
3493 3982 3712 4039 προσει-

2120 4052 2349 4125 ληφέναι
2376 4054 2437 4107 τὸ
2470 4054 2690 4125 βλέπειν
2713 4055 3095 4128 πληρουμένην
3124 4054 3222 4126 τὴν
3255 4054 3537 4122 λέγουσαν
3582 4054 3714 4124 Γρα-

2121 4145 2261 4217 φήνο
2300 4164 2321 4197 ι
2367 4145 2424 4200 '0
2454 4145 2684 4218 τρώγων
2732 4164 2834 4218 μου
2866 4146 2958 4200 τὸν
3001 4147 3165 4217 ἄρτον
3206 4145 3416 4216 ἐπῆρεν
3471 4146 3568 4197 ἐπ’
3618 4144 3712 4213 ἐμὲ

2119 4237 2217 4311 τὴν
2243 4238 2485 4310 πτέρναν
2536 4238 2724 4306 αὑτοῦ,
2762 4258 2782 4291 ι
2822 4239 3187 4311 παριστάντος
3228 4236 3324 4290 τοῦ
3366 4249 3711 4309 προφητει»

2122 4330 2305 4403 μένου,
2335 4333 2418 4386 ὅτι
2445 4332 2609 4395 αὐτὸς
2634 4326 2703 4403 ἦν
2750 4331 2878 4404 περὶ
2918 4324 2979 4386 οὗ
3018 4328 3192 4383 ταῦτα
3218 4326 3549 4393 ὲθεσπίζετο
3580 4326 3708 4396 (44)·

2119 4425 2217 4480 καὶ
2239 4424 2404 4478 ἄκουε
2424 4423 2542 4490 τοῦ,
2567 4424 2718 4477 «Ἵνα
2746 4421 3092 4494 πιστεύσητε,
3108 4436 3125 4467 ι
3143 4419 3216 4484 ὡς
3250 4418 3366 4472 ἴσον
3399 4418 3707 4488 δυναμένου

2117 4516 2215 4588 τῷ,
2251 4517 2368 4571 Ἵνα
2393 4515 2653 4588 ὲνεργῆτε
2684 4515 2819 4586 (45),
2846 4513 3255 4587 παραμένοντες
3288 4510 3370 4581 τῷ
3403 4509 3707 4571 πιστεύειν,

2122 4609 2217 4663 καὶ
2246 4609 2516 4681 μηδεμίαν
2550 4603 2804 4681 ἀφορμὴν
2846 4607 2983 4679 πρὸς
3009 4607 3070 4660 τὸ
3096 4603 3489 4677 μετατίθεσθαι
3536 4601 3707 4672 ἶσχον·

2118 4719 2230 4766 τες.
2258 4702 2369 4754 Καὶ
2396 4702 2451 4756 εί
2473 4719 2557 4755 τοι
2592 4701 2668 4773 μὴ
2711 4699 2930 4772 μεγέθει
2981 4697 3195 4770 μεγάλη
3229 4697 3264 4767 ἡ
3307 4694 3502 4757 πίστις
3534 4687 3628 4763 ἦν,
3677 4688 3709 4760 ἢ

2116 4791 2310 4864 πλήθει
2349 4791 2538 4865 πολλὴ,
2575 4794 2674 4847 οὐκ
2729 4791 2795 4846 ἂν
2843 4791 3026 4861 ἔλεγεν
3067 4792 3096 4843 6
3137 4787 3352 4850 Παῦλος
3396 4786 3495 4839 τό·
3541 4802 3563 4836 ο
3596 4781 3709 4836 Κᾶν

2112 4884 2220 4956 ἔχω
2242 4887 2423 4940 πᾶσαν
2449 4889 2550 4956 τὴν
2578 4886 2759 4938 πίστιν
2778 4901 2791 4914 ·
2825 4902 2844 4936 ι
2886 4882 3074 4952 ὥσπερ
3118 4879 3227 4950 γὰρ
3252 4880 3282 4931 6
3324 4877 3567 4938 τέλειος.
3617 4870 3710 4925 καὶ

2116 4976 2297 5040 πάσας
2330 4976 2470 5048 έχων
2498 4976 2596 5039 τὰς
2621 4974 2843 5047 ἀρετὰς,
2882 4972 3094 5025 τελείαν
3127 4969 3367 5039 ἑκάστην
3388 4962 3704 5023 ἀναλαϐὼν,

2113 5064 2322 5121 τελείαν
2369 5065 2482 5136 ἔχει
2515 5066 2613 5138 τὴν
2643 5066 2854 5135 σοφίαν,
2895 5065 2990 5117 καὶ
3018 5059 3224 5115 τελείαν
3268 5057 3368 5128 τὴν
3414 5051 3708 5127 σωφροσύ·

2111 5172 2229 5227 νην,
2262 5156 2403 5212 οὕτω
2435 5158 2491 5211 δὲ
2525 5158 2618 5212 καὶ
2640 5157 2738 5229 τὴν
2769 5154 3070 5220 εὐσέϐειαν,
3101 5150 3316 5213 καὶτὰς
3343 5148 3585 5211 λοιπάς⁹
3612 5144 3705 5198 οὖ-

2113 5264 2222 5311 τως
2244 5248 2310 5303 ἄν
2344 5265 2429 5312 τις
2456 5243 2575 5301 εἶπε
2605 5249 2670 5318 τῇ
2696 5247 2791 5301 τοῦ
2835 5244 3112 5300 πιστεύειν
3141 5244 3313 5314 ἀρετῇ
3344 5238 3581 5302 τελείως
3629 5236 3706 5306 τῷ

2118 5342 2298 5394 πᾶσαν
2327 5339 2439 5412 (46)
2474 5340 2615 5412 ἔχειν
2640 5341 2745 5410 τὴν
2770 5339 2972 5394 πίστιν.
3004 5336 3191 5391 Ταῦτα
3223 5334 3282 5387 δέ
3316 5350 3461 5404 φημι
3513 5330 3597 5394 ὡς
3645 5328 3705 5380 ού

2169 5454 2213 5486 ⁵⁸
2245 5453 2375 5509 Luc.
2412 5470 2547 5521 xvn,
2578 5454 2631 5509 5.
2733 5451 2780 5484 ⁸⁸
2811 5450 2970 5506 Joan.
3002 5464 3122 5514 xm,
3151 5444 3240 5500 18.
3344 5443 3390 5475 ⁸⁷
3416 5441 3559 5495 ibid.
3619 5437 3703 5493 i9.

2186 5610 2299 5679 (46)
2330 5610 2574 5675 Taleum;
2603 5606 2681 5674 τῷ
2706 5605 2931 5671 πᾶσαν,
2961 5611 3066 5679 etc.
3098 5597 3407 5679 Legendnm
3437 5593 3703 5679 fortasse.

2115 5666 2327 5738 τελείαν
2384 5682 2477 5735 καὶ
2516 5666 2716 5746 πᾶσαν,
2746 5688 2879 5744 etc.,
2918 5666 3043 5739 'vel,‘
3085 5666 3438 5726 τελέιωθέντα
3490 5666 3701 5723 πᾶσαν,

2116 5763 2223 5808 CIC.
2282 5768 2307 5781 ’

2720 6512 2743 6525 LA
2770 6508 3251 6528 *ὗε-Ἢ
3298 6506 3792 6528 ή-νηαἮ-κι-
