3804 6548
101 402 191 460 781

1120 404 1478 463 COMMENT.
1519 403 1587 459 IN
1625 400 1815 459 toan.
1861 386 2099 458 TOMUS
2138 389 2355 459 xx'xn.

3254 408 3357 470 Ἱδὲ

98 521 290 594 κυρίως
310 521 375 575 ἂν
410 522 817 596 λεχθησομένης
865 525 964 597 τῆς
998 525 1224 590 ἀτελοῦς
1260 526 1528 597 σοφίας,ἦ
1564 543 1649 580 σω

1770 522 2065 592 perfectam
2098 522 2446 589 modestiam,
2481 532 2641 595 atque
2679 525 2845 582 etiam
2875 527 2953 583 sic
2983 528 3267 597 pietatem,
3305 538 3357 584 et

97 613 382 686 φροσύνης,
410 615 444 685 ἢ
474 616 775 682 εὐσεϐείας,
805 618 839 690 ἢ
870 617 978 671 τῶν
1020 618 1222 673 λοιπῶν
1263 619 1496 689 ἀρετῶν,
1529 619 1668 674 ἀλλά

95 713 561 784 καταχρηστικῶς,
608 715 703 768 καὶ
727 714 835 769 τῶν
874 718 931 769 ὲν
962 715 1168 787 ἑκάστῃ
1211 717 1379 788 ἀρετῇ
1431 732 1667 788 προσκο-

96 804 202 858 vri-5v
242 802 551 874 ὁμωνύμως
575 807 642 875 τῇ
670 804 855 876 τελείᾳ
881 802 1336 877 ὀνομαζομένων·
1367 804 1510 858 οὕτω
1556 803 1666 877 γὰρ

96 897 248 968 σοφός
285 895 506 966 λέγεται
557 900 588 952 ὁ
633 898 965 970 ἁμαρτάνων
1017 898 1117 968 μέν
1152 915 1274 951 τινα
1319 897 1396 961 ὡς
1442 897 1665 967 ἐλέγχου

92 986 308 1051 δεῖσθαι,
332 986 395 1040 ού
429 987 537 1058 μὴν
560 988 656 1042 καὶ
682 989 858 1059 μισῶν
880 990 1007 1053 τοὺς
1031 988 1376 1059 ἐλέγχοντας,
1407 988 1543 1042 ἀλλά
1570 990 1667 1043 καὶ

96 1080 282 1150 μᾶλλον
304 1078 558 1148 ἀγαπῶν,
590 1079 727 1134 καθὸ
759 1079 1102 1152 γέγραπται·
1147 1098 1165 1132 ι
1203 1080 1433 1151 Ἔλεγχε
1481 1080 1662 1150 σοφὸν,

92 1174 177 1228 καὶ
200 1174 481 1244 ἀγαπήσει
517 1189 576 1226 σε
595 1189 612 1204 ·
646 1192 667 1226 ι
698 1172 842 1227 οὕτω
869 1173 929 1227 δὲ
958 1174 1053 1227 καὶ
1076 1172 1238 1242 σοφὸς
1274 1173 1513 1243 λέγεται,
1541 1174 1663 1227 em-

87 1262 324 1327 δεκτικδς
349 1262 426 1317 ῶν
448 1264 649 1334 ἑτέρων
668 1262 1041 1334 θεωρημάτων
1068 1265 1281 1333 σοφίας,
1312 1264 1407 1318 καὶ
1439 1263 1663 1336 μηδέπω

92 1355 215 1424 ἔχων
238 1354 308 1407 τὰ
346 1355 595 1427 δεύτερα,
621 1356 757 1410 καθὸ
789 1356 1007 1424 λέγεται
1036 1357 1128 1411 καὶ
1170 1356 1233 1409 τό
1257 1373 1270 1387 ι
1313 1375 1331 1407 ι
1374 1357 1527 1409 Δίδου
1569 1373 1660 1409 σο-

92 1447 166 1517 φῷ
189 1448 467 1520 ἀφορμὴν.
506 1449 598 1502 καὶ
629 1447 935 1520 σοφώτερος
973 1446 1146 1503 ἔσται.
1190 1468 1209 1501 ι
1244 1447 1403 1501 Ἀλλά
1428 1447 1535 1519 γὰρ
1562 1447 1659 1503 ἐπὶ

88 1539 245 1591 ταῦτα
302 1538 668 1610 ἐληλύθαμεν,
716 1539 1046 1604 δεικνύντες,
1084 1540 1182 1593 .ὃτι
1239 1538 1510 1610 ἐνδέχεται
1567 1539 1658 1592 τὸν

89 1631 177 1702 ἤδη
203 1630 529 1684 πιστεύοντα
560 1630 853 1701 μανθάνειν
882 1629 1023 1697 τινὰ,
1074 1631 1161 1684 ἴνα
1208 1628 1370 1684 πάλιν
1404 1628 1654 1702 πιστεύῃ,

90 1726 170 1774 καὶ
191 1722 274 1775 διὰ
294 1722 399 1794 τῆς
429 1722 749 1795 προσθήκης
781 1721 888 1776 τῶν
933 1722 1275 1794 μαθημάτων
1307 1721 1656 1794 προστιθέναι

88 1816 144 1884 τῇ
174 1814 376 1869 πίστει.
426 1815 492 1867 Εἰ
531 1814 588 1868 δὲ
626 1813 927 1886 βουλόμεθα
958 1815 1156 1869 εἰδέναι
1188 1815 1272 1878 τίς
1318 1816 1466 1868 ἐστιν
1493 1816 1521 1868 ό
1552 1815 1656 1868 πᾶ-

90 1922 174 1957 σαν
202 1904 343 1975 ἔχων
368 1904 467 1977 τὴν
498 1905 705 1963 πίστιν,
750 1885 1023 1978 λάϐωμεν,
1055 1906 1149 1959 ἐπὶ
1187 1905 1650 1977 παραδείγματος,
1687 1885 1729 1939 Β

88 1992 459 2062 κεφαλαιωδῶς
484 1992 556 2047 τά
587 1996 645 2048 ὲν
671 1994 750 2066 τῷ
778 1995 1132 2050 πιστεύεσθαι
1166 1994 1407 2060 σώζοντα
1446 1996 1538 2050 τὸν
1566 2013 1654 2049 πι-

88 2085 349 2153 στεύοντα,
380 2086 515 2159 φέρε
543 2089 738 2153 εἰπεῖν,
775 2088 904 2142 ὄντα
942 2087 1032 2142 τὸν
1059 2087 1290 2160 ἀριθμὸν
1314 2088 1526 2151 ἑκατὸν,
1562 2088 1655 2141 καὶ

87 2176 333 2248 λέγωμεν,
373 2179 460 2232 ὅτι
485 2181 514 2233 ὁ
543 2180 641 2250 μὲν
666 2179 736 2233 τὰ
770 2179 1146 2252 προειρημένα
1192 2180 1385 2235 ἑκατὸν
1437 2179 1656 2235 ἀδιστά-

87 2285 210 2332 κτως
240 2269 701 2342 παραδεχόμενος,
725 2271 821 2325 καὶ
857 2271 1074 2343 ἑκάστῳ
1094 2270 1276 2326 αὐτῶν
1309 2271 1540 2343 βεϐαίως
1564 2282 1655 2326 πι-

89 2361 292 2426 στεύων,
328 2363 514 2415 πᾶσαν
549 2362 659 2434 ἔχει
688 2362 786 2435 τὴν
820 2364 1035 2418 πίστιν·
1073 2366 1103 2417 ό
1143 2364 1200 2421 δὲ
1232 2363 1435 2418 λείπων
1462 2362 1520 2417 ἐν
1549 2381 1653 2418 τινι

86 2453 282 2525 ἀριθμῷ
311 2454 426 2509 τῶν
448 2457 506 2509 ὲν
531 2455 609 2527 τῷ
629 2456 977 2511 πιστεύεσθαι
1010 2457 1313 2522 σωζόντων,
1347 2457 1380 2528 ἢ
1419 2460 1484 2530 τῇ
1515 2458 1654 2530 πρὸς

86 2543 142 2595 τὰ
167 2544 533 2615 πιστευόμενα
563 2544 892 2617 βεϐαιότητι.
915 2546 1168 2601 τοσοῦτον
1208 2546 1383 2600 λείπει
1419 2546 1514 2600 τοῦ
1548 2546 1654 2600 πᾶ-

87 2650 169 2686 σαν
187 2633 327 2705 ἔχειν
356 2634 459 2707 τὴν
484 2635 687 2703 πίστιν,
716 2637 863 2700 ὅσοις
889 2637 1148 2709 ἀριθμοῖς
1176 2636 1450 2691 πιστεύων
1488 2636 1649 2701 ἐνδεῖ,

84 2726 242 2796 ῆὸσον
272 2728 553 2800 ἀφέστηκε
570 2730 667 2800 τῆς
695 2730 823 2802 περὶ
849 2730 957 2784 τῶν
982 2731 1343 2785 πιστευόντων
1370 2716 1652 2803 βεϐαιότη-

83 2838 177 2886 τος,
204 2821 313 2876 εἴτε
343 2823 589 2888 πάντων,
638 2824 749 2878 εἴτε
780 2824 975 2879 τινῶνι
1017 2826 1085 2879 ἶν’
1119 2827 1213 2878 ἐπὶ
1243 2824 1338 2878 τοῦ
1382 2824 1650 2897 παρόντος

83 2913 189 2985 δοθῇ
209 2932 319 2968 τισι
347 2915 453 2987 μὲν
477 2915 735 2970 δύνασθαι
779 2915 1013 2987 βεϐαίως
1043 2914 1323 2969 πιστεύειν
1350 2916 1473 2969 τινά
1496 2932 1509 2947 ·
1537 2916 1649 2969 τισὶ

84 3007 131 3059 δὲ
156 3008 430 3061 πιστεύειν
463 3007 581 3079 μὲν,
611 3009 670 3062 ού
717 3008 951 3079 βεϐαίως
993 3007 1078 3061 δέ·
1113 3006 1252 3079 πλὴν
1278 3007 1649 3079 ὁμολογουμέ-

87 3114 173 3159 νως
194 3097 370 3169 δοθείη
402 3099 677 3172 ἀμήχανον
707 3098 1126 3153 ἀποδείκνυσθαι
1155 3098 1246 3151 τὸν
1282 3099 1339 3151 ὲν
1364 3099 1445 3153 ἐνὶ
1481 3098 1646 3169 ἀτελῆ

90 3189 231 3259 μηδὲν
246 3190 361 3261 (47)
380 3190 526 3261 ἔχειν
549 3190 872 3264 βεϐαιότητα
891 3209 905 3223 ’
939 3192 1020 3246 ὅτι
1051 3192 1112 3245 οὐ
1131 3191 1196 3274 τὸ
1210 3190 1322 3244 ἴσον
1350 3191 1646 3264 ἀπόστημα
1675 3224 1718 3281 C

89 3279 179 3333 ἀπὸ
204 3281 301 3352 τῆς
344 3282 490 3352 πρὸς
537 3282 605 3336 τὰ
651 3283 1016 3355 πιστευόμενα
1066 3283 1417 3355 βεϐαιότητος
1454 3283 1647 3355 ἀπέχει

88 3373 288 3438 ἔκαστος
315 3374 456 3440 τῶν,
486 3375 552 3428 ἶν’
577 3368 749 3440 οὕτως
798 3376 1050 3447 ὀνομάσω
1084 3378 1227 3431 κατὰ
1259 3377 1359 3448 τὴν
1400 3376 1645 3449 Γραφὴν,

89 3466 443 3535 ὀλιγοπίστων,
482 3468 573 3520 καὶ
608 3467 705 3539 τὴν
754 3468 889 3540 πρὸς
917 3468 984 3541 τὰ
1023 3469 1387 3540 πιστευόμενα
1434 3466 1650 3540 βεϐαιό-

89 3576 203 3630 τητα
227 3560 444 3613 οὐδέπω
475 3560 862 3632 ἀνειληφότων.
894 3559 1113 3624 Τούτοις
1145 3560 1203 3614 δὲ
1230 3561 1423 3615 ἕπεται
1451 3559 1539 3616 διὰ
1563 3559 1643 3613 τό·

95 3670 109 3700 ι
137 3651 276 3704 Κατά
314 3652 426 3727 τὴν
463 3653 648 3705 πίστιν
678 3670 774 3706 σου
808 3651 1095 3724 γενηθήτω
1125 3668 1228 3718 σοι,
1262 3672 1281 3705 ι
1312 3653 1406 3707 καὶ
1428 3652 1516 3706 διά
1543 3652 1605 3705 τό
1628 3669 1641 3682 ·

94 3760 110 3790 ι
143 3743 199 3795 Ἠ
227 3743 412 3807 πίστις
440 3759 533 3805 σου
576 3741 689 3812 (48)
723 3742 934 3797 σέσωκέ
963 3759 1045 3807 σε,
1079 3762 1099 3794 ι
1153 3744 1369 3815 ἑκάστῳ
1404 3744 1646 3815 ἀπαντῆ-

92 3850 161 3885 σαι
185 3837 316 3889 κατὰ
344 3835 449 3907 τὴν
483 3835 541 3889 ὲν
572 3838 636 3907 τῇ
668 3835 854 3906 δικαία
877 3835 1054 3907 κρίσει
1083 3834 1177 3889 τοῦ
1224 3824 1360 3888 Θεοῦ
1388 3834 1643 3906 ἀμοιϐὴν,

91 3928 319 3998 ἀνάλογον
338 3929 522 4001 τοιᾷδε
549 3928 644 3981 καὶ
674 3929 851 3999 τοιᾷδε
882 3927 1081 3992 πίστει,
1114 3928 1210 3981 καὶ
1239 3928 1482 3999 σωτηρίᾳ
1509 3926 1639 3998 (49)’

89 4019 210 4089 εἶτέ
248 4021 365 4074 ἐστί
392 4036 477 4083 τις
498 4020 593 4074 καὶ
636 4020 693 4072 ὲν
720 4019 891 4093 ταύτῃ
926 4018 1247 4088 σωζομένων
1287 4016 1540 4089 διαφορὰ,
1569 4016 1645 4081 ὡς

90 4112 165 4165 τό·
199 4108 292 4185 ιᾯ
329 4113 517 4185 μέτρῳ
545 4113 814 4183 μετρεῖτε,
850 4110 1380 4182 ἀντιμετρηθήσεται
1420 4110 1573 4179 ὑμῖν,
1618 4129 1637 4161 ι

92 4206 281 4272 φθάνειν
310 4207 411 4263 καὶ
445 4205 537 4258 ἐπὶ
578 4203 648 4256 τὰ
695 4205 868 4275 μέτρα
900 4201 997 4274 τῆς
1026 4203 1284 4266 πίστεως,
1320 4202 1415 4255 καὶ⁵
1447 4201 1515 4257 τὰ
1548 4200 1646 4272 μέ-

91 4314 173 4368 τρα
194 4298 283 4370 τῆς
311 4298 425 4353 ἀπδ
454 4296 594 4351 Θεοῦ
622 4295 877 4367 ἀμοιϐῆς,
906 4296 1001 4349 καὶ
1032 4295 1325 4366 σωτηρίας.
1366 4294 1424 4347 '0
1462 4286 1521 4346 δὲ
1554 4292 1645 4346 τὸν

92 4389 262 4444 τούτων
281 4390 629 4461 κατανοήσας
654 4387 814 4456 λόγον
842 4386 1107 4458 θεωρήσει
1156 4383 1273 4448 πῶς
1304 4383 1537 4453 εὐλόγως
1568 4382 1645 4447 ὡς

94 4474 153 4546 μὴ
176 4474 487 4547 δυναμένοις
513 4476 719 4547 κρίνειν
746 4475 857 4538 τοῖς
883 4472 1191 4545 ἀνθρώποις
1215 4473 1460 4542 λέγεται·
1495 4490 1514 4524 ι
1552 4471 1644 4544 Μὴ

1772 627 1998 670 catteras
2043 614 2305 681 virtutes;
2344 617 2424 671 sic
2474 616 2676 688 aliquis
2726 619 2937 676 diceret
2960 621 3268 691 perfectum
3302 624 3354 679 in

1769 706 1980 762 virtute
2027 708 2309 775 credendi,
2337 724 2462 765 eum
2509 727 2727 768 onmem
2779 714 2985 770 habere
3015 715 3197 771 ﬁdem.
3231 714 3356 774 liter

1768 797 1936 870 5,28
1979 810 2161 854 autem
2203 800 2346 866 dico,
2397 812 2659 874 tanquam
2715 808 3009 876 sapientia,
3060 811 3351 874 modestia,

1771 892 1965 960 pietas,
1994 901 2313 961 caetera-que
2338 893 2571 950 virtutes
2605 897 2937 967 imperfecta:
2984 917 3090 959 non
3134 901 3350 972 possint

1769 1000 1797 1038 a
1828 984 1986 1039 nobis
2031 986 2250 1055 proprie
2279 988 2573 1054 nominari,
2603 992 2697 1047 sed
2726 994 2986 1063 abusive;
3021 1012 3144 1052 cum
3181 999 3351 1059 etiam

1767 1076 2045 1148 perfectus
2069 1078 2164 1146 qui
2198 1076 2433 1135 edicitur
2462 1081 2517 1136 in
2561 1098 2888 1156 unaquaque
2917 1088 3139 1154 virtute,
3172 1107 3340 1146 nomtv
3386 1084 3391 1085 γ

1767 1177 1928 1222 ttetur
1955 1168 2234 1237 :equivoce
2281 1185 2403 1225 cum
2453 1186 2520 1227 eo
2561 1175 2656 1243 qui
2709 1187 2795 1231 est
2838 1180 3039 1235 virtute
3081 1178 3346 1250 perfecta.

1766 1251 1902 1310 Nam
1933 1255 2078 1314 hunc
2112 1259 2167 1312 iu
2202 1260 2420 1316 modum
2463 1264 2680 1332 sapiens
2711 1266 2932 1328 dicitur.
2995 1271 3087 1339 qui
3131 1272 3182 1325 in
3219 1273 3346 1340 quiv

1766 1347 1994 1403 busdam
2046 1350 2267 1419 quidem
2328 1352 2585 1419 oﬂ'endit,
2626 1364 2687 1410 ut
2730 1356 3107 1430 objurgatione
3152 1373 3342 1431 egeat.

1766 1438 1910 1493 haud
1953 1448 2135 1497 tamen
2187 1444 2302 1499 odit
2359 1444 2749 1516 objurgantes,
2792 1451 2903 1505 imo
2958 1466 3087 1506 vero
3147 1454 3343 1525 diligit,

1758 1530 1911 1600 juxta
1969 1536 2114 1603 quod
2181 1538 2446 1604 scriptum
2498 1553 2587 1594 est
2608 1541 2652 1572 ⁸⁸
2684 1557 2702 1594 :
2736 1543 2961 1614 tArgue
3011 1547 3341 1613 sapientem.

1762 1633 1817 1678 et
1849 1623 2039 1694 diliget
2071 1636 2158 1693 te;
2189 1646 2210 1680 ι
2246 1629 2391 1684 hunc
2421 1630 2583 1685 etiam
2637 1634 2689 1687 in
2744 1637 2964 1691 modum
2996 1640 3216 1708 sapiens
3254 1642 3343 1695 di-

1761 1715 1904 1770 citur
1936 1717 2048 1784 ille,
2099 1720 2190 1787 qui
2240 1736 2408 1790 eaan
2459 1738 2584 1778 cum
2630 1725 2703 1779 sit
2741 1727 2969 1782 aliorum
3010 1733 3341 1799 speculatio~

1766 1823 1892 1861 num
1941 1811 2241 1878 sapientiae,
2287 1814 2523 1867 nondum
2559 1832 2680 1884 quae
2725 1829 2932 1874 restant
2968 1821 3152 1886 habet,
3184 1823 3339 1893 juxta

1757 1901 1900 1968 quod
1940 1902 2149 1958 dicitur
2180 1904 2309 1959 ilhtd
2338 1906 2503 1961 etiam
2528 1907 2573 1939 ⁶⁰
2605 1926 2619 1962 :
2653 1926 2674 1959 ι
2700 1910 2773 1964 Da
2817 1914 3054 1982 sapienti
3093 1918 3342 1973 occasio-

1761 2007 1909 2058 nem,
1940 2004 1999 2049 et
2046 1995 2345 2066 sapientior
2372 2000 2499 2055 erit.
2539 2020 2558 2052 ι
2580 2002 2650 2056 At
2679 2005 2822 2058 enim
2856 2005 2961 2061 huc
3000 2007 3340 2079 devenimus,

1758 2088 2113 2144 ostendentes
2161 2091 2501 2163 contingere,
2541 2105 2601 2149 ut
2642 2096 2735 2162 qui
2778 2094 2891 2163 jam
2926 2100 3120 2165 credit,
3162 2101 3344 2161 discat

1758 2177 1939 2251 aliqua
1996 2197 2212 2237 rursum
2251 2185 2601 2251 crediturus,
2658 2196 2713 2241 et
2764 2203 2859 2257 per
2904 2190 3339 2252 additamentum

1756 2286 1944 2327 eorum
1994 2288 2117 2343 qua:
2147 2275 2425 2339 didicerit,
2446 2278 2655 2332 addere
2676 2277 2830 2334 ﬁdei.
2865 2282 2960 2336 Sin
2997 2299 3126 2338 vero
3154 2285 3341 2342 videre

1756 2363 2011 2420 volumus
2051 2367 2304 2434 quisnam
2346 2366 2420 2420 sit
2474 2367 2563 2436 qui
2611 2382 2830 2424 onmem
2892 2370 3093 2429 habeat
3152 2376 3337 2437 ﬁdem.

1757 2469 2058 2522 sumamus,
2092 2458 2325 2527 exempli
2358 2459 2560 2529 gratia,
2592 2461 2834 2518 breviter
2861 2479 2985 2534 qua:
3023 2466 3336 2526 credentem

1754 2559 1997 2613 servant,
2049 2550 2176 2605 dum
2227 2552 2526 2607 creduntur
2557 2553 2839 2624 :sintque,
2890 2569 2949 2611 ut
2999 2559 3072 2612 ita
3121 2558 3337 2628 loquar,

1755 2654 1988 2696 numero
2025 2652 2273 2708 centum,
2306 2653 2363 2699 et
2402 2646 2649 2703 dicamus
2681 2662 2803 2703 eum
2836 2649 3056 2718 quidem
3102 2652 3193 2720 qui
3222 2652 3341 2710 haec

1754 2740 1997 2798 centum,
2040 2746 2163 2801 quae
2211 2735 2583 2804 prazdiximus,
2634 2739 2754 2793 sine
2824 2740 2931 2795 ulla
2997 2741 3338 2801 haesitatione

1754 2822 1977 2890 accipit,
2020 2823 2250 2891 singulis
2297 2825 2432 2894 ipsis
2482 2838 2799 2885 constanter
2836 2833 3087 2899 credens,
3117 2851 3337 2897 onmem

1754 2910 1957 2966 habere
2005 2912 2204 2979 ﬁdem;
2238 2914 2581 2971 deﬁcientem
2614 2932 2745 2974 vero
2786 2919 2839 2975 in
2870 2922 3060 2992 aliquo
3108 2940 3338 2984 numero

1756 3015 1936 3054 rerum
1974 3015 2163 3057 earum
2217 3019 2339 3073 quae
2389 3017 2631 3073 servant,
2683 3010 2815 3065 dum
2871 3014 3191 3081 creduntur,
3250 3012 3337 3077 vel

1753 3092 1932 3147 minus
1970 3094 2187 3149 ﬁrmum
2217 3097 2568 3155 exsistentem
2599 3115 2727 3171 erga
2770 3117 2832 3157 ea
2861 3120 2980 3172 quae
3017 3107 3334 3172 creduntur,

1750 3197 1816 3238 eo
1871 3185 2043 3255 magis
2099 3187 2289 3242 abesse
2328 3190 2397 3246 ab
2442 3190 2695 3246 habendo
2737 3207 2952 3249 onmem
3003 3196 3186 3261 ﬁdem,
3220 3213 3332 3269 quo

1751 3274 1937 3344 plures
2006 3279 2218 3334 numeri
2279 3280 2388 3337 sibi
2461 3284 2705 3339 credenti
2769 3285 3335 3362 defuerintzquoquo

1751 3369 1925 3439 magis
1969 3370 2207 3425 abfuerit
2252 3389 2282 3427 a
2333 3372 2593 3431 ﬁrmitate
2631 3391 2821 3432 eorum
2859 3394 2978 3450 qua:
3014 3382 3332 3450 creduntur,

1751 3462 1869 3516 sive
1912 3463 2180 3528 omnium,
2225 3465 2342 3520 sive
2390 3466 2700 3537 aliquorum
2758 3478 2841 3541 (ut
2888 3472 3107 3528 interim
3141 3474 3333 3533 demus

1750 3555 1985 3623 aliquem
2027 3556 2300 3626 aliquibus
2351 3568 2668 3616 constanter
2718 3568 2946 3619 credere
2987 3580 3194 3636 posse,
3236 3567 3337 3621 ali-

1750 3647 1950 3714 quibus
1979 3660 2112 3702 vere
2144 3640 2392 3715 credere,
2421 3651 2514 3706 sed
2549 3667 2655 3706 non
2690 3657 3050 3722 constanter),
3087 3658 3332 3715 attamen

1748 3736 1991 3791 omnium
2042 3753 2317 3794 consensu
2374 3741 2592 3797 dederis
2660 3742 3038 3802 diﬁicillimum
3106 3749 3335 3807 demon-

1749 3839 1926 3884 stratu
1971 3844 2111 3896 esse,
2153 3819 2228 3885 ut‘
2262 3832 2349 3886 cui
2403 3848 2542 3889 unus
2598 3834 2834 3891 defuerit
2887 3856 3168 3906 numerus,
3197 3844 3332 3904 nihil

1751 3920 1953 3976 habeat
1985 3921 2261 3976 ﬁrmitatis
2292 3941 2305 3976 :
2332 3937 2399 3979 eo
2432 3925 2577 3993 quod
2604 3940 2710 3980 non
2738 3928 2934 3997 aequali
2965 3931 3223 3989 distantia
3247 3936 3331 3988 di.

1750 4022 1855 4068 stet
1887 4028 1916 4067 a
1960 4013 2235 4080 ﬁrmitate,
2262 4028 2392 4085 erga
2421 4029 2484 4071 ea
2515 4031 2634 4085 qua:
2674 4021 2992 4084 creduntur,
3026 4027 3328 4095 unttsquisv

1750 4117 1856 4173 que
1904 4118 2094 4158 eorum
2121 4104 2214 4173 qui
2242 4117 2388 4170 sum,
2423 4116 2482 4160 ut
2527 4107 2599 4160 ita
2630 4108 2824 4176 loquar
2853 4107 3009 4179 juxta
3074 4112 3327 4185 Scriptu-

1750 4212 1893 4262 ram,
1929 4195 2123 4267 exigua
2169 4196 2275 4252 ﬁde
2310 4198 2553 4267 praediti,
2588 4209 2642 4254 et
2678 4201 2767 4269 qui
2813 4203 3052 4258 nondum
3098 4220 3330 4277 recepeo

1751 4296 1876 4343 runt
1907 4287 2223 4343 ﬁrmitatem
2256 4303 2384 4358 erga
2434 4303 2498 4344 ea
2548 4305 2671 4359 qua:
2711 4292 3033 4349 creduntur.
3068 4295 3165 4351 liis
3199 4313 3332 4356 vero

1750 4395 2092 4449 consequens
2142 4390 2247 4447 cet,
2277 4390 2500 4449 propter
2531 4381 2661 4437 illud
2688 4401 2707 4437 ς
2744 4399 2763 4433 ι
2786 4382 2951 4440 Juxta
2986 4386 3151 4442 ﬁdem
3183 4396 3329 4446 tuam

1753 4472 1846 4526 ﬁat
1885 4471 2061 4537 tibi“,
2094 4489 2112 4522 ι
2160 4480 2218 4525 et
2260 4472 2426 4525 illud:
2463 4490 2481 4524 ι
2510 4471 2673 4528 Fides
2719 4481 2811 4529 tua
2851 4484 2904 4530 te
2951 4480 3273 4547 servavit",
3305 4500 3324 4536 ο

94 4568 294 4635 κρίνετε,
327 4569 419 4623 ἵνα
448 4570 525 4642 μὴ
546 4567 792 4640 κριθῆτε,
829 4587 847 4619 ι
884 4568 980 4620 καὶ
1010 4567 1121 4620 τόν
1142 4584 1160 4617 ι
1196 4566 1287 4637 Μὴ
1316 4566 1421 4637 πρὸ
1449 4564 1644 4636 καιροῦ

1765 4576 2197 4631 tuumquemque
2242 4563 2443 4619 habere
2488 4566 2907 4622 retributionem
2964 4584 3086 4638 qua:
3140 4580 3226 4631 est
3273 4574 3328 4631 in

94 4670 133 4706 τι
155 4659 377 4729 κρίνετε,
408 4658 515 4721 ἕως
537 4656 605 4711 ἂν
638 4657 767 4729 ἔλθῃ
795 4658 824 4710 ό
855 4655 1082 4728 Κύριος.
1107 4676 1125 4706 ι
1152 4655 1321 4710 Πάλιν
1344 4658 1425 4718 εἰς
1448 4655 1643 4718 ταῦτα,

96 4748 189 4801 ἐπεὶ
217 4750 421 4819 ἔλεγον,
448 4751 526 4814 ὡς
559 4749 670 4821 (50)
701 4750 794 4803 ἐπὶ
828 4748 1288 4821 παραδείγματος,
1323 4746 1518 4799 ἑκατὸν
1552 4744 1647 4797 όντ-

94 4851 176 4886 των
194 4838 293 4893 τῶν
324 4837 610 4903 σωζόντων
634 4839 691 4892 ἐν
730 4836 809 4908 τῷ
850 4835 1222 4902 πιστεύεσθαι,
1255 4835 1346 4889 τὸν
1387 4837 1488 4905 μὲν
1534 4836 1646 4896 τοῖς

95 4928 254 4985 ἑκατὸν
281 4930 515 5002 βεϐαίως
544 4929 869 4984 πιστεύοντα
915 4931 1096 4983 πᾶσαν
1121 4928 1264 4999 ἔχειν
1291 4927 1390 4998 τὴν
1427 4927 1610 4980 πίστιν
1630 4965 1644 4991 ,

95 5020 164 5073 τὸν
185 5022 235 5075 δὲ
258 5022 514 5075 λείποντα
547 5026 613 5092 τῇ
641 5020 778 5093 πρός
805 5038 928 5074 τινα
962 5020 1070 5073 τῶν
1097 5020 1290 5073 ἑκατὸν
1332 5019 1535 5083 πίστει,
1575 5020 1642 5090 τῇ

96 5110 203 5178 πρὸς
222 5108 289 5163 τά
306 5109 677 5179 πιστευόμενα
705 5108 1013 5181 βεϐαιότητι
1033 5108 1323 5181 διαφόρως,
1359 5107 1433 5179 μὴ
1465 5108 1645 5161 πᾶσαν

97 5199 211 5268 ἔχειν
239 5201 332 5274 τὴν
354 5202 564 5255 πίστιν·
589 5200 897 5273 ὲκθήσομεν
924 5202 1223 5272 σαφηνείας
1255 5200 1443 5255 ἕνεκεν
1470 5199 1647 5259 τοιαύ-

97 5311 163 5347 τσ.
188 5294 400 5366 Πῴτον
431 5292 653 5348 πάντων
688 5295 999 5360 πίστευσον,
1023 5295 1105 5349 ὅτι
1133 5290 1215 5361 εἷς
1246 5295 1394 5356 ἐστιν
1421 5296 1450 5347 ό
1486 5292 1641 5358 Θεὸς,

1741 4655 1889 4724 justo
1922 4654 2129 4724 judicio
2167 4654 2283 4719 Dei,
2317 4654 2476 4724 juxta
2518 4660 2927 4726 proportionem
2956 4661 3084 4716 talis
3113 4670 3168 4716 et
3203 4663 3328 4719 talis

1749 4746 1874 4803 ﬁdei
1935 4755 1991 4803 et
2028 4746 2267 4802 salutis:
2302 4748 2740 4820 quandoquidem
2777 4752 2829 4806 in
2862 4753 2963 4807 hac
3007 4763 3091 4811 est
3135 4769 3326 4809 eorum

1747 4838 1839 4909 qui
1891 4847 2180 4893 servantur
2247 4838 2556 4895 differentia
2596 4843 2777 4896 :adeo
2835 4851 2892 4896 ut
2952 4843 3082 4898 illud
3116 4858 3130 4895 :
3165 4863 3183 4896 ι
3211 4844 3327 4911 Qua

1749 4944 2005 4985 mensura
2061 4929 2385 4997 metiemini,
2435 4933 2627 4988 eadem
2701 4947 2952 4987 mensura
3010 4936 3331 4993 remetietur

1753 5022 1908 5077 vobis
1922 5021 1993 5086 ⁸³,
2020 5040 2040 5073 ι
2071 5022 2345 5091 pertingat
2387 5023 2552 5077 etiam
2584 5025 2651 5077 ad
2684 5040 2968 5080 mensuras
2993 5026 3141 5094 ﬁdei,
3173 5037 3227 5083 et
3260 5031 3330 5089 ad

1755 5127 2040 5169 mensuras
2084 5113 2480 5176 retributionis,
2514 5123 2573 5168 et
2616 5115 2809 5170 salutis
2849 5130 2976 5185 quae
3009 5127 3094 5174 est
3123 5135 3154 5174 a
3195 5120 3327 5182 Deo.

1753 5197 1906 5260 Hauc
1954 5199 2221 5260 rationem
2254 5195 2344 5269 qui
2382 5201 2749 5257 considerarit
2775 5204 3087 5274 diligenter,
3119 5209 3327 5267 videbit

1753 5290 2025 5362 quomodo
2055 5291 2257 5346 merito
2285 5291 2502 5347 dicatur
2526 5292 2866 5361 hominibus,
2895 5299 3050 5366 quasi
3077 5299 3328 5370 judicare

144 5428 349 5489 "Prov.
381 5450 461 5503 ιι,
496 5432 551 5493 8.
628 5435 674 5467 ‘°
702 5435 835 5495 ibid.
885 5436 939 5492 9.
1014 5437 1059 5468 “
1085 5436 1278 5493 Matth.
1316 5452 1393 5503 ut,
1417 5436 1507 5492 29.
1586 5435 1632 5475 ⁸³
1656 5432 1788 5491 ibid.
1846 5432 1952 5499 22;
1986 5432 2154 5489 Mare.
2183 5450 2238 5499 κ,
2269 5432 2359 5491 52.
2437 5434 2484 5465 ⁸³
2517 5433 2712 5493 Matth.
2742 5439 2923 5507 "1,2;
2956 5439 3123 5501 Marc.
3147 5444 3325 5510 “324,

109 5624 120 5643 ε
152 5560 703 5643 (ιῇΑῶοόεΧΑΒσείυθ
734 5584 1017 5643 perperam
1062 5572 1244 5636 habet,
1271 5571 1642 5643 ὁμολογοῦμεν

99 5632 174 5714 ιξιςι
195 5632 431 5714 δοθεῖσαν
470 5632 754 5714 ἀμήξίανον
792 5632 1206 5714 ἀποδείκνυνται
1232 5632 1355 5696 ’τόν
1412 5632 1637 5714 ὲνατέλη

101 5700 428 5777 πρδςίμηδέν.
471 5700 696 5765 etc.'"At
748 5713 919 5765 codex
966 5711 1294 5767 Bodleianus
1351 5700 1637 5768 lectionem.

104 5776 238 5848 nostri
272 5776 455 5832 textus
485 5778 726 5846 exhibet,
757 5795 879 5848 quae.
907 5795 1055 5836 certe
1096 5797 1220 5835 vera
1259 5792 1363 5838 est.
1402 5812 1473 5823 ——-
1501 5784 1638 5838 Cer-

103 5842 187 5896 tius
212 5842 387 5902 forsan
415 5849 482 5904 ad
521 5842 1289 5930 verum'accederct,jshi7r96c
1312 5864 1439 5931 ante
1466 5853 1634 5930 μηδέν

1749 5574 1971 5645 εινιτοό.
2014 5571 2161 5645 Βιξκἒ
2197 5573 2602 5628 restitueretur.
2634 5575 2800 5637 Enn.
2833 5576 3076 5645 Panos,

1820 5643 1932 5725 (t8).
1964 5647 2103 5697 Σοου.
2138 5643 2299 5697 Deest
2326 5645 2379 5697 in
2432 5646 2619 5700 codice
2657 5646 2846 5718 Regio,
2887 5643 2981 5708 sed
3015 5643 3210 5722 legitur
3267 5656 3321 5714 in

1745 5713 2061 5768 Bodleiano.
2743 5713 2765 5718 '
3066 5713 3068 5717 ’

1817 5783 1927 5857 (έθ)
1953 5784 2132 5857 Qodcx
2157 5782 2370 5857 llegius
2399 5784 2558 5857 habet
2578 5788 2873 5857 σωτηρίαν,
2909 5792 3068 5845 male.

1813 5854 1926 5925 (ϐυ)
1954 5852 2132 5907 Codex
2154 5853 2375 5924 Regius,
2402 5856 2561 5909 πάλιν
2586 5852 2757 5911 ταῦτα
2778 5852 2900 5913 ἐπεὶ
2916 5861 3071 5929 λέγον
3094 5864 3187 5928 ὡς,
3213 5876 3298 5919 etc
