3804 6558
64 430 206 515 ,735
1133 432 1493 491 COMMENT.
1536 432 1606 489 IN
1642 433 1671 490 ι

1785 434 1834 490 ι.
1872 432 2110 493 TOMUS
2142 436 2356 495 XXXII.
3261 443 3366 499 786

100 546 247 598 ἐστιν
286 544 322 614 ἠ
344 543 485 599 κατά
512 545 612 618 τὴν
638 546 821 601 πᾶσαν
845 548 1029 601 πίστιν
1058 547 1248 619 ἀρετὴ,
1287 548 1381 602 καὶ
1420 549 1505 601 ὃτι
1549 565 1674 602 σπα-

1794 549 2015 605 ducitur
2043 552 2228 617 navis;
2271 553 2353 607 sic
2391 551 2556 608 veluti
2602 553 2755 609 multi
2792 555 3184 612 transferentes
3216 574 3367 612 mon-

98 636 225 699 νίως
260 637 659 711 εὐρισκομένη·
701 640 852 712 πόσῳ
879 639 923 692 δ’
956 641 1184 704 ἕκαστος
1212 639 1371 711 ἡμῶν
1399 639 1674 694 ἀπολείπε-

1794 652 1875 697 tes
1914 652 1997 696 est
2036 643 2218 698 omnis
2253 642 2411 708 lides,
2448 646 2500 698 in
2529 662 2633 716 qua
2666 650 2758 715 qui
2793 646 2957 702 fuerit
2985 648 3359 716 imperfectus,

100 745 187 781 ται
216 728 318 782 τοῦ
348 731 448 802 τὴν
496 733 677 785 πᾶσαν
723 731 867 803 ἔχειν
897 732 1103 797 πίστιν,
1127 731 1268 784 ὥστε
1293 731 1394 803 ὅρη
1431 731 1674 801 μεθιστά-

1790 749 1901 805 quo
1936 735 2114 790 minus
2146 736 2402 791 habuerit
2423 753 2637 794 utnttem
2678 739 2863 803 fidem,
2896 754 2963 795 eo
3002 741 3174 808 magis
3195 740 3367 794 aberit

101 836 232 875 νειν.
261 820 415 893 Πλὴν
439 823 542 876 οὑκ
571 823 1048 895 εὐκαταφρόνητον
1085 821 1222 893 πρὸς
1263 821 1325 874 τὸ
1371 823 1543 874 ποιεῖν
1592 838 1674 874 πι-

1792 840 1823 880 a
1860 828 2106 896 potentia
2163 827 2530 885 transferendi
2582 840 2815 887 montes.
2867 831 3104 887 Proinde
3144 832 3264 886 vide
3298 850 3365 885 an

103 912 317 968 στεύειν
343 917 465 971 ἐστὶ
496 915 636 970 κατά
662 916 730 970 τά
760 915 856 971 νῦν
901 915 1259 987 προκείμενα,
1297 912 1359 966 τὸ
1397 914 1525 977 τοὺς
1550 930 1674 984 προ-

1793 930 1900 972 non
1941 918 2153 973 utiliter
2202 921 2320 975 hinc
2370 921 2557 975 omnia
2603 921 2853 991 indagata
2894 921 3097 976 fuerint
3145 932 3367 991 propter

101 1007 275 1075 φήτας
309 1009 410 1078 μὲν
432 1009 921 1081 προτεθεσπικέναι
944 1008 1013 1063 τὰ
1033 1008 1164 1080 περὶ
1185 1005 1278 1060 τοῦ
1305 1003 1479 1076 Ἰησοῦ
1501 1020 1516 1036 ·
1545 1004 1674 1059 κατά

1792 1008 2113 1079 discipulos,
2146 1011 2215 1067 ad
2253 1026 2397 1081 quos
2432 1012 2576 1083 (cum
2602 1013 2830 1070 lavisset
2865 1012 3025 1069 Jesus
3051 1028 3239 1067 eorum
3274 1027 3369 1083 pe-

96 1098 150 1149 δὲ
180 1100 276 1152 τὸν
297 1099 457 1171 λόγον
485 1101 664 1157 αὐτῶν
690 1102 1065 1174 ἀπηντηκέναι
1094 1100 1173 1172 τῷ
1204 1099 1417 1172 Σωτῆρι
1444 1100 1512 1154 τά
1550 1117 1674 1172 προ-

1790 1099 1909 1171 des)
1942 1110 2003 1155 ut
2030 1103 2295 1171 suspicari
2330 1114 2514 1174 posset
2556 1106 2835 1175 negligens
2882 1107 3075 1169 lector,
3109 1107 3265 1177 quasi
3299 1106 3367 1160 ad

94 1193 382 1263 ειρημένα,
1790 1193 2031 1249 nondum
2062 1196 2530 1263 credentes,dixit
2556 1213 2569 1250 :
2608 1215 2627 1249 ι
2653 1197 2808 1253 Nunc
2846 1200 2968 1255 dico
3002 1201 3154 1256 vobis
3185 1201 3368 1270 prius-

96 1298 259 1351 quam
299 1285 416 1350 ﬁat,
448 1295 510 1340 ut
534 1302 658 1342 cum
712 1285 917 1343 factum
945 1287 1132 1353 fuerit,
1193 1285 1432 1344 credatis
1460 1284 1587 1356 quia
1612 1297 1715 1352 ego
1755 1284 1960 1340 sum".
1986 1303 2006 1338 ι
2045 1286 2259 1344 Pariter
2315 1304 2442 1344 vero
2470 1289 2634 1345 etiam
2663 1291 2933 1362 erplicata
2959 1291 3156 1356 oratio,
3190 1306 3365 1360 quan-

103 1386 152 1429 ta
190 1392 284 1432 res
335 1378 411 1432 sit
439 1380 616 1435 virtus
649 1394 870 1435 omnem
899 1380 1191 1437 continens
1237 1380 1400 1434 ﬁdem
1455 1377 1716 1443 ostendit,
1752 1386 1811 1431 et
1857 1379 2002 1446 quod
2049 1394 2175 1434 raro
2230 1379 2579 1436 inveniatur:
2610 1383 2849 1439 ostendit
2885 1395 3145 1453 praeterea
3201 1397 3364 1453 quam

101 1471 286 1538 procul
334 1471 481 1528 absit
523 1473 708 1543 quivis
754 1481 1044 1539 nostrum,
1091 1482 1152 1529 ut
1202 1474 1401 1529 habeat
1442 1470 1587 1525 illam
1629 1483 1846 1524 omnem
1910 1469 2092 1539 fidem,
2156 1487 2262 1541 qua
2326 1483 2536 1530 montes
2588 1475 2899 1531 transferat.
2947 1477 3213 1532 Caeterum
3256 1490 3363 1529 nou

100 1566 498 1621 contemnenda
530 1582 619 1621 res
647 1576 734 1622 est
769 1582 890 1636 qua:
921 1580 1020 1622 nos
1049 1567 1117 1623 ad
1147 1564 1477 1622 credendum
1506 1560 1735 1625 inducit,
1765 1559 1919 1630 juxta
1943 1577 2006 1617 ea
2043 1580 2163 1634 quae
2193 1582 2337 1624 nunc
2378 1577 2507 1624 sunt
2544 1570 2840 1640 proposita,
2896 1573 3038 1640 quod
3088 1571 3367 1640 propheta:

100 1658 381 1713 vaticinati
422 1668 583 1715 antea
635 1659 844 1716 fuerint
890 1675 1013 1731 qua:
1054 1661 1122 1716 ad
1156 1658 1343 1716 Jesum
1376 1656 1676 1729 pertinent,
1706 1662 1763 1710 et
1790 1657 1933 1725 quod
1967 1656 2125 1727 juxta
2156 1675 2464 1718 sermonem
2497 1661 2710 1717 illorum
2760 1663 3038 1719 Servatori
3068 1664 3365 1719 acciderint

99 1768 213 1822 quae
241 1754 314 1808 ab
343 1754 482 1823 ipsis
513 1755 781 1824 pradicta
815 1753 1057 1809 fuerunt.

168 1847 256 1902 l0.
297 1865 318 1898 ι
354 1847 550 1919 Ἀμὴν,
581 1846 730 1919 ἀμὴν
774 1847 921 1916 λέγω
973 1848 1135 1919 ὑμῖν·
1181 1846 1238 1901 'D
1273 1844 1567 1915 λαμϐάνων
1598 1842 1674 1895 ὂν-

1863 1838 1951 1894 10.
2000 1857 2019 1891 ι
2048 1842 2242 1904 Amen,
2269 1855 2429 1897 amen
2459 1842 2582 1898 dico
2608 1842 2763 1898 vobis
2789 1860 2801 1895 :
2828 1842 2930 1909 Qui
2962 1844 3152 1913 recipit
3179 1861 3365 1915 quem-

97 1957 214 1994 τινα
273 1938 504 2009 πέμψω,
563 1938 666 2009 ἐμὲ
698 1937 1002 2007 λαμϐάνει·
1059 1937 1089 1990 ό
1132 1936 1340 2007 δὲ-ὲμὲ
1391 1932 1674 2005 λαμϐάνων

1791 1946 2007 2000 cunque
2046 1932 2269 1996 misero,
2304 1947 2390 1986 me
2422 1933 2617 2003 recipit
2650 1953 2661 1987 :
2702 1934 2792 2003 qui
2820 1943 3002 1987 autem
3033 1951 3118 1991 me
3146 1938 3361 2007 recipit,

105 2029 373 2100 λαμϐάνει
397 2028 491 2083 τὸν
519 2028 817 2099 πέμψαντά
842 2045 929 2099 με.
967 2046 987 2079 ι
1029 2027 1087 2080 '0
1131 2025 1337 2098 Ἰησοῦς
1375 2026 1584 2096 πέμπει
1622 2024 1674 2077 οὗ

1792 2023 1984 2093 recipit
2008 2039 2132 2079 eum
2166 2024 2257 2094 qui
2288 2024 2439 2080 misit
2462 2039 2547 2080 me
2570 2026 2637 2078 ⁸⁸.
2673 2043 2691 2075 ι
2733 2023 2898 2080 Mittit
2947 2024 3107 2081 Jesus
3151 2044 3257 2082 non
3282 2044 3369 2081 su-

100 2124 253 2193 μόνον
301 2123 516 2191 ἀγίους,
564 2120 703 2176 ἀλλά
740 2121 834 2175 καὶ
872 2120 1060 2190 ἁγίους
1114 2120 1210 2172 καὶ
1246 2119 1511 2187 ἀγγέλους
1532 2134 1546 2148 ·
1593 2117 1688 2171 καὶ

101 2216 306 2284 πέμπει
337 2212 437 2283 μὲν
481 2213 609 2275 τοὺς
655 2210 744 2265 διά
791 2211 851 2264 τὸ
901 2209 1328 2264 ἀποστέλλεσθαι
1371 2209 1463 2263 ὑπ’
1517 2207 1685 2262 αὑτοῦ

100 2303 431 2366 ἀποστόλους
462 2300 915 2374 ὀνομαζομένους.
953 2301 1091 2373 Ἤδη
1146 2300 1205 2354 δὲ
1248 2299 1453 2355 τούτων
1489 2300 1540 2353 οἱ
1585 2299 1685 2370 μὲν

98 2396 371 2467 ἀνθρωποί
403 2397 563 2462 εἰσιν,
598 2395 648 2448 oi
695 2395 753 2447 δὲ
793 2394 1053 2465 δυνάμεις
1097 2394 1414 2465 κρείττους·
1472 2392 1532 2445 οὐ
1576 2391 1686 2463 γὰρ

101 2488 533 2560 ἁμαρτησόμεθα
565 2487 649 2550 τὸ,
689 2485 1007 2550 ἀπόστολος,
1053 2485 1223 2557 ὄνομα
1264 2485 1558 2549 τάσσοντες
1590 2485 1685 2539 καὶ

100 2584 219 2655 περὶ
242 2581 456 2635 τούτων
483 2581 612 2653 περὶ
639 2576 713 2634 ὧν
747 2580 1090 2652 γέγραπται·
1136 2598 1154 2630 ι
1193 2578 1403 2641 Πάντες
1441 2578 1547 2632 εἰσὶ
1578 2578 1686 2633 λει-

99 2673 362 2745 τουργικά
394 2671 686 2744 πνεύματα
706 2672 787 2734 είς
813 2670 1092 2725 διακονίαν
1114 2668 1556 2740 ἀποστελλόμενα
1593 2668 1685 2722 διά

98 2765 216 2829 τοὺς
265 2764 566 2835 μέλλοντας
618 2764 977 2835 κληρονομεῖν
1022 2762 1323 2834 σωτηρίαν·
1372 2781 1392 2814 ι
1461 2764 1523 2815 Ei
1576 2762 1683 2835 γὰρ

100 2857 239 2928 παρά
288 2855 401 2927 (56)
437 2856 498 2910 τὸ
537 2854 1027 2909 ἀποστέλλεσθαι
1072 2854 1379 2918 ἀπόστολοι,
1403 2853 1602 2918 πάντες
1624 2854 1681 2908 δέ

101 2949 226 3002 εἰσιν
254 2948 365 3001 ὑπὸ
397 2966 415 2997 ι
443 2945 538 2999 τοῦ
562 2944 842 3009 ποιοῦντος
873 2946 999 3009 τοὺς
1033 2944 1300 3014 ἀγγέλους
1326 2942 1490 2998 αὐτοῦ
1514 2944 1681 2997 πνεύ-

101 3060 257 3111 ματα,
308 3041 403 3095 καὶ
436 3042 566 3104 τοὺς
610 3039 961 3111 λειτουργοὺς
1008 3036 1177 3092 αὐτοῦ
1212 3038 1383 3110 πυρὸς
1420 3036 1613 3107 φλόγα,
1657 3057 1675 3090 ι

101 3137 172 3198 είς
195 3134 475 3196 διακονίας
505 3132 620 3203 (57)
667 3131 1123 3203 ἀποστελλόμενοι
1150 3130 1302 3193 ὄντες
1333 3129 1681 3203 λειτουργικὰ

103 3225 402 3295 πνεύματα,
457 3224 555 3277 καὶ
614 3216 760 3276 οὗτοι
807 3221 873 3275 ἂν
920 3218 1030 3275 εἷεν
1081 3220 1368 3277 ἀπόστολοι
1412 3219 1509 3273 τοῦ
1543 3222 1680 3275 ἀπο-

104 3316 404 3379 στέλλοντος
445 3313 677 3378 αὐτούς·
712 3314 806 3367 καὶ
845 3312 1079 3377 ἕκαστός
1131 3329 1194 3381 γε
1248 3312 1357 3367 τῶν
1388 3313 1681 3385 πεμπομέ-

102 3428 195 3463 νων
217 3409 329 3462 ἀπό
361 3424 510 3471 τινος
534 3405 832 3470 ἀπόστολός
865 3407 981 3459 ἐστι
1008 3404 1103 3460 τοῦ
1149 3405 1496 3476 πέμψαντος·
1542 3405 1678 3461 καθὸ

103 3507 151 3556 ὲν
201 3508 316 3569 τοῖς
373 3503 634 3575 ἀνωτέρω
687 3501 941 3557 λέλεκται
991 3501 1130 3574 μετά
1178 3502 1276 3556 τό·
1321 3520 1340 3554 ι
1401 3503 1517 3558 Οὐκ
1561 3502 1678 3557 ἐστι

103 3595 272 3659 ὼῦλος
327 3594 529 3665 μείζων
583 3592 680 3648 τοῦ
745 3593 937 3665 κυρίου
1008 3590 1196 3658 αὐτοῦ,
1240 3591 1361 3646 οὐδὲ
1446 3591 1680 3646 ἀπόστο-

102 3690 180 3754 λος
209 3689 416 3761 μείζων
437 3687 535 3743 τοῦ
557 3686 873 3760 πέμψαντος
919 3688 1102 3742 αὐτόν.
1148 3707 1167 3739 ι
1215 3688 1375 3743 Κατά
1420 3688 1577 3743 τοῦτο
1619 3689 1679 3743 δὲ

106 3784 195 3852 οὐχ
220 3783 529 3855 ἁμαρτήσει
577 3782 675 3835 καὶ
720 3781 813 3834 τὸν
858 3779 1109 3852 Ἰωάννην
1162 3780 1460 3835 ἀπόστολον
1502 3780 1677 3850 λέγων

110 3874 233 3927 Θεοῦ
279 3874 369 3929 διά
392 3873 481 3927 τό·
539 3893 559 3926 ι
636 3873 883 3942 Ἐγένετο
927 3872 1215 3942 ἄνθρωπος
1268 3872 1677 3944 ἀπεσταλμένος

112 3965 247 4037 παρά
272 3964 431 4027 Θεοῦ,
453 3963 626 4037 ὄνομα
654 3963 805 4036 αὑτῷ
847 3964 1100 4034 Ἰωάννης
1118 3980 1133 3994 ·
1165 3983 1185 4014 ι
1213 3963 1414 4017 καὶτὸν
1449 3962 1676 4018 Ἡσαΐαν

106 4054 180 4109 διὰ
202 4056 296 4109 τό·
339 4075 359 4107 ι
395 4056 531 4109 Τίνα
577 4052 881 4114 ἀποστελῶ,
933 4053 1029 4107 καὶ
1069 4052 1154 4118 τίς
1186 4052 1511 4124 πορεύσεται
1540 4052 1678 4123 πρὸς

104 4146 183 4199 τὸν
210 4147 336 4202 λαὸν
367 4146 589 4213 τοῦτον;
634 4165 652 4198 ι
689 4148 777 4201 ὅτε
827 4145 1162 4215 ἀπεκρίνατο
1204 4145 1410 4214 λέγων·
1466 4164 1487 4195 ι
1546 4144 1675 4198 Ἰδού

104 4240 205 4310 εἰμι
228 4240 361 4308 ἐγὼ,
394 4238 714 4292 ἀπόστειλόν
753 4254 842 4308 με.
885 4256 905 4289 ι
943 4236 1010 4289 Τί
1033 4236 1092 4290 δὲ
1125 4234 1483 4307 περὶτούτων
1510 4235 1675 4304 λέγω,

104 4332 180 4383 ὅτε
206 4332 300 4386 καὶ
317 4333 377 4385 ἐν
402 4333 472 4401 τῇ
498 4329 635 4401 πρὸς
682 4327 967 4399 Ἐϐραίους
1017 4326 1302 4398 Ἐπιστολῇ
1332 4327 1442 4395 (58)
1470 4328 1500 4380 ό
1523 4326 1676 4398 τηλι-

107 4422 282 4487 κοῦτος
309 4421 473 4494 ἡμῶν
501 4420 694 4492 Σωτὴρ
725 4418 1022 4482 ἀπόστολος
1053 4418 1269 4490 εἴρηται
1300 4417 1396 4471 τοῦ
1425 4418 1675 4490 Πατρός;

1704 3188 1752 3251 ο

1790 2115 1897 2170 lmn
1930 2125 2174 2181 sanclos,
2205 2131 2397 2172 verum
2450 2118 2613 2172 etiam
2663 2127 2717 2171 et
2775 2131 2992 2175 sanctos
3012 2128 3066 2174 et
3097 2120 3317 2191 angelos
3346 2138 3361 2174 :

1791 2208 2261 2278 nominanturque
2314 2209 2367 2264 hi
2405 2223 2547 2278 quos
2597 2208 2788 2274 mittit,
2833 2225 2898 2265 eo
2936 2212 3079 2282 quod
3127 2213 3193 2265 ab
3244 2212 3363 2282 ipso

1789 2300 2095 2365 mittantur,
2129 2301 2383 2372 apostoli,
2420 2300 2549 2374 [hoc
2587 2313 2671 2360 est
2710 2303 2907 2377 missi.]
2948 2302 3068 2360 iam
3102 2319 3229 2360 vero
3262 2305 3361 2359 ho-

1788 2408 1909 2447 rum
1955 2393 2333 2465 apostolorum
2387 2395 2479 2450 alii
2530 2406 2659 2452 sunt
2700 2398 2981 2463 homines;
3030 2398 3123 2451 alii
3158 2397 3362 2454 virtute

1787 2485 2195 2552 praestantiores
2229 2504 2242 2541 :
2273 2500 2374 2541 nec
2404 2486 2552 2542 enim
2595 2503 2623 2542 a
2654 2504 2784 2543 vero
2814 2489 3189 2546 aberravimus
3242 2506 3367 2562 apo-

1789 2572 1925 2632 stoli’
1952 2590 2148 2631 nomen
2186 2576 2271 2632 his
2315 2578 2525 2649 angelis
2562 2580 2725 2634 etiam
2762 2590 3046 2650 ponentes,
3078 2583 3144 2636 de
3165 2583 3366 2652 quibus

1789 2667 2049 2735 scriptum
2083 2668 2251 2732 est",
2292 2671 2435 2739 quod
2473 2688 2492 2722 ι
2527 2685 2719 2726 omnes
2758 2672 2868 2726 sint
2913 2672 3363 2728 administratorii

1784 2760 2036 2830 spiritus,
2070 2760 2163 2830 qui
2210 2760 2263 2814 in
2318 2761 2681 2816 ministerium
2734 2763 3086 2830 emittuntur,
3142 2775 3364 2835 propter

1784 2866 1880 2907 eos
1931 2852 2023 2921 qui
2076 2853 2321 2908 haeredes
2373 2863 2533 2909 erunt
2562 2855 2773 2909 salutis.
2817 2874 2835 2907 ι
2876 2854 3010 2911 Nam
3038 2858 3082 2912 si
3120 2857 3273 2930 παρά
3297 2856 3363 2912 τὸ

1783 2943 2271 3001 ἀποστέλλεσθαι
2288 2947 2573 3001 ἀπόστολοι
2588 2947 2713 3021 [hoc
2733 2959 2838 3014 est,
2858 2964 2887 3003 a
2905 2950 3159 3005 mittendo
3187 2949 3362 3024 missi]

1785 3051 2085 3107 omnesque
2127 3036 2196 3092 ab
2244 3053 2310 3093 eo
2344 3059 2362 3091 ι
2397 3040 2484 3108 qui
2517 3040 2645 3094 facit
2683 3041 2903 3112 angelos
2938 3056 3067 3098 suos
3112 3043 3361 3113 spiritus,

1783 3137 1840 3182 et
1887 3128 2166 3184 ministros
2211 3145 2337 3184 suos
2374 3130 2514 3199 ignis
2570 3130 2930 3200 ﬂammam“,
2964 3153 2983 3186 ι
3020 3136 3072 3189 in
3116 3135 3364 3190 ministe-

1786 3218 1926 3274 rium
1964 3221 2255 3276 mittuntur
2292 3222 2745 3279 administratorii
2794 3225 3040 3295 spiritus,
3080 3225 3134 3281 hi
3192 3226 3362 3280 etiam

1782 3312 2009 3382 apostoli
2049 3312 2180 3385 [hoc
2225 3322 2311 3369 est
2358 3314 2529 3387 missi]
2567 3315 2818 3371 dicentur
2861 3317 2978 3385 ejus
3010 3333 3039 3370 a
3085 3332 3193 3387 quo
3237 3319 3363 3372 mit-

1783 3410 1994 3458 tuntur.
2038 3404 2219 3473 Atque
2266 3406 2643 3478 unusquisque
2693 3406 2939 3476 profecto
2983 3411 3076 3480 qui
3125 3410 3363 3464 mittitur

1784 3495 1853 3550 ab
1875 3495 2079 3565 aliquo,
2100 3499 2401 3567 apostolus,
2427 3497 2560 3572 [hoc
2585 3507 2671 3556 est
2702 3500 2946 3573 missus,]
2977 3510 3063 3557 est
3093 3501 3238 3557 illius
3265 3502 3358 3572 qui

1785 3587 1934 3641 misit
1953 3586 2132 3655 ;juxla
2152 3589 2297 3659 quod
2330 3589 2384 3644 in
2401 3589 2782 3660 superioribus
2803 3600 2892 3646 est
2923 3592 3123 3647 dictum
3144 3601 3269 3662 post
3296 3606 3359 3645 ea

1781 3681 1964 3735 verba:
1979 3699 1997 3732 ι
2012 3679 2125 3736 Νοιι
2148 3691 2233 3736 est
2256 3696 2446 3738 servus
2468 3685 2644 3754 major
2665 3683 2886 3738 domino
2907 3699 3029 3750 suo,
3049 3700 3222 3753 neque
3239 3700 3363 3753 apo-

1746 3786 1749 3789 '
1781 3773 1952 3829 stolus
1996 3772 2157 3845 43],
2190 3779 2365 3841 major
2395 3789 2461 3831 eo
2490 3776 2580 3844 qui
2630 3776 2779 3831 misit
2808 3778 3002 3847 ipsum.
3043 3799 3063 3831 ι
3111 3778 3258 3835 llauc
3289 3781 3359 3835 oh

1781 3881 2003 3921 causam
2052 3883 2156 3920 non
2209 3868 2491 3924 aberrabit
2536 3882 2566 3921 ιι
2594 3883 2727 3925 vero
2762 3870 2851 3938 qui
2894 3869 3156 3924 Joannem
3189 3871 3357 3927 etiam

1779 3956 1980 4012 dixerit
2006 3955 2100 4010 Dei
2137 3957 2438 4026 apostolum
2469 3967 2692 4028 propter
2734 3958 2899 4013 illud:
2965 3976 2982 4009 ι
3016 3958 3141 4014 Fuit
3199 3962 3360 4016 homo

1780 4048 1978 4102 missus
2016 4062 2048 4100 a
2081 4045 2229 4112 Deo,
2258 4045 2345 4101 cui
2374 4062 2569 4102 nomen
2611 4055 2733 4103 erat
2772 4047 3007 4104 Joannes
3039 4050 3103 4103 “.
3155 4068 3174 4101 ι
3216 4049 3356 4115 Quin

1779 4138 1942 4195 Isaias
1970 4154 2184 4209 quoque
2204 4138 2481 4208 apostolus
2510 4139 2637 4205 erit,
2668 4149 2890 4211 propter
2917 4140 3045 4196 illud
3078 4159 3091 4196 :
3134 4160 3152 4192 ι
3183 4142 3355 4209 Quem

1780 4232 2024 4298 mittam,
2053 4241 2110 4288 et
2139 4232 2261 4303 quis
2295 4230 2396 4291 ibit
2427 4234 2493 4285 ad
2536 4232 2792 4304 populum
2840 4234 3021 4290 hunc?
3062 4254 3082 4286 ι
3137 4235 3357 4304 quando

1781 4325 2058 4393 respondit
2102 4324 2323 4380 dicens:
2379 4343 2399 4376 ι
2450 4323 2528 4379 En
2574 4339 2675 4396 ego
2726 4340 2880 4391 sum,
2926 4326 3080 4380 mitte
3124 4340 3210 4380 me
3231 4325 3296 4378 ".
3330 4346 3351 4379 ι

1781 4416 1886 4473 Sed
1916 4416 2044 4486 quid
2078 4417 2144 4472 de
2188 4417 2338 4472 hisce
2374 4417 2535 4481 dico,
2569 4416 2785 4485 quando
2825 4426 2881 4471 et
2914 4417 2966 4471 in
3003 4415 3240 4485 Epistola
3289 4416 3360 4469 ad

105 4514 399 4588 γέγραπται
424 4513 566 4585 γάρ·
597 4532 616 4564 ι
643 4513 901 4582 Ἔχοντες
929 4506 1022 4565 οὖν
1054 4510 1316 4582 ἀρχιερέα
1347 4509 1521 4582 μέγαν
1541 4510 1672 4582 (59),

1785 4510 2037 4566 Hebraeos
2066 4510 2188 4564 talis
2225 4517 2513 4578 tantusque
2547 4507 2806 4564 Servator
2843 4516 3026 4563 noster
3069 4509 3247 4562 dictus
3287 4507 3361 4560 sit

106 4608 187 4659 καὶ
211 4606 507 4660 ἀπόστολον
535 4604 745 4676 Ἰησοῦν
772 4604 1029 4675 Χριστόν.
1065 4622 1084 4654 ι
1124 4603 1236 4656 Καὶ
1267 4600 1363 4658 νῦν
1385 4599 1479 4657 οὖν
1498 4602 1558 4657 ὃν
1580 4603 1676 4657 ὲάν

105 4698 392 4770 ἀποστέλλῃ
432 4701 462 4753 ό
492 4698 684 4770 Σωτὴρ
712 4697 1170 4768 διακονησάμενον
1201 4698 1270 4767 τῇ
1297 4712 1459 4750 τινων
1499 4712 1675 4767 σωτη-

111 4791 218 4861 ρίᾳ,
250 4792 280 4845 ό
310 4789 778 4861 ἀποστελλόμενος
807 4787 1102 4852 ἀπόστολός
1135 4788 1282 4843 ἐστιν
1331 4787 1506 4859 Ἰησοῦ
1537 4787 1675 4859 Χρισ-

110 4883 242 4939 στοῦ.
292 4883 434 4938 ’Δλλ⁹
496 4887 525 4937 ό
558 4880 874 4945 ἀπόστολος,
916 4879 1106 4952 ὥσπερ
1128 4879 1223 4933 τοῦ
1255 4879 1671 4944 ἀποστείλαντός

111 4975 239 5029 ἐστιν
273 4976 572 5039 ἀπόστολος
595 5015 610 5041 ,
654 4973 829 5037 οὕτως
854 4973 964 5026 τισὶ
994 4971 1131 5042 πρὸς
1158 4971 1252 5035 οὓς
1282 4971 1671 5026 ἀποστέλλεται

112 5068 269 5136 μόνοις
314 5069 428 5141 (60)
461 5069 610 5122 ἐστὶν
656 5066 982 5130 ἀπόστολος·
1037 5067 1175 5136 ὅπερ
1207 5065 1343 5119 νοῶν
1381 5066 1411 5117 ό
1459 5063 1671 5128 Παῦλος

107 5160 305 5231 ἔλεγεν·
344 5181 366 5214 ι
420 5163 486 5216 Εἰ
517 5161 614 5214 καὶ
655 5158 834 5222 ἀλλοις
874 5158 976 5212 οὐκ
1016 5158 1134 5229 εἰμὶ
1178 5156 1499 5221 ἀπόστολος,
1535 5154 1672 5211 ἀλλά

107 5269 161 5320 γε
197 5254 319 5325 ὑμῖν
362 5255 508 5325 εἰμι·
558 5254 593 5322 ἡ
649 5252 759 5323 γάρ
810 5250 1045 5322 σφραγίς
1097 5266 1197 5320 μου
1229 5249 1332 5318 τῆς
1365 5247 1669 5318 ἀποστολῆς

109 5345 247 5414 ὑμεῖς
272 5347 398 5399 ἐστε
427 5346 488 5398 ὲν
520 5344 727 5416 Κυρίῳ.
769 5362 789 5395 ι
826 5341 1075 5408 Ἔξεστιν
1103 5335 1196 5394 οὖν
1224 5357 1347 5394 τινα
1372 5335 1510 5394 εἶναι
1535 5339 1671 5394 ἀπό-

1783 4603 2059 4674 apostolus
2086 4619 2115 4656 a
2151 4602 2355 4657 Patre?
2383 4600 2657 4669 Scriptum
2687 4610 2771 4656 est
2798 4601 2943 4654 ettim
2972 4616 2987 4653 :
3023 4617 3043 4652 ι
3081 4598 3359 4655 Habentes

1782 4697 1945 4767 igitur
1964 4695 2280 4750 Pontifieem
2303 4709 2552 4761 magnum
2582 4702 2638 4749 et
2663 4693 2967 4763 aposmlum
2990 4690 3176 4747 Jesum
3201 4690 3360 4746 Chri-

1779 4796 1925 4842 stum
1962 4785 2030 4841 ⁷³.
2069 4804 2089 4838 ι
2123 4783 2489 4851 Quamobrem
2530 4784 2577 4839 si
2612 4784 2870 4840 Servator
2913 4782 3144 4849 aliquem
3190 4780 3356 4833 mise-

1780 4879 1852 4932 rit
1900 4877 1993 4946 qui
2047 4875 2352 4947 aliquorum
2413 4876 2644 4932 salutem
2695 4872 3127 4937 administrarit,
3176 4870 3223 4925 is
3260 4871 3355 4939 qui

1778 4971 2049 5034 mittitur,
2095 4969 2375 5041 apostolus
2424 4978 2510 5025 est
2552 4966 2689 5026 Jesu
2738 4965 2962 5022 Christi.
3040 4962 3236 5017 Verum
3298 4971 3355 5018 ut

1778 5060 2055 5131 apostolus
2082 5060 2357 5131 apostolus
2385 5069 2469 5116 est
2506 5057 2628 5127 ejus
2658 5059 2751 5128 qui
2786 5056 2967 5118 misit,
3019 5052 3098 5108 sic
3131 5052 3356 5123 quibus-

1778 5155 1903 5208 dam
1946 5153 2076 5208 solis
2132 5152 2200 5208 ad
2243 5165 2378 5222 quos
2423 5149 2693 5213 mittitur,
2742 5155 2825 5202 est
2867 5143 3163 5215 apostolus.
3204 5144 3356 5199 lianc

1778 5261 1894 5301 rem
1938 5243 2295 5300 considerans
2332 5240 2534 5297 Paulus
2579 5237 2796 5294 dicebat
2833 5251 2844 5283 ι
2899 5253 2918 5289 ι
2958 5233 3187 5291 Etiamsi
3230 5235 3355 5291 aliis

1776 5353 1885 5402 non
1907 5337 2007 5392 sim
2037 5336 2312 5407 apostolus
2335 5372 2352 5400 ,
2399 5331 2553 5386 vobis
2585 5345 2706 5385 sum
2741 5338 2963 5393 tamen;
2997 5343 3123 5384 nam
3169 5328 3355 5398 signa-

160 5461 379 5519 ".loan.
412 5475 533 5523 nn,
562 5457 644 5513 l9.
718 5457 763 5489 ⁸⁸
795 5456 927 5512 ibid.
987 5455 1079 5512 26.
1156 5454 1435 5522 "Hebr.t,
1464 5456 1551 5513 14.
1629 5455 1674 5487 ’⁸

1791 5456 1843 5508 d.
1876 5454 1907 5508 7
1941 5463 1998 5509 et
2026 5451 2170 5507 Psal.
2232 5465 2349 5517 οιιι,
2379 5448 2431 5501 4.
2510 5447 2552 5478 τί
2585 5444 2745 5501 Joan.
2777 5461 2815 5511 ι,
2849 5444 2903 5501 6.
2982 5445 3028 5478 τ’
3059 5444 3161 5501 lsa.
3197 5460 3271 5510 vr,
3297 5444 3355 5500 8.

108 5530 147 5561 ⁷³
170 5531 321 5587 ilehr.
358 5546 442 5593 ιιι.
476 5530 498 5583 l
526 5548 543 5596 ;
572 5543 644 5593 tv,
680 5528 767 5583 Η.

304 5620 493 5690 Παρό.
533 5621 693 5675 Deest
714 5621 768 5675 in
802 5620 993 5676 codice
1026 5619 1231 5690 Regio,
1261 5619 1358 5675 sed
1387 5619 1583 5691 legitur
1609 5621 1662 5676 in

112 5689 405 5746 Bodleiano.
1445 5689 1460 5691 “

170 5762 268 5831 (57)
292 5760 637 5831 Ataxorlac.
657 5759 823 5815 Forte
857 5759 1142 5831 legendum
1169 5758 1460 5815 διακονίαν.

172 5828 274 5895 (58)
313 5828 657 5900 Ἐπιστολῇ.
698 5831 860 5887 Deest
889 5829 943 5886 in
982 5832 1169 5888 codice
1202 5831 1392 5902 ltegio,
1435 5832 1530 5888 sed
1580 5839 1665 5888 est

117 5900 162 5953 iu
196 5901 493 5958 Bodleiano.

1775 5690 1926 5742 lor-os
1974 5687 2026 5741 in
2085 5700 2274 5747 unum,
2335 5688 2598 5739 memoria

1847 5616 1961 5688 (59)
1993 5617 2282 5685 Ἔχοντες
2313 5613 2425 5667 οὖν
2472 5610 2749 5688 ἀρχιερέα
2790 5609 3004 5680 μέγαν,
3055 5617 3178 5688 etc._
3211 5607 3353 5663 Duos

2655 5679 2858 5749 lapsus,
2879 5679 2883 5680 “
2914 5689 2972 5734 ut
3030 5679 3354 5748 contingere

1776 5757 2158 5812 festinantibus
2196 5755 2352 5819 solet,
2394 5753 2642 5807 confudit
2674 5752 2762 5806 hic
2788 5750 3083 5821 Origenes;
3121 5749 3348 5805 alterum

1776 5829 1944 5883 llebr.
1978 5842 2061 5890 ιιι,
2096 5828 2152 5891 1,
2180 5832 2237 5880 et
2267 5842 2339 5887 IV,
2381 5824 2467 5888 l4,
2507 5823 2759 5877 alterum.

1847 5896 1959 5968 (60)
1999 5897 2178 5955 Codex
2208 5894 2431 5968 Regius,
2461 5894 2643 5965 μόνος.
