3784 6530
84 441 166 490 ιειυ
1073 440 1431 495 CUMMENT.
1469 442 1534 495 IN
1568 444 1767 500 JOAN.
1809 445 2050 502 ΤοΜυὸ
2089 447 2305 505 XXXII.

3203 467 3307 523 Ἱειῦ

76 550 199 623 ιέρω
225 544 373 603 εἷπε’
410 568 431 602 ι
475 550 651 623 Νὖνή
684 550 829 624 ψυχή
863 569 962 624 μου
995 554 1356 626 τετάρακταιο
1393 575 1413 608 ι
1453 555 1570 611 νῢν‹

1814 562 1998 633 perius
2017 565 2262 621 dixerat:
2293 585 2313 618 ι
2342 566 2497 623 Nunc
2514 569 2692 626 anima
2708 586 2828 627 mea
2857 574 3065 630 turbata
3082 588 3166 634 est
3182 582 3262 647 "';
3289 602 3308 634 ι

76 647 281 715 Λέγεται,
321 646 406 696 ὅτι
443 664 463 695 σ
505 644 692 699 Ταῦτα
724 644 893 700 εἰπὼν
925 647 954 699 6
1004 646 1207 720 Ἰησοῦς
1244 648 1518 721 ἐταράχθη
1552 648 1629 721 τῷ

77 736 317 806 πνεύματι
339 753 354 766 °
370 755 389 789 ι
413 737 510 791 καὶ
538 736 685 809 ζητῶ
700 737 923 792 τοιαῦτα
943 739 1022 803 εἰς
1045 739 1135 794 τὸν
1151 741 1334 806 τόπον,
1358 741 1411 794 τι
1429 740 1629 813 δήποτε

72 831 154 883 οὐκ
178 830 385 899 εἴρηται
430 829 694 899 ἀνάλογον
724 829 804 901 τῷ
823 848 837 861 ο
881 849 899 881 ι
939 830 1054 886 Νῦν
1086 833 1120 903 ἡ
1149 831 1293 905 ψυχή
1329 850 1431 903 μου
1465 834 1625 887 τετά-

74 938 265 992 ρακται,
298 940 318 972 ι
350 920 446 974 16°
477 939 497 971 ι
527 921 601 974 Τὸ
628 921 846 993 πνεῦμα
881 940 900 974 ι
932 923 1027 977 τοῦ
1060 922 1234 995 Ἰησοῦ
1261 924 1590 998 τετάρακται
1609 943 1623 957 ·

71 1015 98 1084 ἢ
140 1014 392 1083 ἀνάλογον
442 1012 556 1085 τῷ’
599 1014 945 1087 «Ἑταράχθη
996 1015 1075 1087 τῷ
1129 1016 1418 1087 πνεύματι,
1462 1037 1481 1070 ι
1531 1018 1624 1072 τὸο

81 1125 101 1159 ι
132 1106 234 1160 Νῦν
260 1110 294 1178 η
329 1107 480 1179 ψυχή
515 1125 617 1179 μου
648 1107 999 1179 τετάρακται.
1041 1127 1060 1159 ι
1094 1108 1204 1162 Καὶ
1234 1108 1409 1162 ταῦτα
1447 1108 1628 1181 ζητεῖν

76 1199 321 1271 ἐτόλμησα
358 1200 624 1271 μετρίως,
657 1202 904 1272 τηρήσας
931 1202 989 1254 ὲν
1013 1201 1163 1275 πάσῃ
1194 1200 1305 1273 (65)
1338 1204 1402 1274 τῇ
1437 1202 1625 1274 Γραφῇ

71 1291 302 1362 διαφορὰν
347 1291 533 1362 ψυχῆς
572 1292 667 1345 καὶ
714 1292 1052 1364 πνεύματος,
1095 1294 1191 1348 καὶ
1224 1294 1387 1364 μέσον
1430 1293 1532 1365 μέν
1577 1311 1628 1347 τι

68 1382 259 1451 θεωρῶν
289 1380 431 1438 εἶναι
452 1383 553 1454 τὴν
572 1384 749 1455 ψυχὴν
784 1385 877 1438 καὶ
897 1384 1285 1456 ἐπιδεχομένην
1305 1385 1508 1458 ἀρετὴν
1533 1385 1627 1439 καὶ

73 1477 271 1529 κακξαψ
306 1476 662 1531 ἀνεπίδεκτον
688 1477 744 1530 δὲ
774 1477 882 1531 τῶν
907 1478 1170 1550 χειρόνων
1194 1479 1256 1531 τὸ
1287 1478 1502 1549 πνεῦμα
1530 1477 1623 1532 τοῦ

70 1566 332 1637 ἀνθρώπου
366 1568 432 1620 τὸ
466 1570 525 1621 ὲν
559 1567 738 1639 αὐτῷ·
772 1567 841 1621 τὰ
865 1570 973 1641 γὰρ
1005 1568 1267 1623 κάλλιστα
1298 1571 1500 1642 καρποὶ
1536 1569 1625 1623 λέ·-

70 1674 228 1723 rev-tat
258 1657 403 1710 εἶναι
444 1657 543 1711 τοῦ
572 1657 900 1729 πνεύματος,
943 1659 1041 1730 οὐχ
1081 1659 1157 1724 ὡς
1197 1660 1265 1714 ἂν
1300 1661 1506 1733 οἰηθείη
1542 1678 1626 1725 τις

68 1748 147 1800 τοῦ
177 1749 347 1816 ἁγίου,
389 1750 532 1804 ἀλλὰ
576 1751 669 1805 106
707 1750 993 1822 ἀνθρώπου
1016 1772 1027 1785 σ
1066 1753 1201 1824 πρὸς
1222 1753 1626 1827 άντιδιαστολὴν

64 1841 153 1913 γὰρ
176 1840 360 1895 τούτου
399 1843 614 1915 φανερὰ
654 1844 869 1914 λέγεται
904 1842 1045 1901 εἶναι
1091 1847 1157 1901 τὰ
1194 1846 1329 1919 ἔργα
1361 1848 1460 1920 τῆς
1494 1865 1627 1920 σαρ-

1733 670 1878 710 nunc
1900 669 2033 711 vero
2057 656 2258 712 dicitur
2299 676 2313 712 :
2353 677 2374 711 ι
2404 659 2529 717 Haec
2554 677 2677 717 cum
2714 664 2941 721 dixisset
2967 664 3158 733 Jesus,
3196 679 3312 726 tur-

1731 743 1889 799 batus
1920 755 2004 801 est
2041 748 2283 818 spiritu;
2313 769 2332 803 ι
2366 762 2420 808 ct
2465 765 2648 821 quaero
2679 754 2823 809 hunc
2850 756 2901 810 in
2928 756 3107 814 locum
3140 758 3266 815 talia
3297 778 3313 827 ;

1731 852 1957 893 curnam
2004 841 2213 898 scilicet
2240 844 2443 900 dictum
2486 860 2594 902 non
2647 845 2852 914 fuerit,
2902 849 3139 920 Spiritus
3184 851 3316 910 Jesu

1732 929 1981 985 turbatus
2028 941 2148 999 est,
2202 934 2430 1002 perinde
2475 944 2666 1007 atque,
2706 954 2727 988 α
2756 937 2912 996 Nunc
2961 941 3142 996 anima
3194 958 3312 998 mea

1731 1022 1946 1076 turbata
1987 1029 2105 1089 est;
2139 1041 2160 1076 ι
2191 1023 2273 1079 vel
2310 1040 2407 1079 cur
2436 1023 2541 1082 hoc
2564 1026 2767 1084 dictum
2803 1046 2819 1083 :
2860 1047 2879 1082 ι
2925 1029 3081 1088 Nunc
3130 1033 3313 1088 anima

1733 1124 1851 1164 mea
1880 1112 2096 1167 turbata
2135 1123 2254 1181 est,
2298 1134 2319 1170 ι
2353 1117 2421 1171 ad
2464 1118 2875 1177 similitudinem
2925 1122 3074 1179 illius
3126 1125 3258 1181 dicti
3294 1144 3308 1180 :

1736 1219 1755 1251 ι
1785 1200 2062 1259 Turbatus
2083 1212 2170 1260 est
2189 1206 2422 1275 spiritu,
2456 1225 2475 1259 ι
2519 1213 2929 1278 pronuntiatum
2964 1228 3076 1269 non
3124 1214 3308 1270 fuerit.

1730 1291 1859 1359 Quae
1887 1307 2134 1362 quaerere
2169 1309 2335 1352 ausus
2363 1311 2484 1352 sum
2514 1299 2891 1368 mediocriter,
2921 1303 3066 1373 quod
3102 1318 3198 1373 per
3225 1313 3312 1361 to-

1734 1392 1840 1437 tam
1871 1383 2212 1453 Scripturam
2236 1386 2524 1458 diligenter
2553 1387 2961 1447 observaverim
2994 1394 3225 1463 spiritus
3254 1406 3310 1449 et

1729 1474 1926 1529 animae
1950 1474 2311 1532 dill'erentiam
2332 1519 2348 1545 ,
2397 1478 2743 1549 mediumque
2769 1482 3025 1551 quiddam
3077 1486 3307 1541 viderim

1728 1580 1850 1621 esse
1872 1566 2134 1637 animam,
2155 1583 2526 1640 capacemque
2551 1571 2771 1628 virtutis
2794 1584 2849 1629 et
2867 1574 3021 1642 vitii;
3052 1575 3306 1645 spiritum

1728 1672 1859 1714 vero
1888 1658 2124 1716 hominis
2146 1661 2239 1731 qui
2272 1662 2327 1717 in
2355 1663 2474 1736 ipso
2500 1675 2614 1733 est,
2643 1666 2783 1719 mala
2809 1668 3054 1738 recipere
3082 1668 3310 1725 minime

1728 1764 1931 1818 posse;
1978 1751 2179 1823 quippe
2228 1769 2352 1809 cum
2412 1771 2500 1811 res
2535 1759 2754 1828 optimae
2801 1759 3017 1815 fructus
3056 1760 3309 1817 dicantur

1729 1855 1848 1897 esse
1914 1842 2157 1913 spiritus,
2201 1853 2257 1901 et
2304 1846 2529 1916 spiritus
2584 1849 2855 1915 hominis,
2916 1864 3025 1905 nou
3071 1850 3308 1919 Spiritus

65 1933 163 1996 κὸς,
210 1933 384 1987 πάντα
432 1934 613 2004 ψεκτά
659 1937 993 2008 τυγχάνοντα
1010 1953 1023 1965 '
1073 1938 1196 1991 ἐπεὶ
1260 1939 1423 2010 μηδὲν
1469 1939 1559 2012 έργ

1811 1934 1902 1989 icti
1925 1975 1942 2000 ,
1974 1944 2033 1991 ut
2059 1935 2421 1994 arbitraretur
2459 1940 2684 2011 aliquis.
2731 1940 2867 1996 Nam
2896 1942 2964 1997 ad
2994 1941 3305 1998 distinctio-

64 2025 242 2094 σαρκὸς
280 2026 589 2080 ἐπαινετόν.
644 2027 823 2095 "Arrcti
856 2029 913 2082 δὲ
946 2029 1109 2100 μέχρι
1145 2028 1240 2083 τοῦ
1282 2028 1442 2102 δεῦρο
1470 2026 1626 2101 εὖρον

61 2117 253 2188 πνεῦμα
289 2120 500 2188 φαύλου
539 2122 933 2194 σκληρύνεσθαι
961 2122 1252 2194 λεγόμενον
1280 2124 1385 2177 ὑπὸ
1418 2124 1623 2196 Κυρίου

60 2208 138 2261 τοῦ
179 2209 335 2264 Θεοῦ·
384 2212 707 2284 γέγραπται
752 2213 859 2286 γὰρ
899 2213 1071 2278 οὕτως
1103 2214 1161 2266 ὲν
1194 2212 1271 2285 τῷ
1305 2216 1624 2286 Δευτερονο-

62 2299 153 2371 μξῳ
173 2318 188 2333 ο
217 2322 237 2355 ‹
272 2304 382 2358 Καὶ
406 2306 513 2359 οὐκ
539 2305 773 2377 ἠθέλησε
797 2306 949 2377 Σηὼν
972 2305 1224 2377 βασιλεὺς
1256 2306 1489 2360 Ἐσεϐὼν
1510 2307 1622 2379 (64)

60 2394 321 2466 παρελθεῖν
361 2399 518 2469 ἡμᾶς
565 2398 634 2451 δι’
669 2399 854 2464 αὐτοῦ,
895 2400 976 2453 ὅτι
1020 2400 1321 2472 ὲσκλήρυνε
1350 2400 1553 2474 Κύριος
1594 2403 1624 2455 6

59 2486 172 2551 θεὸς
196 2487 255 2542 16
276 2488 500 2560 πνεῦμα
524 2489 716 2556 αὐτοῦ,
741 2493 834 2545 καί¹
860 2492 1156 2563 κατίσχυσε
1182 2493 1409 2567 καρδίαν
1432 2492 1619 2559 αὐτοῦ,

59 2577 131 2633 ἵνα
172 2581 449 2653 παραδοθῇ
498 2584 580 2646 εἰς
623 2582 722 2646 τὰς
769 2583 960 2656 χεῖράς
1002 2601 1119 2651 σου,
1150 2583 1228 2649 ὡς
1258 2587 1316 2639 ὲν
1343 2588 1409 2657 τῇ
1439 2586 1624 2660 ἡμέρᾳ

56 2670 223 2743 ταύτῃ·
252 2690 275 2726 ι
307 2672 448 2728 ἀλλὰ
470 2673 541 2728 τὰ
569 2676 698 2746 περὶ
727 2676 825 2746 μὲν
856 2675 1047 2730 τούτου
1072 2677 1397 2751 οἰκειότερον
1430 2680 1488 2731 έν
1510 2682 1621 2743 τοῖς

56 2766 124 2829 εἰς
148 2766 205 2823 τὸ
233 2767 661 2840 Δευτερονόμιον
700 2767 1009 2840 ἐξετασθείη
1052 2768 1150 2823 ἄν·
1182 2768 1276 2823 νῦν
1316 2770 1371 2824 δὲ
1408 2772 1624 2843 πρόκει-

56 2876 128 2911 ται
171 2858 345 2928 λέγειν
415 2860 537 2923 πῶς
585 2860 658 2914 τὰ
716 2861 1095 2935 προειρημένα
1135 2862 1307 2916 εἰπὼν
1343 2864 1372 2914 6
1415 2865 1620 2937 Ἰησοῦς

55 2946 327 3021 ἐταράχθη,
356 2949 422 3003 οὐ
442 2951 544 3022 τὴν
563 2950 764 3024 ψυχὴν,
798 2953 919 3006 οὐδὲ
941 2954 1006 3024 τῇ
1032 2951 1198 3023 ψυχῇ,
1233 2952 1349 3006 ἀλλ’
1374 2953 1494 3008 οὐδὲ
1524 2954 1619 3008 τοῦ

55 3039 369 3110 πνεύματος,
396 3041 543 3096 ἀλλὰ
573 3042 653 3113 τῷ
696 3042 984 3116 πνεύματι.
1037 3044 1133 3098 "[v’
1167 3040 1260 3100 οὖν
1286 3044 1348 3098 τδ
1377 3044 1618 3117 περὶτοῦ

56 3129 341 3200 πνεύματος
384 3133 772 3204 παρατήρημα
826 3135 902 3207 μὴ
946 3133 1235 3206 διαπίπτῃ,
1269 3134 1507 3200 λεκτέον,
1537 3136 1618 3190 ὅτι

54 3222 100 3272 ἐν
126 3222 217 3292 μὲν
240 3222 320 3293 τῷ
340 3242 354 3254 ·
398 3243 418 3276 ι
463 3224 581 3278 Νῦν
621 3227 654 3297 ἡ
680 3224 823 3297 ψυχή
861 3241 961 3296 μου
986 3225 1337 3297 τετάρακται,
1381 3246 1399 3278 ι
1436 3227 1497 3280 τὸ
1520 3228 1618 3299 τῆς

1729 2041 1851 2082 nem
1880 2028 2042 2099 hujus
2071 2030 2298 2098 spiritus
2331 2033 2597 2099 hominis,
2629 2034 2917 2091 manifesta
2971 2049 3135 2106 opera
3181 2050 3309 2090 car-

1728 2118 1812 2172 nis
1834 2130 2219 2190 nuncupantur
2246 2138 2308 2176 ea
2354 2124 2537 2179 omnia
2570 2139 2692 2195 qua:
2733 2135 2861 2181 sunt
2901 2125 3305 2194 vituperabilis,

1727 2210 1983 2278 quoniam
2038 2211 2243 2267 nullum
2288 2222 2370 2269 est
2411 2217 2595 2271 carnis
2628 2231 2766 2286 opus
2803 2218 3098 2273 laudabile.
3143 2216 3307 2290 433

1731 2302 2003 2359 Hactenus
2053 2313 2233 2360 autem
2285 2308 2452 2363 semel
2501 2309 2681 2363 inveni
2747 2310 2998 2380 spiritum
3065 2311 3307 2366 hominis

1728 2395 1855 2449 mali
1888 2395 2127 2451 iudurari
2164 2397 2364 2452 dictum
2411 2413 2442 2452 a
2472 2400 2702 2455 Domino
2731 2401 2860 2458 Deo.
2905 2400 3060 2456 Hunc
3080 2402 3227 2457 enim
3251 2402 3306 2456 in

1727 2486 1946 2541 modum
1973 2487 2235 2557 scriptum
2265 2490 2427 2544 estin
2456 2491 2878 2548 Deuteronomio
2908 2508 2922 2545 :
2964 2511 2984 2544 ι
3015 2491 3308 2561 Noluitquc

1727 2577 1892 2643 Seon,
1926 2593 2019 2635 rex
2065 2579 2298 2647 Esebon,
2328 2582 2606 2650 praeterire
2643 2598 2746 2638 nos
2776 2597 2874 2654 per
2914 2584 3089 2654 ipsum
3113 2623 3129 2650 ,
3162 2583 3307 2653 quod

1729 2670 2079 2730 induraverat
2112 2669 2374 2727 Dominus
2402 2673 2545 2728 Deus
2571 2674 2821 2746 spiritum
2853 2675 3000 2745 ejus;
3048 2685 3101 2730 et
3143 2691 3308 2731 occu-

1724 2760 1874 2831 pavit
1900 2775 1997 2817 cor
2025 2759 2142 2830 ejus
2164 2800 2181 2827 ,
2204 2772 2271 2818 ut
2304 2762 2613 2818 traderetur
2663 2764 2715 2818 in
2750 2780 2945 2821 manus
2981 2774 3132 2830 tuas,
3161 2773 3218 2818 ut
3248 2765 3304 2819 in

1726 2850 1814 2905 die
1838 2850 1940 2907 hac
1965 2851 2010 2883 ⁸¹
2038 2866 2055 2918 ;
2094 2870 2114 2902 ι
2152 2866 2270 2921 qua:
2292 2852 2509 2922 quidem
2536 2855 2995 2911 accommodatius
3017 2855 3072 2910 in
3106 2856 3308 2911 Deute-

1726 2942 1978 2998 ronomio
2020 2943 2500 2999 examinabuntur.
2548 2941 2706 2999 Nunc
2746 2953 2927 3000 autem
2962 2943 3304 3015 propositum

1724 3046 1810 3092 est
1840 3037 2003 3092 nobis
2037 3036 2251 3106 dicere,
2283 3036 2589 3107 quomodo,
2616 3051 2737 3106 quae
2755 3036 3007 3106 superius
3040 3036 3304 3103 diximus,

1725 3128 1942 3184 locutus
1965 3126 2148 3194 Jesus,
2179 3130 2429 3185 turbatus
2466 3129 2667 3197 luerit;
2697 3140 2751 3184 et
2785 3145 2884 3184 cur
2910 3128 3163 3184 turbatus
3193 3141 3303 3183 non

1726 3222 1890 3278 fuerit
1938 3223 1993 3277 in
2025 3223 2206 3277 anima
2229 3261 2244 3289 ,
2280 3236 2455 3293 neque
2481 3232 2702 3293 propter
2734 3222 2975 3277 animam
2996 3261 3011 3288 ,
3059 3234 3237 3291 neque
3272 3234 3306 3274 a

55 3316 270 3387 ταραχῆς
291 3316 472 3380 πάθος
492 3315 674 3388 ψυχῆς
704 3312 772 3389 ἦν
792 3334 804 3347 ·
838 3319 898 3371 ὲν
923 3317 980 3371 δὲ
1003 3316 1114 3388 τῷ·
1151 3336 1170 3369 ι
1218 3317 1549 3391 Ἐταράχθηι

1816 3313 1919 3368 ritu
1944 3353 1962 3381 ,
2012 3314 2104 3370 sed
2136 3314 2351 3383 spiritu.
2394 3313 2473 3369 Ne
2514 3313 2679 3385 igitur
2706 3314 2854 3384 quod
2888 3311 3305 3370 observavimus

54 3406 295 3477 πνεύματι
326 3409 357 3461 6
404 3406 639 3480 Ἰησοῦς,
688 3427 708 3460 ι
745 3407 882 3480 ὅπερ
913 3409 1030 3462 ἐστὶ
1063 3408 1125 3462 τὸ
1155 3408 1513 3481 ἀνθρώπινον,
1561 3409 1622 3463 τὸ

55 3494 198 3559 πάθος
238 3491 310 3568 ἦν
352 3496 658 3567 ἐρχόμενον
690 3500 755 3569 τῇ
797 3497 1126 3571 ἐπικρατείᾳ
1156 3498 1249 3553 τοῦ
1280 3498 1586 3570 πνεύματος
1605 3516 1617 3529 ·

53 3582 112 3645 ὡς
137 3583 238 3656 γὰρ
274 3586 305 3639 6
342 3583 505 3654 ἅγιος
536 3585 604 3657 ζῇ
648 3586 918 3658 πνεύματι
958 3588 1392 3661 προκατάρχοντι
1427 3588 1532 3644 τῶν
1564 3590 1622 3643 ὲν

53 3674 112 3744 τῷ
140 3675 255 3748 ζῇν,
282 3680 383 3733 καὶ
408 3680 598 3751 πάσης
621 3678 893 3753 πράξεως,
922 3682 1017 3735 καὶ
1030 3681 1215 3753 εὐχῆς,
1245 3683 1339 3736 καὶ
1369 3683 1464 3737 τοῦ
1487 3683 1622 3755 πρὸς

51 3768 159 3823 θεὸν
209 3770 388 3842 ὕμνου
416 3790 433 3803 ·
486 3771 664 3837 οὕτως
710 3774 817 3828 πᾶν
866 3774 896 3828 ὃ
939 3774 992 3827 τί
1032 3775 1151 3830 ποτ’
1192 3774 1259 3829 ἂν
1295 3779 1446 3848 ποιῇ,
1479 3778 1626 3831 ποιεῖ

53 3862 324 3933 τπεύματι·
361 3863 508 3919 ἀλλὰ
538 3864 643 3919 κᾶν
675 3865 880 3936 πάσχῃ,
919 3864 1117 3936 πάσχει
1150 3868 1439 3939 πνεύματι.
1470 3869 1534 3921 El
1565 3867 1622 3920 δὲ

52 3950 71 3999 ὁ
98 3952 256 4019 ἅγιος,
300 3955 465 4025 πόσῳ
516 3954 726 4027 μᾶλλον
778 3954 952 4010 ταῦτα
993 3955 1210 4010 λεκτέον
1233 3958 1362 4028 περὶ
1388 3956 1483 4011 τοῦ
1516 3957 1623 4012 τῶν

50 4042 193 4109 ἁγίων
212 4046 470 4118 ἀρχηγοῦ
524 4046 725 4117 Ἰησοῦ,
754 4042 815 4103 οὗ
842 4048 903 4101 τὸ
935 4048 1155 4122 πνεῦμα
1185 4053 1282 4107 τοῦ
1311 4049 1639 4121 ἀνθρώπου,

52 4135 96 4186 ἐν
113 4137 181 4207 τῷ
210 4139 574 4212 ἀνειληφέναι
616 4140 781 4197 αὐτὸν
808 4140 928 4195 ὅλον
957 4141 1264 4212 ἄνθρωπον,
1306 4143 1366 4194 τὸ
1391 4144 1448 4196 ἐν
1476 4140 1625 4211 αὑτῷ

48 4226 249 4284 διέσεισε
286 4231 360 4287 τὰ
398 4230 574 4287 λοιπὰ
618 4234 676 4287 έν
720 4233 868 4306 αὐτῴ
913 4233 1265 4308 ἀνθρώπινα;
1303 4234 1415 4287 Καὶ
1454 4232 1626 4297 οὕτως

51 4326 299 4401 ἐταράχθη
337 4329 426 4400 τῷ
466 4329 763 4400 πνεύματι,
799 4329 886 4383 ἵνα
918 4331 1264 4402 μαρτυρήσῃ,
1304 4330 1399 4384 καὶ
1430 4329 1520 4384 ἵνα
1544 4327 1624 4381 εῐ-

149 4420 282 4491 μετὰ
312 4420 418 4477 τοῦ
454 4420 604 4475 θείου
649 4421 812 4475 οἱονεὶ
844 4421 1029 4493 ὅρκου,
1060 4420 1176 4486 τοῦ,
1212 4440 1230 4473 r
1253 4421 1444 4493 Ἀμὴν,
1479 4440 1498 4472 ι
1525 4420 1586 4473 τό
1607 4436 1621 4453 ο

54 4530 66 4561 ι
93 4512 234 4582 Λέγω
281 4514 448 4586 ὑμῖν,
479 4513 565 4567 ὅτι
604 4498 689 4577 εἷς
731 4511 791 4579 ἐξ
817 4513 972 4584 ὑμῶν
998 4511 1308 4586 παραδώσει
1335 4529 1408 4585 με
1431 4530 1444 4543 θ
1484 4531 1503 4565 ι
1529 4511 1624 4564 τοῦ

51 4603 137 4673 γᾶρ
172 4607 517 4677 πνεύματος,
550 4599 728 4675 οἶμαι,
761 4604 1138 4677 θεωρήσαντος
1160 4604 1222 4658 τὸ
1255 4605 1354 4676 ἤδη
1390 4604 1499 4659 ἀπὸ
1529 4602 1623 4658 106

52 4695 270 4758 διαῦῶρυ
304 4696 659 4769 βεϐλημένον
685 4698 765 4759 εἰς
787 4696 885 4769 τὴν
918 4696 1147 4768 καρδίαν
1187 4696 1357 4750 ’ἰούδα
1386 4697 1625 4768 Σίμωνος

62 4785 413 4858 Ἰσκαριώτου,
439 4787 532 4840 ἵνα
549 4786 641 4839 τὸν
669 4785 997 4840 Διδάσκαλον
1023 4785 1272 4858 παραδῷ,
1295 4786 1626 4857 φωτισθεῖσα

1725 3406 1791 3458 de
1837 3404 2031 3474 spiritu
2064 3412 2393 3476 praetereat,
2433 3404 2719 3460 dicendum
2744 3413 2865 3471 est,
2912 3402 3007 3458 ubi
3059 3401 3302 3457 dicitur:

1729 3513 1750 3546 ε
1786 3493 1943 3551 Nunc
1972 3497 2151 3551 anima
2181 3512 2301 3552 mea
2341 3499 2554 3553 turbata
2589 3505 2694 3563 est,
2734 3515 2754 3550 ι
2793 3494 2940 3550 illam
2974 3492 3306 3550 turbationis

1724 3589 2065 3646 alfectionem
2104 3590 2270 3646 fuisse
2297 3592 2491 3646 anima:
2508 3606 2539 3656 ;·
2554 3589 2645 3645 ubi
2670 3604 2804 3646 vero
2828 3587 3060 3645 dicitur:
3098 3605 3123 3639 ι
3146 3585 3306 3643 Jesus

1724 3687 1972 3738 turbatus
1987 3691 2069 3738 est
2086 3684 2304 3754 spiritu,
2326 3702 2344 3737 ι
2369 3682 2710 3738 adactionem
2726 3682 3017 3737 humanam
3035 3679 3205 3735 fuisse
3222 3692 3309 3732 ve-

1725 3775 1960 3829 nientem
1983 3791 2011 3827 a
2027 3775 2266 3830 dominio
2289 3775 2532 3843 spiritus.
2549 3774 2620 3829 Ut
2640 3774 2785 3828 enim
2804 3782 3026 3829 sanctus
3046 3771 3176 3824 vivit
3196 3770 3306 3839 spi-

1726 3868 1831 3921 ritu
1856 3866 2172 3935 auspicante
2194 3866 2247 3920 in
2267 3868 2377 3920 vita
2399 3866 2666 3920 actionem
2684 3879 2922 3931 omnem,
2947 3871 3001 3917 et
3022 3872 3224 3926 votum,
3251 3870 3307 3914 et

1727 3955 1938 4012 laudem
1960 3957 2030 4013 ad
2059 3958 2260 4022 Deum;
2299 3956 2379 4012 sic
2412 3955 2675 4025 quidquid
2707 3955 2921 4022 fecerit,
2955 3954 3006 4009 id
3031 3955 3164 4009 facit
3193 3953 3305 4020 spi-

1728 4050 1870 4115 ritu;
1911 4060 2075 4119 atque
2102 4048 2291 4115 etiam,
2328 4049 2371 4105 si
2398 4049 2622 4119 patitur,
2657 4048 2851 4117 spiritu
2883 4046 3108 4116 patitur.
3147 4042 3302 4111 Quod

1726 4140 1772 4195 si
1804 4148 2023 4195 sanctus
2049 4139 2131 4194 sic
2160 4154 2219 4194 se
2243 4140 2445 4201 habet,
2479 4146 2688 4208 quanto
2718 4137 2888 4207 magis
2915 4136 3141 4192 dicenda
3176 4142 3304 4190 sunt

1727 4232 1842 4286 haec
1870 4233 1936 4287 de
1959 4229 2089 4286 Jesu
2116 4241 2435 4287 sanctorum
2463 4229 2729 4299 principe,
2755 4227 2912 4297 cujus
2946 4225 3168 4296 spiritus
3201 4225 3302 4278 ho-

1727 4324 1887 4378 minis
1908 4323 2000 4393 qui
2034 4324 2088 4376 in
2117 4336 2183 4377 eo
2216 4330 2325 4386 est,
2353 4321 2483 4377 dum
2508 4320 2688 4389 ipsum
2718 4328 2888 4374 totum
2914 4318 3189 4378 hominem
3218 4330 3309 4373 as-

1727 4424 2010 4482 sumeret,
2043 4414 2325 4470 concussit
2349 4421 2547 4468 czetera
2576 4411 2631 4465 in
2670 4411 2789 4482 ipso
2822 4408 3103 4471 humana?
3125 4407 3312 4463 Hunc—

1727 4521 1832 4577 que
1858 4506 1908 4559 in
1939 4506 2160 4561 modum
2191 4506 2442 4558 turbatus
2487 4511 2570 4558 est
2615 4502 2844 4571 spiritu,
2879 4512 2941 4556 ut
2989 4509 3305 4563 testaretur,

1728 4608 1783 4655 et
1803 4600 2010 4655 diceret
2030 4613 2151 4654 cum
2173 4598 2357 4653 divino
2377 4597 2529 4667 quasi
2551 4597 2862 4665 juramento
2887 4596 3014 4650 illud
3042 4612 3056 4649 :
3086 4614 3105 4646 ι
3135 4594 3309 4648 Amen

1655 4659 1702 4715 Β
1730 4692 1852 4745 dico
1872 4690 2050 4756 vobis,
2066 4690 2211 4760 quod
2236 4704 2375 4744 unus
2391 4659 2458 4745 ex
2481 4689 2636 4745 vobis
2661 4703 2746 4743 me
2762 4689 3079 4758 proditurus
3096 4682 3239 4739 est"a
3254 4698 3268 4746 ;
3285 4699 3303 4731 ι

1727 4797 1848 4836 cum
1879 4782 2048 4850 enim,
2083 4783 2300 4852 opinor,
2327 4782 2551 4852 spiritus
2575 4781 2803 4836 vidisset
2831 4779 2883 4831 id
2908 4775 3050 4846 quod
3071 4774 3181 4842 jam
3209 4772 3310 4827 im-

53 4874 100 4927 τὺ
122 4878 371 4949 ἐσόμενον
418 4876 538 4949 (65)
568 4876 846 4949 ἐταράχθη
869 4894 882 4907 ·
921 4875 1015 4931 καὶ
1044 4877 1167 4931 ἐπεὶ
1194 4878 1227 4948 ἡ
1268 4877 1480 4951 ταραχὴ
1516 4878 1547 4930 ἀ

1813 4888 1952 4929 εευιη
1986 4873 2164 4928 fuerat
2215 4890 2243 4929 a
2274 4873 2488 4928 diabolo
2518 4871 2570 4925 iu
2596 4885 2690 4924 cor
2713 4867 2862 4923 Judae
2895 4862 3133 4920 Simonis
3161 4860 3307 4915 lsca-

53 4967 131 5036 τῆς
154 4972 208 5025 ὲν
231 4969 521 5041 πνεύματι
539 4968 801 5038 γνώσεως
823 4967 1134 5039 γεγένηται,
1169 4968 1198 5020 ὂ
1220 4968 1313 5022 καὶ
1336 4970 1393 5022 έν
1412 4986 1547 5041 ταρα

1817 4975 1916 5033 ιω,
1944 4966 2203 5022 nimirum
2236 4974 2293 5021 ut
2317 4964 2718 5032 Prmceptorem
2748 4958 3049 5028 proderet,"
3065 4953 3307 5053 futurum

52 5057 261 5130 ἐγένετο,
321 5060 566 5135 Ἰησοῦς,
616 5058 854 5131 εἴρηται,
901 5058 1178 5131 ἐταράχθη
1222 5058 1299 5130 τῷ
1334 5060 1546 5137 πνεύμα

1815 5058 2034 5113 evidens
2080 5058 2327 5114 turbatus
2379 5064 2506 5121 est;
2557 5061 2610 5107 et
2654 5049 2913 5121 quoniam
2969 5045 3309 5116 perturbatio

53 5152 178 5223 Τάχα
230 5156 289 5209 δὲ
333 5155 438 5209 καὶ
507 5152 655 5206 κατὰ
706 5150 830 5221 μίαν
876 5150 1101 5222 ἐκδοχὴν
1149 5151 1270 5222 τὴν,
1324 5170 1342 5202 ι
1395 5152 1459 5205 Ἠ
1494 5152 1547 5206 σὲ

1815 5165 1921 5206 rex
1950 5151 2260 5220 cognitione
2302 5155 2388 5203 est
2438 5154 2558 5200 orta
2593 5158 2716 5212 qua:
2737 5150 2855 5196 erat
2898 5153 2993 5209 per
3032 5138 3309 5208 spiritum,

55 5244 273 5320 ἀσθενὴς,
325 5266 348 5300 ι
404 5246 508 5300 καὶ
534 5246 570 5315 ἡ
609 5243 747 5315 σὰρξ
785 5246 1153 5316 τετάρακταισ
1198 5244 1369 5298 ταῦτα
1415 5245 1460 5298 δ’

1818 5244 1830 5297 i
1859 5242 2024 5298 etiam
2053 5242 2281 5313 spiritus
2324 5235 2782 5311 perturbabatur,
2814 5232 2991 5287 dictus
3024 5237 3108 5285 est
3150 5227 3312 5284 Jesus

64 5336 262 5406 Ἰησοῦς,
291 5338 429 5410 περὶ
461 5330 526 5390 οὗ
557 5334 666 5388 ὑπο
699 5333 793 5387 τοῦ
835 5334 1074 5408 Γαϐριὴλ
1107 5336 1244 5406 πρὸς
1281 5333 1380 5406 τὴν
1412 5336 1558 5406 Μαρε

1816 5337 1995 5392 rbatus
2016 5333 2185 5391 fuisse
2220 5333 2432 5402 spiritu.
2474 5329 2733 5384 Fortasse
2789 5339 2917 5379 vero
2953 5324 3108 5394 juxta
3146 5335 3310 5377 unam

136 5471 175 5505 ⁸¹
203 5472 364 5530 Joan.
399 5490 508 5542 xu,
541 5472 637 5527 27.
710 5470 757 5502 ⁸⁵
800 5473 952 5527 Deut.
985 5488 1046 5539 ιι,
1087 5471 1177 5529 50.
1253 5472 1300 5506 ⁸³
1330 5470 1487 5528 JOan.
1518 5491 1642 5545 xm,
1675 5476 1767 5533 2|.

108 5587 210 5659 (63)
258 5588 554 5663 Τηρήςας
612 5585 683 5638 ἐν
729 5584 919 5655 πάσῃ,
961 5592 1071 5641 etc.
1136 5585 1273 5642 Vide
1321 5587 1379 5640 in
1431 5585 1602 5644 Matth

1824 5606 1978 5647 urum
2003 5598 2165 5663 erat;
2216 5604 2234 5638 ι
2272 5585 2503 5663 videtur;
2527 5580 2749 5663 legisse.
2788 5576 3078 5663 φωτισθεις
3131 5574 3211 5663 εἰς
3234 5576 3315 5663 Γτὸ

59 5667 163 5734 tom.
188 5646 545 5734 i|||,-n.‘2._'
605 5724 618 5734 _
744 5646 831 5734 κν,
863 5646 944 5734 Ψ,
1045 5726 1061 5734 _
1109 5726 1121 5734 _
1262 5726 1274 5734 .
1319 5722 1325 5730 δ
1362 5726 1425 5734 η
1739 5663 2018 5734 ἐσόμενον.
2056 5646 2257 5734 Eodem
2297 5654 2438 5709 redit
2463 5646 2705 5734 FerFarii
2738 5646 3193 5734 iuterpretatiotf
3228 5646 3317 5734 [lf-

110 5728 210 5799 (64)
242 5718 433 5786 codex
476 5723 881 5799 Regius,_2tt‘ov
918 5724 1195 5799 βασιλεὺς
1225 5722 1485 5799 ευσεϐὦν.
1540 5796 1553 5799 _

1823 5718 1924 5787 itm
1950 5728 2276 5799 praevidens.
2309 5744 2328 5777 ι
2362 5738 2523 5793 quem
2548 5731 2731 5778 tamen
2759 5719 2832 5776 ita
2862 5718 3059 5792 legisse
3091 5731 3197 5771 non
3226 5728 3317 5771 uso

115 5793 215 5868 (65')
237 5793 634 5854 Φωτισθεῖάα
674 5794 741 5848 τὸ
785 5793 1108 5868 ἐσόμενον.
1139 5797 1233 5851 Sic
1265 5798 1427 5852 habet
1453 5796 1609 5852 code)

866 5793 1108 5868 άμενον.
1139 5797 1233 5851 Sic
1265 5798 1427 5852 habet
1453 5796 1626 5852 codex
1735 5793 2054 5860 scvcrar'im,
2096 5797 2360 5859 llusrtus.

59 5865 250 5945 lit-gius.
309 5870 624 5929 Perionius
659 5866 844 5935 vertit,
874 5886 892 5919 ι
934 5867 1238 5925 illustratus
1283 5869 1350 5925 ad
1399 5868 1452 5924 id
1480 5868 1629 5941 quod
2358 5884 2361 5885 '
