3784 6550
416 463 508 515 ’791
1880 457 2202 515 οῐιιριιΝιδ
3571 464 3665 521 792

413 579 823 648 intelligentiam
854 620 869 644 ,
932 596 1125 651 nempe
1161 581 1307 637 illam
1333 596 1452 650 qua:
1476 580 1600 636 dicit
1630 621 1645 645 ,
1677 600 1696 632 ι
1736 582 1874 637 Caro
1910 591 1989 637 est

2106 578 2308 652 εἴρηται
2329 581 2389 633 τό
2408 598 2422 611 ο
2461 599 2480 631 ι
2502 579 2613 633 Καὶ
2637 580 2743 634 ἰδοὺ
2772 579 3019 655 συλλήψῃ
3048 580 3106 633 ἐν
3138 580 3357 650 γαστρὶ,
3388 580 3481 633 καὶ
3511 583 3663 636 καλέ-

416 672 629 726 inlirma
660 672 727 737 “,
779 692 797 724 ι
834 688 965 728 caro
986 675 1148 729 etiam
1180 676 1490 745 perturbata
1518 683 1632 730 est:
1665 674 1780 729 haec
1812 685 1993 729 autem

419 779 549 817 caro
580 773 702 819 erat
726 764 884 820 .‘Iesus
906 809 923 831 ,
942 765 1097 833 juxta
1133 766 1262 820 illud
1287 767 1429 835 quod
1458 781 1489 820 a
1520 765 1770 822 Gabriele
1813 765 1996 822 Maria:

418 854 623 908 dictum
650 864 772 910 est:
814 872 835 906 ι
867 854 1010 911 Ecce
1050 857 1326 925 concipias
1359 858 1413 911 in
1443 867 1599 912 utero
1624 897 1640 922 ,
1692 866 1743 911 et
1776 857 1996 912 vocabis

420 959 614 1000 nomen
637 946 754 1016 ejus
781 946 990 1002 Jesum.
1030 946 1130 1002 ilic
1152 950 1262 1004 erit
1290 964 1541 1020 magnus,
1575 959 1629 1004 et
1662 949 1802 1005 [ilius
1831 948 1996 1004 Altis-

419 1035 542 1089 simi
568 1037 853 1098 vocabitur
875 1038 945 1092 ³⁸.
979 1056 999 1090 ι
1025 1038 1291 1094 Caeterum
1327 1041 1540 1095 notabis
1564 1041 1616 1095 in
1645 1039 1730 1095 his
1760 1055 1880 1109 qua:
1908 1040 1994 1093 in-

421 1127 769 1195 dagavimus,
815 1131 1088 1198 quomodo
1127 1145 1227 1185 vox
1271 1140 1493 1185 testatus
1530 1142 1604 1185 est
1637 1130 1906 1186 referatur
1927 1130 1994 1184 ad

420 1235 483 1270 ea
544 1220 729 1283 verba,
783 1239 804 1271 ι
851 1220 1004 1276 Unus
1038 1236 1105 1275 ex
1139 1223 1295 1276 vobis
1338 1237 1426 1278 me
1456 1223 1767 1293 proditurus
1816 1232 1921 1279 est.
1971 1241 1989 1274 ι

422 1310 535 1366 lloc
570 1312 769 1366 etenim
798 1312 1002 1367 dictum
1044 1313 1360 1384 discipulis,
1403 1323 1458 1369 et
1501 1315 1882 1383 prophetatqu
1929 1314 1996 1368 de

419 1401 575 1467 .luda,
606 1403 698 1472 qui
726 1402 891 1476 434
923 1419 1063 1460 unus
1092 1414 1209 1459 erat
1239 1420 1307 1460 ex
1332 1406 1441 1471 eis,
1485 1406 1851 1460 testimonium
1878 1416 1998 1459 erat

419 1494 696 1563 :equivoce
713 1533 730 1559 ,
750 1496 949 1567 ropinor
966 1536 982 1560 ,
1008 1511 1130 1550 cum
1167 1495 1256 1549 illa
1281 1495 1686 1567 signiﬁcatione
1709 1511 1829 1566 qua:
1855 1512 1885 1549 a
1912 1506 1996 1550 te-

420 1585 616 1638 stando
662 1594 717 1639 et
747 1566 1044 1641 .moriendo
1074 1601 1172 1657 pro
1213 1586 1308 1640 Dei
1351 1587 1499 1640 cultu
1543 1586 1850 1644 deducitur.
1888 1586 1999 1641 Nec

419 1676 563 1729 enim
593 1677 842 1733 eamdem
869 1678 1324 1748 significationem
1356 1678 1521 1734 fuisse
1544 1694 1669 1734 reor
1693 1695 1788 1749 per
1812 1694 1997 1734 vocem

421 1777 643 1823 testatus
670 1778 747 1823 est
769 1811 784 1836 ,
809 1772 1028 1839 quando
1056 1771 1368 1825 declaratur
1396 1773 1618 1826 verbum
1646 1773 1799 1837 illud,
1831 1787 1861 1827 a
1891 1787 2000 1842 quo

421 1862 448 1912 ὁ
480 1860 690 1930 μάρτυς
724 1860 860 1934 [hoc
887 1872 975 1917 est
1004 1862 1189 1936 testis]
1223 1863 1315 1919 Dei
1354 1874 1408 1919 et
1437 1864 1640 1920 Christi
1680 1866 1761 1919 sui
1794 1864 1998 1935 ﬁgura-

426 1964 512 2007 tus
539 1963 660 2018 est,
709 1963 764 2008 ct
806 1970 951 2011 nunc
973 1958 1190 2027 quando
1244 1957 1482 2012 refertur
1536 1958 1603 2011 ad
1646 1958 1760 2012 bzcc
1810 1956 1997 2022 verba,

428 2060 447 2093 ι
486 2043 629 2098 Unus
669 2059 736 2099 ex
785 2046 941 2101 vobis
982 2061 1068 2100 me
1111 2047 1431 2116 proditurus
1469 2058 1575 2101 est.
1617 2067 1637 2099 ι
1676 2047 1866 2101 Adhuc
1903 2062 2001 2116 pro

423 2134 628 2189 viribus
672 2137 931 2199 observo,
989 2155 1009 2188 ι
1055 2136 1205 2191 Unus
1252 2152 1321 2192 ex
1368 2138 1524 2193 vobis
1566 2152 1653 2193 me
1688 2139 2002 2206 proditurus

425 2234 540 2289 est,
589 2244 609 2278 ι
646 2227 790 2295 quod
817 2225 1052 2283 refertur
1090 2232 1156 2284 ad
1180 2227 1397 2294 Judam,
1426 2244 1495 2283 ue
1523 2228 1662 2284 forte
1691 2230 1796 2285 hoc
1821 2240 2006 2285 osten-

425 2317 517 2369 dat
543 2331 667 2370 eum
699 2316 766 2370 ab
792 2318 990 2375 ordine
1026 2319 1328 2388 apostolico
1355 2320 1645 2383 decidisse,
1681 2320 1736 2373 in
1766 2335 1874 2391 quo
1901 2320 2004 2374 fuit

427 2418 479 2461 et
506 2406 622 2476 ipse
644 2408 1005 2476 sublimatus,
1055 2413 1199 2480 quod
1248 2411 1544 2480 aliquando
1589 2426 1742 2481 asque
1779 2411 2006 2469 allectus

429 2502 589 2555 fuerit
618 2509 783 2571 atque
811 2503 901 2557 alii
936 2504 1191 2574 apostoli.
1236 2504 1329 2560 Sic
1363 2506 1510 2559 enim
1553 2508 1660 2575 ego
1682 2506 1925 2577 intelligo
1954 2515 2010 2559 et

429 2593 594 2647 illud:
623 2613 643 2646 ι
672 2594 750 2650 En
772 2596 943 2651 Adam
966 2596 1140 2652 factus
1166 2606 1251 2653 est
1271 2597 1425 2669 quasi
1452 2614 1591 2655 unus
1613 2613 1678 2654 ex
1702 2599 1861 2655 nobis
1883 2600 1958 2666 ⁸⁶;
1983 2618 2002 2650 ι

428 2687 686 2753 quoniam
738 2703 805 2742 ne
854 2688 964 2744 illic
1014 2688 1232 2758 quidem
1279 2690 1481 2745 dictum
1526 2690 1865 2762 fueritquasi
1892 2708 2005 2752 nos,

428 2774 513 2828 vel
538 2776 692 2845 quasi
717 2791 810 2846 ego
830 2794 849 2841 ;
884 2777 977 2832 sed
1011 2785 1232 2847 propter
1265 2792 1432 2853 unum
1463 2778 1554 2847 qui
1598 2776 1798 2832 cecidit
1826 2792 1853 2831 a
1877 2778 2007 2831 bea-

429 2867 678 2933 titudine,
717 2868 873 2938 quasi
908 2884 1044 2922 unus
1070 2884 1136 2921 ea:
1183 2868 1332 2923 nobis
1356 2911 1370 2935 ,
1399 2869 1657 2938 quoniam
1697 2882 1837 2923 unus
1866 2868 2010 2922 ceci-

431 2959 543 3023 dit;
583 2960 725 3029 quod
770 2960 936 3016 etiam
986 2961 1280 3015 concinere
1312 2960 1442 3014 mihi
1493 2959 1709 3014 videtur
1749 2972 1874 3015 cum
1907 2957 2012 3013 hoc

432 3065 592 3106 versu
620 3067 633 3104 :
681 3068 702 3103 ι
743 3049 851 3107 Vos
873 3060 1053 3106 autem
1085 3052 1243 3120 quasi
1277 3051 1527 3105 homines
1581 3049 1925 3115 moriemini,
1957 3061 2013 3104 et

432 3142 586 3209 quasi
619 3158 761 3198 unus
787 3145 854 3197 de
876 3143 1216 3215 principibus
1255 3141 1465 3197 cadetis
1491 3141 1559 3197 ⁸⁷.
1597 3159 1616 3192 ι
1646 3140 1835 3196 Plures
1865 3141 2009 3196 enim

2099 689 2211 737 σεις
2237 673 2298 726 τὸ
2325 673 2495 744 ὄνομα
2519 673 2683 726 αὑτοῦ
2728 673 2952 745 Ἰησοῦν.
2979 668 3149 738 οὗτος
3175 674 3328 727 ἔσται
3359 674 3550 743 μέγας,
3576 677 3664 728 καὶ

2096 764 2213 827 υἱὸς
2257 764 2511 834 Ὑψίστου
2543 764 2892 835 κληθήσεται.
2932 785 2951 817 ›
2990 765 3280 838 Σημειώσῃ
3316 765 3375 818 δὲ
3406 765 3526 820 τίνα
3558 768 3665 838 τρό-

2097 875 2197 911 πον
2249 858 2306 910 ἐν
2349 859 2460 921 τοῖς
2496 856 2906 928 ἐξεταζομένοις
2946 858 3029 923 τὸ,
3068 858 3507 928 ἐμαρτύρησεν,
3546 860 3665 912 ἁνα-

2096 938 2319 1020 ιρέρεται
2348 951 2442 1003 ἐπ)⁵
2469 949 2579 1019 (66)
2608 949 2668 1002 τό
2690 966 2704 980 °
2744 968 2763 1001 ι
2800 943 2896 1013 Εἷς
2928 949 2987 1017 ἐξ
3014 951 3167 1021 ὑμῶν
3189 949 3504 1022 παραδώσει
3540 968 3620 1021 με.
3642 971 3659 1001 ι

2098 1043 2209 1097 Καὶ
2264 1043 2421 1097 τοῦτο
2458 1044 2555 1114 μὲν
2601 1041 2889 1112 λεγόμενον
2931 1043 3027 1096 καὶ
3058 1043 3536 1114 προφητευόμενον
3565 1045 3669 1104 τοῖς

2101 1134 2370 1207 μαθηταῖς
2412 1135 2538 1207 περὶ
2572 1133 2663 1187 τοῦ
2699 1133 2867 1187 Ἰούδα
2895 1134 2991 1187 τοῦ
3018 1134 3136 1197 ἐνὸς
3162 1131 3224 1197 ἐξ
3253 1132 3438 1186 αὐτῶν
3478 1150 3669 1204 papau-

2101 1230 2192 1301 ρία
2238 1225 2307 1300 ἦν
2355 1229 2661 1301 ὁμώνυμος,
2696 1224 2870 1300 οἶμαι,
2904 1228 2983 1299 τῷ
3041 1227 3192 1299 παρά
3240 1225 3304 1279 τὸ
3363 1230 3666 1298 μαρτυρεῖν,

2099 1323 2192 1375 καὶ
2234 1321 2597 1394 ἀποθνήσκειν
2636 1321 2776 1393 ὑπὲρ
2808 1319 3120 1383 θεοσεϐείας
3165 1318 3582 1390 σημαινομένῳ·
3612 1321 3669 1371 οὐ

2099 1414 2209 1485 γάρ
2233 1413 2405 1466 ταῦτα
2424 1413 2628 1485 νομίζω
2655 1410 3016 1485 σημαίνεσθαι
3046 1412 3103 1464 ἐν
3119 1409 3219 1480 τῷ,
3242 1409 3669 1479 ἐμαρτύρησεν,

2100 1508 2187 1560 ὅτε
2233 1506 2487 1578 δηλοῦται
2514 1506 2573 1559 τὸ
2617 1507 2765 1579 ῥῆμα
2811 1506 2938 1575 παρ’
2970 1504 3000 1558 ὃ
3040 1504 3251 1576 μάρτυς
3283 1502 3673 1573 ἐσχημάτισται

2100 1598 2194 1651 τοῦ
2227 1597 2364 1652 Θεοῦ
2386 1640 2400 1665 ,
2435 1599 2529 1652 καὶ
2555 1596 2649 1653 τοῦ
2684 1596 2919 1668 Χριστοῦ
2954 1594 3143 1660 αὐτοῦ,
3180 1595 3275 1647 καὶ
3304 1592 3401 1647 νῦν
3432 1594 3519 1646 ὅτε
3550 1595 3672 1647 ἀνα-

2103 1690 2323 1762 φέρεται
2362 1690 2453 1742 ἐπὶ
2486 1688 2596 1761 (67)
2629 1689 2719 1742 τόι
2761 1708 2779 1739 ι
2812 1682 2907 1763 Εἷς
2930 1686 2991 1752 ἐξ
3020 1686 3173 1758 ὑμῶν
3203 1684 3517 1756 παραδώσει
3542 1702 3621 1754 με.
3651 1704 3668 1734 ι

2107 1781 2227 1833 Ἔτι
2251 1780 2391 1834 κατὰ
2434 1780 2661 1852 δύναμιν
2691 1780 2801 1849 ἐγὼ
2845 1780 3107 1850 ἐφίστημι
3141 1780 3235 1833 καὶ
3267 1775 3377 1848 τῷ’
3435 1795 3456 1829 ι
3496 1770 3589 1839 Εἷς
3620 1776 3677 1839 ἐξ

2103 1874 2278 1945 ὑμῶν,
2319 1892 2338 1925 ι
2393 1874 2781 1944 ἀναφερομένῳ
2824 1872 2916 1925 ἐπὶ
2955 1873 3047 1925 τὸν
3085 1871 3307 1936 Ἰούδαν,
3345 1870 3554 1941 μήποτε
3584 1870 3678 1939 ἐμέ

2106 1967 2284 2037 φαίνει
2336 1966 2397 2020 τὸ
2436 1967 2543 2021 ἀπὸ
2585 1966 2789 2033 τάξεως
2830 1966 3217 2035 ἀπστολικῆς,
3241 1967 3300 2017 ἐν
3400 1964 3493 2017 καὶ
3524 1963 3677 2026 auro;

2105 2057 2314 2128 ’ὑψωται
2351 2058 2459 2129 (68)
2493 2056 2570 2128 τῷ
2592 2057 2829 2111 διάθεσίν
2864 2075 2995 2112 ποτε
3025 2056 3411 2128 παραπλησίαν
3437 2057 3547 2118 τοῖς
3575 2054 3679 2107 λοι-

2106 2152 2227 2213 ποῖς
2258 2149 2573 2212 ἀποστόλοις
2599 2147 2741 2220 ἔχειν
2772 2147 2953 2213 αὐτὸν,
2987 2146 3445 2202 ἀποπεπτωκέναι
3465 2159 3481 2173 ·
3512 2144 3679 2207 οὕτως

2105 2239 2214 2312 γάρ
2256 2239 2366 2308 ἐγὼ
2390 2242 2599 2313 ἤκουσα
2632 2241 2725 2295 καὶ
2751 2239 2844 2293 τοῦ
2864 2257 2877 2271 ·
2920 2259 2939 2291 ι
2963 2240 3094 2294 Ἰδοὺ
3143 2238 3316 2310 Ἀδὰμ
3346 2239 3568 2306 γέγονεν
3608 2237 3682 2300 ὡς

2108 2332 2187 2398 εἷς
2218 2333 2278 2398 ἐξ
2303 2333 2487 2406 ἡμῶνδ
2531 2353 2549 2386 ι
2579 2334 2698 2386 ἐπεὶ
2731 2331 2862 2402 μηδὲ
2888 2333 3005 2385 ἐκεῖ
3034 2330 3271 2402 εἴρηται,
3303 2330 3385 2396 ὡς
3412 2328 3597 2399 ἡμεῖς,
3624 2327 3681 2397 ἦ.

2108 2427 2188 2493 ὡς
2212 2426 2347 2496 ἐγὼ,
2389 2426 2523 2481 ἀλλά
2554 2427 2643 2481 διὰ
2675 2425 2767 2479 τὸν
2806 2424 2901 2477 ἕνα
2944 2422 3249 2477 ἐκπεσόντα
3295 2424 3395 2493 τῆς
3431 2420 3686 2493 μακαριό-

2106 2534 2287 2588 τητος,
2328 2517 2416 2571 τό·
2459 2519 2556 2584 Ὠς
2586 2514 2666 2583 εἷς
2708 2517 2778 2579 ἐξ
2810 2515 3009 2583 ἡμῶν,
3042 2514 3117 2577 ὼς
3150 2508 3232 2576 εἷς
3267 2513 3559 2565 πέπτωκε*
3594 2512 3687 2565 καὶ

2112 2610 2355 2681 συνᾴδειν
2386 2628 2473 2681 μοι
2505 2610 2765 2663 δοκεῖκαὶ
2791 2606 2927 2678 μετὰ
2959 2606 3053 2660 τοῦ
3072 2623 3086 2636 ·
3115 2625 3133 2657 ι
3180 2605 3369 2675 Ὑμεῖς
3406 2603 3514 2674 (69)
3538 2603 3595 2656 δὲ
3613 2601 3688 2666 ὡς

2111 2698 2383 2772 ἄνθρωποι
2411 2698 2801 2771 ἀποθνήσκετε,
2827 2698 2919 2750 κα)⁸
2945 2697 3022 2760 ὡς
3046 2690 3127 2759 εἷς
3155 2694 3262 2748 τῶν
3296 2693 3573 2766 ἀρχόντων
3603 2690 3690 2743 πί-

2113 2805 2308 2843 πτετε·
2350 2809 2368 2842 ι
2402 2788 2661 2842 πλειόνων
2711 2786 2821 2859 γὰρ
2873 2785 3148 2858 ἀρχόντων
3175 2782 3501 2853 γενομένων,
3532 2781 3560 2832 ὁ
3612 2775 3690 2842 εἷς

2114 2880 2423 2946 πέπτωκεν,
2471 2874 2516 2950 ᾧ
2560 2878 2951 2952 παραπλησίως
3000 2874 3327 2947 μιμούμενοι
3352 2873 3450 2944 τὴν
3481 2870 3690 2925 ἐκείνου

2114 2973 2322 3027 πτῶσιν
2359 2972 2645 3025 πίπτουσιν
2680 2972 2731 3025 οἱ
2758 2968 3166 3041 ἁμαρτάνοντες
3185 2982 3199 2996 ’
3239 2965 3317 3029 ὡς
3344 2963 3453 3035 γάρ
3483 2963 3691 3024 ἐκεῖνος

2113 3068 2170 3120 ἐν
2215 3065 2432 3136 θεότητι
2476 3064 2754 3135 τυγχάνων
2783 3063 3090 3125 πέπτωκεν,
3140 3058 3284 3112 οὕτω
3315 3058 3412 3111 καὶ
3437 3054 3569 3126 πρὸς
3597 3052 3692 3115 οὓς

2114 3158 2143 3208 ό
2180 3156 2348 3225 Λόγος
2380 3154 2514 3225 φησὶ
2545 3153 2607 3207 τό
2633 3171 2646 3183 ο
2688 3170 2708 3203 ι
2753 3149 2893 3219 Ἐγὼ
2926 3146 3090 3202 εἴπω
3123 3146 3248 3201 Θεοί
3284 3146 3430 3210 ἐστε,
3464 3143 3554 3196 καὶ
3586 3141 3693 3193 υἱοὶ
3782 3166 3784 3173 ·

432 3250 554 3289 cum
576 3245 759 3290 essent
788 3237 1088 3306 principes,
1116 3249 1257 3289 unus
1290 3234 1433 3300 ruit,
1471 3231 1625 3299 cujus
1652 3234 1864 3287 ruinam
1897 3233 2001 3289 fere

2128 3248 2381 3319 Ὑψίστου
2400 3248 2597 3309 πάντες
2619 3261 2631 3273 ·
2655 3264 2674 3296 ι
2707 3242 3073 3303 ἁποπεσόντες
3094 3238 3151 3292 δέ
3176 3237 3277 3309 τῆς
3295 3233 3695 3308 μακαριότητος

435 3326 710 3384 imitantes
737 3338 1077 3398 peccatores,
1112 3328 1255 3383 illius
1283 3328 1440 3383 ruina
1487 3335 1673 3381 ruunt.
1747 3325 1818 3383 Ut
1862 3328 2009 3382 enim

436 3421 523 3476 ille
543 3421 597 3476 in
622 3422 902 3476 divinitate
923 3419 1195 3477 exsistens
1217 3422 1347 3487 ruit,
1373 3420 1452 3476 sic
1475 3426 1530 3474 et
1552 3418 1588 3473 ii
1611 3420 1807 3489 quibus
1832 3434 2012 3475 sermo

437 3515 527 3569 ille
549 3515 768 3584 inquit:
806 3533 826 3567 ι
861 3515 971 3584 Ego
1006 3514 1160 3569 dixi:
1226 3512 1309 3567 Dii
1359 3513 1530 3578 estis,
1574 3522 1631 3568 et
1677 3511 1773 3566 filii
1802 3513 2011 3570 Excelsi

437 3621 627 3662 omnes
649 3606 717 3661 ⁸⁸.
756 3626 774 3661 ι
833 3609 968 3663 Cum
1024 3596 1205 3663 autem
1241 3606 1539 3663 ceciderint
1578 3621 1606 3659 a
1658 3608 2010 3673 beatitudine,

439 3715 561 3753 etim
594 3698 971 3770 principaliter
1012 3715 1116 3753 non
1150 3708 1334 3755 essent
1386 3699 1635 3754 homines
1657 3739 1673 3763 ,
1707 3698 2014 3754 moriuntur

438 3790 593 3855 quasi
623 3789 889 3856 homines,
915 3799 971 3844 et
993 3789 1150 3860 quasi
1174 3804 1313 3845 unus
1339 3804 1406 3845 ex
1429 3790 1764 3860 principibus
1787 3790 2008 3845 cadunt.

439 3875 703 3933 Existimo
730 3894 859 3935 vero
887 3880 1051 3935 etiam
1080 3895 1201 3935 cttm
1233 3880 1596 3935 admiratione
1647 3879 1789 3936 dicta
1843 3879 2016 3934 fuisse

440 3969 556 4023 haec
590 3971 756 4025 verba
783 3971 878 4026 tali
910 3986 1073 4027 sensu
1105 3987 1119 4023 :
1158 3970 1262 4039 Qui
1305 3986 1390 4026 me
1425 3972 1740 4041 proditurus
1766 3979 1871 4035 est,
1905 3984 2012 4024 non

438 4067 521 4113 est
547 4059 755 4116 alienus
781 4077 811 4115 a
838 4062 1122 4133 discipulis
1150 4062 1307 4126 meis,
1340 4077 1404 4116 ac
1434 4078 1504 4117 ne
1529 4076 1669 4116 unus
1696 4060 1912 4129 quidem
1944 4075 2013 4115 ex

438 4149 623 4204 multis
646 4161 703 4207 et
741 4152 1054 4222 vulgaribus
1084 4152 1384 4222 discipulis,
1417 4154 1512 4207 sed
1540 4167 1681 4207 unus
1702 4166 1771 4206 ex
1798 4150 2012 4206 illorum

440 4243 809 4310 apostolorum
847 4259 1075 4299 numero
1101 4258 1239 4314 quos
1284 4259 1384 4313 ego
1418 4246 1547 4299 mihi
1573 4244 1892 4299 honorando
1922 4242 2017 4296 deo

443 4335 701 4405 legeram.
738 4338 914 4404 Atque
935 4334 1088 4390 multi
1118 4336 1335 4405 quidem
1365 4338 1454 4407 qui
1478 4336 1665 4392 Jesum
1687 4336 2016 4391 condemna-

445 4435 606 4491 runt,
635 4427 823 4482 dicunt
855 4444 869 4479 :
906 4445 925 4479 ι
961 4427 1271 4498 Cruciﬁge,
1304 4429 1562 4498 crucifige
1600 4444 1725 4483 eum
1760 4427 1841 4496 ⁸⁸,
1882 4447 1901 4480 ι
1936 4437 2014 4493 et,

2119 3340 2180 3393 οὐ
2224 3336 2648 3410 προηγουμένως
2692 3335 2845 3396 ὄντες
2898 3332 3215 3403 ἄνθρωποι,
3271 3328 3691 3397 ἀποθνήσκουσι,

2120 3436 2215 3490 καὶ
2254 3435 2329 3497 ὡς
2357 3426 2439 3496 εἷς
2466 3431 2575 3484 τῶν
2617 3429 2892 3501 ἀρχόντων
2934 3426 3215 3478 πίπτουσι.
3263 3418 3490 3491 Νομίζω
3514 3418 3566 3471 δὲ
3599 3418 3697 3470 καὶ

2120 3522 2508 3598 θαυμαστικῶς
2537 3519 2786 3594 εἰρῆσθαι
2814 3517 3039 3590 τοιούτῳ
3071 3515 3147 3587 νῷ
3176 3513 3237 3569 τὸ
3262 3512 3553 3584 λεγόμενον
3572 3527 3587 3540 ’
3638 3509 3696 3561 ὐ

2120 3616 2458 3692 παραδώσων
2507 3632 2574 3686 με
2625 3614 2725 3668 οὐκ
2776 3610 3056 3680 ἀλλότριος
3097 3607 3207 3662 τῶν
3255 3605 3407 3678 ἐμῶν

2120 3683 2287 3773 ἐστιν,
2339 3705 2454 3760 ἀλλ’
2493 3683 2612 3757 οὐδὲ
2641 3698 2720 3767 εἷς
2751 3700 2859 3754 τῶν
2884 3699 3094 3753 πολλῶν
3133 3694 3413 3768 μαθητῶν,
3454 3690 3590 3745 ἀλλὰ
3618 3683 3693 3751 εἷς

2120 3796 2229 3850 τῶν
2260 3797 2321 3849 ἐν
2352 3794 2548 3865 ἐκλογῇ
2589 3810 2678 3864 μοι
2718 3789 3096 3861 τετιμημένων
3133 3784 3468 3840 ἀποστόλων.
3504 3778 3695 3833 Πολλοὶ

2124 3888 2222 3959 μὲν
2255 3882 2347 3941 οῦν
2379 3882 2874 3955 καταψηφιζόμενοι
2914 3879 3009 3934 τοῦ
3053 3877 3228 3949 Ἰησοῦ
3259 3892 3423 3946 φασι·
3463 3892 3482 3925 ι
3520 3870 3693 3925 Σταύ-

2125 3996 2240 4052 ρου,
2270 3978 2502 4046 σταύρου
2536 3976 2717 4040 αὐτὸν,
2756 3993 2775 4026 ι
2823 3972 2948 4027 καί·
2990 3975 3031 4024 ι’
3055 3967 3187 4041 Αἶρε
3216 3969 3327 4022 ἀπὸ
3357 3967 3452 4038 τῆς
3476 3965 3576 4035 γῆς
3603 3963 3695 4015 τὸν

2122 4068 2359 4123 τοιοῦτον
2375 4083 2389 4096 ’
2413 4086 2432 4118 ›
2452 4067 2512 4121 τὸ
2532 4066 2588 4120 δέ
2606 4062 2939 4137 παραδοῦναι
2961 4060 3122 4116 αὐτὸν
3140 4060 3299 4130 ἔργον
3321 4053 3391 4129 ἦν
3408 4055 3501 4110 τοῦ
3523 4055 3694 4124 ἑωρα-

2122 4162 2277 4224 κότος
2324 4158 2420 4212 κα).
2460 4155 2775 4227 νενοηκότος
2817 4151 2977 4207 αὐτόν
2998 4168 3010 4179 ·
3058 4148 3377 4204 διδάσκαλον
3405 4145 3508 4218 γὰρ
3532 4142 3694 4197 αὐτὸν

2122 4252 2485 4322 ἐπιστάμενος
2511 4249 2620 4302 τῶν
2656 4244 2988 4318 τηλικούτων
3018 4243 3111 4296 καὶ
3143 4240 3414 4294 τοσούτων
3446 4236 3553 4309 (70)
3586 4253 3691 4307 μα-

2123 4344 2403 4417 θημάτων,
2436 4342 2472 4395 ὃ.
2503 4342 2623 4395 κατ’
2652 4338 2785 4393 ἰδίαν
2824 4334 2962 4409 μετὰ
2992 4335 3102 4388 τῶν
3130 4331 3440 4388 ἀποστόλων
3471 4331 3689 4400 ἢκουσε,

2123 4437 2215 4490 καὶ
2243 4433 2447 4507 Κύριον
2471 4433 2632 4486 αὐτὸν
2658 4428 2834 4493 είδὼς,
2861 4427 3135 4499 παραδοὺς
3168 4425 3280 4495 (7i)
3302 4423 3483 4481 αὑτὸν,
3506 4421 3535 4472 ὃ
3554 4420 3695 4486 ἔγνω

447 4535 464 4565 ι
503 4514 655 4572 Tolle
684 4517 831 4573 hunc
855 4529 1063 4573 eterra
1094 4518 1176 4583 9°;
1215 4536 1234 4570 ι
1272 4529 1329 4571 at
1356 4534 1478 4572 eum
1522 4519 1738 4574 tradere
1789 4531 1925 4587 opus
1952 4517 2001 4570 il-

2126 4526 2352 4598 μέγεθος
2392 4522 2556 4578 αὐτοῦ
2585 4520 2921 4592 παρέδωκεν,
2949 4519 3051 4571 οὐκ
3083 4517 3151 4570 ἂν
3181 4516 3505 4584 ποιήσαντος
3536 4510 3693 4563 τοῦτὸ

445 4609 548 4665 lius
597 4610 700 4666 fuit
739 4610 832 4680 qui
882 4610 1019 4666 vidit
1068 4621 1121 4665 et
1146 4610 1403 4679 cognovit
1436 4625 1558 4688 eum
1596 4609 1825 4665 :talium
1870 4610 2001 4663 enim

2118 4638 2263 4686 τινος
2302 4620 2364 4673 τὸ
2406 4616 2636 4689 μέγεθος
2680 4613 2842 4668 αὐτοῦ
2884 4611 2957 4684 μὴ
3007 4609 3442 4682 τεθεωρηκότος·
3476 4604 3569 4658 τὸν
3596 4603 3691 4673 μὲν

443 4712 827 4771 tantarumque
851 4701 1286 4772 disciplinarum,
1314 4715 1452 4771 quas
1482 4701 1713 4755 seorsim
1740 4716 1864 4755 cum
1890 4715 2001 4770 apo

2119 4712 2230 4782 γὰρ
2262 4711 2435 4783 μέγαν
2468 4706 2871 4779 παραδέδωκεν,
2907 4703 2967 4756 οὐ
3003 4702 3139 4757 καθὸ
3176 4700 3350 4772 μέγας
3379 4696 3543 4760 ἐστὶν,
3573 4695 3695 4747 ἐπεὶ

439 4793 593 4849 stolis
617 4793 886 4858 audierat,
937 4808 1061 4849 cum
1114 4794 1285 4849 sciret
1326 4807 1449 4846 eum
1496 4802 1883 4863 praeceptorem
1907 4831 1924 4858 ,
1956 4806 2001 4846 at

2120 4804 2194 4875 μὴ
2226 4801 2330 4857 εἶδε
2367 4803 2501 4857 καθὸ
2536 4800 2709 4873 μέγας
2737 4797 2911 4852 ἐστίν·
2949 4798 2979 4849 ὁ
3010 4796 3067 4849 δὲ
3096 4795 3191 4848 καὶ
3226 4788 3413 4864 μαθὼν
3444 4788 3559 4853 πῶς
3598 4786 3693 4857 μὲ-

442 4885 726 4941 Dominum
762 4900 885 4940 cum
915 4885 1250 4958 agnovisset,
1293 4888 1529 4955 prodens
1561 4899 1709 4950 eum,
1751 4886 2001 4956 magnitu-

2115 4913 2218 4964 γας
2245 4890 2333 4966 ἦν,
2381 4896 2477 4948 καὶ
2524 4890 2798 4966 ἀκροατὴς
2825 4890 3117 4959 γενόμενος
3145 4885 3241 4940 τοῦ
3286 4882 3551 4956 μεγέθους
3594 4877 3693 4946 τῆς

442 4976 624 5031 dinem
660 4976 827 5042 illius,
859 4993 1020 5047 quam
1053 4987 1229 5041 norat,
1260 4976 1518 5048 prodidit,
1550 4990 1674 5030 cum
1708 4976 1887 5031 nullus
1918 4978 2001 5046 qui

2116 4988 2173 5041 ἐν
2205 4987 2351 5058 αὐτῷ
2380 4986 2589 5055 σοφίας,
2617 4985 2712 5039 καὶ
2743 4982 2922 5052 λόγου,
2953 4980 3048 5034 καὶ
3076 4978 3318 5051 χάριτος,
3347 4977 3439 5029 κα)⁵
3464 4971 3693 5045 προδοὺς

441 5068 867 5138 magnitudinem
882 5067 1031 5123 illius
1053 5084 1157 5122 non
1173 5067 1420 5133 vidisset,
1442 5078 1665 5122 acturus
1686 5065 1878 5121 fuisset
1893 5068 2001 5122 hoc.

2124 5079 2284 5133 αὐτὸν
2324 5077 2629 5148 προέδωκεν
2674 5075 2734 5128 οὐ
2770 5072 2890 5126 καθ’
2938 5071 3060 5124 ὅλον
3095 5069 3125 5122 ὃ
3154 5065 3263 5121 εἶδε
3297 5066 3408 5136 (72)
3447 5062 3691 5135 μέγεθος.

440 5157 579 5212 Nam
603 5158 836 5227 prodens
863 5159 1118 5228 proderet
1140 5160 1228 5215 ille
1256 5159 1474 5228 quidem
1504 5172 1794 5227 magnum;
1832 5165 1887 5212 at
1910 5173 2001 5213 nor

2122 5166 2222 5221 Διά
2258 5166 2416 5220 τοῦτο
2446 5165 2738 5236 συνέφερεν
2771 5160 2918 5231 αὐτῷ
2951 5160 3002 5212 εί
3039 5158 3113 5230 μὴ
3141 5154 3428 5226 ἐγεννήθη,
3464 5152 3569 5204 εἴτε
3597 5148 3696 5218 τὴν

444 5246 497 5300 in
521 5255 782 5316 quantum
824 5257 907 5302 est
944 5263 1203 5319 magnus,
1232 5264 1354 5303 cum
1389 5247 1573 5304 Jesum
1617 5264 1724 5304 non
1748 5257 1933 5304 nosset
1960 5249 2001 5303 it:

2122 5260 2222 5332 τῆς
2270 5258 2687 5327 παλιγγενεσίας
2727 5255 2938 5325 γένεσιν
2963 5293 2979 5317 ,
3021 5252 3097 5316 ὡς
3153 5250 3219 5304 ἂν
3278 5242 3568 5318 βαθύτερόν
3615 5258 3695 5304 τις

508 5407 559 5481 δέ
591 5405 784 5461 Matth.
815 5422 965 5481 xxvi,
997 5409 1092 5467 M;
1140 5408 1330 5481 Marc.
1359 5408 1598 5481 xtvLSS.
1676 5411 1721 5442 ⁸⁵
1750 5408 1882 5464 Luc.
1902 5425 1946 5476 ι,
1975 5411 2001 5465 Ξ

2106 5415 2186 5470 52.
2262 5417 2310 5450 ⁸⁸
2333 5415 2471 5472 Gen.
2504 5430 2587 5479 tu,
2615 5414 2707 5469 22.
2784 5413 2830 5445 ⁸⁷
2846 5410 3047 5467 Psalm.
3071 5423 3261 5473 LXXII,
3287 5406 3342 5462 7.
3416 5404 3460 5437 ⁸⁸
3480 5403 3609 5458 ibid.
3638 5403 3694 5458 6.

444 5477 488 5508 ⁸³
526 5476 656 5532 Luc.
685 5492 845 5544 χχιιι,
876 5477 967 5532 2|.
1045 5480 1093 5510 ⁹⁰
1120 5480 1242 5534 Act.
1280 5494 1416 5546 mi,
1444 5478 1536 5534 22.

520 5614 632 5686 (66)
677 5617 831 5671 Ἐπί.
860 5616 1018 5674 Deest
1049 5620 1103 5673 in
1136 5618 1328 5676 codice
1358 5619 1559 5690 Regio.

520 5682 627 5739 l6‘li
668 5687 814 5739 Ἐπί.
845 5685 1009 5739 Deest
1038 5688 1091 5739 in
1124 5689 1312 5739 codice
1350 5690 1545 5739 Regio.

2203 5620 2316 5739 (70)
2346 5619 2529 5675 Codex
2554 5597 2780 5686 Regius,
2813 5610 3208 5695 τηλικοῦ-τῶνδε
3233 5611 3330 5695 καὶ
3359 5605 3608 5662 τοσῶνδε.

2230 5694 2317 5739 7n
2345 5689 2489 5739 Idem
2522 5690 2693 5739 codex
2731 5687 2954 5739 Rectus.
2987 5680 3338 5739 παραδιδους.

666 5687 814 5762 Ἐπί.
845 5685 1009 5762 D_eest
1038 5688 1091 5742 in
1121 5689 1312 5762 codice
1350 5680 1545 5762 Regio.
1603 5761 1610 5762 ί
1661 5759 1670 5762 _
1752 5758 1810 5762 __
1966 5755 1992 5762 _

2205 5680 2954 5762 ’71)!tlettt_000€x_Begiiis’
2987 5680 3338 5762 Ξτέιραδίῶῥῖ·
3385 5750 3419 5762 ·-
3521 5746 3537 5758 ο

654 5756 839 5835 βρύει
875 5757 1077 5835 Regius
1120 5759 1315 5835 habet,
1359 5750 1509 5835 ἐν.νῇ
1556 5759 1717 5835 adeo;
1751 5758 1888 5829 ὓψω,
1924 5755 2001 5835 τῷ

2203 5750 2317 5835 (72)
2345 5759 2536 5835 Proof)
2569 5757 2691 5835 καθ’
2720 5750 2840 5835 ὅλον
2868 5753 2914 5835 ’ὃ
2941 5750 3094 5835 fids,
3123 5750 3491 5835 quoddegift‘ur
3521 5750 3573 5801 in
3605 5762 3697 5799 ro-

512 5822 626 5896 (69)
652 5825 796 5881 Idem
823 5822 994 5882 code}
1025 5826 1247 5894 Regius,
1279 5822 1353 5893 ὡς
1379 5822 1758 5902 εἷς,”συνᾴδειν
1798 5822 1896 5900 ’μοι
1939 5822 1996 5881 δὲ

509 5898 532 5948 ἴ
559 5897 807 5950 καὶμετά
836 5896 897 5949 τιό
917 5912 929 5926 ’
976 5896 1183 5950 Ὑμεῖς.

2134 5822 2254 5892 dice
2284 5822 2600 5896 Bodleiano,
2624 5827 2827 5898 Regius
2864 5824 3029 5881 habet
3059 5826 3085 5876 ὁ
3115 5822 3328 5885 Λουκᾶς
3362 5822 3481 5873 aias.

444 5911 529 5949 κει
559 5911 653 5950 και
669 5911 807 5967 μετα
836 5911 897 5949 το
917 5912 929 5926 ’
980 5911 1025 5948 ‘1
1046 5912 1183 5966 μεις.
