3804 6554
108 453 199 510 795
1095 440 1449 515 COMMENT.
1486 455 1554 510 IN
1591 454 1784 512 JOAN.
1821 454 2062 513 TOMUS
2098 460 2314 517 xxx".

3221 473 3323 524 7‘le

108 568 308 626 ἀκούσαι
324 566 455 639 (75),
476 566 584 621 εἴτε
598 567 693 622 κει)⁸
713 544 812 640 τήν
839 569 1141 641 κοινότερον
1165 573 1457 643 νοουμένην
1479 589 1493 604 ⁸
1526 573 1648 644 περὶ

1754 584 2014 642 quantum
2058 592 2330 647 magnum.
2373 578 2441 633 At
2464 593 2594 635 vero
2623 581 2708 636 hic
2746 582 2836 651 qui
2863 583 3157 651 didicerat,
3189 603 3324 656 quo-

107 661 161 735 ἧς
189 665 215 715 δ
236 661 570 733 πραγμάτων
593 660 786 714 ἑαυτὸν
814 660 1173 716 ἀπαλλάττειν
1200 663 1366 717 θέλων
1384 704 1398 728 ,
1428 667 1522 718 καὶ
1550 664 1648 735 ζη-

107 757 255 825 τήσας
268 753 351 806 ὅτι.
380 747 426 821 ᾧ
446 752 747 825 συμφέρει,
773 753 888 807 δντι
916 755 1202 825 συμφέρει,
1232 757 1325 809 καὶ
1349 756 1651 828 ὑπονοήσας

107 846 189 897 οὐκ
212 843 274 896 ἀν
316 843 392 913 μὴ
420 841 534 895 ὄντι
559 842 668 911 (74)
692 842 842 913 αὐτῴ
875 843 1193 915 συνέφερεν,
1221 846 1313 898 ἐπὶ
1344 845 1441 916 τὴν
1467 846 1652 900 δευτέ-

111 948 192 1003 ραν
221 928 488 984 κατελθὼν
515 931 627 1002 (75)
659 931 909 1003 διήγησιν
931 970 945 994 ,
989 930 1205 1003 ἐκείνην
1233 933 1431 1003 μᾶλλον
1475 953 1654 1008 παρα-

106 1020 305 1085 δέξεται.

1759 665 1918 721 modo
1936 667 2006 721 sit
2020 684 2265 739 magnus,
2290 671 2506 726 auditor
2528 671 2703 727 factus
2724 675 3107 742 magnitudinis
3119 683 3327 748 sapien-

1759 758 1864 820 tiae,
1896 774 2015 827 qua:
2043 768 2126 814 est
2153 764 2204 817 in
2228 777 2315 828 eo,
2344 773 2402 818 et
2420 765 2667 829 rationis,
2694 773 2749 820 et
2773 768 2983 836 gratiae,
3012 778 3064 823 et
3086 769 3324 838 prodidit

1755 862 1902 914 eum,
1931 859 1987 903 et
2009 853 2243 919 prodidit
2274 863 2463 920 totam,
2489 870 2647 924 quam
2670 859 2839 923 novit,
2874 859 3322 929 magnitudinem.

1754 937 1917 1011 5,35
1945 941 2094 998 lianc
2133 946 2202 999 ob
2246 961 2469 1002 causam
2514 950 2853 1005 conducebat
2893 951 2968 1006 illi
2999 961 3180 1006 natum
3215 968 3320 1007 non

1758 1031 1926 1087 fuisse
1938 1034 2007 1099 ἰ,
2031 1036 2147 1090 sive
2170 1041 2599 1107 regenerationis
2624 1052 2769 1108 ortu,
2786 1051 2845 1096 ut
2867 1042 3187 1112 profundius
3202 1046 3325 1113 quis

110 1117 428 1188 intelligeret,
455 1118 570 1173 sive
591 1118 695 1173 hoc
715 1119 1073 1174 communiori
1104 1128 1264 1175 ortu:
1289 1122 1356 1175 de
1383 1136 1492 1190 quo
1513 1132 1635 1179 ortu
1661 1126 1921 1184 molestiis
1953 1145 2013 1186 se
2043 1133 2285 1189 eximere
2308 1137 2433 1205 quis
2470 1138 2675 1204 volens,
2703 1154 2824 1194 cum
2849 1141 3154 1210 inquisierit
3181 1142 3324 1212 quod

108 1215 337 1286 quidquid
366 1214 500 1269 utile
527 1223 633 1280 est,
667 1215 799 1271 utile
826 1215 899 1270 sit
923 1218 971 1270 ei
1001 1218 1093 1285 qui
1124 1227 1229 1283 est,
1253 1227 1306 1272 et
1327 1221 1677 1276 considerans
1706 1226 1852 1293 quod
1876 1227 1925 1281 ei
1953 1229 2045 1297 qui
2073 1244 2181 1284 non
2213 1232 2283 1287 sit
2319 1234 2455 1288 nihil
2477 1235 2749 1302 conferat,
2778 1246 2833 1293 et
2854 1239 2987 1294 utile
3019 1239 3110 1305 sit,
3140 1240 3208 1293 ad
3237 1253 3326 1294 se-

107 1310 308 1365 cundant
333 1309 721 1377 expositionem
747 1323 871 1363 cum
902 1309 1198 1374 devenerit,
1231 1310 1372 1365 illam
1410 1314 1580 1383 magis
1606 1316 1882 1385 suscipiet.

163 1421 239 1475 {2.
272 1440 291 1473 ι
322 1420 591 1476 Ἐϐλεπον
624 1421 697 1501 δὲ
724 1424 805 1487 είς
835 1422 1098 1494 ἀλλήλους
1134 1428 1183 1479 οἱ
1218 1426 1486 1499 μαθηταὶ,
1513 1430 1648 1483 ἁπο-

110 1513 328 1583 ρούμενοι
357 1513 485 1582 περὶ
512 1514 655 1577 τίνος
685 1512 853 1581 λέγει.
889 1533 907 1565 ι
933 1515 996 1568 Εἰ
1027 1516 1127 1586 μὲν
1155 1513 1512 1590 προφανὴςῖψ
1538 1522 1650 1583 τοῖς

122 1602 267 1674 Ἰησοῦ
302 1604 568 1676 μαθηταῖς
596 1608 630 1677 ή
675 1604 769 1659 τοῦ
810 1606 976 1660 Ἰούδα
1007 1606 1208 1673 κακία,
1256 1610 1357 1664 κᾶν
1393 1609 1647 1680 ἔγνωστο,

1826 1434 1911 1487 19..
1934 1452 1952 1485 ι
1973 1436 2324 1506 Aspiciebant
2344 1447 2520 1494 autem
2539 1455 2657 1496 sese
2673 1451 2857 1497 mutuo
2874 1442 3144 1511 discipuli,
3161 1443 3322 1497 dubi-

1757 1532 1933 1579 tantes
1949 1528 2016 1581 de
2032 1542 2265 1596 quonam
2287 1530 2489 1585 diceret
2504 1531 2567 1586 ".
2592 1551 2608 1582 ι
2630 1532 2891 1601 Equidem
2916 1533 2959 1588 si
2980 1541 3164 1603 aperta
3192 1532 3321 1587 fuis-

1756 1626 1838 1670 set
1865 1617 2015 1673 Judae
2038 1621 2242 1673 malitia
2272 1619 2395 1676 Jesu
2420 1621 2720 1690 discipulis,
2754 1625 2965 1693 agnitus
2995 1623 3158 1676 etiam
3188 1624 3319 1678 ruis-

110 1696 322 1760 εἰπόντος
348 1696 444 1750 τοῦ
471 1698 739 1769 Σωτῆρος,
770 1698 871 1764 ὅτι,
896 1719 915 1751 ι
948 1694 1043 1764 Εἷς
1066 1700 1125 1766 ἐξ
1155 1701 1308 1771 ὑμῶν
1340 1702 1648 1775 παραδώσει

1754 1716 1837 1762 set
1862 1708 1951 1763 ille
1974 1711 2061 1778 qui
2088 1710 2399 1779 Magistrum
2427 1713 2737 1780 proditurus
2765 1723 2932 1777 esset,
2956 1713 3172 1768 dicente
3194 1713 3323 1767 Ser—

112 1806 165 1858 με
186 1829 199 1850 ,
232 1808 251 1840 t
277 1789 359 1852 τίς
388 1784 461 1860 ἦν
490 1790 520 1842 ό
566 1789 900 1862 παραδώσων
934 1791 1022 1845 τὸν
1043 1792 1399 1847 Διδάσκαλονο
1430 1794 1549 1847 νυνὶ
1592 1796 1648 1848 δὲ

1756 1807 1977 1854 vatore:
2020 1818 2038 1850 ι
2079 1799 2230 1856 Unus
2263 1812 2501 1857 vestrum
2546 1818 2630 1857 me
2659 1802 2972 1870 proditurus
3010 1804 3191 1868 est”;
3222 1822 3239 1853 ι
3269 1813 3323 1857 at

111 1881 360 1950 βλέπουσιν
381 1883 463 1945 είς
486 1880 745 1954 ἀλλήλους
772 1884 821 1937 οἱ
850 1882 1110 1955 μαθηταὶ,
1135 1884 1496 1957 ἀπορούμενοι
1524 1888 1650 1959 περὶ

109 1972 225 2035 τίνος
251 1971 415 2041 λέγει.
452 1974 562 2026 Καὶ
592 1973 702 2046 γὰρ
742 1974 943 2039 Ἰούδας
974 1974 1114 2046 τάχα
1146 1975 1244 2045 μὲν
1284 1977 1347 2029 ἐκ
1388 1976 1650 2048 πρότερον

110 2063 452 2136 χρηστοτέρων
482 2065 746 2119 ἐδυσώπει
776 2067 903 2130 τοὺς
940 2067 1269 2132 ἀποστόλους
1300 2068 1437 2139 πρὸς
1462 2068 1524 2121 τὸ
1549 2087 1653 2141 μη..

110 2153 179 2207 δὲν
208 2155 497 2225 ὑπονοῆσαι
542 2157 670 2226 περὶ
701 2156 865 2211 αὐτοῦ
906 2156 1106 2227 φαῦλον
1131 2175 1144 2188 ⁸
1178 2160 1319 2230 τάχα
1342 2159 1398 2212 δὲ
1439 2160 1649 2212 καὶτοῦ

109 2247 317 2299 διαϐόλου
344 2248 446 2318 ήδη
470 2247 793 2319 βεϐληκότος
818 2250 897 2313 είς
926 2249 1024 2321 τὴν
1042 2249 1288 2322 καρδίαν,
1312 2250 1399 2302 ἵνα
1424 2249 1651 2323 παραδῷ

110 2341 240 2393 αὐτὸν
280 2340 479 2405 Ἰούδας
506 2340 745 2412 Σίμωνος
780 2339 1162 2413 Ἰσκαριώτης,
1196 2342 1294 2395 οὐκ
1336 2337 1405 2413 ἧν
1431 2342 1528 2413 τῆς
1557 2360 1652 2395 πο-

110 2431 266 2502 νηρίας
309 2430 511 2495 ἐξολῶν
549 2432 683 2503 (76)
710 2448 724 2462 ⁸
768 2431 1067 2502 λείμματος
1117 2431 1227 2504 γάρ
1279 2433 1651 2504 προαιρέσεως

111 2522 282 2594 ἀγαθῆς
308 2523 642 2594 ὑπάρχοντος
684 2523 743 2576 ὲν
784 2523 932 2594 αὐτῷ
956 2566 971 2590 ,
1016 2522 1172 2587 ἰδὼν,
1205 2525 1285 2578 ὅτι
1329 2525 1647 2596 κατεκρίθη,

111 2614 237 2680 tum
255 2615 509 2687 δήσαντες
544 2615 704 2669 αὑτὸν
733 2615 1037 2687 ἀπήγαγον,
1074 2616 1169 2670 καὶ
1197 2617 1519 2688 παρέδωκαν
1549 2619 1648 2671 Πι-

108 2706 222 2777 λὲτῳ
248 2707 320 2777 τῷ
346 2707 611 2779 ἡγεμόνι,
659 2726 678 2758 ι
719 2706 1118 2778 μεταμεληθεὶς
1150 2707 1379 2779 ἔστρεφε
1403 2708 1471 2762 τὰ
1494 2710 1650 2780 τριά-

110 2816 237 2851 κοντα
256 2799 492 2870 ἀργύρια
520 2802 632 2863 τοῖς
655 2798 970 2871 ἀρχιερεῦσι
999 2799 1092 2853 καὶ
1117 2799 1529 2871 πρεσϐυτέροις,
1559 2801 1649 2853 λέ-

110 2907 195 2957 γων
214 2908 227 2922 ⁸
256 2892 538 2963 Ἥμαρτον
566 2891 843 2962 παραδοὺς
868 2886 1007 2961 αἷμα
1033 2890 1208 2945 ἀθῶον
1232 2908 1245 2922 ⁸
1278 2911 1296 2943 ι
1335 2893 1444 2956 ὅτε,
1469 2892 1650 2946 εἰπόν-

111 2998 192 3034 των
219 2980 386 3034 αὐτῶν
405 2996 420 3010 ⁸
457 2999 476 3030 ι
512 2980 577 3033 Τί
606 2980 741 3051 πρὸς
767 2982 916 3051 ἡμᾶς
940 2997 956 3045 ;
993 2980 1057 3034 σὺ
1217 2997 1232 3011 ⁸
1261 2980 1421 3053 ῥίψας
1457 3000 1474 3033 ι
1508 2983 1538 3034 ὁ
1563 2998 1649 3050 φι-

1755 1907 1898 1945 nnnc
1945 1893 2228 1948 intuentur
2257 1909 2377 1949 sese
2412 1905 2597 1949 mutuo
2627 1895 2901 1965 discipuli,
2933 1898 3239 1952 dubitantes
3257 1899 3323 1951 de

1752 1998 1861 2053 quo
1892 1983 2120 2041 diceret.
2150 1984 2322 2041 Judas
2354 1987 2552 2041 etenim
2584 1986 2817 2042 fortasse
2859 1988 3077 2058 quidem
3123 2001 3191 2042 ex
3241 1988 3324 2042 his

1752 2090 1871 2145 quae
1900 2085 2061 2132 antea
2108 2090 2258 2134 recte
2305 2088 2513 2150 egerat,
2558 2092 2909 2150 persuaserat
2947 2079 3208 2151 apostolis
3264 2091 3324 2134 ut

1753 2169 1888 2224 nihil
1919 2173 1984 2225 de
2015 2170 2109 2225 illo
2132 2171 2540 2240 suspicarentur
2574 2173 2700 2226 mali
2728 2189 2741 2224 :
2783 2172 3012 2226 fortasse
3036 2188 3165 2227 vero
3188 2187 3323 2227 non-

1752 2263 1876 2316 dum
1911 2260 2080 2317 Judas
2113 2263 2300 2316 Simon
2326 2262 2613 2319 Iscariotes
2642 2264 2869 2332 perdita:
2919 2265 3140 2318 malitim
3183 2273 3323 2329 erat,

1750 2354 1961 2409 etiamsi
2006 2354 2250 2409 diabolus
2293 2354 2407 2426 jam
2463 2356 2777 2413 immisisset
2834 2358 2886 2410 in
2932 2372 3028 2411 cor
3064 2340 3221 2413 illius
3268 2366 3322 2410 ιιι

1751 2446 2004 2514 proderet
2042 2444 2249 2510 Iesum,
2277 2446 2521 2515 reliquiis
2544 2446 2842 2500 etiamnum
2865 2447 3249 2501 exsistentihns
3271 2448 3324 2500 in

1753 2539 1869 2608 ipso
1903 2539 2027 2594 boni
2055 2539 2337 2608 propositi,
2363 2539 2563 2608 quibus
2595 2554 2718 2593 cum
2751 2539 3114 2609 perspexisset
3143 2536 3323 2592 Jesum

1750 2630 2188 2691 condemnatum,
2233 2632 2451 2700 quando
2489 2631 2716 2700 ligatum
2750 2645 2878 2684 eum
2906 2631 3245 2685 abduxerunt
3272 2638 3324 2682 et

1752 2720 2091 2773 tradiderunt
2117 2719 2288 2774 Pilato
2322 2719 2561 2789 prmsidi,
2593 2739 2611 2770 ι
2643 2719 2978 2787 pcenitudine
3017 2719 3210 2771 ductus
3242 2731 3326 2770 re-

1752 2811 1877 2865 tulit
1914 2812 2129 2881 triginta
2159 2821 2453 2880 argenteos
2485 2810 2823 2882 principibus
2873 2810 3237 2871 sacerdotum,
3270 2819 3325 2860 et

1750 2905 2078 2969 senioribus,
2105 2905 2330 2961 dicens:
2363 2904 2587 2959 Peccavi
2627 2904 2848 2958 tradens
2880 2902 3197 2971 sanguinem
3241 2898 3325 2953 in-

1752 3006 2074 3064 nocentem;
2107 3017 2125 3048 ι
2165 2997 2383 3066 quando
2409 3007 2464 3051 et
2503 2997 2808 3051 dicentibus
2838 2994 2974 3049 illis:
3014 3012 3032 3047 ι
3079 2994 3216 3061 Quid
3257 2993 3323 3043 :nl

110 3072 336 3145 λάργυρος
361 3073 564 3136 Ἰούδας
594 3092 613 3125 ι
643 3072 712 3126 τὰ
739 3073 997 3145 ἀργύρια,
1025 3072 1273 3128 ἀπελθὼν
1298 3072 1600 3145 ἀπήγξατο,
1626 3093 1645 3125 ι

1758 3088 1897 3141 nos?
1933 3096 1984 3141 tu
2010 3088 2241 3155 videris;
2268 3088 2522 3157 proiectis
2550 3087 2821 3157 argenteis
2853 3105 2870 3138 ›
2900 3084 3087 3149 Judas,
3111 3083 3322 3153 argenti

113 3165 217 3235 μηδὲ
243 3165 560 3237 περιμείνας
590 3167 716 3219 ἰδεῖν
739 3165 833 3219 τοῦ
872 3166 999 3237 περὶ
1025 3167 1117 3220 τὸν
1153 3165 1359 3237 Ἰησοῦν
1386 3166 1534 3237 παρά
1565 3167 1647 3238 τῷ

114 3255 288 3327 Πιλάτῳ
318 3256 586 3329 κρίματος
618 3256 678 3309 τὺ
708 3255 879 3318 τέλος.
927 3255 1038 3308 Καὶ
1084 3254 1307 3324 γέγονεν
1344 3255 1490 3326 αύτῷ
1524 3251 1647 3309 οὔτε

113 3346 285 3422 καθαρά
313 3347 423 3401 ἀπὸ
468 3347 738 3421 ἁμαρτίας
772 3346 1026 3419 μετάνοια
1052 3389 1066 3413 ,
1094 3345 1217 3399 οὔτε
1246 3346 1485 3418 ἄκρατος
1513 3349 1648 3422 πρός

111 3432 509 3514 τιχρηστότερον
537 3444 570 3512 ἠ
600 3439 850 3513 πονηρία⁸
878 3441 926 3493 εί
963 3441 1059 3511 μὲν
1080 3440 1189 3511 γάρ
1215 3438 1470 3513 καθαρῶς
1494 3459 1650 3513 μετε-

112 3534 218 3601 νόει,
255 3537 345 3590 καὶ
397 3535 478 3599 ὡς
515 3536 545 3588 ὁ
572 3533 772 3606 λῃστὴς
801 3532 1003 3587 εἰπών’
1037 3551 1056 3584 ι
1080 3533 1362 3605 Μνήσθητί
1394 3552 1515 3604 μου,
1553 3537 1651 3607 Ἰη-

114 3625 203 3689 sou,
228 3627 347 3680 ὅταν
376 3627 539 3698 ἔλθῃς
572 3628 629 3679 ὲν
660 3627 725 3696 τῇ
754 3624 997 3696 βασιλείᾳ
1026 3640 1141 3688 σου,
1175 3643 1192 3675 ι
1230 3624 1543 3696 προσελθὼν
1570 3625 1650 3697 τῷ

112 3716 282 3788 Σωτῆρι
307 3717 482 3771 ἐποίει
522 3714 590 3769 τὰ
635 3717 766 3787 παρ’
803 3713 999 3777 αὐτοῦ,
1030 3713 1167 3785 πρὸς
1193 3712 1256 3765 τὺ
1302 3710 1648 3778 ἐξιλάσασθαι

111 3809 236 3862 αὑτὸν
278 3811 366 3864 ἐπὶ
414 3812 486 3880 τῇ
551 3808 803 3881 φθασάσῃ
847 3805 1128 3876 γεγονέναι
1179 3805 1452 3878 προδόσει.
1501 3807 1564 3859 Ei
1593 3806 1649 3860 δὲ

271 3900 365 3972 τὴν
392 3899 490 3954 τοῦ
513 3898 675 3953 καλοῦ
713 3898 924 3952 εύνοιαν
950 3895 1288 3966 ἐξεληλακὼς
1309 3893 1378 3968 ἦν
1397 3898 1497 3969 τῆς
1525 3900 1651 3952 ἑαυ-

112 3989 181 4043 τοῦ
212 3990 396 4062 ψυχῆς,
430 3989 545 4043 ούτ’
578 3989 645 4043 ἂν
679 3986 1020 4060 μετεμελήθη
1055 3987 1198 4051 ίδὼν,
1231 3988 1314 4040 ὅτι
1346 3987 1645 4060 κατεκρίθη

111 4081 322 4153 ὀἸησοῦς
343 4100 356 4114 ⁸
381 4082 521 4136 ἀλλά
552 4082 645 4135 καὶ
675 4078 985 4152 προσετίθει
1015 4079 1081 4132 ἂν
1113 4079 1304 4148 λόγους
1325 4077 1649 4151 κατηγορῶν

113 4174 239 4226 αὐτοῦ
278 4176 556 4244 συγγενεῖς
604 4175 670 4243 τῇ
722 4171 1010 4243 προδοσίᾳ·
1049 4170 1185 4224 ἀλλά
1233 4171 1326 4224 καὶ
1361 4170 1647 4224 ἀπολαύων

115 4263 163 4317 ἂν
187 4267 250 4331 ὠς
269 4267 597 4339 φιλάργυρος
631 4260 705 4320 ὧν
732 4265 890 4318 ἔλαϐε
914 4264 1205 4336 τριάκοντα
1232 4263 1528 4336 ἀργυρίων,
1550 4263 1647 4336 τὴν

70 4354 73 4359 ’
113 4356 239 4427 τιμὴν
264 4357 350 4410 τοῦ
382 4356 748 4427 τετιμημένου
764 4394 779 4418 ,
804 4351 915 4408 οὔτ’
942 4353 1008 4406 ἂν
1034 4349 1390 4405 ἐϐουλεύσατο
1418 4350 1646 4405 ἀπώσα-

1752 3178 1868 3248 ipse
1898 3179 2146 3247 cupidus,
2188 3198 2205 3229 ι
2236 3180 2424 3234 abiens
2450 3178 2648 3249 laqueo
2691 3193 2750 3233 se
2794 3176 3157 3246 suspendit”,
3188 3194 3205 3225 ι
3257 3190 3324 3227 ne

1750 3270 1936 3323 videre
1956 3269 2172 3340 quidem
2197 3280 2521 3341 exspectans
2538 3269 2725 3339 iudicii
2760 3270 2920 3324 finem
2947 3268 3010 3323 de
3032 3266 3156 3322 Jesu
3183 3266 3323 3336 apud

1749 3361 2000 3416 Pontium
2034 3362 2295 3419 Pilatum.
2327 3362 2513 3434 Neque
2542 3361 2629 3418 hic
2662 3361 2878 3419 sincere.
2908 3376 2936 3413 a
2976 3368 3198 3428 peccato
3239 3373 3324 3411 re-

1751 3454 1933 3522 sipuit,
1964 3468 2139 3523 neque
2164 3453 2269 3507 fuit
2300 3452 2458 3518 huius
2488 3454 2690 3507 malitia
2722 3436 2788 3507 ad
2820 3451 3023 3522 aliquid
3052 3449 3177 3505 boni
3217 3448 3322 3503 itu-

1752 3560 1883 3611 pos;
1927 3544 1969 3597 si
2004 3544 2150 3597 enim
2183 3545 2395 3598 sincere
2428 3543 2774 3613 resipuisset,
2807 3542 2972 3596 etiam
3009 3540 3231 3611 perinde
3259 3553 3324 3592 ac

1752 3634 1892 3688 latro
1931 3633 2022 3687 ille
2046 3632 2140 3702 qui
2166 3632 2338 3685 dixit:
2371 3652 2389 3683 ι
2427 3632 2696 3686 Memento
2733 3632 2859 3697 mei,
2911 3631 3154 3692 Domine,
3200 3629 3322 3680 dum

1751 3725 1968 3779 veneris
2006 3728 2058 3777 in
2090 3736 2309 3793 regnum
2347 3732 2498 3777 tuum
2520 3723 2586 3789 ”,
2620 3742 2638 3773 ι
2675 3722 2742 3775 ad
2786 3721 3130 3776 Servatorem
3165 3733 3323 3771 acce-

1751 3819 1884 3869 dens
1926 3814 2146 3868 fecisset
2179 3829 2298 3882 quae
2325 3815 2389 3867 ad
2425 3814 2602 3883 ipsum
2632 3812 2996 3882 pertinebant,
3041 3819 3099 3861 ut
3137 3807 3321 3863 Iesum

1736 3904 2026 3974 placatum
2074 3905 2328 3957 redderet
2374 3904 2444 3957 ob
2472 3903 2853 3971 proditionem,
2880 3914 2997 3966 quae
3024 3900 3134 3967 jam
3186 3912 3320 3965 prac-

1748 4003 2009 4050 cesserat.
2043 3993 2195 4060 Quod
2221 3993 2265 4046 si
2291 4008 2422 4047 vero
2445 3993 2667 4046 omnino
2701 3989 2998 4059 expulisset
3036 3988 3103 4042 ab
3143 3988 3320 4039 anima

1748 4102 1845 4142 sua
1872 4086 1996 4141 boni
2020 4087 2318 4149 notionem,
2345 4086 2760 4153 haudquaquam
2794 4080 3108 4149 resipuisset
3134 4079 3319 4131 videns

1749 4177 1931 4234 Jesum
1961 4181 2423 4235 condemnatum:
2472 4177 2580 4230 imo
2612 4176 2760 4228 illum
2796 4188 3062 4229 accusans
3084 4172 3318 4227 addidis-

1749 4278 1830 4323 set
1862 4282 2143 4322 sermones
2166 4266 2371 4321 similes
2406 4262 2885 4336 proditionizquin
2919 4263 3082 4316 etiam
3113 4262 3321 4322 fruens,

1748 4371 1845 4412 ceu
1880 4357 2092 4427 argenti
2126 4355 2383 4425 cupidus,
2435 4352 2710 4423 argenteis
2753 4350 2998 4419 triginta,
3048 4361 3183 4417 quos
3227 4360 3321 4399 ac-

116 4446 209 4501 σθαι
229 4449 290 4503 τά
315 4449 575 4521 ἀργύρια,
598 4446 709 4500 οὔτ’
742 4447 807 4501 ἂν
838 4446 1099 4518 ἔστρεψεν
1129 4445 1271 4500 αὐτὰ
1308 4447 1420 4508 τοῖς
1456 4445 1646 4515 ἀρχιε-

1753 4448 2224 4517 ceperatpretium
2264 4445 2579 4516 appretiati,
2611 4458 2788 4512 neque
2818 4440 3083 4495 voluisset
3124 4453 3309 4509 argen-

116 4540 340 4609 ρεῦσικαὶ
364 4541 788 4616 πρεσϐυτέροις,
821 4540 932 4595 οὔτ’
967 4541 1033 4594 ἂν
1075 4541 1161 4593 ἐπ’
1196 4540 1374 4594 αὐτῶν
1420 4540 1643 4594 ἐκείνων

113 4630 534 4709 ἐξωμολογήσατο,
567 4635 733 4690 αὑτοῦ
775 4635 870 4707 μὲν
896 4632 1237 4704 κατηγορῶν,
1264 4632 1355 4687 τὸν
1383 4632 1647 4686 Διδάσκα-

113 4723 181 4777 λον
212 4727 262 4780 δὲ
284 4727 640 4800 ἐγκωμιάζων
665 4726 776 4800 (77)
804 4728 862 4781 ὲν
883 4724 962 4796 τῷ
984 4743 996 4755 ·
1027 4725 1342 4796 «Ἥμαρτον
1371 4723 1648 4796 παραδοὺς

114 4808 220 4885 αἷμα
248 4816 465 4873 δίκαιον.
503 4838 523 4870 ι
568 4816 729 4871 Ἀλλά
774 4817 867 4871 καὶ
904 4816 964 4870 τὸ
995 4814 1339 4885 ἀπάγξασθαι
1370 4816 1532 4870 αὑτὸν
1556 4816 1640 4868 οὐ·

115 4906 197 4972 δεὶς
219 4909 359 4976 ἄλλος
381 4910 657 4981 ἐποίησεν,
680 4909 714 4982 ἢ
737 4911 766 4963 ό
797 4908 1075 4980 βεϐληκὼς
1100 4908 1263 4962 αὑτοῦ
1290 4909 1371 4972 είς
1398 4908 1495 4980 τὴν
1511 4927 1647 4981 καρ-

115 4997 234 5065 δίαν,
262 5003 343 5056 ἵνα
394 5001 623 5074 παραδῷ
659 5001 752 5054 τὺν
798 5001 1026 5073 Σωτῆρα
1068 4999 1212 5072 (78)·
1244 5000 1340 5054 καὶ
1378 5001 1538 5054 τόπον
1580 5018 1645 5070 γε

118 5091 208 5143 κατ’
235 5092 508 5164 ἀμφότερα
550 5091 718 5146 ἔδωκε
775 5092 850 5163 τῷ
883 5090 1134 5163 διαϐόλῳ.
1193 5090 1380 5145 Ταῦτα
1420 5091 1478 5145 δὲ
1506 5091 1647 5145 κατά

118 5173 300 5249 δύναμιν
323 5179 823 5252 ὲπεξειργασάμην,
849 5180 965 5250 ἅμα
995 5181 1093 5252 μὲν
1114 5180 1384 5252 παριστὰς
1406 5182 1520 5246 τοῖς
1543 5182 1649 5236 oio-

169 5317 207 5349 "
238 5317 417 5391 Matth.
446 5335 598 5391 xxvi,
622 5321 717 5382 24;
754 5321 921 5380 Marc.
956 5338 1069 5389 xiv,
1089 5322 1180 5378 21.

123 5398 245 5452 xxtu,
269 5390 355 5445 42.

174 5523 266 5603 (Β)
299 5529 594 5603 ᾉκούσρι.
626 5530 789 5603 Deest
817 5530 870 5603 in
902 5531 1089 5603 codice
1116 5530 1304 5603 Regio.

298 5599 469 5654 Editio
503 5601 702 5662 Iluetii,
725 5601 889 5667 male,
922 5601 1094 5665 ὄντος.

177 5665 271 5739 (:15)
291 5670 618 5724 Κατελθών.
662 5672 821 5726 Deest
856 5665 909 5725 in
936 5673 1124 5727 codice
1162 5670 1353 5739 Regio.

144 5800 149 5808 ,
175 5735 573 5812 (76),Ἐξο.πών.
597 5741 686 5796 Sic
714 5742 929 5797 videtur
958 5742 1153 5812 legisse
1184 5735 1467 5797 Pe'rionius
1491 5759 1507 5808 ;
1527 5757 1650 5796 ver-

125 5807 172 5851 ιιι
217 5808 368 5872 enim,
424 5830 441 5861 ι
476 5812 710 5881 perditae
768 5807 1224 5880 complorataque
1278 5813 1644 5881 improbitatis

127 5886 206 5926 mn
243 5889 365 5932 erat.
411 5901 427 5931 ι
470 5879 755 5936 Ferrarius
801 5879 930 5937 vero
975 5879 1208 5950 Ita-gebat,
1250 5884 1303 5937 ui
1357 5879 1540 5944 fallor,
1582 5880 1641 5945 ἐξ

1285 5324 1330 5355 ³³
1357 5321 1517 5379 Joan.
1548 5341 1670 5394 xm,
1702 5326 1792 5382 22.
1867 5327 1914 5360 ”
1950 5326 2083 5382 ibid.
2122 5326 2214 5381 21.

1754 4551 1870 4595 teos
1895 4541 2201 4611 projicere;
2235 4553 2410 4608 neque
2444 4538 2718 4594 retulisset
2743 4551 2838 4590 eos
2864 4535 3201 4604 principibus
3233 4548 3319 4587 sa-

1750 4632 2031 4686 cerdotum
2078 4641 2134 4687 et
2159 4630 2325 4703 436
2359 4629 2712 4685 senioribus:
2756 4642 2933 4696 neque
2984 4640 3167 4680 coram
3217 4621 3324 4675 illis

1752 4722 1884 4793 ipsis
1915 4732 2196 4793 peccatum
2220 4738 2374 4777 suum
2417 4721 2595 4775 fassus
2635 4719 2827 4774 fuisset
2870 4719 3108 4785 seipsum
3161 4727 3322 4767 accu-

1752 4830 1900 4882 sans,
1928 4825 1981 4869 et
2004 4814 2319 4884 Magistrum
2348 4815 2574 4869 laudans
2598 4813 2833 4868 dicendo
2860 4834 2871 4866 :
2908 4828 2928 4861 ι
2959 4805 3187 4862 Peccavi
3210 4813 3315 4856 trav

1747 4907 1882 4962 dens
1914 4908 2230 4977 sanguinem
2251 4906 2513 4976 justuma
2549 4905 2688 4972 Quin
2733 4904 2896 4958 etiam
2920 4898 3213 4970 praifocare
3240 4909 3313 4949 sc-

1749 4997 1931 5067 ipsum
1968 4996 2170 5067 laqueo
2200 5012 2359 5053 nemo
2386 4998 2523 5052 alius
2551 4994 2791 5057 fecisset,
2823 4999 3022 5062 prmter
3048 4985 3195 5041 illum
3233 4982 3327 5050 qui

1750 5089 1805 5143 in
1835 5105 1931 5144 cur
1977 5105 2137 5145 suum
2182 5091 2425 5146 misisset
2474 5099 2529 5142 ut
2565 5088 2821 5158 proderet
2848 5080 3216 5138 Servatorem.
3249 5079 3323 5131 Ac

1748 5180 1996 5251 profecto
2024 5183 2077 5236 in
2107 5183 2353 5253 utrisque
2379 5178 2708 5236 deditJudas
2733 5176 2911 5231 locum
2940 5171 3177 5228 diabolo.
3203 5169 3314 5227 Ca:-

2316 5326 2363 5359 ”
2397 5322 2586 5378 Matth.
2630 5335 2765 5384 xvtt,
2820 5319 2855 5373 ὅ
2901 5329 3015 5384 seq.
3106 5311 3153 5344 "
3192 5310 3304 5366 Luc

1759 5531 1916 5596 ὅλων.
1945 5533 1988 5586 si
2023 5532 2241 5601 quidem
2271 5531 2437 5602 vertit
2473 5546 2516 5585 τι
2553 5528 3055 5602 uondunrprorsus
3088 5535 3131 5602 ει.
3170 5519 3311 5602 mali-

1759 5604 1829 5656 tia
1859 5591 2215 5671 dcpcndebat.
2261 5621 2280 5653 ι
2314 5600 2572 5671 Neutrum
2605 5598 2740 5671 satis
2771 5591 2945 5671 placet
2973 5591 3215 5656 ﬂuetio;
3245 5600 3319 5642 αιι

1761 5667 1942 5727 tamen
1964 5674 2168 5728 rectius
2195 5672 2410 5726 videtur
2436 5670 2629 5738 legisse
2662 5667 2966 5738 l’erionius.

1828 5743 1939 5809 (77)
1979 5744 2158 5797 Codex
2201 5742 2423 5811 Regius,
2452 5736 2547 5794 κάι
2580 5736 2959 5811 ἐγκωμιάζων.

1824 5808 1935 5885 (78)
1974 5812 2114 5869 Idem
2144 5808 2310 5868 codei
2346 5811 2561 5881 ltegius,
2606 5808 2830 5881 Ἰησοῦν.
