  <div class='ocr_page' id='page_1' title='image "/cluster/home/n/w/nwhite01/storage/ocr_20150623/14/hvd.32044024333478/405.png"; bbox 0 0 3784 6544; ppageno 0'>
   <div class='ocr_carea' id='block_1_1' title="bbox 411 414 519 467">
    <p class='ocr_par' dir='ltr' id='par_1_1' title="bbox 411 414 519 467">
     <span class='ocr_line' id='line_1_1' title="bbox 411 414 519 467; baseline -0.037 1"><span class='ocrx_word' id='word_1_1' title='bbox 411 414 519 467; x_wconf 70' lang='lat' dir='ltr'><strong>‘lsa</strong></span> 
     </span>
    </p>
   </div>
   <div class='ocr_carea' id='block_1_2' title="bbox 1891 400 2210 458">
    <p class='ocr_par' dir='ltr' id='par_1_2' title="bbox 1891 400 2210 458">
     <span class='ocr_line' id='line_1_2' title="bbox 1891 400 2210 458; baseline 0.003 -2"><span class='ocrx_word' id='word_1_2' title='bbox 1891 400 2210 458; x_wconf 78' lang='lat' dir='ltr'><strong>ORIGENIS</strong></span> 
     </span>
    </p>
   </div>
   <div class='ocr_carea' id='block_1_3' title="bbox 3586 411 3679 463">
    <p class='ocr_par' dir='ltr' id='par_1_3' title="bbox 3586 411 3679 463">
     <span class='ocr_line' id='line_1_3' title="bbox 3586 411 3679 463; baseline 0.043 -4"><span class='ocrx_word' id='word_1_3' title='bbox 3586 411 3679 463; x_wconf 63' lang='grc' dir='ltr'>τοι)</span> 
     </span>
    </p>
   </div>
   <div class='ocr_carea' id='block_1_4' title="bbox 420 517 2000 599">
    <p class='ocr_par' dir='ltr' id='par_1_4' title="bbox 420 517 1993 589">
     <span class='ocr_line' id='line_1_4' title="bbox 420 517 1993 589; baseline -0.004 -10"><span class='ocrx_word' id='word_1_4' title='bbox 420 536 594 579; x_wconf 81' lang='lat' dir='ltr'><strong>terum</strong></span> <span class='ocrx_word' id='word_1_5' title='bbox 628 522 742 576; x_wconf 72' lang='lat' dir='ltr'><strong>lizec</strong></span> <span class='ocrx_word' id='word_1_6' title='bbox 776 534 874 589; x_wconf 94' lang='lat' dir='ltr'><strong>pro</strong></span> <span class='ocrx_word' id='word_1_7' title='bbox 924 517 1131 573; x_wconf 85' lang='lat' dir='ltr'><strong>viribus</strong></span> <span class='ocrx_word' id='word_1_8' title='bbox 1179 525 1436 573; x_wconf 79' lang='lat' dir='ltr'><strong>accurate.</strong></span> <span class='ocrx_word' id='word_1_9' title='bbox 1470 518 1729 588; x_wconf 85' lang='lat' dir='ltr'><strong>inquisivi</strong></span> <span class='ocrx_word' id='word_1_10' title='bbox 1766 535 1781 573; x_wconf 87' lang='lat'><strong>:</strong></span> <span class='ocrx_word' id='word_1_11' title='bbox 1831 520 1993 575; x_wconf 86' lang='lat' dir='ltr'><strong>simul</strong></span> 
     </span>
    </p>
   </div>
   <div class='ocr_carea' id='block_1_5' title="bbox 2142 517 3677 599">
    <p class='ocr_par' dir='ltr' id='par_1_5' title="bbox 2142 518 3677 599">
     <span class='ocr_line' id='line_1_5' title="bbox 2142 518 3677 599; baseline 0.005 -27"><span class='ocrx_word' id='word_1_12' title='bbox 2142 520 2281 584; x_wconf 81' lang='grc' dir='ltr'>ένοις</span> <span class='ocrx_word' id='word_1_13' title='bbox 2305 519 2416 591; x_wconf 85' lang='grc'>(79)</span> <span class='ocrx_word' id='word_1_14' title='bbox 2446 518 2608 574; x_wconf 79' lang='grc' dir='ltr'>αὑτὸν</span> <span class='ocrx_word' id='word_1_15' title='bbox 2633 520 2792 593; x_wconf 78' lang='grc' dir='ltr'>φύσει</span> <span class='ocrx_word' id='word_1_16' title='bbox 2820 523 3104 592; x_wconf 83' lang='grc' dir='ltr'>γεγονέναι</span> <span class='ocrx_word' id='word_1_17' title='bbox 3137 525 3493 581; x_wconf 73' lang='grc' dir='ltr'><strong>ἀνεπίδεκτον</strong></span> <span class='ocrx_word' id='word_1_18' title='bbox 3519 543 3677 599; x_wconf 79' lang='grc' dir='ltr'>σωτη-</span> 
     </span>
    </p>
   </div>
   <div class='ocr_carea' id='block_1_6' title="bbox 417 608 1989 679">
    <p class='ocr_par' dir='ltr' id='par_1_6' title="bbox 417 608 1989 679">
     <span class='ocr_line' id='line_1_6' title="bbox 417 608 1989 679; baseline -0.004 -10"><span class='ocrx_word' id='word_1_19' title='bbox 417 613 712 669; x_wconf 86' lang='lat' dir='ltr'><strong>ostendens</strong></span> <span class='ocrx_word' id='word_1_20' title='bbox 742 612 827 666; x_wconf 88' lang='lat' dir='ltr'><strong>his</strong></span> <span class='ocrx_word' id='word_1_21' title='bbox 850 613 944 679; x_wconf 86' lang='lat' dir='ltr'><strong>qui</strong></span> <span class='ocrx_word' id='word_1_22' title='bbox 972 608 1165 664; x_wconf 70' lang='lat' dir='ltr'><strong>ludam</strong></span> <span class='ocrx_word' id='word_1_23' title='bbox 1210 609 1602 665; x_wconf 84' lang='lat' dir='ltr'><strong>existimabant</strong></span> <span class='ocrx_word' id='word_1_24' title='bbox 1646 609 1836 665; x_wconf 90' lang='lat' dir='ltr'><strong>salutis</strong></span> <span class='ocrx_word' id='word_1_25' title='bbox 1883 626 1989 666; x_wconf 86' lang='lat' dir='ltr'><strong>non</strong></span> 
     </span>
    </p>
   </div>
   <div class='ocr_carea' id='block_1_7' title="bbox 418 700 1990 775">
    <p class='ocr_par' dir='ltr' id='par_1_7' title="bbox 418 700 1990 775">
     <span class='ocr_line' id='line_1_7' title="bbox 418 700 1990 775; baseline -0.003 -15"><span class='ocrx_word' id='word_1_26' title='bbox 418 719 677 775; x_wconf 82' lang='lat' dir='ltr'><strong>capacem</strong></span> <span class='ocrx_word' id='word_1_27' title='bbox 713 718 837 759; x_wconf 85' lang='lat' dir='ltr'><strong>esse</strong></span> <span class='ocrx_word' id='word_1_28' title='bbox 866 712 1087 767; x_wconf 86' lang='lat' dir='ltr'><strong>natura,</strong></span> <span class='ocrx_word' id='word_1_29' title='bbox 1114 700 1273 757; x_wconf 89' lang='lat' dir='ltr'><strong>talem</strong></span> <span class='ocrx_word' id='word_1_30' title='bbox 1308 718 1415 756; x_wconf 89' lang='lat' dir='ltr'><strong>non</strong></span> <span class='ocrx_word' id='word_1_31' title='bbox 1443 717 1595 757; x_wconf 84' lang='lat' dir='ltr'><strong>esse:</strong></span> <span class='ocrx_word' id='word_1_32' title='bbox 1633 701 1794 757; x_wconf 85' lang='lat' dir='ltr'><strong>simul</strong></span> <span class='ocrx_word' id='word_1_33' title='bbox 1826 702 1990 757; x_wconf 90' lang='lat' dir='ltr'><strong>etiam</strong></span> 
     </span>
    </p>
   </div>
   <div class='ocr_carea' id='block_1_8' title="bbox 420 794 1993 866">
    <p class='ocr_par' dir='ltr' id='par_1_8' title="bbox 420 794 1993 866">
     <span class='ocr_line' id='line_1_8' title="bbox 420 794 1993 866; baseline -0.001 -15"><span class='ocrx_word' id='word_1_34' title='bbox 420 810 697 866; x_wconf 74' lang='lat' dir='ltr'><strong>exponens</strong></span> <span class='ocrx_word' id='word_1_35' title='bbox 727 794 1003 864; x_wconf 90' lang='lat' dir='ltr'><strong>quomodo</strong></span> <span class='ocrx_word' id='word_1_36' title='bbox 1034 794 1229 848; x_wconf 86' lang='lat' dir='ltr'><strong>merito</strong></span> <span class='ocrx_word' id='word_1_37' title='bbox 1266 794 1615 849; x_wconf 89' lang='lat' dir='ltr'><strong>intuerentur</strong></span> <span class='ocrx_word' id='word_1_38' title='bbox 1638 809 1760 849; x_wconf 84' lang='lat' dir='ltr'><strong>sese</strong></span> <span class='ocrx_word' id='word_1_39' title='bbox 1807 802 1993 850; x_wconf 87' lang='lat' dir='ltr'><strong>mutuo</strong></span> 
     </span>
    </p>
   </div>
   <div class='ocr_carea' id='block_1_9' title="bbox 420 882 1991 955">
    <p class='ocr_par' dir='ltr' id='par_1_9' title="bbox 420 882 1991 955">
     <span class='ocr_line' id='line_1_9' title="bbox 420 882 1991 955; baseline 0 -16"><span class='ocrx_word' id='word_1_40' title='bbox 420 883 651 955; x_wconf 79' lang='lat' dir='ltr'><strong>apostoli</strong></span> <span class='ocrx_word' id='word_1_41' title='bbox 680 883 750 939; x_wconf 87' lang='lat' dir='ltr'><strong>ob</strong></span> <span class='ocrx_word' id='word_1_42' title='bbox 783 882 993 938; x_wconf 91' lang='lat' dir='ltr'><strong>Domini</strong></span> <span class='ocrx_word' id='word_1_43' title='bbox 1026 897 1358 946; x_wconf 83' lang='lat' dir='ltr'><strong>sermonem,</strong></span> <span class='ocrx_word' id='word_1_44' title='bbox 1397 884 1708 938; x_wconf 84' lang='lat' dir='ltr'><strong>dubitantes</strong></span> <span class='ocrx_word' id='word_1_45' title='bbox 1756 885 1823 939; x_wconf 92' lang='lat' dir='ltr'><strong>de</strong></span> <span class='ocrx_word' id='word_1_46' title='bbox 1852 900 1991 954; x_wconf 81' lang='lat' dir='ltr'><strong>quo-</strong></span> 
     </span>
    </p>
   </div>
   <div class='ocr_carea' id='block_1_10' title="bbox 423 973 1991 1030">
    <p class='ocr_par' dir='ltr' id='par_1_10' title="bbox 423 973 1991 1030">
     <span class='ocr_line' id='line_1_10' title="bbox 423 973 1991 1030; baseline 0.001 -1"><span class='ocrx_word' id='word_1_47' title='bbox 423 991 550 1029; x_wconf 89' lang='lat' dir='ltr'><strong>nam</strong></span> <span class='ocrx_word' id='word_1_48' title='bbox 594 975 850 1030; x_wconf 84' lang='lat' dir='ltr'><strong>diceret:</strong></span> <span class='ocrx_word' id='word_1_49' title='bbox 901 976 996 1029; x_wconf 92' lang='lat' dir='ltr'><strong>sed</strong></span> <span class='ocrx_word' id='word_1_50' title='bbox 1037 973 1277 1028; x_wconf 80' lang='lat' dir='ltr'><strong>sufficiat</strong></span> <span class='ocrx_word' id='word_1_51' title='bbox 1313 974 1378 1028; x_wconf 83' lang='lat' dir='ltr'><strong>ad</strong></span> <span class='ocrx_word' id='word_1_52' title='bbox 1433 974 1825 1030; x_wconf 90' lang='lat' dir='ltr'><strong>ostendendum</strong></span> <span class='ocrx_word' id='word_1_53' title='bbox 1867 991 1991 1030; x_wconf 90' lang='lat' dir='ltr'><strong>eum</strong></span> 
     </span>
    </p>
   </div>
   <div class='ocr_carea' id='block_1_11' title="bbox 421 1065 1991 1133">
    <p class='ocr_par' dir='ltr' id='par_1_11' title="bbox 421 1065 1991 1133">
     <span class='ocr_line' id='line_1_11' title="bbox 421 1065 1991 1133; baseline 0.001 -11"><span class='ocrx_word' id='word_1_54' title='bbox 421 1066 716 1133; x_wconf 88' lang='lat' dir='ltr'><strong>corruisse,</strong></span> <span class='ocrx_word' id='word_1_55' title='bbox 758 1081 881 1121; x_wconf 91' lang='lat' dir='ltr'><strong>cum</strong></span> <span class='ocrx_word' id='word_1_56' title='bbox 922 1076 1149 1121; x_wconf 87' lang='lat' dir='ltr'><strong>sanctus</strong></span> <span class='ocrx_word' id='word_1_57' title='bbox 1197 1075 1365 1131; x_wconf 87' lang='lat' dir='ltr'><strong>esset,</strong></span> <span class='ocrx_word' id='word_1_58' title='bbox 1408 1065 1603 1121; x_wconf 76' lang='lat' dir='ltr'><strong>afferre</strong></span> <span class='ocrx_word' id='word_1_59' title='bbox 1654 1066 1709 1121; x_wconf 92' lang='lat' dir='ltr'><strong>in</strong></span> <span class='ocrx_word' id='word_1_60' title='bbox 1757 1068 1991 1123; x_wconf 88' lang='lat' dir='ltr'><strong>medium</strong></span> 
     </span>
    </p>
   </div>
   <div class='ocr_carea' id='block_1_12' title="bbox 420 1157 1994 1229">
    <p class='ocr_par' dir='ltr' id='par_1_12' title="bbox 420 1157 1994 1229">
     <span class='ocr_line' id='line_1_12' title="bbox 420 1157 1994 1229; baseline 0.002 -16"><span class='ocrx_word' id='word_1_61' title='bbox 420 1160 709 1215; x_wconf 87' lang='lat' dir='ltr'><strong>lectionem</strong></span> <span class='ocrx_word' id='word_1_62' title='bbox 743 1159 1113 1228; x_wconf 88' lang='lat' dir='ltr'><strong>propheticam</strong></span> <span class='ocrx_word' id='word_1_63' title='bbox 1143 1172 1209 1213; x_wconf 84' lang='lat' dir='ltr'><strong>ex</strong></span> <span class='ocrx_word' id='word_1_64' title='bbox 1236 1157 1451 1228; x_wconf 90' lang='lat' dir='ltr'><strong>psalmo</strong></span> <span class='ocrx_word' id='word_1_65' title='bbox 1473 1159 1890 1229; x_wconf 89' lang='lat' dir='ltr'><strong>quadragesimo</strong></span> <span class='ocrx_word' id='word_1_66' title='bbox 1912 1162 1994 1217; x_wconf 87' lang='lat' dir='ltr'><strong>sic</strong></span> 
     </span>
    </p>
   </div>
   <div class='ocr_carea' id='block_1_13' title="bbox 420 1246 1995 1320">
    <p class='ocr_par' dir='ltr' id='par_1_13' title="bbox 420 1246 1995 1320">
     <span class='ocr_line' id='line_1_13' title="bbox 420 1246 1995 1320; baseline 0 -16"><span class='ocrx_word' id='word_1_67' title='bbox 420 1248 708 1304; x_wconf 83' lang='lat' dir='ltr'><strong>habentem</strong></span> <span class='ocrx_word' id='word_1_68' title='bbox 737 1266 751 1303; x_wconf 90' lang='lat'><strong>:</strong></span> <span class='ocrx_word' id='word_1_69' title='bbox 790 1266 809 1300; x_wconf 76' lang='grc' dir='ltr'><strong>ι</strong></span> <span class='ocrx_word' id='word_1_70' title='bbox 835 1248 1045 1303; x_wconf 86' lang='lat' dir='ltr'><strong>Etenim</strong></span> <span class='ocrx_word' id='word_1_71' title='bbox 1088 1249 1250 1301; x_wconf 89' lang='lat' dir='ltr'><strong>homo</strong></span> <span class='ocrx_word' id='word_1_72' title='bbox 1282 1246 1432 1316; x_wconf 89' lang='lat' dir='ltr'><strong>pacis</strong></span> <span class='ocrx_word' id='word_1_73' title='bbox 1466 1263 1618 1315; x_wconf 72' lang='lat' dir='ltr'><strong>mean,</strong></span> <span class='ocrx_word' id='word_1_74' title='bbox 1654 1249 1707 1303; x_wconf 90' lang='lat' dir='ltr'><strong>in</strong></span> <span class='ocrx_word' id='word_1_75' title='bbox 1736 1265 1843 1320; x_wconf 92' lang='lat' dir='ltr'><strong>quo</strong></span> <span class='ocrx_word' id='word_1_76' title='bbox 1872 1266 1995 1320; x_wconf 89' lang='lat' dir='ltr'><strong>spe-</strong></span> 
     </span>
    </p>
   </div>
   <div class='ocr_carea' id='block_1_14' title="bbox 420 1341 1996 1412">
    <p class='ocr_par' dir='ltr' id='par_1_14' title="bbox 420 1341 1996 1412">
     <span class='ocr_line' id='line_1_14' title="bbox 420 1341 1996 1412; baseline 0.002 -15"><span class='ocrx_word' id='word_1_77' title='bbox 420 1342 536 1397; x_wconf 85' lang='lat' dir='ltr'><strong>ravi</strong></span> <span class='ocrx_word' id='word_1_78' title='bbox 567 1381 584 1408; x_wconf 93' lang='lat'><strong>,</strong></span> <span class='ocrx_word' id='word_1_79' title='bbox 611 1341 703 1412; x_wconf 89' lang='lat' dir='ltr'><strong>qui</strong></span> <span class='ocrx_word' id='word_1_80' title='bbox 737 1342 930 1397; x_wconf 85' lang='lat' dir='ltr'><strong>edebat</strong></span> <span class='ocrx_word' id='word_1_81' title='bbox 960 1353 1126 1409; x_wconf 77' lang='lat' dir='ltr'><strong>panes</strong></span> <span class='ocrx_word' id='word_1_82' title='bbox 1170 1352 1320 1393; x_wconf 89' lang='lat' dir='ltr'><strong>meos</strong></span> <span class='ocrx_word' id='word_1_83' title='bbox 1353 1353 1586 1405; x_wconf 87' lang='lat' dir='ltr'><strong>mecum,</strong></span> <span class='ocrx_word' id='word_1_84' title='bbox 1625 1343 1996 1411; x_wconf 83' lang='lat' dir='ltr'><strong>magniﬁcavit</strong></span> 
     </span>
    </p>
   </div>
   <div class='ocr_carea' id='block_1_15' title="bbox 420 1430 1992 1503">
    <p class='ocr_par' dir='ltr' id='par_1_15' title="bbox 420 1430 1992 1503">
     <span class='ocr_line' id='line_1_15' title="bbox 420 1430 1992 1503; baseline 0.005 -18"><span class='ocrx_word' id='word_1_85' title='bbox 420 1448 586 1503; x_wconf 86' lang='lat' dir='ltr'><strong>super</strong></span> <span class='ocrx_word' id='word_1_86' title='bbox 621 1447 707 1488; x_wconf 87' lang='lat' dir='ltr'><strong>me</strong></span> <span class='ocrx_word' id='word_1_87' title='bbox 737 1431 1283 1501; x_wconf 64' lang='lat' dir='ltr'><strong>supplantationem.»</strong></span> <span class='ocrx_word' id='word_1_88' title='bbox 1314 1430 1455 1496; x_wconf 79' lang='lat' dir='ltr'><strong>Quin</strong></span> <span class='ocrx_word' id='word_1_89' title='bbox 1494 1431 1658 1486; x_wconf 89' lang='lat' dir='ltr'><strong>etiam</strong></span> <span class='ocrx_word' id='word_1_90' title='bbox 1686 1434 1815 1489; x_wconf 90' lang='lat' dir='ltr'><strong>illud</strong></span> <span class='ocrx_word' id='word_1_91' title='bbox 1841 1453 1855 1489; x_wconf 88' lang='lat'><strong>:</strong></span> <span class='ocrx_word' id='word_1_92' title='bbox 1888 1454 1908 1488; x_wconf 77' lang='grc' dir='ltr'><strong>ι</strong></span> <span class='ocrx_word' id='word_1_93' title='bbox 1934 1439 1992 1494; x_wconf 82' lang='lat' dir='ltr'><strong>Si</strong></span> 
     </span>
    </p>
   </div>
   <div class='ocr_carea' id='block_1_16' title="bbox 419 1521 1994 1590">
    <p class='ocr_par' dir='ltr' id='par_1_16' title="bbox 419 1521 1994 1590">
     <span class='ocr_line' id='line_1_16' title="bbox 419 1521 1994 1590; baseline 0.004 -12"><span class='ocrx_word' id='word_1_94' title='bbox 419 1523 671 1579; x_wconf 85' lang='lat' dir='ltr'><strong>inimicus</strong></span> <span class='ocrx_word' id='word_1_95' title='bbox 703 1535 855 1577; x_wconf 91' lang='lat' dir='ltr'><strong>meus</strong></span> <span class='ocrx_word' id='word_1_96' title='bbox 880 1521 1143 1577; x_wconf 88' lang='lat' dir='ltr'><strong>conviciis</strong></span> <span class='ocrx_word' id='word_1_97' title='bbox 1192 1536 1280 1576; x_wconf 91' lang='lat' dir='ltr'><strong>me</strong></span> <span class='ocrx_word' id='word_1_98' title='bbox 1330 1522 1663 1590; x_wconf 79' lang='lat' dir='ltr'><strong>incessisset,</strong></span> <span class='ocrx_word' id='word_1_99' title='bbox 1699 1528 1994 1584; x_wconf 85' lang='lat' dir='ltr'><strong>sustinuis-</strong></span> 
     </span>
    </p>
   </div>
   <div class='ocr_carea' id='block_1_17' title="bbox 418 1611 1995 1684">
    <p class='ocr_par' dir='ltr' id='par_1_17' title="bbox 418 1611 1995 1684">
     <span class='ocr_line' id='line_1_17' title="bbox 418 1611 1995 1684; baseline 0.001 -15"><span class='ocrx_word' id='word_1_100' title='bbox 418 1629 533 1669; x_wconf 84' lang='lat' dir='ltr'><strong>sem</strong></span> <span class='ocrx_word' id='word_1_101' title='bbox 569 1613 753 1684; x_wconf 85' lang='lat' dir='ltr'><strong>utique</strong></span> <span class='ocrx_word' id='word_1_102' title='bbox 773 1611 873 1677; x_wconf 71' lang='lat' dir='ltr'><strong>&quot;,i</strong></span> <span class='ocrx_word' id='word_1_103' title='bbox 904 1613 1045 1681; x_wconf 88' lang='lat' dir='ltr'><strong>quod</strong></span> <span class='ocrx_word' id='word_1_104' title='bbox 1071 1611 1138 1664; x_wconf 90' lang='lat' dir='ltr'><strong>ad</strong></span> <span class='ocrx_word' id='word_1_105' title='bbox 1170 1612 1418 1665; x_wconf 86' lang='lat' dir='ltr'><strong>eumdem</strong></span> <span class='ocrx_word' id='word_1_106' title='bbox 1462 1612 1717 1679; x_wconf 80' lang='lat' dir='ltr'><strong>refertur,</strong></span> <span class='ocrx_word' id='word_1_107' title='bbox 1752 1616 1995 1671; x_wconf 83' lang='lat' dir='ltr'><strong>declarat</strong></span> 
     </span>
    </p>
   </div>
   <div class='ocr_carea' id='block_1_18' title="bbox 418 1703 1990 1777">
    <p class='ocr_par' dir='ltr' id='par_1_18' title="bbox 418 1703 1990 1777">
     <span class='ocr_line' id='line_1_18' title="bbox 418 1703 1990 1777; baseline 0.004 -17"><span class='ocrx_word' id='word_1_108' title='bbox 418 1722 542 1761; x_wconf 89' lang='lat' dir='ltr'><strong>eum</strong></span> <span class='ocrx_word' id='word_1_109' title='bbox 574 1721 604 1760; x_wconf 89' lang='lat' dir='ltr'><strong>a</strong></span> <span class='ocrx_word' id='word_1_110' title='bbox 634 1705 901 1777; x_wconf 92' lang='lat' dir='ltr'><strong>principio</strong></span> <span class='ocrx_word' id='word_1_111' title='bbox 931 1703 1210 1760; x_wconf 85' lang='lat' dir='ltr'><strong>inimicum</strong></span> <span class='ocrx_word' id='word_1_112' title='bbox 1247 1718 1349 1757; x_wconf 87' lang='lat' dir='ltr'><strong>non</strong></span> <span class='ocrx_word' id='word_1_113' title='bbox 1381 1704 1568 1761; x_wconf 89' lang='lat' dir='ltr'><strong>fuisse.</strong></span> <span class='ocrx_word' id='word_1_114' title='bbox 1609 1705 1745 1761; x_wconf 80' lang='lat' dir='ltr'><strong>illud</strong></span> <span class='ocrx_word' id='word_1_115' title='bbox 1783 1707 1946 1763; x_wconf 86' lang='lat' dir='ltr'><strong>etiam</strong></span> <span class='ocrx_word' id='word_1_116' title='bbox 1973 1728 1990 1766; x_wconf 86' lang='lat'><strong>:</strong></span> 
     </span>
    </p>
   </div>
   <div class='ocr_carea' id='block_1_19' title="bbox 421 1796 1995 1866">
    <p class='ocr_par' dir='ltr' id='par_1_19' title="bbox 421 1796 1995 1866">
     <span class='ocr_line' id='line_1_19' title="bbox 421 1796 1995 1866; baseline 0.006 -19"><span class='ocrx_word' id='word_1_117' title='bbox 421 1816 442 1847; x_wconf 72' lang='grc' dir='ltr'><strong>ε</strong></span> <span class='ocrx_word' id='word_1_118' title='bbox 470 1797 528 1851; x_wconf 84' lang='lat' dir='ltr'><strong>Si</strong></span> <span class='ocrx_word' id='word_1_119' title='bbox 558 1798 604 1853; x_wconf 90' lang='lat' dir='ltr'><strong>is</strong></span> <span class='ocrx_word' id='word_1_120' title='bbox 636 1798 725 1866; x_wconf 89' lang='lat' dir='ltr'><strong>qui</strong></span> <span class='ocrx_word' id='word_1_121' title='bbox 760 1812 848 1853; x_wconf 91' lang='lat' dir='ltr'><strong>me</strong></span> <span class='ocrx_word' id='word_1_122' title='bbox 890 1798 1097 1863; x_wconf 91' lang='lat' dir='ltr'><strong>oderat,</strong></span> <span class='ocrx_word' id='word_1_123' title='bbox 1142 1796 1435 1851; x_wconf 89' lang='lat' dir='ltr'><strong>adversum</strong></span> <span class='ocrx_word' id='word_1_124' title='bbox 1467 1812 1553 1853; x_wconf 88' lang='lat' dir='ltr'><strong>me</strong></span> <span class='ocrx_word' id='word_1_125' title='bbox 1602 1798 1740 1853; x_wconf 88' lang='lat' dir='ltr'><strong>mala</strong></span> <span class='ocrx_word' id='word_1_126' title='bbox 1780 1797 1995 1857; x_wconf 85' lang='lat' dir='ltr'><strong>locutus</strong></span> 
     </span>
    </p>
   </div>
   <div class='ocr_carea' id='block_1_20' title="bbox 419 1876 2068 1958">
    <p class='ocr_par' dir='ltr' id='par_1_20' title="bbox 419 1876 2068 1958">
     <span class='ocr_line' id='line_1_20' title="bbox 419 1876 2068 1958; baseline 0.002 -18"><span class='ocrx_word' id='word_1_127' title='bbox 419 1886 634 1952; x_wconf 79' lang='lat' dir='ltr'><strong>fuisset,</strong></span> <span class='ocrx_word' id='word_1_128' title='bbox 664 1886 1074 1942; x_wconf 76' lang='lat' dir='ltr'><strong>abscondissem</strong></span> <span class='ocrx_word' id='word_1_129' title='bbox 1100 1903 1186 1943; x_wconf 90' lang='lat' dir='ltr'><strong>me</strong></span> <span class='ocrx_word' id='word_1_130' title='bbox 1218 1887 1447 1942; x_wconf 85' lang='lat' dir='ltr'><strong>forsitan</strong></span> <span class='ocrx_word' id='word_1_131' title='bbox 1479 1887 1548 1941; x_wconf 86' lang='lat' dir='ltr'><strong>ab</strong></span> <span class='ocrx_word' id='word_1_132' title='bbox 1579 1900 1646 1941; x_wconf 92' lang='lat' dir='ltr'><strong>eo</strong></span> <span class='ocrx_word' id='word_1_133' title='bbox 1671 1887 1742 1953; x_wconf 81' lang='grc'><strong>⁸⁷,</strong></span> <span class='ocrx_word' id='word_1_134' title='bbox 1770 1906 1788 1939; x_wconf 77' lang='grc' dir='ltr'><strong>ι</strong></span> <span class='ocrx_word' id='word_1_135' title='bbox 1817 1889 1992 1958; x_wconf 87' lang='lat' dir='ltr'><strong>palam</strong></span> <span class='ocrx_word' id='word_1_136' title='bbox 2026 1876 2068 1930; x_wconf 76' lang='grc' dir='ltr'>Β</span> 
     </span>
    </p>
   </div>
   <div class='ocr_carea' id='block_1_21' title="bbox 416 1977 1995 2050">
    <p class='ocr_par' dir='ltr' id='par_1_21' title="bbox 416 1977 1995 2050">
     <span class='ocr_line' id='line_1_21' title="bbox 416 1977 1995 2050; baseline 0.003 -17"><span class='ocrx_word' id='word_1_137' title='bbox 416 1980 657 2035; x_wconf 87' lang='lat' dir='ltr'><strong>ostendit</strong></span> <span class='ocrx_word' id='word_1_138' title='bbox 682 1979 827 2034; x_wconf 90' lang='lat' dir='ltr'><strong>hunc</strong></span> <span class='ocrx_word' id='word_1_139' title='bbox 853 1978 1148 2048; x_wconf 87' lang='lat' dir='ltr'><strong>aliquando</strong></span> <span class='ocrx_word' id='word_1_140' title='bbox 1179 1978 1434 2034; x_wconf 78' lang='lat' dir='ltr'><strong>dilexisse</strong></span> <span class='ocrx_word' id='word_1_141' title='bbox 1454 1977 1638 2034; x_wconf 86' lang='lat' dir='ltr'><strong>Jesum</strong></span> <span class='ocrx_word' id='word_1_142' title='bbox 1670 1996 1685 2034; x_wconf 90' lang='lat'><strong>:</strong></span> <span class='ocrx_word' id='word_1_143' title='bbox 1730 1995 1796 2036; x_wconf 94' lang='lat' dir='ltr'><strong>eo</strong></span> <span class='ocrx_word' id='word_1_144' title='bbox 1821 1994 1995 2050; x_wconf 87' lang='lat' dir='ltr'><strong>usque</strong></span> 
     </span>
    </p>
   </div>
   <div class='ocr_carea' id='block_1_22' title="bbox 415 2071 1991 2140">
    <p class='ocr_par' dir='ltr' id='par_1_22' title="bbox 415 2071 1991 2140">
     <span class='ocr_line' id='line_1_22' title="bbox 415 2071 1991 2140; baseline 0.001 -13"><span class='ocrx_word' id='word_1_145' title='bbox 415 2073 581 2127; x_wconf 88' lang='lat' dir='ltr'><strong>etiam</strong></span> <span class='ocrx_word' id='word_1_146' title='bbox 601 2071 839 2125; x_wconf 88' lang='lat' dir='ltr'><strong>amando</strong></span> <span class='ocrx_word' id='word_1_147' title='bbox 864 2071 1269 2139; x_wconf 78' lang='lat' dir='ltr'><strong>pervenientem</strong></span> <span class='ocrx_word' id='word_1_148' title='bbox 1299 2078 1355 2125; x_wconf 93' lang='lat' dir='ltr'><strong>ut</strong></span> <span class='ocrx_word' id='word_1_149' title='bbox 1376 2080 1524 2127; x_wconf 87' lang='lat' dir='ltr'><strong>esset</strong></span> <span class='ocrx_word' id='word_1_150' title='bbox 1545 2071 1669 2129; x_wconf 84' lang='lat' dir='ltr'><strong>Jesu</strong></span> <span class='ocrx_word' id='word_1_151' title='bbox 1699 2075 1991 2140; x_wconf 88' lang='lat' dir='ltr'><strong>unanimis,</strong></span> 
     </span>
    </p>
   </div>
   <div class='ocr_carea' id='block_1_23' title="bbox 408 2162 1995 2234">
    <p class='ocr_par' dir='ltr' id='par_1_23' title="bbox 408 2162 1995 2234">
     <span class='ocr_line' id='line_1_23' title="bbox 408 2162 1995 2234; baseline 0.004 -18"><span class='ocrx_word' id='word_1_152' title='bbox 408 2164 562 2232; x_wconf 85' lang='lat' dir='ltr'><strong>juxta</strong></span> <span class='ocrx_word' id='word_1_153' title='bbox 594 2163 726 2219; x_wconf 91' lang='lat' dir='ltr'><strong>illud</strong></span> <span class='ocrx_word' id='word_1_154' title='bbox 754 2182 767 2218; x_wconf 92' lang='lat'><strong>:</strong></span> <span class='ocrx_word' id='word_1_155' title='bbox 806 2183 825 2216; x_wconf 80' lang='grc' dir='ltr'><strong>ι</strong></span> <span class='ocrx_word' id='word_1_156' title='bbox 857 2162 937 2218; x_wconf 84' lang='lat' dir='ltr'><strong>Tu</strong></span> <span class='ocrx_word' id='word_1_157' title='bbox 963 2172 1145 2217; x_wconf 88' lang='lat' dir='ltr'><strong>autem</strong></span> <span class='ocrx_word' id='word_1_158' title='bbox 1177 2164 1340 2220; x_wconf 91' lang='lat' dir='ltr'><strong>homo</strong></span> <span class='ocrx_word' id='word_1_159' title='bbox 1366 2166 1663 2233; x_wconf 88' lang='lat' dir='ltr'><strong>unanimis,</strong></span> <span class='ocrx_word' id='word_1_160' title='bbox 1686 2168 1794 2222; x_wconf 89' lang='lat' dir='ltr'><strong>dux</strong></span> <span class='ocrx_word' id='word_1_161' title='bbox 1818 2182 1995 2234; x_wconf 90' lang='lat' dir='ltr'><strong>meus,</strong></span> 
     </span>
    </p>
   </div>
   <div class='ocr_carea' id='block_1_24' title="bbox 414 2256 1996 2327">
    <p class='ocr_par' dir='ltr' id='par_1_24' title="bbox 414 2256 1996 2327">
     <span class='ocr_line' id='line_1_24' title="bbox 414 2256 1996 2327; baseline 0.003 -18"><span class='ocrx_word' id='word_1_162' title='bbox 414 2266 469 2311; x_wconf 87' lang='lat' dir='ltr'><strong>et</strong></span> <span class='ocrx_word' id='word_1_163' title='bbox 498 2257 843 2311; x_wconf 85' lang='lat' dir='ltr'><strong>necessarius</strong></span> <span class='ocrx_word' id='word_1_164' title='bbox 874 2271 1026 2311; x_wconf 89' lang='lat' dir='ltr'><strong>meus</strong></span> <span class='ocrx_word' id='word_1_165' title='bbox 1052 2256 1149 2309; x_wconf 76' lang='grc'><strong>⁸⁸.»</strong></span> <span class='ocrx_word' id='word_1_166' title='bbox 1173 2256 1391 2327; x_wconf 83' lang='lat' dir='ltr'><strong>Alioqui</strong></span> <span class='ocrx_word' id='word_1_167' title='bbox 1418 2266 1679 2313; x_wconf 83' lang='lat' dir='ltr'><strong>sexcenta</strong></span> <span class='ocrx_word' id='word_1_168' title='bbox 1697 2257 1803 2312; x_wconf 88' lang='lat' dir='ltr'><strong>alia</strong></span> <span class='ocrx_word' id='word_1_169' title='bbox 1841 2259 1996 2313; x_wconf 84' lang='lat' dir='ltr'><strong>inve-</strong></span> 
     </span>
    </p>
   </div>
   <div class='ocr_carea' id='block_1_25' title="bbox 414 2336 1995 2419">
    <p class='ocr_par' dir='ltr' id='par_1_25' title="bbox 414 2336 1995 2419">
     <span class='ocr_line' id='line_1_25' title="bbox 414 2336 1995 2419; baseline 0.004 -20"><span class='ocrx_word' id='word_1_170' title='bbox 414 2349 555 2414; x_wconf 85' lang='lat' dir='ltr'><strong>nias,</strong></span> <span class='ocrx_word' id='word_1_171' title='bbox 605 2362 674 2404; x_wconf 90' lang='lat' dir='ltr'><strong>ex</strong></span> <span class='ocrx_word' id='word_1_172' title='bbox 722 2336 919 2418; x_wconf 79' lang='lat' dir='ltr'><strong>quibus</strong></span> <span class='ocrx_word' id='word_1_173' title='bbox 966 2346 1240 2417; x_wconf 75' lang='lat' dir='ltr'><strong>intelliges</strong></span> <span class='ocrx_word' id='word_1_174' title='bbox 1286 2350 1486 2403; x_wconf 84' lang='lat' dir='ltr'><strong>merito</strong></span> <span class='ocrx_word' id='word_1_175' title='bbox 1525 2349 1827 2419; x_wconf 82' lang='lat' dir='ltr'><strong>discipulos</strong></span> <span class='ocrx_word' id='word_1_176' title='bbox 1872 2365 1995 2405; x_wconf 89' lang='lat' dir='ltr'><strong>sese</strong></span> 
     </span>
    </p>
   </div>
   <div class='ocr_carea' id='block_1_26' title="bbox 417 2440 1991 2512">
    <p class='ocr_par' dir='ltr' id='par_1_26' title="bbox 417 2440 1991 2512">
     <span class='ocr_line' id='line_1_26' title="bbox 417 2440 1991 2512; baseline 0.003 -19"><span class='ocrx_word' id='word_1_177' title='bbox 417 2449 607 2494; x_wconf 90' lang='lat' dir='ltr'><strong>mutuo</strong></span> <span class='ocrx_word' id='word_1_178' title='bbox 646 2440 981 2510; x_wconf 82' lang='lat' dir='ltr'><strong>respexisse,</strong></span> <span class='ocrx_word' id='word_1_179' title='bbox 1024 2441 1336 2496; x_wconf 86' lang='lat' dir='ltr'><strong>dubitantes</strong></span> <span class='ocrx_word' id='word_1_180' title='bbox 1384 2441 1451 2496; x_wconf 93' lang='lat' dir='ltr'><strong>de</strong></span> <span class='ocrx_word' id='word_1_181' title='bbox 1483 2456 1720 2512; x_wconf 87' lang='lat' dir='ltr'><strong>quonam</strong></span> <span class='ocrx_word' id='word_1_182' title='bbox 1762 2442 1991 2497; x_wconf 87' lang='lat' dir='ltr'><strong>diceret.</strong></span> 
     </span>
    </p>
   </div>
   <div class='ocr_carea' id='block_1_27' title="bbox 416 2530 1994 2605">
    <p class='ocr_par' dir='ltr' id='par_1_27' title="bbox 416 2530 1994 2605">
     <span class='ocr_line' id='line_1_27' title="bbox 416 2530 1994 2605; baseline 0.001 -20"><span class='ocrx_word' id='word_1_183' title='bbox 416 2532 589 2587; x_wconf 90' lang='lat' dir='ltr'><strong>Porro</strong></span> <span class='ocrx_word' id='word_1_184' title='bbox 612 2533 784 2588; x_wconf 87' lang='lat' dir='ltr'><strong>Lucas</strong></span> <span class='ocrx_word' id='word_1_185' title='bbox 814 2534 1055 2605; x_wconf 87' lang='lat' dir='ltr'><strong>scripsit,</strong></span> <span class='ocrx_word' id='word_1_186' title='bbox 1084 2549 1207 2588; x_wconf 86' lang='lat' dir='ltr'><strong>cum</strong></span> <span class='ocrx_word' id='word_1_187' title='bbox 1234 2532 1467 2589; x_wconf 77' lang='lat' dir='ltr'><strong>dixisset</strong></span> <span class='ocrx_word' id='word_1_188' title='bbox 1494 2530 1689 2590; x_wconf 70' lang='lat' dir='ltr'><strong>Iesus:</strong></span> <span class='ocrx_word' id='word_1_189' title='bbox 1729 2533 1994 2602; x_wconf 45' lang='lat' dir='ltr'><strong>(Verum-</strong></span> 
     </span>
    </p>
   </div>
   <div class='ocr_carea' id='block_1_28' title="bbox 417 2626 1989 2681">
    <p class='ocr_par' dir='ltr' id='par_1_28' title="bbox 417 2626 1989 2681">
     <span class='ocr_line' id='line_1_28' title="bbox 417 2626 1989 2681; baseline 0.003 -5"><span class='ocrx_word' id='word_1_190' title='bbox 417 2634 597 2680; x_wconf 86' lang='lat' dir='ltr'><strong>tamen</strong></span> <span class='ocrx_word' id='word_1_191' title='bbox 626 2642 694 2681; x_wconf 75' lang='lat'>8|!</span> <span class='ocrx_word' id='word_1_192' title='bbox 728 2641 920 2681; x_wconf 87' lang='lat' dir='ltr'><strong>manus</strong></span> <span class='ocrx_word' id='word_1_193' title='bbox 948 2641 1033 2681; x_wconf 85' lang='lat' dir='ltr'><strong>me</strong></span> <span class='ocrx_word' id='word_1_194' title='bbox 1063 2626 1328 2681; x_wconf 89' lang='lat' dir='ltr'><strong>tradentis</strong></span> <span class='ocrx_word' id='word_1_195' title='bbox 1354 2637 1438 2681; x_wconf 91' lang='lat' dir='ltr'><strong>est</strong></span> <span class='ocrx_word' id='word_1_196' title='bbox 1460 2642 1669 2681; x_wconf 88' lang='lat' dir='ltr'><strong>mecum</strong></span> <span class='ocrx_word' id='word_1_197' title='bbox 1695 2626 1749 2681; x_wconf 93' lang='lat' dir='ltr'><strong>in</strong></span> <span class='ocrx_word' id='word_1_198' title='bbox 1772 2642 1989 2681; x_wconf 87' lang='lat' dir='ltr'><strong>mensa:</strong></span> 
     </span>
    </p>
   </div>
   <div class='ocr_carea' id='block_1_29' title="bbox 413 2718 1991 2790">
    <p class='ocr_par' dir='ltr' id='par_1_29' title="bbox 413 2718 1991 2790">
     <span class='ocr_line' id='line_1_29' title="bbox 413 2718 1991 2790; baseline 0.002 -17"><span class='ocrx_word' id='word_1_199' title='bbox 413 2726 469 2773; x_wconf 91' lang='lat' dir='ltr'><strong>et</strong></span> <span class='ocrx_word' id='word_1_200' title='bbox 502 2718 673 2774; x_wconf 88' lang='lat' dir='ltr'><strong>Filius</strong></span> <span class='ocrx_word' id='word_1_201' title='bbox 695 2720 916 2790; x_wconf 89' lang='lat' dir='ltr'><strong>quidem</strong></span> <span class='ocrx_word' id='word_1_202' title='bbox 948 2720 1181 2774; x_wconf 82' lang='lat' dir='ltr'><strong>hominis</strong></span> <span class='ocrx_word' id='word_1_203' title='bbox 1208 2718 1382 2787; x_wconf 82' lang='lat' dir='ltr'><strong>vadit,</strong></span> <span class='ocrx_word' id='word_1_204' title='bbox 1406 2719 1561 2790; x_wconf 85' lang='lat' dir='ltr'><strong>juxta</strong></span> <span class='ocrx_word' id='word_1_205' title='bbox 1606 2719 1658 2774; x_wconf 91' lang='lat' dir='ltr'><strong>id</strong></span> <span class='ocrx_word' id='word_1_206' title='bbox 1698 2722 1842 2789; x_wconf 89' lang='lat' dir='ltr'><strong>quod</strong></span> <span class='ocrx_word' id='word_1_207' title='bbox 1888 2722 1991 2776; x_wconf 88' lang='lat' dir='ltr'><strong>sibi</strong></span> 
     </span>
    </p>
   </div>
   <div class='ocr_carea' id='block_1_30' title="bbox 414 2810 1994 2881">
    <p class='ocr_par' dir='ltr' id='par_1_30' title="bbox 414 2810 1994 2881">
     <span class='ocr_line' id='line_1_30' title="bbox 414 2810 1994 2881; baseline 0.002 -18"><span class='ocrx_word' id='word_1_208' title='bbox 414 2810 694 2866; x_wconf 74' lang='lat' dir='ltr'><strong>definitum</strong></span> <span class='ocrx_word' id='word_1_209' title='bbox 729 2811 869 2874; x_wconf 91' lang='lat' dir='ltr'><strong>fuit,</strong></span> <span class='ocrx_word' id='word_1_210' title='bbox 925 2820 1306 2865; x_wconf 84' lang='lat' dir='ltr'><strong>verumtamen</strong></span> <span class='ocrx_word' id='word_1_211' title='bbox 1352 2825 1432 2865; x_wconf 69' lang='lat' dir='ltr'><strong>vae</strong></span> <span class='ocrx_word' id='word_1_212' title='bbox 1482 2810 1692 2865; x_wconf 88' lang='lat' dir='ltr'><strong>homini</strong></span> <span class='ocrx_word' id='word_1_213' title='bbox 1743 2811 1841 2876; x_wconf 92' lang='lat' dir='ltr'><strong>illi,</strong></span> <span class='ocrx_word' id='word_1_214' title='bbox 1895 2827 1994 2881; x_wconf 91' lang='lat' dir='ltr'><strong>per</strong></span> 
     </span>
    </p>
   </div>
   <div class='ocr_carea' id='block_1_31' title="bbox 412 2890 1995 2973">
    <p class='ocr_par' dir='ltr' id='par_1_31' title="bbox 412 2890 1995 2973">
     <span class='ocr_line' id='line_1_31' title="bbox 412 2890 1995 2973; baseline 0.001 -17"><span class='ocrx_word' id='word_1_215' title='bbox 412 2917 573 2973; x_wconf 84' lang='lat' dir='ltr'><strong>quem</strong></span> <span class='ocrx_word' id='word_1_216' title='bbox 601 2903 960 2966; x_wconf 74' lang='lat' dir='ltr'><strong>tradetur&quot;,i</strong></span> <span class='ocrx_word' id='word_1_217' title='bbox 995 2890 1294 2971; x_wconf 85' lang='lat' dir='ltr'><strong>discipulos</strong></span> <span class='ocrx_word' id='word_1_218' title='bbox 1321 2902 1557 2973; x_wconf 81' lang='lat' dir='ltr'><strong>coepisse</strong></span> <span class='ocrx_word' id='word_1_219' title='bbox 1600 2902 1744 2957; x_wconf 87' lang='lat' dir='ltr'><strong>inter</strong></span> <span class='ocrx_word' id='word_1_220' title='bbox 1766 2916 1826 2956; x_wconf 90' lang='lat' dir='ltr'><strong>se</strong></span> <span class='ocrx_word' id='word_1_221' title='bbox 1853 2918 1995 2971; x_wconf 70' lang='lat' dir='ltr'><strong>qua:-</strong></span> 
     </span>
    </p>
   </div>
   <div class='ocr_carea' id='block_1_32' title="bbox 416 2990 1994 3063">
    <p class='ocr_par' dir='ltr' id='par_1_32' title="bbox 416 2990 1994 3063">
     <span class='ocr_line' id='line_1_32' title="bbox 416 2990 1994 3063; baseline -0.002 -15"><span class='ocrx_word' id='word_1_222' title='bbox 416 3009 536 3049; x_wconf 91' lang='lat' dir='ltr'><strong>rere</strong></span> <span class='ocrx_word' id='word_1_223' title='bbox 565 2994 812 3063; x_wconf 88' lang='lat' dir='ltr'><strong>quisnam</strong></span> <span class='ocrx_word' id='word_1_224' title='bbox 846 3007 1032 3047; x_wconf 90' lang='lat' dir='ltr'><strong>eorum</strong></span> <span class='ocrx_word' id='word_1_225' title='bbox 1061 3000 1208 3047; x_wconf 88' lang='lat' dir='ltr'><strong>esset</strong></span> <span class='ocrx_word' id='word_1_226' title='bbox 1235 2991 1341 3046; x_wconf 92' lang='lat' dir='ltr'><strong>hoc</strong></span> <span class='ocrx_word' id='word_1_227' title='bbox 1370 2991 1634 3048; x_wconf 87' lang='lat' dir='ltr'><strong>facturus.</strong></span> <span class='ocrx_word' id='word_1_228' title='bbox 1668 2990 1994 3058; x_wconf 77' lang='lat' dir='ltr'><strong>Qmerebant</strong></span> 
     </span>
    </p>
   </div>
   <div class='ocr_carea' id='block_1_33' title="bbox 411 3081 1993 3154">
    <p class='ocr_par' dir='ltr' id='par_1_33' title="bbox 411 3081 1993 3154">
     <span class='ocr_line' id='line_1_33' title="bbox 411 3081 1993 3154; baseline -0.002 -11"><span class='ocrx_word' id='word_1_229' title='bbox 411 3087 558 3143; x_wconf 89' lang='lat' dir='ltr'><strong>enim</strong></span> <span class='ocrx_word' id='word_1_230' title='bbox 591 3089 736 3141; x_wconf 90' lang='lat' dir='ltr'><strong>inter</strong></span> <span class='ocrx_word' id='word_1_231' title='bbox 774 3100 834 3141; x_wconf 90' lang='lat' dir='ltr'><strong>se</strong></span> <span class='ocrx_word' id='word_1_232' title='bbox 861 3085 1179 3140; x_wconf 88' lang='lat' dir='ltr'><strong>dubitantes</strong></span> <span class='ocrx_word' id='word_1_233' title='bbox 1210 3084 1277 3138; x_wconf 92' lang='lat' dir='ltr'><strong>de</strong></span> <span class='ocrx_word' id='word_1_234' title='bbox 1313 3099 1423 3154; x_wconf 89' lang='lat' dir='ltr'><strong>quo</strong></span> <span class='ocrx_word' id='word_1_235' title='bbox 1456 3084 1683 3138; x_wconf 87' lang='lat' dir='ltr'><strong>diceret.</strong></span> <span class='ocrx_word' id='word_1_236' title='bbox 1715 3081 1833 3140; x_wconf 71' lang='lat' dir='ltr'><strong>1am</strong></span> <span class='ocrx_word' id='word_1_237' title='bbox 1863 3099 1993 3140; x_wconf 89' lang='lat' dir='ltr'><strong>vero</strong></span> 
     </span>
    </p>
   </div>
   <div class='ocr_carea' id='block_1_34' title="bbox 2097 609 3674 687">
    <p class='ocr_par' dir='ltr' id='par_1_34' title="bbox 2097 609 3674 687">
     <span class='ocr_line' id='line_1_34' title="bbox 2097 609 3674 687; baseline 0.004 -23"><span class='ocrx_word' id='word_1_238' title='bbox 2097 613 2236 684; x_wconf 85' lang='grc' dir='ltr'>ρίας,</span> <span class='ocrx_word' id='word_1_239' title='bbox 2270 613 2353 665; x_wconf 83' lang='grc' dir='ltr'>ὅτι</span> <span class='ocrx_word' id='word_1_240' title='bbox 2395 613 2456 665; x_wconf 86' lang='grc' dir='ltr'><strong>οὑ</strong></span> <span class='ocrx_word' id='word_1_241' title='bbox 2500 613 2740 677; x_wconf 83' lang='grc' dir='ltr'>τοιοῦτος</span> <span class='ocrx_word' id='word_1_242' title='bbox 2770 609 2869 685; x_wconf 81' lang='grc' dir='ltr'><strong>ἦν·</strong></span> <span class='ocrx_word' id='word_1_243' title='bbox 2913 615 3029 687; x_wconf 70' lang='grc' dir='ltr'><strong>ἅμα</strong></span> <span class='ocrx_word' id='word_1_244' title='bbox 3065 616 3123 669; x_wconf 86' lang='grc' dir='ltr'>δὲ</span> <span class='ocrx_word' id='word_1_245' title='bbox 3164 616 3561 687; x_wconf 85' lang='grc' dir='ltr'>διηγούμενος,</span> <span class='ocrx_word' id='word_1_246' title='bbox 3604 620 3674 672; x_wconf 81' lang='grc' dir='ltr'>ὅτι</span> 
     </span>
    </p>
   </div>
   <div class='ocr_carea' id='block_1_35' title="bbox 2094 702 3707 779">
    <p class='ocr_par' dir='ltr' id='par_1_35' title="bbox 2094 702 3707 779">
     <span class='ocr_line' id='line_1_35' title="bbox 2094 702 3707 779; baseline 0.006 -23"><span class='ocrx_word' id='word_1_247' title='bbox 2094 702 2332 771; x_wconf 80' lang='grc' dir='ltr'><strong>εὐλόγως</strong></span> <span class='ocrx_word' id='word_1_248' title='bbox 2355 703 2406 756; x_wconf 77' lang='grc' dir='ltr'>οἱ</span> <span class='ocrx_word' id='word_1_249' title='bbox 2436 703 2678 775; x_wconf 77' lang='grc' dir='ltr'>μαθηταὶ</span> <span class='ocrx_word' id='word_1_250' title='bbox 2707 706 2800 760; x_wconf 70' lang='grc' dir='ltr'>ἐπὶ</span> <span class='ocrx_word' id='word_1_251' title='bbox 2829 706 2910 776; x_wconf 84' lang='grc' dir='ltr'>τῷ</span> <span class='ocrx_word' id='word_1_252' title='bbox 2934 706 3029 759; x_wconf 88' lang='grc' dir='ltr'><strong>τοῦ</strong></span> <span class='ocrx_word' id='word_1_253' title='bbox 3054 707 3262 779; x_wconf 72' lang='grc' dir='ltr'>Κυρίου</span> <span class='ocrx_word' id='word_1_254' title='bbox 3288 707 3435 777; x_wconf 81' lang='grc' dir='ltr'>λόγῳ</span> <span class='ocrx_word' id='word_1_255' title='bbox 3462 706 3707 765; x_wconf 73' lang='grc' dir='ltr'>ἕϐλεπονι</span> 
     </span>
    </p>
   </div>
   <div class='ocr_carea' id='block_1_36' title="bbox 2092 796 3677 871">
    <p class='ocr_par' dir='ltr' id='par_1_36' title="bbox 2092 796 3677 871">
     <span class='ocr_line' id='line_1_36' title="bbox 2092 796 3677 871; baseline 0.002 -21"><span class='ocrx_word' id='word_1_256' title='bbox 2092 798 2172 860; x_wconf 90' lang='grc' dir='ltr'><strong>είς</strong></span> <span class='ocrx_word' id='word_1_257' title='bbox 2202 796 2465 867; x_wconf 81' lang='grc' dir='ltr'><strong>ἀλλήλους</strong></span> <span class='ocrx_word' id='word_1_258' title='bbox 2485 835 2499 861; x_wconf 90' lang='grc'><strong>,</strong></span> <span class='ocrx_word' id='word_1_259' title='bbox 2531 797 2896 869; x_wconf 76' lang='grc' dir='ltr'><strong>ἀπορούμενοι</strong></span> <span class='ocrx_word' id='word_1_260' title='bbox 2948 799 3075 871; x_wconf 72' lang='grc' dir='ltr'>περὶ</span> <span class='ocrx_word' id='word_1_261' title='bbox 3105 798 3251 862; x_wconf 87' lang='grc' dir='ltr'>τίνος</span> <span class='ocrx_word' id='word_1_262' title='bbox 3286 799 3456 867; x_wconf 86' lang='grc' dir='ltr'>λέγει.</span> <span class='ocrx_word' id='word_1_263' title='bbox 3504 802 3677 871; x_wconf 80' lang='grc' dir='ltr'><strong>’Δρκεί</strong></span> 
     </span>
    </p>
   </div>
   <div class='ocr_carea' id='block_1_37' title="bbox 2090 888 3669 962">
    <p class='ocr_par' dir='ltr' id='par_1_37' title="bbox 2090 888 3669 962">
     <span class='ocr_line' id='line_1_37' title="bbox 2090 888 3669 962; baseline 0.003 -21"><span class='ocrx_word' id='word_1_264' title='bbox 2090 889 2149 942; x_wconf 83' lang='grc' dir='ltr'>δὲ</span> <span class='ocrx_word' id='word_1_265' title='bbox 2177 888 2518 960; x_wconf 79' lang='grc' dir='ltr'><strong>παραθέσθαι</strong></span> <span class='ocrx_word' id='word_1_266' title='bbox 2548 890 2643 941; x_wconf 78' lang='grc' dir='ltr'><strong>καὶ</strong></span> <span class='ocrx_word' id='word_1_267' title='bbox 2676 891 3023 962; x_wconf 82' lang='grc' dir='ltr'>προφητικὴν</span> <span class='ocrx_word' id='word_1_268' title='bbox 3053 890 3200 955; x_wconf 82' lang='grc' dir='ltr'>λέξιν</span> <span class='ocrx_word' id='word_1_269' title='bbox 3228 892 3338 945; x_wconf 77' lang='grc' dir='ltr'><strong>ἀπὺ</strong></span> <span class='ocrx_word' id='word_1_270' title='bbox 3362 891 3459 945; x_wconf 89' lang='grc' dir='ltr'><strong>τοῦ</strong></span> <span class='ocrx_word' id='word_1_271' title='bbox 3489 909 3669 945; x_wconf 77' lang='grc' dir='ltr'>τεσσαο</span> 
     </span>
    </p>
   </div>
   <div class='ocr_carea' id='block_1_38' title="bbox 2096 980 3674 1055">
    <p class='ocr_par' dir='ltr' id='par_1_38' title="bbox 2096 980 3674 1055">
     <span class='ocr_line' id='line_1_38' title="bbox 2096 980 3674 1055; baseline 0.003 -22"><span class='ocrx_word' id='word_1_272' title='bbox 2096 980 2359 1051; x_wconf 84' lang='grc' dir='ltr'>ρακοστοῦ</span> <span class='ocrx_word' id='word_1_273' title='bbox 2390 980 2608 1052; x_wconf 73' lang='grc' dir='ltr'>ψαλμοῦ</span> <span class='ocrx_word' id='word_1_274' title='bbox 2629 1022 2644 1049; x_wconf 84' lang='grc'><strong>,</strong></span> <span class='ocrx_word' id='word_1_275' title='bbox 2681 985 3059 1054; x_wconf 75' lang='grc' dir='ltr'>παριστᾶσαν,</span> <span class='ocrx_word' id='word_1_276' title='bbox 3091 984 3171 1037; x_wconf 86' lang='grc' dir='ltr'>ὅτι</span> <span class='ocrx_word' id='word_1_277' title='bbox 3220 982 3380 1052; x_wconf 75' lang='grc' dir='ltr'>ἅγιος</span> <span class='ocrx_word' id='word_1_278' title='bbox 3414 983 3490 1036; x_wconf 83' lang='grc' dir='ltr'><strong>ὢν</strong></span> <span class='ocrx_word' id='word_1_279' title='bbox 3520 1002 3674 1055; x_wconf 86' lang='grc' dir='ltr'>μετα-</span> 
     </span>
    </p>
   </div>
   <div class='ocr_carea' id='block_1_39' title="bbox 2094 1071 3673 1147">
    <p class='ocr_par' dir='ltr' id='par_1_39' title="bbox 2094 1071 3673 1147">
     <span class='ocr_line' id='line_1_39' title="bbox 2094 1071 3673 1147; baseline 0.002 -21"><span class='ocrx_word' id='word_1_280' title='bbox 2094 1072 2402 1137; x_wconf 82' lang='grc' dir='ltr'><strong>πέπτωκεν,</strong></span> <span class='ocrx_word' id='word_1_281' title='bbox 2436 1071 2558 1125; x_wconf 82' lang='grc' dir='ltr'>ὲπεί</span> <span class='ocrx_word' id='word_1_282' title='bbox 2579 1090 2592 1103; x_wconf 92' lang='grc'><strong>·</strong></span> <span class='ocrx_word' id='word_1_283' title='bbox 2632 1092 2649 1125; x_wconf 77' lang='grc' dir='ltr'><strong>ι</strong></span> <span class='ocrx_word' id='word_1_284' title='bbox 2676 1074 2789 1126; x_wconf 78' lang='grc' dir='ltr'><strong>Καὶ</strong></span> <span class='ocrx_word' id='word_1_285' title='bbox 2814 1073 2924 1146; x_wconf 82' lang='grc' dir='ltr'><strong>γὰρ</strong></span> <span class='ocrx_word' id='word_1_286' title='bbox 2954 1075 2985 1126; x_wconf 85' lang='grc' dir='ltr'>ὁ</span> <span class='ocrx_word' id='word_1_287' title='bbox 3020 1073 3308 1145; x_wconf 76' lang='grc' dir='ltr'>ἄνθρωπος</span> <span class='ocrx_word' id='word_1_288' title='bbox 3330 1075 3432 1145; x_wconf 85' lang='grc' dir='ltr'><strong>τῆς</strong></span> <span class='ocrx_word' id='word_1_289' title='bbox 3461 1078 3673 1147; x_wconf 76' lang='grc' dir='ltr'><strong>εἰρήνης</strong></span> 
     </span>
    </p>
   </div>
   <div class='ocr_carea' id='block_1_40' title="bbox 2097 1164 3673 1237">
    <p class='ocr_par' dir='ltr' id='par_1_40' title="bbox 2097 1164 3673 1237">
     <span class='ocr_line' id='line_1_40' title="bbox 2097 1164 3673 1237; baseline 0.001 -21"><span class='ocrx_word' id='word_1_290' title='bbox 2097 1180 2198 1234; x_wconf 87' lang='grc' dir='ltr'><strong>μου</strong></span> <span class='ocrx_word' id='word_1_291' title='bbox 2218 1202 2233 1227; x_wconf 92' lang='grc'><strong>,</strong></span> <span class='ocrx_word' id='word_1_292' title='bbox 2270 1164 2354 1233; x_wconf 87' lang='grc' dir='ltr'><strong>ἐφ’</strong></span> <span class='ocrx_word' id='word_1_293' title='bbox 2384 1164 2443 1217; x_wconf 85' lang='grc' dir='ltr'><strong>δν</strong></span> <span class='ocrx_word' id='word_1_294' title='bbox 2470 1164 2675 1235; x_wconf 76' lang='grc' dir='ltr'>ἧλπισα</span> <span class='ocrx_word' id='word_1_295' title='bbox 2696 1205 2712 1228; x_wconf 93' lang='grc'><strong>,</strong></span> <span class='ocrx_word' id='word_1_296' title='bbox 2747 1164 2944 1218; x_wconf 85' lang='grc' dir='ltr'>ἐσθίων</span> <span class='ocrx_word' id='word_1_297' title='bbox 2982 1166 3180 1236; x_wconf 78' lang='grc' dir='ltr'><strong>ἄρτους</strong></span> <span class='ocrx_word' id='word_1_298' title='bbox 3214 1182 3318 1237; x_wconf 89' lang='grc' dir='ltr'><strong>μου</strong></span> <span class='ocrx_word' id='word_1_299' title='bbox 3355 1166 3673 1237; x_wconf 71' lang='grc' dir='ltr'>ἐμεγάλυνεν</span> 
     </span>
    </p>
   </div>
   <div class='ocr_carea' id='block_1_41' title="bbox 2094 1253 3675 1327">
    <p class='ocr_par' dir='ltr' id='par_1_41' title="bbox 2094 1253 3675 1327">
     <span class='ocr_line' id='line_1_41' title="bbox 2094 1253 3675 1327; baseline 0.001 -19"><span class='ocrx_word' id='word_1_300' title='bbox 2094 1256 2182 1308; x_wconf 77' lang='grc' dir='ltr'>ἐπ’</span> <span class='ocrx_word' id='word_1_301' title='bbox 2209 1253 2309 1325; x_wconf 80' lang='grc' dir='ltr'><strong>ἐμὲ</strong></span> <span class='ocrx_word' id='word_1_302' title='bbox 2337 1255 2686 1325; x_wconf 87' lang='grc' dir='ltr'>πτερνισμόν·</span> <span class='ocrx_word' id='word_1_303' title='bbox 2713 1274 2732 1305; x_wconf 75' lang='grc' dir='ltr'><strong>ι</strong></span> <span class='ocrx_word' id='word_1_304' title='bbox 2764 1255 2899 1308; x_wconf 85' lang='grc' dir='ltr'><strong>ἀλλά</strong></span> <span class='ocrx_word' id='word_1_305' title='bbox 2924 1256 3018 1308; x_wconf 81' lang='grc' dir='ltr'><strong>καὶ</strong></span> <span class='ocrx_word' id='word_1_306' title='bbox 3046 1255 3108 1307; x_wconf 86' lang='grc' dir='ltr'><strong>τό</strong></span> <span class='ocrx_word' id='word_1_307' title='bbox 3125 1271 3139 1285; x_wconf 74' lang='grc' dir='ltr'><strong>σ</strong></span> <span class='ocrx_word' id='word_1_308' title='bbox 3168 1274 3188 1306; x_wconf 85' lang='grc'><strong><em>‹</em></strong></span> <span class='ocrx_word' id='word_1_309' title='bbox 3216 1256 3281 1307; x_wconf 81' lang='lat' dir='ltr'><strong>El</strong></span> <span class='ocrx_word' id='word_1_310' title='bbox 3304 1254 3501 1327; x_wconf 77' lang='grc' dir='ltr'>ἐχθρὸς</span> <span class='ocrx_word' id='word_1_311' title='bbox 3528 1254 3675 1309; x_wconf 85' lang='grc' dir='ltr'>ὠνεί-</span> 
     </span>
    </p>
   </div>
   <div class='ocr_carea' id='block_1_42' title="bbox 2093 1347 3669 1419">
    <p class='ocr_par' dir='ltr' id='par_1_42' title="bbox 2093 1347 3669 1419">
     <span class='ocr_line' id='line_1_42' title="bbox 2093 1347 3669 1419; baseline 0.002 -19"><span class='ocrx_word' id='word_1_312' title='bbox 2093 1347 2210 1400; x_wconf 82' lang='grc' dir='ltr'>δισέ</span> <span class='ocrx_word' id='word_1_313' title='bbox 2254 1363 2357 1418; x_wconf 88' lang='grc' dir='ltr'><strong>με,</strong></span> <span class='ocrx_word' id='word_1_314' title='bbox 2402 1347 2684 1418; x_wconf 82' lang='grc' dir='ltr'>ὑπήνεγκα</span> <span class='ocrx_word' id='word_1_315' title='bbox 2716 1347 2815 1411; x_wconf 82' lang='grc' dir='ltr'>ἂν,</span> <span class='ocrx_word' id='word_1_316' title='bbox 2857 1367 2875 1398; x_wconf 75' lang='grc' dir='ltr'><strong>ι</strong></span> <span class='ocrx_word' id='word_1_317' title='bbox 2907 1349 2993 1401; x_wconf 84' lang='grc' dir='ltr'>ἐπ’</span> <span class='ocrx_word' id='word_1_318' title='bbox 3040 1347 3203 1401; x_wconf 80' lang='grc' dir='ltr'>αὑτὸν</span> <span class='ocrx_word' id='word_1_319' title='bbox 3252 1348 3669 1419; x_wconf 81' lang='grc' dir='ltr'>ἀναφερόμενον,</span> 
     </span>
    </p>
   </div>
   <div class='ocr_carea' id='block_1_43' title="bbox 2093 1434 3673 1510">
    <p class='ocr_par' dir='ltr' id='par_1_43' title="bbox 2093 1434 3673 1510">
     <span class='ocr_line' id='line_1_43' title="bbox 2093 1434 3673 1510; baseline 0.001 -18"><span class='ocrx_word' id='word_1_320' title='bbox 2093 1438 2244 1510; x_wconf 86' lang='grc' dir='ltr'>δηλοῖ</span> <span class='ocrx_word' id='word_1_321' title='bbox 2262 1481 2279 1503; x_wconf 83' lang='grc'><strong>,</strong></span> <span class='ocrx_word' id='word_1_322' title='bbox 2311 1440 2394 1492; x_wconf 83' lang='grc' dir='ltr'>ὅτι</span> <span class='ocrx_word' id='word_1_323' title='bbox 2421 1439 2521 1492; x_wconf 84' lang='grc' dir='ltr'><strong>οὐκ</strong></span> <span class='ocrx_word' id='word_1_324' title='bbox 2548 1438 2785 1510; x_wconf 80' lang='grc' dir='ltr'><strong>ἀρχῆθεν</strong></span> <span class='ocrx_word' id='word_1_325' title='bbox 2822 1438 3017 1510; x_wconf 83' lang='grc' dir='ltr'>ἐχθρὸς</span> <span class='ocrx_word' id='word_1_326' title='bbox 3040 1434 3131 1510; x_wconf 72' lang='grc' dir='ltr'><strong>ἦν’</strong></span> <span class='ocrx_word' id='word_1_327' title='bbox 3160 1438 3296 1492; x_wconf 80' lang='grc' dir='ltr'>ἀλλὰ</span> <span class='ocrx_word' id='word_1_328' title='bbox 3315 1441 3413 1492; x_wconf 73' lang='grc' dir='ltr'><strong>καὶ</strong></span> <span class='ocrx_word' id='word_1_329' title='bbox 3443 1440 3522 1492; x_wconf 82' lang='grc' dir='ltr'>τό·</span> <span class='ocrx_word' id='word_1_330' title='bbox 3564 1460 3583 1493; x_wconf 76' lang='grc' dir='ltr'><strong>ι</strong></span> <span class='ocrx_word' id='word_1_331' title='bbox 3615 1442 3673 1494; x_wconf 82' lang='grc' dir='ltr'><strong>Εἰ</strong></span> 
     </span>
    </p>
   </div>
   <div class='ocr_carea' id='block_1_44' title="bbox 2094 1529 3674 1604">
    <p class='ocr_par' dir='ltr' id='par_1_44' title="bbox 2094 1529 3674 1604">
     <span class='ocr_line' id='line_1_44' title="bbox 2094 1529 3674 1604; baseline 0.001 -22"><span class='ocrx_word' id='word_1_332' title='bbox 2094 1531 2124 1583; x_wconf 92' lang='lat'><strong>6</strong></span> <span class='ocrx_word' id='word_1_333' title='bbox 2157 1529 2332 1601; x_wconf 81' lang='grc' dir='ltr'>μισῶν</span> <span class='ocrx_word' id='word_1_334' title='bbox 2369 1547 2434 1600; x_wconf 85' lang='grc' dir='ltr'><strong>με</strong></span> <span class='ocrx_word' id='word_1_335' title='bbox 2458 1531 2545 1583; x_wconf 83' lang='grc' dir='ltr'>ἐπ’</span> <span class='ocrx_word' id='word_1_336' title='bbox 2570 1531 2669 1601; x_wconf 83' lang='grc' dir='ltr'><strong>ἐμὲ</strong></span> <span class='ocrx_word' id='word_1_337' title='bbox 2702 1530 3316 1603; x_wconf 76' lang='grc' dir='ltr'>ἐμεγαλορρημόνησεν,</span> <span class='ocrx_word' id='word_1_338' title='bbox 3348 1531 3586 1604; x_wconf 78' lang='grc' dir='ltr'>ἐκρύϐήν</span> <span class='ocrx_word' id='word_1_339' title='bbox 3612 1531 3674 1584; x_wconf 80' lang='grc' dir='ltr'>ἂν</span> 
     </span>
    </p>
   </div>
   <div class='ocr_carea' id='block_1_45' title="bbox 2093 1623 3674 1695">
    <p class='ocr_par' dir='ltr' id='par_1_45' title="bbox 2093 1623 3674 1695">
     <span class='ocr_line' id='line_1_45' title="bbox 2093 1623 3674 1695; baseline 0.002 -20"><span class='ocrx_word' id='word_1_340' title='bbox 2093 1624 2190 1676; x_wconf 80' lang='grc' dir='ltr'>ἀπ’</span> <span class='ocrx_word' id='word_1_341' title='bbox 2221 1623 2419 1688; x_wconf 79' lang='grc' dir='ltr'>αὑτοῦ,</span> <span class='ocrx_word' id='word_1_342' title='bbox 2462 1643 2481 1676; x_wconf 71' lang='grc' dir='ltr'><strong>ο</strong></span> <span class='ocrx_word' id='word_1_343' title='bbox 2527 1624 2889 1695; x_wconf 82' lang='grc' dir='ltr'><strong>παρίστησιν,</strong></span> <span class='ocrx_word' id='word_1_344' title='bbox 2930 1624 3013 1676; x_wconf 82' lang='grc' dir='ltr'>ὅτι</span> <span class='ocrx_word' id='word_1_345' title='bbox 3059 1626 3152 1678; x_wconf 79' lang='grc' dir='ltr'><strong>καὶ</strong></span> <span class='ocrx_word' id='word_1_346' title='bbox 3189 1625 3379 1694; x_wconf 78' lang='grc' dir='ltr'>ήγάπα</span> <span class='ocrx_word' id='word_1_347' title='bbox 3422 1625 3550 1678; x_wconf 74' lang='grc' dir='ltr'>ποτε</span> <span class='ocrx_word' id='word_1_348' title='bbox 3588 1625 3674 1678; x_wconf 75' lang='grc' dir='ltr'>τὸν</span> 
     </span>
    </p>
   </div>
   <div class='ocr_carea' id='block_1_46' title="bbox 2107 1710 3673 1784">
    <p class='ocr_par' dir='ltr' id='par_1_46' title="bbox 2107 1710 3673 1784">
     <span class='ocr_line' id='line_1_46' title="bbox 2107 1710 3673 1784; baseline 0 -18"><span class='ocrx_word' id='word_1_349' title='bbox 2107 1713 2335 1784; x_wconf 79' lang='grc' dir='ltr'><strong>Ἰησοῦν,</strong></span> <span class='ocrx_word' id='word_1_350' title='bbox 2355 1712 2566 1782; x_wconf 80' lang='grc' dir='ltr'>φθάσας</span> <span class='ocrx_word' id='word_1_351' title='bbox 2594 1714 2687 1766; x_wconf 76' lang='grc' dir='ltr'>ἐπὶ</span> <span class='ocrx_word' id='word_1_352' title='bbox 2713 1713 2773 1765; x_wconf 81' lang='grc' dir='ltr'><strong>τὸ</strong></span> <span class='ocrx_word' id='word_1_353' title='bbox 2799 1713 2893 1765; x_wconf 73' lang='grc' dir='ltr'>καὶ</span> <span class='ocrx_word' id='word_1_354' title='bbox 2919 1710 3169 1783; x_wconf 77' lang='grc' dir='ltr'>ίσόψυχος</span> <span class='ocrx_word' id='word_1_355' title='bbox 3194 1713 3345 1783; x_wconf 84' lang='grc' dir='ltr'>αὑτῷ</span> <span class='ocrx_word' id='word_1_356' title='bbox 3373 1714 3673 1782; x_wconf 80' lang='grc' dir='ltr'>τυγχάνειν·</span> 
     </span>
    </p>
   </div>
   <div class='ocr_carea' id='block_1_47' title="bbox 2096 1803 3677 1877">
    <p class='ocr_par' dir='ltr' id='par_1_47' title="bbox 2096 1803 3677 1877">
     <span class='ocr_line' id='line_1_47' title="bbox 2096 1803 3677 1877; baseline -0.001 -20"><span class='ocrx_word' id='word_1_357' title='bbox 2096 1805 2218 1858; x_wconf 74' lang='grc' dir='ltr'>ἐπεὶ</span> <span class='ocrx_word' id='word_1_358' title='bbox 2237 1805 2543 1877; x_wconf 81' lang='grc' dir='ltr'>γέγραπται</span> <span class='ocrx_word' id='word_1_359' title='bbox 2567 1821 2582 1835; x_wconf 66' lang='grc' dir='ltr'><strong>ι</strong></span> <span class='ocrx_word' id='word_1_360' title='bbox 2623 1823 2642 1855; x_wconf 74' lang='grc' dir='ltr'><strong>ι</strong></span> <span class='ocrx_word' id='word_1_361' title='bbox 2675 1805 2746 1857; x_wconf 76' lang='grc' dir='ltr'><strong>Σὺ</strong></span> <span class='ocrx_word' id='word_1_362' title='bbox 2775 1804 2851 1869; x_wconf 84' lang='grc' dir='ltr'><strong>δέ,</strong></span> <span class='ocrx_word' id='word_1_363' title='bbox 2882 1803 3135 1873; x_wconf 82' lang='grc' dir='ltr'>ἄνθρωπε</span> <span class='ocrx_word' id='word_1_364' title='bbox 3161 1804 3405 1875; x_wconf 71' lang='grc' dir='ltr'>ίσόψυχε,</span> <span class='ocrx_word' id='word_1_365' title='bbox 3436 1805 3531 1857; x_wconf 75' lang='grc' dir='ltr'>καὶ</span> <span class='ocrx_word' id='word_1_366' title='bbox 3549 1804 3677 1872; x_wconf 81' lang='grc' dir='ltr'>ἠγε-</span> 
     </span>
    </p>
   </div>
   <div class='ocr_carea' id='block_1_48' title="bbox 2102 1895 3683 1969">
    <p class='ocr_par' dir='ltr' id='par_1_48' title="bbox 2102 1895 3683 1969">
     <span class='ocr_line' id='line_1_48' title="bbox 2102 1895 3683 1969; baseline -0.001 -19"><span class='ocrx_word' id='word_1_367' title='bbox 2102 1895 2216 1969; x_wconf 83' lang='grc' dir='ltr'>μών</span> <span class='ocrx_word' id='word_1_368' title='bbox 2253 1914 2375 1969; x_wconf 90' lang='grc' dir='ltr'>μου,</span> <span class='ocrx_word' id='word_1_369' title='bbox 2404 1898 2497 1950; x_wconf 81' lang='grc' dir='ltr'>καὶ</span> <span class='ocrx_word' id='word_1_370' title='bbox 2530 1896 2738 1965; x_wconf 85' lang='grc' dir='ltr'>γνωστέ</span> <span class='ocrx_word' id='word_1_371' title='bbox 2795 1914 2915 1967; x_wconf 85' lang='grc' dir='ltr'>μου.</span> <span class='ocrx_word' id='word_1_372' title='bbox 2961 1916 2980 1947; x_wconf 71' lang='grc' dir='ltr'><strong>ι</strong></span> <span class='ocrx_word' id='word_1_373' title='bbox 3018 1897 3126 1950; x_wconf 70' lang='grc' dir='ltr'><strong>Καὶ</strong></span> <span class='ocrx_word' id='word_1_374' title='bbox 3161 1895 3298 1949; x_wconf 74' lang='grc' dir='ltr'>ἄλλα</span> <span class='ocrx_word' id='word_1_375' title='bbox 3328 1895 3375 1948; x_wconf 88' lang='grc' dir='ltr'>δ’</span> <span class='ocrx_word' id='word_1_376' title='bbox 3407 1896 3475 1949; x_wconf 84' lang='grc' dir='ltr'>ἂν</span> <span class='ocrx_word' id='word_1_377' title='bbox 3501 1895 3683 1966; x_wconf 77' lang='grc' dir='ltr'>εὕροις</span> 
     </span>
    </p>
   </div>
   <div class='ocr_carea' id='block_1_49' title="bbox 2100 1983 3677 2060">
    <p class='ocr_par' dir='ltr' id='par_1_49' title="bbox 2100 1983 3677 2060">
     <span class='ocr_line' id='line_1_49' title="bbox 2100 1983 3677 2060; baseline -0.002 -19"><span class='ocrx_word' id='word_1_378' title='bbox 2100 1989 2285 2059; x_wconf 86' lang='grc' dir='ltr'>μυρία,</span> <span class='ocrx_word' id='word_1_379' title='bbox 2314 1988 2375 2054; x_wconf 81' lang='grc' dir='ltr'>ἐξ</span> <span class='ocrx_word' id='word_1_380' title='bbox 2404 1983 2477 2042; x_wconf 80' lang='grc' dir='ltr'><strong>ὧν</strong></span> <span class='ocrx_word' id='word_1_381' title='bbox 2504 1990 2778 2060; x_wconf 87' lang='grc' dir='ltr'>συνήσεις,</span> <span class='ocrx_word' id='word_1_382' title='bbox 2807 1990 2891 2041; x_wconf 78' lang='grc' dir='ltr'><strong>ὅτι</strong></span> <span class='ocrx_word' id='word_1_383' title='bbox 2920 1987 3144 2051; x_wconf 71' lang='grc' dir='ltr'>εἰκότως</span> <span class='ocrx_word' id='word_1_384' title='bbox 3173 1989 3224 2041; x_wconf 90' lang='grc' dir='ltr'>οἱ</span> <span class='ocrx_word' id='word_1_385' title='bbox 3256 1988 3499 2059; x_wconf 73' lang='grc' dir='ltr'>μαθηταὶ</span> <span class='ocrx_word' id='word_1_386' title='bbox 3528 1988 3677 2040; x_wconf 73' lang='grc' dir='ltr'>ἔϐλε-</span> 
     </span>
    </p>
   </div>
   <div class='ocr_carea' id='block_1_50' title="bbox 2097 2078 3677 2151">
    <p class='ocr_par' dir='ltr' id='par_1_50' title="bbox 2097 2078 3677 2151">
     <span class='ocr_line' id='line_1_50' title="bbox 2097 2078 3677 2151; baseline -0.001 -20"><span class='ocrx_word' id='word_1_387' title='bbox 2097 2096 2197 2132; x_wconf 87' lang='grc' dir='ltr'><strong>πον</strong></span> <span class='ocrx_word' id='word_1_388' title='bbox 2229 2080 2310 2142; x_wconf 87' lang='grc' dir='ltr'><strong>είς</strong></span> <span class='ocrx_word' id='word_1_389' title='bbox 2348 2079 2609 2151; x_wconf 83' lang='grc' dir='ltr'>ἀλλήλους</span> <span class='ocrx_word' id='word_1_390' title='bbox 2630 2119 2645 2143; x_wconf 94' lang='grc'><strong>,</strong></span> <span class='ocrx_word' id='word_1_391' title='bbox 2674 2078 3036 2151; x_wconf 85' lang='grc' dir='ltr'>ἀπορούμενοι</span> <span class='ocrx_word' id='word_1_392' title='bbox 3072 2079 3200 2149; x_wconf 75' lang='grc' dir='ltr'>περὶ</span> <span class='ocrx_word' id='word_1_393' title='bbox 3225 2079 3372 2143; x_wconf 86' lang='grc' dir='ltr'>τίνος</span> <span class='ocrx_word' id='word_1_394' title='bbox 3417 2079 3583 2147; x_wconf 81' lang='grc' dir='ltr'>λέγει.</span> <span class='ocrx_word' id='word_1_395' title='bbox 3623 2080 3677 2131; x_wconf 85' lang='grc' dir='ltr'>ὐ</span> 
     </span>
    </p>
   </div>
   <div class='ocr_carea' id='block_1_51' title="bbox 2094 2169 3676 2241">
    <p class='ocr_par' dir='ltr' id='par_1_51' title="bbox 2094 2169 3676 2241">
     <span class='ocr_line' id='line_1_51' title="bbox 2094 2169 3676 2241; baseline 0 -19"><span class='ocrx_word' id='word_1_396' title='bbox 2094 2170 2151 2223; x_wconf 84' lang='grc' dir='ltr'>δὲ</span> <span class='ocrx_word' id='word_1_397' title='bbox 2180 2171 2395 2234; x_wconf 81' lang='grc' dir='ltr'>Λουκᾶς</span> <span class='ocrx_word' id='word_1_398' title='bbox 2428 2169 2732 2241; x_wconf 74' lang='grc' dir='ltr'>ἀνέγραψεν</span> <span class='ocrx_word' id='word_1_399' title='bbox 2751 2209 2766 2234; x_wconf 93' lang='grc'><strong>,</strong></span> <span class='ocrx_word' id='word_1_400' title='bbox 2804 2170 2885 2224; x_wconf 83' lang='grc' dir='ltr'><strong>ὅτι</strong></span> <span class='ocrx_word' id='word_1_401' title='bbox 2911 2210 2926 2236; x_wconf 89' lang='grc'><strong>,</strong></span> <span class='ocrx_word' id='word_1_402' title='bbox 2959 2169 3204 2233; x_wconf 81' lang='grc' dir='ltr'>εἰπόντος</span> <span class='ocrx_word' id='word_1_403' title='bbox 3247 2170 3343 2223; x_wconf 86' lang='grc' dir='ltr'><strong>τοῦ</strong></span> <span class='ocrx_word' id='word_1_404' title='bbox 3389 2169 3639 2239; x_wconf 82' lang='grc' dir='ltr'>Σωτῆρος</span> <span class='ocrx_word' id='word_1_405' title='bbox 3661 2185 3676 2200; x_wconf 86' lang='grc'><strong>·</strong></span> 
     </span>
    </p>
   </div>
   <div class='ocr_carea' id='block_1_52' title="bbox 2102 2255 3680 2331">
    <p class='ocr_par' dir='ltr' id='par_1_52' title="bbox 2102 2255 3680 2331">
     <span class='ocr_line' id='line_1_52' title="bbox 2102 2255 3680 2331; baseline -0.002 -21"><span class='ocrx_word' id='word_1_406' title='bbox 2102 2277 2120 2309; x_wconf 76' lang='grc' dir='ltr'><strong>ι</strong></span> <span class='ocrx_word' id='word_1_407' title='bbox 2159 2259 2304 2330; x_wconf 84' lang='grc' dir='ltr'>Πλὴν</span> <span class='ocrx_word' id='word_1_408' title='bbox 2341 2259 2450 2313; x_wconf 83' lang='grc' dir='ltr'>ίδοὺ</span> <span class='ocrx_word' id='word_1_409' title='bbox 2490 2261 2524 2331; x_wconf 89' lang='grc' dir='ltr'><strong>ή</strong></span> <span class='ocrx_word' id='word_1_410' title='bbox 2570 2259 2691 2330; x_wconf 79' lang='grc' dir='ltr'>χεὶρ</span> <span class='ocrx_word' id='word_1_411' title='bbox 2736 2258 2831 2311; x_wconf 85' lang='grc' dir='ltr'><strong>τοῦ</strong></span> <span class='ocrx_word' id='word_1_412' title='bbox 2861 2258 3248 2328; x_wconf 82' lang='grc' dir='ltr'>παραδιδόντος</span> <span class='ocrx_word' id='word_1_413' title='bbox 3284 2274 3352 2327; x_wconf 84' lang='grc' dir='ltr'><strong>με</strong></span> <span class='ocrx_word' id='word_1_414' title='bbox 3393 2258 3511 2327; x_wconf 85' lang='grc' dir='ltr'>μετ’</span> <span class='ocrx_word' id='word_1_415' title='bbox 3544 2255 3680 2325; x_wconf 79' lang='grc' dir='ltr'>ἐμοῦ</span> 
     </span>
    </p>
   </div>
   <div class='ocr_carea' id='block_1_53' title="bbox 2095 2346 3683 2425">
    <p class='ocr_par' dir='ltr' id='par_1_53' title="bbox 2095 2346 3683 2425">
     <span class='ocr_line' id='line_1_53' title="bbox 2095 2346 3683 2425; baseline -0.003 -20"><span class='ocrx_word' id='word_1_416' title='bbox 2095 2353 2187 2405; x_wconf 72' lang='grc' dir='ltr'><strong>ἐπὶ</strong></span> <span class='ocrx_word' id='word_1_417' title='bbox 2219 2352 2318 2423; x_wconf 81' lang='grc' dir='ltr'>τῆς</span> <span class='ocrx_word' id='word_1_418' title='bbox 2341 2352 2620 2425; x_wconf 75' lang='grc' dir='ltr'>τραπέζης</span> <span class='ocrx_word' id='word_1_419' title='bbox 2638 2368 2651 2382; x_wconf 77' lang='grc'><strong><em>⁸</em></strong></span> <span class='ocrx_word' id='word_1_420' title='bbox 2677 2353 2707 2405; x_wconf 88' lang='lat'><strong>6</strong></span> <span class='ocrx_word' id='word_1_421' title='bbox 2737 2351 2835 2422; x_wconf 76' lang='grc' dir='ltr'><strong>μὲν</strong></span> <span class='ocrx_word' id='word_1_422' title='bbox 2860 2350 2988 2414; x_wconf 83' lang='grc' dir='ltr'>Υἱὸς</span> <span class='ocrx_word' id='word_1_423' title='bbox 3013 2351 3106 2404; x_wconf 87' lang='grc' dir='ltr'><strong>τοῦ</strong></span> <span class='ocrx_word' id='word_1_424' title='bbox 3138 2349 3429 2421; x_wconf 85' lang='grc' dir='ltr'>ἀνθρώπου</span> <span class='ocrx_word' id='word_1_425' title='bbox 3455 2348 3594 2402; x_wconf 83' lang='grc' dir='ltr'><strong>κατά</strong></span> <span class='ocrx_word' id='word_1_426' title='bbox 3623 2346 3683 2400; x_wconf 70' lang='grc' dir='ltr'>τὸ</span> 
     </span>
    </p>
   </div>
   <div class='ocr_carea' id='block_1_54' title="bbox 2094 2440 3684 2518">
    <p class='ocr_par' dir='ltr' id='par_1_54' title="bbox 2094 2440 3684 2518">
     <span class='ocr_line' id='line_1_54' title="bbox 2094 2440 3684 2518; baseline -0.004 -18"><span class='ocrx_word' id='word_1_427' title='bbox 2094 2446 2397 2518; x_wconf 83' lang='grc' dir='ltr'>ὡρισμένον</span> <span class='ocrx_word' id='word_1_428' title='bbox 2425 2445 2577 2518; x_wconf 86' lang='grc' dir='ltr'><strong>αὑτῷ</strong></span> <span class='ocrx_word' id='word_1_429' title='bbox 2616 2444 2941 2516; x_wconf 86' lang='grc' dir='ltr'>πορεύεται·</span> <span class='ocrx_word' id='word_1_430' title='bbox 2972 2443 3112 2514; x_wconf 80' lang='grc' dir='ltr'>πλὴν</span> <span class='ocrx_word' id='word_1_431' title='bbox 3154 2441 3277 2495; x_wconf 76' lang='grc' dir='ltr'>οὐαὶ</span> <span class='ocrx_word' id='word_1_432' title='bbox 3309 2441 3389 2514; x_wconf 83' lang='grc' dir='ltr'>τῷ</span> <span class='ocrx_word' id='word_1_433' title='bbox 3415 2440 3684 2513; x_wconf 81' lang='grc' dir='ltr'>ἀνθρώπῳ</span> 
     </span>
    </p>
   </div>
   <div class='ocr_carea' id='block_1_55' title="bbox 2095 2530 3688 2609">
    <p class='ocr_par' dir='ltr' id='par_1_55' title="bbox 2095 2530 3688 2609">
     <span class='ocr_line' id='line_1_55' title="bbox 2095 2530 3688 2609; baseline -0.006 -16"><span class='ocrx_word' id='word_1_434' title='bbox 2095 2539 2289 2609; x_wconf 80' lang='grc' dir='ltr'>ἐκείνῳ</span> <span class='ocrx_word' id='word_1_435' title='bbox 2310 2538 2376 2591; x_wconf 81' lang='grc' dir='ltr'>δι’</span> <span class='ocrx_word' id='word_1_436' title='bbox 2408 2530 2474 2592; x_wconf 81' lang='grc' dir='ltr'>οὗ</span> <span class='ocrx_word' id='word_1_437' title='bbox 2500 2537 2884 2609; x_wconf 85' lang='grc' dir='ltr'>παραδίδοται,</span> <span class='ocrx_word' id='word_1_438' title='bbox 2926 2556 2945 2588; x_wconf 77' lang='grc' dir='ltr'><strong>ι</strong></span> <span class='ocrx_word' id='word_1_439' title='bbox 2982 2538 3029 2590; x_wconf 80' lang='grc' dir='ltr'>οἱ</span> <span class='ocrx_word' id='word_1_440' title='bbox 3068 2535 3306 2606; x_wconf 74' lang='grc' dir='ltr'>μαθηταὶ</span> <span class='ocrx_word' id='word_1_441' title='bbox 3338 2531 3569 2605; x_wconf 72' lang='grc' dir='ltr'>ἤρξαντο</span> <span class='ocrx_word' id='word_1_442' title='bbox 3601 2550 3688 2584; x_wconf 86' lang='grc' dir='ltr'><strong>συ-</strong></span> 
     </span>
    </p>
   </div>
   <div class='ocr_carea' id='block_1_56' title="bbox 2095 2620 3771 2701">
    <p class='ocr_par' dir='ltr' id='par_1_56' title="bbox 2095 2620 3771 2701">
     <span class='ocr_line' id='line_1_56' title="bbox 2095 2620 3771 2701; baseline -0.007 -19"><span class='ocrx_word' id='word_1_443' title='bbox 2095 2627 2278 2701; x_wconf 79' lang='grc' dir='ltr'>ζητεῖν</span> <span class='ocrx_word' id='word_1_444' title='bbox 2311 2629 2448 2700; x_wconf 86' lang='grc' dir='ltr'>πρὸς</span> <span class='ocrx_word' id='word_1_445' title='bbox 2472 2629 2698 2692; x_wconf 76' lang='grc' dir='ltr'>ἑαυτοὺς</span> <span class='ocrx_word' id='word_1_446' title='bbox 2720 2669 2735 2694; x_wconf 90' lang='grc'><strong>,</strong></span> <span class='ocrx_word' id='word_1_447' title='bbox 2764 2628 2847 2690; x_wconf 88' lang='grc' dir='ltr'><strong>τίς</strong></span> <span class='ocrx_word' id='word_1_448' title='bbox 2878 2626 2985 2698; x_wconf 78' lang='grc' dir='ltr'><strong>ἀρα</strong></span> <span class='ocrx_word' id='word_1_449' title='bbox 3011 2624 3095 2694; x_wconf 81' lang='grc' dir='ltr'><strong>εἴη</strong></span> <span class='ocrx_word' id='word_1_450' title='bbox 3122 2623 3182 2688; x_wconf 81' lang='grc' dir='ltr'><strong>ἐξ</strong></span> <span class='ocrx_word' id='word_1_451' title='bbox 3206 2622 3388 2676; x_wconf 82' lang='grc' dir='ltr'>αὐτῶν</span> <span class='ocrx_word' id='word_1_452' title='bbox 3421 2626 3450 2675; x_wconf 97' lang='lat'><strong>6</strong></span> <span class='ocrx_word' id='word_1_453' title='bbox 3479 2620 3688 2691; x_wconf 78' lang='grc' dir='ltr'>μέλλων</span> <span class='ocrx_word' id='word_1_454' title='bbox 3770 2638 3771 2641; x_wconf 45' lang='grc' dir='ltr'><strong>η</strong></span> 
     </span>
    </p>
   </div>
   <div class='ocr_carea' id='block_1_57' title="bbox 2092 2712 3687 2791">
    <p class='ocr_par' dir='ltr' id='par_1_57' title="bbox 2092 2712 3687 2791">
     <span class='ocr_line' id='line_1_57' title="bbox 2092 2712 3687 2791; baseline -0.006 -18"><span class='ocrx_word' id='word_1_455' title='bbox 2092 2720 2252 2773; x_wconf 84' lang='grc' dir='ltr'>τοῦτο</span> <span class='ocrx_word' id='word_1_456' title='bbox 2296 2720 2593 2791; x_wconf 85' lang='grc' dir='ltr'>πράσσειν·</span> <span class='ocrx_word' id='word_1_457' title='bbox 2641 2719 2967 2790; x_wconf 84' lang='grc' dir='ltr'>συνεζήτουν</span> <span class='ocrx_word' id='word_1_458' title='bbox 3007 2715 3117 2787; x_wconf 74' lang='grc' dir='ltr'><strong>γὰρ</strong></span> <span class='ocrx_word' id='word_1_459' title='bbox 3150 2713 3516 2785; x_wconf 83' lang='grc' dir='ltr'>ἀπορούμενοι</span> <span class='ocrx_word' id='word_1_460' title='bbox 3556 2712 3687 2782; x_wconf 64' lang='grc' dir='ltr'>περὶ</span> 
     </span>
    </p>
   </div>
   <div class='ocr_carea' id='block_1_58' title="bbox 2093 2800 3690 2881">
    <p class='ocr_par' dir='ltr' id='par_1_58' title="bbox 2093 2800 3690 2881">
     <span class='ocr_line' id='line_1_58' title="bbox 2093 2800 3690 2881; baseline -0.009 -14"><span class='ocrx_word' id='word_1_461' title='bbox 2093 2812 2235 2876; x_wconf 88' lang='grc' dir='ltr'>τίνος</span> <span class='ocrx_word' id='word_1_462' title='bbox 2262 2811 2429 2881; x_wconf 79' lang='grc' dir='ltr'>λέγει.</span> <span class='ocrx_word' id='word_1_463' title='bbox 2481 2810 2640 2864; x_wconf 79' lang='grc' dir='ltr'>Ἀλλά</span> <span class='ocrx_word' id='word_1_464' title='bbox 2667 2811 2809 2865; x_wconf 88' lang='grc' dir='ltr'><strong>κατά</strong></span> <span class='ocrx_word' id='word_1_465' title='bbox 2850 2811 2949 2879; x_wconf 85' lang='grc' dir='ltr'><strong>μὲν</strong></span> <span class='ocrx_word' id='word_1_466' title='bbox 2975 2809 3068 2862; x_wconf 80' lang='grc' dir='ltr'><strong>τὸν</strong></span> <span class='ocrx_word' id='word_1_467' title='bbox 3097 2807 3313 2862; x_wconf 79' lang='grc' dir='ltr'>Λουκᾶν</span> <span class='ocrx_word' id='word_1_468' title='bbox 3358 2806 3460 2857; x_wconf 87' lang='grc' dir='ltr'><strong>οὑκ</strong></span> <span class='ocrx_word' id='word_1_469' title='bbox 3487 2800 3690 2872; x_wconf 74' lang='grc' dir='ltr'>ἐμφαῖ-</span> 
     </span>
    </p>
   </div>
   <div class='ocr_carea' id='block_1_59' title="bbox 2094 2893 3687 2969">
    <p class='ocr_par' dir='ltr' id='par_1_59' title="bbox 2094 2893 3687 2969">
     <span class='ocr_line' id='line_1_59' title="bbox 2094 2893 3687 2969; baseline -0.005 -13"><span class='ocrx_word' id='word_1_470' title='bbox 2094 2922 2265 2969; x_wconf 89' lang='grc' dir='ltr'>νεται,</span> <span class='ocrx_word' id='word_1_471' title='bbox 2289 2905 2371 2958; x_wconf 85' lang='grc' dir='ltr'>ὅτι</span> <span class='ocrx_word' id='word_1_472' title='bbox 2402 2903 2631 2968; x_wconf 76' lang='grc' dir='ltr'>ἕκαστος</span> <span class='ocrx_word' id='word_1_473' title='bbox 2664 2904 2759 2957; x_wconf 75' lang='grc' dir='ltr'>καὶ</span> <span class='ocrx_word' id='word_1_474' title='bbox 2787 2902 2981 2956; x_wconf 80' lang='grc' dir='ltr'>ἑαυτὸν</span> <span class='ocrx_word' id='word_1_475' title='bbox 3011 2899 3229 2953; x_wconf 83' lang='grc' dir='ltr'>ὑπενόει</span> <span class='ocrx_word' id='word_1_476' title='bbox 3261 2898 3411 2968; x_wconf 87' lang='grc'>(80)·</span> <span class='ocrx_word' id='word_1_477' title='bbox 3444 2894 3581 2948; x_wconf 83' lang='grc' dir='ltr'><strong>κατά</strong></span> <span class='ocrx_word' id='word_1_478' title='bbox 3632 2893 3687 2948; x_wconf 80' lang='grc' dir='ltr'>δὲ</span> 
     </span>
    </p>
   </div>
   <div class='ocr_carea' id='block_1_60' title="bbox 2093 2985 3683 3064">
    <p class='ocr_par' dir='ltr' id='par_1_60' title="bbox 2093 2985 3683 3064">
     <span class='ocr_line' id='line_1_60' title="bbox 2093 2985 3683 3064; baseline -0.009 -15"><span class='ocrx_word' id='word_1_479' title='bbox 2093 2995 2185 3049; x_wconf 77' lang='grc' dir='ltr'><strong>τὸν</strong></span> <span class='ocrx_word' id='word_1_480' title='bbox 2207 2995 2484 3049; x_wconf 88' lang='grc' dir='ltr'>Ματθαῖον</span> <span class='ocrx_word' id='word_1_481' title='bbox 2514 2994 2608 3048; x_wconf 81' lang='grc' dir='ltr'>καὶ</span> <span class='ocrx_word' id='word_1_482' title='bbox 2638 2993 2727 3046; x_wconf 77' lang='grc' dir='ltr'>τὸν</span> <span class='ocrx_word' id='word_1_483' title='bbox 2755 2993 2980 3064; x_wconf 85' lang='grc' dir='ltr'>Μάρκον</span> <span class='ocrx_word' id='word_1_484' title='bbox 3008 2992 3102 3045; x_wconf 76' lang='grc' dir='ltr'>καὶ</span> <span class='ocrx_word' id='word_1_485' title='bbox 3125 2988 3285 3042; x_wconf 88' lang='grc' dir='ltr'>τοῦτο</span> <span class='ocrx_word' id='word_1_486' title='bbox 3320 2985 3683 3058; x_wconf 86' lang='grc' dir='ltr'>παρίσταται·</span> 
     </span>
    </p>
   </div>
   <div class='ocr_carea' id='block_1_61' title="bbox 2094 3075 3784 3159">
    <p class='ocr_par' dir='ltr' id='par_1_61' title="bbox 2094 3075 3784 3159">
     <span class='ocr_line' id='line_1_61' title="bbox 2094 3075 3784 3159; baseline -0.011 -17"><span class='ocrx_word' id='word_1_487' title='bbox 2094 3091 2123 3142; x_wconf 90' lang='lat'><strong>6</strong></span> <span class='ocrx_word' id='word_1_488' title='bbox 2159 3088 2257 3158; x_wconf 85' lang='grc' dir='ltr'><strong>μὲν</strong></span> <span class='ocrx_word' id='word_1_489' title='bbox 2285 3087 2394 3159; x_wconf 76' lang='grc' dir='ltr'>γὰρ</span> <span class='ocrx_word' id='word_1_490' title='bbox 2417 3084 2694 3149; x_wconf 88' lang='grc' dir='ltr'>Ματθαῖός</span> <span class='ocrx_word' id='word_1_491' title='bbox 2725 3102 2856 3155; x_wconf 81' lang='grc' dir='ltr'>φησι</span> <span class='ocrx_word' id='word_1_492' title='bbox 2875 3100 2888 3114; x_wconf 75' lang='grc' dir='ltr'><strong>ο</strong></span> <span class='ocrx_word' id='word_1_493' title='bbox 2932 3101 2951 3135; x_wconf 78' lang='grc' dir='ltr'><strong>ι</strong></span> <span class='ocrx_word' id='word_1_494' title='bbox 2986 3083 3096 3137; x_wconf 71' lang='grc' dir='ltr'>Καὶ</span> <span class='ocrx_word' id='word_1_495' title='bbox 3124 3079 3457 3151; x_wconf 88' lang='grc' dir='ltr'>λυπούμενοι</span> <span class='ocrx_word' id='word_1_496' title='bbox 3484 3075 3687 3147; x_wconf 76' lang='grc' dir='ltr'>σφόδρα</span> <span class='ocrx_word' id='word_1_497' title='bbox 3782 3140 3784 3143; x_wconf 23' lang='grc' dir='ltr'>ι</span> 
     </span>
    </p>
   </div>
   <div class='ocr_carea' id='block_1_62' title="bbox 413 3167 2000 3266">
    <p class='ocr_par' dir='ltr' id='par_1_62' title="bbox 413 3174 1993 3242">
     <span class='ocr_line' id='line_1_62' title="bbox 413 3174 1993 3242; baseline -0.003 -11"><span class='ocrx_word' id='word_1_498' title='bbox 413 3175 715 3231; x_wconf 80' lang='lat' dir='ltr'><strong>secundum</strong></span> <span class='ocrx_word' id='word_1_499' title='bbox 756 3174 959 3230; x_wconf 88' lang='lat' dir='ltr'><strong>Lucam</strong></span> <span class='ocrx_word' id='word_1_500' title='bbox 1007 3188 1117 3227; x_wconf 90' lang='lat' dir='ltr'><strong>non</strong></span> <span class='ocrx_word' id='word_1_501' title='bbox 1166 3181 1393 3241; x_wconf 89' lang='lat' dir='ltr'><strong>apparet</strong></span> <span class='ocrx_word' id='word_1_502' title='bbox 1436 3187 1879 3242; x_wconf 87' lang='lat' dir='ltr'><strong>unumquemque</strong></span> <span class='ocrx_word' id='word_1_503' title='bbox 1935 3188 1993 3228; x_wconf 91' lang='lat' dir='ltr'><strong>se</strong></span> 
     </span>
    </p>
   </div>
   <div class='ocr_carea' id='block_1_63' title="bbox 2142 3167 3784 3266">
    <p class='ocr_par' dir='ltr' id='par_1_63' title="bbox 2142 3167 3784 3266">
     <span class='ocr_line' id='line_1_63' title="bbox 2142 3167 3784 3266; baseline -0.01 -32"><span class='ocrx_word' id='word_1_504' title='bbox 2142 3179 2332 3251; x_wconf 75' lang='grc' dir='ltr'>ρξαντο</span> <span class='ocrx_word' id='word_1_505' title='bbox 2357 3178 2535 3247; x_wconf 84' lang='grc' dir='ltr'>λέγειν</span> <span class='ocrx_word' id='word_1_506' title='bbox 2554 3193 2569 3209; x_wconf 81' lang='grc' dir='ltr'><strong>ο</strong></span> <span class='ocrx_word' id='word_1_507' title='bbox 2602 3178 2747 3248; x_wconf 85' lang='grc' dir='ltr'>Μήτι</span> <span class='ocrx_word' id='word_1_508' title='bbox 2777 3174 2887 3244; x_wconf 78' lang='grc' dir='ltr'>ἐγώ</span> <span class='ocrx_word' id='word_1_509' title='bbox 2913 3176 3050 3245; x_wconf 76' lang='grc' dir='ltr'>εἰμι,</span> <span class='ocrx_word' id='word_1_510' title='bbox 3079 3172 3252 3240; x_wconf 83' lang='grc' dir='ltr'>Κύριε</span> <span class='ocrx_word' id='word_1_511' title='bbox 3281 3188 3296 3235; x_wconf 89' lang='lat'><strong>;</strong></span> <span class='ocrx_word' id='word_1_512' title='bbox 3341 3190 3360 3222; x_wconf 71' lang='grc' dir='ltr'><strong>ι</strong></span> <span class='ocrx_word' id='word_1_513' title='bbox 3391 3170 3420 3221; x_wconf 89' lang='lat'><strong>6</strong></span> <span class='ocrx_word' id='word_1_514' title='bbox 3450 3167 3690 3266; x_wconf 82' lang='grc' dir='ltr'><strong>δὲ</strong></span> <span class='ocrx_word' id='word_1_515' title='bbox 3782 3178 3784 3181; x_wconf 88' lang='grc'>·</span> 
     </span>
    </p>
   </div>
   <div class='ocr_carea' id='block_1_64' title="bbox 412 3264 1990 3338">
    <p class='ocr_par' dir='ltr' id='par_1_64' title="bbox 412 3264 1990 3338">
     <span class='ocr_line' id='line_1_64' title="bbox 412 3264 1990 3338; baseline -0.001 -16"><span class='ocrx_word' id='word_1_516' title='bbox 412 3276 721 3338; x_wconf 87' lang='lat' dir='ltr'><strong>suspectum</strong></span> <span class='ocrx_word' id='word_1_517' title='bbox 770 3266 990 3332; x_wconf 87' lang='lat' dir='ltr'><strong>habere,</strong></span> <span class='ocrx_word' id='word_1_518' title='bbox 1034 3264 1263 3335; x_wconf 89' lang='lat' dir='ltr'><strong>perinde</strong></span> <span class='ocrx_word' id='word_1_519' title='bbox 1297 3273 1459 3333; x_wconf 90' lang='lat' dir='ltr'><strong>atque</strong></span> <span class='ocrx_word' id='word_1_520' title='bbox 1489 3265 1634 3333; x_wconf 87' lang='lat' dir='ltr'><strong>apud</strong></span> <span class='ocrx_word' id='word_1_521' title='bbox 1678 3264 1990 3321; x_wconf 66' lang='lat' dir='ltr'><strong>Matthteum</strong></span> 
     </span>
    </p>
   </div>
   <div class='ocr_carea' id='block_1_65' title="bbox 412 3355 1994 3427">
    <p class='ocr_par' dir='ltr' id='par_1_65' title="bbox 412 3355 1994 3427">
     <span class='ocr_line' id='line_1_65' title="bbox 412 3355 1994 3427; baseline 0 -15"><span class='ocrx_word' id='word_1_522' title='bbox 412 3367 468 3412; x_wconf 87' lang='lat' dir='ltr'><strong>et</strong></span> <span class='ocrx_word' id='word_1_523' title='bbox 500 3358 763 3423; x_wconf 83' lang='lat' dir='ltr'><strong>Marcum,</strong></span> <span class='ocrx_word' id='word_1_524' title='bbox 796 3357 889 3427; x_wconf 90' lang='lat' dir='ltr'><strong>qui</strong></span> <span class='ocrx_word' id='word_1_525' title='bbox 920 3356 1099 3426; x_wconf 88' lang='lat' dir='ltr'><strong>palam</strong></span> <span class='ocrx_word' id='word_1_526' title='bbox 1142 3356 1245 3411; x_wconf 86' lang='lat' dir='ltr'><strong>hoc</strong></span> <span class='ocrx_word' id='word_1_527' title='bbox 1271 3358 1588 3411; x_wconf 87' lang='lat' dir='ltr'><strong>ostendunt.</strong></span> <span class='ocrx_word' id='word_1_528' title='bbox 1630 3355 1811 3426; x_wconf 89' lang='lat' dir='ltr'><strong>lnquit</strong></span> <span class='ocrx_word' id='word_1_529' title='bbox 1849 3359 1994 3412; x_wconf 90' lang='lat' dir='ltr'><strong>enim</strong></span> 
     </span>
    </p>
   </div>
   <div class='ocr_carea' id='block_1_66' title="bbox 416 3448 1991 3519">
    <p class='ocr_par' dir='ltr' id='par_1_66' title="bbox 416 3448 1991 3519">
     <span class='ocr_line' id='line_1_66' title="bbox 416 3448 1991 3519; baseline 0.002 -15"><span class='ocrx_word' id='word_1_530' title='bbox 416 3450 710 3505; x_wconf 66' lang='lat' dir='ltr'><strong>Matthteus</strong></span> <span class='ocrx_word' id='word_1_531' title='bbox 739 3451 798 3504; x_wconf 78' lang='lat'><strong>‘:</strong></span> <span class='ocrx_word' id='word_1_532' title='bbox 842 3468 862 3501; x_wconf 76' lang='grc' dir='ltr'><strong>ι</strong></span> <span class='ocrx_word' id='word_1_533' title='bbox 903 3450 970 3504; x_wconf 88' lang='grc' dir='ltr'>Ει</span> <span class='ocrx_word' id='word_1_534' title='bbox 1008 3448 1165 3504; x_wconf 90' lang='lat' dir='ltr'><strong>valde</strong></span> <span class='ocrx_word' id='word_1_535' title='bbox 1210 3449 1391 3504; x_wconf 74' lang='grc' dir='ltr'>ποωειί</span> <span class='ocrx_word' id='word_1_536' title='bbox 1437 3459 1723 3519; x_wconf 84' lang='lat' dir='ltr'><strong>coeperunt</strong></span> <span class='ocrx_word' id='word_1_537' title='bbox 1774 3451 1991 3507; x_wconf 89' lang='lat' dir='ltr'><strong>dicere:</strong></span> 
     </span>
    </p>
   </div>
   <div class='ocr_carea' id='block_1_67' title="bbox 415 3539 1999 3616">
    <p class='ocr_par' dir='ltr' id='par_1_67' title="bbox 415 3539 1999 3616">
     <span class='ocr_line' id='line_1_67' title="bbox 415 3539 1999 3616; baseline 0.002 -19"><span class='ocrx_word' id='word_1_538' title='bbox 415 3541 668 3611; x_wconf 79' lang='lat' dir='ltr'><strong>Nunquid</strong></span> <span class='ocrx_word' id='word_1_539' title='bbox 699 3556 800 3612; x_wconf 89' lang='lat' dir='ltr'><strong>ego</strong></span> <span class='ocrx_word' id='word_1_540' title='bbox 826 3556 969 3606; x_wconf 90' lang='lat' dir='ltr'><strong>sum,</strong></span> <span class='ocrx_word' id='word_1_541' title='bbox 996 3539 1262 3595; x_wconf 69' lang='lat' dir='ltr'><strong>Domine?</strong></span> <span class='ocrx_word' id='word_1_542' title='bbox 1284 3558 1303 3592; x_wconf 79' lang='grc' dir='ltr'><strong>ι</strong></span> <span class='ocrx_word' id='word_1_543' title='bbox 1334 3539 1405 3595; x_wconf 83' lang='lat' dir='ltr'><strong>At</strong></span> <span class='ocrx_word' id='word_1_544' title='bbox 1427 3540 1641 3597; x_wconf 84' lang='lat' dir='ltr'><strong>Marcus</strong></span> <span class='ocrx_word' id='word_1_545' title='bbox 1661 3545 1720 3596; x_wconf 73' lang='grc' dir='ltr'><strong>’τ</strong></span> <span class='ocrx_word' id='word_1_546' title='bbox 1755 3560 1775 3595; x_wconf 76' lang='grc' dir='ltr'><strong>ι</strong></span> <span class='ocrx_word' id='word_1_547' title='bbox 1807 3543 1999 3616; x_wconf 70' lang='lat' dir='ltr'><strong>Cmpe-</strong></span> 
     </span>
    </p>
   </div>
   <div class='ocr_carea' id='block_1_68' title="bbox 418 3632 1996 3706">
    <p class='ocr_par' dir='ltr' id='par_1_68' title="bbox 418 3632 1996 3706">
     <span class='ocr_line' id='line_1_68' title="bbox 418 3632 1996 3706; baseline 0.002 -18"><span class='ocrx_word' id='word_1_548' title='bbox 418 3644 545 3689; x_wconf 82' lang='lat' dir='ltr'><strong>runt</strong></span> <span class='ocrx_word' id='word_1_549' title='bbox 575 3635 755 3689; x_wconf 66' lang='lat' dir='ltr'><strong>maesti</strong></span> <span class='ocrx_word' id='word_1_550' title='bbox 778 3648 922 3701; x_wconf 88' lang='lat' dir='ltr'><strong>esse,</strong></span> <span class='ocrx_word' id='word_1_551' title='bbox 958 3644 1009 3689; x_wconf 87' lang='lat' dir='ltr'><strong>et</strong></span> <span class='ocrx_word' id='word_1_552' title='bbox 1035 3632 1222 3688; x_wconf 89' lang='lat' dir='ltr'><strong>dicere</strong></span> <span class='ocrx_word' id='word_1_553' title='bbox 1249 3632 1322 3686; x_wconf 93' lang='lat' dir='ltr'><strong>illi</strong></span> <span class='ocrx_word' id='word_1_554' title='bbox 1352 3634 1663 3704; x_wconf 87' lang='lat' dir='ltr'><strong>singulatim</strong></span> <span class='ocrx_word' id='word_1_555' title='bbox 1695 3652 1710 3689; x_wconf 85' lang='lat'><strong>:</strong></span> <span class='ocrx_word' id='word_1_556' title='bbox 1746 3635 1996 3706; x_wconf 82' lang='lat' dir='ltr'><strong>Nunquid</strong></span> 
     </span>
    </p>
   </div>
   <div class='ocr_carea' id='block_1_69' title="bbox 416 3723 1996 3798">
    <p class='ocr_par' dir='ltr' id='par_1_69' title="bbox 416 3723 1996 3798">
     <span class='ocr_line' id='line_1_69' title="bbox 416 3723 1996 3798; baseline 0.001 -17"><span class='ocrx_word' id='word_1_557' title='bbox 416 3727 557 3797; x_wconf 81' lang='lat' dir='ltr'><strong>ego?</strong></span> <span class='ocrx_word' id='word_1_558' title='bbox 586 3738 641 3783; x_wconf 87' lang='lat' dir='ltr'><strong>et</strong></span> <span class='ocrx_word' id='word_1_559' title='bbox 673 3727 850 3783; x_wconf 90' lang='lat' dir='ltr'><strong>alius:</strong></span> <span class='ocrx_word' id='word_1_560' title='bbox 883 3726 1139 3798; x_wconf 83' lang='lat' dir='ltr'><strong>Nunquid</strong></span> <span class='ocrx_word' id='word_1_561' title='bbox 1170 3726 1315 3797; x_wconf 77' lang='lat' dir='ltr'><strong>ego?</strong></span> <span class='ocrx_word' id='word_1_562' title='bbox 1338 3746 1357 3778; x_wconf 76' lang='grc' dir='ltr'><strong>ι</strong></span> <span class='ocrx_word' id='word_1_563' title='bbox 1377 3723 1574 3781; x_wconf 88' lang='lat' dir='ltr'><strong>Secum</strong></span> <span class='ocrx_word' id='word_1_564' title='bbox 1604 3726 1747 3783; x_wconf 87' lang='lat' dir='ltr'><strong>enim</strong></span> <span class='ocrx_word' id='word_1_565' title='bbox 1780 3736 1996 3797; x_wconf 85' lang='lat' dir='ltr'><strong>repete-</strong></span> 
     </span>
    </p>
   </div>
   <div class='ocr_carea' id='block_1_70' title="bbox 418 3817 2000 3889">
    <p class='ocr_par' dir='ltr' id='par_1_70' title="bbox 418 3817 2000 3889">
     <span class='ocr_line' id='line_1_70' title="bbox 418 3817 2000 3889; baseline 0.001 -17"><span class='ocrx_word' id='word_1_566' title='bbox 418 3820 569 3882; x_wconf 86' lang='lat' dir='ltr'><strong>bant,</strong></span> <span class='ocrx_word' id='word_1_567' title='bbox 598 3819 811 3889; x_wconf 92' lang='lat' dir='ltr'><strong>opinor,</strong></span> <span class='ocrx_word' id='word_1_568' title='bbox 843 3835 905 3876; x_wconf 89' lang='lat' dir='ltr'><strong>se</strong></span> <span class='ocrx_word' id='word_1_569' title='bbox 929 3820 1177 3879; x_wconf 83' lang='lat' dir='ltr'><strong>homines</strong></span> <span class='ocrx_word' id='word_1_570' title='bbox 1201 3832 1344 3886; x_wconf 89' lang='lat' dir='ltr'><strong>esse,</strong></span> <span class='ocrx_word' id='word_1_571' title='bbox 1385 3828 1439 3871; x_wconf 90' lang='lat' dir='ltr'><strong>et</strong></span> <span class='ocrx_word' id='word_1_572' title='bbox 1467 3817 1801 3888; x_wconf 86' lang='lat' dir='ltr'><strong>propositum</strong></span> <span class='ocrx_word' id='word_1_573' title='bbox 1821 3819 2000 3873; x_wconf 88' lang='lat' dir='ltr'><strong>adhuc</strong></span> 
     </span>
    </p>
   </div>
   <div class='ocr_carea' id='block_1_71' title="bbox 419 3909 2000 3980">
    <p class='ocr_par' dir='ltr' id='par_1_71' title="bbox 419 3909 2000 3980">
     <span class='ocr_line' id='line_1_71' title="bbox 419 3909 2000 3980; baseline -0.001 -16"><span class='ocrx_word' id='word_1_574' title='bbox 419 3909 821 3979; x_wconf 78' lang='lat' dir='ltr'><strong>proficientium</strong></span> <span class='ocrx_word' id='word_1_575' title='bbox 863 3911 1133 3970; x_wconf 87' lang='lat' dir='ltr'><strong>mutabile</strong></span> <span class='ocrx_word' id='word_1_576' title='bbox 1164 3925 1308 3973; x_wconf 87' lang='lat' dir='ltr'><strong>esse,</strong></span> <span class='ocrx_word' id='word_1_577' title='bbox 1340 3924 1623 3980; x_wconf 83' lang='lat' dir='ltr'><strong>capaxque</strong></span> <span class='ocrx_word' id='word_1_578' title='bbox 1664 3910 1880 3965; x_wconf 90' lang='lat' dir='ltr'><strong>volendi</strong></span> <span class='ocrx_word' id='word_1_579' title='bbox 1914 3924 2000 3963; x_wconf 85' lang='lat' dir='ltr'><strong>re-</strong></span> 
     </span>
    </p>
   </div>
   <div class='ocr_carea' id='block_1_72' title="bbox 418 4003 2002 4076">
    <p class='ocr_par' dir='ltr' id='par_1_72' title="bbox 418 4003 2002 4076">
     <span class='ocr_line' id='line_1_72' title="bbox 418 4003 2002 4076; baseline 0.002 -22"><span class='ocrx_word' id='word_1_580' title='bbox 418 4004 710 4073; x_wconf 81' lang='lat' dir='ltr'><strong>pugnantia</strong></span> <span class='ocrx_word' id='word_1_581' title='bbox 771 4005 857 4060; x_wconf 89' lang='lat' dir='ltr'><strong>his</strong></span> <span class='ocrx_word' id='word_1_582' title='bbox 913 4021 1033 4076; x_wconf 65' lang='lat' dir='ltr'><strong>quae</strong></span> <span class='ocrx_word' id='word_1_583' title='bbox 1089 4016 1247 4061; x_wconf 90' lang='lat' dir='ltr'><strong>antea</strong></span> <span class='ocrx_word' id='word_1_584' title='bbox 1301 4005 1707 4075; x_wconf 90' lang='lat' dir='ltr'><strong>proposuisset,</strong></span> <span class='ocrx_word' id='word_1_585' title='bbox 1750 4003 2002 4059; x_wconf 88' lang='lat' dir='ltr'><strong>fortassis</strong></span> 
     </span>
    </p>
   </div>
   <div class='ocr_carea' id='block_1_73' title="bbox 416 4095 2001 4166">
    <p class='ocr_par' dir='ltr' id='par_1_73' title="bbox 416 4095 2001 4166">
     <span class='ocr_line' id='line_1_73' title="bbox 416 4095 2001 4166; baseline 0 -19"><span class='ocrx_word' id='word_1_586' title='bbox 416 4095 582 4148; x_wconf 87' lang='lat' dir='ltr'><strong>etiam</strong></span> <span class='ocrx_word' id='word_1_587' title='bbox 611 4096 787 4151; x_wconf 90' lang='lat' dir='ltr'><strong>cdocti</strong></span> <span class='ocrx_word' id='word_1_588' title='bbox 828 4107 1017 4152; x_wconf 87' lang='lat' dir='ltr'><strong>contra</strong></span> <span class='ocrx_word' id='word_1_589' title='bbox 1072 4112 1194 4166; x_wconf 86' lang='lat' dir='ltr'><strong>quae</strong></span> <span class='ocrx_word' id='word_1_590' title='bbox 1244 4098 1317 4152; x_wconf 76' lang='lat' dir='ltr'><strong>sit</strong></span> <span class='ocrx_word' id='word_1_591' title='bbox 1353 4097 1514 4151; x_wconf 86' lang='lat' dir='ltr'><strong>nobis</strong></span> <span class='ocrx_word' id='word_1_592' title='bbox 1561 4096 1729 4160; x_wconf 89' lang='lat' dir='ltr'><strong>lucta,</strong></span> <span class='ocrx_word' id='word_1_593' title='bbox 1779 4104 2001 4165; x_wconf 88' lang='lat' dir='ltr'><strong>propter</strong></span> 
     </span>
    </p>
   </div>
   <div class='ocr_carea' id='block_1_74' title="bbox 418 4186 2002 4261">
    <p class='ocr_par' dir='ltr' id='par_1_74' title="bbox 418 4186 2002 4261">
     <span class='ocr_line' id='line_1_74' title="bbox 418 4186 2002 4261; baseline 0.003 -22"><span class='ocrx_word' id='word_1_594' title='bbox 418 4186 681 4243; x_wconf 90' lang='lat' dir='ltr'><strong>incertum</strong></span> <span class='ocrx_word' id='word_1_595' title='bbox 702 4202 883 4242; x_wconf 90' lang='lat' dir='ltr'><strong>rerum</strong></span> <span class='ocrx_word' id='word_1_596' title='bbox 904 4189 1265 4242; x_wconf 89' lang='lat' dir='ltr'><strong>humanarum</strong></span> <span class='ocrx_word' id='word_1_597' title='bbox 1288 4188 1518 4255; x_wconf 86' lang='lat' dir='ltr'><strong>exitum,</strong></span> <span class='ocrx_word' id='word_1_598' title='bbox 1546 4187 1710 4261; x_wconf 73' lang='grc'><strong>437</strong></span> <span class='ocrx_word' id='word_1_599' title='bbox 1741 4198 2002 4243; x_wconf 91' lang='lat' dir='ltr'><strong>verentur</strong></span> 
     </span>
    </p>
   </div>
   <div class='ocr_carea' id='block_1_75' title="bbox 418 4276 2002 4348">
    <p class='ocr_par' dir='ltr' id='par_1_75' title="bbox 418 4276 2002 4348">
     <span class='ocr_line' id='line_1_75' title="bbox 418 4276 2002 4348; baseline 0.001 -18"><span class='ocrx_word' id='word_1_600' title='bbox 418 4291 487 4331; x_wconf 86' lang='lat' dir='ltr'><strong>ne</strong></span> <span class='ocrx_word' id='word_1_601' title='bbox 507 4276 837 4347; x_wconf 88' lang='lat' dir='ltr'><strong>quandoque</strong></span> <span class='ocrx_word' id='word_1_602' title='bbox 877 4277 1007 4332; x_wconf 88' lang='lat' dir='ltr'><strong>victi</strong></span> <span class='ocrx_word' id='word_1_603' title='bbox 1060 4277 1352 4332; x_wconf 87' lang='lat' dir='ltr'><strong>admittant</strong></span> <span class='ocrx_word' id='word_1_604' title='bbox 1390 4278 1753 4348; x_wconf 89' lang='lat' dir='ltr'><strong>proditionem</strong></span> <span class='ocrx_word' id='word_1_605' title='bbox 1783 4278 1848 4331; x_wconf 90' lang='lat' dir='ltr'><strong>de</strong></span> <span class='ocrx_word' id='word_1_606' title='bbox 1881 4276 2002 4335; x_wconf 79' lang='lat' dir='ltr'><strong>Ma-</strong></span> 
     </span>
    </p>
   </div>
   <div class='ocr_carea' id='block_1_76' title="bbox 418 4368 2003 4446">
    <p class='ocr_par' dir='ltr' id='par_1_76' title="bbox 418 4368 2003 4446">
     <span class='ocr_line' id='line_1_76' title="bbox 418 4368 2003 4446; baseline 0.003 -25"><span class='ocrx_word' id='word_1_607' title='bbox 418 4369 625 4439; x_wconf 81' lang='lat' dir='ltr'><strong>gistro;</strong></span> <span class='ocrx_word' id='word_1_608' title='bbox 668 4383 905 4438; x_wconf 90' lang='lat' dir='ltr'><strong>namque</strong></span> <span class='ocrx_word' id='word_1_609' title='bbox 946 4368 1143 4425; x_wconf 87' lang='lat' dir='ltr'><strong>Petrus</strong></span> <span class='ocrx_word' id='word_1_610' title='bbox 1174 4371 1513 4440; x_wconf 83' lang='lat' dir='ltr'><strong>propositum</strong></span> <span class='ocrx_word' id='word_1_611' title='bbox 1564 4371 1782 4446; x_wconf 89' lang='lat' dir='ltr'><strong>quidem</strong></span> <span class='ocrx_word' id='word_1_612' title='bbox 1836 4371 2003 4427; x_wconf 89' lang='lat' dir='ltr'><strong>habe-</strong></span> 
     </span>
    </p>
   </div>
   <div class='ocr_carea' id='block_1_77' title="bbox 418 4461 2002 4527">
    <p class='ocr_par' dir='ltr' id='par_1_77' title="bbox 418 4461 2002 4527">
     <span class='ocr_line' id='line_1_77' title="bbox 418 4461 2002 4527; baseline 0.002 -12"><span class='ocrx_word' id='word_1_613' title='bbox 418 4464 534 4527; x_wconf 76' lang='lat' dir='ltr'><strong>Iiat,</strong></span> <span class='ocrx_word' id='word_1_614' title='bbox 567 4478 691 4517; x_wconf 87' lang='lat' dir='ltr'><strong>cum</strong></span> <span class='ocrx_word' id='word_1_615' title='bbox 725 4464 1081 4521; x_wconf 82' lang='lat' dir='ltr'><strong>conﬁrmatus</strong></span> <span class='ocrx_word' id='word_1_616' title='bbox 1107 4461 1362 4518; x_wconf 84' lang='lat' dir='ltr'><strong>dicebat:</strong></span> <span class='ocrx_word' id='word_1_617' title='bbox 1404 4483 1422 4514; x_wconf 75' lang='grc' dir='ltr'><em>α</em></span> <span class='ocrx_word' id='word_1_618' title='bbox 1448 4464 1673 4519; x_wconf 80' lang='lat' dir='ltr'><strong>Etiamsi</strong></span> <span class='ocrx_word' id='word_1_619' title='bbox 1700 4479 1894 4519; x_wconf 90' lang='lat' dir='ltr'><strong>omnes</strong></span> <span class='ocrx_word' id='word_1_620' title='bbox 1918 4463 2002 4520; x_wconf 79' lang='lat' dir='ltr'><strong>of-</strong></span> 
     </span>
    </p>
   </div>
   <div class='ocr_carea' id='block_1_78' title="bbox 2100 3250 3784 3340">
    <p class='ocr_par' dir='ltr' id='par_1_78' title="bbox 2100 3250 3784 3340">
     <span class='ocr_line' id='line_1_78' title="bbox 2100 3250 3784 3340; baseline -0.013 -15"><span class='ocrx_word' id='word_1_621' title='bbox 2100 3250 2193 3334; x_wconf 84' lang='grc' dir='ltr'><strong>κος</strong></span> <span class='ocrx_word' id='word_1_622' title='bbox 2212 3311 2227 3334; x_wconf 93' lang='grc'><strong>,</strong></span> <span class='ocrx_word' id='word_1_623' title='bbox 2257 3270 2339 3323; x_wconf 83' lang='grc' dir='ltr'><strong>ὅτι</strong></span> <span class='ocrx_word' id='word_1_624' title='bbox 2377 3288 2396 3321; x_wconf 78' lang='grc' dir='ltr'><strong>ι</strong></span> <span class='ocrx_word' id='word_1_625' title='bbox 2431 3266 2705 3340; x_wconf 81' lang='grc' dir='ltr'>Ἤρξαντο</span> <span class='ocrx_word' id='word_1_626' title='bbox 2731 3264 3050 3327; x_wconf 78' lang='grc' dir='ltr'>λυπεῖσθαι,</span> <span class='ocrx_word' id='word_1_627' title='bbox 3088 3262 3182 3316; x_wconf 75' lang='grc' dir='ltr'><strong>καὶ</strong></span> <span class='ocrx_word' id='word_1_628' title='bbox 3207 3260 3390 3328; x_wconf 83' lang='grc' dir='ltr'>λέγειν</span> <span class='ocrx_word' id='word_1_629' title='bbox 3422 3255 3567 3326; x_wconf 79' lang='grc' dir='ltr'>αὑτῷ</span> <span class='ocrx_word' id='word_1_630' title='bbox 3607 3250 3689 3318; x_wconf 77' lang='grc' dir='ltr'><strong>εἷς</strong></span> <span class='ocrx_word' id='word_1_631' title='bbox 3782 3334 3784 3339; x_wconf 28' lang='grc' dir='ltr'><strong>Ι</strong></span> 
     </span>
    </p>
   </div>
   <div class='ocr_carea' id='block_1_79' title="bbox 2100 3347 3689 3433">
    <p class='ocr_par' dir='ltr' id='par_1_79' title="bbox 2100 3347 3689 3433">
     <span class='ocr_line' id='line_1_79' title="bbox 2100 3347 3689 3433; baseline -0.011 -16"><span class='ocrx_word' id='word_1_632' title='bbox 2100 3363 2218 3417; x_wconf 73' lang='grc' dir='ltr'>καθ’</span> <span class='ocrx_word' id='word_1_633' title='bbox 2252 3363 2347 3416; x_wconf 71' lang='grc' dir='ltr'><strong>ἕνα</strong></span> <span class='ocrx_word' id='word_1_634' title='bbox 2366 3379 2381 3392; x_wconf 90' lang='grc'><strong>·</strong></span> <span class='ocrx_word' id='word_1_635' title='bbox 2412 3362 2559 3433; x_wconf 86' lang='grc' dir='ltr'>Μήτι</span> <span class='ocrx_word' id='word_1_636' title='bbox 2589 3358 2733 3429; x_wconf 88' lang='grc' dir='ltr'><strong>ἐγώ;</strong></span> <span class='ocrx_word' id='word_1_637' title='bbox 2765 3358 2858 3412; x_wconf 80' lang='grc' dir='ltr'><strong>καὶ</strong></span> <span class='ocrx_word' id='word_1_638' title='bbox 2889 3356 3065 3420; x_wconf 88' lang='grc' dir='ltr'>ἀλλος,</span> <span class='ocrx_word' id='word_1_639' title='bbox 3092 3355 3239 3425; x_wconf 86' lang='grc' dir='ltr'>Μήτι</span> <span class='ocrx_word' id='word_1_640' title='bbox 3267 3350 3421 3422; x_wconf 81' lang='grc' dir='ltr'>ἐγώ;</span> <span class='ocrx_word' id='word_1_641' title='bbox 3459 3370 3477 3402; x_wconf 77' lang='grc' dir='ltr'><strong>ι</strong></span> <span class='ocrx_word' id='word_1_642' title='bbox 3524 3347 3689 3418; x_wconf 83' lang='grc' dir='ltr'>Ἐμέ-</span> 
     </span>
    </p>
   </div>
   <div class='ocr_carea' id='block_1_80' title="bbox 2103 3443 3784 3526">
    <p class='ocr_par' dir='ltr' id='par_1_80' title="bbox 2103 3443 3784 3526">
     <span class='ocr_line' id='line_1_80' title="bbox 2103 3443 3784 3526; baseline -0.011 -17"><span class='ocrx_word' id='word_1_643' title='bbox 2103 3471 2304 3526; x_wconf 88' lang='grc' dir='ltr'>μνηντο</span> <span class='ocrx_word' id='word_1_644' title='bbox 2335 3447 2659 3525; x_wconf 74' lang='grc' dir='ltr'>γὰρ,οἷμαι,</span> <span class='ocrx_word' id='word_1_645' title='bbox 2682 3450 2959 3521; x_wconf 78' lang='grc' dir='ltr'>ἄνθρωποι</span> <span class='ocrx_word' id='word_1_646' title='bbox 2987 3447 3161 3509; x_wconf 76' lang='grc' dir='ltr'>ὄντες,</span> <span class='ocrx_word' id='word_1_647' title='bbox 3185 3445 3269 3498; x_wconf 84' lang='grc' dir='ltr'>ὅτι</span> <span class='ocrx_word' id='word_1_648' title='bbox 3303 3444 3511 3515; x_wconf 87' lang='grc' dir='ltr'>τρεπτή</span> <span class='ocrx_word' id='word_1_649' title='bbox 3540 3443 3690 3493; x_wconf 82' lang='grc' dir='ltr'>ἐστιν</span> <span class='ocrx_word' id='word_1_650' title='bbox 3782 3452 3784 3455; x_wconf 90' lang='grc'>·</span> 
     </span>
    </p>
   </div>
   <div class='ocr_carea' id='block_1_81' title="bbox 2098 3530 3689 3618">
    <p class='ocr_par' dir='ltr' id='par_1_81' title="bbox 2098 3530 3689 3618">
     <span class='ocr_line' id='line_1_81' title="bbox 2098 3530 3689 3618; baseline -0.012 -18"><span class='ocrx_word' id='word_1_651' title='bbox 2098 3548 2131 3618; x_wconf 82' lang='grc' dir='ltr'><strong>ή</strong></span> <span class='ocrx_word' id='word_1_652' title='bbox 2167 3545 2484 3616; x_wconf 87' lang='grc' dir='ltr'>προαίρεσις</span> <span class='ocrx_word' id='word_1_653' title='bbox 2507 3542 2615 3596; x_wconf 83' lang='grc' dir='ltr'>τῶν</span> <span class='ocrx_word' id='word_1_654' title='bbox 2639 3540 2720 3595; x_wconf 84' lang='grc' dir='ltr'><strong>ἔτι</strong></span> <span class='ocrx_word' id='word_1_655' title='bbox 2744 3538 3181 3612; x_wconf 82' lang='grc' dir='ltr'>προκοπτόντων,</span> <span class='ocrx_word' id='word_1_656' title='bbox 3207 3535 3303 3589; x_wconf 71' lang='grc' dir='ltr'><strong>καὶ</strong></span> <span class='ocrx_word' id='word_1_657' title='bbox 3329 3530 3689 3602; x_wconf 83' lang='grc' dir='ltr'>ἐπιδεχομένη</span> 
     </span>
    </p>
   </div>
   <div class='ocr_carea' id='block_1_82' title="bbox 2098 3620 3691 3701">
    <p class='ocr_par' dir='ltr' id='par_1_82' title="bbox 2098 3620 3691 3701">
     <span class='ocr_line' id='line_1_82' title="bbox 2098 3620 3691 3701; baseline -0.01 -10"><span class='ocrx_word' id='word_1_658' title='bbox 2098 3636 2168 3689; x_wconf 74' lang='grc' dir='ltr'>τὰ</span> <span class='ocrx_word' id='word_1_659' title='bbox 2198 3634 2416 3690; x_wconf 77' lang='grc' dir='ltr'>ἐναντία</span> <span class='ocrx_word' id='word_1_660' title='bbox 2459 3633 2634 3686; x_wconf 79' lang='grc' dir='ltr'>θέλειν</span> <span class='ocrx_word' id='word_1_661' title='bbox 2660 3625 2742 3694; x_wconf 73' lang='grc' dir='ltr'>οἷς</span> <span class='ocrx_word' id='word_1_662' title='bbox 2770 3629 3033 3701; x_wconf 86' lang='grc' dir='ltr'>πρότερον</span> <span class='ocrx_word' id='word_1_663' title='bbox 3064 3627 3174 3698; x_wconf 86' lang='grc'><strong>(81)</strong></span> <span class='ocrx_word' id='word_1_664' title='bbox 3225 3623 3490 3697; x_wconf 78' lang='grc' dir='ltr'>προέθετο</span> <span class='ocrx_word' id='word_1_665' title='bbox 3509 3638 3521 3650; x_wconf 94' lang='grc'><strong>·</strong></span> <span class='ocrx_word' id='word_1_666' title='bbox 3550 3620 3691 3688; x_wconf 76' lang='grc' dir='ltr'>τάχα</span> 
     </span>
    </p>
   </div>
   <div class='ocr_carea' id='block_1_83' title="bbox 2099 3712 3691 3797">
    <p class='ocr_par' dir='ltr' id='par_1_83' title="bbox 2099 3712 3691 3797">
     <span class='ocr_line' id='line_1_83' title="bbox 2099 3712 3691 3797; baseline -0.01 -17"><span class='ocrx_word' id='word_1_667' title='bbox 2099 3726 2155 3780; x_wconf 84' lang='grc' dir='ltr'>δὲ</span> <span class='ocrx_word' id='word_1_668' title='bbox 2188 3728 2283 3780; x_wconf 78' lang='grc' dir='ltr'><strong>καὶ</strong></span> <span class='ocrx_word' id='word_1_669' title='bbox 2320 3724 2582 3797; x_wconf 86' lang='grc' dir='ltr'>μαθόντες</span> <span class='ocrx_word' id='word_1_670' title='bbox 2624 3723 2761 3795; x_wconf 74' lang='grc' dir='ltr'>πρὸς</span> <span class='ocrx_word' id='word_1_671' title='bbox 2810 3721 2846 3775; x_wconf 80' lang='grc' dir='ltr'>ἂ</span> <span class='ocrx_word' id='word_1_672' title='bbox 2873 3723 3007 3792; x_wconf 85' lang='grc' dir='ltr'>ήμῖν</span> <span class='ocrx_word' id='word_1_673' title='bbox 3051 3722 3200 3773; x_wconf 80' lang='grc' dir='ltr'>ἐστιν</span> <span class='ocrx_word' id='word_1_674' title='bbox 3249 3719 3281 3788; x_wconf 87' lang='grc' dir='ltr'><strong>ή</strong></span> <span class='ocrx_word' id='word_1_675' title='bbox 3313 3715 3461 3785; x_wconf 85' lang='grc' dir='ltr'><strong>πάλη</strong></span> <span class='ocrx_word' id='word_1_676' title='bbox 3484 3752 3499 3776; x_wconf 93' lang='grc'><strong>,</strong></span> <span class='ocrx_word' id='word_1_677' title='bbox 3531 3712 3691 3764; x_wconf 79' lang='grc' dir='ltr'>εὐλα-</span> 
     </span>
    </p>
   </div>
   <div class='ocr_carea' id='block_1_84' title="bbox 2100 3803 3693 3885">
    <p class='ocr_par' dir='ltr' id='par_1_84' title="bbox 2100 3803 3693 3885">
     <span class='ocr_line' id='line_1_84' title="bbox 2100 3803 3693 3885; baseline -0.01 -14"><span class='ocrx_word' id='word_1_678' title='bbox 2100 3817 2294 3871; x_wconf 76' lang='grc' dir='ltr'>ϐοῦντο</span> <span class='ocrx_word' id='word_1_679' title='bbox 2318 3816 2406 3869; x_wconf 86' lang='grc' dir='ltr'><strong>διὰ</strong></span> <span class='ocrx_word' id='word_1_680' title='bbox 2430 3817 2489 3869; x_wconf 79' lang='grc' dir='ltr'><strong>τὸ</strong></span> <span class='ocrx_word' id='word_1_681' title='bbox 2518 3817 2576 3869; x_wconf 83' lang='grc' dir='ltr'><strong>ἐν</strong></span> <span class='ocrx_word' id='word_1_682' title='bbox 2614 3813 2925 3885; x_wconf 86' lang='grc' dir='ltr'>ἀνθρώποις</span> <span class='ocrx_word' id='word_1_683' title='bbox 2956 3810 3170 3882; x_wconf 82' lang='grc' dir='ltr'>ἄδηλον,</span> <span class='ocrx_word' id='word_1_684' title='bbox 3204 3810 3418 3880; x_wconf 87' lang='grc' dir='ltr'>μήποτε</span> <span class='ocrx_word' id='word_1_685' title='bbox 3448 3803 3693 3875; x_wconf 77' lang='grc' dir='ltr'>νικηθέν-</span> 
     </span>
    </p>
   </div>
   <div class='ocr_carea' id='block_1_85' title="bbox 2098 3897 3687 3981">
    <p class='ocr_par' dir='ltr' id='par_1_85' title="bbox 2098 3897 3687 3981">
     <span class='ocr_line' id='line_1_85' title="bbox 2098 3897 3687 3981; baseline -0.011 -17"><span class='ocrx_word' id='word_1_686' title='bbox 2098 3927 2191 3974; x_wconf 80' lang='grc' dir='ltr'><strong>τες</strong></span> <span class='ocrx_word' id='word_1_687' title='bbox 2217 3910 2625 3981; x_wconf 78' lang='grc' dir='ltr'>παραδέξωνται</span> <span class='ocrx_word' id='word_1_688' title='bbox 2657 3908 2752 3961; x_wconf 73' lang='grc' dir='ltr'>καὶ</span> <span class='ocrx_word' id='word_1_689' title='bbox 2780 3905 2876 3978; x_wconf 84' lang='grc' dir='ltr'>τὴν</span> <span class='ocrx_word' id='word_1_690' title='bbox 2906 3904 2996 3959; x_wconf 83' lang='grc' dir='ltr'><strong>τοῦ</strong></span> <span class='ocrx_word' id='word_1_691' title='bbox 3016 3902 3348 3958; x_wconf 76' lang='grc' dir='ltr'>Διδασκαλου</span> <span class='ocrx_word' id='word_1_692' title='bbox 3379 3897 3687 3973; x_wconf 63' lang='grc' dir='ltr'>προδοσίαν</span> 
     </span>
    </p>
   </div>
   <div class='ocr_carea' id='block_1_86' title="bbox 2100 3989 3692 4073">
    <p class='ocr_par' dir='ltr' id='par_1_86' title="bbox 2100 3989 3692 4073">
     <span class='ocr_line' id='line_1_86' title="bbox 2100 3989 3692 4073; baseline -0.011 -16"><span class='ocrx_word' id='word_1_693' title='bbox 2100 4003 2197 4057; x_wconf 73' lang='grc' dir='ltr'><strong>καὶ</strong></span> <span class='ocrx_word' id='word_1_694' title='bbox 2221 4003 2328 4073; x_wconf 78' lang='grc' dir='ltr'>γὰρ</span> <span class='ocrx_word' id='word_1_695' title='bbox 2356 4004 2384 4055; x_wconf 90' lang='lat'><strong>6</strong></span> <span class='ocrx_word' id='word_1_696' title='bbox 2410 4002 2617 4071; x_wconf 87' lang='grc' dir='ltr'>Πέτρος</span> <span class='ocrx_word' id='word_1_697' title='bbox 2647 3999 2906 4072; x_wconf 88' lang='grc' dir='ltr'>πρόθεσιν</span> <span class='ocrx_word' id='word_1_698' title='bbox 2929 3998 3028 4069; x_wconf 81' lang='grc' dir='ltr'><strong>μὲν</strong></span> <span class='ocrx_word' id='word_1_699' title='bbox 3050 3993 3216 4067; x_wconf 70' lang='grc' dir='ltr'>εἶχεν,</span> <span class='ocrx_word' id='word_1_700' title='bbox 3241 3996 3331 4049; x_wconf 78' lang='grc' dir='ltr'>ὅτε</span> <span class='ocrx_word' id='word_1_701' title='bbox 3356 3989 3692 4048; x_wconf 74' lang='grc' dir='ltr'>διαϐεϐαιού-</span> 
     </span>
    </p>
   </div>
   <div class='ocr_carea' id='block_1_87' title="bbox 2104 4080 3692 4162">
    <p class='ocr_par' dir='ltr' id='par_1_87' title="bbox 2104 4080 3692 4162">
     <span class='ocr_line' id='line_1_87' title="bbox 2104 4080 3692 4162; baseline -0.006 -20"><span class='ocrx_word' id='word_1_702' title='bbox 2104 4087 2264 4162; x_wconf 80' lang='grc' dir='ltr'>μενος</span> <span class='ocrx_word' id='word_1_703' title='bbox 2293 4090 2476 4158; x_wconf 84' lang='grc' dir='ltr'>ἒλεγεν</span> <span class='ocrx_word' id='word_1_704' title='bbox 2496 4107 2509 4119; x_wconf 90' lang='grc'>·</span> <span class='ocrx_word' id='word_1_705' title='bbox 2552 4107 2570 4139; x_wconf 72' lang='grc' dir='ltr'><strong>ι</strong></span> <span class='ocrx_word' id='word_1_706' title='bbox 2602 4088 2666 4145; x_wconf 81' lang='grc' dir='ltr'><strong>Εἰ</strong></span> <span class='ocrx_word' id='word_1_707' title='bbox 2694 4088 2787 4143; x_wconf 79' lang='grc' dir='ltr'><strong>καὶ</strong></span> <span class='ocrx_word' id='word_1_708' title='bbox 2822 4086 3024 4149; x_wconf 84' lang='grc' dir='ltr'>πάντες</span> <span class='ocrx_word' id='word_1_709' title='bbox 3054 4082 3604 4153; x_wconf 84' lang='grc' dir='ltr'>σκανδαλισθήσονται</span> <span class='ocrx_word' id='word_1_710' title='bbox 3634 4080 3692 4132; x_wconf 82' lang='grc' dir='ltr'>ὲν</span> 
     </span>
    </p>
   </div>
   <div class='ocr_carea' id='block_1_88' title="bbox 2103 4172 3693 4252">
    <p class='ocr_par' dir='ltr' id='par_1_88' title="bbox 2103 4172 3693 4252">
     <span class='ocr_line' id='line_1_88' title="bbox 2103 4172 3693 4252; baseline -0.009 -12"><span class='ocrx_word' id='word_1_711' title='bbox 2103 4186 2207 4249; x_wconf 77' lang='grc' dir='ltr'>σοὶ,</span> <span class='ocrx_word' id='word_1_712' title='bbox 2234 4182 2343 4252; x_wconf 80' lang='grc' dir='ltr'>ἐγὼ</span> <span class='ocrx_word' id='word_1_713' title='bbox 2375 4183 2435 4235; x_wconf 84' lang='grc' dir='ltr'><strong>οὑ</strong></span> <span class='ocrx_word' id='word_1_714' title='bbox 2463 4180 3014 4251; x_wconf 81' lang='grc' dir='ltr'>σκανδαλισθήσομαι,</span> <span class='ocrx_word' id='word_1_715' title='bbox 3047 4196 3066 4229; x_wconf 73' lang='grc' dir='ltr'><strong>ι</strong></span> <span class='ocrx_word' id='word_1_716' title='bbox 3109 4177 3185 4249; x_wconf 82' lang='grc' dir='ltr'>μὴ</span> <span class='ocrx_word' id='word_1_717' title='bbox 3228 4172 3561 4248; x_wconf 84' lang='grc' dir='ltr'>ἀρνήσασθαι</span> <span class='ocrx_word' id='word_1_718' title='bbox 3603 4172 3693 4225; x_wconf 65' lang='grc' dir='ltr'><strong>τὸν</strong></span> 
     </span>
    </p>
   </div>
   <div class='ocr_carea' id='block_1_89' title="bbox 2115 4264 3691 4347">
    <p class='ocr_par' dir='ltr' id='par_1_89' title="bbox 2115 4264 3691 4347">
     <span class='ocr_line' id='line_1_89' title="bbox 2115 4264 3691 4347; baseline -0.008 -17"><span class='ocrx_word' id='word_1_719' title='bbox 2115 4277 2324 4347; x_wconf 81' lang='grc' dir='ltr'>Ἰησοῦν</span> <span class='ocrx_word' id='word_1_720' title='bbox 2351 4291 2364 4304; x_wconf 77' lang='grc'><strong>⁸</strong></span> <span class='ocrx_word' id='word_1_721' title='bbox 2394 4273 2705 4345; x_wconf 76' lang='grc' dir='ltr'>ὲκνικηθεὶς</span> <span class='ocrx_word' id='word_1_722' title='bbox 2733 4273 2789 4329; x_wconf 83' lang='grc' dir='ltr'>δὲ</span> <span class='ocrx_word' id='word_1_723' title='bbox 2827 4271 2932 4325; x_wconf 82' lang='grc' dir='ltr'><strong>ὑπὸ</strong></span> <span class='ocrx_word' id='word_1_724' title='bbox 2957 4269 3052 4324; x_wconf 89' lang='grc' dir='ltr'><strong>τοῦ</strong></span> <span class='ocrx_word' id='word_1_725' title='bbox 3085 4269 3185 4341; x_wconf 82' lang='grc' dir='ltr'>τῆς</span> <span class='ocrx_word' id='word_1_726' title='bbox 3214 4267 3417 4332; x_wconf 85' lang='grc' dir='ltr'>δειλίας</span> <span class='ocrx_word' id='word_1_727' title='bbox 3452 4264 3691 4335; x_wconf 84' lang='grc' dir='ltr'>πνεύμα-</span> 
     </span>
    </p>
   </div>
   <div class='ocr_carea' id='block_1_90' title="bbox 2102 4356 3694 4439">
    <p class='ocr_par' dir='ltr' id='par_1_90' title="bbox 2102 4356 3694 4439">
     <span class='ocr_line' id='line_1_90' title="bbox 2102 4356 3694 4439; baseline -0.009 -19"><span class='ocrx_word' id='word_1_728' title='bbox 2102 4385 2193 4431; x_wconf 87' lang='grc' dir='ltr'><strong>τος</strong></span> <span class='ocrx_word' id='word_1_729' title='bbox 2235 4367 2340 4439; x_wconf 88' lang='grc' dir='ltr'><strong>πρὸ</strong></span> <span class='ocrx_word' id='word_1_730' title='bbox 2383 4364 2822 4438; x_wconf 74' lang='grc' dir='ltr'>ἀλεκτροφωνίας</span> <span class='ocrx_word' id='word_1_731' title='bbox 2866 4362 2988 4434; x_wconf 72' lang='grc' dir='ltr'>τρὶς</span> <span class='ocrx_word' id='word_1_732' title='bbox 3038 4360 3203 4415; x_wconf 83' lang='grc' dir='ltr'>αὑτὸν</span> <span class='ocrx_word' id='word_1_733' title='bbox 3248 4360 3540 4430; x_wconf 76' lang='grc' dir='ltr'>ἠρνήσατο.</span> <span class='ocrx_word' id='word_1_734' title='bbox 3601 4356 3694 4407; x_wconf 78' lang='grc' dir='ltr'>Ἐκ</span> 
     </span>
    </p>
   </div>
   <div class='ocr_carea' id='block_1_91' title="bbox 2102 4450 3693 4531">
    <p class='ocr_par' dir='ltr' id='par_1_91' title="bbox 2102 4450 3693 4531">
     <span class='ocr_line' id='line_1_91' title="bbox 2102 4450 3693 4531; baseline -0.007 -19"><span class='ocrx_word' id='word_1_735' title='bbox 2102 4459 2213 4513; x_wconf 84' lang='grc' dir='ltr'>τῶν</span> <span class='ocrx_word' id='word_1_736' title='bbox 2245 4459 2500 4514; x_wconf 84' lang='grc' dir='ltr'>τοιούτων</span> <span class='ocrx_word' id='word_1_737' title='bbox 2528 4459 2591 4531; x_wconf 84' lang='grc' dir='ltr'><strong>δὴ</strong></span> <span class='ocrx_word' id='word_1_738' title='bbox 2622 4459 2796 4527; x_wconf 89' lang='grc' dir='ltr'>λόγων</span> <span class='ocrx_word' id='word_1_739' title='bbox 2825 4455 3210 4529; x_wconf 82' lang='grc' dir='ltr'>διδασκόμεθα,</span> <span class='ocrx_word' id='word_1_740' title='bbox 3235 4456 3340 4520; x_wconf 86' lang='grc' dir='ltr'>ὃτι,</span> <span class='ocrx_word' id='word_1_741' title='bbox 3373 4473 3392 4505; x_wconf 75' lang='grc' dir='ltr'><strong>ι</strong></span> <span class='ocrx_word' id='word_1_742' title='bbox 3440 4454 3496 4507; x_wconf 85' lang='lat'><strong>&#39;0</strong></span> <span class='ocrx_word' id='word_1_743' title='bbox 3524 4450 3693 4504; x_wconf 75' lang='grc' dir='ltr'>δοκῶν</span> 
     </span>
    </p>
   </div>
   <div class='ocr_carea' id='block_1_92' title="bbox 417 4543 2000 4625">
    <p class='ocr_par' dir='ltr' id='par_1_92' title="bbox 417 4551 1989 4625">
     <span class='ocr_line' id='line_1_92' title="bbox 417 4551 1989 4625; baseline 0.003 -18"><span class='ocrx_word' id='word_1_744' title='bbox 417 4551 708 4608; x_wconf 77' lang='lat' dir='ltr'><strong>fendantur</strong></span> <span class='ocrx_word' id='word_1_745' title='bbox 726 4563 815 4608; x_wconf 88' lang='lat' dir='ltr'><strong>tua</strong></span> <span class='ocrx_word' id='word_1_746' title='bbox 833 4570 1018 4620; x_wconf 91' lang='lat' dir='ltr'><strong>causa,</strong></span> <span class='ocrx_word' id='word_1_747' title='bbox 1033 4570 1133 4621; x_wconf 77' lang='lat' dir='ltr'><strong>ego</strong></span> <span class='ocrx_word' id='word_1_748' title='bbox 1155 4566 1334 4612; x_wconf 92' lang='lat' dir='ltr'><strong>tamen</strong></span> <span class='ocrx_word' id='word_1_749' title='bbox 1353 4570 1630 4625; x_wconf 88' lang='lat' dir='ltr'><strong>nunquam</strong></span> <span class='ocrx_word' id='word_1_750' title='bbox 1654 4552 1948 4618; x_wconf 69' lang='lat' dir='ltr'><strong>oﬂ’endar‘,</strong></span> <span class='ocrx_word' id='word_1_751' title='bbox 1970 4572 1989 4611; x_wconf 72' lang='grc' dir='ltr'><strong>ι</strong></span> 
     </span>
    </p>
   </div>
   <div class='ocr_carea' id='block_1_93' title="bbox 2142 4543 3693 4625">
    <p class='ocr_par' dir='ltr' id='par_1_93' title="bbox 2142 4543 3693 4623">
     <span class='ocr_line' id='line_1_93' title="bbox 2142 4543 3693 4623; baseline -0.008 -17"><span class='ocrx_word' id='word_1_752' title='bbox 2142 4553 2323 4607; x_wconf 79' lang='grc' dir='ltr'>στάναι</span> <span class='ocrx_word' id='word_1_753' title='bbox 2357 4552 2468 4623; x_wconf 74' lang='grc'><strong>(82)</strong></span> <span class='ocrx_word' id='word_1_754' title='bbox 2513 4551 2760 4622; x_wconf 85' lang='grc' dir='ltr'>βλεπέτω</span> <span class='ocrx_word' id='word_1_755' title='bbox 2792 4551 2865 4622; x_wconf 80' lang='grc' dir='ltr'>μὴ</span> <span class='ocrx_word' id='word_1_756' title='bbox 2898 4549 3042 4621; x_wconf 81' lang='grc' dir='ltr'>πέσῃ</span> <span class='ocrx_word' id='word_1_757' title='bbox 3065 4589 3080 4613; x_wconf 87' lang='grc'><strong>,</strong></span> <span class='ocrx_word' id='word_1_758' title='bbox 3122 4568 3140 4599; x_wconf 72' lang='grc' dir='ltr'><strong>ι</strong></span> <span class='ocrx_word' id='word_1_759' title='bbox 3180 4548 3298 4612; x_wconf 71' lang='grc' dir='ltr'>καὶ,</span> <span class='ocrx_word' id='word_1_760' title='bbox 3329 4564 3349 4597; x_wconf 71' lang='grc' dir='ltr'><strong>ι</strong></span> <span class='ocrx_word' id='word_1_761' title='bbox 3390 4545 3482 4616; x_wconf 76' lang='grc' dir='ltr'>Μή</span> <span class='ocrx_word' id='word_1_762' title='bbox 3507 4543 3693 4613; x_wconf 77' lang='grc' dir='ltr'>καυχῶ</span> 
     </span>
    </p>
   </div>
   <div class='ocr_carea' id='block_1_94' title="bbox 420 4645 2001 4717">
    <p class='ocr_par' dir='ltr' id='par_1_94' title="bbox 420 4645 2001 4717">
     <span class='ocr_line' id='line_1_94' title="bbox 420 4645 2001 4717; baseline 0 -19"><span class='ocrx_word' id='word_1_763' title='bbox 420 4660 527 4700; x_wconf 90' lang='lat' dir='ltr'><strong>non</strong></span> <span class='ocrx_word' id='word_1_764' title='bbox 564 4646 796 4716; x_wconf 76' lang='lat' dir='ltr'><strong>negandi</strong></span> <span class='ocrx_word' id='word_1_765' title='bbox 816 4645 1001 4702; x_wconf 81' lang='lat' dir='ltr'><strong>Jesum</strong></span> <span class='ocrx_word' id='word_1_766' title='bbox 1024 4688 1040 4716; x_wconf 91' lang='lat'><strong>,</strong></span> <span class='ocrx_word' id='word_1_767' title='bbox 1070 4658 1128 4703; x_wconf 86' lang='lat' dir='ltr'><strong>at</strong></span> <span class='ocrx_word' id='word_1_768' title='bbox 1160 4651 1338 4704; x_wconf 90' lang='lat' dir='ltr'><strong>victus</strong></span> <span class='ocrx_word' id='word_1_769' title='bbox 1360 4654 1581 4717; x_wconf 88' lang='lat' dir='ltr'><strong>propter</strong></span> <span class='ocrx_word' id='word_1_770' title='bbox 1609 4647 1858 4701; x_wconf 89' lang='lat' dir='ltr'><strong>timorem</strong></span> <span class='ocrx_word' id='word_1_771' title='bbox 1890 4646 2001 4715; x_wconf 86' lang='lat' dir='ltr'><strong>spi-</strong></span> 
     </span>
    </p>
   </div>
   <div class='ocr_carea' id='block_1_95' title="bbox 420 4736 2001 4811">
    <p class='ocr_par' dir='ltr' id='par_1_95' title="bbox 420 4736 2001 4811">
     <span class='ocr_line' id='line_1_95' title="bbox 420 4736 2001 4811; baseline -0.001 -20"><span class='ocrx_word' id='word_1_772' title='bbox 420 4738 578 4800; x_wconf 89' lang='lat' dir='ltr'><strong>ritus,</strong></span> <span class='ocrx_word' id='word_1_773' title='bbox 618 4750 745 4794; x_wconf 89' lang='lat' dir='ltr'><strong>ante</strong></span> <span class='ocrx_word' id='word_1_774' title='bbox 774 4740 898 4811; x_wconf 90' lang='lat' dir='ltr'><strong>galli</strong></span> <span class='ocrx_word' id='word_1_775' title='bbox 926 4753 1149 4797; x_wconf 86' lang='lat' dir='ltr'><strong>cantum</strong></span> <span class='ocrx_word' id='word_1_776' title='bbox 1185 4751 1268 4797; x_wconf 90' lang='lat' dir='ltr'><strong>ter</strong></span> <span class='ocrx_word' id='word_1_777' title='bbox 1293 4756 1417 4795; x_wconf 90' lang='lat' dir='ltr'><strong>eum</strong></span> <span class='ocrx_word' id='word_1_778' title='bbox 1455 4738 1694 4809; x_wconf 86' lang='lat' dir='ltr'><strong>negavit.</strong></span> <span class='ocrx_word' id='word_1_779' title='bbox 1722 4736 2001 4791; x_wconf 85' lang='lat' dir='ltr'><strong>Istiusmo-</strong></span> 
     </span>
    </p>
   </div>
   <div class='ocr_carea' id='block_1_96' title="bbox 419 4828 2001 4900">
    <p class='ocr_par' dir='ltr' id='par_1_96' title="bbox 419 4828 2001 4900">
     <span class='ocr_line' id='line_1_96' title="bbox 419 4828 2001 4900; baseline -0.001 -18"><span class='ocrx_word' id='word_1_780' title='bbox 419 4829 473 4886; x_wconf 89' lang='lat' dir='ltr'><strong>di</strong></span> <span class='ocrx_word' id='word_1_781' title='bbox 524 4830 687 4900; x_wconf 87' lang='lat' dir='ltr'><strong>igitur</strong></span> <span class='ocrx_word' id='word_1_782' title='bbox 737 4833 1041 4889; x_wconf 88' lang='lat' dir='ltr'><strong>rationibus</strong></span> <span class='ocrx_word' id='word_1_783' title='bbox 1080 4833 1396 4895; x_wconf 88' lang='lat' dir='ltr'><strong>edocemur,</strong></span> <span class='ocrx_word' id='word_1_784' title='bbox 1434 4840 1491 4885; x_wconf 89' lang='lat' dir='ltr'><strong>ut</strong></span> <span class='ocrx_word' id='word_1_785' title='bbox 1536 4850 1554 4882; x_wconf 76' lang='grc' dir='ltr'><strong>ι</strong></span> <span class='ocrx_word' id='word_1_786' title='bbox 1593 4829 1683 4899; x_wconf 92' lang='lat' dir='ltr'><strong>qui</strong></span> <span class='ocrx_word' id='word_1_787' title='bbox 1726 4828 2001 4887; x_wconf 78' lang='lat' dir='ltr'><strong>existimat</strong></span> 
     </span>
    </p>
   </div>
   <div class='ocr_carea' id='block_1_97' title="bbox 417 4922 2001 4993">
    <p class='ocr_par' dir='ltr' id='par_1_97' title="bbox 417 4922 2001 4993">
     <span class='ocr_line' id='line_1_97' title="bbox 417 4922 2001 4993; baseline -0.003 -12"><span class='ocrx_word' id='word_1_788' title='bbox 417 4938 479 4981; x_wconf 80' lang='lat' dir='ltr'><strong>se</strong></span> <span class='ocrx_word' id='word_1_789' title='bbox 503 4933 668 4990; x_wconf 84' lang='lat' dir='ltr'><strong>stare,</strong></span> <span class='ocrx_word' id='word_1_790' title='bbox 694 4925 879 4981; x_wconf 87' lang='lat' dir='ltr'><strong>videat</strong></span> <span class='ocrx_word' id='word_1_791' title='bbox 914 4942 983 4983; x_wconf 94' lang='lat' dir='ltr'><strong>ne</strong></span> <span class='ocrx_word' id='word_1_792' title='bbox 1006 4926 1171 4984; x_wconf 91' lang='lat' dir='ltr'><strong>cadat</strong></span> <span class='ocrx_word' id='word_1_793' title='bbox 1197 4925 1239 4991; x_wconf 70' lang='grc'>⁵,</span> <span class='ocrx_word' id='word_1_794' title='bbox 1268 4944 1286 4977; x_wconf 79' lang='grc' dir='ltr'><strong>ι</strong></span> <span class='ocrx_word' id='word_1_795' title='bbox 1332 4934 1497 4993; x_wconf 87' lang='lat' dir='ltr'><strong>atque</strong></span> <span class='ocrx_word' id='word_1_796' title='bbox 1519 4924 1680 4978; x_wconf 87' lang='lat' dir='ltr'><strong>etiam</strong></span> <span class='ocrx_word' id='word_1_797' title='bbox 1714 4942 1733 4975; x_wconf 75' lang='grc' dir='ltr'><strong>ι</strong></span> <span class='ocrx_word' id='word_1_798' title='bbox 1785 4938 1853 4977; x_wconf 91' lang='lat' dir='ltr'><strong>ne</strong></span> <span class='ocrx_word' id='word_1_799' title='bbox 1884 4922 2001 4991; x_wconf 63' lang='grc' dir='ltr'><strong>διο-ο</strong></span> 
     </span>
    </p>
   </div>
   <div class='ocr_carea' id='block_1_98' title="bbox 420 5012 2001 5086">
    <p class='ocr_par' dir='ltr' id='par_1_98' title="bbox 420 5012 2001 5086">
     <span class='ocr_line' id='line_1_98' title="bbox 420 5012 2001 5086; baseline -0.001 -16"><span class='ocrx_word' id='word_1_800' title='bbox 420 5012 581 5070; x_wconf 67' lang='lat' dir='ltr'><strong>tiaris</strong></span> <span class='ocrx_word' id='word_1_801' title='bbox 606 5015 674 5071; x_wconf 90' lang='lat' dir='ltr'><strong>de</strong></span> <span class='ocrx_word' id='word_1_802' title='bbox 707 5016 793 5071; x_wconf 90' lang='lat' dir='ltr'><strong>die</strong></span> <span class='ocrx_word' id='word_1_803' title='bbox 824 5019 1095 5083; x_wconf 87' lang='lat' dir='ltr'><strong>crastino,</strong></span> <span class='ocrx_word' id='word_1_804' title='bbox 1146 5017 1368 5086; x_wconf 89' lang='lat' dir='ltr'><strong>quando</strong></span> <span class='ocrx_word' id='word_1_805' title='bbox 1416 5016 1596 5071; x_wconf 88' lang='lat' dir='ltr'><strong>nescis</strong></span> <span class='ocrx_word' id='word_1_806' title='bbox 1646 5014 1778 5084; x_wconf 88' lang='lat' dir='ltr'><strong>quid</strong></span> <span class='ocrx_word' id='word_1_807' title='bbox 1809 5030 2001 5086; x_wconf 85' lang='lat' dir='ltr'><strong>super-</strong></span> 
     </span>
    </p>
   </div>
   <div class='ocr_carea' id='block_1_99' title="bbox 422 5108 1997 5178">
    <p class='ocr_par' dir='ltr' id='par_1_99' title="bbox 422 5108 1997 5178">
     <span class='ocr_line' id='line_1_99' title="bbox 422 5108 1997 5178; baseline 0.004 -21"><span class='ocrx_word' id='word_1_808' title='bbox 422 5116 648 5163; x_wconf 76' lang='lat' dir='ltr'><strong>ventura</strong></span> <span class='ocrx_word' id='word_1_809' title='bbox 673 5108 851 5178; x_wconf 89' lang='lat' dir='ltr'><strong>pariat</strong></span> <span class='ocrx_word' id='word_1_810' title='bbox 876 5111 992 5167; x_wconf 90' lang='lat' dir='ltr'><strong>dies</strong></span> <span class='ocrx_word' id='word_1_811' title='bbox 1018 5112 1095 5166; x_wconf 73' lang='grc'>⁸.»</span> <span class='ocrx_word' id='word_1_812' title='bbox 1130 5109 1388 5165; x_wconf 79' lang='lat' dir='ltr'><strong>Fortasse</strong></span> <span class='ocrx_word' id='word_1_813' title='bbox 1431 5122 1560 5164; x_wconf 91' lang='lat' dir='ltr'><strong>vero</strong></span> <span class='ocrx_word' id='word_1_814' title='bbox 1607 5108 1775 5162; x_wconf 86' lang='lat' dir='ltr'><strong>etiam</strong></span> <span class='ocrx_word' id='word_1_815' title='bbox 1826 5108 1997 5164; x_wconf 89' lang='lat' dir='ltr'><strong>illud:</strong></span> 
     </span>
    </p>
   </div>
   <div class='ocr_carea' id='block_1_100' title="bbox 424 5194 1999 5270">
    <p class='ocr_par' dir='ltr' id='par_1_100' title="bbox 424 5194 1999 5270">
     <span class='ocr_line' id='line_1_100' title="bbox 424 5194 1999 5270; baseline 0.003 -22"><span class='ocrx_word' id='word_1_816' title='bbox 424 5194 829 5255; x_wconf 73' lang='lat' dir='ltr'><strong>clntuebantur</strong></span> <span class='ocrx_word' id='word_1_817' title='bbox 878 5215 1000 5257; x_wconf 86' lang='lat' dir='ltr'><strong>sese</strong></span> <span class='ocrx_word' id='word_1_818' title='bbox 1048 5208 1241 5256; x_wconf 90' lang='lat' dir='ltr'><strong>mutuo</strong></span> <span class='ocrx_word' id='word_1_819' title='bbox 1276 5198 1582 5268; x_wconf 86' lang='lat' dir='ltr'><strong>discipuli,</strong></span> <span class='ocrx_word' id='word_1_820' title='bbox 1621 5215 1642 5250; x_wconf 75' lang='grc' dir='ltr'><strong>ι</strong></span> <span class='ocrx_word' id='word_1_821' title='bbox 1699 5207 1898 5270; x_wconf 71' lang='grc' dir='ltr'>ιιι-αξιοι·</span> <span class='ocrx_word' id='word_1_822' title='bbox 1948 5197 1999 5253; x_wconf 89' lang='lat' dir='ltr'><strong>id</strong></span> 
     </span>
    </p>
   </div>
   <div class='ocr_carea' id='block_1_101' title="bbox 491 5341 2000 5469">
    <p class='ocr_par' dir='ltr' id='par_1_101' title="bbox 491 5341 2000 5469">
     <span class='ocr_line' id='line_1_101' title="bbox 491 5341 1991 5407; baseline -0.001 -11"><span class='ocrx_word' id='word_1_823' title='bbox 491 5342 539 5373; x_wconf 68' lang='grc' dir='ltr'><strong>π</strong></span> <span class='ocrx_word' id='word_1_824' title='bbox 569 5341 710 5396; x_wconf 83' lang='lat' dir='ltr'><strong>Psal.</strong></span> <span class='ocrx_word' id='word_1_825' title='bbox 744 5359 891 5407; x_wconf 77' lang='lat' dir='ltr'><strong>muv,</strong></span> <span class='ocrx_word' id='word_1_826' title='bbox 926 5343 1017 5398; x_wconf 74' lang='grc'>15.</span> <span class='ocrx_word' id='word_1_827' title='bbox 1088 5342 1293 5399; x_wconf 80' lang='lat' dir='ltr'><strong>&quot;ibid.</strong></span> <span class='ocrx_word' id='word_1_828' title='bbox 1364 5342 1414 5377; x_wconf 78' lang='grc'><strong>⁸⁸</strong></span> <span class='ocrx_word' id='word_1_829' title='bbox 1441 5342 1573 5398; x_wconf 91' lang='lat' dir='ltr'><strong>ibid.</strong></span> <span class='ocrx_word' id='word_1_830' title='bbox 1622 5342 1710 5396; x_wconf 78' lang='grc'>14.</span> <span class='ocrx_word' id='word_1_831' title='bbox 1785 5341 1830 5374; x_wconf 81' lang='grc'><strong>⁹⁹</strong></span> <span class='ocrx_word' id='word_1_832' title='bbox 1857 5341 1991 5396; x_wconf 88' lang='lat' dir='ltr'><strong>Luc.</strong></span> 
     </span>
     <span class='ocr_line' id='line_1_102' title="bbox 491 5412 2000 5469; baseline 0.001 -5"><span class='ocrx_word' id='word_1_833' title='bbox 491 5412 675 5467; x_wconf 83' lang='lat' dir='ltr'><strong>Matth.</strong></span> <span class='ocrx_word' id='word_1_834' title='bbox 704 5415 965 5469; x_wconf 77' lang='lat' dir='ltr'><strong>xxiv.&#39;63.</strong></span> <span class='ocrx_word' id='word_1_835' title='bbox 1067 5413 1091 5446; x_wconf 75' lang='grc'><strong>⁸</strong></span> <span class='ocrx_word' id='word_1_836' title='bbox 1126 5414 1146 5469; x_wconf 86' lang='grc'><strong>1</strong></span> <span class='ocrx_word' id='word_1_837' title='bbox 1184 5413 1313 5469; x_wconf 90' lang='lat' dir='ltr'><strong>Cor.</strong></span> <span class='ocrx_word' id='word_1_838' title='bbox 1359 5428 1419 5469; x_wconf 71' lang='grc' dir='ltr'>ι.</span> <span class='ocrx_word' id='word_1_839' title='bbox 1445 5413 1533 5469; x_wconf 91' lang='grc'><strong>12.</strong></span> <span class='ocrx_word' id='word_1_840' title='bbox 1633 5414 1655 5445; x_wconf 82' lang='grc'><strong>⁸</strong></span> <span class='ocrx_word' id='word_1_841' title='bbox 1689 5413 1852 5467; x_wconf 83' lang='lat' dir='ltr'><strong>Prov.</strong></span> <span class='ocrx_word' id='word_1_842' title='bbox 1894 5427 2000 5467; x_wconf 79' lang='lat' dir='ltr'><strong>xxv</strong></span> 
     </span>
    </p>
   </div>
   <div class='ocr_carea' id='block_1_102' title="bbox 2142 5341 2409 5469">
    <p class='ocr_par' dir='ltr' id='par_1_102' title="bbox 2142 5342 2409 5408">
     <span class='ocr_line' id='line_1_103' title="bbox 2142 5342 2409 5408; baseline -0.004 -11"><span class='ocrx_word' id='word_1_843' title='bbox 2142 5358 2176 5406; x_wconf 88' lang='grc' dir='ltr'><strong>ι,</strong></span> <span class='ocrx_word' id='word_1_844' title='bbox 2204 5342 2295 5408; x_wconf 85' lang='grc'><strong>21,</strong></span> <span class='ocrx_word' id='word_1_845' title='bbox 2318 5342 2409 5397; x_wconf 79' lang='grc'>25.</span> 
     </span>
    </p>
   </div>
   <div class='ocr_carea' id='block_1_103' title="bbox 1837 5450 2153 5479">
    <p class='ocr_par' dir='ltr' id='par_1_103' title="bbox 1837 5450 2153 5479">
     <span class='ocr_line' id='line_1_104' title="bbox 1837 5450 2153 5479; baseline 0.013 -14"><span class='ocrx_word' id='word_1_846' title='bbox 1837 5450 1852 5465; x_wconf 77' lang='grc' dir='ltr'><strong>ο</strong></span> <span class='ocrx_word' id='word_1_847' title='bbox 1894 5450 2070 5479; x_wconf 55' lang='grc' dir='ltr'><strong>κῶπαι,</strong></span> <span class='ocrx_word' id='word_1_848' title='bbox 2105 5450 2153 5469; x_wconf 78' lang='grc' dir='ltr'>ιο</span> 
     </span>
    </p>
   </div>
   <div class='ocr_carea' id='block_1_104' title="bbox 423 5412 1533 5499">
    <p class='ocr_par' dir='ltr' id='par_1_104' title="bbox 423 5412 1533 5499">
     <span class='ocr_line' id='line_1_105' title="bbox 423 5412 1533 5499; baseline 0.005 -35"><span class='ocrx_word' id='word_1_849' title='bbox 423 5412 442 5442; x_wconf 82' lang='grc'>⁸</span> <span class='ocrx_word' id='word_1_850' title='bbox 485 5412 675 5467; x_wconf 84' lang='lat' dir='ltr'><strong>Matth.</strong></span> <span class='ocrx_word' id='word_1_851' title='bbox 704 5415 965 5481; x_wconf 77' lang='lat' dir='ltr'><strong>xxw,’63.</strong></span> <span class='ocrx_word' id='word_1_852' title='bbox 1067 5413 1091 5446; x_wconf 74' lang='grc'><strong>⁸</strong></span> <span class='ocrx_word' id='word_1_853' title='bbox 1126 5414 1146 5469; x_wconf 85' lang='lat' dir='ltr'><strong>l</strong></span> <span class='ocrx_word' id='word_1_854' title='bbox 1184 5413 1313 5469; x_wconf 83' lang='lat' dir='ltr'><strong>Cor.</strong></span> <span class='ocrx_word' id='word_1_855' title='bbox 1359 5428 1419 5499; x_wconf 55' lang='grc' dir='ltr'>ξ.</span> <span class='ocrx_word' id='word_1_856' title='bbox 1445 5413 1533 5469; x_wconf 82' lang='grc'><strong>12.</strong></span> 
     </span>
    </p>
   </div>
   <div class='ocr_carea' id='block_1_105' title="bbox 494 5543 1554 5617">
    <p class='ocr_par' dir='ltr' id='par_1_105' title="bbox 494 5543 1554 5617">
     <span class='ocr_line' id='line_1_106' title="bbox 494 5543 1554 5617; baseline 0.003 -20"><span class='ocrx_word' id='word_1_857' title='bbox 494 5547 606 5617; x_wconf 78' lang='lat'><strong>(79)</strong></span> <span class='ocrx_word' id='word_1_858' title='bbox 640 5543 771 5613; x_wconf 79' lang='grc' dir='ltr'>Τοῖς</span> <span class='ocrx_word' id='word_1_859' title='bbox 790 5545 1105 5617; x_wconf 75' lang='grc' dir='ltr'>οἰομένοις.</span> <span class='ocrx_word' id='word_1_860' title='bbox 1133 5544 1554 5617; x_wconf 78' lang='lat' dir='ltr'><strong>Valentinianis.</strong></span> 
     </span>
    </p>
   </div>
   <div class='ocr_carea' id='block_1_106' title="bbox 495 5615 2000 5687">
    <p class='ocr_par' dir='ltr' id='par_1_106' title="bbox 495 5615 2000 5687">
     <span class='ocr_line' id='line_1_107' title="bbox 495 5615 2000 5687; baseline 0.001 -18"><span class='ocrx_word' id='word_1_861' title='bbox 495 5615 605 5687; x_wconf 75' lang='grc' dir='ltr'>(8ο)</span> <span class='ocrx_word' id='word_1_862' title='bbox 631 5616 814 5672; x_wconf 76' lang='lat' dir='ltr'><strong>Codex</strong></span> <span class='ocrx_word' id='word_1_863' title='bbox 870 5615 1194 5687; x_wconf 72' lang='lat' dir='ltr'><strong>Bodleiauus</strong></span> <span class='ocrx_word' id='word_1_864' title='bbox 1235 5626 1382 5671; x_wconf 89' lang='lat' dir='ltr'><strong>recte</strong></span> <span class='ocrx_word' id='word_1_865' title='bbox 1404 5686 1409 5687; x_wconf 14' lang='grc' dir='ltr'>ί</span> <span class='ocrx_word' id='word_1_866' title='bbox 1433 5616 1593 5671; x_wconf 89' lang='lat' dir='ltr'><strong>habet</strong></span> <span class='ocrx_word' id='word_1_867' title='bbox 1624 5615 1867 5685; x_wconf 80' lang='grc' dir='ltr'>ὑπενόει,</span> <span class='ocrx_word' id='word_1_868' title='bbox 1900 5629 2000 5686; x_wconf 85' lang='lat' dir='ltr'><strong>pro</strong></span> 
     </span>
    </p>
   </div>
   <div class='ocr_carea' id='block_1_107' title="bbox 426 5685 1487 5755">
    <p class='ocr_par' dir='ltr' id='par_1_107' title="bbox 426 5685 1487 5755">
     <span class='ocr_line' id='line_1_108' title="bbox 426 5685 1487 5755; baseline 0.003 -18"><span class='ocrx_word' id='word_1_869' title='bbox 426 5702 534 5753; x_wconf 81' lang='lat' dir='ltr'><strong>quo</strong></span> <span class='ocrx_word' id='word_1_870' title='bbox 573 5685 784 5741; x_wconf 83' lang='lat' dir='ltr'><strong>tantum</strong></span> <span class='ocrx_word' id='word_1_871' title='bbox 816 5687 1019 5755; x_wconf 82' lang='lat' dir='ltr'><strong>legitur</strong></span> <span class='ocrx_word' id='word_1_872' title='bbox 1055 5686 1109 5739; x_wconf 89' lang='lat' dir='ltr'><strong>in</strong></span> <span class='ocrx_word' id='word_1_873' title='bbox 1138 5685 1330 5755; x_wconf 82' lang='lat' dir='ltr'><strong>Regio,</strong></span> <span class='ocrx_word' id='word_1_874' title='bbox 1354 5686 1487 5741; x_wconf 86' lang='grc' dir='ltr'>νόει.</span> 
     </span>
    </p>
   </div>
   <div class='ocr_carea' id='block_1_108' title="bbox 498 5754 2009 5829">
    <p class='ocr_par' dir='ltr' id='par_1_108' title="bbox 498 5754 2009 5829">
     <span class='ocr_line' id='line_1_109' title="bbox 498 5754 2009 5829; baseline -0.001 -17"><span class='ocrx_word' id='word_1_875' title='bbox 498 5755 621 5829; x_wconf 71' lang='grc'><strong>(81)</strong></span> <span class='ocrx_word' id='word_1_876' title='bbox 643 5757 786 5829; x_wconf 77' lang='lat' dir='ltr'><strong>Idem</strong></span> <span class='ocrx_word' id='word_1_877' title='bbox 810 5754 981 5829; x_wconf 81' lang='lat' dir='ltr'><strong>codex</strong></span> <span class='ocrx_word' id='word_1_878' title='bbox 1029 5754 1385 5829; x_wconf 71' lang='lat' dir='ltr'><strong>Bodleianus,</strong></span> <span class='ocrx_word' id='word_1_879' title='bbox 1415 5758 1643 5826; x_wconf 88' lang='lat' dir='ltr'><strong>optime,</strong></span> <span class='ocrx_word' id='word_1_880' title='bbox 1687 5754 1769 5823; x_wconf 76' lang='grc' dir='ltr'><strong>οἷς</strong></span> <span class='ocrx_word' id='word_1_881' title='bbox 1801 5777 1841 5812; x_wconf 88' lang='grc' dir='ltr'><strong>π</strong></span> <span class='ocrx_word' id='word_1_882' title='bbox 1853 5757 2009 5829; x_wconf 81' lang='grc' dir='ltr'>ρότε--</span> 
     </span>
    </p>
   </div>
   <div class='ocr_carea' id='block_1_109' title="bbox 420 5825 1427 5903">
    <p class='ocr_par' dir='ltr' id='par_1_109' title="bbox 420 5825 1427 5903">
     <span class='ocr_line' id='line_1_110' title="bbox 420 5825 1427 5903; baseline -0.006 -18"><span class='ocrx_word' id='word_1_883' title='bbox 420 5825 519 5900; x_wconf 56' lang='grc' dir='ltr'><strong>ερύ</strong></span> <span class='ocrx_word' id='word_1_884' title='bbox 546 5840 559 5854; x_wconf 85' lang='grc'><strong>’</strong></span> <span class='ocrx_word' id='word_1_885' title='bbox 590 5827 816 5903; x_wconf 66' lang='lat' dir='ltr'><strong>Regius,</strong></span> <span class='ocrx_word' id='word_1_886' title='bbox 850 5825 1010 5890; x_wconf 88' lang='lat' dir='ltr'><strong>male,</strong></span> <span class='ocrx_word' id='word_1_887' title='bbox 1036 5826 1114 5889; x_wconf 81' lang='grc' dir='ltr'><strong>εἰς</strong></span> <span class='ocrx_word' id='word_1_888' title='bbox 1144 5825 1427 5894; x_wconf 79' lang='grc' dir='ltr'>πρότερον.</span> 
     </span>
    </p>
   </div>
   <div class='ocr_carea' id='block_1_110' title="bbox 2105 4635 3686 4718">
    <p class='ocr_par' dir='ltr' id='par_1_110' title="bbox 2105 4635 3686 4718">
     <span class='ocr_line' id='line_1_111' title="bbox 2105 4635 3686 4718; baseline -0.011 -17"><span class='ocrx_word' id='word_1_889' title='bbox 2105 4646 2175 4701; x_wconf 75' lang='grc' dir='ltr'>τὰ</span> <span class='ocrx_word' id='word_1_890' title='bbox 2210 4647 2289 4709; x_wconf 80' lang='grc' dir='ltr'><strong>εἰς</strong></span> <span class='ocrx_word' id='word_1_891' title='bbox 2323 4644 2513 4718; x_wconf 82' lang='grc' dir='ltr'>αὑριον</span> <span class='ocrx_word' id='word_1_892' title='bbox 2535 4662 2551 4678; x_wconf 80' lang='lat'><strong>-</strong></span> <span class='ocrx_word' id='word_1_893' title='bbox 2581 4644 2644 4698; x_wconf 82' lang='grc' dir='ltr'><strong>οὐ</strong></span> <span class='ocrx_word' id='word_1_894' title='bbox 2668 4643 2776 4715; x_wconf 84' lang='grc' dir='ltr'>γὰρ</span> <span class='ocrx_word' id='word_1_895' title='bbox 2817 4639 2966 4706; x_wconf 79' lang='grc' dir='ltr'>οἶδας</span> <span class='ocrx_word' id='word_1_896' title='bbox 2993 4640 3045 4694; x_wconf 86' lang='grc' dir='ltr'><strong>τί</strong></span> <span class='ocrx_word' id='word_1_897' title='bbox 3070 4639 3283 4705; x_wconf 82' lang='grc' dir='ltr'>τέξεται</span> <span class='ocrx_word' id='word_1_898' title='bbox 3316 4640 3350 4709; x_wconf 88' lang='grc' dir='ltr'><strong>ή</strong></span> <span class='ocrx_word' id='word_1_899' title='bbox 3378 4635 3625 4689; x_wconf 79' lang='grc' dir='ltr'>ἐπιοῦσα.</span> <span class='ocrx_word' id='word_1_900' title='bbox 3671 4653 3686 4680; x_wconf 80' lang='grc' dir='ltr'><strong>ι</strong></span> 
     </span>
    </p>
   </div>
   <div class='ocr_carea' id='block_1_111' title="bbox 2107 4728 3688 4809">
    <p class='ocr_par' dir='ltr' id='par_1_111' title="bbox 2107 4728 3688 4809">
     <span class='ocr_line' id='line_1_112' title="bbox 2107 4728 3688 4809; baseline -0.011 -16"><span class='ocrx_word' id='word_1_901' title='bbox 2107 4740 2260 4809; x_wconf 72' lang='grc' dir='ltr'><strong>Τάχα</strong></span> <span class='ocrx_word' id='word_1_902' title='bbox 2282 4738 2340 4791; x_wconf 84' lang='grc' dir='ltr'>δὲ</span> <span class='ocrx_word' id='word_1_903' title='bbox 2368 4739 2464 4793; x_wconf 74' lang='grc' dir='ltr'><strong>καὶ</strong></span> <span class='ocrx_word' id='word_1_904' title='bbox 2487 4738 2567 4791; x_wconf 84' lang='grc' dir='ltr'>τό·</span> <span class='ocrx_word' id='word_1_905' title='bbox 2593 4757 2612 4789; x_wconf 75' lang='grc' dir='ltr'><strong>ι</strong></span> <span class='ocrx_word' id='word_1_906' title='bbox 2627 4735 2894 4791; x_wconf 79' lang='grc' dir='ltr'>Ἕϐλεπον</span> <span class='ocrx_word' id='word_1_907' title='bbox 2918 4736 2998 4797; x_wconf 89' lang='grc' dir='ltr'><strong>είς</strong></span> <span class='ocrx_word' id='word_1_908' title='bbox 3016 4732 3281 4804; x_wconf 86' lang='grc' dir='ltr'>ἀλλήλους</span> <span class='ocrx_word' id='word_1_909' title='bbox 3305 4731 3356 4784; x_wconf 84' lang='grc' dir='ltr'>οἱ</span> <span class='ocrx_word' id='word_1_910' title='bbox 3384 4728 3640 4801; x_wconf 72' lang='grc' dir='ltr'>μαθηταὶ,</span> <span class='ocrx_word' id='word_1_911' title='bbox 3672 4746 3688 4774; x_wconf 77' lang='grc' dir='ltr'><strong>ι</strong></span> 
     </span>
    </p>
   </div>
   <div class='ocr_carea' id='block_1_112' title="bbox 2106 4820 3692 4901">
    <p class='ocr_par' dir='ltr' id='par_1_112' title="bbox 2106 4820 3692 4901">
     <span class='ocr_line' id='line_1_113' title="bbox 2106 4820 3692 4901; baseline -0.007 -20"><span class='ocrx_word' id='word_1_912' title='bbox 2106 4829 2243 4901; x_wconf 84' lang='grc' dir='ltr'>πρὸς</span> <span class='ocrx_word' id='word_1_913' title='bbox 2270 4829 2348 4901; x_wconf 78' lang='grc' dir='ltr'>τῷ</span> <span class='ocrx_word' id='word_1_914' title='bbox 2376 4828 2743 4901; x_wconf 84' lang='grc' dir='ltr'>ἁπλούστερον</span> <span class='ocrx_word' id='word_1_915' title='bbox 2767 4825 3041 4897; x_wconf 82' lang='grc' dir='ltr'>νοουμένῳ</span> <span class='ocrx_word' id='word_1_916' title='bbox 3064 4824 3158 4877; x_wconf 62' lang='grc' dir='ltr'><strong>καὶ⁵</strong></span> <span class='ocrx_word' id='word_1_917' title='bbox 3186 4821 3426 4877; x_wconf 87' lang='grc' dir='ltr'>τοιοῦτόν</span> <span class='ocrx_word' id='word_1_918' title='bbox 3445 4839 3497 4875; x_wconf 86' lang='grc' dir='ltr'><strong>τι</strong></span> <span class='ocrx_word' id='word_1_919' title='bbox 3527 4820 3692 4891; x_wconf 78' lang='grc' dir='ltr'>δηλοῖ,</span> 
     </span>
    </p>
   </div>
   <div class='ocr_carea' id='block_1_113' title="bbox 2106 4911 3697 4987">
    <p class='ocr_par' dir='ltr' id='par_1_113' title="bbox 2106 4911 3697 4987">
     <span class='ocr_line' id='line_1_114' title="bbox 2106 4911 3697 4987; baseline -0.006 -14"><span class='ocrx_word' id='word_1_920' title='bbox 2106 4921 2188 4974; x_wconf 85' lang='grc' dir='ltr'><strong>ὅτι</strong></span> <span class='ocrx_word' id='word_1_921' title='bbox 2214 4920 2446 4984; x_wconf 69' lang='grc' dir='ltr'>ἕκαστος</span> <span class='ocrx_word' id='word_1_922' title='bbox 2465 4919 2603 4975; x_wconf 83' lang='grc' dir='ltr'>κατὰ</span> <span class='ocrx_word' id='word_1_923' title='bbox 2625 4922 2684 4974; x_wconf 86' lang='grc' dir='ltr'><strong>τὸ</strong></span> <span class='ocrx_word' id='word_1_924' title='bbox 2708 4918 2932 4974; x_wconf 87' lang='grc' dir='ltr'>δυνατὸν</span> <span class='ocrx_word' id='word_1_925' title='bbox 2954 4914 3272 4987; x_wconf 77' lang='grc' dir='ltr'>ἀνθρωπίνῃ</span> <span class='ocrx_word' id='word_1_926' title='bbox 3307 4915 3466 4983; x_wconf 82' lang='grc' dir='ltr'>φύσει</span> <span class='ocrx_word' id='word_1_927' title='bbox 3494 4911 3697 4982; x_wconf 82' lang='grc' dir='ltr'>ἐνεώρα</span> 
     </span>
    </p>
   </div>
   <div class='ocr_carea' id='block_1_114' title="bbox 2108 5004 3696 5085">
    <p class='ocr_par' dir='ltr' id='par_1_114' title="bbox 2108 5004 3696 5085">
     <span class='ocr_line' id='line_1_115' title="bbox 2108 5004 3696 5085; baseline -0.006 -18"><span class='ocrx_word' id='word_1_928' title='bbox 2108 5016 2188 5077; x_wconf 88' lang='grc' dir='ltr'>εἰς</span> <span class='ocrx_word' id='word_1_929' title='bbox 2219 5013 2319 5084; x_wconf 84' lang='grc' dir='ltr'><strong>τὴν</strong></span> <span class='ocrx_word' id='word_1_930' title='bbox 2356 5012 2674 5085; x_wconf 84' lang='grc' dir='ltr'>προαίρεσιν</span> <span class='ocrx_word' id='word_1_931' title='bbox 2700 5011 2794 5064; x_wconf 89' lang='grc' dir='ltr'><strong>τοῦ</strong></span> <span class='ocrx_word' id='word_1_932' title='bbox 2833 5010 3045 5079; x_wconf 85' lang='grc' dir='ltr'>ἐτέρου,</span> <span class='ocrx_word' id='word_1_933' title='bbox 3070 5005 3368 5078; x_wconf 80' lang='grc' dir='ltr'>ἐπαπορῶν</span> <span class='ocrx_word' id='word_1_934' title='bbox 3399 5006 3448 5058; x_wconf 83' lang='grc' dir='ltr'><strong>εί</strong></span> <span class='ocrx_word' id='word_1_935' title='bbox 3475 5004 3696 5057; x_wconf 83' lang='grc' dir='ltr'>δύναται</span> 
     </span>
    </p>
   </div>
   <div class='ocr_carea' id='block_1_115' title="bbox 2109 5095 3694 5178">
    <p class='ocr_par' dir='ltr' id='par_1_115' title="bbox 2109 5095 3694 5178">
     <span class='ocr_line' id='line_1_116' title="bbox 2109 5095 3694 5178; baseline -0.007 -19"><span class='ocrx_word' id='word_1_936' title='bbox 2109 5109 2143 5178; x_wconf 87' lang='grc' dir='ltr'><strong>ή</strong></span> <span class='ocrx_word' id='word_1_937' title='bbox 2173 5106 2396 5167; x_wconf 81' lang='grc' dir='ltr'>τοιαῦτα</span> <span class='ocrx_word' id='word_1_938' title='bbox 2425 5104 2679 5176; x_wconf 78' lang='grc' dir='ltr'>πράξασα</span> <span class='ocrx_word' id='word_1_939' title='bbox 2705 5103 2871 5175; x_wconf 76' lang='grc' dir='ltr'>ψυχὴ,</span> <span class='ocrx_word' id='word_1_940' title='bbox 2906 5103 3001 5156; x_wconf 73' lang='grc' dir='ltr'>καὶ</span> <span class='ocrx_word' id='word_1_941' title='bbox 3023 5101 3167 5155; x_wconf 82' lang='grc' dir='ltr'>οὑτω</span> <span class='ocrx_word' id='word_1_942' title='bbox 3191 5099 3331 5173; x_wconf 74' lang='grc' dir='ltr'>πρὸς</span> <span class='ocrx_word' id='word_1_943' title='bbox 3367 5098 3458 5152; x_wconf 76' lang='grc' dir='ltr'>τὸν</span> <span class='ocrx_word' id='word_1_944' title='bbox 3490 5095 3694 5167; x_wconf 77' lang='grc' dir='ltr'>ἀψευδῆ</span> 
     </span>
    </p>
   </div>
   <div class='ocr_carea' id='block_1_116' title="bbox 2110 5186 3698 5265">
    <p class='ocr_par' dir='ltr' id='par_1_116' title="bbox 2110 5186 3698 5265">
     <span class='ocr_line' id='line_1_117' title="bbox 2110 5186 3698 5265; baseline -0.007 -15"><span class='ocrx_word' id='word_1_945' title='bbox 2110 5196 2441 5253; x_wconf 90' lang='grc' dir='ltr'>Διδάσκαλον</span> <span class='ocrx_word' id='word_1_946' title='bbox 2473 5196 2779 5252; x_wconf 86' lang='grc' dir='ltr'>διατεθεῖσα</span> <span class='ocrx_word' id='word_1_947' title='bbox 2800 5192 3033 5265; x_wconf 82' lang='grc' dir='ltr'>’ἀληθῶς</span> <span class='ocrx_word' id='word_1_948' title='bbox 3068 5191 3497 5264; x_wconf 78' lang='grc' dir='ltr'>μαρτυρήσαντα</span> <span class='ocrx_word' id='word_1_949' title='bbox 3534 5189 3594 5241; x_wconf 85' lang='grc' dir='ltr'><strong>ἐν</strong></span> <span class='ocrx_word' id='word_1_950' title='bbox 3622 5186 3698 5258; x_wconf 79' lang='grc' dir='ltr'>τῷ</span> 
     </span>
    </p>
   </div>
   <div class='ocr_carea' id='block_1_117' title="bbox 2519 5331 3690 5405">
    <p class='ocr_par' dir='ltr' id='par_1_117' title="bbox 2519 5331 3690 5405">
     <span class='ocr_line' id='line_1_118' title="bbox 2519 5331 3690 5405; baseline -0.004 -11"><span class='ocrx_word' id='word_1_951' title='bbox 2519 5339 2757 5395; x_wconf 70' lang='lat' dir='ltr'><strong>‘Matth.</strong></span> <span class='ocrx_word' id='word_1_952' title='bbox 2808 5352 2958 5405; x_wconf 77' lang='lat' dir='ltr'><strong>xxvr,</strong></span> <span class='ocrx_word' id='word_1_953' title='bbox 2991 5334 3084 5390; x_wconf 86' lang='grc'><strong>22.</strong></span> <span class='ocrx_word' id='word_1_954' title='bbox 3193 5334 3215 5365; x_wconf 79' lang='grc'>³</span> <span class='ocrx_word' id='word_1_955' title='bbox 3262 5333 3549 5396; x_wconf 66' lang='lat' dir='ltr'><strong>Marcmv,</strong></span> <span class='ocrx_word' id='word_1_956' title='bbox 3608 5331 3690 5389; x_wconf 86' lang='lat' dir='ltr'><strong>l9.</strong></span> 
     </span>
    </p>
   </div>
   <div class='ocr_carea' id='block_1_118' title="bbox 2178 5532 3694 5616">
    <p class='ocr_par' dir='ltr' id='par_1_118' title="bbox 2178 5532 3694 5616">
     <span class='ocr_line' id='line_1_119' title="bbox 2178 5532 3694 5616; baseline -0.01 -15"><span class='ocrx_word' id='word_1_957' title='bbox 2178 5544 2293 5614; x_wconf 84' lang='grc'><strong>(82)</strong></span> <span class='ocrx_word' id='word_1_958' title='bbox 2334 5545 2477 5611; x_wconf 82' lang='grc' dir='ltr'>Ὅτι,</span> <span class='ocrx_word' id='word_1_959' title='bbox 2508 5561 2538 5616; x_wconf 19' lang='grc' dir='ltr'><strong>ν(</strong></span> <span class='ocrx_word' id='word_1_960' title='bbox 2581 5544 2637 5616; x_wconf 80' lang='grc' dir='ltr'><strong><em>Ὁ</em></strong></span> <span class='ocrx_word' id='word_1_961' title='bbox 2652 5540 2859 5597; x_wconf 76' lang='grc' dir='ltr'>-δοκῶν</span> <span class='ocrx_word' id='word_1_962' title='bbox 2887 5534 3435 5616; x_wconf 70' lang='lat' dir='ltr'><strong>éazdrar,_etc._Sic_</strong></span> <span class='ocrx_word' id='word_1_963' title='bbox 3472 5532 3694 5616; x_wconf 51' lang='lat' dir='ltr'><strong>sanitati</strong></span> 
     </span>
    </p>
   </div>
   <div class='ocr_carea' id='block_1_119' title="bbox 2111 5600 3692 5681">
    <p class='ocr_par' dir='ltr' id='par_1_119' title="bbox 2111 5600 3692 5681">
     <span class='ocr_line' id='line_1_120' title="bbox 2111 5600 3692 5681; baseline -0.01 -9"><span class='ocrx_word' id='word_1_964' title='bbox 2111 5600 2431 5672; x_wconf 70' lang='lat' dir='ltr'><strong>restituitur</strong></span> <span class='ocrx_word' id='word_1_965' title='bbox 2464 5600 2553 5669; x_wconf 80' lang='lat' dir='ltr'><strong>hic</strong></span> <span class='ocrx_word' id='word_1_966' title='bbox 2582 5614 2737 5667; x_wconf 88' lang='lat' dir='ltr'><strong>locus</strong></span> <span class='ocrx_word' id='word_1_967' title='bbox 2772 5628 2874 5681; x_wconf 84' lang='lat' dir='ltr'><strong>ope</strong></span> <span class='ocrx_word' id='word_1_968' title='bbox 2906 5600 3271 5681; x_wconf 77' lang='lat' dir='ltr'><strong>manuscripti</strong></span> <span class='ocrx_word' id='word_1_969' title='bbox 3306 5604 3599 5681; x_wconf 80' lang='lat' dir='ltr'><strong>Bodleiani.</strong></span> <span class='ocrx_word' id='word_1_970' title='bbox 3639 5600 3692 5681; x_wconf 81' lang='lat' dir='ltr'><strong>l_u</strong></span> 
     </span>
    </p>
   </div>
   <div class='ocr_carea' id='block_1_120' title="bbox 2115 5672 3698 5756">
    <p class='ocr_par' dir='ltr' id='par_1_120' title="bbox 2115 5672 3698 5756">
     <span class='ocr_line' id='line_1_121' title="bbox 2115 5672 3698 5756; baseline -0.013 -13"><span class='ocrx_word' id='word_1_971' title='bbox 2115 5686 2290 5756; x_wconf 76' lang='lat' dir='ltr'><strong>Regio</strong></span> <span class='ocrx_word' id='word_1_972' title='bbox 2317 5686 2579 5756; x_wconf 87' lang='lat' dir='ltr'><strong>mendose</strong></span> <span class='ocrx_word' id='word_1_973' title='bbox 2630 5672 2849 5756; x_wconf 75' lang='lat' dir='ltr'><strong>legitur,</strong></span> <span class='ocrx_word' id='word_1_974' title='bbox 2882 5684 2911 5737; x_wconf 90' lang='lat'><strong>6</strong></span> <span class='ocrx_word' id='word_1_975' title='bbox 2945 5684 3162 5755; x_wconf 85' lang='grc' dir='ltr'>στήκων</span> <span class='ocrx_word' id='word_1_976' title='bbox 3192 5672 3447 5751; x_wconf 74' lang='grc' dir='ltr'>’βλεπέτω</span> <span class='ocrx_word' id='word_1_977' title='bbox 3476 5674 3556 5747; x_wconf 74' lang='grc' dir='ltr'><strong>μή</strong></span> <span class='ocrx_word' id='word_1_978' title='bbox 3603 5672 3698 5733; x_wconf 65' lang='grc' dir='ltr'>πέρ</span> 
     </span>
    </p>
   </div>
   <div class='ocr_carea' id='block_1_121' title="bbox 2124 5746 3747 5835">
    <p class='ocr_par' dir='ltr' id='par_1_121' title="bbox 2124 5746 3747 5835">
     <span class='ocr_line' id='line_1_122' title="bbox 2124 5746 3747 5835; baseline 0 -26"><span class='ocrx_word' id='word_1_979' title='bbox 2124 5746 2229 5831; x_wconf 59' lang='lat' dir='ltr'><strong>an:</strong></span> <span class='ocrx_word' id='word_1_980' title='bbox 2247 5757 2343 5811; x_wconf 71' lang='lat' dir='ltr'><strong>xui.</strong></span> <span class='ocrx_word' id='word_1_981' title='bbox 2378 5755 2454 5834; x_wconf 78' lang='grc' dir='ltr'><strong>μή</strong></span> <span class='ocrx_word' id='word_1_982' title='bbox 2489 5756 2549 5809; x_wconf 85' lang='grc' dir='ltr'><strong>οὑ</strong></span> <span class='ocrx_word' id='word_1_983' title='bbox 2581 5746 2713 5835; x_wconf 60' lang='grc' dir='ltr'>γάρζ</span> <span class='ocrx_word' id='word_1_984' title='bbox 2738 5746 2846 5809; x_wconf 81' lang='lat' dir='ltr'><strong>etc.</strong></span> <span class='ocrx_word' id='word_1_985' title='bbox 3031 5746 3042 5755; x_wconf 82' lang='grc'><em>’</em></span> <span class='ocrx_word' id='word_1_986' title='bbox 3205 5746 3216 5751; x_wconf 49' lang='grc'>⁷</span> <span class='ocrx_word' id='word_1_987' title='bbox 3726 5746 3747 5785; x_wconf 57' lang='grc' dir='ltr'><strong><em>ἶ</em></strong></span> 
     </span>
    </p>
   </div>
  </div>
