3754 6540
59 458 144 517 τιτι
1087 460 1443 517 COMMENT.
1483 460 1545 514 IN
1578 459 1772 517 JOAN.
1810 456 2049 517 TOM'LS
2088 460 2300 516 XXXII.

3200 466 3302 521 708

64 575 315 645 ιίρηκέναι
337 590 350 604 ·
377 593 396 626 ι
433 573 627 647 Ἀμὴν,
659 573 804 646 ἀμὴν
827 571 971 643 λέγω
1001 573 1152 642 ὑμῖν,
1175 576 1257 628 ὅτι
1278 569 1357 639 εἷς
1382 575 1442 639 ἐξ
1471 575 1613 646 ὑμῶι

1803 575 1870 629 od
1898 575 2218 642 simpliciter
2243 573 2582 643 intelligitur,
2621 573 2730 629 tale
2761 574 3013 643 quiddam
3037 575 3306 633 declarat.

65 665 344 733 παραδώσει
397 682 487 736 με,
525 685 543 716 ι
574 667 668 719 ἐπὶ
723 664 974 719 τοσοῦτον
1034 668 1310 739 τραπῆναι
1361 669 1454 721 καὶ
1503 669 1618 720 ἐπι-

57 756 291 811 λαθέσθαι
328 757 436 810 τῶν
463 757 559 811 τοῦ
609 758 940 813 Διδασκάλου
993 759 1364 832 μαθημάτων,
1402 759 1478 823 ὼς
1525 761 1620 813 καὶ

62 851 135 903 επὶ
175 849 270 920 τὴν
295 849 579 920 προδοσίαν
621 849 784 903 αὑτοῦ
829 851 1032 920 φθάσαι
1059 870 1071 882 ·
1109 850 1416 922 ἐμφαντικῆ
1449 852 1556 922 γὰρ
1584 855 1616 923 ἡ

61 942 164 1010 περὶ
187 941 292 994 τῶν
319 940 574 1012 μαθητῶν
593 941 737 1007 λέξις
768 942 823 1013 ἡ,
852 960 872 995 ι
895 941 1284 1013 Ἀπορούμενοι
1320 941 1448 1010 περὶ
1476 940 1619 1004 τίνος

56 1031 211 1100 λέγει·
254 1052 273 1083 ι
325 1033 385 1084 οὐ
427 1031 535 1103 γὰρ
578 1031 841 1102 εὐπόρουν
883 1031 1134 1103 ἐννοῆσαι
1189 1032 1317 1102 περὶ
1366 1029 1508 1094 τίνος
1560 1033 1620 1084 τὸ

62 1123 427 1194 προειρημένον
463 1119 559 1194 ἦν·
599 1123 714 1176 ἀλλ’
761 1119 900 1194 ἦσαν
930 1123 1059 1195 περὶ
1084 1121 1276 1176 τούτου
1301 1121 1619 1195 ἀπορούμε-

59 1229 150 1274 aut,
182 1211 272 1265 καὶ
326 1211 476 1264 οὐδὲν
521 1211 645 1264 οὔτε
678 1214 818 1264 νοεῐν
839 1251 854 1275 ,
884 1210 1010 1264 οὕτε
1045 1211 1227 1280 λέγειν
1265 1213 1434 1282 σαφὲς
1466 1211 1620 1282 εὑρί-

61 1319 274 1365 τκοντες.

1729 666 1875 734 quod
1910 666 2276 734 unusquisque
2319 665 2472 733 juxta
2522 664 2666 718 vires
2712 665 2962 719 humana:
3003 675 3210 722 natura:
3248 671 3300 721 in

1725 756 2063 826 propositum
2092 757 2318 812 alterius
2343 758 2664 821 intueretur,
2697 755 3022 812 addubitans
3041 773 3108 811 an
3133 761 3306 827 possit

1727 851 1909 904 anima
1947 865 2064 917 qua:
2100 849 2226 902 talia
2260 852 2549 920 peregerit,
2587 859 2641 903 et
2670 850 2750 904 sic
2776 848 2974 904 all‘ecla
3030 865 3154 920 erga
3213 868 3303 905 ve-

1726 955 1906 994 racem
1933 939 2270 1010 Magistrum,
2307 942 2398 1010 qui
2429 957 2556 996 vere
2581 950 2810 995 testatus
2841 941 3002 995 fuerit
3029 943 3300 998 dicendo:

1734 1050 1752 1082 ι
1793 1032 1988 1094 Amen,
2019 1047 2176 1084 amen
2203 1032 2326 1085 dico
2358 1033 2530 1093 vobis,
2562 1033 2707 1101 quod
2739 1048 2882 1086 unus
2913 1047 2976 1085 ex
3009 1033 3165 1087 vobis
3217 1049 3303 1086 me

1720 1121 2039 1192 proditurus
2063 1133 2168 1186 est,
2202 1141 2220 1174 ι
2251 1137 2301 1176 tu
2335 1132 2544 1176 tantum
2595 1125 2897 1186 immutari,
2945 1135 2997 1177 et
3055 1124 3298 1178 oblivisci

1720 1213 2089 1268 doctrinarum
2118 1214 2383 1286 Magistri,
2419 1224 2476 1268 ut
2509 1214 2576 1268 ad
2615 1230 2736 1268 eum
2796 1215 3118 1269 tradendum
3170 1229 3298 1284 pet»

1719 1306 1971 1361 venirent
2014 1328 2025 1362 :
2075 1309 2358 1376 emphasin
2425 1309 2568 1362 enim
2627 1309 2789 1363 habet
2844 1308 3010 1362 dictio
3066 1308 3179 1362 haec
3231 1308 3301 1360 de

60 1397 332 1467 discipulis,
392 1416 412 1450 ι
470 1396 784 1453 dubitantes
836 1397 902 1452 de
957 1411 1068 1466 quo.
1117 1397 1354 1461 diceret,
1402 1418 1422 1450 ι
1487 1413 1592 1453 non
1643 1399 1788 1452 enim
1879 1401 2156 1456 habebant
2208 1403 2416 1469 copiam
2483 1403 2753 1472 cogitandi
2807 1402 2891 1455 cui
2968 1411 3302 1471 competeret

60 1489 176 1561 quod
210 1489 527 1558 praedictum
599 1488 806 1552 fuerat,
835 1491 928 1544 sed
968 1491 1034 1543 de
1069 1490 1170 1544 hoc
1215 1490 1553 1554 dubitabant,
1596 1490 1732 1544 nihil
1777 1503 2024 1557 apertum
2080 1493 2163 1545 vel
2201 1493 2442 1562 cogitare
2495 1493 2578 1547 vel
2621 1493 2802 1548 dicere
2838 1493 3190 1547 invenientes.

114 1582 186 1636 15.
219 1573 363 1633 «Ἦν
391 1581 749 1650 ἀνακείμενος
787 1576 867 1643 εἷς
901 1583 965 1634 ὲκ
1011 1581 1118 1634 τῶν
1155 1581 1420 1653 μαθητῶν
1452 1581 1614 1634 αὐτοῦ

50 1676 103 1726 ἐν
123 1669 193 1742 τῷ
221 1670 406 1740 κόλπῳ
434 1671 528 1723 τοῦ
567 1670 742 1742 Ἰησοῦ
763 1711 777 1732 ,
811 1671 869 1724 ὃν
894 1671 1086 1740 ἠγάπα
1115 1673 1143 1724 6
1192 1670 1417 1741 Ἰησοῦς.
1454 1669 1618 1723 Natis:

1801 1583 1886 1637 l5.
1921 1603 1940 1634 ι
1974 1581 2103 1638 Erat
2130 1595 2311 1637 autem
2343 1600 2483 1640 unus
2516 1600 2581 1638 ex
2613 1585 2894 1655 discipulis
2925 1585 3050 1640 .lesu
3087 1602 3298 1640 recum-

1723 1673 1937 1729 hensiu
1967 1675 2088 1729 sinu
2141 1677 2331 1744 ipsius,
2376 1691 2536 1745 quem
2587 1675 2843 1744 diligebat
2890 1675 3070 1730 Jesns.
3117 1678 3299 1731 Iunnit

50 1759 127 1817 οὖν
153 1762 320 1834 τούτῳ
358 1763 536 1834 Σίμων
565 1762 772 1835 Πέτρος
795 1806 810 1832 ,
841 1765 933 1818 καὶ
966 1765 1113 1834 λέγει
1156 1765 1336 1836 αὐτῷ·
1370 1765 1504 1818 Εἰπὲ
1530 1765 1613 1830 τίς

1801 1780 1849 1833 ιο
1881 1766 2008 1820 huic
2040 1766 2226 1820 Simon
2259 1765 2476 1830 Petrus,
2500 1777 2553 1820 et
2576 1766 2715 1820 dixit
2741 1767 2813 1831 ei,
2841 1776 2899 1820 ut
2926 1769 3300 1822 sciscitaretur

53 1861 147 1910 ἐστι
175 1856 299 1927 περὶ
327 1851 390 1910 οὗ
420 1855 588 1925 λέγειέ
631 1857 942 1911 Ἀναπεσὼν
973 1858 1179 1920 ἐκεῖνος
1204 1857 1298 1910 ἐπὶ
1331 1857 1390 1911 τὸ
1423 1857 1616 1928 στῆθος

52 1946 126 1999 τοῦ
165 1947 354 2018 Ἰησοῦ,
385 1947 536 2016 λέγει
565 1948 713 2019 αὐτῷ
733 1965 746 1979 ο
783 1949 986 2021 Κύριε,
1012 1949 1096 2012 τίς
1129 1952 1276 2003 ἐστιν
1303 1967 1318 2014 ;
1358 1950 1616 2022 ’Λποκρί-

54 2057 174 2092 νεται
197 2035 286 2092 οὖν
314 2041 343 2092 6
387 2039 598 2110 Ἰησοῦς
620 2058 634 2070 ·
687 2042 926 2107 Ἐκεῖνός
962 2044 1110 2095 ἐστιν
1156 2037 1200 2112 ᾧ
1229 2042 1340 2112 ἐγὼ
1371 2042 1526 2113 βάψω
1556 2043 1617 2096 τὸ

51 2129 248 2204 ψωμίον.
288 2128 478 2198 Βάψας
502 2127 595 2183 οὖν
627 2131 688 2183 τὸ
716 2131 929 2202 ψωμίον
962 2131 1249 2203 λαμϐάνει,
1277 2133 1372 2185 καὶ
1399 2133 1616 2185 δίδωσιν

63 2217 204 2287 Ἰούδᾳ
228 2217 433 2288 Σίμωνι
475 2218 798 2292 Ἰσκαριώτῃ
829 2220 939 2290 (83)
963 2237 978 2252 ο
1011 2223 1105 2275 καὶ
1146 2221 1284 2290 μετὰ
1313 2222 1376 2274 τὸ
1397 2221 1613 2292 ψωμίον

54 2307 149 2359 τότε
174 2306 422 2376 εἰσῆλθεν
452 2309 531 2371 εἰς
569 2310 776 2362 ἐκεῖνον
809 2312 837 2363 6
864 2311 1127 2375 Σατανᾶς.
1160 2311 1322 2381 Λέγει
1347 2308 1439 2365 οὖν
1468 2312 1616 2384 αὑτῷ

31 2401 84 2452 ’ό
101 2398 286 2470 Ἰησοῦς
310 2418 324 2431 ·
353 2401 423 2453 Ὃ
449 2403 640 2465 ποιεῖς,
665 2402 894 2472 ποίησον
923 2404 1129 2474 τάχιον.
1156 2403 1328 2458 Τοῦτο
1353 2405 1411 2458 δὲ
1442 2405 1615 2469 οὐδεὶς

57 2499 167 2556 ἔγνω
183 2493 288 2546 τῶν
315 2495 694 2566 ἀνακειμένων
718 2495 854 2566 πρὸς
884 2496 935 2550 τί
960 2493 1111 2552 εἶπεν
1134 2497 1282 2568 αὐτῷ
1298 2513 1310 2528 ⁶
1337 2497 1481 2561 τινὲς
1506 2499 1614 2570 γάρ

58 2577 260 2647 ἐδόκουν,
279 2585 405 2638 ἐπεὶ
434 2585 496 2638 τὸ
524 2585 910 2658 γλωσσόκομον
939 2583 1082 2658 εἶχεν
1115 2588 1335 2652 Ἰούδας,
1360 2590 1442 2641 ὅτι
1466 2587 1613 2656 λέγει

58 2671 175 2745 αὐτῷ
213 2676 454 2748 Ἰησοῦς·
500 2678 792 2749 Ἀγόρασον
835 2672 910 2733 ὧν
943 2680 1134 2751 χρείαν
1181 2681 1376 2750 ἔχομεν
1405 2681 1484 2744 εἰς
1515 2680 1614 2751 τὴν

58 2763 243 2834 ἑορτήνο
274 2765 308 2836 ἧ
340 2768 459 2830 τοῖς
483 2771 717 2840 πτωχοῖς
756 2770 842 2822 ἴνα
867 2787 919 2823 τι
959 2771 1056 2840 δῷ.
1092 2790 1111 2822 ι
1152 2772 1212 2824 '0
1239 2773 1294 2824 ὲν
1322 2771 1401 2841 τῷ
1429 2770 1614 2842 κόλπῳ

56 2854 129 2907 τοῦ
167 2855 333 2926 Ἰησοῦ
364 2859 726 2931 ἀνακείμενος
759 2854 840 2926 εἷς
876 2862 985 2916 τῶν
1030 2863 1307 2935 μαθητῶν,
1334 2864 1392 2917 ὃν
1422 2865 1613 2934 ἠγάπα

61 2949 79 2999 5
104 2947 308 3018 Ἰησοῦς,
333 2950 511 3004 ἔοικεν
535 2953 564 3004 6
585 2952 801 3024 γράψας
823 2953 882 3006 τὺ
909 2954 1239 3023 Εὐαγγέλιον
1258 2952 1397 3010 εἶναι
1429 2957 1612 3010 Ἰωάν·

1720 1857 1842 1924 quis
1882 1869 2029 1911 esset
2077 1858 2142 1911 de
2187 1871 2298 1928 quo
2356 1857 2688 1926 loqueretur.
2730 1857 2916 1927 Itaque
2959 1874 3082 1913 cum
3143 1875 3300 1914 recua'

1719 1946 1924 2002 buisset
1966 1947 2054 2001 ille
2107 1963 2272 2016 super
2314 1955 2506 2017 pectus
2548 1945 2699 2012 Jesu,
2748 1948 2879 2002 dicit
2907 1949 2998 2003 ei:
3046 1949 3296 2014 Domine,

1717 2040 1842 2106 quis
1863 2041 1985 2094 est?
2005 2040 2302 2110 Respondit
2333 2038 2530 2095 Jesus:
2562 2040 2653 2094 Ille
2669 2050 2750 2095 est
2771 2043 2855 2096 cui
2880 2057 2982 2112 ego
3011 2043 3294 2096 intinctam

1717 2132 1934 2187 ollulam
1965 2148 2281 2204 porrexero.
2318 2133 2382 2186 Et
2412 2149 2536 2188 cum
2586 2134 2894 2190 iutinxissct
2922 2134 3160 2200 ollulam,
3197 2136 3294 2191 de-

1717 2226 1796 2278 dit
1826 2229 1970 2279 tllam
2012 2225 2164 2280 Judaa
2197 2224 2404 2279 Simoni
2453 2225 2762 2282 Iscariotm:
2813 2237 2866 2282 et
2909 2238 3032 2298 post
3079 2229 3294 2282 ollulam

1718 2317 1996 2384 ingressus
2021 2328 2105 2373 est
2141 2319 2193 2373 iu
2227 2335 2350 2373 eum
2387 2320 2635 2374 Satanas.
2664 2321 2803 2376 Dicit
2835 2322 2999 2392 igitur
3029 2325 3075 2376 ei
3101 2321 3295 2376 Iesus:

1717 2408 1868 2474 Quod
1905 2408 2058 2474 facis,
2087 2410 2172 2464 lac
2202 2411 2374 2465 ocius.
2411 2411 2526 2465 Iloc
2553 2421 2733 2465 autem
2767 2428 2928 2468 nemo
2951 2413 3300 2468 discumben-

1719 2501 1854 2554 tium
1887 2501 2226 2569 iutelligebat
2258 2505 2324 2557 ad
2358 2502 2489 2571 quid
2521 2503 2568 2556 ci
2601 2503 2868 2558 dixisset:
2901 2505 3123 2574 quidam
3152 2506 3296 2558 enim

1717 2593 1983 2661 putabant
2006 2594 2131 2661 quia
2164 2594 2372 2651 loculos
2403 2595 2639 2650 habebat
2667 2595 2858 2661 Iudas,
2892 2596 3096 2651 dixisse
3123 2597 3169 2649 ei
3208 2595 3299 2649 Je-

1715 2699 1833 2738 sum
1856 2703 1870 2738 :
1892 2684 2023 2739 Eme
2043 2699 2105 2738 ea
2135 2700 2256 2754 quae
2284 2703 2424 2756 Opus
2456 2697 2584 2742 sunt
2611 2689 2769 2742 nobis
2803 2689 2868 2740 ad
2906 2689 3048 2741 diem
3075 2687 3296 2752 festum,

1716 2786 1809 2829 aut
1851 2778 2039 2846 egenis
2070 2786 2128 2831 ut
2160 2778 2363 2847 aliquid
2391 2781 2548 2833 daret
2577 2781 2618 2834 ⁸.
2652 2798 2670 2830 ι
2706 2779 2796 2834 Ille
2820 2779 2910 2848 qui
2943 2780 2995 2833 in
3026 2780 3144 2834 sinu
3169 2779 3296 2833 Jesu

1715 2878 1831 2922 erat
1858 2869 2201 2936 recumbens,
2235 2886 2374 2925 unus
2414 2886 2479 2925 ex
2513 2870 2819 2938 discipulis,
2847 2885 3008 2939 quem
3040 2871 3298 2940 diligebat

1714 2958 1894 3027 Jesus,
1941 2961 2154 3016 videtur
2202 2977 2324 3017 esse
2360 2962 2599 3018 Joannes
2629 2964 2718 3032 qui
2757 2962 3110 3030 Evangelium
3158 2964 3297 3015 scri-

63 3059 161 3112 νης·
192 3045 278 3097 ἐπὶ
299 3045 411 3116 γὰρ
450 3045 529 3116 τῷ
555 3045 696 3100 τέλει
721 3046 813 3100 τοῦ
845 3048 1176 3117 Εὐαγγελίου
1205 3049 1512 3120 γέγραπται
1537 3049 1613 3114 ὡς

1806 3060 1855 3116 ι,
1901 3053 2047 3122 quod
2094 3053 2144 3106 iu
2190 3052 2295 3107 ﬁne
2325 3053 2604 3123 Evangelii
2647 3042 2912 3122 scriptum
2958 3054 3028 3108 sil
3062 3053 3204 3107 hunc
3243 3054 3294 3106 iu

64 3155 77 3183 ι
95 3135 460 3208 Ἐπιστραφεὶς
480 3140 509 3190 6
529 3138 732 3212 Πέτρος
755 3139 942 3210 βλέπει
964 3141 1053 3194 τὸν
1079 3142 1325 3212 μαθητὴν
1339 3141 1400 3195 ὃν
1421 3143 1612 3212 ἠγάπα

1801 3144 1934 3197 udum
1953 3143 2007 3196 τε
2042 3162 2061 3195 ι
2085 3144 2392 3200 Conversus
2419 3143 2608 3199 Petrus
2629 3146 2772 3199 videt
2800 3145 2951 3198 illum
2972 3145 3295 3213 discipulum

62 3221 283 3293 ὸἸησοῦς
299 3226 718 3291 ἀκολουθοῦντα,
734 3228 792 3293 ὂς
818 3231 912 3283 κοιλ⁸
942 3229 1204 3284 ἀνέπεσεν
1230 3233 1286 3284 ἐν
1310 3231 1388 3303 τῷ
1413 3231 1614 3304 δείπνῳ

62 3314 128 3365 ἐπὶ
154 3315 205 3367 τὸ
247 3316 448 3388 στῆθος
478 3317 642 3372 αὐτοῦ
661 3359 675 3383 ,
711 3320 806 3374 καὶ
852 3317 1006 3374 εἷπε·
1045 3323 1218 3394 Κύριε
1239 3363 1254 3388 ,
1299 3324 1382 3389 τίς
1409 3325 1556 3378 ἐστιν
1587 3327 1616 3380 6

63 3406 346 3475 παραδιδούς
378 3425 442 3461 σε
468 3426 482 3475 ;
511 3410 711 3464 Τοῦτον
746 3407 840 3465 οὖν
866 3412 988 3467 ίδὼν
1019 3415 1048 3466 6
1078 3415 1283 3486 Πέτρος
1303 3458 1316 3481 ,
1350 3417 1496 3485 λέγει
1538 3417 1616 3489 τῷ

70 3497 210 3567 Ἰησοῦ
229 3518 242 3530 ·
278 3501 482 3572 Κύριε,
518 3498 668 3566 οὗτος
696 3503 756 3556 δὲ
781 3505 834 3558 τι
861 3522 874 3570 ;
911 3505 1073 3576 Λέγει
1124 3507 1272 3577 αὐτῷ
1299 3509 1328 3560 6
1371 3509 1576 3581 Ἰησοῦς
1595 3527 1610 3542 ο

71 3590 168 3646 Ἐάν
190 3594 344 3649 αὐτὸν
376 3595 516 3648 θέλω
547 3597 727 3667 μένειν
758 3597 862 3661 ἕως
888 3596 1137 3669 ἔρχομαι,
1166 3601 1218 3653 τί
1248 3599 1381 3670 πρὸς
1412 3603 1508 3667 σέ;
1541 3601 1612 3655 Σύ

69 3700 132 3750 μοι
155 3685 447 3741 ἀκολούθει.
484 3688 734 3760 Ἐξῆλθεν
754 3684 846 3742 οὖν
866 3691 894 3743 6
917 3689 1072 3759 λόγος
1086 3694 1165 3755 είς
1186 3693 1312 3755 τοὺς
1332 3691 1612 3762 ἀδελφοὺς,

65 3774 170 3828 ὀτιὸ
196 3777 444 3850 μαθητὴς
489 3780 694 3842 ἐκεῖνος
727 3779 825 3832 οὑκ
863 3780 1192 3852 ἀποθνήσκει
1213 3801 1226 3811 ο
1253 3783 1353 3835 οὐκ
1389 3778 1512 3836 εἷπε
1557 3784 1614 3837 δὲ

63 3867 177 3936 αὐτῷ
201 3871 227 3920 6
259 3869 494 3941 Ἰησοῦς,
522 3871 741 3924 ὅτιοοὺκ
771 3871 1123 3943 ἀποθνήσκει,
1146 3872 1420 3925 ἀλλ’·Ἐὰν
1451 3873 1613 3926 αὑτὸν

65 3957 168 4012 Θέλω
197 3961 372 4032 μένειν
401 3961 510 4024 ἕως
539 3961 788 4034 ἔρχομαι,
808 3962 861 4016 τί
882 3963 1019 4035 πρὸς
1049 3963 1108 4017 σέ
1133 3981 1146 4029 ;
1180 3983 1198 4015 ι
1229 3965 1348 4018 Ὅτι
1375 3965 1432 4017 δὲ
1461 3967 1488 4018 6
1519 3983 1614 4036 μα-

66 4047 197 4122 θητὴς
221 4049 372 4117 οὗτος
400 4056 432 4107 6
454 4054 672 4124 γράψας
693 4054 754 4107 τὸ
796 4055 1124 4123 Εὐαγγέλιον
1167 4056 1418 4127 Ἰωάννης
1444 4058 1610 4121 ἐστὶν,

63 4140 182 4210 δῆλον
201 4145 260 4197 ἐκ
280 4144 392 4198 τῶν
416 4146 848 4216 ἐπιφερομένων,
873 4145 1045 4212 οὕτως
1069 4146 1300 4218 ἐχόντων
1315 4164 1330 4180 ·
1360 4149 1442 4201 ὅτι
1471 4165 1490 4198 ι
1518 4139 1614 4201 05-

64 4235 131 4297 νίς
159 4239 293 4291 ἐστιν
334 4241 364 4292 6
413 4238 662 4310 μαθητὴς
689 4241 717 4292 6
759 4240 1054 4312 μαρτυρῶν
1079 4242 1207 4312 περὶ
1242 4241 1450 4295 τούτων
1471 4282 1485 4306 ,
1519 4241 1614 4294 καὶ

65 4328 239 4396 γράψας
276 4330 475 4385 ταῦτα.
517 4349 536 4383 ι
582 4333 896 4404 Παρατήρει
941 4333 1000 4386 δὲ
1040 4335 1097 4386 ὲν
1130 4334 1461 4406 ἀμφοτέροις
1498 4336 1612 4398 τοῖς

1715 3248 1875 3302 quem
1925 3235 2183 3304 diligebat
2221 3234 2401 3301 Iesus,
2424 3245 2762 3305 sequentem,
2813 3237 2901 3305 qui
2951 3246 3006 3290 et
3047 3237 3299 3291 recubuit

1719 3325 1772 3380 in
1810 3340 1964 3380 creua
1996 3341 2161 3397 super
2190 3339 2380 3396 pectus
2409 3327 2549 3396 ejus,
2585 3337 2640 3382 et
2676 3328 2850 3382 dixit:
2891 3329 3135 3393 Domine,
3175 3331 3298 3396 quis

1716 3429 1798 3474 est
1817 3418 1906 3473 ille
1930 3418 2004 3471 tui
2035 3417 2318 3486 proditor?
2346 3418 2500 3473 I-quc
2525 3433 2655 3487 ergo
2685 3435 2806 3474 eum
2828 3420 3050 3475 vidisset
3081 3420 3295 3485 Petrus,

1715 3507 2032 3563 dieitJesu:
2063 3507 2230 3580 438
2284 3509 2536 3574 Domine,
2588 3511 2676 3565 hic
2715 3520 2899 3565 autem
2950 3511 3118 3580 quid?
3160 3511 3300 3566 Dicit

1715 3600 1764 3654 ei
1796 3599 1952 3654 Jesus
1979 3615 1992 3652 :
2025 3599 2080 3654 Si
2103 3615 2228 3654 eum
2252 3601 2410 3653 velim
2437 3616 2680 3667 manere,
2715 3603 2885 3657 donec
2915 3601 3296 3670 veniam,qnid

1715 3691 1783 3745 ad
1824 3692 1916 3744 te?
1945 3690 2023 3744 Tu
2057 3706 2143 3744 me
2175 3705 2424 3760 sequere.
2453 3692 2602 3746 Exiit
2634 3707 2766 3759 ergo
2795 3708 2976 3747 sermo
3019 3693 3108 3746 ille
3153 3695 3298 3746 inter

1717 3781 1932 3844 fratres,
1965 3783 2108 3850 quod
2141 3783 2441 3852 discipulus
2470 3783 2557 3837 ille
2586 3801 2691 3839 non
2731 3796 3068 3848 moreretur,
3106 3793 3161 3835 et
3189 3798 3292 3835 non

1714 3874 1923 3928 dixerat
1953 3873 2000 3927 ei
2052 3872 2245 3927 Iesus:
2284 3874 2400 3926 Non
2449 3875 2708 3939 moritur,
2753 3875 2845 3928 sed
2889 3873 2934 3927 si
2976 3875 3135 3926 velim
3171 3888 3295 3926 eum

1716 3979 1960 4029 manere,
1995 3965 2166 4020 donec
2204 3965 2443 4029 veniam,
2474 3965 2602 4034 quid
2638 3968 2702 4018 ad
2733 3965 2823 4017 te?
2853 3982 2873 4015 ι
2911 3965 3066 4030 Quod
3113 3974 3294 4016 autem

1715 4055 2012 4124 discipulus
2040 4056 2142 4110 iste
2166 4057 2256 4126 qui
2286 4057 2510 4125 scripsit
2539 4057 2911 4125 Evangelinm,
2937 4057 3008 4110 sit
3031 4055 3294 4116 Joannes.

1715 4148 1890 4217 liquet
1927 4164 1994 4202 ex
2025 4148 2112 4202 his
2143 4164 2264 4217 qua:
2293 4149 2775 4218 subiunguntur“:
2834 4165 2852 4198 ι
2889 4147 2986 4201 Ilic
3017 4157 3100 4201 est
3132 4147 3297 4200 disci-

1715 4240 1879 4308 pulus
1909 4239 1997 4294 ille
2021 4242 2114 4310 qui
2146 4240 2516 4294 testimoniqu
2537 4239 2783 4308 perhibet
2809 4240 2875 4292 de
2903 4240 2986 4293 his
3003 4247 3056 4292 et
3078 4238 3299 4306 scripsit

1718 4334 1888 4387 haec.»
1941 4332 2181 4388 Observa
2215 4344 2396 4386 autem
2444 4333 2496 4385 in
2552 4333 2795 4400 utrisque
2832 4331 3105 4401 Evangelii
3140 4331 3296 4398 locis,

66 4417 209 4484 τόποις
232 4421 323 4475 τοῦ
366 4424 704 4492 Εὑαγγελὶου
736 4424 859 4478 τίνα
892 4425 1093 4497 τρόπον
1135 4425 1164 4476 6
1191 4425 1396 4496 Πέτρος
1420 4426 1496 4489 ὡς
1520 4426 1612 4478 ἐπὶ

1801 4439 1950 4478 suam
1977 4435 2133 4492 pacto
2158 4424 2354 4478 Petrus
2372 4425 2516 4477 velut
2533 4423 2988 4493 quamplurimum
3009 4423 3080 4477 illi
3105 4423 3294 4487 lldeus,

67 4507 208 4564 πλεῖον
247 4513 398 4584 αὐτῷ
439 4511 658 4586 θαρρῶν
679 4555 694 4578 ,
732 4515 824 4568 καὶ
875 4513 1300 4584 ἀνακεκλιμένος
1331 4513 1440 4584 (84)
1479 4515 1610 4567 ὅπου

70 4600 142 4666 μὲν
160 4603 290 4665 νεύει
320 4605 509 4675 αὐτῷ,
547 4606 640 4660 καὶ
681 4605 865 4675 λέγει’
909 4624 927 4658 ι
963 4606 1060 4669 Τίς
1101 4607 1217 4660 ἐστι
1243 4606 1354 4676 (85)
1389 4606 1515 4678 περὶ
1551 4601 1611 4660 οὗ

66 4691 85 4741 ὁ
113 4693 288 4764 Ἰησοῦς
322 4695 697 4768 προδώσοντός
735 4714 898 4768 φησιν
925 4715 941 4764 ;
980 4716 998 4750 ι
1027 4698 1162 4751 ὅπου
1187 4697 1244 4751 δὲ
1289 4696 1412 4750 ίδὼν
1449 4698 1610 4750 αὐτὸν

67 4784 441 4857 ἀκολουθοῦντα,
457 4791 533 4854 ὡς
559 4792 859 4862 φροντίζων
882 4792 1047 4845 αὑτοῦ
1081 4792 1277 4863 μᾶλλον
1301 4792 1452 4863 παρά
1485 4794 1610 4857 τοὺς

70 4874 263 4944 λοιποὺς,
292 4882 444 4950 λέγει
472 4883 551 4954 τῷ
592 4883 767 4956 Ἰησοῦ
795 4885 922 4956 περὶ
945 4885 1111 4939 αὐτοῦ
1135 4903 1149 4915 ο
1195 4903 1214 4936 ι
1241 4884 1436 4954 Κύριε,
1460 4878 1617 4949 οὗτος

69 4966 108 5017 δὲ
129 4970 204 5034 τίς
239 4993 256 5025 ι
289 4975 614 5045 βουλόμενος
650 4976 840 5048 μαθεῖν
884 4979 979 5032 καὶ
1019 4977 1082 5030 τὸ
1127 4976 1270 5030 κατά
1300 4976 1391 5029 τὸν
1434 4977 1615 5030 Ἰωάν-

71 5074 141 5126 νην
163 5063 300 5128 τέλος
323 5108 338 5131 ,
368 5069 574 5138 ὁμοίως
598 5068 676 5139 τῷ
705 5070 1001 5138 ἐγνωκέναι
1021 5069 1089 5124 τά
1121 5070 1251 5141 περὶ
1289 5068 1477 5131 αὑτοῦ,
1505 5069 1607 5133 ὃτι,

72 5147 166 5202 ὃταν
191 5158 425 5229 γηράσῃ,
455 5160 664 5212 ὲκτενεῐ
688 5159 800 5230 (86)
835 5159 932 5224 τὰς
958 5163 1147 5231 χεῖρας
1175 5159 1364 5221 αὐτοῦ,
1395 5161 1489 5212 καὶ
1519 5158 1613 5214 άλ-

73 5238 139 5303 λος
164 5245 308 5301 αὑτὸν
333 5249 521 5313 ζώσει,
555 5251 648 5303 καὶ
677 5251 814 5304 οἴσει
842 5252 976 5305 ὅπου
1003 5253 1065 5305 οὐ
1095 5251 1257 5305 θέλει.
1290 5251 1462 5322 Εἴπερ
1493 5250 1549 5303 δὲ
1579 5249 1616 5303 ἃ

76 5330 212 5390 ἐλάλει
237 5341 458 5412 ῥήματα
483 5344 513 5395 6
549 5344 777 5414 Ἰησοῦς,
805 5345 1024 5416 πνεῦμά
1055 5347 1190 5410 ἐστι,
1226 5347 1322 5400 καὶ
1341 5346 1403 5398 οὐ
1438 5345 1616 5416 γράμ-

80 5436 152 5488 μα,
173 5423 231 5489 δι’
258 5429 392 5486 ὅλων
417 5432 530 5506 ζωή
557 5433 694 5500 ἐστι,
719 5435 814 5490 καὶ
845 5435 1096 5506 οὐδαμῶς
1127 5435 1376 5500 θάνατος,
1400 5434 1495 5488 καὶ
1526 5451 1617 5504 μι-

1717 4527 1773 4570 et
1800 4521 2155 4581 accumbens,
2182 4516 2480 4587 aliquando
2513 4517 2727 4584 quidem
2767 4517 2953 4569 innuat
2985 4514 3178 4569 Joanni
3219 4516 3300 4568 di—

1718 4621 1848 4660 cens
1873 4622 1887 4657 :
1919 4624 1936 4656 ι
1963 4606 2097 4672 Quis
2113 4614 2218 4671 est,
2240 4607 2305 4658 de
2325 4619 2433 4673 quo
2449 4605 2734 4672 prodituro
2757 4601 2914 4658 Iesus
2942 4603 3183 4671 loquitur
3202 4603 3221 4632 ’
3242 4602 3293 4653 ἳι

1716 4696 2013 4765 aliquando
2044 4710 2176 4748 vero
2206 4710 2330 4749 eum
2367 4694 2594 4748 intuitus
2629 4704 2970 4763 sequentem,
3019 4692 3184 4746 veluti
3238 4690 3300 4743 il-

1716 4789 1820 4843 lius
1856 4787 2143 4858 plusquam
2176 4795 2496 4840 cmterorum
2534 4801 2720 4840 curam
2751 4785 2974 4847 habens,
3003 4784 3143 4836 dicat
3170 4780 3296 4835 Jesu

1719 4881 1784 4932 de
1814 4891 1920 4932 eo:
1978 4896 1996 4928 ι
2030 4876 2280 4942 Domine,
2323 4877 2409 4930 hic
2454 4887 2635 4929 autem
2681 4876 2810 4943 quid
2838 4875 2923 4926 ‘°?
2954 4892 2973 4924 ι
3013 4873 3170 4925 linem
3203 4870 3295 4925 Jo-

1715 4969 1874 5024 annis
1903 4969 2116 5024 discere
2156 4969 2364 5034 volens,
2408 4969 2637 5038 perinde
2674 4978 2836 5034 atque
2864 4979 3022 5018 suum
3064 4977 3297 5031 agnove-

1715 5073 1838 5128 rat,
1875 5077 2071 5131 nempe
2102 5063 2247 5130 quod
2275 5077 2397 5116 cum
2453 5059 2740 5120 senuisset,
2798 5058 3036 5109 futurum
3083 5063 3204 5108 erat
3238 5063 3301 5107 ut

1721 5169 1916 5208 manus
1969 5169 2098 5208 suas
2141 5153 2486 5216 extenderet,
2515 5160 2570 5204 et
2610 5149 2748 5202 alius
2779 5161 2900 5201 eum
2951 5147 3213 5216 cingeret,
3247 5153 3302 5198 et

1726 5248 1950 5302 duceret
1983 5261 2090 5316 quo
2125 5260 2234 5299 non
2267 5243 2428 5298 vellet
2451 5243 2515 5298 ”.
2551 5242 2704 5307 Quod
2735 5242 2779 5295 si
2822 5254 2952 5294 vero
2985 5239 3150 5293 verba
3177 5254 3302 5307 qua:

1726 5339 1938 5394 locutus
1961 5348 2047 5392 est
2071 5335 2250 5400 Iesus,
2277 5335 2500 5406 spiritus
2531 5341 2658 5388 sunt
2680 5333 2752 5397 η,
2779 5341 2832 5386 et
2866 5347 2970 5387 non
3008 5331 3209 5395 littera,
3249 5331 3302 5383 iu

1725 5432 1922 5502 quibus
1949 5430 2203 5486 omnibus
2229 5429 2337 5483 vita
2382 5440 2488 5493 est,
2517 5435 2571 5480 et
2624 5441 2892 5496 nusquam
2929 5439 3108 5492 mors,
3139 5431 3195 5482 et
3223 5422 3304 5476 di-

132 5589 304 5672 “’03”.
327 5597 559 5672 x1n_,_25
593 5615 710 5672 seq.
787 5603 806 5633 ⁷
838 5599 997 5657 Joen.
1038 5617 1155 5669 xxi,
1188 5602 1280 5668 20,
1315 5615 1430 5671 seq.
1509 5599 1529 5631 ⁸
1565 5597 1698 5654 ibid.
1725 5596 1815 5650 24.
1894 5597 1914 5627 ⁸
1940 5594 2096 5651 Joan.
2135 5606 2256 5655 xm,
2280 5590 2371 5644 ει.
2451 5588 2668 5646 “Joan.
2691 5587 2898 5652 nhil.
2975 5584 3176 5644 “ibid.
3211 5587 3296 5650 I8.

81 5657 111 5686 "
141 5659 278 5719 Joan.
304 5681 382 5732 Vt,
411 5657 498 5722 67L

250 5795 424 5871 (iudex
456 5801 678 5871 Regius,
712 5802 952 5871 Σίμωνος
994 5801 1360 5871 Ἰσκαριώτου.

134 5863 229 5940 (δέ)
255 5867 435 5929 Codex
465 5863 685 5940 Regius,
718 5863 1197 5947 προσκεκλιμένός.

1797 5801 1910 5868 (85)
1948 5796 2098 5856 Idem
2133 5798 2300 5852 codex
2333 5799 2560 5866 Regius,
2585 5797 2706 5851 εἰπὲ
2739 5796 2820 5860 τίς
2849 5799 2990 5854 ἐστι.

1795 5873 1910 5948 (86)
1946 5875 2086 5928 Idem
2115 5871 2288 5926 codex
2315 5869 2532 5940 Regius,
2570 5869 2820 5930 ἐκτείνει,
