  <div class='ocr_page' id='page_1' title='image "/cluster/home/n/w/nwhite01/storage/ocr_20150623/14/hvd.32044024333478/407.png"; bbox 0 0 3754 6530; ppageno 0'>
   <div class='ocr_carea' id='block_1_1' title="bbox 430 398 535 457">
    <p class='ocr_par' dir='ltr' id='par_1_1' title="bbox 430 398 535 457">
     <span class='ocr_line' id='line_1_1' title="bbox 430 398 535 457; baseline 0.029 -3"><span class='ocrx_word' id='word_1_1' title='bbox 430 398 535 457; x_wconf 77' lang='lat'><strong>799</strong></span> 
     </span>
    </p>
   </div>
   <div class='ocr_carea' id='block_1_2' title="bbox 1890 400 2212 459">
    <p class='ocr_par' dir='ltr' id='par_1_2' title="bbox 1890 400 2212 459">
     <span class='ocr_line' id='line_1_2' title="bbox 1890 400 2212 459; baseline 0 -1"><span class='ocrx_word' id='word_1_2' title='bbox 1890 400 2212 459; x_wconf 73' lang='lat' dir='ltr'><strong>ORIGENIS</strong></span> 
     </span>
    </p>
   </div>
   <div class='ocr_carea' id='block_1_3' title="bbox 3579 405 3667 459">
    <p class='ocr_par' dir='ltr' id='par_1_3' title="bbox 3579 405 3667 459">
     <span class='ocr_line' id='line_1_3' title="bbox 3579 405 3667 459; baseline 0 0"><span class='ocrx_word' id='word_1_3' title='bbox 3579 405 3667 459; x_wconf 74' lang='lat'><strong>800</strong></span> 
     </span>
    </p>
   </div>
   <div class='ocr_carea' id='block_1_4' title="bbox 434 513 2050 591">
    <p class='ocr_par' dir='ltr' id='par_1_4' title="bbox 434 513 2050 588">
     <span class='ocr_line' id='line_1_4' title="bbox 434 513 2050 588; baseline 0.001 -18"><span class='ocrx_word' id='word_1_4' title='bbox 434 516 676 586; x_wconf 85' lang='lat' dir='ltr'><strong>scipulus</strong></span> <span class='ocrx_word' id='word_1_5' title='bbox 692 529 854 586; x_wconf 89' lang='lat' dir='ltr'><strong>quem</strong></span> <span class='ocrx_word' id='word_1_6' title='bbox 883 514 1139 586; x_wconf 80' lang='lat' dir='ltr'><strong>diligebat</strong></span> <span class='ocrx_word' id='word_1_7' title='bbox 1163 513 1345 584; x_wconf 85' lang='lat' dir='ltr'><strong>Jesus,</strong></span> <span class='ocrx_word' id='word_1_8' title='bbox 1370 514 1550 587; x_wconf 91' lang='lat' dir='ltr'><strong>ipsum</strong></span> <span class='ocrx_word' id='word_1_9' title='bbox 1577 515 1822 585; x_wconf 86' lang='lat' dir='ltr'><strong>imitans,</strong></span> <span class='ocrx_word' id='word_1_10' title='bbox 1845 519 2009 588; x_wconf 12' lang='lat' dir='ltr'><strong>spiri-l</strong></span> <span class='ocrx_word' id='word_1_11' title='bbox 2041 565 2050 579; x_wconf 43' lang='grc' dir='ltr'>ι</span> 
     </span>
    </p>
   </div>
   <div class='ocr_carea' id='block_1_5' title="bbox 2129 513 3667 591">
    <p class='ocr_par' dir='ltr' id='par_1_5' title="bbox 2129 515 3667 591">
     <span class='ocr_line' id='line_1_5' title="bbox 2129 515 3667 591; baseline 0.003 -20"><span class='ocrx_word' id='word_1_12' title='bbox 2129 519 2391 588; x_wconf 73' lang='grc' dir='ltr'>μοόμενος</span> <span class='ocrx_word' id='word_1_13' title='bbox 2425 518 2588 572; x_wconf 75' lang='grc' dir='ltr'>αὐτὸν</span> <span class='ocrx_word' id='word_1_14' title='bbox 2627 518 2655 571; x_wconf 89' lang='grc' dir='ltr'><strong>ό</strong></span> <span class='ocrx_word' id='word_1_15' title='bbox 2702 516 2948 591; x_wconf 80' lang='grc' dir='ltr'>μαθητὴς</span> <span class='ocrx_word' id='word_1_16' title='bbox 2978 515 3037 572; x_wconf 84' lang='grc' dir='ltr'>ὃν</span> <span class='ocrx_word' id='word_1_17' title='bbox 3082 518 3273 590; x_wconf 80' lang='grc' dir='ltr'>ἠγάπα</span> <span class='ocrx_word' id='word_1_18' title='bbox 3297 559 3311 582; x_wconf 93' lang='grc'><strong>,</strong></span> <span class='ocrx_word' id='word_1_19' title='bbox 3354 516 3559 590; x_wconf 83' lang='grc' dir='ltr'>πνεῦμα</span> <span class='ocrx_word' id='word_1_20' title='bbox 3592 527 3667 575; x_wconf 76' lang='grc' dir='ltr'><strong>καὶ</strong></span> 
     </span>
    </p>
   </div>
   <div class='ocr_carea' id='block_1_6' title="bbox 437 607 2012 680">
    <p class='ocr_par' dir='ltr' id='par_1_6' title="bbox 437 607 2012 680">
     <span class='ocr_line' id='line_1_6' title="bbox 437 607 2012 680; baseline 0.001 -17"><span class='ocrx_word' id='word_1_21' title='bbox 437 621 550 665; x_wconf 92' lang='lat' dir='ltr'><strong>tum</strong></span> <span class='ocrx_word' id='word_1_22' title='bbox 573 620 627 664; x_wconf 91' lang='lat' dir='ltr'><strong>et</strong></span> <span class='ocrx_word' id='word_1_23' title='bbox 655 609 823 662; x_wconf 88' lang='lat' dir='ltr'><strong>vitam</strong></span> <span class='ocrx_word' id='word_1_24' title='bbox 845 609 1083 679; x_wconf 91' lang='lat' dir='ltr'><strong>scripsit,</strong></span> <span class='ocrx_word' id='word_1_25' title='bbox 1111 607 1515 680; x_wconf 80' lang='lat' dir='ltr'><strong>intelligendum</strong></span> <span class='ocrx_word' id='word_1_26' title='bbox 1541 619 1626 664; x_wconf 90' lang='lat' dir='ltr'><strong>est</strong></span> <span class='ocrx_word' id='word_1_27' title='bbox 1647 610 1776 664; x_wconf 88' lang='lat' dir='ltr'><strong>iHud</strong></span> <span class='ocrx_word' id='word_1_28' title='bbox 1801 628 1815 664; x_wconf 91' lang='lat'><strong>:</strong></span> <span class='ocrx_word' id='word_1_29' title='bbox 1851 610 2012 666; x_wconf 71' lang='lat' dir='ltr'><strong>«Erat</strong></span> 
     </span>
    </p>
   </div>
   <div class='ocr_carea' id='block_1_7' title="bbox 438 699 2013 771">
    <p class='ocr_par' dir='ltr' id='par_1_7' title="bbox 438 699 2013 771">
     <span class='ocr_line' id='line_1_7' title="bbox 438 699 2013 771; baseline 0.001 -15"><span class='ocrx_word' id='word_1_30' title='bbox 438 699 760 756; x_wconf 77' lang='lat' dir='ltr'><strong>recumbens</strong></span> <span class='ocrx_word' id='word_1_31' title='bbox 784 716 923 756; x_wconf 89' lang='lat' dir='ltr'><strong>unus</strong></span> <span class='ocrx_word' id='word_1_32' title='bbox 951 715 1020 756; x_wconf 83' lang='lat' dir='ltr'><strong>ex</strong></span> <span class='ocrx_word' id='word_1_33' title='bbox 1044 701 1322 771; x_wconf 87' lang='lat' dir='ltr'><strong>discipulis</strong></span> <span class='ocrx_word' id='word_1_34' title='bbox 1337 701 1455 771; x_wconf 87' lang='lat' dir='ltr'><strong>ejus</strong></span> <span class='ocrx_word' id='word_1_35' title='bbox 1478 700 1535 755; x_wconf 88' lang='lat' dir='ltr'><strong>in</strong></span> <span class='ocrx_word' id='word_1_36' title='bbox 1557 701 1677 756; x_wconf 91' lang='lat' dir='ltr'><strong>sinu</strong></span> <span class='ocrx_word' id='word_1_37' title='bbox 1705 700 1888 767; x_wconf 65' lang='lat' dir='ltr'><strong>Jesu,»</strong></span> <span class='ocrx_word' id='word_1_38' title='bbox 1916 717 2013 771; x_wconf 92' lang='lat' dir='ltr'><strong>pro</strong></span> 
     </span>
    </p>
   </div>
   <div class='ocr_carea' id='block_1_8' title="bbox 438 794 2011 863">
    <p class='ocr_par' dir='ltr' id='par_1_8' title="bbox 438 794 2011 863">
     <span class='ocr_line' id='line_1_8' title="bbox 438 794 2011 863; baseline 0.004 -20"><span class='ocrx_word' id='word_1_39' title='bbox 438 794 702 863; x_wconf 75' lang='lat' dir='ltr'><strong>dignitate</strong></span> <span class='ocrx_word' id='word_1_40' title='bbox 753 794 998 859; x_wconf 85' lang='lat' dir='ltr'><strong>honoris,</strong></span> <span class='ocrx_word' id='word_1_41' title='bbox 1051 810 1214 863; x_wconf 88' lang='lat' dir='ltr'><strong>quem</strong></span> <span class='ocrx_word' id='word_1_42' title='bbox 1261 796 1594 850; x_wconf 87' lang='lat' dir='ltr'><strong>conveniens</strong></span> <span class='ocrx_word' id='word_1_43' title='bbox 1621 803 1706 851; x_wconf 90' lang='lat' dir='ltr'><strong>est</strong></span> <span class='ocrx_word' id='word_1_44' title='bbox 1741 794 1879 849; x_wconf 88' lang='lat' dir='ltr'><strong>Filio</strong></span> <span class='ocrx_word' id='word_1_45' title='bbox 1914 796 2011 850; x_wconf 85' lang='lat' dir='ltr'><strong>Dei</strong></span> 
     </span>
    </p>
   </div>
   <div class='ocr_carea' id='block_1_9' title="bbox 414 884 2015 955">
    <p class='ocr_par' dir='ltr' id='par_1_9' title="bbox 414 884 2015 955">
     <span class='ocr_line' id='line_1_9' title="bbox 414 884 2015 955; baseline 0.002 -17"><span class='ocrx_word' id='word_1_46' title='bbox 414 884 591 947; x_wconf 47' lang='lat' dir='ltr'><strong>idare,</strong></span> <span class='ocrx_word' id='word_1_47' title='bbox 626 893 682 937; x_wconf 91' lang='lat' dir='ltr'><strong>et</strong></span> <span class='ocrx_word' id='word_1_48' title='bbox 701 884 747 937; x_wconf 92' lang='lat' dir='ltr'><strong>ei</strong></span> <span class='ocrx_word' id='word_1_49' title='bbox 771 899 931 952; x_wconf 85' lang='lat' dir='ltr'><strong>quem</strong></span> <span class='ocrx_word' id='word_1_50' title='bbox 955 885 1070 953; x_wconf 88' lang='lat' dir='ltr'><strong>ipse</strong></span> <span class='ocrx_word' id='word_1_51' title='bbox 1100 886 1372 951; x_wconf 77' lang='lat' dir='ltr'><strong>dilexerit,</strong></span> <span class='ocrx_word' id='word_1_52' title='bbox 1393 887 1663 955; x_wconf 90' lang='lat' dir='ltr'><strong>accipere,</strong></span> <span class='ocrx_word' id='word_1_53' title='bbox 1686 894 1741 941; x_wconf 88' lang='lat' dir='ltr'><strong>et</strong></span> <span class='ocrx_word' id='word_1_54' title='bbox 1761 887 2015 942; x_wconf 77' lang='lat' dir='ltr'><strong>existimo</strong></span> 
     </span>
    </p>
   </div>
   <div class='ocr_carea' id='block_1_10' title="bbox 438 974 2016 1048">
    <p class='ocr_par' dir='ltr' id='par_1_10' title="bbox 438 974 2016 1048">
     <span class='ocr_line' id='line_1_10' title="bbox 438 974 2016 1048; baseline 0.004 -22"><span class='ocrx_word' id='word_1_55' title='bbox 438 974 583 1042; x_wconf 90' lang='lat' dir='ltr'><strong>quod</strong></span> <span class='ocrx_word' id='word_1_56' title='bbox 614 974 868 1043; x_wconf 83' lang='lat' dir='ltr'><strong>quamvis</strong></span> <span class='ocrx_word' id='word_1_57' title='bbox 897 974 1197 1045; x_wconf 84' lang='lat' dir='ltr'><strong>symbolice</strong></span> <span class='ocrx_word' id='word_1_58' title='bbox 1237 977 1579 1033; x_wconf 90' lang='lat' dir='ltr'><strong>recumberet</strong></span> <span class='ocrx_word' id='word_1_59' title='bbox 1619 988 1730 1033; x_wconf 91' lang='lat' dir='ltr'><strong>tum</strong></span> <span class='ocrx_word' id='word_1_60' title='bbox 1757 978 2016 1048; x_wconf 86' lang='lat' dir='ltr'><strong>temporis</strong></span> 
     </span>
    </p>
   </div>
   <div class='ocr_carea' id='block_1_11' title="bbox 435 1064 2014 1140">
    <p class='ocr_par' dir='ltr' id='par_1_11' title="bbox 435 1064 2014 1140">
     <span class='ocr_line' id='line_1_11' title="bbox 435 1064 2014 1140; baseline 0.001 -19"><span class='ocrx_word' id='word_1_61' title='bbox 435 1065 676 1121; x_wconf 82' lang='lat' dir='ltr'><strong>Joannes</strong></span> <span class='ocrx_word' id='word_1_62' title='bbox 730 1066 783 1119; x_wconf 93' lang='lat' dir='ltr'><strong>in</strong></span> <span class='ocrx_word' id='word_1_63' title='bbox 835 1066 955 1120; x_wconf 91' lang='lat' dir='ltr'><strong>sinu</strong></span> <span class='ocrx_word' id='word_1_64' title='bbox 1005 1064 1158 1132; x_wconf 84' lang='lat' dir='ltr'><strong>Jesu,</strong></span> <span class='ocrx_word' id='word_1_65' title='bbox 1211 1066 1314 1122; x_wconf 92' lang='lat' dir='ltr'><strong>hoc</strong></span> <span class='ocrx_word' id='word_1_66' title='bbox 1353 1084 1580 1124; x_wconf 84' lang='lat' dir='ltr'><strong>munere</strong></span> <span class='ocrx_word' id='word_1_67' title='bbox 1614 1070 1866 1140; x_wconf 79' lang='lat' dir='ltr'><strong>dignatus</strong></span> <span class='ocrx_word' id='word_1_68' title='bbox 1914 1085 2014 1124; x_wconf 90' lang='lat' dir='ltr'><strong>ceu</strong></span> 
     </span>
    </p>
   </div>
   <div class='ocr_carea' id='block_1_12' title="bbox 438 1156 2018 1231">
    <p class='ocr_par' dir='ltr' id='par_1_12' title="bbox 438 1156 2018 1231">
     <span class='ocr_line' id='line_1_12' title="bbox 438 1156 2018 1231; baseline 0.003 -21"><span class='ocrx_word' id='word_1_69' title='bbox 438 1157 714 1227; x_wconf 75' lang='lat' dir='ltr'><strong>pnecipuo</strong></span> <span class='ocrx_word' id='word_1_70' title='bbox 740 1173 928 1213; x_wconf 89' lang='lat' dir='ltr'><strong>amore</strong></span> <span class='ocrx_word' id='word_1_71' title='bbox 954 1156 1201 1227; x_wconf 73' lang='lat' dir='ltr'><strong>Magistri</strong></span> <span class='ocrx_word' id='word_1_72' title='bbox 1231 1158 1451 1214; x_wconf 84' lang='lat' dir='ltr'><strong>habitus</strong></span> <span class='ocrx_word' id='word_1_73' title='bbox 1494 1161 1712 1230; x_wconf 78' lang='lat' dir='ltr'><strong>dignus,</strong></span> <span class='ocrx_word' id='word_1_74' title='bbox 1740 1160 1842 1215; x_wconf 87' lang='lat' dir='ltr'><strong>hoc</strong></span> <span class='ocrx_word' id='word_1_75' title='bbox 1868 1176 2018 1231; x_wconf 88' lang='lat' dir='ltr'><strong>sym-</strong></span> 
     </span>
    </p>
   </div>
   <div class='ocr_carea' id='block_1_13' title="bbox 442 1248 2017 1325">
    <p class='ocr_par' dir='ltr' id='par_1_13' title="bbox 442 1248 2017 1325">
     <span class='ocr_line' id='line_1_13' title="bbox 442 1248 2017 1325; baseline 0.004 -22"><span class='ocrx_word' id='word_1_76' title='bbox 442 1249 675 1304; x_wconf 88' lang='lat' dir='ltr'><strong>holicum</strong></span> <span class='ocrx_word' id='word_1_77' title='bbox 701 1250 960 1305; x_wconf 78' lang='lat' dir='ltr'><strong>denotare</strong></span> <span class='ocrx_word' id='word_1_78' title='bbox 983 1248 1273 1319; x_wconf 85' lang='lat' dir='ltr'><strong>Joannem,</strong></span> <span class='ocrx_word' id='word_1_79' title='bbox 1306 1253 1577 1309; x_wconf 89' lang='lat' dir='ltr'><strong>addictum</strong></span> <span class='ocrx_word' id='word_1_80' title='bbox 1610 1255 1661 1308; x_wconf 93' lang='lat' dir='ltr'><strong>in</strong></span> <span class='ocrx_word' id='word_1_81' title='bbox 1696 1254 2017 1325; x_wconf 78' lang='lat' dir='ltr'><strong>Sermonem</strong></span> 
     </span>
    </p>
   </div>
   <div class='ocr_carea' id='block_1_14' title="bbox 443 1342 2019 1411">
    <p class='ocr_par' dir='ltr' id='par_1_14' title="bbox 443 1342 2019 1411">
     <span class='ocr_line' id='line_1_14' title="bbox 443 1342 2019 1411; baseline 0.003 -15"><span class='ocrx_word' id='word_1_82' title='bbox 443 1342 639 1397; x_wconf 78' lang='lat' dir='ltr'><strong>Filium</strong></span> <span class='ocrx_word' id='word_1_83' title='bbox 668 1342 782 1407; x_wconf 89' lang='lat' dir='ltr'><strong>Dei,</strong></span> <span class='ocrx_word' id='word_1_84' title='bbox 815 1357 1164 1411; x_wconf 87' lang='lat' dir='ltr'><strong>propensum,</strong></span> <span class='ocrx_word' id='word_1_85' title='bbox 1193 1352 1249 1397; x_wconf 91' lang='lat' dir='ltr'><strong>et</strong></span> <span class='ocrx_word' id='word_1_86' title='bbox 1278 1342 1353 1397; x_wconf 92' lang='lat' dir='ltr'><strong>illi</strong></span> <span class='ocrx_word' id='word_1_87' title='bbox 1389 1343 1612 1398; x_wconf 88' lang='lat' dir='ltr'><strong>multum</strong></span> <span class='ocrx_word' id='word_1_88' title='bbox 1645 1343 1938 1409; x_wconf 88' lang='lat' dir='ltr'><strong>faventem,</strong></span> <span class='ocrx_word' id='word_1_89' title='bbox 1968 1346 2019 1400; x_wconf 90' lang='lat' dir='ltr'><strong>in</strong></span> 
     </span>
    </p>
   </div>
   <div class='ocr_carea' id='block_1_15' title="bbox 446 1434 2022 1504">
    <p class='ocr_par' dir='ltr' id='par_1_15' title="bbox 446 1434 2022 1504">
     <span class='ocr_line' id='line_1_15' title="bbox 446 1434 2022 1504; baseline 0.005 -18"><span class='ocrx_word' id='word_1_90' title='bbox 446 1434 716 1503; x_wconf 78' lang='lat' dir='ltr'><strong>rebusque</strong></span> <span class='ocrx_word' id='word_1_91' title='bbox 746 1434 1138 1489; x_wconf 78' lang='lat' dir='ltr'><strong>secretioribus</strong></span> <span class='ocrx_word' id='word_1_92' title='bbox 1182 1435 1650 1504; x_wconf 86' lang='lat' dir='ltr'><strong>acquieseentem,</strong></span> <span class='ocrx_word' id='word_1_93' title='bbox 1702 1439 2022 1494; x_wconf 84' lang='lat' dir='ltr'><strong>recubuisse</strong></span> 
     </span>
    </p>
   </div>
   <div class='ocr_carea' id='block_1_16' title="bbox 444 1524 2023 1599">
    <p class='ocr_par' dir='ltr' id='par_1_16' title="bbox 444 1524 2023 1599">
     <span class='ocr_line' id='line_1_16' title="bbox 444 1524 2023 1599; baseline 0.006 -23"><span class='ocrx_word' id='word_1_94' title='bbox 444 1526 498 1577; x_wconf 90' lang='lat' dir='ltr'><strong>iu</strong></span> <span class='ocrx_word' id='word_1_95' title='bbox 532 1525 743 1580; x_wconf 86' lang='lat' dir='ltr'><strong>sinibus</strong></span> <span class='ocrx_word' id='word_1_96' title='bbox 769 1524 1061 1580; x_wconf 89' lang='lat' dir='ltr'><strong>Sermonis</strong></span> <span class='ocrx_word' id='word_1_97' title='bbox 1093 1524 1237 1598; x_wconf 78' lang='lat' dir='ltr'><strong>[Filii</strong></span> <span class='ocrx_word' id='word_1_98' title='bbox 1268 1525 1415 1597; x_wconf 85' lang='lat' dir='ltr'><strong>Dei],</strong></span> <span class='ocrx_word' id='word_1_99' title='bbox 1448 1527 1672 1597; x_wconf 90' lang='lat' dir='ltr'><strong>perinde</strong></span> <span class='ocrx_word' id='word_1_100' title='bbox 1704 1537 1868 1598; x_wconf 86' lang='lat' dir='ltr'><strong>atque</strong></span> <span class='ocrx_word' id='word_1_101' title='bbox 1901 1530 2023 1599; x_wconf 91' lang='lat' dir='ltr'><strong>ipse</strong></span> 
     </span>
    </p>
   </div>
   <div class='ocr_carea' id='block_1_17' title="bbox 446 1616 2026 1690">
    <p class='ocr_par' dir='ltr' id='par_1_17' title="bbox 446 1616 2026 1690">
     <span class='ocr_line' id='line_1_17' title="bbox 446 1616 2026 1690; baseline 0.005 -19"><span class='ocrx_word' id='word_1_102' title='bbox 446 1616 538 1671; x_wconf 89' lang='lat' dir='ltr'><strong>Dei</strong></span> <span class='ocrx_word' id='word_1_103' title='bbox 573 1617 764 1672; x_wconf 88' lang='lat' dir='ltr'><strong>Sermo</strong></span> <span class='ocrx_word' id='word_1_104' title='bbox 805 1626 889 1674; x_wconf 90' lang='lat' dir='ltr'><strong>est</strong></span> <span class='ocrx_word' id='word_1_105' title='bbox 912 1618 965 1672; x_wconf 91' lang='lat' dir='ltr'><strong>in</strong></span> <span class='ocrx_word' id='word_1_106' title='bbox 994 1619 1204 1673; x_wconf 87' lang='lat' dir='ltr'><strong>sinibus</strong></span> <span class='ocrx_word' id='word_1_107' title='bbox 1228 1618 1426 1685; x_wconf 80' lang='lat' dir='ltr'><strong>Patris,</strong></span> <span class='ocrx_word' id='word_1_108' title='bbox 1454 1621 1610 1690; x_wconf 80' lang='lat' dir='ltr'><strong>juxta</strong></span> <span class='ocrx_word' id='word_1_109' title='bbox 1641 1620 1808 1676; x_wconf 89' lang='lat' dir='ltr'><strong>illud:</strong></span> <span class='ocrx_word' id='word_1_110' title='bbox 1841 1639 1860 1675; x_wconf 77' lang='grc' dir='ltr'><strong>ι</strong></span> <span class='ocrx_word' id='word_1_111' title='bbox 1894 1621 2026 1678; x_wconf 88' lang='lat' dir='ltr'><strong>Uni-</strong></span> 
     </span>
    </p>
   </div>
   <div class='ocr_carea' id='block_1_18' title="bbox 445 1709 2027 1781">
    <p class='ocr_par' dir='ltr' id='par_1_18' title="bbox 445 1709 2027 1781">
     <span class='ocr_line' id='line_1_18' title="bbox 445 1709 2027 1781; baseline 0.005 -20"><span class='ocrx_word' id='word_1_112' title='bbox 445 1709 665 1778; x_wconf 76' lang='lat' dir='ltr'><strong>genitus</strong></span> <span class='ocrx_word' id='word_1_113' title='bbox 696 1709 861 1775; x_wconf 87' lang='lat' dir='ltr'><strong>Deus,</strong></span> <span class='ocrx_word' id='word_1_114' title='bbox 895 1710 987 1776; x_wconf 86' lang='lat' dir='ltr'><strong>qui</strong></span> <span class='ocrx_word' id='word_1_115' title='bbox 1025 1718 1112 1765; x_wconf 89' lang='lat' dir='ltr'><strong>est</strong></span> <span class='ocrx_word' id='word_1_116' title='bbox 1142 1709 1195 1763; x_wconf 90' lang='lat' dir='ltr'><strong>in</strong></span> <span class='ocrx_word' id='word_1_117' title='bbox 1226 1711 1346 1765; x_wconf 82' lang='lat' dir='ltr'><strong>sinu</strong></span> <span class='ocrx_word' id='word_1_118' title='bbox 1388 1709 1591 1777; x_wconf 88' lang='lat' dir='ltr'><strong>Patris,</strong></span> <span class='ocrx_word' id='word_1_119' title='bbox 1639 1713 1756 1781; x_wconf 85' lang='lat' dir='ltr'><strong>ipse</strong></span> <span class='ocrx_word' id='word_1_120' title='bbox 1802 1729 2027 1770; x_wconf 88' lang='lat' dir='ltr'><strong>enarra-</strong></span> 
     </span>
    </p>
   </div>
   <div class='ocr_carea' id='block_1_19' title="bbox 445 1799 2022 1873">
    <p class='ocr_par' dir='ltr' id='par_1_19' title="bbox 445 1799 2022 1873">
     <span class='ocr_line' id='line_1_19' title="bbox 445 1799 2022 1873; baseline 0.007 -25"><span class='ocrx_word' id='word_1_121' title='bbox 445 1799 524 1853; x_wconf 89' lang='lat' dir='ltr'><strong>vit</strong></span> <span class='ocrx_word' id='word_1_122' title='bbox 546 1800 643 1853; x_wconf 83' lang='grc'><strong>¹³.›</strong></span> <span class='ocrx_word' id='word_1_123' title='bbox 674 1799 814 1867; x_wconf 85' lang='lat' dir='ltr'><strong>Quin</strong></span> <span class='ocrx_word' id='word_1_124' title='bbox 844 1800 947 1858; x_wconf 91' lang='lat' dir='ltr'><strong>nisi</strong></span> <span class='ocrx_word' id='word_1_125' title='bbox 973 1800 1236 1869; x_wconf 77' lang='lat' dir='ltr'><strong>abiectius</strong></span> <span class='ocrx_word' id='word_1_126' title='bbox 1271 1800 1639 1873; x_wconf 79' lang='lat' dir='ltr'><strong>intelligamus</strong></span> <span class='ocrx_word' id='word_1_127' title='bbox 1664 1805 1765 1860; x_wconf 90' lang='lat' dir='ltr'><strong>hoc</strong></span> <span class='ocrx_word' id='word_1_128' title='bbox 1789 1805 2022 1861; x_wconf 88' lang='lat' dir='ltr'><strong>dictum:</strong></span> 
     </span>
    </p>
   </div>
   <div class='ocr_carea' id='block_1_20' title="bbox 2115 602 3664 679">
    <p class='ocr_par' dir='ltr' id='par_1_20' title="bbox 2115 602 3664 679">
     <span class='ocr_line' id='line_1_20' title="bbox 2115 602 3664 679; baseline 0 -20"><span class='ocrx_word' id='word_1_129' title='bbox 2115 606 2259 679; x_wconf 79' lang='grc' dir='ltr'>ζωὴν</span> <span class='ocrx_word' id='word_1_130' title='bbox 2290 607 2595 678; x_wconf 74' lang='grc' dir='ltr'>ἀναγράφει</span> <span class='ocrx_word' id='word_1_131' title='bbox 2618 624 2630 636; x_wconf 72' lang='grc' dir='ltr'><strong>ο</strong></span> <span class='ocrx_word' id='word_1_132' title='bbox 2663 607 2957 661; x_wconf 77' lang='grc' dir='ltr'><strong>ἀκουστέον</strong></span> <span class='ocrx_word' id='word_1_133' title='bbox 3001 605 3125 660; x_wconf 80' lang='grc' dir='ltr'>τοῦ’</span> <span class='ocrx_word' id='word_1_134' title='bbox 3165 624 3183 657; x_wconf 78' lang='grc' dir='ltr'><strong>ι</strong></span> <span class='ocrx_word' id='word_1_135' title='bbox 3207 602 3314 659; x_wconf 86' lang='grc' dir='ltr'>Ἦν</span> <span class='ocrx_word' id='word_1_136' title='bbox 3345 607 3664 677; x_wconf 50' lang='grc' dir='ltr'>ἀνακείμενος</span> 
     </span>
    </p>
   </div>
   <div class='ocr_carea' id='block_1_21' title="bbox 2114 695 3663 771">
    <p class='ocr_par' dir='ltr' id='par_1_21' title="bbox 2114 695 3663 771">
     <span class='ocr_line' id='line_1_21' title="bbox 2114 695 3663 771; baseline -0.001 -20"><span class='ocrx_word' id='word_1_137' title='bbox 2114 695 2193 762; x_wconf 79' lang='grc' dir='ltr'><strong>εἷς</strong></span> <span class='ocrx_word' id='word_1_138' title='bbox 2222 699 2287 752; x_wconf 84' lang='grc' dir='ltr'><strong>ἐκ</strong></span> <span class='ocrx_word' id='word_1_139' title='bbox 2315 698 2422 752; x_wconf 83' lang='grc' dir='ltr'><strong>τῶν</strong></span> <span class='ocrx_word' id='word_1_140' title='bbox 2455 698 2710 771; x_wconf 78' lang='grc' dir='ltr'><strong>μαθητῶν</strong></span> <span class='ocrx_word' id='word_1_141' title='bbox 2738 699 2902 752; x_wconf 80' lang='grc' dir='ltr'>αὑτοῦ</span> <span class='ocrx_word' id='word_1_142' title='bbox 2931 700 2988 752; x_wconf 87' lang='grc' dir='ltr'><strong>ἐν</strong></span> <span class='ocrx_word' id='word_1_143' title='bbox 3016 698 3093 770; x_wconf 82' lang='grc' dir='ltr'>τῷ</span> <span class='ocrx_word' id='word_1_144' title='bbox 3119 699 3305 769; x_wconf 87' lang='grc' dir='ltr'>κόλπῳ</span> <span class='ocrx_word' id='word_1_145' title='bbox 3335 697 3430 751; x_wconf 88' lang='grc' dir='ltr'><strong>τοῦ</strong></span> <span class='ocrx_word' id='word_1_146' title='bbox 3464 700 3663 768; x_wconf 62' lang='grc' dir='ltr'>Ἰησοῦμ</span> 
     </span>
    </p>
   </div>
   <div class='ocr_carea' id='block_1_22' title="bbox 2115 788 3668 862">
    <p class='ocr_par' dir='ltr' id='par_1_22' title="bbox 2115 788 3668 862">
     <span class='ocr_line' id='line_1_22' title="bbox 2115 788 3668 862; baseline -0.001 -20"><span class='ocrx_word' id='word_1_147' title='bbox 2115 790 2280 857; x_wconf 82' lang='grc' dir='ltr'>ἀξίως</span> <span class='ocrx_word' id='word_1_148' title='bbox 2307 791 2404 862; x_wconf 81' lang='grc' dir='ltr'>τῆς</span> <span class='ocrx_word' id='word_1_149' title='bbox 2438 791 2599 861; x_wconf 80' lang='grc' dir='ltr'>τιμῆς</span> <span class='ocrx_word' id='word_1_150' title='bbox 2623 791 2690 860; x_wconf 81' lang='grc' dir='ltr'>ἣν</span> <span class='ocrx_word' id='word_1_151' title='bbox 2719 789 2919 862; x_wconf 81' lang='grc' dir='ltr'><strong>πρέπει</strong></span> <span class='ocrx_word' id='word_1_152' title='bbox 2954 789 3065 858; x_wconf 89' lang='lat'><strong>(87)</strong></span> <span class='ocrx_word' id='word_1_153' title='bbox 3093 788 3291 843; x_wconf 83' lang='grc' dir='ltr'><strong>διδόναι</strong></span> <span class='ocrx_word' id='word_1_154' title='bbox 3322 788 3415 842; x_wconf 78' lang='grc' dir='ltr'>τὸν</span> <span class='ocrx_word' id='word_1_155' title='bbox 3449 789 3565 841; x_wconf 81' lang='grc' dir='ltr'>Υίὸν</span> <span class='ocrx_word' id='word_1_156' title='bbox 3592 789 3668 841; x_wconf 73' lang='grc' dir='ltr'><strong>τοῦ</strong></span> 
     </span>
    </p>
   </div>
   <div class='ocr_carea' id='block_1_23' title="bbox 2115 879 3669 953">
    <p class='ocr_par' dir='ltr' id='par_1_23' title="bbox 2115 879 3669 953">
     <span class='ocr_line' id='line_1_23' title="bbox 2115 879 3669 953; baseline -0.002 -19"><span class='ocrx_word' id='word_1_157' title='bbox 2115 882 2271 946; x_wconf 84' lang='grc' dir='ltr'><strong>Θεοῦ,</strong></span> <span class='ocrx_word' id='word_1_158' title='bbox 2301 883 2391 936; x_wconf 80' lang='grc' dir='ltr'>καὶ</span> <span class='ocrx_word' id='word_1_159' title='bbox 2419 881 2713 953; x_wconf 79' lang='grc' dir='ltr'>λαμϐάνειν</span> <span class='ocrx_word' id='word_1_160' title='bbox 2738 882 2828 935; x_wconf 79' lang='grc' dir='ltr'><strong>τὸν</strong></span> <span class='ocrx_word' id='word_1_161' title='bbox 2856 880 3219 952; x_wconf 82' lang='grc' dir='ltr'>ἀγαπώμενον</span> <span class='ocrx_word' id='word_1_162' title='bbox 3246 881 3338 934; x_wconf 82' lang='grc' dir='ltr'><strong>ὑπ’</strong></span> <span class='ocrx_word' id='word_1_163' title='bbox 3364 879 3524 935; x_wconf 74' lang='grc' dir='ltr'>αὑτοῦ</span> <span class='ocrx_word' id='word_1_164' title='bbox 3547 898 3558 911; x_wconf 88' lang='grc'>·</span> <span class='ocrx_word' id='word_1_165' title='bbox 3592 882 3669 932; x_wconf 70' lang='grc' dir='ltr'>καὶ</span> 
     </span>
    </p>
   </div>
   <div class='ocr_carea' id='block_1_24' title="bbox 2116 973 3669 1045">
    <p class='ocr_par' dir='ltr' id='par_1_24' title="bbox 2116 973 3669 1045">
     <span class='ocr_line' id='line_1_24' title="bbox 2116 973 3669 1045; baseline -0.001 -19"><span class='ocrx_word' id='word_1_166' title='bbox 2116 973 2360 1044; x_wconf 78' lang='grc' dir='ltr'>νομίζω,</span> <span class='ocrx_word' id='word_1_167' title='bbox 2397 975 2509 1039; x_wconf 81' lang='grc' dir='ltr'>ὅτι,</span> <span class='ocrx_word' id='word_1_168' title='bbox 2551 976 2600 1028; x_wconf 82' lang='grc' dir='ltr'><strong>εί</strong></span> <span class='ocrx_word' id='word_1_169' title='bbox 2644 974 2738 1029; x_wconf 75' lang='grc' dir='ltr'><strong>καὶ</strong></span> <span class='ocrx_word' id='word_1_170' title='bbox 2783 973 3127 1045; x_wconf 81' lang='grc' dir='ltr'>συμϐολικῶς</span> <span class='ocrx_word' id='word_1_171' title='bbox 3175 973 3298 1027; x_wconf 85' lang='grc' dir='ltr'>τότε</span> <span class='ocrx_word' id='word_1_172' title='bbox 3341 973 3669 1042; x_wconf 79' lang='grc' dir='ltr'>ἀνακείμενος</span> 
     </span>
    </p>
   </div>
   <div class='ocr_carea' id='block_1_25' title="bbox 2131 1062 3670 1139">
    <p class='ocr_par' dir='ltr' id='par_1_25' title="bbox 2131 1062 3670 1139">
     <span class='ocr_line' id='line_1_25' title="bbox 2131 1062 3670 1139; baseline -0.001 -20"><span class='ocrx_word' id='word_1_173' title='bbox 2131 1066 2383 1137; x_wconf 79' lang='grc' dir='ltr'><strong>Ἰωάννης</strong></span> <span class='ocrx_word' id='word_1_174' title='bbox 2429 1062 2497 1138; x_wconf 77' lang='grc' dir='ltr'>ἦν</span> <span class='ocrx_word' id='word_1_175' title='bbox 2531 1070 2590 1121; x_wconf 86' lang='grc' dir='ltr'><strong>ἐν</strong></span> <span class='ocrx_word' id='word_1_176' title='bbox 2629 1066 2708 1137; x_wconf 81' lang='grc' dir='ltr'>τῷ</span> <span class='ocrx_word' id='word_1_177' title='bbox 2751 1068 2937 1139; x_wconf 86' lang='grc' dir='ltr'>κόλπῳ</span> <span class='ocrx_word' id='word_1_178' title='bbox 2976 1067 3070 1120; x_wconf 87' lang='grc' dir='ltr'><strong>τοῦ</strong></span> <span class='ocrx_word' id='word_1_179' title='bbox 3120 1066 3331 1135; x_wconf 85' lang='grc' dir='ltr'>Ἰησοῦ,</span> <span class='ocrx_word' id='word_1_180' title='bbox 3386 1065 3481 1119; x_wconf 85' lang='grc' dir='ltr'><strong>τοῦ</strong></span> <span class='ocrx_word' id='word_1_181' title='bbox 3520 1067 3670 1136; x_wconf 76' lang='grc' dir='ltr'>γέρως</span> 
     </span>
    </p>
   </div>
   <div class='ocr_carea' id='block_1_26' title="bbox 2118 1157 3671 1231">
    <p class='ocr_par' dir='ltr' id='par_1_26' title="bbox 2118 1157 3671 1231">
     <span class='ocr_line' id='line_1_26' title="bbox 2118 1157 3671 1231; baseline 0.007 -21"><span class='ocrx_word' id='word_1_182' title='bbox 2118 1158 2305 1211; x_wconf 85' lang='grc' dir='ltr'>τούτου</span> <span class='ocrx_word' id='word_1_183' title='bbox 2337 1158 2589 1223; x_wconf 79' lang='grc' dir='ltr'>ἀξιωθεὶς</span> <span class='ocrx_word' id='word_1_184' title='bbox 2618 1159 2697 1224; x_wconf 82' lang='grc' dir='ltr'>ὡς</span> <span class='ocrx_word' id='word_1_185' title='bbox 2734 1160 3010 1231; x_wconf 79' lang='grc' dir='ltr'>ἐξαιρέτου</span> <span class='ocrx_word' id='word_1_186' title='bbox 3051 1160 3273 1230; x_wconf 82' lang='grc' dir='ltr'><strong>ἀγάπης</strong></span> <span class='ocrx_word' id='word_1_187' title='bbox 3301 1157 3510 1229; x_wconf 73' lang='grc' dir='ltr'>κριθεὶς</span> <span class='ocrx_word' id='word_1_188' title='bbox 3550 1158 3671 1222; x_wconf 51' lang='lat' dir='ltr'><strong>ait“);</strong></span> 
     </span>
    </p>
   </div>
   <div class='ocr_carea' id='block_1_27' title="bbox 2119 1248 3671 1321">
    <p class='ocr_par' dir='ltr' id='par_1_27' title="bbox 2119 1248 3671 1321">
     <span class='ocr_line' id='line_1_27' title="bbox 2119 1248 3671 1321; baseline -0.002 -18"><span class='ocrx_word' id='word_1_189' title='bbox 2119 1249 2218 1321; x_wconf 84' lang='grc' dir='ltr'>τῆς</span> <span class='ocrx_word' id='word_1_190' title='bbox 2242 1250 2350 1304; x_wconf 82' lang='grc' dir='ltr'><strong>ἀπὸ</strong></span> <span class='ocrx_word' id='word_1_191' title='bbox 2378 1250 2470 1303; x_wconf 88' lang='grc' dir='ltr'><strong>τοῦ</strong></span> <span class='ocrx_word' id='word_1_192' title='bbox 2500 1250 2831 1304; x_wconf 87' lang='grc' dir='ltr'>Διδασκάλου</span> <span class='ocrx_word' id='word_1_193' title='bbox 2853 1290 2870 1314; x_wconf 91' lang='grc'><strong>,</strong></span> <span class='ocrx_word' id='word_1_194' title='bbox 2909 1250 2970 1304; x_wconf 89' lang='lat'><strong>:0</strong></span> <span class='ocrx_word' id='word_1_195' title='bbox 3007 1249 3332 1321; x_wconf 69' lang='grc' dir='ltr'>συμϐολικὸν</span> <span class='ocrx_word' id='word_1_196' title='bbox 3360 1248 3515 1301; x_wconf 85' lang='grc' dir='ltr'>τοῦτο</span> <span class='ocrx_word' id='word_1_197' title='bbox 3558 1264 3671 1319; x_wconf 71' lang='grc' dir='ltr'>παρ-</span> 
     </span>
    </p>
   </div>
   <div class='ocr_carea' id='block_1_28' title="bbox 2125 1341 3675 1416">
    <p class='ocr_par' dir='ltr' id='par_1_28' title="bbox 2125 1341 3675 1416">
     <span class='ocr_line' id='line_1_28' title="bbox 2125 1341 3675 1416; baseline 0 -21"><span class='ocrx_word' id='word_1_198' title='bbox 2125 1342 2356 1415; x_wconf 85' lang='grc' dir='ltr'>ίστησιν,</span> <span class='ocrx_word' id='word_1_199' title='bbox 2387 1343 2468 1396; x_wconf 83' lang='grc' dir='ltr'>ὅτι</span> <span class='ocrx_word' id='word_1_200' title='bbox 2504 1344 2754 1415; x_wconf 80' lang='grc' dir='ltr'>Ἰωάννης</span> <span class='ocrx_word' id='word_1_201' title='bbox 2777 1344 3133 1416; x_wconf 80' lang='grc' dir='ltr'>ἀνακείμενος</span> <span class='ocrx_word' id='word_1_202' title='bbox 3158 1341 3238 1413; x_wconf 83' lang='grc' dir='ltr'>τῷ</span> <span class='ocrx_word' id='word_1_203' title='bbox 3264 1341 3447 1413; x_wconf 80' lang='grc' dir='ltr'>Λόγῳ,</span> <span class='ocrx_word' id='word_1_204' title='bbox 3480 1342 3567 1395; x_wconf 69' lang='grc' dir='ltr'>καὶ</span> <span class='ocrx_word' id='word_1_205' title='bbox 3585 1343 3675 1404; x_wconf 83' lang='grc' dir='ltr'>τοῖς</span> 
     </span>
    </p>
   </div>
   <div class='ocr_carea' id='block_1_29' title="bbox 2128 1432 3679 1509">
    <p class='ocr_par' dir='ltr' id='par_1_29' title="bbox 2128 1432 3679 1509">
     <span class='ocr_line' id='line_1_29' title="bbox 2128 1432 3679 1509; baseline -0.003 -20"><span class='ocrx_word' id='word_1_206' title='bbox 2128 1438 2551 1509; x_wconf 85' lang='grc' dir='ltr'>μυστικωτέροις</span> <span class='ocrx_word' id='word_1_207' title='bbox 2584 1435 2984 1507; x_wconf 86' lang='grc' dir='ltr'>ἐναπαυόμενος</span> <span class='ocrx_word' id='word_1_208' title='bbox 3007 1475 3023 1501; x_wconf 94' lang='grc'><strong>,</strong></span> <span class='ocrx_word' id='word_1_209' title='bbox 3060 1434 3307 1488; x_wconf 83' lang='grc' dir='ltr'>ἀνέκειτο</span> <span class='ocrx_word' id='word_1_210' title='bbox 3352 1434 3415 1486; x_wconf 78' lang='grc' dir='ltr'><strong>ἐν</strong></span> <span class='ocrx_word' id='word_1_211' title='bbox 3445 1434 3553 1496; x_wconf 79' lang='grc' dir='ltr'>τοῖς</span> <span class='ocrx_word' id='word_1_212' title='bbox 3578 1432 3679 1485; x_wconf 80' lang='grc' dir='ltr'>κόλ-</span> 
     </span>
    </p>
   </div>
   <div class='ocr_carea' id='block_1_30' title="bbox 2126 1520 3679 1597">
    <p class='ocr_par' dir='ltr' id='par_1_30' title="bbox 2126 1520 3679 1597">
     <span class='ocr_line' id='line_1_30' title="bbox 2126 1520 3679 1597; baseline -0.006 -12"><span class='ocrx_word' id='word_1_213' title='bbox 2126 1548 2247 1594; x_wconf 88' lang='grc' dir='ltr'>ποις</span> <span class='ocrx_word' id='word_1_214' title='bbox 2273 1528 2367 1583; x_wconf 88' lang='grc' dir='ltr'><strong>τοῦ</strong></span> <span class='ocrx_word' id='word_1_215' title='bbox 2402 1530 2598 1597; x_wconf 81' lang='grc' dir='ltr'>Λόγου,</span> <span class='ocrx_word' id='word_1_216' title='bbox 2620 1527 2879 1597; x_wconf 83' lang='grc' dir='ltr'>ἀνάλογον</span> <span class='ocrx_word' id='word_1_217' title='bbox 2913 1526 2991 1597; x_wconf 83' lang='grc' dir='ltr'>τῷ</span> <span class='ocrx_word' id='word_1_218' title='bbox 3019 1526 3116 1580; x_wconf 70' lang='grc' dir='ltr'>καὶ</span> <span class='ocrx_word' id='word_1_219' title='bbox 3145 1525 3308 1580; x_wconf 82' lang='grc' dir='ltr'>αὐτὸν</span> <span class='ocrx_word' id='word_1_220' title='bbox 3339 1520 3483 1578; x_wconf 71' lang='grc' dir='ltr'>εἶναι</span> <span class='ocrx_word' id='word_1_221' title='bbox 3506 1525 3561 1576; x_wconf 83' lang='grc' dir='ltr'><strong>ἐν</strong></span> <span class='ocrx_word' id='word_1_222' title='bbox 3586 1525 3679 1585; x_wconf 78' lang='grc' dir='ltr'>τοῖς</span> 
     </span>
    </p>
   </div>
   <div class='ocr_carea' id='block_1_31' title="bbox 2127 1612 3676 1691">
    <p class='ocr_par' dir='ltr' id='par_1_31' title="bbox 2127 1612 3676 1691">
     <span class='ocr_line' id='line_1_31' title="bbox 2127 1612 3676 1691; baseline -0.003 -13"><span class='ocrx_word' id='word_1_223' title='bbox 2127 1623 2347 1685; x_wconf 82' lang='grc' dir='ltr'>κόλποις</span> <span class='ocrx_word' id='word_1_224' title='bbox 2373 1620 2467 1675; x_wconf 87' lang='grc' dir='ltr'><strong>τοῦ</strong></span> <span class='ocrx_word' id='word_1_225' title='bbox 2501 1619 2734 1691; x_wconf 67' lang='grc' dir='ltr'>Πατρός,</span> <span class='ocrx_word' id='word_1_226' title='bbox 2766 1619 2909 1673; x_wconf 86' lang='grc' dir='ltr'><strong>κατά</strong></span> <span class='ocrx_word' id='word_1_227' title='bbox 2935 1617 2998 1671; x_wconf 85' lang='grc' dir='ltr'><strong>τό</strong></span> <span class='ocrx_word' id='word_1_228' title='bbox 3021 1635 3037 1648; x_wconf 77' lang='grc' dir='ltr'><strong>ο</strong></span> <span class='ocrx_word' id='word_1_229' title='bbox 3076 1637 3095 1668; x_wconf 75' lang='grc' dir='ltr'><strong>ι</strong></span> <span class='ocrx_word' id='word_1_230' title='bbox 3133 1618 3194 1670; x_wconf 81' lang='lat'><strong>&#39;0</strong></span> <span class='ocrx_word' id='word_1_231' title='bbox 3225 1615 3524 1687; x_wconf 80' lang='grc' dir='ltr'>μονογενὴς</span> <span class='ocrx_word' id='word_1_232' title='bbox 3547 1612 3676 1676; x_wconf 68' lang='grc' dir='ltr'>Θεὸς.</span> 
     </span>
    </p>
   </div>
   <div class='ocr_carea' id='block_1_32' title="bbox 2128 1710 3675 1784">
    <p class='ocr_par' dir='ltr' id='par_1_32' title="bbox 2128 1710 3675 1784">
     <span class='ocr_line' id='line_1_32' title="bbox 2128 1710 3675 1784; baseline -0.009 -12"><span class='ocrx_word' id='word_1_233' title='bbox 2128 1721 2156 1772; x_wconf 88' lang='grc' dir='ltr'><strong>ό</strong></span> <span class='ocrx_word' id='word_1_234' title='bbox 2182 1718 2256 1771; x_wconf 81' lang='grc' dir='ltr'>ὢν</span> <span class='ocrx_word' id='word_1_235' title='bbox 2275 1720 2355 1781; x_wconf 83' lang='grc' dir='ltr'><strong>είς</strong></span> <span class='ocrx_word' id='word_1_236' title='bbox 2385 1717 2478 1771; x_wconf 84' lang='grc' dir='ltr'><strong>τὸν</strong></span> <span class='ocrx_word' id='word_1_237' title='bbox 2505 1716 2704 1770; x_wconf 80' lang='grc' dir='ltr'>κόλπον</span> <span class='ocrx_word' id='word_1_238' title='bbox 2725 1713 2816 1768; x_wconf 83' lang='grc' dir='ltr'><strong>τοῦ</strong></span> <span class='ocrx_word' id='word_1_239' title='bbox 2845 1713 3079 1784; x_wconf 83' lang='grc' dir='ltr'>Πατρὸς,</span> <span class='ocrx_word' id='word_1_240' title='bbox 3101 1713 3309 1773; x_wconf 82' lang='grc' dir='ltr'>ἐκεῖνος</span> <span class='ocrx_word' id='word_1_241' title='bbox 3326 1710 3636 1779; x_wconf 73' lang='grc' dir='ltr'>ἐξηγήσατο.</span> <span class='ocrx_word' id='word_1_242' title='bbox 3661 1726 3675 1756; x_wconf 82' lang='grc' dir='ltr'><strong>ι</strong></span> 
     </span>
    </p>
   </div>
   <div class='ocr_carea' id='block_1_33' title="bbox 2130 1800 3681 1881">
    <p class='ocr_par' dir='ltr' id='par_1_33' title="bbox 2130 1800 3681 1881">
     <span class='ocr_line' id='line_1_33' title="bbox 2130 1800 3681 1881; baseline -0.011 -16"><span class='ocrx_word' id='word_1_243' title='bbox 2130 1813 2194 1865; x_wconf 87' lang='lat' dir='ltr'><strong>Ei</strong></span> <span class='ocrx_word' id='word_1_244' title='bbox 2227 1811 2300 1881; x_wconf 87' lang='grc' dir='ltr'>μὴ</span> <span class='ocrx_word' id='word_1_245' title='bbox 2338 1808 2722 1879; x_wconf 87' lang='grc' dir='ltr'>ταπεινότερον</span> <span class='ocrx_word' id='word_1_246' title='bbox 2741 1806 2797 1860; x_wconf 82' lang='grc' dir='ltr'>δὲ</span> <span class='ocrx_word' id='word_1_247' title='bbox 2823 1804 3093 1876; x_wconf 81' lang='grc' dir='ltr'>ἀκούομεν</span> <span class='ocrx_word' id='word_1_248' title='bbox 3116 1804 3217 1857; x_wconf 77' lang='grc' dir='ltr'><strong>καὶ</strong></span> <span class='ocrx_word' id='word_1_249' title='bbox 3257 1801 3353 1855; x_wconf 82' lang='grc' dir='ltr'><strong>τοῦ</strong></span> <span class='ocrx_word' id='word_1_250' title='bbox 3373 1818 3391 1831; x_wconf 75' lang='grc' dir='ltr'><strong><em>ο</em></strong></span> <span class='ocrx_word' id='word_1_251' title='bbox 3425 1819 3444 1851; x_wconf 77' lang='grc' dir='ltr'><strong>ι</strong></span> <span class='ocrx_word' id='word_1_252' title='bbox 3467 1800 3681 1867; x_wconf 81' lang='grc' dir='ltr'>Ἐγένετο</span> 
     </span>
    </p>
   </div>
   <div class='ocr_carea' id='block_1_34' title="bbox 451 1876 2050 1967">
    <p class='ocr_par' dir='ltr' id='par_1_34' title="bbox 451 1888 2025 1957">
     <span class='ocr_line' id='line_1_34' title="bbox 451 1888 2025 1957; baseline 0.008 -18"><span class='ocrx_word' id='word_1_253' title='bbox 451 1906 471 1939; x_wconf 72' lang='grc' dir='ltr'><strong>ι</strong></span> <span class='ocrx_word' id='word_1_254' title='bbox 505 1888 702 1944; x_wconf 85' lang='lat' dir='ltr'><strong>Evenit</strong></span> <span class='ocrx_word' id='word_1_255' title='bbox 730 1897 912 1946; x_wconf 89' lang='lat' dir='ltr'><strong>autem</strong></span> <span class='ocrx_word' id='word_1_256' title='bbox 948 1897 1008 1944; x_wconf 91' lang='lat' dir='ltr'><strong>ut</strong></span> <span class='ocrx_word' id='word_1_257' title='bbox 1038 1899 1348 1945; x_wconf 88' lang='lat' dir='ltr'><strong>moreretur</strong></span> <span class='ocrx_word' id='word_1_258' title='bbox 1378 1893 1680 1957; x_wconf 89' lang='lat' dir='ltr'><strong>mendicus,</strong></span> <span class='ocrx_word' id='word_1_259' title='bbox 1711 1904 1766 1949; x_wconf 92' lang='lat' dir='ltr'><strong>et</strong></span> <span class='ocrx_word' id='word_1_260' title='bbox 1796 1895 2025 1951; x_wconf 82' lang='lat' dir='ltr'><strong>deduce-</strong></span> 
     </span>
    </p>
   </div>
   <div class='ocr_carea' id='block_1_35' title="bbox 2129 1876 3683 1967">
    <p class='ocr_par' dir='ltr' id='par_1_35' title="bbox 2129 1876 3683 1967">
     <span class='ocr_line' id='line_1_35' title="bbox 2129 1876 3683 1967; baseline -0.008 -13"><span class='ocrx_word' id='word_1_261' title='bbox 2129 1902 2182 1954; x_wconf 78' lang='grc' dir='ltr'>δὲ</span> <span class='ocrx_word' id='word_1_262' title='bbox 2205 1876 2498 1955; x_wconf 76' lang='grc' dir='ltr'>ἀποθανεῖν</span> <span class='ocrx_word' id='word_1_263' title='bbox 2520 1899 2611 1951; x_wconf 77' lang='grc' dir='ltr'><strong>τὸν</strong></span> <span class='ocrx_word' id='word_1_264' title='bbox 2634 1876 2868 1967; x_wconf 81' lang='grc' dir='ltr'>πτωχὸν,</span> <span class='ocrx_word' id='word_1_265' title='bbox 2892 1897 2986 1949; x_wconf 81' lang='grc' dir='ltr'><strong>καὶ</strong></span> <span class='ocrx_word' id='word_1_266' title='bbox 3018 1893 3383 1964; x_wconf 79' lang='grc' dir='ltr'>ἀπενεχθῆναι</span> <span class='ocrx_word' id='word_1_267' title='bbox 3415 1892 3571 1946; x_wconf 74' lang='grc' dir='ltr'>αὑτὸν</span> <span class='ocrx_word' id='word_1_268' title='bbox 3595 1890 3683 1941; x_wconf 62' lang='grc' dir='ltr'><strong>ἀπό</strong></span> 
     </span>
    </p>
   </div>
   <div class='ocr_carea' id='block_1_36' title="bbox 446 1971 2020 2059">
    <p class='ocr_par' dir='ltr' id='par_1_36' title="bbox 446 1971 2020 2059">
     <span class='ocr_line' id='line_1_36' title="bbox 446 1971 2020 2059; baseline 0.006 -23"><span class='ocrx_word' id='word_1_269' title='bbox 446 1993 598 2039; x_wconf 89' lang='lat' dir='ltr'><strong>retur</strong></span> <span class='ocrx_word' id='word_1_270' title='bbox 621 1986 689 2038; x_wconf 87' lang='lat' dir='ltr'><strong>ab</strong></span> <span class='ocrx_word' id='word_1_271' title='bbox 712 1984 920 2055; x_wconf 83' lang='lat' dir='ltr'><strong>angelis</strong></span> <span class='ocrx_word' id='word_1_272' title='bbox 950 1987 1003 2039; x_wconf 90' lang='lat' dir='ltr'><strong>in</strong></span> <span class='ocrx_word' id='word_1_273' title='bbox 1033 1986 1211 2041; x_wconf 89' lang='lat' dir='ltr'><strong>sinum</strong></span> <span class='ocrx_word' id='word_1_274' title='bbox 1243 1971 1720 2051; x_wconf 60' lang='lat' dir='ltr'><strong>Abrahre&quot;‘,»tale</strong></span> <span class='ocrx_word' id='word_1_275' title='bbox 1763 1990 2020 2059; x_wconf 85' lang='lat' dir='ltr'><strong>quiddam</strong></span> 
     </span>
    </p>
   </div>
   <div class='ocr_carea' id='block_1_37' title="bbox 445 2074 2024 2149">
    <p class='ocr_par' dir='ltr' id='par_1_37' title="bbox 445 2074 2024 2149">
     <span class='ocr_line' id='line_1_37' title="bbox 445 2074 2024 2149; baseline 0.006 -22"><span class='ocrx_word' id='word_1_276' title='bbox 445 2074 513 2129; x_wconf 90' lang='lat' dir='ltr'><strong>de</strong></span> <span class='ocrx_word' id='word_1_277' title='bbox 543 2075 664 2129; x_wconf 90' lang='lat' dir='ltr'><strong>sinu</strong></span> <span class='ocrx_word' id='word_1_278' title='bbox 691 2074 924 2131; x_wconf 68' lang='lat' dir='ltr'><strong>Abraba:</strong></span> <span class='ocrx_word' id='word_1_279' title='bbox 953 2076 1115 2130; x_wconf 88' lang='lat' dir='ltr'><strong>etiam</strong></span> <span class='ocrx_word' id='word_1_280' title='bbox 1147 2075 1643 2142; x_wconf 86' lang='lat' dir='ltr'><strong>considerabimus,</strong></span> <span class='ocrx_word' id='word_1_281' title='bbox 1707 2080 1853 2149; x_wconf 87' lang='lat' dir='ltr'><strong>quod</strong></span> <span class='ocrx_word' id='word_1_282' title='bbox 1880 2080 2024 2136; x_wconf 88' lang='lat' dir='ltr'><strong>hunc</strong></span> 
     </span>
    </p>
   </div>
   <div class='ocr_carea' id='block_1_38' title="bbox 447 2162 2022 2226">
    <p class='ocr_par' dir='ltr' id='par_1_38' title="bbox 447 2162 2022 2226">
     <span class='ocr_line' id='line_1_38' title="bbox 447 2162 2022 2226; baseline 0.006 -12"><span class='ocrx_word' id='word_1_283' title='bbox 447 2163 501 2215; x_wconf 91' lang='lat' dir='ltr'><strong>in</strong></span> <span class='ocrx_word' id='word_1_284' title='bbox 556 2162 774 2217; x_wconf 88' lang='lat' dir='ltr'><strong>modum</strong></span> <span class='ocrx_word' id='word_1_285' title='bbox 831 2164 1236 2226; x_wconf 86' lang='lat' dir='ltr'><strong>enarrabimus,</strong></span> <span class='ocrx_word' id='word_1_286' title='bbox 1288 2178 1387 2220; x_wconf 93' lang='lat' dir='ltr'><strong>nos</strong></span> <span class='ocrx_word' id='word_1_287' title='bbox 1441 2162 1795 2222; x_wconf 81' lang='lat' dir='ltr'><strong>defendentes</strong></span> <span class='ocrx_word' id='word_1_288' title='bbox 1833 2177 2022 2224; x_wconf 88' lang='lat' dir='ltr'><strong>contra</strong></span> 
     </span>
    </p>
   </div>
   <div class='ocr_carea' id='block_1_39' title="bbox 445 2255 2026 2326">
    <p class='ocr_par' dir='ltr' id='par_1_39' title="bbox 445 2255 2026 2326">
     <span class='ocr_line' id='line_1_39' title="bbox 445 2255 2026 2326; baseline 0.006 -21"><span class='ocrx_word' id='word_1_289' title='bbox 445 2255 842 2310; x_wconf 85' lang='lat' dir='ltr'><strong>dubitationem</strong></span> <span class='ocrx_word' id='word_1_290' title='bbox 861 2271 925 2310; x_wconf 87' lang='lat' dir='ltr'><strong>ex</strong></span> <span class='ocrx_word' id='word_1_291' title='bbox 947 2256 1254 2326; x_wconf 82' lang='lat' dir='ltr'><strong>ignorantia</strong></span> <span class='ocrx_word' id='word_1_292' title='bbox 1284 2256 1586 2326; x_wconf 58' lang='lat' dir='ltr'><strong>Scriptura:</strong></span> <span class='ocrx_word' id='word_1_293' title='bbox 1618 2259 1837 2313; x_wconf 89' lang='lat' dir='ltr'><strong>ductam</strong></span> <span class='ocrx_word' id='word_1_294' title='bbox 1869 2260 1937 2314; x_wconf 92' lang='lat' dir='ltr'><strong>ab</strong></span> <span class='ocrx_word' id='word_1_295' title='bbox 1961 2274 2026 2315; x_wconf 86' lang='lat' dir='ltr'><strong>eo</strong></span> 
     </span>
    </p>
   </div>
   <div class='ocr_carea' id='block_1_40' title="bbox 448 2345 2024 2417">
    <p class='ocr_par' dir='ltr' id='par_1_40' title="bbox 448 2345 2024 2417">
     <span class='ocr_line' id='line_1_40' title="bbox 448 2345 2024 2417; baseline 0.005 -22"><span class='ocrx_word' id='word_1_296' title='bbox 448 2345 537 2411; x_wconf 86' lang='lat' dir='ltr'><strong>qui</strong></span> <span class='ocrx_word' id='word_1_297' title='bbox 553 2360 815 2414; x_wconf 87' lang='lat' dir='ltr'><strong>spernere</strong></span> <span class='ocrx_word' id='word_1_298' title='bbox 827 2346 1415 2400; x_wconf 87' lang='lat' dir='ltr'><strong>voluiteuarrationem</strong></span> <span class='ocrx_word' id='word_1_299' title='bbox 1437 2348 1503 2403; x_wconf 91' lang='lat' dir='ltr'><strong>de</strong></span> <span class='ocrx_word' id='word_1_300' title='bbox 1520 2347 1686 2402; x_wconf 88' lang='lat' dir='ltr'><strong>divite</strong></span> <span class='ocrx_word' id='word_1_301' title='bbox 1699 2356 1754 2403; x_wconf 89' lang='lat' dir='ltr'><strong>et</strong></span> <span class='ocrx_word' id='word_1_302' title='bbox 1767 2363 2024 2417; x_wconf 82' lang='lat' dir='ltr'><strong>paupere.</strong></span> 
     </span>
    </p>
   </div>
   <div class='ocr_carea' id='block_1_41' title="bbox 454 2434 2025 2506">
    <p class='ocr_par' dir='ltr' id='par_1_41' title="bbox 454 2434 2025 2506">
     <span class='ocr_line' id='line_1_41' title="bbox 454 2434 2025 2506; baseline 0.006 -20"><span class='ocrx_word' id='word_1_303' title='bbox 454 2453 473 2486; x_wconf 77' lang='grc' dir='ltr'><strong>σ</strong></span> <span class='ocrx_word' id='word_1_304' title='bbox 499 2434 628 2488; x_wconf 83' lang='lat' dir='ltr'><strong>Nam</strong></span> <span class='ocrx_word' id='word_1_305' title='bbox 643 2435 689 2489; x_wconf 88' lang='lat' dir='ltr'><strong>si</strong></span> <span class='ocrx_word' id='word_1_306' title='bbox 710 2437 1073 2503; x_wconf 88' lang='lat' dir='ltr'><strong>recumbebat,</strong></span> <span class='ocrx_word' id='word_1_307' title='bbox 1093 2437 1291 2506; x_wconf 86' lang='lat' dir='ltr'><strong>inquit,</strong></span> <span class='ocrx_word' id='word_1_308' title='bbox 1309 2437 1612 2493; x_wconf 81' lang='lat' dir='ltr'><strong>Lazarusin</strong></span> <span class='ocrx_word' id='word_1_309' title='bbox 1629 2439 1749 2494; x_wconf 88' lang='lat' dir='ltr'><strong>sinu</strong></span> <span class='ocrx_word' id='word_1_310' title='bbox 1769 2441 2025 2506; x_wconf 71' lang='lat' dir='ltr'><strong>Abrahzc,</strong></span> 
     </span>
    </p>
   </div>
   <div class='ocr_carea' id='block_1_42' title="bbox 444 2522 2023 2600">
    <p class='ocr_par' dir='ltr' id='par_1_42' title="bbox 444 2522 2023 2600">
     <span class='ocr_line' id='line_1_42' title="bbox 444 2522 2023 2600; baseline 0.005 -23"><span class='ocrx_word' id='word_1_311' title='bbox 444 2522 614 2594; x_wconf 56' lang='lat'><strong>439</strong></span> <span class='ocrx_word' id='word_1_312' title='bbox 663 2525 803 2580; x_wconf 89' lang='lat' dir='ltr'><strong>alter</strong></span> <span class='ocrx_word' id='word_1_313' title='bbox 831 2536 1123 2597; x_wconf 88' lang='lat' dir='ltr'><strong>antequam</strong></span> <span class='ocrx_word' id='word_1_314' title='bbox 1169 2529 1256 2600; x_wconf 85' lang='lat' dir='ltr'><strong>hic</strong></span> <span class='ocrx_word' id='word_1_315' title='bbox 1304 2545 1371 2584; x_wconf 78' lang='lat' dir='ltr'><strong>ex</strong></span> <span class='ocrx_word' id='word_1_316' title='bbox 1414 2530 1515 2584; x_wconf 91' lang='lat' dir='ltr'><strong>hac</strong></span> <span class='ocrx_word' id='word_1_317' title='bbox 1544 2531 1651 2584; x_wconf 83' lang='lat' dir='ltr'><strong>vita</strong></span> <span class='ocrx_word' id='word_1_318' title='bbox 1708 2534 2023 2597; x_wconf 83' lang='lat' dir='ltr'><strong>excederet,</strong></span> 
     </span>
    </p>
   </div>
   <div class='ocr_carea' id='block_1_43' title="bbox 450 2618 2025 2694">
    <p class='ocr_par' dir='ltr' id='par_1_43' title="bbox 450 2618 2025 2694">
     <span class='ocr_line' id='line_1_43' title="bbox 450 2618 2025 2694; baseline 0.008 -26"><span class='ocrx_word' id='word_1_319' title='bbox 450 2618 643 2671; x_wconf 90' lang='lat' dir='ltr'><strong>eratin</strong></span> <span class='ocrx_word' id='word_1_320' title='bbox 668 2619 899 2674; x_wconf 66' lang='lat' dir='ltr'><strong>Abrahae</strong></span> <span class='ocrx_word' id='word_1_321' title='bbox 917 2621 1063 2688; x_wconf 91' lang='lat' dir='ltr'><strong>sinu,</strong></span> <span class='ocrx_word' id='word_1_322' title='bbox 1085 2630 1141 2677; x_wconf 92' lang='lat' dir='ltr'><strong>et</strong></span> <span class='ocrx_word' id='word_1_323' title='bbox 1173 2631 1298 2677; x_wconf 88' lang='lat' dir='ltr'><strong>ante</strong></span> <span class='ocrx_word' id='word_1_324' title='bbox 1325 2623 1475 2677; x_wconf 91' lang='lat' dir='ltr'><strong>illum</strong></span> <span class='ocrx_word' id='word_1_325' title='bbox 1500 2625 1639 2685; x_wconf 85' lang='lat' dir='ltr'><strong>alius</strong></span> <span class='ocrx_word' id='word_1_326' title='bbox 1665 2641 1680 2678; x_wconf 88' lang='lat'><strong>:</strong></span> <span class='ocrx_word' id='word_1_327' title='bbox 1703 2626 1835 2694; x_wconf 89' lang='lat' dir='ltr'><strong>quin</strong></span> <span class='ocrx_word' id='word_1_328' title='bbox 1859 2626 2025 2680; x_wconf 82' lang='lat' dir='ltr'><strong>etiam</strong></span> 
     </span>
    </p>
   </div>
   <div class='ocr_carea' id='block_1_44' title="bbox 449 2706 2028 2782">
    <p class='ocr_par' dir='ltr' id='par_1_44' title="bbox 449 2706 2028 2782">
     <span class='ocr_line' id='line_1_44' title="bbox 449 2706 2028 2782; baseline 0.009 -23"><span class='ocrx_word' id='word_1_329' title='bbox 449 2706 578 2776; x_wconf 89' lang='lat' dir='ltr'><strong>alio,</strong></span> <span class='ocrx_word' id='word_1_330' title='bbox 633 2709 851 2779; x_wconf 91' lang='lat' dir='ltr'><strong>inquit,</strong></span> <span class='ocrx_word' id='word_1_331' title='bbox 883 2710 1034 2780; x_wconf 85' lang='lat' dir='ltr'><strong>justo</strong></span> <span class='ocrx_word' id='word_1_332' title='bbox 1078 2727 1145 2767; x_wconf 80' lang='lat' dir='ltr'><strong>ex</strong></span> <span class='ocrx_word' id='word_1_333' title='bbox 1200 2713 1311 2768; x_wconf 91' lang='lat' dir='ltr'><strong>vita</strong></span> <span class='ocrx_word' id='word_1_334' title='bbox 1348 2713 1642 2770; x_wconf 85' lang='lat' dir='ltr'><strong>decedente</strong></span> <span class='ocrx_word' id='word_1_335' title='bbox 1671 2755 1687 2782; x_wconf 94' lang='lat'><strong>,</strong></span> <span class='ocrx_word' id='word_1_336' title='bbox 1744 2718 2028 2773; x_wconf 89' lang='lat' dir='ltr'><strong>mendicus</strong></span> 
     </span>
    </p>
   </div>
   <div class='ocr_carea' id='block_1_45' title="bbox 450 2800 2028 2874">
    <p class='ocr_par' dir='ltr' id='par_1_45' title="bbox 450 2800 2028 2874">
     <span class='ocr_line' id='line_1_45' title="bbox 450 2800 2028 2874; baseline 0.01 -23"><span class='ocrx_word' id='word_1_337' title='bbox 450 2810 723 2869; x_wconf 82' lang='lat' dir='ltr'><strong>assurget.</strong></span> <span class='ocrx_word' id='word_1_338' title='bbox 762 2821 781 2855; x_wconf 81' lang='grc' dir='ltr'><strong>ι</strong></span> <span class='ocrx_word' id='word_1_339' title='bbox 816 2800 923 2857; x_wconf 87' lang='lat' dir='ltr'><strong>Sed</strong></span> <span class='ocrx_word' id='word_1_340' title='bbox 960 2802 1053 2873; x_wconf 84' lang='lat' dir='ltr'><strong>qui</strong></span> <span class='ocrx_word' id='word_1_341' title='bbox 1086 2805 1152 2859; x_wconf 87' lang='lat' dir='ltr'><strong>de</strong></span> <span class='ocrx_word' id='word_1_342' title='bbox 1181 2807 1332 2862; x_wconf 91' lang='lat' dir='ltr'><strong>hisce</strong></span> <span class='ocrx_word' id='word_1_343' title='bbox 1364 2808 1600 2874; x_wconf 87' lang='lat' dir='ltr'><strong>dubitat,</strong></span> <span class='ocrx_word' id='word_1_344' title='bbox 1639 2826 1747 2865; x_wconf 92' lang='lat' dir='ltr'><strong>non</strong></span> <span class='ocrx_word' id='word_1_345' title='bbox 1783 2811 1917 2865; x_wconf 84' lang='lat' dir='ltr'><strong>vidit</strong></span> <span class='ocrx_word' id='word_1_346' title='bbox 1949 2812 2028 2866; x_wconf 87' lang='lat' dir='ltr'><strong>si-</strong></span> 
     </span>
    </p>
   </div>
   <div class='ocr_carea' id='block_1_46' title="bbox 451 2892 2027 2970">
    <p class='ocr_par' dir='ltr' id='par_1_46' title="bbox 451 2892 2027 2970">
     <span class='ocr_line' id='line_1_46' title="bbox 451 2892 2027 2970; baseline 0.006 -25"><span class='ocrx_word' id='word_1_347' title='bbox 451 2906 578 2945; x_wconf 75' lang='lat' dir='ltr'><strong>eum</strong></span> <span class='ocrx_word' id='word_1_348' title='bbox 607 2892 875 2959; x_wconf 78' lang='lat' dir='ltr'><strong>Abrahae;</strong></span> <span class='ocrx_word' id='word_1_349' title='bbox 915 2910 1015 2949; x_wconf 88' lang='lat' dir='ltr'><strong>nec</strong></span> <span class='ocrx_word' id='word_1_350' title='bbox 1062 2894 1224 2952; x_wconf 82' lang='lat' dir='ltr'><strong>facile</strong></span> <span class='ocrx_word' id='word_1_351' title='bbox 1271 2897 1417 2951; x_wconf 89' lang='lat' dir='ltr'><strong>factu</strong></span> <span class='ocrx_word' id='word_1_352' title='bbox 1440 2914 1562 2955; x_wconf 88' lang='lat' dir='ltr'><strong>esse</strong></span> <span class='ocrx_word' id='word_1_353' title='bbox 1591 2901 1744 2970; x_wconf 87' lang='lat' dir='ltr'><strong>vidit,</strong></span> <span class='ocrx_word' id='word_1_354' title='bbox 1781 2911 1839 2956; x_wconf 92' lang='lat' dir='ltr'><strong>ut</strong></span> <span class='ocrx_word' id='word_1_355' title='bbox 1868 2902 2027 2955; x_wconf 84' lang='lat' dir='ltr'><strong>inuu-</strong></span> 
     </span>
    </p>
   </div>
   <div class='ocr_carea' id='block_1_47' title="bbox 452 2984 2030 3063">
    <p class='ocr_par' dir='ltr' id='par_1_47' title="bbox 452 2984 2030 3063">
     <span class='ocr_line' id='line_1_47' title="bbox 452 2984 2030 3063; baseline 0.008 -28"><span class='ocrx_word' id='word_1_356' title='bbox 452 2984 584 3037; x_wconf 89' lang='lat' dir='ltr'><strong>meri</strong></span> <span class='ocrx_word' id='word_1_357' title='bbox 617 2985 671 3038; x_wconf 88' lang='lat' dir='ltr'><strong>in</strong></span> <span class='ocrx_word' id='word_1_358' title='bbox 720 2985 840 3039; x_wconf 90' lang='lat' dir='ltr'><strong>sinu</strong></span> <span class='ocrx_word' id='word_1_359' title='bbox 871 2988 1105 3042; x_wconf 80' lang='lat' dir='ltr'><strong>Abrahae</strong></span> <span class='ocrx_word' id='word_1_360' title='bbox 1137 3004 1243 3042; x_wconf 87' lang='lat' dir='ltr'><strong>una</strong></span> <span class='ocrx_word' id='word_1_361' title='bbox 1278 2990 1692 3060; x_wconf 84' lang='lat' dir='ltr'><strong>conquiescant,</strong></span> <span class='ocrx_word' id='word_1_362' title='bbox 1736 2993 2030 3063; x_wconf 82' lang='lat' dir='ltr'><strong>participes</strong></span> 
     </span>
    </p>
   </div>
   <div class='ocr_carea' id='block_1_48' title="bbox 454 3076 2028 3154">
    <p class='ocr_par' dir='ltr' id='par_1_48' title="bbox 454 3076 2028 3154">
     <span class='ocr_line' id='line_1_48' title="bbox 454 3076 2028 3154; baseline 0.008 -27"><span class='ocrx_word' id='word_1_363' title='bbox 454 3090 632 3129; x_wconf 87' lang='lat' dir='ltr'><strong>rerum</strong></span> <span class='ocrx_word' id='word_1_364' title='bbox 666 3076 744 3129; x_wconf 91' lang='lat' dir='ltr'><strong>illi</strong></span> <span class='ocrx_word' id='word_1_365' title='bbox 777 3087 1128 3136; x_wconf 87' lang='lat' dir='ltr'><strong>retectarum.</strong></span> <span class='ocrx_word' id='word_1_366' title='bbox 1178 3078 1274 3134; x_wconf 89' lang='lat' dir='ltr'><strong>Sin</strong></span> <span class='ocrx_word' id='word_1_367' title='bbox 1306 3096 1437 3137; x_wconf 89' lang='lat' dir='ltr'><strong>vero</strong></span> <span class='ocrx_word' id='word_1_368' title='bbox 1483 3082 1661 3138; x_wconf 89' lang='lat' dir='ltr'><strong>locum</strong></span> <span class='ocrx_word' id='word_1_369' title='bbox 1714 3084 1879 3139; x_wconf 85' lang='lat' dir='ltr'><strong>alium</strong></span> <span class='ocrx_word' id='word_1_370' title='bbox 1929 3100 2028 3154; x_wconf 89' lang='lat' dir='ltr'><strong>pro</strong></span> 
     </span>
    </p>
   </div>
   <div class='ocr_carea' id='block_1_49' title="bbox 2126 1980 3683 2061">
    <p class='ocr_par' dir='ltr' id='par_1_49' title="bbox 2126 1980 3683 2061">
     <span class='ocr_line' id='line_1_49' title="bbox 2126 1980 3683 2061; baseline -0.009 -15"><span class='ocrx_word' id='word_1_371' title='bbox 2126 1992 2235 2046; x_wconf 79' lang='grc' dir='ltr'><strong>τῶν</strong></span> <span class='ocrx_word' id='word_1_372' title='bbox 2266 1992 2510 2061; x_wconf 84' lang='grc' dir='ltr'>ἀγγέλων</span> <span class='ocrx_word' id='word_1_373' title='bbox 2547 1993 2628 2054; x_wconf 79' lang='grc' dir='ltr'><strong>είς</strong></span> <span class='ocrx_word' id='word_1_374' title='bbox 2654 1990 2745 2043; x_wconf 84' lang='grc' dir='ltr'><strong>τὸν</strong></span> <span class='ocrx_word' id='word_1_375' title='bbox 2778 1988 2974 2042; x_wconf 87' lang='grc' dir='ltr'>κόλπον</span> <span class='ocrx_word' id='word_1_376' title='bbox 3016 1986 3301 2058; x_wconf 76' lang='grc' dir='ltr'>Ἀϐραὰμ,</span> <span class='ocrx_word' id='word_1_377' title='bbox 3337 2004 3357 2037; x_wconf 67' lang='grc' dir='ltr'><strong>ι</strong></span> <span class='ocrx_word' id='word_1_378' title='bbox 3392 1980 3622 2036; x_wconf 80' lang='grc' dir='ltr'>τοιοῦτόν</span> <span class='ocrx_word' id='word_1_379' title='bbox 3643 1997 3683 2032; x_wconf 84' lang='grc' dir='ltr'><strong>τι</strong></span> 
     </span>
    </p>
   </div>
   <div class='ocr_carea' id='block_1_50' title="bbox 2129 2078 3683 2158">
    <p class='ocr_par' dir='ltr' id='par_1_50' title="bbox 2129 2078 3683 2158">
     <span class='ocr_line' id='line_1_50' title="bbox 2129 2078 3683 2158; baseline -0.003 -18"><span class='ocrx_word' id='word_1_380' title='bbox 2129 2087 2221 2144; x_wconf 67' lang='grc' dir='ltr'><strong>καὶ</strong></span> <span class='ocrx_word' id='word_1_381' title='bbox 2248 2087 2376 2158; x_wconf 74' lang='grc' dir='ltr'>περὶ</span> <span class='ocrx_word' id='word_1_382' title='bbox 2407 2083 2499 2138; x_wconf 85' lang='grc' dir='ltr'><strong>τοῦ</strong></span> <span class='ocrx_word' id='word_1_383' title='bbox 2530 2084 2731 2138; x_wconf 88' lang='grc' dir='ltr'>κόλπου</span> <span class='ocrx_word' id='word_1_384' title='bbox 2774 2082 3026 2154; x_wconf 78' lang='grc' dir='ltr'>Ἀϐραὰμ</span> <span class='ocrx_word' id='word_1_385' title='bbox 3054 2083 3318 2153; x_wconf 84' lang='grc' dir='ltr'>νοήσομεν</span> <span class='ocrx_word' id='word_1_386' title='bbox 3359 2078 3508 2150; x_wconf 85' lang='grc'>(88)·</span> <span class='ocrx_word' id='word_1_387' title='bbox 3551 2078 3683 2145; x_wconf 58' lang='lat' dir='ltr'><strong>amp.</strong></span> 
     </span>
    </p>
   </div>
   <div class='ocr_carea' id='block_1_51' title="bbox 2128 2168 3687 2273">
    <p class='ocr_par' dir='ltr' id='par_1_51' title="bbox 2128 2168 3687 2273">
     <span class='ocr_line' id='line_1_51' title="bbox 2128 2168 3687 2273; baseline -0.004 -43"><span class='ocrx_word' id='word_1_388' title='bbox 2128 2177 2222 2230; x_wconf 78' lang='grc' dir='ltr'><strong>ἐὰν</strong></span> <span class='ocrx_word' id='word_1_389' title='bbox 2254 2176 2424 2240; x_wconf 75' lang='grc' dir='ltr'>οὕτως</span> <span class='ocrx_word' id='word_1_390' title='bbox 2454 2173 2893 2273; x_wconf 52' lang='grc' dir='ltr'>διηγησώμεθἏ</span> <span class='ocrx_word' id='word_1_391' title='bbox 2912 2172 3385 2243; x_wconf 80' lang='grc' dir='ltr'>ἀπολογησάμενοι</span> <span class='ocrx_word' id='word_1_392' title='bbox 3435 2169 3569 2273; x_wconf 68' lang='grc' dir='ltr'>πρὸς</span> <span class='ocrx_word' id='word_1_393' title='bbox 3590 2168 3687 2273; x_wconf 43' lang='grc' dir='ltr'>Ατην</span> 
     </span>
    </p>
   </div>
   <div class='ocr_carea' id='block_1_52' title="bbox 2127 2260 3688 2339">
    <p class='ocr_par' dir='ltr' id='par_1_52' title="bbox 2127 2260 3688 2339">
     <span class='ocr_line' id='line_1_52' title="bbox 2127 2260 3688 2339; baseline -0.008 -16"><span class='ocrx_word' id='word_1_394' title='bbox 2127 2272 2247 2323; x_wconf 86' lang='grc' dir='ltr'>κατ’</span> <span class='ocrx_word' id='word_1_395' title='bbox 2293 2269 2513 2338; x_wconf 79' lang='grc' dir='ltr'>ἄγνοιαν</span> <span class='ocrx_word' id='word_1_396' title='bbox 2548 2270 2675 2339; x_wconf 76' lang='grc' dir='ltr'>περὶ</span> <span class='ocrx_word' id='word_1_397' title='bbox 2703 2267 2804 2337; x_wconf 78' lang='grc' dir='ltr'>τῆς</span> <span class='ocrx_word' id='word_1_398' title='bbox 2822 2260 3055 2339; x_wconf 76' lang='grc' dir='ltr'>Τραφῆς</span> <span class='ocrx_word' id='word_1_399' title='bbox 3088 2265 3433 2337; x_wconf 80' lang='grc' dir='ltr'>ἐπαπόρησιν</span> <span class='ocrx_word' id='word_1_400' title='bbox 3452 2302 3470 2323; x_wconf 87' lang='grc'><strong>,</strong></span> <span class='ocrx_word' id='word_1_401' title='bbox 3497 2260 3688 2331; x_wconf 75' lang='grc' dir='ltr'>λεχθείη</span> 
     </span>
    </p>
   </div>
   <div class='ocr_carea' id='block_1_53' title="bbox 2130 2350 3691 2429">
    <p class='ocr_par' dir='ltr' id='par_1_53' title="bbox 2130 2350 3691 2429">
     <span class='ocr_line' id='line_1_53' title="bbox 2130 2350 3691 2429; baseline -0.006 -16"><span class='ocrx_word' id='word_1_402' title='bbox 2130 2359 2196 2413; x_wconf 86' lang='grc' dir='ltr'><strong>ἂν</strong></span> <span class='ocrx_word' id='word_1_403' title='bbox 2224 2359 2329 2412; x_wconf 81' lang='grc' dir='ltr'><strong>ὑπὸ</strong></span> <span class='ocrx_word' id='word_1_404' title='bbox 2356 2358 2450 2412; x_wconf 88' lang='grc' dir='ltr'><strong>τοῦ</strong></span> <span class='ocrx_word' id='word_1_405' title='bbox 2486 2358 2837 2429; x_wconf 78' lang='grc' dir='ltr'>βουληθέντος</span> <span class='ocrx_word' id='word_1_406' title='bbox 2867 2356 3126 2427; x_wconf 82' lang='grc' dir='ltr'>ἀθετῆσαι</span> <span class='ocrx_word' id='word_1_407' title='bbox 3155 2354 3255 2426; x_wconf 79' lang='grc' dir='ltr'><strong>τὴν</strong></span> <span class='ocrx_word' id='word_1_408' title='bbox 3285 2356 3417 2426; x_wconf 72' lang='grc' dir='ltr'>περ).</span> <span class='ocrx_word' id='word_1_409' title='bbox 3440 2353 3531 2406; x_wconf 80' lang='grc' dir='ltr'><strong>τὸν</strong></span> <span class='ocrx_word' id='word_1_410' title='bbox 3556 2350 3691 2405; x_wconf 69' lang='grc' dir='ltr'>πλού·</span> 
     </span>
    </p>
   </div>
   <div class='ocr_carea' id='block_1_54' title="bbox 2131 2443 3690 2518">
    <p class='ocr_par' dir='ltr' id='par_1_54' title="bbox 2131 2443 3690 2518">
     <span class='ocr_line' id='line_1_54' title="bbox 2131 2443 3690 2518; baseline -0.006 -16"><span class='ocrx_word' id='word_1_411' title='bbox 2131 2466 2243 2503; x_wconf 89' lang='grc' dir='ltr'>σιον</span> <span class='ocrx_word' id='word_1_412' title='bbox 2280 2448 2375 2503; x_wconf 76' lang='grc' dir='ltr'><strong>καὶ</strong></span> <span class='ocrx_word' id='word_1_413' title='bbox 2428 2448 2518 2502; x_wconf 84' lang='grc' dir='ltr'><strong>τὸν</strong></span> <span class='ocrx_word' id='word_1_414' title='bbox 2551 2448 2759 2518; x_wconf 82' lang='grc' dir='ltr'>πένητα</span> <span class='ocrx_word' id='word_1_415' title='bbox 2790 2447 3042 2517; x_wconf 84' lang='grc' dir='ltr'>διήγησιν</span> <span class='ocrx_word' id='word_1_416' title='bbox 3064 2461 3077 2474; x_wconf 87' lang='grc'><strong>·</strong></span> <span class='ocrx_word' id='word_1_417' title='bbox 3138 2464 3155 2496; x_wconf 81' lang='grc' dir='ltr'><strong>ι</strong></span> <span class='ocrx_word' id='word_1_418' title='bbox 3197 2444 3260 2496; x_wconf 75' lang='grc' dir='ltr'><strong>Εἰ</strong></span> <span class='ocrx_word' id='word_1_419' title='bbox 3294 2443 3408 2514; x_wconf 75' lang='grc' dir='ltr'><strong>γὰρ</strong></span> <span class='ocrx_word' id='word_1_420' title='bbox 3448 2443 3690 2502; x_wconf 74' lang='grc' dir='ltr'>ἀνέκειτο,</span> 
     </span>
    </p>
   </div>
   <div class='ocr_carea' id='block_1_55' title="bbox 2131 2533 3689 2610">
    <p class='ocr_par' dir='ltr' id='par_1_55' title="bbox 2131 2533 3689 2610">
     <span class='ocr_line' id='line_1_55' title="bbox 2131 2533 3689 2610; baseline -0.001 -18"><span class='ocrx_word' id='word_1_421' title='bbox 2131 2541 2295 2610; x_wconf 70' lang='grc' dir='ltr'>φησὶν</span> <span class='ocrx_word' id='word_1_422' title='bbox 2318 2578 2333 2596; x_wconf 86' lang='grc'><strong>.</strong></span> <span class='ocrx_word' id='word_1_423' title='bbox 2395 2541 2474 2602; x_wconf 82' lang='grc' dir='ltr'>εἰς</span> <span class='ocrx_word' id='word_1_424' title='bbox 2519 2539 2610 2592; x_wconf 85' lang='grc' dir='ltr'><strong>τὸν</strong></span> <span class='ocrx_word' id='word_1_425' title='bbox 2676 2539 2873 2592; x_wconf 88' lang='grc' dir='ltr'>κόλπον</span> <span class='ocrx_word' id='word_1_426' title='bbox 2930 2535 3023 2590; x_wconf 86' lang='grc' dir='ltr'><strong>τοῦ</strong></span> <span class='ocrx_word' id='word_1_427' title='bbox 3064 2536 3317 2607; x_wconf 70' lang='grc' dir='ltr'>Ἀϐραὰμ</span> <span class='ocrx_word' id='word_1_428' title='bbox 3360 2537 3392 2587; x_wconf 85' lang='grc' dir='ltr'><strong>ὁ</strong></span> <span class='ocrx_word' id='word_1_429' title='bbox 3440 2533 3689 2604; x_wconf 77' lang='grc' dir='ltr'>Λάζαρος.</span> 
     </span>
    </p>
   </div>
   <div class='ocr_carea' id='block_1_56' title="bbox 2129 2622 3693 2705">
    <p class='ocr_par' dir='ltr' id='par_1_56' title="bbox 2129 2622 3693 2705">
     <span class='ocr_line' id='line_1_56' title="bbox 2129 2622 3693 2705; baseline -0.007 -18"><span class='ocrx_word' id='word_1_430' title='bbox 2129 2634 2317 2705; x_wconf 67' lang='grc' dir='ltr'>ἔτερος</span> <span class='ocrx_word' id='word_1_431' title='bbox 2350 2632 2457 2704; x_wconf 81' lang='grc' dir='ltr'>πρὸ</span> <span class='ocrx_word' id='word_1_432' title='bbox 2493 2631 2587 2684; x_wconf 89' lang='grc' dir='ltr'><strong>τοῦ</strong></span> <span class='ocrx_word' id='word_1_433' title='bbox 2621 2631 2808 2686; x_wconf 88' lang='grc' dir='ltr'>τοῦτον</span> <span class='ocrx_word' id='word_1_434' title='bbox 2850 2630 3084 2696; x_wconf 77' lang='grc' dir='ltr'>ἐξελθεῖν</span> <span class='ocrx_word' id='word_1_435' title='bbox 3125 2628 3222 2681; x_wconf 84' lang='grc' dir='ltr'><strong>τοῦ</strong></span> <span class='ocrx_word' id='word_1_436' title='bbox 3256 2628 3399 2697; x_wconf 83' lang='grc' dir='ltr'>βίου,</span> <span class='ocrx_word' id='word_1_437' title='bbox 3437 2622 3508 2697; x_wconf 74' lang='grc' dir='ltr'>ἦν</span> <span class='ocrx_word' id='word_1_438' title='bbox 3545 2628 3598 2678; x_wconf 87' lang='grc' dir='ltr'><strong>ἐν</strong></span> <span class='ocrx_word' id='word_1_439' title='bbox 3629 2624 3693 2692; x_wconf 75' lang='grc' dir='ltr'>τῷ</span> 
     </span>
    </p>
   </div>
   <div class='ocr_carea' id='block_1_57' title="bbox 2131 2716 3693 2796">
    <p class='ocr_par' dir='ltr' id='par_1_57' title="bbox 2131 2716 3693 2796">
     <span class='ocr_line' id='line_1_57' title="bbox 2131 2716 3693 2796; baseline -0.004 -18"><span class='ocrx_word' id='word_1_440' title='bbox 2131 2725 2315 2796; x_wconf 86' lang='grc' dir='ltr'>κόλπῳ</span> <span class='ocrx_word' id='word_1_441' title='bbox 2356 2722 2449 2778; x_wconf 84' lang='grc' dir='ltr'><strong>τοῦ</strong></span> <span class='ocrx_word' id='word_1_442' title='bbox 2479 2722 2766 2796; x_wconf 78' lang='grc' dir='ltr'>Ἀϐραὰμ,</span> <span class='ocrx_word' id='word_1_443' title='bbox 2820 2724 2914 2776; x_wconf 77' lang='grc' dir='ltr'><strong>καὶ</strong></span> <span class='ocrx_word' id='word_1_444' title='bbox 2971 2723 3087 2794; x_wconf 62' lang='grc' dir='ltr'>πρὺ¹</span> <span class='ocrx_word' id='word_1_445' title='bbox 3108 2721 3315 2775; x_wconf 85' lang='grc' dir='ltr'>ἐκείνου</span> <span class='ocrx_word' id='word_1_446' title='bbox 3351 2719 3531 2783; x_wconf 73' lang='grc' dir='ltr'>ἄλλος·</span> 
     </span>
    </p>
   </div>
   <div class='ocr_carea' id='block_1_58' title="bbox 2131 2814 3693 2889">
    <p class='ocr_par' dir='ltr' id='par_1_58' title="bbox 2131 2814 3693 2889">
     <span class='ocr_line' id='line_1_58' title="bbox 2131 2814 3693 2889; baseline -0.005 -18"><span class='ocrx_word' id='word_1_447' title='bbox 2131 2819 2224 2872; x_wconf 80' lang='grc' dir='ltr'>καὶ</span> <span class='ocrx_word' id='word_1_448' title='bbox 2253 2818 2602 2889; x_wconf 76' lang='grc' dir='ltr'>ἄλλου,φησὶ,</span> <span class='ocrx_word' id='word_1_449' title='bbox 2625 2816 2832 2871; x_wconf 83' lang='grc' dir='ltr'>δικαίου</span> <span class='ocrx_word' id='word_1_450' title='bbox 2863 2815 3190 2882; x_wconf 77' lang='grc' dir='ltr'>ἐξελθόντος,</span> <span class='ocrx_word' id='word_1_451' title='bbox 3212 2816 3241 2867; x_wconf 83' lang='grc' dir='ltr'>ὁ</span> <span class='ocrx_word' id='word_1_452' title='bbox 3258 2814 3478 2884; x_wconf 77' lang='grc' dir='ltr'>πτωχὸς</span> <span class='ocrx_word' id='word_1_453' title='bbox 3510 2814 3693 2865; x_wconf 64' lang='grc' dir='ltr'>ὕπαντα</span> 
     </span>
    </p>
   </div>
   <div class='ocr_carea' id='block_1_59' title="bbox 2133 2903 3693 2983">
    <p class='ocr_par' dir='ltr' id='par_1_59' title="bbox 2133 2903 3693 2983">
     <span class='ocr_line' id='line_1_59' title="bbox 2133 2903 3693 2983; baseline -0.007 -18"><span class='ocrx_word' id='word_1_454' title='bbox 2133 2912 2385 2983; x_wconf 81' lang='grc' dir='ltr'>στήσεται</span> <span class='ocrx_word' id='word_1_455' title='bbox 2405 2926 2418 2940; x_wconf 80' lang='lat'>&#39;</span> <span class='ocrx_word' id='word_1_456' title='bbox 2464 2930 2482 2961; x_wconf 74' lang='grc' dir='ltr'><strong><em>ι</em></strong></span> <span class='ocrx_word' id='word_1_457' title='bbox 2536 2910 2598 2962; x_wconf 82' lang='grc' dir='ltr'><strong>οὐ</strong></span> <span class='ocrx_word' id='word_1_458' title='bbox 2632 2910 2740 2980; x_wconf 83' lang='grc' dir='ltr'>γὰρ</span> <span class='ocrx_word' id='word_1_459' title='bbox 2792 2906 2939 2977; x_wconf 80' lang='grc' dir='ltr'>ἐώρα</span> <span class='ocrx_word' id='word_1_460' title='bbox 2985 2908 3075 2962; x_wconf 82' lang='grc' dir='ltr'><strong>τὸν</strong></span> <span class='ocrx_word' id='word_1_461' title='bbox 3106 2907 3305 2960; x_wconf 81' lang='grc' dir='ltr'>κόλπον</span> <span class='ocrx_word' id='word_1_462' title='bbox 3331 2904 3432 2958; x_wconf 85' lang='grc' dir='ltr'><strong>τοῦ</strong></span> <span class='ocrx_word' id='word_1_463' title='bbox 3465 2903 3693 2974; x_wconf 75' lang='grc' dir='ltr'>’Δὸραάμ</span> 
     </span>
    </p>
   </div>
   <div class='ocr_carea' id='block_1_60' title="bbox 2130 2995 3694 3073">
    <p class='ocr_par' dir='ltr' id='par_1_60' title="bbox 2130 2995 3694 3073">
     <span class='ocr_line' id='line_1_60' title="bbox 2130 2995 3694 3073; baseline -0.008 -18"><span class='ocrx_word' id='word_1_464' title='bbox 2130 3002 2160 3055; x_wconf 80' lang='grc' dir='ltr'>ὁ</span> <span class='ocrx_word' id='word_1_465' title='bbox 2192 3002 2323 3073; x_wconf 75' lang='grc' dir='ltr'>περὶ</span> <span class='ocrx_word' id='word_1_466' title='bbox 2349 2999 2552 3053; x_wconf 80' lang='grc' dir='ltr'>τούτων</span> <span class='ocrx_word' id='word_1_467' title='bbox 2580 2998 2905 3071; x_wconf 84' lang='grc' dir='ltr'>ἐπαπορῶν,</span> <span class='ocrx_word' id='word_1_468' title='bbox 2953 2998 3048 3051; x_wconf 76' lang='grc' dir='ltr'>καὶ</span> <span class='ocrx_word' id='word_1_469' title='bbox 3089 2998 3172 3050; x_wconf 81' lang='grc' dir='ltr'>ὃτι</span> <span class='ocrx_word' id='word_1_470' title='bbox 3207 2995 3443 3065; x_wconf 53' lang='grc' dir='ltr'>δυνατόν,</span> <span class='ocrx_word' id='word_1_471' title='bbox 3470 2997 3583 3047; x_wconf 84' lang='grc' dir='ltr'>ἐστι</span> <span class='ocrx_word' id='word_1_472' title='bbox 3621 3011 3694 3062; x_wconf 74' lang='grc' dir='ltr'>μυ-</span> 
     </span>
    </p>
   </div>
   <div class='ocr_carea' id='block_1_61' title="bbox 2137 3083 3694 3163">
    <p class='ocr_par' dir='ltr' id='par_1_61' title="bbox 2137 3083 3694 3163">
     <span class='ocr_line' id='line_1_61' title="bbox 2137 3083 3694 3163; baseline -0.006 -18"><span class='ocrx_word' id='word_1_473' title='bbox 2137 3091 2283 3163; x_wconf 87' lang='grc' dir='ltr'>ρίους</span> <span class='ocrx_word' id='word_1_474' title='bbox 2315 3093 2374 3144; x_wconf 82' lang='grc' dir='ltr'><strong>ἐν</strong></span> <span class='ocrx_word' id='word_1_475' title='bbox 2399 3091 2478 3162; x_wconf 83' lang='grc' dir='ltr'><strong>τῷ</strong></span> <span class='ocrx_word' id='word_1_476' title='bbox 2508 3091 2694 3162; x_wconf 83' lang='grc' dir='ltr'>κόλπῳ</span> <span class='ocrx_word' id='word_1_477' title='bbox 2716 3089 2813 3142; x_wconf 85' lang='grc' dir='ltr'><strong>τοῦ</strong></span> <span class='ocrx_word' id='word_1_478' title='bbox 2842 3088 3094 3163; x_wconf 75' lang='grc' dir='ltr'>Ἀϐραὰμ</span> <span class='ocrx_word' id='word_1_479' title='bbox 3141 3088 3259 3157; x_wconf 79' lang='grc' dir='ltr'><strong>ἅμα</strong></span> <span class='ocrx_word' id='word_1_480' title='bbox 3302 3083 3694 3140; x_wconf 62' lang='grc' dir='ltr'>ἀναπαύσεσθαι</span> 
     </span>
    </p>
   </div>
   <div class='ocr_carea' id='block_1_62' title="bbox 451 3170 2050 3268">
    <p class='ocr_par' dir='ltr' id='par_1_62' title="bbox 451 3170 2026 3248">
     <span class='ocr_line' id='line_1_62' title="bbox 451 3170 2026 3248; baseline 0.007 -24"><span class='ocrx_word' id='word_1_481' title='bbox 451 3170 601 3224; x_wconf 86' lang='lat' dir='ltr'><strong>sinus</strong></span> <span class='ocrx_word' id='word_1_482' title='bbox 623 3171 1032 3226; x_wconf 86' lang='lat' dir='ltr'><strong>nomenclatura</strong></span> <span class='ocrx_word' id='word_1_483' title='bbox 1068 3174 1121 3228; x_wconf 90' lang='lat' dir='ltr'><strong>in</strong></span> <span class='ocrx_word' id='word_1_484' title='bbox 1163 3174 1402 3229; x_wconf 91' lang='lat' dir='ltr'><strong>medium</strong></span> <span class='ocrx_word' id='word_1_485' title='bbox 1434 3176 1681 3244; x_wconf 88' lang='lat' dir='ltr'><strong>proferre</strong></span> <span class='ocrx_word' id='word_1_486' title='bbox 1701 3193 1836 3248; x_wconf 90' lang='lat' dir='ltr'><strong>opus</strong></span> <span class='ocrx_word' id='word_1_487' title='bbox 1862 3178 2026 3235; x_wconf 87' lang='lat' dir='ltr'><strong>fuerit</strong></span> 
     </span>
    </p>
   </div>
   <div class='ocr_carea' id='block_1_63' title="bbox 2129 3170 3695 3268">
    <p class='ocr_par' dir='ltr' id='par_1_63' title="bbox 2135 3175 3695 3247">
     <span class='ocr_line' id='line_1_63' title="bbox 2135 3175 3695 3247; baseline -0.005 -12"><span class='ocrx_word' id='word_1_488' title='bbox 2135 3178 2526 3244; x_wconf 80' lang='grc' dir='ltr'>κοινωνοῦντας</span> <span class='ocrx_word' id='word_1_489' title='bbox 2566 3179 2675 3233; x_wconf 81' lang='grc' dir='ltr'><strong>τῶν</strong></span> <span class='ocrx_word' id='word_1_490' title='bbox 2703 3177 3196 3247; x_wconf 62' lang='grc' dir='ltr'>ἀπκαλυφθέντων</span> <span class='ocrx_word' id='word_1_491' title='bbox 3234 3175 3407 3246; x_wconf 78' lang='grc' dir='ltr'>αὐτῷ.</span> <span class='ocrx_word' id='word_1_492' title='bbox 3450 3176 3516 3229; x_wconf 85' lang='grc' dir='ltr'>Εί</span> <span class='ocrx_word' id='word_1_493' title='bbox 3541 3175 3595 3229; x_wconf 77' lang='grc' dir='ltr'>δὲ</span> <span class='ocrx_word' id='word_1_494' title='bbox 3619 3175 3695 3226; x_wconf 77' lang='grc' dir='ltr'><strong>καὶ</strong></span> 
     </span>
    </p>
   </div>
   <div class='ocr_carea' id='block_1_64' title="bbox 449 3263 2029 3338">
    <p class='ocr_par' dir='ltr' id='par_1_64' title="bbox 449 3263 2029 3338">
     <span class='ocr_line' id='line_1_64' title="bbox 449 3263 2029 3338; baseline 0.007 -23"><span class='ocrx_word' id='word_1_495' title='bbox 449 3277 516 3316; x_wconf 78' lang='lat' dir='ltr'><strong>ex</strong></span> <span class='ocrx_word' id='word_1_496' title='bbox 547 3263 853 3333; x_wconf 90' lang='lat' dir='ltr'><strong>Scriptura,</strong></span> <span class='ocrx_word' id='word_1_497' title='bbox 886 3280 982 3335; x_wconf 81' lang='lat' dir='ltr'><strong>age</strong></span> <span class='ocrx_word' id='word_1_498' title='bbox 1009 3266 1390 3321; x_wconf 84' lang='lat' dir='ltr'><strong>examinemus</strong></span> <span class='ocrx_word' id='word_1_499' title='bbox 1421 3282 1656 3336; x_wconf 89' lang='lat' dir='ltr'><strong>quonam</strong></span> <span class='ocrx_word' id='word_1_500' title='bbox 1691 3280 1846 3338; x_wconf 89' lang='lat' dir='ltr'><strong>pacto</strong></span> <span class='ocrx_word' id='word_1_501' title='bbox 1879 3270 2029 3326; x_wconf 80' lang='lat' dir='ltr'><strong>dixe-</strong></span> 
     </span>
    </p>
   </div>
   <div class='ocr_carea' id='block_1_65' title="bbox 454 3356 2028 3429">
    <p class='ocr_par' dir='ltr' id='par_1_65' title="bbox 454 3356 2028 3429">
     <span class='ocr_line' id='line_1_65' title="bbox 454 3356 2028 3429; baseline 0.008 -23"><span class='ocrx_word' id='word_1_502' title='bbox 454 3356 524 3408; x_wconf 90' lang='lat' dir='ltr'><strong>rit</strong></span> <span class='ocrx_word' id='word_1_503' title='bbox 560 3356 818 3411; x_wconf 90' lang='lat' dir='ltr'><strong>Dominus</strong></span> <span class='ocrx_word' id='word_1_504' title='bbox 870 3356 1081 3429; x_wconf 73' lang='lat' dir='ltr'><strong>Moysi:</strong></span> <span class='ocrx_word' id='word_1_505' title='bbox 1124 3375 1143 3409; x_wconf 72' lang='grc' dir='ltr'><strong>ι</strong></span> <span class='ocrx_word' id='word_1_506' title='bbox 1181 3356 1394 3412; x_wconf 60' lang='lat' dir='ltr'><strong>Rursus</strong></span> <span class='ocrx_word' id='word_1_507' title='bbox 1440 3358 1582 3414; x_wconf 90' lang='lat' dir='ltr'><strong>infer</strong></span> <span class='ocrx_word' id='word_1_508' title='bbox 1628 3376 1846 3416; x_wconf 89' lang='lat' dir='ltr'><strong>manum</strong></span> <span class='ocrx_word' id='word_1_509' title='bbox 1882 3376 2028 3419; x_wconf 88' lang='lat' dir='ltr'><strong>tuam</strong></span> 
     </span>
    </p>
   </div>
   <div class='ocr_carea' id='block_1_66' title="bbox 456 3446 2028 3512">
    <p class='ocr_par' dir='ltr' id='par_1_66' title="bbox 456 3446 2028 3512">
     <span class='ocr_line' id='line_1_66' title="bbox 456 3446 2028 3512; baseline 0.005 -13"><span class='ocrx_word' id='word_1_510' title='bbox 456 3446 508 3499; x_wconf 91' lang='lat' dir='ltr'><strong>in</strong></span> <span class='ocrx_word' id='word_1_511' title='bbox 562 3446 740 3499; x_wconf 87' lang='lat' dir='ltr'><strong>sinum</strong></span> <span class='ocrx_word' id='word_1_512' title='bbox 779 3456 960 3512; x_wconf 88' lang='lat' dir='ltr'><strong>tuum;</strong></span> <span class='ocrx_word' id='word_1_513' title='bbox 1022 3458 1076 3502; x_wconf 91' lang='lat' dir='ltr'><strong>et</strong></span> <span class='ocrx_word' id='word_1_514' title='bbox 1101 3448 1287 3502; x_wconf 90' lang='lat' dir='ltr'><strong>intulit</strong></span> <span class='ocrx_word' id='word_1_515' title='bbox 1317 3464 1536 3503; x_wconf 89' lang='lat' dir='ltr'><strong>manum</strong></span> <span class='ocrx_word' id='word_1_516' title='bbox 1582 3465 1735 3506; x_wconf 90' lang='lat' dir='ltr'><strong>suam</strong></span> <span class='ocrx_word' id='word_1_517' title='bbox 1769 3453 1820 3506; x_wconf 92' lang='lat' dir='ltr'><strong>in</strong></span> <span class='ocrx_word' id='word_1_518' title='bbox 1852 3455 2028 3508; x_wconf 85' lang='lat' dir='ltr'><strong>sinunt</strong></span> 
     </span>
    </p>
   </div>
   <div class='ocr_carea' id='block_1_67' title="bbox 452 3541 2033 3610">
    <p class='ocr_par' dir='ltr' id='par_1_67' title="bbox 452 3541 2033 3610">
     <span class='ocr_line' id='line_1_67' title="bbox 452 3541 2033 3610; baseline 0.006 -20"><span class='ocrx_word' id='word_1_519' title='bbox 452 3552 647 3604; x_wconf 88' lang='lat' dir='ltr'><strong>suum;</strong></span> <span class='ocrx_word' id='word_1_520' title='bbox 699 3553 933 3603; x_wconf 90' lang='lat' dir='ltr'><strong>eumque</strong></span> <span class='ocrx_word' id='word_1_521' title='bbox 987 3541 1296 3596; x_wconf 79' lang='lat' dir='ltr'><strong>exeruisset</strong></span> <span class='ocrx_word' id='word_1_522' title='bbox 1343 3548 1463 3597; x_wconf 88' lang='lat' dir='ltr'><strong>eam</strong></span> <span class='ocrx_word' id='word_1_523' title='bbox 1514 3558 1544 3598; x_wconf 91' lang='lat' dir='ltr'><strong>e</strong></span> <span class='ocrx_word' id='word_1_524' title='bbox 1589 3544 1709 3597; x_wconf 86' lang='lat' dir='ltr'><strong>sinu</strong></span> <span class='ocrx_word' id='word_1_525' title='bbox 1760 3559 1879 3610; x_wconf 89' lang='lat' dir='ltr'><strong>suo,</strong></span> <span class='ocrx_word' id='word_1_526' title='bbox 1915 3556 2033 3600; x_wconf 83' lang='lat' dir='ltr'><strong>erat</strong></span> 
     </span>
    </p>
   </div>
   <div class='ocr_carea' id='block_1_68' title="bbox 458 3629 2031 3701">
    <p class='ocr_par' dir='ltr' id='par_1_68' title="bbox 458 3629 2031 3701">
     <span class='ocr_line' id='line_1_68' title="bbox 458 3629 2031 3701; baseline 0.006 -21"><span class='ocrx_word' id='word_1_527' title='bbox 458 3645 644 3685; x_wconf 84' lang='lat' dir='ltr'><strong>manus</strong></span> <span class='ocrx_word' id='word_1_528' title='bbox 674 3629 791 3698; x_wconf 88' lang='lat' dir='ltr'><strong>ejus</strong></span> <span class='ocrx_word' id='word_1_529' title='bbox 817 3630 1056 3701; x_wconf 88' lang='lat' dir='ltr'><strong>leprosa,</strong></span> <span class='ocrx_word' id='word_1_530' title='bbox 1086 3633 1232 3688; x_wconf 81' lang='lat' dir='ltr'><strong>velut</strong></span> <span class='ocrx_word' id='word_1_531' title='bbox 1255 3634 1369 3688; x_wconf 85' lang='lat' dir='ltr'><strong>uix.</strong></span> <span class='ocrx_word' id='word_1_532' title='bbox 1399 3633 1468 3687; x_wconf 86' lang='lat' dir='ltr'><strong>Et</strong></span> <span class='ocrx_word' id='word_1_533' title='bbox 1495 3634 1636 3688; x_wconf 72' lang='lat' dir='ltr'><strong>dixit</strong></span> <span class='ocrx_word' id='word_1_534' title='bbox 1663 3651 1677 3688; x_wconf 80' lang='lat'><strong>2</strong></span> <span class='ocrx_word' id='word_1_535' title='bbox 1708 3633 1891 3690; x_wconf 88' lang='lat' dir='ltr'><strong>lusere</strong></span> <span class='ocrx_word' id='word_1_536' title='bbox 1917 3654 2031 3690; x_wconf 81' lang='lat' dir='ltr'><strong>nta-</strong></span> 
     </span>
    </p>
   </div>
   <div class='ocr_carea' id='block_1_69' title="bbox 455 3722 2030 3792">
    <p class='ocr_par' dir='ltr' id='par_1_69' title="bbox 455 3722 2030 3792">
     <span class='ocr_line' id='line_1_69' title="bbox 455 3722 2030 3792; baseline 0.006 -20"><span class='ocrx_word' id='word_1_537' title='bbox 455 3733 583 3773; x_wconf 89' lang='lat' dir='ltr'><strong>num</strong></span> <span class='ocrx_word' id='word_1_538' title='bbox 615 3728 755 3774; x_wconf 84' lang='lat' dir='ltr'><strong>tuam</strong></span> <span class='ocrx_word' id='word_1_539' title='bbox 783 3722 836 3776; x_wconf 89' lang='lat' dir='ltr'><strong>in</strong></span> <span class='ocrx_word' id='word_1_540' title='bbox 876 3723 1052 3777; x_wconf 90' lang='lat' dir='ltr'><strong>sinum</strong></span> <span class='ocrx_word' id='word_1_541' title='bbox 1085 3733 1256 3792; x_wconf 89' lang='lat' dir='ltr'><strong>tuum,</strong></span> <span class='ocrx_word' id='word_1_542' title='bbox 1289 3734 1345 3780; x_wconf 91' lang='lat' dir='ltr'><strong>et</strong></span> <span class='ocrx_word' id='word_1_543' title='bbox 1375 3726 1604 3781; x_wconf 87' lang='lat' dir='ltr'><strong>inseruit</strong></span> <span class='ocrx_word' id='word_1_544' title='bbox 1633 3742 1850 3780; x_wconf 88' lang='lat' dir='ltr'><strong>manum</strong></span> <span class='ocrx_word' id='word_1_545' title='bbox 1878 3744 2030 3782; x_wconf 85' lang='lat' dir='ltr'><strong>suam</strong></span> 
     </span>
    </p>
   </div>
   <div class='ocr_carea' id='block_1_70' title="bbox 454 3815 2029 3888">
    <p class='ocr_par' dir='ltr' id='par_1_70' title="bbox 454 3815 2029 3888">
     <span class='ocr_line' id='line_1_70' title="bbox 454 3815 2029 3888; baseline 0.007 -20"><span class='ocrx_word' id='word_1_546' title='bbox 454 3817 509 3870; x_wconf 86' lang='lat' dir='ltr'><strong>in</strong></span> <span class='ocrx_word' id='word_1_547' title='bbox 544 3815 720 3870; x_wconf 90' lang='lat' dir='ltr'><strong>sinum</strong></span> <span class='ocrx_word' id='word_1_548' title='bbox 748 3834 928 3887; x_wconf 92' lang='lat' dir='ltr'><strong>suum,</strong></span> <span class='ocrx_word' id='word_1_549' title='bbox 965 3830 1020 3875; x_wconf 90' lang='lat' dir='ltr'><strong>et</strong></span> <span class='ocrx_word' id='word_1_550' title='bbox 1049 3836 1172 3875; x_wconf 84' lang='lat' dir='ltr'><strong>cum</strong></span> <span class='ocrx_word' id='word_1_551' title='bbox 1196 3825 1502 3880; x_wconf 72' lang='lat' dir='ltr'><strong>exemisset</strong></span> <span class='ocrx_word' id='word_1_552' title='bbox 1542 3841 1664 3880; x_wconf 92' lang='lat' dir='ltr'><strong>eam</strong></span> <span class='ocrx_word' id='word_1_553' title='bbox 1699 3840 1730 3881; x_wconf 90' lang='lat' dir='ltr'><strong>e</strong></span> <span class='ocrx_word' id='word_1_554' title='bbox 1764 3827 1885 3882; x_wconf 89' lang='lat' dir='ltr'><strong>sinu</strong></span> <span class='ocrx_word' id='word_1_555' title='bbox 1909 3843 2029 3888; x_wconf 88' lang='lat' dir='ltr'><strong>suo,</strong></span> 
     </span>
    </p>
   </div>
   <div class='ocr_carea' id='block_1_71' title="bbox 456 3914 2026 3975">
    <p class='ocr_par' dir='ltr' id='par_1_71' title="bbox 456 3914 2026 3975">
     <span class='ocr_line' id='line_1_71' title="bbox 456 3914 2026 3975; baseline 0.006 -10"><span class='ocrx_word' id='word_1_556' title='bbox 456 3927 669 3966; x_wconf 87' lang='lat' dir='ltr'><strong>rursum</strong></span> <span class='ocrx_word' id='word_1_557' title='bbox 706 3914 955 3969; x_wconf 90' lang='lat' dir='ltr'><strong>restituta</strong></span> <span class='ocrx_word' id='word_1_558' title='bbox 1003 3926 1087 3971; x_wconf 88' lang='lat' dir='ltr'><strong>est</strong></span> <span class='ocrx_word' id='word_1_559' title='bbox 1132 3917 1184 3970; x_wconf 92' lang='lat' dir='ltr'><strong>in</strong></span> <span class='ocrx_word' id='word_1_560' title='bbox 1239 3918 1475 3974; x_wconf 83' lang='lat' dir='ltr'><strong>colorem</strong></span> <span class='ocrx_word' id='word_1_561' title='bbox 1527 3921 1712 3975; x_wconf 88' lang='lat' dir='ltr'><strong>carnis</strong></span> <span class='ocrx_word' id='word_1_562' title='bbox 1745 3936 1858 3974; x_wconf 69' lang='lat' dir='ltr'><strong>sua:</strong></span> <span class='ocrx_word' id='word_1_563' title='bbox 1892 3920 1957 3974; x_wconf 81' lang='lat'><strong>“‘.</strong></span> <span class='ocrx_word' id='word_1_564' title='bbox 2007 3940 2026 3968; x_wconf 76' lang='grc' dir='ltr'><strong>ι</strong></span> 
     </span>
    </p>
   </div>
   <div class='ocr_carea' id='block_1_72' title="bbox 454 4007 2030 4083">
    <p class='ocr_par' dir='ltr' id='par_1_72' title="bbox 454 4007 2030 4083">
     <span class='ocr_line' id='line_1_72' title="bbox 454 4007 2030 4083; baseline 0.004 -23"><span class='ocrx_word' id='word_1_565' title='bbox 454 4009 633 4076; x_wconf 80' lang='lat' dir='ltr'><strong>Atque</strong></span> <span class='ocrx_word' id='word_1_566' title='bbox 656 4007 871 4064; x_wconf 89' lang='lat' dir='ltr'><strong>difficile</strong></span> <span class='ocrx_word' id='word_1_567' title='bbox 892 4010 1112 4079; x_wconf 90' lang='lat' dir='ltr'><strong>quidem</strong></span> <span class='ocrx_word' id='word_1_568' title='bbox 1141 4021 1328 4077; x_wconf 90' lang='lat' dir='ltr'><strong>est,ac</strong></span> <span class='ocrx_word' id='word_1_569' title='bbox 1353 4028 1516 4083; x_wconf 87' lang='lat' dir='ltr'><strong>supra</strong></span> <span class='ocrx_word' id='word_1_570' title='bbox 1543 4022 1760 4082; x_wconf 83' lang='lat' dir='ltr'><strong>captum</strong></span> <span class='ocrx_word' id='word_1_571' title='bbox 1787 4024 2030 4069; x_wconf 85' lang='lat' dir='ltr'><strong>nostrqu</strong></span> 
     </span>
    </p>
   </div>
   <div class='ocr_carea' id='block_1_73' title="bbox 455 4097 2033 4174">
    <p class='ocr_par' dir='ltr' id='par_1_73' title="bbox 455 4097 2033 4174">
     <span class='ocr_line' id='line_1_73' title="bbox 455 4097 2033 4174; baseline 0.007 -25"><span class='ocrx_word' id='word_1_572' title='bbox 455 4097 660 4165; x_wconf 87' lang='lat' dir='ltr'><strong>videre,</strong></span> <span class='ocrx_word' id='word_1_573' title='bbox 691 4099 847 4167; x_wconf 90' lang='lat' dir='ltr'><strong>cujus</strong></span> <span class='ocrx_word' id='word_1_574' title='bbox 876 4103 947 4155; x_wconf 91' lang='lat' dir='ltr'><strong>rei</strong></span> <span class='ocrx_word' id='word_1_575' title='bbox 974 4110 1103 4156; x_wconf 90' lang='lat' dir='ltr'><strong>nota</strong></span> <span class='ocrx_word' id='word_1_576' title='bbox 1134 4104 1305 4172; x_wconf 88' lang='lat' dir='ltr'><strong>possit</strong></span> <span class='ocrx_word' id='word_1_577' title='bbox 1332 4118 1452 4159; x_wconf 87' lang='lat' dir='ltr'><strong>esse</strong></span> <span class='ocrx_word' id='word_1_578' title='bbox 1486 4104 1588 4160; x_wconf 89' lang='lat' dir='ltr'><strong>boe</strong></span> <span class='ocrx_word' id='word_1_579' title='bbox 1616 4105 1854 4174; x_wconf 78' lang='lat' dir='ltr'><strong>signum.</strong></span> <span class='ocrx_word' id='word_1_580' title='bbox 1886 4106 2033 4172; x_wconf 84' lang='lat' dir='ltr'><strong>Quo-</strong></span> 
     </span>
    </p>
   </div>
   <div class='ocr_carea' id='block_1_74' title="bbox 454 4190 2031 4265">
    <p class='ocr_par' dir='ltr' id='par_1_74' title="bbox 454 4190 2031 4265">
     <span class='ocr_line' id='line_1_74' title="bbox 454 4190 2031 4265; baseline 0.006 -23"><span class='ocrx_word' id='word_1_581' title='bbox 454 4190 600 4244; x_wconf 89' lang='lat' dir='ltr'><strong>niam</strong></span> <span class='ocrx_word' id='word_1_582' title='bbox 657 4205 787 4245; x_wconf 83' lang='lat' dir='ltr'><strong>vero</strong></span> <span class='ocrx_word' id='word_1_583' title='bbox 837 4206 945 4246; x_wconf 90' lang='lat' dir='ltr'><strong>non</strong></span> <span class='ocrx_word' id='word_1_584' title='bbox 995 4203 1211 4262; x_wconf 79' lang='lat' dir='ltr'><strong>oportet</strong></span> <span class='ocrx_word' id='word_1_585' title='bbox 1239 4204 1295 4248; x_wconf 90' lang='lat' dir='ltr'><strong>et</strong></span> <span class='ocrx_word' id='word_1_586' title='bbox 1338 4210 1492 4250; x_wconf 90' lang='lat' dir='ltr'><strong>nosa</strong></span> <span class='ocrx_word' id='word_1_587' title='bbox 1526 4197 1820 4265; x_wconf 82' lang='lat' dir='ltr'><strong>quaerendo</strong></span> <span class='ocrx_word' id='word_1_588' title='bbox 1847 4198 2031 4252; x_wconf 86' lang='lat' dir='ltr'><strong>dolere</strong></span> 
     </span>
    </p>
   </div>
   <div class='ocr_carea' id='block_1_75' title="bbox 453 4280 2032 4355">
    <p class='ocr_par' dir='ltr' id='par_1_75' title="bbox 453 4280 2032 4355">
     <span class='ocr_line' id='line_1_75' title="bbox 453 4280 2032 4355; baseline 0.007 -24"><span class='ocrx_word' id='word_1_589' title='bbox 453 4283 597 4346; x_wconf 87' lang='lat' dir='ltr'><strong>quod</strong></span> <span class='ocrx_word' id='word_1_590' title='bbox 649 4280 805 4335; x_wconf 89' lang='lat' dir='ltr'><strong>nobis</strong></span> <span class='ocrx_word' id='word_1_591' title='bbox 833 4284 1105 4337; x_wconf 89' lang='lat' dir='ltr'><strong>succurrit</strong></span> <span class='ocrx_word' id='word_1_592' title='bbox 1157 4286 1433 4339; x_wconf 88' lang='lat' dir='ltr'><strong>tradentes</strong></span> <span class='ocrx_word' id='word_1_593' title='bbox 1468 4287 1533 4339; x_wconf 91' lang='lat' dir='ltr'><strong>ad</strong></span> <span class='ocrx_word' id='word_1_594' title='bbox 1568 4287 1923 4355; x_wconf 86' lang='lat' dir='ltr'><strong>judicandum</strong></span> <span class='ocrx_word' id='word_1_595' title='bbox 1951 4288 2032 4342; x_wconf 81' lang='lat' dir='ltr'><strong>le-</strong></span> 
     </span>
    </p>
   </div>
   <div class='ocr_carea' id='block_1_76' title="bbox 453 4370 2034 4445">
    <p class='ocr_par' dir='ltr' id='par_1_76' title="bbox 453 4370 2034 4445">
     <span class='ocr_line' id='line_1_76' title="bbox 453 4370 2034 4445; baseline 0.008 -24"><span class='ocrx_word' id='word_1_596' title='bbox 453 4377 633 4435; x_wconf 75' lang='lat' dir='ltr'><strong>eturo,</strong></span> <span class='ocrx_word' id='word_1_597' title='bbox 665 4370 906 4427; x_wconf 78' lang='lat' dir='ltr'><strong>dicemus</strong></span> <span class='ocrx_word' id='word_1_598' title='bbox 938 4388 1155 4427; x_wconf 88' lang='lat' dir='ltr'><strong>manum</strong></span> <span class='ocrx_word' id='word_1_599' title='bbox 1184 4373 1504 4445; x_wconf 89' lang='lat' dir='ltr'><strong>plerumque</strong></span> <span class='ocrx_word' id='word_1_600' title='bbox 1532 4379 1910 4444; x_wconf 88' lang='lat' dir='ltr'><strong>operationum</strong></span> <span class='ocrx_word' id='word_1_601' title='bbox 1936 4395 2034 4433; x_wconf 64' lang='lat' dir='ltr'><strong>nec</strong></span> 
     </span>
    </p>
   </div>
   <div class='ocr_carea' id='block_1_77' title="bbox 456 4461 2030 4538">
    <p class='ocr_par' dir='ltr' id='par_1_77' title="bbox 456 4461 2030 4538">
     <span class='ocr_line' id='line_1_77' title="bbox 456 4461 2030 4538; baseline 0.008 -26"><span class='ocrx_word' id='word_1_602' title='bbox 456 4469 565 4512; x_wconf 87' lang='lat' dir='ltr'><strong>tam</strong></span> <span class='ocrx_word' id='word_1_603' title='bbox 598 4474 749 4523; x_wconf 89' lang='lat' dir='ltr'><strong>esse;</strong></span> <span class='ocrx_word' id='word_1_604' title='bbox 781 4461 962 4515; x_wconf 85' lang='lat' dir='ltr'><strong>sinum</strong></span> <span class='ocrx_word' id='word_1_605' title='bbox 991 4477 1122 4517; x_wconf 87' lang='lat' dir='ltr'><strong>vero</strong></span> <span class='ocrx_word' id='word_1_606' title='bbox 1160 4467 1360 4536; x_wconf 84' lang='lat' dir='ltr'><strong>Moysis</strong></span> <span class='ocrx_word' id='word_1_607' title='bbox 1393 4468 1528 4521; x_wconf 86' lang='lat' dir='ltr'><strong>duas</strong></span> <span class='ocrx_word' id='word_1_608' title='bbox 1557 4469 1829 4538; x_wconf 84' lang='lat' dir='ltr'><strong>potentias</strong></span> <span class='ocrx_word' id='word_1_609' title='bbox 1861 4471 2030 4525; x_wconf 88' lang='lat' dir='ltr'><strong>habe-</strong></span> 
     </span>
    </p>
   </div>
   <div class='ocr_carea' id='block_1_78' title="bbox 2131 3266 3694 3343">
    <p class='ocr_par' dir='ltr' id='par_1_78' title="bbox 2131 3266 3694 3343">
     <span class='ocr_line' id='line_1_78' title="bbox 2131 3266 3694 3343; baseline -0.008 -13"><span class='ocrx_word' id='word_1_610' title='bbox 2131 3274 2288 3330; x_wconf 78' lang='grc' dir='ltr'>ἄλλον</span> <span class='ocrx_word' id='word_1_611' title='bbox 2308 3273 2471 3326; x_wconf 84' lang='grc' dir='ltr'>τόπον</span> <span class='ocrx_word' id='word_1_612' title='bbox 2518 3272 2644 3343; x_wconf 81' lang='grc' dir='ltr'>περὶ</span> <span class='ocrx_word' id='word_1_613' title='bbox 2675 3271 2778 3342; x_wconf 86' lang='grc' dir='ltr'>τῆς</span> <span class='ocrx_word' id='word_1_614' title='bbox 2815 3270 2908 3325; x_wconf 86' lang='grc' dir='ltr'><strong>τοῦ</strong></span> <span class='ocrx_word' id='word_1_615' title='bbox 2943 3271 3140 3324; x_wconf 84' lang='grc' dir='ltr'>κόλπου</span> <span class='ocrx_word' id='word_1_616' title='bbox 3193 3268 3497 3339; x_wconf 80' lang='grc' dir='ltr'>ὀνομασίας</span> <span class='ocrx_word' id='word_1_617' title='bbox 3541 3266 3694 3336; x_wconf 74' lang='grc' dir='ltr'>δεήσει</span> 
     </span>
    </p>
   </div>
   <div class='ocr_carea' id='block_1_79' title="bbox 2131 3361 3695 3440">
    <p class='ocr_par' dir='ltr' id='par_1_79' title="bbox 2131 3361 3695 3440">
     <span class='ocr_line' id='line_1_79' title="bbox 2131 3361 3695 3440; baseline -0.006 -19"><span class='ocrx_word' id='word_1_618' title='bbox 2131 3366 2471 3440; x_wconf 82' lang='grc' dir='ltr'>παραθέσθαι</span> <span class='ocrx_word' id='word_1_619' title='bbox 2529 3365 2639 3419; x_wconf 83' lang='grc' dir='ltr'><strong>ἀπὸ</strong></span> <span class='ocrx_word' id='word_1_620' title='bbox 2686 3365 2787 3436; x_wconf 77' lang='grc' dir='ltr'>τῆς</span> <span class='ocrx_word' id='word_1_621' title='bbox 2855 3364 3120 3437; x_wconf 78' lang='grc' dir='ltr'>Γραφῆς,</span> <span class='ocrx_word' id='word_1_622' title='bbox 3178 3362 3312 3434; x_wconf 84' lang='grc' dir='ltr'>φέρε</span> <span class='ocrx_word' id='word_1_623' title='bbox 3369 3361 3695 3431; x_wconf 71' lang='grc' dir='ltr'>ἐξετάαομεν</span> 
     </span>
    </p>
   </div>
   <div class='ocr_carea' id='block_1_80' title="bbox 2128 3452 3696 3530">
    <p class='ocr_par' dir='ltr' id='par_1_80' title="bbox 2128 3452 3696 3530">
     <span class='ocr_line' id='line_1_80' title="bbox 2128 3452 3696 3530; baseline -0.005 -18"><span class='ocrx_word' id='word_1_624' title='bbox 2128 3459 2249 3513; x_wconf 84' lang='grc' dir='ltr'>τίνα</span> <span class='ocrx_word' id='word_1_625' title='bbox 2296 3458 2496 3530; x_wconf 79' lang='grc' dir='ltr'>τρόπον</span> <span class='ocrx_word' id='word_1_626' title='bbox 2526 3452 2649 3511; x_wconf 78' lang='grc' dir='ltr'>εἶπε</span> <span class='ocrx_word' id='word_1_627' title='bbox 2677 3456 2883 3530; x_wconf 83' lang='grc' dir='ltr'>Κύριος</span> <span class='ocrx_word' id='word_1_628' title='bbox 2921 3455 2999 3527; x_wconf 82' lang='grc' dir='ltr'>τῷ</span> <span class='ocrx_word' id='word_1_629' title='bbox 3041 3457 3247 3526; x_wconf 81' lang='grc' dir='ltr'>Μωῡσῇ</span> <span class='ocrx_word' id='word_1_630' title='bbox 3275 3473 3290 3486; x_wconf 78' lang='grc' dir='ltr'><strong><em>ο</em></strong></span> <span class='ocrx_word' id='word_1_631' title='bbox 3333 3473 3354 3506; x_wconf 76' lang='grc' dir='ltr'><strong>ι</strong></span> <span class='ocrx_word' id='word_1_632' title='bbox 3396 3454 3570 3509; x_wconf 84' lang='grc' dir='ltr'>Πάλιν</span> <span class='ocrx_word' id='word_1_633' title='bbox 3601 3456 3696 3505; x_wconf 71' lang='lat' dir='ltr'><strong>sic-</strong></span> 
     </span>
    </p>
   </div>
   <div class='ocr_carea' id='block_1_81' title="bbox 2130 3546 3695 3621">
    <p class='ocr_par' dir='ltr' id='par_1_81' title="bbox 2130 3546 3695 3621">
     <span class='ocr_line' id='line_1_81' title="bbox 2130 3546 3695 3621; baseline -0.005 -18"><span class='ocrx_word' id='word_1_634' title='bbox 2130 3550 2351 3618; x_wconf 86' lang='grc' dir='ltr'>ένεγκον</span> <span class='ocrx_word' id='word_1_635' title='bbox 2384 3549 2481 3621; x_wconf 78' lang='grc' dir='ltr'>τὴν</span> <span class='ocrx_word' id='word_1_636' title='bbox 2537 3549 2697 3621; x_wconf 80' lang='grc' dir='ltr'>χεῖρά</span> <span class='ocrx_word' id='word_1_637' title='bbox 2730 3567 2823 3602; x_wconf 91' lang='grc' dir='ltr'><strong>σου</strong></span> <span class='ocrx_word' id='word_1_638' title='bbox 2854 3549 2934 3613; x_wconf 83' lang='grc' dir='ltr'>εἰς</span> <span class='ocrx_word' id='word_1_639' title='bbox 2964 3548 3055 3618; x_wconf 72' lang='grc' dir='ltr'><strong>τὸν</strong></span> <span class='ocrx_word' id='word_1_640' title='bbox 3089 3547 3288 3601; x_wconf 81' lang='grc' dir='ltr'>κόλπον</span> <span class='ocrx_word' id='word_1_641' title='bbox 3317 3563 3413 3601; x_wconf 87' lang='grc' dir='ltr'><strong>σου</strong></span> <span class='ocrx_word' id='word_1_642' title='bbox 3435 3564 3451 3577; x_wconf 67' lang='grc' dir='ltr'>θ</span> <span class='ocrx_word' id='word_1_643' title='bbox 3480 3546 3573 3600; x_wconf 74' lang='grc' dir='ltr'><strong>καὶ</strong></span> <span class='ocrx_word' id='word_1_644' title='bbox 3598 3548 3695 3597; x_wconf 77' lang='grc' dir='ltr'>εἰε-</span> 
     </span>
    </p>
   </div>
   <div class='ocr_carea' id='block_1_82' title="bbox 2131 3639 3697 3714">
    <p class='ocr_par' dir='ltr' id='par_1_82' title="bbox 2131 3639 3697 3714">
     <span class='ocr_line' id='line_1_82' title="bbox 2131 3639 3697 3714; baseline -0.004 -18"><span class='ocrx_word' id='word_1_645' title='bbox 2131 3644 2329 3713; x_wconf 86' lang='grc' dir='ltr'>ήνεγκε</span> <span class='ocrx_word' id='word_1_646' title='bbox 2381 3643 2482 3713; x_wconf 82' lang='grc' dir='ltr'><strong>τὴν</strong></span> <span class='ocrx_word' id='word_1_647' title='bbox 2520 3645 2680 3714; x_wconf 85' lang='grc' dir='ltr'>χεῖρα</span> <span class='ocrx_word' id='word_1_648' title='bbox 2704 3643 2870 3696; x_wconf 81' lang='grc' dir='ltr'>αὑτοῦ</span> <span class='ocrx_word' id='word_1_649' title='bbox 2908 3643 2987 3705; x_wconf 86' lang='grc' dir='ltr'>εἰς</span> <span class='ocrx_word' id='word_1_650' title='bbox 3022 3641 3113 3695; x_wconf 68' lang='grc' dir='ltr'>τὸν</span> <span class='ocrx_word' id='word_1_651' title='bbox 3141 3641 3342 3695; x_wconf 81' lang='grc' dir='ltr'>κόλπον</span> <span class='ocrx_word' id='word_1_652' title='bbox 3381 3641 3586 3695; x_wconf 76' lang='grc' dir='ltr'>αὐτοῦ·</span> <span class='ocrx_word' id='word_1_653' title='bbox 3619 3639 3697 3691; x_wconf 71' lang='grc' dir='ltr'><strong>καὶ</strong></span> 
     </span>
    </p>
   </div>
   <div class='ocr_carea' id='block_1_83' title="bbox 2130 3732 3695 3805">
    <p class='ocr_par' dir='ltr' id='par_1_83' title="bbox 2130 3732 3695 3805">
     <span class='ocr_line' id='line_1_83' title="bbox 2130 3732 3695 3805; baseline 0 -19"><span class='ocrx_word' id='word_1_654' title='bbox 2130 3734 2421 3804; x_wconf 78' lang='grc' dir='ltr'>ἐξήνεγκεν</span> <span class='ocrx_word' id='word_1_655' title='bbox 2449 3733 2618 3805; x_wconf 78' lang='grc' dir='ltr'>αὐτὴν</span> <span class='ocrx_word' id='word_1_656' title='bbox 2651 3736 2716 3788; x_wconf 83' lang='grc' dir='ltr'><strong>ἐκ</strong></span> <span class='ocrx_word' id='word_1_657' title='bbox 2744 3732 2838 3788; x_wconf 84' lang='grc' dir='ltr'><strong>τοῦ</strong></span> <span class='ocrx_word' id='word_1_658' title='bbox 2860 3733 3062 3788; x_wconf 84' lang='grc' dir='ltr'>κόλπου</span> <span class='ocrx_word' id='word_1_659' title='bbox 3089 3732 3275 3788; x_wconf 77' lang='grc' dir='ltr'>αὐτοῦ’</span> <span class='ocrx_word' id='word_1_660' title='bbox 3310 3734 3409 3787; x_wconf 70' lang='grc' dir='ltr'>καὶ</span> <span class='ocrx_word' id='word_1_661' title='bbox 3440 3733 3695 3802; x_wconf 72' lang='grc' dir='ltr'>ἐγένεωὴ</span> 
     </span>
    </p>
   </div>
   <div class='ocr_carea' id='block_1_84' title="bbox 2130 3820 3693 3897">
    <p class='ocr_par' dir='ltr' id='par_1_84' title="bbox 2130 3820 3693 3897">
     <span class='ocr_line' id='line_1_84' title="bbox 2130 3820 3693 3897; baseline -0.002 -19"><span class='ocrx_word' id='word_1_662' title='bbox 2130 3827 2250 3897; x_wconf 76' lang='grc' dir='ltr'>χεὶρ</span> <span class='ocrx_word' id='word_1_663' title='bbox 2304 3825 2466 3879; x_wconf 76' lang='grc' dir='ltr'>αὑτοῦ</span> <span class='ocrx_word' id='word_1_664' title='bbox 2510 3825 2768 3896; x_wconf 85' lang='grc' dir='ltr'>λεπρῶσα</span> <span class='ocrx_word' id='word_1_665' title='bbox 2820 3824 2930 3897; x_wconf 89' lang='lat'><strong>(89)</strong></span> <span class='ocrx_word' id='word_1_666' title='bbox 2970 3825 3104 3878; x_wconf 77' lang='grc' dir='ltr'>ὡσεὶ</span> <span class='ocrx_word' id='word_1_667' title='bbox 3157 3824 3309 3896; x_wconf 74' lang='grc' dir='ltr'>χιών.</span> <span class='ocrx_word' id='word_1_668' title='bbox 3362 3825 3482 3877; x_wconf 81' lang='grc' dir='ltr'>Καὶ</span> <span class='ocrx_word' id='word_1_669' title='bbox 3525 3820 3693 3876; x_wconf 70' lang='grc' dir='ltr'>είπενσ</span> 
     </span>
    </p>
   </div>
   <div class='ocr_carea' id='block_1_85' title="bbox 2131 3916 3695 3989">
    <p class='ocr_par' dir='ltr' id='par_1_85' title="bbox 2131 3916 3695 3989">
     <span class='ocr_line' id='line_1_85' title="bbox 2131 3916 3695 3989; baseline -0.003 -19"><span class='ocrx_word' id='word_1_670' title='bbox 2131 3917 2419 3986; x_wconf 84' lang='grc' dir='ltr'>Εἰσένεγκε</span> <span class='ocrx_word' id='word_1_671' title='bbox 2449 3917 2547 3989; x_wconf 74' lang='grc' dir='ltr'><strong>τὴν</strong></span> <span class='ocrx_word' id='word_1_672' title='bbox 2582 3918 2740 3989; x_wconf 79' lang='grc' dir='ltr'>χεῖρά</span> <span class='ocrx_word' id='word_1_673' title='bbox 2769 3935 2862 3971; x_wconf 89' lang='grc' dir='ltr'><strong>σου</strong></span> <span class='ocrx_word' id='word_1_674' title='bbox 2885 3920 2964 3982; x_wconf 86' lang='grc' dir='ltr'>εἰς</span> <span class='ocrx_word' id='word_1_675' title='bbox 2983 3919 3076 3971; x_wconf 84' lang='grc' dir='ltr'><strong>τὸν</strong></span> <span class='ocrx_word' id='word_1_676' title='bbox 3109 3918 3308 3971; x_wconf 86' lang='grc' dir='ltr'>κόλπον</span> <span class='ocrx_word' id='word_1_677' title='bbox 3336 3933 3455 3970; x_wconf 86' lang='grc' dir='ltr'>σου·</span> <span class='ocrx_word' id='word_1_678' title='bbox 3477 3916 3571 3970; x_wconf 77' lang='grc' dir='ltr'><strong>καὶ</strong></span> <span class='ocrx_word' id='word_1_679' title='bbox 3598 3917 3695 3968; x_wconf 77' lang='grc' dir='ltr'>εἱσ-</span> 
     </span>
    </p>
   </div>
   <div class='ocr_carea' id='block_1_86' title="bbox 2130 4007 3693 4081">
    <p class='ocr_par' dir='ltr' id='par_1_86' title="bbox 2130 4007 3693 4081">
     <span class='ocr_line' id='line_1_86' title="bbox 2130 4007 3693 4081; baseline -0.003 -19"><span class='ocrx_word' id='word_1_680' title='bbox 2130 4011 2327 4080; x_wconf 88' lang='grc' dir='ltr'>ήνεγκε</span> <span class='ocrx_word' id='word_1_681' title='bbox 2365 4010 2464 4081; x_wconf 82' lang='grc' dir='ltr'><strong>τὴν</strong></span> <span class='ocrx_word' id='word_1_682' title='bbox 2512 4012 2670 4081; x_wconf 85' lang='grc' dir='ltr'>χεῖρα</span> <span class='ocrx_word' id='word_1_683' title='bbox 2722 4009 2886 4063; x_wconf 81' lang='grc' dir='ltr'>αὑτοῦ</span> <span class='ocrx_word' id='word_1_684' title='bbox 2929 4012 3011 4073; x_wconf 78' lang='grc' dir='ltr'><strong>εἰς</strong></span> <span class='ocrx_word' id='word_1_685' title='bbox 3040 4009 3132 4064; x_wconf 80' lang='grc' dir='ltr'><strong>τὸν</strong></span> <span class='ocrx_word' id='word_1_686' title='bbox 3161 4009 3362 4063; x_wconf 86' lang='grc' dir='ltr'>κόλπον</span> <span class='ocrx_word' id='word_1_687' title='bbox 3396 4008 3583 4064; x_wconf 82' lang='grc' dir='ltr'>αὐτοῦ·</span> <span class='ocrx_word' id='word_1_688' title='bbox 3616 4007 3693 4060; x_wconf 67' lang='grc' dir='ltr'><strong>καὶ</strong></span> 
     </span>
    </p>
   </div>
   <div class='ocr_carea' id='block_1_87' title="bbox 2130 4098 3697 4172">
    <p class='ocr_par' dir='ltr' id='par_1_87' title="bbox 2130 4098 3697 4172">
     <span class='ocr_line' id='line_1_87' title="bbox 2130 4098 3697 4172; baseline -0.003 -19"><span class='ocrx_word' id='word_1_689' title='bbox 2130 4100 2418 4171; x_wconf 81' lang='grc' dir='ltr'>ἐξήνεγκεν</span> <span class='ocrx_word' id='word_1_690' title='bbox 2467 4101 2638 4172; x_wconf 81' lang='grc' dir='ltr'>αὐτὴν</span> <span class='ocrx_word' id='word_1_691' title='bbox 2694 4103 2760 4153; x_wconf 84' lang='grc' dir='ltr'><strong>ἐκ</strong></span> <span class='ocrx_word' id='word_1_692' title='bbox 2806 4100 2899 4154; x_wconf 86' lang='grc' dir='ltr'><strong>τοῦ</strong></span> <span class='ocrx_word' id='word_1_693' title='bbox 2933 4101 3135 4155; x_wconf 87' lang='grc' dir='ltr'>κόλπου</span> <span class='ocrx_word' id='word_1_694' title='bbox 3170 4100 3360 4166; x_wconf 79' lang='grc' dir='ltr'>αὑτοῦ,</span> <span class='ocrx_word' id='word_1_695' title='bbox 3413 4102 3512 4155; x_wconf 74' lang='grc' dir='ltr'><strong>καὶ</strong></span> <span class='ocrx_word' id='word_1_696' title='bbox 3558 4098 3697 4152; x_wconf 67' lang='grc' dir='ltr'>πάλιν</span> 
     </span>
    </p>
   </div>
   <div class='ocr_carea' id='block_1_88' title="bbox 2131 4189 3696 4264">
    <p class='ocr_par' dir='ltr' id='par_1_88' title="bbox 2131 4189 3696 4264">
     <span class='ocr_line' id='line_1_88' title="bbox 2131 4189 3696 4264; baseline -0.01 -17"><span class='ocrx_word' id='word_1_697' title='bbox 2131 4191 2548 4263; x_wconf 82' lang='grc' dir='ltr'>ἀπεκατεστάθη</span> <span class='ocrx_word' id='word_1_698' title='bbox 2618 4194 2698 4257; x_wconf 80' lang='grc' dir='ltr'>εἰς</span> <span class='ocrx_word' id='word_1_699' title='bbox 2761 4192 2860 4264; x_wconf 81' lang='grc' dir='ltr'>τὴν</span> <span class='ocrx_word' id='word_1_700' title='bbox 2931 4193 3099 4264; x_wconf 81' lang='grc' dir='ltr'>χρόαν</span> <span class='ocrx_word' id='word_1_701' title='bbox 3161 4192 3266 4262; x_wconf 80' lang='grc' dir='ltr'>τῆς</span> <span class='ocrx_word' id='word_1_702' title='bbox 3337 4192 3543 4263; x_wconf 73' lang='grc' dir='ltr'>σαρκὸς</span> <span class='ocrx_word' id='word_1_703' title='bbox 3614 4189 3696 4242; x_wconf 61' lang='grc' dir='ltr'><strong>ας.-</strong></span> 
     </span>
    </p>
   </div>
   <div class='ocr_carea' id='block_1_89' title="bbox 2130 4280 3695 4355">
    <p class='ocr_par' dir='ltr' id='par_1_89' title="bbox 2130 4280 3695 4355">
     <span class='ocr_line' id='line_1_89' title="bbox 2130 4280 3695 4355; baseline 0.001 -19"><span class='ocrx_word' id='word_1_704' title='bbox 2130 4283 2245 4338; x_wconf 89' lang='lat'><strong>:06.</strong></span> <span class='ocrx_word' id='word_1_705' title='bbox 2273 4304 2295 4337; x_wconf 70' lang='lat' dir='ltr'><strong>r</strong></span> <span class='ocrx_word' id='word_1_706' title='bbox 2346 4284 2598 4337; x_wconf 73' lang='grc' dir='ltr'>Χαλεπὸν</span> <span class='ocrx_word' id='word_1_707' title='bbox 2635 4284 2732 4355; x_wconf 79' lang='grc' dir='ltr'><strong>μὲν</strong></span> <span class='ocrx_word' id='word_1_708' title='bbox 2759 4280 2854 4337; x_wconf 84' lang='grc' dir='ltr'><strong>οὖν</strong></span> <span class='ocrx_word' id='word_1_709' title='bbox 2904 4284 3030 4337; x_wconf 88' lang='grc' dir='ltr'>ἰδεῖν</span> <span class='ocrx_word' id='word_1_710' title='bbox 3082 4282 3177 4338; x_wconf 73' lang='grc' dir='ltr'>καὶ</span> <span class='ocrx_word' id='word_1_711' title='bbox 3204 4285 3347 4354; x_wconf 78' lang='grc' dir='ltr'>ὑπὲρ</span> <span class='ocrx_word' id='word_1_712' title='bbox 3380 4285 3533 4355; x_wconf 79' lang='grc' dir='ltr'>ἡμᾶς</span> <span class='ocrx_word' id='word_1_713' title='bbox 3570 4282 3695 4337; x_wconf 75' lang='grc' dir='ltr'>τίνος</span> 
     </span>
    </p>
   </div>
   <div class='ocr_carea' id='block_1_90' title="bbox 2132 4371 3692 4450">
    <p class='ocr_par' dir='ltr' id='par_1_90' title="bbox 2132 4371 3692 4450">
     <span class='ocr_line' id='line_1_90' title="bbox 2132 4371 3692 4450; baseline -0.005 -17"><span class='ocrx_word' id='word_1_714' title='bbox 2132 4378 2400 4450; x_wconf 75' lang='grc' dir='ltr'>σύμϐολον</span> <span class='ocrx_word' id='word_1_715' title='bbox 2433 4374 2572 4432; x_wconf 84' lang='grc' dir='ltr'>εἶναι</span> <span class='ocrx_word' id='word_1_716' title='bbox 2605 4376 2830 4431; x_wconf 81' lang='grc' dir='ltr'>δύναται</span> <span class='ocrx_word' id='word_1_717' title='bbox 2876 4376 2936 4430; x_wconf 84' lang='grc' dir='ltr'><strong>τὸ</strong></span> <span class='ocrx_word' id='word_1_718' title='bbox 2982 4378 3204 4447; x_wconf 83' lang='grc' dir='ltr'>σημεῖον</span> <span class='ocrx_word' id='word_1_719' title='bbox 3261 4375 3444 4430; x_wconf 83' lang='grc' dir='ltr'>τοῦτο.</span> <span class='ocrx_word' id='word_1_720' title='bbox 3494 4371 3692 4439; x_wconf 79' lang='grc' dir='ltr'>Ἐπειδὴ</span> 
     </span>
    </p>
   </div>
   <div class='ocr_carea' id='block_1_91' title="bbox 2130 4464 3693 4541">
    <p class='ocr_par' dir='ltr' id='par_1_91' title="bbox 2130 4464 3693 4541">
     <span class='ocr_line' id='line_1_91' title="bbox 2130 4464 3693 4541; baseline -0.003 -17"><span class='ocrx_word' id='word_1_721' title='bbox 2130 4471 2237 4541; x_wconf 79' lang='grc' dir='ltr'>χρὴ</span> <span class='ocrx_word' id='word_1_722' title='bbox 2293 4471 2388 4523; x_wconf 77' lang='grc' dir='ltr'>καὶ</span> <span class='ocrx_word' id='word_1_723' title='bbox 2436 4471 2586 4541; x_wconf 81' lang='grc' dir='ltr'>ἡμᾶς</span> <span class='ocrx_word' id='word_1_724' title='bbox 2629 4468 2703 4540; x_wconf 84' lang='grc' dir='ltr'>μὴ</span> <span class='ocrx_word' id='word_1_725' title='bbox 2733 4468 3057 4537; x_wconf 84' lang='grc' dir='ltr'>ἀλγεῖν-ἀπὸ</span> <span class='ocrx_word' id='word_1_726' title='bbox 3109 4466 3202 4520; x_wconf 85' lang='grc' dir='ltr'><strong>τοῦ</strong></span> <span class='ocrx_word' id='word_1_727' title='bbox 3253 4466 3439 4538; x_wconf 82' lang='grc' dir='ltr'>ζητεῖν</span> <span class='ocrx_word' id='word_1_728' title='bbox 3483 4466 3543 4519; x_wconf 82' lang='grc' dir='ltr'>τὸ</span> <span class='ocrx_word' id='word_1_729' title='bbox 3578 4464 3693 4520; x_wconf 74' lang='grc' dir='ltr'>ὑπο·</span> 
     </span>
    </p>
   </div>
   <div class='ocr_carea' id='block_1_92' title="bbox 456 4551 2050 4635">
    <p class='ocr_par' dir='ltr' id='par_1_92' title="bbox 456 4551 2026 4625">
     <span class='ocr_line' id='line_1_92' title="bbox 456 4551 2026 4625; baseline 0.008 -23"><span class='ocrx_word' id='word_1_730' title='bbox 456 4564 514 4604; x_wconf 87' lang='lat' dir='ltr'><strong>re</strong></span> <span class='ocrx_word' id='word_1_731' title='bbox 545 4566 560 4603; x_wconf 90' lang='lat'><strong>:</strong></span> <span class='ocrx_word' id='word_1_732' title='bbox 589 4551 824 4619; x_wconf 90' lang='lat' dir='ltr'><strong>priorem</strong></span> <span class='ocrx_word' id='word_1_733' title='bbox 853 4552 1072 4621; x_wconf 88' lang='lat' dir='ltr'><strong>quidem</strong></span> <span class='ocrx_word' id='word_1_734' title='bbox 1118 4554 1409 4610; x_wconf 86' lang='lat' dir='ltr'><strong>facientem</strong></span> <span class='ocrx_word' id='word_1_735' title='bbox 1451 4557 1607 4625; x_wconf 81' lang='lat' dir='ltr'><strong>juxta</strong></span> <span class='ocrx_word' id='word_1_736' title='bbox 1642 4559 1836 4614; x_wconf 68' lang='lat' dir='ltr'><strong>litterae</strong></span> <span class='ocrx_word' id='word_1_737' title='bbox 1867 4575 2026 4615; x_wconf 87' lang='lat' dir='ltr'><strong>sensa</strong></span> 
     </span>
    </p>
   </div>
   <div class='ocr_carea' id='block_1_93' title="bbox 2129 4551 3693 4635">
    <p class='ocr_par' dir='ltr' id='par_1_93' title="bbox 2134 4557 3693 4635">
     <span class='ocr_line' id='line_1_93' title="bbox 2134 4557 3693 4635; baseline -0.002 -19"><span class='ocrx_word' id='word_1_738' title='bbox 2134 4564 2331 4617; x_wconf 83' lang='grc' dir='ltr'>πίπτον</span> <span class='ocrx_word' id='word_1_739' title='bbox 2364 4565 2444 4627; x_wconf 87' lang='grc' dir='ltr'>εἰς</span> <span class='ocrx_word' id='word_1_740' title='bbox 2479 4563 2659 4634; x_wconf 85' lang='grc' dir='ltr'>κρίσιν</span> <span class='ocrx_word' id='word_1_741' title='bbox 2698 4560 3029 4635; x_wconf 87' lang='grc' dir='ltr'>παραδοῦναι</span> <span class='ocrx_word' id='word_1_742' title='bbox 3068 4560 3147 4631; x_wconf 82' lang='grc' dir='ltr'><strong>τῷ</strong></span> <span class='ocrx_word' id='word_1_743' title='bbox 3192 4559 3586 4629; x_wconf 80' lang='grc' dir='ltr'>ἐντευξομένῳ,</span> <span class='ocrx_word' id='word_1_744' title='bbox 3609 4557 3693 4625; x_wconf 71' lang='grc' dir='ltr'><strong>φή·</strong></span> 
     </span>
    </p>
   </div>
   <div class='ocr_carea' id='block_1_94' title="bbox 451 4642 2025 4719">
    <p class='ocr_par' dir='ltr' id='par_1_94' title="bbox 451 4642 2025 4719">
     <span class='ocr_line' id='line_1_94' title="bbox 451 4642 2025 4719; baseline 0.006 -24"><span class='ocrx_word' id='word_1_745' title='bbox 451 4642 730 4711; x_wconf 86' lang='lat' dir='ltr'><strong>opcrautis</strong></span> <span class='ocrx_word' id='word_1_746' title='bbox 763 4643 1065 4719; x_wconf 67' lang='lat' dir='ltr'><strong>actionem,</strong></span> <span class='ocrx_word' id='word_1_747' title='bbox 1103 4644 1377 4712; x_wconf 70' lang='lat' dir='ltr'><strong>lvprosam</strong></span> <span class='ocrx_word' id='word_1_748' title='bbox 1419 4648 1585 4703; x_wconf 85' lang='lat' dir='ltr'><strong>veluti</strong></span> <span class='ocrx_word' id='word_1_749' title='bbox 1615 4651 1728 4715; x_wconf 82' lang='lat' dir='ltr'><strong>nix,</strong></span> <span class='ocrx_word' id='word_1_750' title='bbox 1761 4661 2025 4719; x_wconf 85' lang='lat' dir='ltr'><strong>quantum</strong></span> 
     </span>
    </p>
   </div>
   <div class='ocr_carea' id='block_1_95' title="bbox 452 4732 2025 4804">
    <p class='ocr_par' dir='ltr' id='par_1_95' title="bbox 452 4732 2025 4804">
     <span class='ocr_line' id='line_1_95' title="bbox 452 4732 2025 4804; baseline 0.005 -15"><span class='ocrx_word' id='word_1_751' title='bbox 452 4734 519 4789; x_wconf 87' lang='lat' dir='ltr'><strong>ad</strong></span> <span class='ocrx_word' id='word_1_752' title='bbox 553 4732 900 4789; x_wconf 60' lang='lat' dir='ltr'><strong>Hebraeorum</strong></span> <span class='ocrx_word' id='word_1_753' title='bbox 927 4749 1152 4803; x_wconf 87' lang='lat' dir='ltr'><strong>vocem;</strong></span> <span class='ocrx_word' id='word_1_754' title='bbox 1188 4739 1541 4804; x_wconf 86' lang='lat' dir='ltr'><strong>posteriorem</strong></span> <span class='ocrx_word' id='word_1_755' title='bbox 1576 4756 1703 4795; x_wconf 81' lang='lat' dir='ltr'><strong>vero</strong></span> <span class='ocrx_word' id='word_1_756' title='bbox 1735 4743 2025 4797; x_wconf 86' lang='lat' dir='ltr'><strong>ostenden-</strong></span> 
     </span>
    </p>
   </div>
   <div class='ocr_carea' id='block_1_96' title="bbox 453 4827 2024 4902">
    <p class='ocr_par' dir='ltr' id='par_1_96' title="bbox 453 4827 2024 4902">
     <span class='ocr_line' id='line_1_96' title="bbox 453 4827 2024 4902; baseline 0.007 -23"><span class='ocrx_word' id='word_1_757' title='bbox 453 4836 558 4880; x_wconf 83' lang='lat' dir='ltr'><strong>tent</strong></span> <span class='ocrx_word' id='word_1_758' title='bbox 584 4827 896 4881; x_wconf 90' lang='lat' dir='ltr'><strong>institutum</strong></span> <span class='ocrx_word' id='word_1_759' title='bbox 923 4829 1048 4882; x_wconf 73' lang='lat' dir='ltr'><strong>vita:</strong></span> <span class='ocrx_word' id='word_1_760' title='bbox 1068 4828 1365 4895; x_wconf 90' lang='lat' dir='ltr'><strong>sincerum,</strong></span> <span class='ocrx_word' id='word_1_761' title='bbox 1386 4830 1541 4900; x_wconf 74' lang='lat' dir='ltr'><strong>juxta</strong></span> <span class='ocrx_word' id='word_1_762' title='bbox 1570 4833 1908 4902; x_wconf 88' lang='lat' dir='ltr'><strong>spiritualem</strong></span> <span class='ocrx_word' id='word_1_763' title='bbox 1940 4836 2024 4890; x_wconf 90' lang='lat' dir='ltr'><strong>le-</strong></span> 
     </span>
    </p>
   </div>
   <div class='ocr_carea' id='block_1_97' title="bbox 447 4918 2025 4987">
    <p class='ocr_par' dir='ltr' id='par_1_97' title="bbox 447 4918 2025 4987">
     <span class='ocr_line' id='line_1_97' title="bbox 447 4918 2025 4987; baseline 0.005 -16"><span class='ocrx_word' id='word_1_764' title='bbox 447 4934 594 4987; x_wconf 75' lang='lat' dir='ltr'><strong>gem,</strong></span> <span class='ocrx_word' id='word_1_765' title='bbox 626 4919 934 4972; x_wconf 88' lang='lat' dir='ltr'><strong>restitutum</strong></span> <span class='ocrx_word' id='word_1_766' title='bbox 961 4919 1030 4973; x_wconf 87' lang='lat' dir='ltr'><strong>ad</strong></span> <span class='ocrx_word' id='word_1_767' title='bbox 1074 4918 1406 4975; x_wconf 85' lang='lat' dir='ltr'><strong>voluntatem</strong></span> <span class='ocrx_word' id='word_1_768' title='bbox 1457 4932 1665 4977; x_wconf 82' lang='lat' dir='ltr'><strong>naturae</strong></span> <span class='ocrx_word' id='word_1_769' title='bbox 1694 4932 1747 4979; x_wconf 89' lang='lat' dir='ltr'><strong>et</strong></span> <span class='ocrx_word' id='word_1_770' title='bbox 1775 4925 2025 4979; x_wconf 89' lang='lat' dir='ltr'><strong>rationis.</strong></span> 
     </span>
    </p>
   </div>
   <div class='ocr_carea' id='block_1_98' title="bbox 452 5009 2028 5084">
    <p class='ocr_par' dir='ltr' id='par_1_98' title="bbox 452 5009 2028 5084">
     <span class='ocr_line' id='line_1_98' title="bbox 452 5009 2028 5084; baseline 0.004 -21"><span class='ocrx_word' id='word_1_771' title='bbox 452 5009 518 5064; x_wconf 86' lang='lat' dir='ltr'><strong>Et</strong></span> <span class='ocrx_word' id='word_1_772' title='bbox 557 5011 788 5067; x_wconf 84' lang='lat' dir='ltr'><strong>observa</strong></span> <span class='ocrx_word' id='word_1_773' title='bbox 822 5013 968 5081; x_wconf 83' lang='lat' dir='ltr'><strong>quod</strong></span> <span class='ocrx_word' id='word_1_774' title='bbox 1000 5013 1088 5068; x_wconf 88' lang='lat' dir='ltr'><strong>his</strong></span> <span class='ocrx_word' id='word_1_775' title='bbox 1117 5014 1481 5084; x_wconf 80' lang='lat' dir='ltr'><strong>subjungatur</strong></span> <span class='ocrx_word' id='word_1_776' title='bbox 1510 5032 1526 5070; x_wconf 88' lang='lat'><strong>:</strong></span> <span class='ocrx_word' id='word_1_777' title='bbox 1562 5034 1583 5067; x_wconf 72' lang='grc' dir='ltr'><strong>ι</strong></span> <span class='ocrx_word' id='word_1_778' title='bbox 1616 5015 1670 5069; x_wconf 91' lang='lat' dir='ltr'><strong>Si</strong></span> <span class='ocrx_word' id='word_1_779' title='bbox 1707 5033 1813 5071; x_wconf 88' lang='lat' dir='ltr'><strong>non</strong></span> <span class='ocrx_word' id='word_1_780' title='bbox 1851 5018 2028 5072; x_wconf 85' lang='lat' dir='ltr'><strong>credi-</strong></span> 
     </span>
    </p>
   </div>
   <div class='ocr_carea' id='block_1_99' title="bbox 450 5101 2024 5187">
    <p class='ocr_par' dir='ltr' id='par_1_99' title="bbox 450 5101 2024 5187">
     <span class='ocr_line' id='line_1_99' title="bbox 450 5101 2024 5187; baseline 0.005 -34"><span class='ocrx_word' id='word_1_781' title='bbox 450 5101 631 5154; x_wconf 86' lang='lat' dir='ltr'><strong>derint</strong></span> <span class='ocrx_word' id='word_1_782' title='bbox 660 5102 779 5167; x_wconf 92' lang='lat' dir='ltr'><strong>tibi,</strong></span> <span class='ocrx_word' id='word_1_783' title='bbox 827 5116 1005 5172; x_wconf 88' lang='lat' dir='ltr'><strong>neque</strong></span> <span class='ocrx_word' id='word_1_784' title='bbox 1042 5104 1390 5160; x_wconf 80' lang='lat' dir='ltr'><strong>exaudierint</strong></span> <span class='ocrx_word' id='word_1_785' title='bbox 1422 5119 1613 5161; x_wconf 88' lang='lat' dir='ltr'><strong>vocem</strong></span> <span class='ocrx_word' id='word_1_786' title='bbox 1647 5106 1811 5175; x_wconf 88' lang='lat' dir='ltr'><strong>primi</strong></span> <span class='ocrx_word' id='word_1_787' title='bbox 1856 5107 2024 5187; x_wconf 71' lang='lat' dir='ltr'><strong>signi,</strong></span> 
     </span>
    </p>
   </div>
   <div class='ocr_carea' id='block_1_100' title="bbox 450 5193 2022 5269">
    <p class='ocr_par' dir='ltr' id='par_1_100' title="bbox 450 5193 2022 5269">
     <span class='ocr_line' id='line_1_100' title="bbox 450 5193 2022 5269; baseline 0.005 -23"><span class='ocrx_word' id='word_1_788' title='bbox 450 5193 674 5248; x_wconf 87' lang='lat' dir='ltr'><strong>credent</strong></span> <span class='ocrx_word' id='word_1_789' title='bbox 700 5203 878 5250; x_wconf 89' lang='lat' dir='ltr'><strong>tamen</strong></span> <span class='ocrx_word' id='word_1_790' title='bbox 911 5195 1031 5252; x_wconf 85' lang='lat' dir='ltr'><strong>voci</strong></span> <span class='ocrx_word' id='word_1_791' title='bbox 1064 5197 1384 5266; x_wconf 77' lang='lat' dir='ltr'><strong>posterioris</strong></span> <span class='ocrx_word' id='word_1_792' title='bbox 1414 5198 1555 5268; x_wconf 72' lang='lat' dir='ltr'><strong>signi</strong></span> <span class='ocrx_word' id='word_1_793' title='bbox 1584 5199 1669 5265; x_wconf 69' lang='grc' dir='ltr'>ης</span> <span class='ocrx_word' id='word_1_794' title='bbox 1702 5218 1723 5253; x_wconf 74' lang='grc' dir='ltr'><strong>ι</strong></span> <span class='ocrx_word' id='word_1_795' title='bbox 1761 5214 1887 5254; x_wconf 90' lang='lat' dir='ltr'><strong>nam</strong></span> <span class='ocrx_word' id='word_1_796' title='bbox 1926 5200 2022 5269; x_wconf 89' lang='lat' dir='ltr'><strong>qui</strong></span> 
     </span>
    </p>
   </div>
   <div class='ocr_carea' id='block_1_101' title="bbox 451 5284 2016 5359">
    <p class='ocr_par' dir='ltr' id='par_1_101' title="bbox 451 5284 2016 5359">
     <span class='ocr_line' id='line_1_101' title="bbox 451 5284 2016 5359; baseline 0.006 -21"><span class='ocrx_word' id='word_1_797' title='bbox 451 5299 559 5339; x_wconf 85' lang='lat' dir='ltr'><strong>non</strong></span> <span class='ocrx_word' id='word_1_798' title='bbox 605 5284 901 5343; x_wconf 89' lang='lat' dir='ltr'><strong>crediderit</strong></span> <span class='ocrx_word' id='word_1_799' title='bbox 949 5289 1388 5359; x_wconf 88' lang='lat' dir='ltr'><strong>interpretationi</strong></span> <span class='ocrx_word' id='word_1_800' title='bbox 1422 5290 1638 5358; x_wconf 66' lang='lat' dir='ltr'><strong>litteraz,</strong></span> <span class='ocrx_word' id='word_1_801' title='bbox 1676 5292 1722 5347; x_wconf 91' lang='lat' dir='ltr'><strong>is</strong></span> <span class='ocrx_word' id='word_1_802' title='bbox 1746 5293 1817 5348; x_wconf 91' lang='lat' dir='ltr'><strong>ob</strong></span> <span class='ocrx_word' id='word_1_803' title='bbox 1851 5293 2016 5347; x_wconf 87' lang='lat' dir='ltr'><strong>animi</strong></span> 
     </span>
    </p>
   </div>
   <div class='ocr_carea' id='block_1_102' title="bbox 525 5425 2080 5503">
    <p class='ocr_par' dir='ltr' id='par_1_102' title="bbox 525 5425 2080 5503">
     <span class='ocr_line' id='line_1_102' title="bbox 525 5425 2080 5503; baseline 0.007 -23"><span class='ocrx_word' id='word_1_804' title='bbox 525 5425 908 5492; x_wconf 73' lang='lat' dir='ltr'><strong>&quot;Joan.t,18.</strong></span> <span class='ocrx_word' id='word_1_805' title='bbox 981 5428 1026 5463; x_wconf 71' lang='grc' dir='ltr'>ιδ</span> <span class='ocrx_word' id='word_1_806' title='bbox 1050 5429 1181 5486; x_wconf 90' lang='lat' dir='ltr'><strong>Luc.</strong></span> <span class='ocrx_word' id='word_1_807' title='bbox 1227 5449 1339 5498; x_wconf 75' lang='lat' dir='ltr'><strong>xw,</strong></span> <span class='ocrx_word' id='word_1_808' title='bbox 1365 5432 1455 5487; x_wconf 70' lang='lat'><strong>22.</strong></span> <span class='ocrx_word' id='word_1_809' title='bbox 1536 5433 1579 5465; x_wconf 78' lang='lat'>”</span> <span class='ocrx_word' id='word_1_810' title='bbox 1619 5433 1791 5492; x_wconf 83' lang='lat' dir='ltr'><strong>Exod.</strong></span> <span class='ocrx_word' id='word_1_811' title='bbox 1827 5450 1899 5503; x_wconf 87' lang='lat' dir='ltr'><strong>tv,</strong></span> <span class='ocrx_word' id='word_1_812' title='bbox 1952 5436 2004 5502; x_wconf 85' lang='lat'><strong>6,</strong></span> <span class='ocrx_word' id='word_1_813' title='bbox 2049 5437 2080 5491; x_wconf 81' lang='grc'>7</span> 
     </span>
    </p>
   </div>
   <div class='ocr_carea' id='block_1_103' title="bbox 523 5539 2020 5619">
    <p class='ocr_par' dir='ltr' id='par_1_103' title="bbox 523 5539 2020 5619">
     <span class='ocr_line' id='line_1_103' title="bbox 523 5539 2020 5619; baseline 0.003 -22"><span class='ocrx_word' id='word_1_814' title='bbox 523 5540 633 5613; x_wconf 88' lang='lat'><strong>(87)</strong></span> <span class='ocrx_word' id='word_1_815' title='bbox 664 5539 810 5596; x_wconf 87' lang='lat' dir='ltr'><strong>Idem</strong></span> <span class='ocrx_word' id='word_1_816' title='bbox 857 5540 1027 5597; x_wconf 81' lang='lat' dir='ltr'><strong>codex</strong></span> <span class='ocrx_word' id='word_1_817' title='bbox 1088 5542 1306 5615; x_wconf 77' lang='lat' dir='ltr'><strong>Regius,</strong></span> <span class='ocrx_word' id='word_1_818' title='bbox 1353 5545 1519 5612; x_wconf 81' lang='grc' dir='ltr'>ἀξίως</span> <span class='ocrx_word' id='word_1_819' title='bbox 1563 5547 1731 5619; x_wconf 81' lang='grc' dir='ltr'>τιμῆς</span> <span class='ocrx_word' id='word_1_820' title='bbox 1770 5542 1839 5619; x_wconf 76' lang='grc' dir='ltr'>ἧς</span> <span class='ocrx_word' id='word_1_821' title='bbox 1888 5550 2020 5619; x_wconf 83' lang='grc' dir='ltr'>πρέ-</span> 
     </span>
    </p>
   </div>
   <div class='ocr_carea' id='block_1_104' title="bbox 451 5630 2022 5761">
    <p class='ocr_par' dir='ltr' id='par_1_104' title="bbox 451 5630 2022 5761">
     <span class='ocr_line' id='line_1_104' title="bbox 451 5630 560 5666; baseline -0.009 0"><span class='ocrx_word' id='word_1_822' title='bbox 451 5630 560 5666; x_wconf 84' lang='grc' dir='ltr'>πει.</span> 
     </span>
     <span class='ocr_line' id='line_1_105' title="bbox 452 5680 2022 5761; baseline 0.005 -25"><span class='ocrx_word' id='word_1_823' title='bbox 452 5754 466 5761; x_wconf 83' lang='lat'>_</span> <span class='ocrx_word' id='word_1_824' title='bbox 520 5680 642 5761; x_wconf 41' lang='lat'><strong>(881</strong></span> <span class='ocrx_word' id='word_1_825' title='bbox 659 5680 854 5761; x_wconf 59' lang='grc' dir='ltr'><strong>(ρῖοςιιξχ⁵</strong></span> <span class='ocrx_word' id='word_1_826' title='bbox 892 5682 1111 5761; x_wconf 67' lang='lat' dir='ltr'><strong>Regius,</strong></span> <span class='ocrx_word' id='word_1_827' title='bbox 1162 5686 1477 5757; x_wconf 78' lang='grc' dir='ltr'>νοήσωμεν·</span> <span class='ocrx_word' id='word_1_828' title='bbox 1535 5689 1673 5761; x_wconf 82' lang='grc' dir='ltr'>ὅπερ</span> <span class='ocrx_word' id='word_1_829' title='bbox 1717 5688 1812 5743; x_wconf 83' lang='grc' dir='ltr'>ἐὰν</span> <span class='ocrx_word' id='word_1_830' title='bbox 1851 5688 2022 5754; x_wconf 77' lang='grc' dir='ltr'>οὕτως</span> 
     </span>
    </p>
   </div>
   <div class='ocr_carea' id='block_1_105' title="bbox 449 5752 1220 5824">
    <p class='ocr_par' dir='ltr' id='par_1_105' title="bbox 449 5752 1220 5824">
     <span class='ocr_line' id='line_1_106' title="bbox 449 5752 1220 5824; baseline 0 -18"><span class='ocrx_word' id='word_1_831' title='bbox 449 5752 708 5824; x_wconf 59' lang='grc' dir='ltr'>ἐσόμεθα,</span> <span class='ocrx_word' id='word_1_832' title='bbox 731 5752 970 5824; x_wconf 74' lang='grc' dir='ltr'>ἀπολογη</span> <span class='ocrx_word' id='word_1_833' title='bbox 978 5753 1220 5824; x_wconf 85' lang='grc' dir='ltr'>σάμενοι.</span> 
     </span>
    </p>
   </div>
   <div class='ocr_carea' id='block_1_106' title="bbox 521 5822 1422 5898">
    <p class='ocr_par' dir='ltr' id='par_1_106' title="bbox 521 5822 1422 5898">
     <span class='ocr_line' id='line_1_107' title="bbox 521 5822 1422 5898; baseline 0.004 -20"><span class='ocrx_word' id='word_1_834' title='bbox 521 5822 635 5892; x_wconf 73' lang='lat'><strong>(30)</strong></span> <span class='ocrx_word' id='word_1_835' title='bbox 671 5822 850 5878; x_wconf 65' lang='lat' dir='ltr'><strong>Codex</strong></span> <span class='ocrx_word' id='word_1_836' title='bbox 878 5822 1100 5894; x_wconf 64' lang='lat' dir='ltr'><strong>Regius,</strong></span> <span class='ocrx_word' id='word_1_837' title='bbox 1124 5824 1422 5898; x_wconf 85' lang='grc' dir='ltr'>λεπρωσία.</span> 
     </span>
    </p>
   </div>
   <div class='ocr_carea' id='block_1_107' title="bbox 2086 4647 3692 4726">
    <p class='ocr_par' dir='ltr' id='par_1_107' title="bbox 2086 4647 3692 4726">
     <span class='ocr_line' id='line_1_108' title="bbox 2086 4647 3692 4726; baseline -0.007 -15"><span class='ocrx_word' id='word_1_838' title='bbox 2086 4692 2089 4697; x_wconf 82' lang='grc'><strong>-</strong></span> <span class='ocrx_word' id='word_1_839' title='bbox 2134 4672 2300 4726; x_wconf 90' lang='grc' dir='ltr'>σομεν</span> <span class='ocrx_word' id='word_1_840' title='bbox 2333 4654 2464 4726; x_wconf 87' lang='grc'>(90),</span> <span class='ocrx_word' id='word_1_841' title='bbox 2504 4655 2586 4708; x_wconf 83' lang='grc' dir='ltr'><strong>ὅτι</strong></span> <span class='ocrx_word' id='word_1_842' title='bbox 2625 4656 2659 4725; x_wconf 81' lang='grc' dir='ltr'><strong>ἡ</strong></span> <span class='ocrx_word' id='word_1_843' title='bbox 2700 4656 2822 4726; x_wconf 74' lang='grc' dir='ltr'>χεὶρ</span> <span class='ocrx_word' id='word_1_844' title='bbox 2852 4652 3104 4726; x_wconf 80' lang='grc' dir='ltr'>πράξεων</span> <span class='ocrx_word' id='word_1_845' title='bbox 3129 4650 3401 4723; x_wconf 85' lang='grc' dir='ltr'>πολλαχοῦ</span> <span class='ocrx_word' id='word_1_846' title='bbox 3447 4647 3692 4722; x_wconf 69' lang='grc' dir='ltr'>σύμϐολόν</span> 
     </span>
    </p>
   </div>
   <div class='ocr_carea' id='block_1_108' title="bbox 2132 4737 3691 4813">
    <p class='ocr_par' dir='ltr' id='par_1_108' title="bbox 2132 4737 3691 4813">
     <span class='ocr_line' id='line_1_109' title="bbox 2132 4737 3691 4813; baseline -0.003 -16"><span class='ocrx_word' id='word_1_847' title='bbox 2132 4746 2277 4798; x_wconf 83' lang='grc' dir='ltr'>ἐστιν</span> <span class='ocrx_word' id='word_1_848' title='bbox 2298 4762 2311 4775; x_wconf 76' lang='grc' dir='ltr'><strong>ο</strong></span> <span class='ocrx_word' id='word_1_849' title='bbox 2347 4747 2376 4798; x_wconf 91' lang='grc' dir='ltr'><strong>ό</strong></span> <span class='ocrx_word' id='word_1_850' title='bbox 2404 4744 2460 4799; x_wconf 83' lang='grc' dir='ltr'>δὲ</span> <span class='ocrx_word' id='word_1_851' title='bbox 2494 4744 2691 4806; x_wconf 85' lang='grc' dir='ltr'>κόλπος</span> <span class='ocrx_word' id='word_1_852' title='bbox 2729 4744 3005 4807; x_wconf 82' lang='grc' dir='ltr'>Μωῦσέως</span> <span class='ocrx_word' id='word_1_853' title='bbox 3033 4743 3128 4797; x_wconf 76' lang='grc' dir='ltr'>δύο</span> <span class='ocrx_word' id='word_1_854' title='bbox 3158 4742 3418 4810; x_wconf 80' lang='grc' dir='ltr'>δυνάμεις</span> <span class='ocrx_word' id='word_1_855' title='bbox 3448 4740 3580 4813; x_wconf 68' lang='grc' dir='ltr'>ἔχει,</span> <span class='ocrx_word' id='word_1_856' title='bbox 3610 4737 3691 4806; x_wconf 70' lang='grc' dir='ltr'>τὴν</span> 
     </span>
    </p>
   </div>
   <div class='ocr_carea' id='block_1_109' title="bbox 2138 4831 3692 4909">
    <p class='ocr_par' dir='ltr' id='par_1_109' title="bbox 2138 4831 3692 4909">
     <span class='ocr_line' id='line_1_110' title="bbox 2138 4831 3692 4909; baseline 0.004 -19"><span class='ocrx_word' id='word_1_857' title='bbox 2138 4837 2236 4909; x_wconf 82' lang='grc' dir='ltr'>μὲν</span> <span class='ocrx_word' id='word_1_858' title='bbox 2290 4837 2561 4909; x_wconf 86' lang='grc' dir='ltr'>προτέραν</span> <span class='ocrx_word' id='word_1_859' title='bbox 2613 4836 2709 4890; x_wconf 81' lang='grc' dir='ltr'>καὶ</span> <span class='ocrx_word' id='word_1_860' title='bbox 2743 4835 2884 4889; x_wconf 86' lang='grc' dir='ltr'><strong>κατά</strong></span> <span class='ocrx_word' id='word_1_861' title='bbox 2931 4835 3002 4888; x_wconf 80' lang='grc' dir='ltr'><strong>τά</strong></span> <span class='ocrx_word' id='word_1_862' title='bbox 3054 4834 3148 4888; x_wconf 86' lang='grc' dir='ltr'><strong>τοῦ</strong></span> <span class='ocrx_word' id='word_1_863' title='bbox 3207 4834 3541 4905; x_wconf 78' lang='grc' dir='ltr'>γράμματος</span> <span class='ocrx_word' id='word_1_864' title='bbox 3588 4831 3692 4897; x_wconf 58' lang='grc' dir='ltr'><strong>’⁸οῆ</strong></span> 
     </span>
    </p>
   </div>
   <div class='ocr_carea' id='block_1_110' title="bbox 2138 4918 3690 4998">
    <p class='ocr_par' dir='ltr' id='par_1_110' title="bbox 2138 4918 3690 4998">
     <span class='ocr_line' id='line_1_111' title="bbox 2138 4918 3690 4998; baseline -0.009 -16"><span class='ocrx_word' id='word_1_865' title='bbox 2138 4945 2284 4998; x_wconf 85' lang='grc' dir='ltr'>ματα</span> <span class='ocrx_word' id='word_1_866' title='bbox 2338 4927 2598 4982; x_wconf 80' lang='grc' dir='ltr'>ποιοῦσαν</span> <span class='ocrx_word' id='word_1_867' title='bbox 2657 4925 2755 4997; x_wconf 83' lang='grc' dir='ltr'>τὴν</span> <span class='ocrx_word' id='word_1_868' title='bbox 2820 4927 3021 4998; x_wconf 82' lang='grc' dir='ltr'>πρᾶξιν</span> <span class='ocrx_word' id='word_1_869' title='bbox 3058 4923 3151 4978; x_wconf 86' lang='grc' dir='ltr'><strong>τοῦ</strong></span> <span class='ocrx_word' id='word_1_870' title='bbox 3192 4924 3525 4995; x_wconf 73' lang='grc' dir='ltr'>πράττοντος</span> <span class='ocrx_word' id='word_1_871' title='bbox 3577 4918 3690 4971; x_wconf 73' lang='grc' dir='ltr'>ὡσεὶ</span> 
     </span>
    </p>
   </div>
   <div class='ocr_carea' id='block_1_111' title="bbox 2134 5006 3690 5089">
    <p class='ocr_par' dir='ltr' id='par_1_111' title="bbox 2134 5006 3690 5089">
     <span class='ocr_line' id='line_1_112' title="bbox 2134 5006 3690 5089; baseline -0.006 -18"><span class='ocrx_word' id='word_1_872' title='bbox 2134 5019 2266 5089; x_wconf 85' lang='grc' dir='ltr'>χιὼν</span> <span class='ocrx_word' id='word_1_873' title='bbox 2290 5056 2306 5083; x_wconf 91' lang='grc'><strong>,</strong></span> <span class='ocrx_word' id='word_1_874' title='bbox 2357 5019 2480 5071; x_wconf 82' lang='grc' dir='ltr'>ὅσον</span> <span class='ocrx_word' id='word_1_875' title='bbox 2535 5017 2628 5070; x_wconf 75' lang='grc' dir='ltr'>ἐπὶ</span> <span class='ocrx_word' id='word_1_876' title='bbox 2659 5020 2726 5088; x_wconf 79' lang='grc' dir='ltr'>τῇ</span> <span class='ocrx_word' id='word_1_877' title='bbox 2766 5016 3035 5088; x_wconf 77' lang='grc' dir='ltr'>Ἑϐραίων</span> <span class='ocrx_word' id='word_1_878' title='bbox 3066 5018 3217 5086; x_wconf 77' lang='grc' dir='ltr'>φωνῇ</span> <span class='ocrx_word' id='word_1_879' title='bbox 3236 5053 3252 5077; x_wconf 87' lang='grc'><strong>,</strong></span> <span class='ocrx_word' id='word_1_880' title='bbox 3280 5015 3314 5085; x_wconf 79' lang='grc' dir='ltr'>ἢ</span> <span class='ocrx_word' id='word_1_881' title='bbox 3348 5013 3445 5067; x_wconf 77' lang='grc' dir='ltr'>καὶ</span> <span class='ocrx_word' id='word_1_882' title='bbox 3498 5006 3690 5080; x_wconf 81' lang='grc' dir='ltr'>λεπρῶ-</span> 
     </span>
    </p>
   </div>
   <div class='ocr_carea' id='block_1_112' title="bbox 2135 5099 3688 5180">
    <p class='ocr_par' dir='ltr' id='par_1_112' title="bbox 2135 5099 3688 5180">
     <span class='ocr_line' id='line_1_113' title="bbox 2135 5099 3688 5180; baseline -0.009 -17"><span class='ocrx_word' id='word_1_883' title='bbox 2135 5127 2233 5165; x_wconf 88' lang='grc' dir='ltr'><strong>σαν</strong></span> <span class='ocrx_word' id='word_1_884' title='bbox 2251 5126 2266 5140; x_wconf 76' lang='grc' dir='ltr'><strong>ο</strong></span> <span class='ocrx_word' id='word_1_885' title='bbox 2301 5109 2400 5180; x_wconf 81' lang='grc' dir='ltr'><strong>τὴν</strong></span> <span class='ocrx_word' id='word_1_886' title='bbox 2433 5108 2691 5179; x_wconf 82' lang='grc' dir='ltr'>δευτέραν</span> <span class='ocrx_word' id='word_1_887' title='bbox 2720 5107 2814 5161; x_wconf 80' lang='grc' dir='ltr'>καὶ</span> <span class='ocrx_word' id='word_1_888' title='bbox 2846 5106 2990 5160; x_wconf 84' lang='grc' dir='ltr'><strong>κατά</strong></span> <span class='ocrx_word' id='word_1_889' title='bbox 3018 5105 3110 5158; x_wconf 79' lang='grc' dir='ltr'><strong>τὸν</strong></span> <span class='ocrx_word' id='word_1_890' title='bbox 3138 5103 3509 5174; x_wconf 79' lang='grc' dir='ltr'>πνευματικὸν</span> <span class='ocrx_word' id='word_1_891' title='bbox 3545 5099 3688 5169; x_wconf 83' lang='grc' dir='ltr'>νόμον</span> 
     </span>
    </p>
   </div>
   <div class='ocr_carea' id='block_1_113' title="bbox 2127 5188 3687 5272">
    <p class='ocr_par' dir='ltr' id='par_1_113' title="bbox 2127 5188 3687 5272">
     <span class='ocr_line' id='line_1_114' title="bbox 2127 5188 3687 5272; baseline -0.008 -16"><span class='ocrx_word' id='word_1_892' title='bbox 2127 5201 2394 5272; x_wconf 77' lang='grc' dir='ltr'>καθαρὰν,</span> <span class='ocrx_word' id='word_1_893' title='bbox 2425 5198 2821 5253; x_wconf 86' lang='grc' dir='ltr'>ἀποδεικνῦσαν</span> <span class='ocrx_word' id='word_1_894' title='bbox 2867 5196 2965 5268; x_wconf 81' lang='grc' dir='ltr'><strong>τὴν</strong></span> <span class='ocrx_word' id='word_1_895' title='bbox 2995 5194 3303 5259; x_wconf 82' lang='grc' dir='ltr'>πολιτείαν,</span> <span class='ocrx_word' id='word_1_896' title='bbox 3338 5193 3431 5247; x_wconf 78' lang='grc' dir='ltr'><strong>καὶ</strong></span> <span class='ocrx_word' id='word_1_897' title='bbox 3465 5188 3687 5247; x_wconf 70' lang='grc' dir='ltr'>ἀποκαθ-</span> 
     </span>
    </p>
   </div>
   <div class='ocr_carea' id='block_1_114' title="bbox 2129 5281 3689 5361">
    <p class='ocr_par' dir='ltr' id='par_1_114' title="bbox 2129 5281 3689 5361">
     <span class='ocr_line' id='line_1_115' title="bbox 2129 5281 3689 5361; baseline -0.008 -16"><span class='ocrx_word' id='word_1_898' title='bbox 2129 5290 2480 5361; x_wconf 82' lang='grc' dir='ltr'>ιστανομένην</span> <span class='ocrx_word' id='word_1_899' title='bbox 2537 5292 2617 5353; x_wconf 73' lang='grc' dir='ltr'><strong>εἰς</strong></span> <span class='ocrx_word' id='word_1_900' title='bbox 2664 5290 2724 5343; x_wconf 89' lang='lat'><strong>:0</strong></span> <span class='ocrx_word' id='word_1_901' title='bbox 2770 5288 3018 5359; x_wconf 82' lang='grc' dir='ltr'>βούλημα</span> <span class='ocrx_word' id='word_1_902' title='bbox 3081 5287 3182 5358; x_wconf 81' lang='grc' dir='ltr'>τῆς</span> <span class='ocrx_word' id='word_1_903' title='bbox 3213 5285 3431 5355; x_wconf 77' lang='grc' dir='ltr'>φύσεως</span> <span class='ocrx_word' id='word_1_904' title='bbox 3477 5282 3568 5337; x_wconf 84' lang='grc' dir='ltr'><strong>τοῦ</strong></span> <span class='ocrx_word' id='word_1_905' title='bbox 3615 5281 3689 5333; x_wconf 83' lang='grc' dir='ltr'>λό-</span> 
     </span>
    </p>
   </div>
   <div class='ocr_carea' id='block_1_115' title="bbox 2183 5434 2468 5491">
    <p class='ocr_par' dir='ltr' id='par_1_115' title="bbox 2183 5434 2468 5491">
     <span class='ocr_line' id='line_1_116' title="bbox 2183 5434 2468 5491; baseline -0.011 0"><span class='ocrx_word' id='word_1_906' title='bbox 2183 5438 2225 5469; x_wconf 86' lang='grc'><strong>¹⁶</strong></span> <span class='ocrx_word' id='word_1_907' title='bbox 2263 5436 2391 5491; x_wconf 84' lang='lat' dir='ltr'><strong>ibid.</strong></span> <span class='ocrx_word' id='word_1_908' title='bbox 2415 5434 2468 5489; x_wconf 91' lang='lat'><strong>8.</strong></span> 
     </span>
    </p>
   </div>
   <div class='ocr_carea' id='block_1_116' title="bbox 2199 5533 3685 5617">
    <p class='ocr_par' dir='ltr' id='par_1_116' title="bbox 2199 5533 3685 5617">
     <span class='ocr_line' id='line_1_117' title="bbox 2199 5533 3685 5617; baseline -0.013 -12"><span class='ocrx_word' id='word_1_909' title='bbox 2199 5549 2309 5617; x_wconf 88' lang='lat'><strong>(90)</strong></span> <span class='ocrx_word' id='word_1_910' title='bbox 2332 5547 2442 5603; x_wconf 84' lang='grc' dir='ltr'><strong>Καὶ</strong></span> <span class='ocrx_word' id='word_1_911' title='bbox 2481 5545 2630 5615; x_wconf 81' lang='grc' dir='ltr'>ὑπὲρ</span> <span class='ocrx_word' id='word_1_912' title='bbox 2665 5542 2821 5617; x_wconf 73' lang='grc' dir='ltr'>ἡμᾶς</span> <span class='ocrx_word' id='word_1_913' title='bbox 2863 5546 3027 5617; x_wconf 62' lang='grc' dir='ltr'>τίνος</span> <span class='ocrx_word' id='word_1_914' title='bbox 3056 5545 3142 5609; x_wconf 81' lang='grc' dir='ltr'>εὶς</span> <span class='ocrx_word' id='word_1_915' title='bbox 3168 5542 3371 5617; x_wconf 61' lang='grc' dir='ltr'>κρίσιν</span> <span class='ocrx_word' id='word_1_916' title='bbox 3410 5533 3685 5617; x_wconf 65' lang='grc' dir='ltr'>παραδοῦ-</span> 
     </span>
    </p>
   </div>
   <div class='ocr_carea' id='block_1_117' title="bbox 2130 5613 3682 5686">
    <p class='ocr_par' dir='ltr' id='par_1_117' title="bbox 2130 5613 3682 5686">
     <span class='ocr_line' id='line_1_118' title="bbox 2130 5613 3682 5686; baseline -0.014 -12"><span class='ocrx_word' id='word_1_917' title='bbox 2130 5613 2227 5674; x_wconf 76' lang='grc' dir='ltr'>ναι</span> <span class='ocrx_word' id='word_1_918' title='bbox 2279 5613 2359 5685; x_wconf 67' lang='grc' dir='ltr'>τῷ</span> <span class='ocrx_word' id='word_1_919' title='bbox 2399 5613 2811 5685; x_wconf 70' lang='grc' dir='ltr'>ὲντευξομένῳ</span> <span class='ocrx_word' id='word_1_920' title='bbox 2836 5615 3135 5684; x_wconf 71' lang='grc' dir='ltr'>φήσομεν.</span> <span class='ocrx_word' id='word_1_921' title='bbox 3165 5613 3257 5666; x_wconf 89' lang='lat' dir='ltr'><strong>Sic</strong></span> <span class='ocrx_word' id='word_1_922' title='bbox 3309 5613 3449 5666; x_wconf 88' lang='lat' dir='ltr'><strong>hunc</strong></span> <span class='ocrx_word' id='word_1_923' title='bbox 3498 5613 3682 5686; x_wconf 63' lang='lat' dir='ltr'><strong>locum,</strong></span> 
     </span>
    </p>
   </div>
   <div class='ocr_carea' id='block_1_118' title="bbox 2132 5686 3684 5758">
    <p class='ocr_par' dir='ltr' id='par_1_118' title="bbox 2132 5686 3684 5758">
     <span class='ocr_line' id='line_1_119' title="bbox 2132 5686 3684 5758; baseline -0.01 -17"><span class='ocrx_word' id='word_1_924' title='bbox 2132 5692 2221 5758; x_wconf 85' lang='lat' dir='ltr'><strong>qui</strong></span> <span class='ocrx_word' id='word_1_925' title='bbox 2282 5690 2332 5742; x_wconf 91' lang='lat' dir='ltr'><strong>in</strong></span> <span class='ocrx_word' id='word_1_926' title='bbox 2387 5689 2574 5743; x_wconf 90' lang='lat' dir='ltr'><strong>codice</strong></span> <span class='ocrx_word' id='word_1_927' title='bbox 2611 5686 2798 5758; x_wconf 29' lang='lat' dir='ltr'><strong>mltegin</strong></span> <span class='ocrx_word' id='word_1_928' title='bbox 2839 5686 3060 5740; x_wconf 84' lang='lat' dir='ltr'><strong>omnino</strong></span> <span class='ocrx_word' id='word_1_929' title='bbox 3091 5698 3319 5739; x_wconf 86' lang='lat' dir='ltr'><strong>mancus</strong></span> <span class='ocrx_word' id='word_1_930' title='bbox 3351 5689 3453 5746; x_wconf 87' lang='lat' dir='ltr'><strong>est,</strong></span> <span class='ocrx_word' id='word_1_931' title='bbox 3484 5686 3684 5732; x_wconf 74' lang='lat' dir='ltr'><strong>sanitati</strong></span> 
     </span>
    </p>
   </div>
   <div class='ocr_carea' id='block_1_119' title="bbox 2138 5755 2959 5815">
    <p class='ocr_par' dir='ltr' id='par_1_119' title="bbox 2138 5755 2959 5815">
     <span class='ocr_line' id='line_1_120' title="bbox 2138 5755 2959 5815; baseline -0.005 -1"><span class='ocrx_word' id='word_1_932' title='bbox 2138 5755 2373 5815; x_wconf 70' lang='lat' dir='ltr'><strong>restituit</strong></span> <span class='ocrx_word' id='word_1_933' title='bbox 2404 5758 2577 5814; x_wconf 78' lang='lat' dir='ltr'><strong>codex</strong></span> <span class='ocrx_word' id='word_1_934' title='bbox 2607 5755 2959 5812; x_wconf 75' lang='lat' dir='ltr'><strong>Bodleiauus.</strong></span> 
     </span>
    </p>
   </div>
  </div>
