3754 6544
85 386 180 440 801
1113 387 1471 447 COMMENT.
1517 389 1582 446 IN
1621 388 1815 449 JOAN.
1857 389 2098 449 'I'OMUS
2136 390 2354 447 XXXII.

3237 392 3347 446 802

84 522 197 573 γου.
219 504 324 558 Καὶ
350 504 509 578 τήρει
539 523 625 576 γε,
657 507 739 561 ὅτι
762 507 1080 581 ἐπιφέρεται
1108 510 1321 575 τούτοις
1347 513 1427 565 τό·
1471 531 1490 563 ι
1528 513 1566 565 Ἰ

1855 515 2129 569 ξειειιιιίοπι
2195 513 2384 568 credet
2442 509 2713 579 spirituali
2774 507 2911 578 legis
2980 507 3337 561 enat-rationi.

87 597 158 667 μὴ
179 597 513 652 πιστεύσωσί
544 617 648 666 σοι,
679 601 812 672 μηδὲ
836 603 1196 658 εἰσακούσωσι
1229 606 1327 677 τῆς
1350 605 1533 677 φωνῆς
1564 605 1658 659 τοῦ

87 687 305 758 σημείου
333 688 430 741 τοῦ
469 688 706 762 πρώτου,
735 692 1087 747 πιστεύσουσί
1114 712 1194 749 σοι
1229 697 1326 768 τῆς
1356 697 1542 767 φωνῆς
1563 697 1658 751 τοῦ

87 780 308 850 σημείου
338 779 435 833 τοῦ
464 780 738 855 δευτέρου·
771 803 789 836 ι
821 787 851 838 6
881 785 990 858 γάρ
1024 786 1100 859 μὴ
1139 788 1435 853 πιστεύσας
1462 792 1528 861 τῇ
1565 792 1659 844 έκ-

83 871 203 941 δοχῇ
233 869 324 924 τοῦ
360 872 711 944 γράμματος,
750 874 839 929 διά
870 877 1224 946 μεγαλόνοιαν
1258 879 1538 933 πιστεύσει
1590 883 1657 954 τῇ

84 969 423 1039 πνευματικῇ
476 966 570 1020 τοῦ
627 968 794 1039 νόμου
848 968 1117 1042 διηγήσει.
1167 971 1293 1025 Ἐάν
1335 972 1391 1026 δέ
1451 991 1536 1038 τις
1583 974 1659 1047 μὴ

84 1058 340 1129 πιστεύσῃ
386 1061 498 1122 τοῖς
534 1058 654 1112 δυσὶ
704 1060 947 1130 σημείοις
994 1062 1237 1128 τούτοις,
1265 1062 1343 1135 τῷ
1383 1064 1481 1137 μὲν
1528 1082 1661 1138 προ-

82 1149 238 1218 τέρῳ,
280 1149 362 1203 ὅτι
395 1149 602 1222 λεπράν
633 1153 778 1205 ποιεῖ
804 1151 904 1224 τὴν
937 1153 1159 1225 πρᾶξιν,
1189 1154 1268 1226 τῷ
1299 1156 1356 1209 δὲ
1383 1157 1621 1229 δευτέρῳ
1641 1198 1656 1223 ,

82 1243 157 1293 ὅτι
187 1241 621 1315 ἀποκαθίστησιν
642 1244 809 1316 αὐτὴν
843 1247 923 1310 είς
954 1246 1016 1300 τὸ
1043 1247 1183 1301 κατὰ
1211 1248 1393 1317 φύσιν,
1426 1250 1486 1303 τὺ
1515 1250 1658 1323 ὕδωρ

81 1330 247 1403 τούτῳ
292 1327 436 1404 αἷμα
484 1334 727 1401 γίνεται’
761 1336 1070 1408 γέγραπται
1105 1339 1244 1411 γάρ·
1289 1360 1308 1392 ι
1351 1342 1461 1395 Καὶ
1506 1342 1658 1396 έσται

83 1423 168 1475 ἐὰν
199 1423 275 1495 μὴ
306 1424 640 1479 πιστεύσωσί
698 1443 782 1480 σοι
811 1430 924 1490 τοῖς
959 1428 1079 1482 δυσ)⁵
1111 1433 1357 1502 σημείοις
1402 1433 1611 1498 τούτοις
1641 1476 1656 1501 ,

85 1516 209 1585 μηδὲ
266 1517 631 1572 είσακούσωσι
679 1521 777 1591 τῆς
825 1520 1010 1591 φωνῆς
1060 1539 1177 1588 σου,
1228 1524 1387 1596 λήψει
1421 1527 1530 1580 ἀπὸ
1564 1526 1658 1580 τοῦ

84 1607 264 1672 ὓδατος
306 1608 404 1661 τοῦ
455 1610 731 1682 ποταμοῦ,
764 1616 858 1667 καί⁹
906 1616 1085 1685 ὲκχεῖς
1127 1615 1220 1669 ἐπὶ
1255 1616 1318 1670 τὸ
1348 1616 1531 1689 ξηρόν*
1566 1619 1658 1671 καὶ

83 1700 222 1756 ἔσται
255 1702 317 1757 τὸ
347 1701 495 1775 ὕδωρ
536 1704 573 1757 6
606 1705 700 1759 ἐὰν
751 1705 922 1779 λάϐῃς
956 1708 1063 1762 ἀπὸ
1102 1707 1196 1763 τοῦ
1241 1710 1488 1782 ποταμοῦ
1518 1705 1658 1781 αἷμα

84 1796 167 1847 ἐπὶ
184 1793 280 1847 τοῦ
309 1794 501 1866 ξηροῦ.
539 1814 557 1847 ι
583 1797 693 1850 Καὶ
738 1797 973 1868 πρόσχες
998 1799 1053 1851 δὲ
1072 1840 1086 1866 ,
1115 1800 1196 1852 ὅτι
1220 1800 1312 1852 ἐπὶ
1343 1800 1532 1853 τούτου
1562 1802 1656 1855 τοῦ

86 1888 303 1958 σημείου
361 1888 462 1940 ούκ
506 1887 585 1942 έτι
632 1888 851 1958 λέγεται
893 1891 972 1954 τὸ,
1007 1891 1061 1963 ἢ,
1094 1891 1432 1945 Πιστεύσωσί
1466 1910 1569 1956 σοι,
1596 1893 1652 1965 ἤ,
1690 1872 1731 1926 Β

84 1981 151 2033 Ού
204 1980 576 2035 πιστεύσωσν
608 1980 862 2052 δηλοῦται
909 1983 1038 2054 γὰρ,
1074 1984 1154 2036 ὅτι
1190 1983 1268 2065 τῷ
1302 1984 1377 2055 μὴ
1430 1985 1653 2038 πιστεύ-

87 2088 226 2124 σαντι
253 2074 370 2135 τοῖς
407 2071 527 2126 δυσὶ
577 2073 824 2144 σημείοις
875 2072 939 2126 τδ
977 2072 1388 2145 λαμϐανόμενον
1414 2076 1523 2129 ἀπὸ
1558 2074 1654 2129 τοῦ

86 2166 320 2237 ποταμοῦ
361 2166 506 2239 ὓδωρ
536 2162 673 2239 αἷμα
708 2169 954 2237 γίνεται,
1004 2169 1072 2222 δι’
1115 2170 1369 2224 ἀπιστίαν
1424 2172 1653 2243 ποτίμου

85 2258 368 2313 ἀπολαύειν
407 2260 468 2312 ού
497 2259 777 2332 δυναμένῳ
815 2259 995 2329 λόγου.
1024 2260 1186 2315 ’Λλλά
1212 2261 1321 2335 γάρ
1346 2262 1655 2316 ἐπανέλθω-

89 2369 194 2421 μεν,
228 2352 452 2405 πλείονα
506 2351 600 2406 τοῦ
637 2352 846 2417 δέοντος
877 2353 966 2406 διά
992 2353 1083 2408 τὸν
1113 2354 1311 2408 κόλπον
1341 2355 1435 2409 τοῦ
1476 2354 1653 2426 Ἰησοῦ

86 2445 483 2516 παραλαϐόντες
508 2448 587 2509 είς
612 2446 701 2499 τὸν
727 2446 891 2500 τόπον
919 2447 1012 2499 ἐπὶ
1056 2448 1117 2501 τὸ
1151 2450 1529 2521 προκείμενον,
1558 2450 1654 2504 καὶ

89 2537 360 2606 μαθόντες,
403 2539 487 2591 δτι
525 2537 585 2591 δν
636 2539 826 2608 ἠγάπα
850 2542 879 2593 6
916 2539 1145 2610 Ἰησοῦς,
1186 2536 1255 2612 ῆν
1294 2542 1655 2614 ἀνακείμενος

88 2630 135 2681 ἐν
163 2629 237 2701 τῷ
270 2629 462 2703 κόλπῳ
500 2632 593 2685 τοῦ
654 2632 860 2703 Ἰησοῦ,
908 2632 1085 2687 πάντα
1140 2633 1467 2705 πράττωμεν
1518 2635 1656 2707 πρὸς

84 2721 136 2773 τὸ
160 2721 483 2795 ὲγκριθῆναι
516 2725 582 2794 τῇ
618 2721 883 2795 ἐξαιρέτῳ
911 2722 1074 2778 αὐτοῦ
1105 2725 1327 2797 ἀγάπῃο
1363 2726 1505 2779 οὕτω
1544 2726 1654 2800 γάρ

87 2814 168 2867 καὶ
193 2815 348 2867 αὐτοὶ
382 2814 784 2886 ἀνακεισόμεθα
836 2816 895 2869 ὲν
949 2815 1027 2886 τῷ
1070 2815 1257 2888 κόλπῳ
1309 2816 1403 2869 τοῦ
1450 2817 1650 2888 Ἰησοῦ.

88 2902 231 2955 Νεύει
260 2902 320 2956 δὲ
347 2902 426 2974 τῷ
448 2904 797 2976 ἀγαπωμένῳ
822 2904 1037 2977 μαθητῇ
1082 2906 1265 2977 Σίμων
1300 2906 1525 2978 Πέτρος,
1560 2908 1654 2961 καὶ

89 2997 152 3066 μῆ
199 2996 542 3069 ἀρκούμενος
591 2997 669 3070 τῷ
708 2998 937 3070 νεύματί
977 3016 1109 3072 φησι
1130 2998 1308 3071 αὐτῷ·
1338 3018 1356 3051 ι
1387 3001 1524 3055 Εἰπὲ
1569 3003 1655 3067 τίς

86 3088 186 3139 ἐστι
237 3088 372 3158 περὶ
426 3083 488 3143 οὖ
543 3088 712 3158 λέγει.
756 3109 775 3141 ι
828 3089 981 3142 Ἐπεὶ
1009 3084 1102 3142 οὖν
1126 3090 1185 3143 τὸ
1221 3092 1422 3145 νεύειν
1450 3094 1508 3147 ὲν
1534 3095 1654 3158 ταῖς

88 3179 512 3271 Παροιμίαιςῗείς
551 3179 802 3271 διαϐολὴν
833 3180 1185 3252 λαμϐάνεται·
1226 3183 1255 3235 6
1291 3183 1401 3255 γὰρ
1446 3183 1651 3254 φαῦλος
1678 3211 1722 3271 c

91 3286 105 3318 t
133 3269 329 3323 ἐννεύει
364 3270 462 3340 μὲν
501 3270 765 3342 ὀφθαλμῷ
790 3314 804 3338 ,
855 3272 1109 3343 σημαίνει
1139 3273 1197 3326 δὲ
1230 3274 1381 3337 ποδὶ,
1411 3274 1651 3330 διδάσκει

86 3362 131 3413 δὲ
185 3362 418 3434 νεύμασι
475 3362 793 3431 δακτύλων,
850 3367 944 3419 καλ⁵
995 3364 1404 3441 διεστραμμένη
1457 3368 1654 3442 καρδίᾳ

86 3452 413 3507 τεκταίνεται
469 3451 579 3524 (91)
619 3456 798 3509 κακά’
840 3474 860 3507 ι
893 3454 1005 3509 καί·
1050 3474 1068 3506 ι
1111 3456 1169 3509 Ὀ
1199 3457 1430 3510 ὲννεύων
1456 3457 1655 3527 ὀφθαλ-

90 3548 193 3614 μοῖς
223 3545 369 3616 μετά
407 3545 561 3599 δόλου
606 3548 829 3618 συνάγει
855 3549 1080 3621 ἀνδράσι
1107 3549 1306 3614 λύπας·
1342 3570 1360 3601 ι
1396 3551 1649 3616 λεκτέον,

86 3635 152 3687 ὁτι
171 3637 373 3706 φαῦλον
402 3637 465 3691 οὗ
496 3637 559 3692 τὸ
586 3638 760 3693 νεύειν
790 3641 954 3703 ἐστὶν,
985 3640 1119 3695 ἀλλά
1152 3641 1214 3694 τὸ
1252 3641 1427 3694 νεύειν
1452 3642 1653 3712 ὀφθαλ-

91 3730 196 3800 μῷ,
226 3732 482 3785 τουτέστι
508 3771 525 3797 ,
566 3731 884 3800 πλαγιάζειν
937 3732 1027 3784 τὸν
1077 3732 1390 3804 ὀφθαλμὸν,
1444 3735 1539 3787 καὶ
1578 3734 1651 3805 μὴ

87 3822 204 3894 ὀρθά
258 3823 519 3894 βλέπειν,
573 3825 668 3878 καὶ
710 3823 771 3877 τὸ
808 3824 984 3878 νεύειν
1034 3826 1172 3895 μετὰ
1218 3826 1368 3879 δόλου
1419 3827 1536 3879 ἐστὶ
1592 3827 1653 3880 τὸ

87 3916 260 3984 ψεκτόν
280 3934 296 3949 ’
332 3915 510 3970 νεύειν
553 3915 609 3970 δὲ
643 3915 958 3988 φιλομαθῶς
999 3917 1206 3989 Πέτρου
1231 3917 1390 3989 ἔργον
1416 3913 1483 3989 ῆν
1507 3958 1522 3982 ,
1559 3918 1653 3971 καὶ

88 4010 380 4075 ἀκολούθως
424 4008 503 4081 τῷ
550 4010 773 4082 τοιούτῳ
820 4009 1050 4081 νεύματι
1097 4010 1274 4079 λέγειν
1307 4009 1384 4081 τῷ
1418 4027 1650 4081 συμφοι-

90 4107 238 4176 τητῇ,
282 4104 364 4168 ὡς
412 4104 726 4174 παρρησίαν
775 4102 996 4155 πλείονα
1026 4102 1201 4174 ἔχοντι
1237 4103 1373 4174 πρὸς
1420 4092 1514 4156 ’τὸν
1559 4104 1651 4154 Δι-

88 4196 367 4250 δάσκαλον·
422 4214 442 4246 ι
470 4195 606 4249 Εἰπὲ
651 4195 735 4260 τίς
768 4198 884 4249 ἐστι
919 4196 1045 4266 περὶ
1097 4190 1158 4250 οῦ
1203 4195 1370 4264 λέγει.
1407 4215 1424 4247 ι
1471 4194 1653 4249 Ἐϐού-

89 4284 192 4339 λετο
225 4286 341 4358 γάρ
375 4285 506 4350 ἴσως
536 4286 594 4340 τὸ
626 4285 766 4339 κατὰ
809 4285 908 4357 τὴν
945 4285 1236 4357 προδοσίαν
1276 4285 1343 4357 ἢν
1393 4286 1653 4357 προδίδω·

1765 607 1919 673 Quod
1952 608 1996 662 si
2024 607 2149 678 quis
2171 620 2302 661 vero
2336 605 2421 659 his
2448 604 2659 658 duobus
2688 601 2859 673 signis
2886 615 2991 655 non
3015 600 3341 663 crediderit,

1764 699 1929 768 priori
1977 699 2219 768 quidem,
2254 698 2381 768 quia
2420 696 2689 766 leprosam
2720 692 2853 747 facit
2893 693 3199 755 actionem;
3255 707 3343 745 se-

1762 794 1940 847 cundo
1968 802 2170 858 autem,
2196 793 2324 863 quia
2353 805 2475 846 eam
2514 786 2757 842 restituit
2795 786 2850 840 iu
2887 793 3134 839 naturam
3158 799 3343 846 suam,

1765 902 1904 955 aqua
1941 886 2068 941 huic
2093 885 2325 941 eﬂicitur
2358 884 2621 954 sanguis;
2651 880 2915 951 scriptum
2956 887 3041 933 est
3069 878 3214 932 enim
3250 876 3293 909 ¹⁷
3323 889 3343 931 :

1770 998 1789 1032 ι
1822 978 1888 1033 Et
1913 981 2042 1042 erit.
2069 979 2114 1034 si
2145 994 2251 1033 non
2283 976 2495 1031 duobus
2543 973 2628 1029 his
2653 972 2826 1042 signis
2858 970 3210 1033 crediderint,
3247 969 3343 1023 ne;

1764 1088 1870 1144 que
1921 1072 2195 1127 audierint
2224 1085 2409 1125 vocem
2448 1077 2637 1131 tuam;
2673 1064 2912 1133 accipies
2943 1063 3009 1117 de
3039 1063 3197 1132 aquis
3241 1060 3343 1116 llu-

1763 1166 1947 1230 minis,
1986 1174 2041 1220 et
2063 1162 2310 1219 ell'undes
2335 1162 2387 1216 in
2421 1160 2621 1215 siccam
2651 1160 2918 1223 humum;
2959 1155 3172 1224 eritque
3202 1168 3341 1223 aqua

1762 1256 1871 1321 illa,
1904 1270 2068 1325 quam
2113 1254 2182 1310 de
2228 1252 2450 1308 ﬂumine
2479 1249 2776 1318 acceperis,
2804 1247 2973 1321 ιω
3015 1248 3239 1317 sanguis
3287 1247 3343 1299 in

1761 1348 1965 1403 siccam
1997 1347 2239 1401 humum.
2274 1365 2293 1398 ι
2329 1345 2397 1401 Et
2424 1355 2659 1400 mentem
2689 1342 2905 1403 adhibe,
2946 1340 3093 1409 quod
3133 1339 3186 1392 in
3240 1337 3343 1390 hoc

1760 1440 1917 1509 signo
1949 1453 2053 1492 non
2097 1437 2330 1505 amplius
2354 1438 2568 1491 dicatur
2598 1453 2613 1490 :
2638 1434 2896 1495 Credent,
2926 1430 3036 1494 vel,
3074 1428 3191 1482 Non
3222 1442 3343 1481 cre-

1761 1534 1888 1588 dent
1935 1531 2053 1586 tibi.
2084 1530 2335 1585 lnnuitur
2369 1530 2536 1593 enim,
2584 1527 2728 1597 quod
2767 1541 2872 1580 non
2913 1521 3163 1578 credenti
3210 1522 3345 1573 dnu-

1760 1625 1865 1680 bus
1896 1621 2087 1694 signis,
2119 1637 2259 1693 aqua
2310 1622 2375 1676 de
2411 1621 2633 1675 ﬂumine
2679 1627 2892 1686 sumpta
2943 1615 3039 1669 ﬁat
3093 1611 3338 1681 sanguis,

1762 1716 2055 1786 nequeunti
2106 1725 2330 1785 propter
2361 1713 2741 1768 inﬁdelitatem
2774 1709 2881 1764 l‘rni
2913 1707 3129 1761 ratione
3181 1712 3341 1771 pota-

1763 1809 1881 1865 bili.
1905 1808 2014 1864 Sed
2043 1808 2330 1862 redeamus
2352 1805 2496 1861 unde
2513 1804 2795 1859 aberrarat
2821 1801 3022 1862 oratio,
3040 1811 3162 1852 cum
3184 1795 3340 1866 plura

1759 1917 1920 1974 quam
1939 1917 2176 1972 praesens
2203 1900 2351 1956 locus
2375 1897 2633 1968 postulet,
2656 1898 2721 1950 de
2738 1894 2857 1949 sinu
2879 1891 3007 1947 Jesu
3032 1901 3343 1953 assumpse-

1759 1996 1959 2061 rimus;
2001 2008 2235 2063 cumque
2272 1991 2628 2046 didicerimus
2655 2002 2776 2042 eum
2808 1999 2969 2055 quem
3001 1990 3150 2036 amat
3181 1978 3340 2033 Jesus

1758 2091 2074 2147 recumbere
2095 2089 2147 2143 in
2164 2088 2286 2143 sinu
2307 2084 2456 2149 Jesu,
2476 2082 2609 2138 nihil
2635 2099 2740 2136 non
2757 2093 3001 2148 agamus,
3015 2091 3123 2146 quo
3144 2074 3339 2144 ιιι-ιιιοὶ-

1759 2183 2051 2254 ιιιιοὶρείιιε
2073 2196 2259 2235 amore
2277 2178 2421 2247 digni
2446 2176 2785 2246 judicenmr:
2815 2173 2960 2225 hunc
2986 2169 3131 2222 enim
3152 2167 3202 2219 in
3223 2179 3341 2218 mo-

1758 2278 1882 2331 dum
1908 2272 2285 2329 recumbetnus
2308 2272 2474 2325 etiam
2504 2268 2605 2336 ipsi
2643 2266 2694 2319 in
2725 2263 2842 2318 sinu
2873 2260 3021 2315 Jesu.
3051 2259 3123 2311 At
3150 2256 3340 2309 annuit

1758 2367 1953 2422 dilecto
1990 2364 2258 2434 discipulo
2287 2361 2476 2416 Simon
2509 2358 2724 2421 Petrus,
2771 2368 2871 2410 nec
2904 2350 3162 2405 annuisse
3207 2362 3341 2400 cono

1758 2467 1939 2513 tentus
1975 2457 2150 2526 inquit
2180 2454 2254 2509 illi
2288 2470 2304 2507 :
2344 2471 2363 2503 ι
2396 2449 2720 2511 Sciscitare,
2755 2446 3006 2513 quisnam
3044 2440 3117 2496 sit
3154 2438 3242 2493 ille
3274 2440 3343 2492 de
3438 2502 3441 2505 ν

1756 2566 1864 2621 quo
1888 2550 2131 2619 loquitur
2165 2547 2229 2601 “.
2268 2565 2287 2598 ι
2322 2544 2685 2611 Quamobrem
2716 2537 2976 2608 quoniam
3008 2547 3241 2587 annuere
3284 2530 3337 2582 in

1757 2640 2071 2695 Proverbiis
2089 2640 2386 2693 assumitur
2404 2635 2456 2688 in
2481 2632 2836 2692 calumniam,
2858 2641 2978 2681 nam
2999 2624 3176 2679 malus
3201 2639 3220 2671 ι
3242 2636 3337 2673 an-

1757 2732 1873 2786 nuit
1905 2731 2084 2795 oculo,
2127 2729 2321 2783 annuit
2356 2734 2409 2780 et
2444 2723 2604 2795 pede,
2635 2723 2903 2788 docetque
2939 2715 3161 2769 nutibus
3194 2712 3336 2781 digi-

1759 2834 1960 2885 torum,
2000 2821 2161 2875 corde
2210 2830 2469 2888 perverso
2503 2812 2644 2869 mala
2694 2809 3017 2865 machinaus
3047 2807 3135 2870 ";
3179 2822 3199 2855 ι
3236 2813 3288 2857 et
3320 2821 3334 2856 :

1760 2931 1779 2964 ι
1827 2911 1927 2978 Qui
1960 2909 2151 2964 annuit
2183 2907 2358 2961 oculis
2402 2919 2523 2960 cum
2569 2903 2713 2965 dolo,
2741 2904 3000 2970 aggregat
3027 2893 3163 2949 viris
3205 2906 3338 2947 mm-

1757 3017 1913 3059 rores
1940 3000 2012 3067 ",
2048 3020 2066 3053 ι
2099 2998 2384 3055 dicemlmn
2416 3005 2502 3050 est
2532 2992 2731 3046 nmium
2763 3004 2870 3044 non
2914 3001 3036 3042 esse
3070 2997 3334 3047 annuere,

1757 3096 1852 3151 sed
1885 3094 2045 3148 oculo
2069 3089 2431 3156 annnere,hoc
2449 3095 2555 3152 est,
2579 3083 2737 3139 oculo
2756 3090 3065 3136 transversa
3091 3074 3254 3139 tueri,
3280 3083 3337 3127 et

1758 3201 1862 3241 non
1897 3193 2047 3240 recte
2073 3181 2281 3243 videre,
2309 3189 2364 3233 et
2386 3189 2630 3231 annuere
2652 3189 2776 3229 cum
2802 3170 2947 3236 dolo,
2975 3164 3338 3236 vituperabile

1757 3291 1911 3342 esse;
1938 3284 1989 3328 at
2008 3282 2260 3327 amanter
2280 3284 2540 3332 annuere,
2558 3266 2702 3321 Petri
2720 3262 2952 3318 olllcium
2975 3275 3117 3322 esse,
3135 3266 3190 3311 et
3209 3256 3336 3311 huic

1756 3377 2154 3436 consequenter
2202 3363 2354 3416 tmtni
2401 3360 2587 3415 dicere
2632 3353 3041 3423 condiscipulo,
3077 3361 3337 3420 tanquam

1757 3458 2016 3526 majorem
2049 3472 2176 3527 erga
2210 3453 2526 3523 Magistrum
2549 3450 2860 3505 libertatem
2882 3443 3141 3500 habenti:
3177 3460 3196 3492 ι
3220 3440 3339 3495 Sci-

1755 3552 1975 3614 scitare,
2001 3549 2252 3617 quisnam
2284 3547 2353 3600 sit
2374 3545 2485 3609 ille,
2516 3546 2582 3599 de
2609 3557 2718 3613 quo
2748 3542 3005 3610 loquitur.
3051 3557 3071 3591 ι
3107 3536 3340 3591 Volebat

1755 3645 1899 3698 enim
1933 3641 2185 3696 fortassis
2222 3639 2569 3709 mysterium,
2600 3637 2743 3705 quod
2773 3643 2896 3689 erat
2940 3633 2995 3687 in
3028 3630 3342 3697 proditione

1755 3752 1861 3807 qua
1895 3735 2080 3791 Jesum
2106 3731 2276 3786 .lndas
2299 3730 2503 3800 prodit,
2540 3746 2741 3795 nosse;
2775 3727 2919 3797 quod
2949 3735 3008 3779 ut
3036 3726 3211 3780 discat
3235 3723 3342 3777 Pe-

1754 3836 1897 3893 trus,
1951 3826 2193 3881 Joannes
2225 3824 2317 3895 qui
2355 3824 2508 3893 prius
2562 3824 2890 3878 recubnerat
2923 3821 2979 3875 in
3014 3819 3137 3873 sinu
3183 3817 3339 3881 Jesn,

1754 3919 2165 3990 superascendit
2206 3927 2262 3971 ct
2310 3916 2557 3972 recubuit
2590 3929 2755 3983 super
2796 3922 3007 3984 pectus.
3040 3910 3107 3965 Et
3129 3910 3336 3965 fortas-

1753 4011 1831 4066 sis
1870 4025 1978 4066 non
2016 4008 2355 4063 recnmbenti
2399 4021 2565 4076 super
2592 4016 2805 4075 pectus,
2837 4004 2930 4057 sed
2962 4001 3337 4071 perseveranti

1754 4103 1808 4157 in
1832 4102 1951 4156 sinu
1990 4099 2304 4155 recumbere
2339 4098 2761 4165 haudquaquam
2788 4094 3113 4149 reddidisset
3149 4092 3333 4154 Jesus.

1753 4206 1914 4263 quem
1949 4190 2147 4245 Petrus
2173 4198 2228 4243 et
2271 4188 2512 4245 Joannes
2557 4188 2966 4252 desiderabant,
3000 4200 3334 4241 sermonem.

1754 4285 2013 4351 Quamvis
2071 4284 2234 4355 igitur
2287 4290 2452 4337 antea
2488 4282 2832 4337 recumberet
2888 4280 2940 4333 in
2998 4280 3120 4333 sinu
3174 4276 3331 4341 Jcsu,

91 4392 161 4428 σιν
176 4377 378 4440 Ἰούδας
394 4376 485 4430 τὸν
500 4374 708 4448 Ἰησοῦν
732 4378 1030 4449 μυστήριον
1058 4377 1203 4430 ίδεῖνο
1225 4378 1361 4448 ὅπερ
1388 4377 1473 4431 ἴνα
1507 4379 1573 4449 μά

1852 4377 1950 4433 ade
1972 4391 2100 4432 vero
2155 4377 2468 4432 recubuerit
2518 4390 2678 4444 supra
2715 4384 2908 4444 pectus
2960 4371 3111 4436 Jesu,
3151 4380 3334 4425 tamen

89 4469 113 4518 6
156 4471 377 4545 Πέτρος,
424 4469 678 4541 Ἰωάννης
731 4469 996 4541 πρότερον
1052 4468 1410 4540 ἀνακείμενος
1461 4470 1519 4523 έν

1853 4471 2178 4527 secundum
2210 4470 2341 4525 illud
2369 4510 2386 4533 ,
2433 4478 2619 4539 utpote
2651 4466 2823 4536 majus
2851 4477 2908 4521 et
2953 4465 3335 4530 excellentius,

90 4560 253 4633 κόλπῳ
288 4562 388 4615 τοῦ
434 4560 611 4632 Ἰησοῦ
644 4561 1024 4633 ὲπαναϐέόηκε
1049 4602 1064 4628 ,
1113 4561 1207 4615 καὶ
1248 4562 1511 4615 ἀνέπεσεν
1558 4563 1572 4615 ἑ

1855 4579 2045 4618 manus
2089 4562 2216 4620 Jesu
2268 4563 2570 4632 discipulus
2623 4562 2676 4616 in
2710 4560 3002 4632 postremis
3051 4557 3333 4627 Evangelii

90 4652 140 4705 τὸ
178 4652 394 4725 στῆθος.
423 4655 536 4708 Καὶ
568 4655 708 4726 τάχα
744 4652 819 4726 μὴ
848 4653 1172 4708 ἀναπεσόντι
1203 4653 1296 4706 ἐπὶ
1325 4654 1384 4707 τὸ
1410 4652 1572 4723 στῆθο

1854 4655 2091 4725 ignatur;
2119 4658 2381 4725 scriptum
2406 4665 2490 4710 est
2521 4654 2667 4708 enim
2696 4669 2711 4709 :
2744 4671 2763 4704 t
2785 4653 3092 4708 Conversus
3115 4650 3336 4713 Petrus,

90 4746 203 4800 ἀλλά
237 4748 485 4821 μείναντι
544 4749 636 4802 ἐπὶ
692 4746 786 4801 τοῦ
845 4745 1160 4801 ἀνακεῖσθαι
1195 4748 1253 4800 ὲν
1298 4745 1375 4817 τῷ
1416 4746 1572 4800 κόλπι

1850 4760 1901 4802 et
1930 4748 2276 4816 discipulum,
2306 4763 2466 4818 quem
2498 4747 2757 4818 diligebat
2782 4744 2958 4809 Jesus,
2991 4752 3332 4812 sequentem,

92 4839 174 4892 οὐκ
203 4839 266 4894 ἂν
298 4840 618 4912 παρέδωκεν
661 4839 719 4893 ὃν
768 4838 951 4893 ἐπόθει
989 4838 1279 4910 μανθάνειν
1324 4838 1574 4908 Ἰωάννης

1873 4845 1928 4891 οι
1959 4836 2215 4892 recubuit
2238 4838 2291 4891 in
2324 4849 2480 4892 eosna
2513 4850 2679 4903 super
2702 4844 2894 4904 pectus
2918 4829 3056 4898 ejus,
3079 4838 3134 4881 et
3165 4826 3330 4880 dixit:

94 4930 272 5003 Πέτρος
291 4932 473 5017 λόγον.
492 4932 553 4985 Εἰ
577 4931 671 4986 καλ⁵
694 4932 1049 5003 ἀνακείμενος
1068 4928 1162 4984 οὖν
1181 4932 1444 5002 πρότερον
1465 4931 1564 5002 μὲν

1856 4930 2001 4997 nine,
2027 4930 2152 5001 quis
2188 4940 2271 4986 est
2295 4931 2384 5000 qni
2411 4930 2587 4985 tradet
2618 4937 2669 4982 te
2695 4929 2738 4960 ²¹
2768 4926 2792 4980 l
2829 4944 2848 4978 ι
2886 4939 2993 4978 ιιυιι
3023 4920 3167 4977 enim
3198 4919 3338 4974 scri—

94 5022 140 5073 ὲν
164 5025 235 5097 τῷ
265 5015 455 5096 κόλπῳ
480 5024 575 5078 τοῦ
605 5023 805 5095 Ἰησοῦ,
840 5022 1066 5097 ὕστερον
1090 5023 1147 5077 δὲ
1177 5023 1442 5077 ἀνέπεσεν
1471 5022 1565 5079 ἐπὶ

1491 5022 1565 5076 ,πὶ
1587 5022 1651 5077 τὸ
1755 5033 1909 5095 plum
1940 5033 2047 5089 est,
2078 5043 2096 5075 ι
2129 5023 2230 5092 Qui
2262 5023 2512 5079 recubuit
2536 5022 2588 5075 in
2615 5019 2735 5074 sinu
2767 5015 2919 5071 Jesu.
2955 5035 2973 5069 ι

94 5120 267 5191 στῆθος
297 5122 395 5175 τοῦ
423 5120 636 5193 Ἰησοῦ,
671 5122 759 5175 διὰ
791 5120 886 5175 τοῦ
956 5120 1213 5193 δευτέρου
1247 5121 1305 5173 ὲν
1350 5121 1461 5183 τοῖς
1509 5118 1839 5185 τελευταίοις
1897 5120 2230 5191 Εύαγγελίου
2287 5114 2765 5190 χαρακτηρίζεται,
2838 5111 2912 5174 ὡς
2956 5105 3200 5181 μείζονος
3237 5104 3333 5159 καὶ

91 5210 449 5285 διαφέροντος,
495 5213 526 5265 6
568 5212 661 5266 τοῦ
722 5210 899 5283 Ἰησοῦ
948 5214 1169 5284 γνήσιος
1241 5210 1524 5282 μαθητήςο
1577 5211 1886 5285 γέγραπται
1948 5213 2058 5285 γὰρ
2084 5257 2097 5277 ,
2151 5213 2233 5266 ὅτι
2284 5230 2302 5262 ι
2368 5206 2750 5279 Ἐπιστραφεὶς
2790 5207 2819 5257 6
2879 5203 3084 5275 Πέτρος
3148 5199 3334 5270 βλέπει

90 5304 163 5357 τὸν
218 5304 465 5375 μαθητὴν
508 5303 567 5356 ὃν
606 5304 795 5373 ἠγάπα
850 5305 879 5357 6
936 5301 1146 5375 Ἰησοῦς
1208 5300 1603 5356 ἀκολουθοῦντα
1630 5342 1647 5367 ,
1688 5302 1748 5367 ὃς
1787 5305 1882 5358 καὶ
1937 5305 2199 5358 ἀνέπεσεν
2252 5304 2310 5356 ἐν
2362 5302 2440 5372 τῷ
2496 5299 2695 5369 δείπνῳ
2738 5296 2830 5349 ἐπὶ
2876 5294 2935 5349 τὸ
2986 5292 3181 5364 στῆθος
3238 5292 3335 5345 αύ-

89 5399 184 5467 τσῦ,
219 5402 313 5454 καὶ
341 5397 491 5454 εἷπε·
525 5399 718 5471 Κύριε,
742 5400 826 5463 τίς
855 5402 1003 5453 ἐστιν
1032 5401 1061 5452 6
1087 5397 1411 5469 παραδιδούς
1440 5415 1540 5465 σε;
1588 5417 1607 5450 ι
1634 5398 1695 5451 ού
1752 5398 1862 5468 γάρ
1905 5400 2236 5471 γέγραπται·
2276 5416 2294 5449 ι
2340 5400 2434 5459 Ὃς
2485 5390 2553 5465 ἦν
2584 5393 2938 5463 ἀνακείμενος
2989 5391 3046 5443 ὲν
3086 5386 3165 5458 τῷ
3207 5384 3333 5440 κάλ’·

188 5495 347 5550 αὑτοῦ
380 5496 511 5566 (οε).
546 5515 564 5547 ι

182 5635 220 5666 ¹⁹
264 5636 395 5692 ibid.
433 5637 486 5692 9.
566 5635 788 5692 "Joan.
816 5652 937 5699 xm,
977 5636 1068 5691 ει.
1168 5638 1212 5671 ⁸⁸
1248 5634 1410 5693 Prov.
1442 5649 1522 5702 Vl,
1547 5633 1641 5701 13,
1674 5632 1765 5687 M.

155 5756 257 5830 (Ἢ)
281 5759 459 5830 (Index
495 5758 719 5826 Regius.
766 5760 925 5821 male.
962 5759 1356 5814 τεκτενεύεται.

156 5814 257 5898 (92'!
290 5829 396 5885 Pro
434 5814 623 5897 αὑτοῦ,
656 5814 822 5888 cuch
856 5814 1057 5901 [legitis
1090 5840 1301 5886 tantum
1344 5828 1507 5886 habet
1533 5826 1638 5884 τοῦ

957 5831 1057 5899 {ius
1090 5840 1301 5886 tantum
1344 5828 1507 5886 habet
1533 5825 1941 5886 robi‘errarius
1989 5820 2204 5891 legebal
2232 5814 2439 5890 Ἰησοῦ.

1865 5632 1913 5665 ³⁸
1946 5629 2109 5685 Prov.
2140 5643 2198 5693 κ,
2220 5625 2307 5682 ll).
2382 5625 2427 5656 ’ί
2450 5623 2605 5680 Joan.
2631 5638 2749 5691 ut,
2777 5621 2870 5678 20.
