3754 6546
418 336 525 394 803

1873 332 2194 393 ORIGENIS

3575 339 3667 397 804

492 458 650 532 541
684 459 773 513 14.
817 455 955 524 Quid
1009 471 1137 512 vero
1171 456 1332 512 etiam
1370 457 1704 526 respondens
1736 455 1929 513 Domin

2174 458 2260 512 H.
2293 457 2356 511 Τί
2392 457 2449 511 δὲ
2481 457 2575 510 καὶ
2601 456 3034 530 ἀποκρινόμενος
3060 454 3214 513 εἶπεν
3243 459 3274 511 6
3297 456 3520 529 Κύριος,
3552 460 3669 514 θεω-

421 553 642 616 dixerit,
673 552 977 606 videamus.
1013 567 1031 600 ι
1073 549 1184 613 Ille,
1232 548 1428 618 inquit,
1476 558 1581 613 est,
1613 549 1699 604 cui
1730 564 1829 619 ego
1860 549 2003 605 oﬁ‘u-

420 646 526 699 lam
567 645 855 713 intingam,
904 650 959 696 et
1009 656 1306 710 perrexere
1335 643 1402 696 ".
1447 660 1467 694 ι
1503 641 1648 696 Dixit
1702 641 1868 713 igitur
1899 643 2004 698 hoc

418 736 615 799 Iesus;
661 753 682 786 ε
725 748 957 800 cumque
982 733 1295 788 iutiuxisset
1332 732 1576 798 ollulam,
1614 753 1633 786 ι
1665 748 1784 787 eam
1810 734 1999 798 sumit,

420 835 475 880 ct
500 846 518 877 ι
556 825 786 895 porrigit
807 824 961 892 Judze
996 823 1207 878 Simoni
1240 821 1516 879 lscariotze
1543 864 1560 889 ,
1587 834 1642 879 et
1667 825 1853 879 statim
1883 832 2004 894 post

420 914 641 969 offulam
694 915 917 969 intravit
960 913 1014 966 in
1067 913 1217 967 illum
1267 911 1501 968 Satanas
1525 915 1594 979 ’³,
1631 934 1650 966 ι
1688 915 1780 983 qui
1826 929 2002 984 neque

306 1076 311 1081 1
422 1016 583 1061 antea
618 1005 860 1059 valuerat
889 1006 1115 1069 intrare,
1151 1018 1326 1073 neque
1373 1005 1538 1059 etiam
1567 1020 1691 1060 mox
1739 1021 1862 1061 cum
1899 1007 2003 1061 mi-

424 1100 585 1155 sisset
619 1100 669 1152 in
694 1099 838 1153 illius
869 1113 964 1154 cor
998 1107 1057 1152 ut
1086 1112 1206 1152 eum
1238 1100 1493 1168 proderet
1519 1099 1585 1153 ’⁵.
1610 1099 1841 1155 Necesse
1855 1100 1999 1156 enim

420 1202 560 1255 erat,
588 1191 803 1258 opinor,
851 1191 922 1245 ob
977 1189 1252 1244 dationem
1285 1190 1482 1255 omnia,
1512 1200 1572 1246 ut
1597 1190 1756 1247 Jesus
1796 1194 2003 1248 reacci-

423 1292 577 1351 peret
597 1286 666 1336 ab
712 1282 932 1351 indigno
970 1281 1101 1335 illud
1137 1280 1486 1350 praestantius
1509 1284 1648 1351 quod
1676 1284 1883 1339 habere
1922 1283 2001 1337 vi-

421 1376 670 1439 debatur,
715 1374 1158 1444 quandoquidem
1210 1392 1230 1426 ι
1268 1376 1337 1431 ab
1361 1391 1427 1430 eo
1455 1376 1548 1446 qui
1586 1392 1692 1431 non
1727 1377 1911 1439 habet,
1946 1385 2002 1432 et

419 1465 474 1520 id
504 1467 646 1535 quod
674 1466 888 1520 videtur
915 1468 1139 1532 habere,
1164 1467 1444 1523 auferetur
1472 1468 1541 1522 ab
1564 1483 1628 1523 eo
1652 1469 1720 1523 ’⁸.
1758 1486 1776 1520 ι
1814 1467 2000 1523 Priva-

424 1568 508 1612 tus
554 1573 685 1628 ergo
739 1556 927 1622 Judas,
960 1558 1128 1613 veluti
1182 1559 1456 1629 indignus,
1492 1560 1560 1614 ab
1612 1559 1997 1615 excellentiori

418 1651 508 1720 qui
550 1662 805 1720 precatus
843 1651 1025 1705 fuerat
1055 1667 1267 1721 pacem,
1300 1652 1504 1721 recepit
1556 1652 1862 1721 ingressum
1896 1651 2001 1706 Sa-

421 1751 561 1797 tana:
609 1742 663 1797 iu
709 1757 787 1796 se.
820 1742 1065 1812 Exempli
1095 1750 1275 1797 autem
1307 1743 1509 1813 gratia,
1561 1752 1617 1796 ut
1665 1742 1999 1811 intelligatur

420 1836 692 1904 quomodo
717 1834 869 1890 Juda:
900 1835 1120 1904 quidem
1175 1834 1387 1888 dederit
1437 1834 1699 1890 Dominus
1730 1834 1954 1890 ollulam
1982 1874 1997 1899 ,

427 1929 517 1982 ille
543 1941 719 1983 autem
756 1940 882 1983 tunc
926 1929 1057 1982 illud
1087 1944 1115 1982 a
1145 1942 1205 1983 se
1237 1928 1501 1997 repulerit
1538 1928 1681 1998 quod
1714 1928 1768 1983 in
1793 1942 1854 1984 se
1885 1930 2003 1983 exi-

424 2023 591 2079 mium
611 2023 864 2088 habebat,
889 2032 944 2077 et
975 2022 1208 2078 fortasse
1235 2038 1425 2093 pacem
1463 2030 1823 2078 revertentem
1844 2022 1913 2077 ab
1935 2038 2001 2078 eo

422 2119 515 2185 qui
569 2115 812 2178 audivit,
859 2124 915 2170 et
967 2130 1071 2168 non
1106 2115 1347 2182 admisit,
1399 2115 1466 2169 ad
1518 2114 1889 2169 dicentemu
1942 2115 1999 2171 Si

424 2206 689 2259 manserit
738 2204 848 2259 illic
900 2204 1043 2259 filius
1076 2205 1242 2274 pacis,
1289 2220 1393 2275 pax
1436 2216 1618 2260 vestra
1652 2221 1816 2274 super
1849 2205 1998 2261 illum

424 2296 761 2365 requiescet;
792 2298 875 2349 sin
925 2296 1124 2362 minus,
1152 2310 1256 2364 pax
1307 2306 1488 2351 vestra
1538 2296 1602 2350 ad
1641 2311 1736 2351 vos
1763 2307 2003 2351 reverte-

424 2397 512 2439 lttl‘
542 2386 612 2450 ³⁸,
663 2403 682 2437 ι
710 2386 762 2439 in
795 2386 1034 2440 medium
1067 2388 1399 2443 adducemus
1430 2402 1550 2457 quas
1587 2387 1640 2442 in
1670 2389 1906 2444 secunda
1933 2389 2000 2444 ad

421 2477 736 2531 Corinthios
767 2477 1008 2545 Epistula
1054 2479 1199 2533 bunc
1249 2479 1303 2533 in
1352 2480 1567 2533 modum
1596 2489 1724 2535 sunt
1753 2481 1995 2551 scripta:

430 2584 451 2617 ι
492 2566 681 2622 Vestra
715 2566 875 2636 copia
912 2567 1125 2622 illorum
1158 2569 1355 2638 inepire
1373 2579 1681 2634 succurrat,
1714 2579 1853 2627 utet
1886 2572 2000 2626 illo-

428 2673 548 2712 rum
599 2658 756 2727 cepia
800 2670 995 2715 vestrae
1043 2659 1237 2730 inopiae
1265 2661 1330 2714 ’⁷.
1376 2678 1396 2713 ι
1427 2660 1484 2716 Si
1515 2661 1661 2717 enim
1690 2663 2002 2719 considera-

424 2750 572 2803 veris
602 2751 1013 2820 retributionem
1053 2751 1107 2805 in
1146 2752 1296 2808 hisce
1326 2753 1490 2808 rebus
1541 2769 1722 2809 rerum
1756 2764 2002 2810 terrena-

420 2856 541 2893 rum
573 2841 639 2896 ad
673 2841 1003 2910 spiritualia,
1055 2843 1202 2897 scire
1248 2844 1456 2913 poteris
1496 2846 1771 2914 quomodo
1804 2846 1855 2901 ei
1904 2847 1997 2916 qui

422 2933 674 3003 indiguus
719 2944 840 2988 erat
894 2948 1072 3002 pane,
1114 2934 1455 2989 distribuerit
1494 2936 1735 3002 ollulam,
1788 2945 1848 2990 ut
1903 2952 2001 3007 per

419 3038 542 3078 eam
574 3041 604 3078 a
645 3023 782 3079 Juda
813 3026 1053 3080 auferret
1104 3039 1315 3094 pacem,
1348 3036 1607 3096 tauquam
1644 3027 1866 3097 indigno
1906 3028 1998 3098 qui

2109 553 2382 624 ρήσωμεν.
2420 567 2440 601 ι
2490 552 2748 617 Ἐκεῖνος,
2811 551 2978 623 φησὶν
3005 590 3023 616 ,
3076 552 3226 605 ἐστὶν
3274 544 3321 619 ᾧ
3369 550 3476 620 ἐγὼ
3534 550 3671 621 βάψω

2102 644 2165 697 τὸ
2209 642 2421 715 ψωμίον
2447 683 2462 708 ,
2521 642 2616 697 καὶ
2665 640 2824 695 δώσω
2854 639 3023 712 αύτῷ.
3066 659 3084 692 ι
3123 638 3294 695 Εἶπεν
3323 636 3418 695 οὖν
3457 639 3611 694 τοῦτο
3645 644 3670 695 6

2117 732 2355 805 Ἰησοῦςα
2394 750 2413 783 ι
2452 733 2547 786 καὶ
2592 731 2771 803 βάψας
2815 730 2879 784 τὸ
2908 730 3144 802 ψωμίον,
3176 752 3193 784 ι
3231 726 3498 801 λαμϐάνει
3523 775 3538 797 ,
3585 732 3663 785 καί

2110 841 2127 872 ι
2150 822 2360 877 δίδωσιν
2389 824 2561 896 Ἰούδᾳ
2593 824 2798 894 Σίμωνι
2826 822 3150 894 Ἰσκαριώτῃ
3179 823 3317 892 (95),
3346 822 3440 876 καὶ
3462 823 3594 893 μετά
3618 824 3671 876 τὸ

2101 912 2313 983 ψωμίον
2339 914 2459 968 τότε
2487 914 2734 991 εἰσῆλθεν
2761 916 2841 978 εἰς
2870 916 3075 968 ἐκεῖνον
3101 916 3131 968 6
3160 915 3429 977 Σατανᾶς,
3453 933 3473 964 ι
3508 915 3568 967 οὐ
3590 915 3669 967 δυ-

2103 1004 2286 1076 νηθεὶς
2318 1005 2583 1078 πρότερον
2606 1005 2888 1069 εἰσελθεῖν,
2935 1005 3047 1059 οὐδ’
3097 1003 3300 1067 εὐθέως
3326 1004 3443 1074 ἅμα
3478 1003 3556 1075 τῷ
3591 1004 3667 1074 βεο

2103 1097 2365 1169 ϐληκέναι
2391 1099 2471 1160 εἰς
2504 1096 2602 1168 τὴν
2642 1097 2892 1169 καρδίαν,
2924 1096 3011 1149 ἵνα
3046 1095 3272 1167 παραδῷ
3299 1097 3488 1151 αὐτόν.
3532 1097 3669 1167 Χρῆν

2101 1190 2231 1260 γὰρ,
2264 1183 2437 1259 οἶμαι,
2471 1188 2559 1243 διά
2590 1189 2689 1259 τῆς
2721 1187 2918 1252 δόσεως
2959 1187 3069 1259 (94)
3102 1188 3194 1242 τοῦ
3226 1188 3445 1260 ψωμίου
3475 1189 3669 1248 ἀντιλα.

2102 1282 2215 1335 ϐεῖν
2243 1281 2376 1336 αὐτὸ
2409 1279 2521 1334 ἀπὸ
2547 1279 2641 1334 τοῦ
2664 1280 2881 1345 ἀναξίου
2915 1279 3059 1355 ἔχειν
3089 1280 3153 1334 τὸ
3190 1284 3438 1352 κρεῖττον
3468 1282 3497 1333 6
3517 1281 3670 1335 ἐδόκει

2102 1371 2264 1444 ἔχειν’
2300 1391 2318 1423 ι
2358 1372 2466 1426 ἀπὸ
2514 1370 2623 1442 γὰρ
2674 1370 2769 1427 τοῦ
2811 1371 2884 1445 μὴ
2913 1371 3147 1441 ἔχοντος,
3178 1372 3274 1426 καὶ
3305 1371 3503 1445 ὂιδοκεῖ
3544 1373 3670 1443 ἔχειν

2100 1463 2401 1535 ἀρθήσεται
2430 1462 2525 1515 ἀπ’
2550 1459 2739 1517 αὑτοῦ·
2773 1480 2792 1513 ι
2829 1462 3148 1534 ἀφαιρεθεὶς
3178 1457 3273 1516 οὖν
3298 1464 3328 1515 6
3358 1461 3580 1525 Ἰούδας,
3606 1462 3671 1527 ὠς

2100 1553 2317 1619 ἀνάξιος
2344 1552 2437 1607 τοῦ
2489 1553 2797 1625 κρείττονος
2838 1553 2933 1607 τοῦ
2965 1554 3207 1617 εἰπόντος
3241 1553 3381 1622 (94⁸)
3406 1552 3669 1625 κεχώρηκε

2099 1646 2200 1719 τὴν
2236 1647 2316 1709 εἰς
2341 1643 2503 1699 αὑτὸν
2521 1642 2616 1698 τοῦ
2648 1644 2865 1699 Σατανᾶ
2884 1644 3109 1698 εἴσοδον.
3151 1642 3601 1715 Παραδείγματος
3622 1642 3671 1696 δὲ

2101 1739 2310 1801 ἕνεκεν,
2340 1737 2427 1792 ἵνα
2462 1735 2627 1807 νοηθῇ
2658 1734 2776 1799 πῶς
2799 1735 3011 1806 ψωμίον
3057 1736 3154 1807 μὲν
3182 1735 3385 1789 ἔδωκεν
3418 1736 3448 1787 6
3486 1735 3672 1805 Κύριος

2102 1832 2180 1904 τῷ
2208 1830 2402 1902 Ἰούδᾳ,
2432 1832 2638 1894 ἐκεῖνος
2663 1829 2721 1882 δὲ
2750 1829 2871 1883 τότε
2905 1828 3138 1885 ἀπέθετο
3168 1828 3420 1903 κρεῖττόν
3450 1847 3504 1882 τι
3526 1830 3672 1883 ἐνυπ-

2103 1926 2273 1997 άρχον
2322 1924 2380 1976 ὲν
2419 1920 2587 1992 αὐτῷ,
2641 1919 2735 1975 καὶ
2783 1920 2923 1991 τάχα
2977 1919 3077 1993 τὴν
3120 1923 3370 1993 εἰρήνην,
3421 1921 3673 1992 ὑποστρέ-

2104 2033 2310 2088 φουσαν
2352 2015 2460 2069 ἀπὸ
2507 2013 2601 2068 τοῦ
2635 2012 2986 2081 ἀκούσαντος,
3041 2014 3136 2068 καὶ
3191 2015 3265 2086 μὴ
3303 2014 3674 2086 παραδεξαμέ-

2103 2126 2195 2164 νου
2244 2110 2335 2162 ὲπὶ
2370 2107 2464 2163 τὸν
2506 2106 2750 2168 εἰπόντα,
2781 2105 2925 2161 κατά
2956 2106 3020 2160 τὸ
3059 2106 3351 2178 λεγόμενον
3401 2107 3537 2177 (95),
3583 2107 3672 2167 ὅτι,

2110 2221 2128 2253 ι
2179 2201 2304 2255 Ἐὰν
2340 2201 2438 2272 μὲν
2529 2200 2646 2254 ἐκεῖ
2674 2197 2789 2261 υίὸς
2830 2199 3054 2271 εἰρήνης
3081 2237 3097 2262 ,
3131 2200 3165 2271 ἡ
3198 2199 3390 2270 εἰρήνη
3421 2199 3575 2269 ὑμῶν
3600 2200 3674 2250 ἐπ’

2102 2294 2264 2351 αὐτὸν
2290 2292 2682 2349 ἀναπαύσεταιο
2717 2292 2811 2346 ὲάν
2842 2292 2901 2345 δὲ
2957 2294 3031 2364 μὴ
3142 2293 3259 2345 ἐκεῖ
3289 2289 3406 2354 υίὸς
3441 2292 3672 2360 εἰρήνης,

2101 2386 2135 2456 ἡ
2164 2385 2351 2455 εἰρήνη
2387 2382 2540 2455 ὑμῶν
2572 2382 2657 2453 ἐφ’
2690 2382 3225 2453 ύμᾶςῖωακάμψειη
3254 2380 3677 2453 παραθησόμεθα

2103 2477 2195 2529 καὶ
2208 2474 2316 2527 ἀπὸ
2331 2474 2430 2545 τῆς
2450 2473 2585 2546 πρὸς
2606 2472 2924 2545 Κορινθίους
2935 2473 3191 2545 δευτέρας
3214 2473 3540 2544 Ἐπιστολῆς
3557 2472 3676 2526 ταῦ-

2101 2584 2169 2620 τα
2200 2566 2373 2628 οὕτως
2406 2566 2788 2637 γεγραμμέναο
2824 2585 2843 2618 ι
2866 2567 2939 2619 Τὸ
2968 2565 3120 2637 ὑμῶν
3151 2565 3503 2639 περίσσευμα
3526 2568 3603 2630 εἰς
3628 2565 3678 2618 τὸ

2104 2661 2327 2719 ἐκείνων
2356 2662 2661 2734 ὑστέρημα,
2695 2661 2783 2718 ἵνα
2837 2660 2934 2716 καὶ
2988 2661 3049 2717 τὸ
3095 2661 3305 2718 ἐκείνου
3342 2661 3676 2731 περίσσευμα

2101 2755 2326 2825 γένηται
2353 2755 2433 2817 εἰς
2459 2753 2519 2808 τὸ
2543 2744 2695 2824 ύμιῖἱν
2718 2752 3055 2824 ὑστέρημα-ι
3077 2753 3424 2823 κατανοήσας
3452 2753 3563 2822 γὰρ
3592 2753 3677 2824 τὴν

2102 2848 2162 2902 ὲν
2188 2848 2397 2910 τούτοις
2424 2842 2690 2900 ἀντίδοσιν
2713 2843 2910 2915 χοῖκῶν
2934 2843 3069 2917 πρὸς
3090 2844 3461 2915 πνευματικὰ,
3490 2842 3676 2914 δυνὴςη

2106 2936 2236 2994 ἰδεῖν
2276 2937 2395 3000 πῶς
2439 2935 2517 3007 τῷ
2550 2935 2624 3007 μὴ
2660 2934 2797 3006 ἀξίῳ
2843 2936 3008 3007 ἄρτου
3054 2934 3267 3007 ψωμίον
3316 2935 3675 2999 ἐπιδέδωκεν,

2105 3030 2192 3085 ἵνα
2222 3028 2312 3084 διὰ
2334 3030 2428 3083 τοῦ
2456 3029 2672 3101 ψωμίου
2713 3029 2889 3102 ἀφέλῃ
2918 3027 3104 3093 αὐτοῦ,
3135 3061 3206 3069 —
3228 3027 3305 3092 ὡς
3354 3027 3583 3092 ἀναξίου
3608 3027 3678 3079 ἔτι

420 3117 652 3185 amplius
676 3117 892 3171 audiret
922 3130 937 3170 :
971 3135 990 3168 ι
1026 3117 1240 3172 Etenim
1286 3119 1446 3172 homo
1506 3117 1654 3186 pacis
1684 3133 1819 3172 mea:
1849 3118 1935 3185 ης

2141 3120 2340 3175 κούειν·
2366 3121 2503 3174 «Καὶ
2541 3120 2650 3195 γὰρ
2677 3122 2706 3175 6
2739 3120 3022 3191 ἄνθρωπος
3048 3118 3147 3189 τῆς
3175 3119 3405 3190 εἰρήνης
3442 3136 3597 3190 pou,»
3619 3149 3677 3159 -ο

422 3225 546 3264 nam
581 3228 601 3262 ι
632 3209 897 3265 Sordidus
922 3210 1207 3263 sordescat
1238 3202 1524 3285 adhuc“;
1573 3228 1592 3260 ι
1639 3223 1746 3278 qua
1792 3207 1995 3273 ablata,

421 3301 512 3357 ille
541 3301 634 3371 qui
669 3300 998 3355 observabat
1034 3300 1380 3356 occasionem
1421 3300 1760 3371 ingrediendi
1795 3301 1848 3356 iu
1880 3301 1996 3355 ani-

423 3413 565 3452 mam
619 3396 874 3458 illius,et
915 3395 970 3449 in
1009 3395 1227 3449 dantem
1263 3394 1365 3450 sibi
1407 3393 1744 3468 ingrediendi
1794 3395 1995 3462 locum,

422 3489 479 3544 in
521 3487 717 3544 ludam
760 3489 1040 3559 ingressus
1080 3497 1186 3543 est.
1224 3486 1444 3541 Pariter
1468 3490 1698 3542 observa
1736 3487 1998 3542 Satanam

422 3589 585 3635 antea
617 3594 721 3634 non
753 3580 1055 3648 ingressum
1106 3579 1277 3635 fuisse
1317 3580 1369 3633 in
1415 3577 1637 3643 Judam,
1662 3579 1757 3634 sed
1788 3588 1997 3635 tantum

421 3672 638 3727 misisse
662 3673 713 3726 iu
737 3686 833 3726 cor
856 3670 973 3741 ejus
1005 3682 1063 3726 ut
1103 3671 1424 3742 Magistrum
1450 3669 1812 3740 proderet”;
1842 3673 1998 3740 juxta

423 3778 486 3819 ea
518 3778 647 3819 vero
671 3779 792 3835 qua:
822 3778 975 3819 nunc
1008 3774 1265 3819 accurate
1310 3763 1721 3833 exquisivimus,
1759 3773 1879 3831 post
1910 3763 1998 3819 of-

423 3856 586 3911 fulam
614 3856 889 3912 introiisse
922 3857 974 3911 in
1003 3872 1149 3912 eum.
1200 3856 1561 3924 Quamobrem
1607 3860 1899 3913 caveamus
1932 3865 1996 3912 et

420 3961 522 4001 nos
554 3962 619 4002 ne
654 3948 868 4015 quando
905 3947 1154 4002 diabolus
1182 3945 1235 4000 in
1264 3961 1360 4001 cor
1391 3956 1633 4000 nostrum
1661 3944 1836 4015 jaciat
1859 3960 1998 4015 qua-

424 4037 742 4107 lemcunque
772 4038 1023 4108 sagittam
1050 4037 1132 4092 sui
1179 4038 1348 4106 ipsius
1377 4038 1603 4107 ignitam
1631 4053 1645 4101 ;
1685 4053 1809 4091 nam
1845 4038 1890 4091 si
1914 4037 2000 4107 je-

422 4128 582 4192 eerit,
617 4142 740 4182 niox
767 4130 931 4181 etiam
959 4126 1215 4182 observat
1245 4135 1457 4195 tempus
1496 4125 1864 4196 ingrediendi.
1892 4124 2000 4180 Sed

423 4228 630 4287 quaerat
661 4217 861 4288 aliquis
884 4233 1054 4288 quare
1085 4217 1348 4286 scriptum
1376 4231 1483 4271 non
1509 4216 1695 4281 fuerit,
1734 4233 1752 4268 ι
1784 4215 1876 4272 llle
1893 4226 1998 4282 est,

423 4309 508 4362 cui
591 4320 693 4378 ego
740 4307 957 4363 ollulam
998 4308 1191 4363 dedero
1219 4308 1285 4373 ³¹,
1322 4327 1340 4360 ι
1378 4308 1472 4362 sed
1520 4322 1644 4362 cum
1696 4308 2002 4375 adjectioue

425 4401 546 4465 bac,
582 4401 839 4472 iutingam
865 4415 884 4454 :
913 4421 932 4454 ι
970 4402 1065 4455 Cui
1113 4417 1210 4473 ego
1251 4421 1271 4454 ι
1307 4403 1474 4466 enim,
1520 4402 1717 4472 inquit,
1770 4419 1789 4452 ι
1832 4402 1999 4458 intin-

2102 3212 2200 3283 τὴν
2244 3212 2488 3283 εἰρήνην·
2529 3232 2546 3264 ι
2600 3213 2658 3265 '0
2709 3212 2953 3284 ῥυπαρὸς
3005 3210 3115 3282 γὰρ
3167 3209 3507 3282 ῥυπανθήτω
3539 3209 3671 3262 ἔτι-ι

2100 3298 2168 3375 ἧς
2202 3302 2614 3375 ἀφαιρεθείσης,
2633 3303 2662 3355 6
2681 3301 2956 3380 ἐπιτηρῶν
2981 3302 3174 3379 καιρὸν
3192 3301 3293 3373 τῆς
3324 3302 3411 3364 εἰς
3452 3301 3554 3373 τὴν
3578 3300 3675 3368 (96)

2100 3392 2279 3465 ψυχὴν
2329 3395 2536 3448 εἰσόδου
2584 3394 2773 3458 αὑτοῦ,
2812 3394 2905 3450 καὶ
2943 3393 3035 3446 τὸν
3079 3392 3290 3447 διδόντα
3337 3392 3494 3464 αὐτῷ
3526 3394 3675 3445 τόπον

2102 3483 2385 3549 εἰσελθεῖν,
2433 3486 2513 3547 εἰς
2554 3483 2646 3538 τὸν
2690 3483 2894 3537 Ἰούδαν
2936 3482 3184 3553 εἰσῆλθεν
3237 3482 3371 3553 (97).
3420 3483 3575 3553 ’Δμα
3626 3482 3673 3534 δὲ

2103 3576 2445 3650 παρατήρει,
2484 3576 2565 3628 ὅτι
2602 3576 2865 3647 πρότερον
2899 3574 2995 3646 μὲν
3027 3576 3127 3629 οὑκ
3149 3574 3400 3646 εἰσῆλθεν
3443 3578 3476 3629 6
3522 3576 3675 3628 Σαταο

2101 3669 2198 3732 νᾶς
2218 3670 2297 3731 εἰς
2316 3668 2408 3722 τὸν
2435 3667 2657 3732 Ἰούδαν,
2682 3667 2817 3726 ἀλλά
2832 3667 3115 3739 ὲϐεϐλήκει
3142 3667 3301 3739 μόνον
3322 3669 3403 3732 εἰς
3424 3667 3528 3740 τὴν
3552 3683 3674 3738 uap-

2101 3760 2220 3817 δίαν
2273 3759 2438 3815 αὑτοῦ
2476 3758 2586 3830 (98)
2626 3759 2713 3817 ἵνα
2761 3757 2988 3832 παραδῷ
3029 3757 3120 3811 τδν
3163 3756 3523 3823 Διδάσκαλον,
3548 3755 3675 3809 κατά

2100 3852 2157 3907 δὲ
2184 3851 2253 3906 τά
2279 3852 2375 3908 νῦν
2398 3851 2763 3923 ἐξεταζόμενα
2798 3851 2936 3923 μετὰ
2971 3850 3031 3904 τὸ
3055 3848 3270 3921 ψωμίον
3312 3848 3577 3902 εἰσελθεῖν
3606 3849 3675 3909 εἰς

2102 3946 2330 4001 ἐκεῖνον.
2378 3944 2579 4015 Διόπερ
2624 3942 2718 3996 καί
2758 3945 2922 4013 ⁴ἡμεῖς
2954 3942 3351 4014 φυλαττώμεθα
3379 3943 3459 4012 μή
3488 3956 3613 3993 ποτε
3650 3940 3676 3994 6

2102 4034 2345 4099 διάϐολος
2381 4034 2514 4106 βάλῃ
2549 4036 2629 4098 είς
2660 4034 2760 4105 τὴν
2812 4034 3037 4107 καρδίαν
3070 4033 3226 4108 ἡμῶν
3256 4032 3548 4087 ὁτιποτοῦν
3577 4029 3673 4084 τῶν
3752 4052 3754 4108 ε

2102 4127 2517 4200 πεπυρωμένων
2555 4126 2718 4179 αὑτοῦ
2758 4126 2960 4200 βελῶν·
2992 4127 3087 4180 saw
3117 4127 3228 4198 γὰρ
3280 4124 3442 4197 βάλῃ,
3497 4126 3673 4191 ὲπιτη-

2107 4224 2190 4293 ρεῖ
2221 4220 2358 4291 μετά
2385 4220 2548 4277 τοῦτο
2571 4221 2666 4273 καὶ
2694 4218 2856 4283 αὐτὸς
2899 4218 3179 4275 εἰσελθεῖν.
3218 4218 3463 4287 Ζητήσαι
3519 4215 3564 4268 δ’
3612 4216 3669 4268 ἄν
3752 4210 3754 4269 i

2102 4329 2186 4376 τις
2224 4309 2312 4365 διὰ
2352 4311 2405 4364 τί
2439 4311 2499 4365 ού
2539 4310 2874 4382 γέγραπται’
2918 4328 2936 4361 ι
3005 4309 3241 4373 Ἐκεῖνός
3292 4309 3446 4361 ἐστιν
3493 4301 3538 4376 ᾧ
3573 4304 3671 4377 ἐγὼ
3752 4318 3754 4381 ς

2103 4404 2276 4458 δώσω
2334 4403 2395 4457 τὸ
2449 4402 2680 4474 ψωμίον,
2725 4421 2743 4452 ι
2805 4401 2940 4456 ἀλλὰ
3000 4400 3140 4473 μετὰ
3194 4401 3519 4473 προσθήκης
3563 4400 3667 4469 τῆς,
3752 4400 3754 4439 ἰ

422 4506 544 4561 gam
594 4490 812 4545 offulam
840 4503 895 4547 et
922 4507 1211 4561 perrexere
1235 4510 1252 4562 ;
1274 4501 1328 4549 et
1359 4508 1479 4548 cum
1515 4492 1824 4548 intinxisset
1862 4493 1933 4547 bu

2140 4494 2311 4563 ἲάψωο
2339 4514 2356 4545 ι
2395 4495 2560 4564 Βάψω
2588 4513 2606 4546 ι
2635 4495 2764 4565 γὰρ,
2800 4495 2953 4566 φησί,
2991 4511 3009 4543 ι
3033 4493 3094 4546 τὸ
3117 4491 3351 4562 ψωμίον,
3385 4493 3481 4552 καὶ
3508 4489 3667 4544 δώσων
3752 4480 3754 4525 ῗ

424 4580 641 4646 cellam,
686 4600 705 4633 ι
755 4584 918 4636 sumit
948 4596 1067 4635 eam
1095 4624 1112 4648 ,
1160 4594 1216 4639 et
1264 4603 1284 4636 ι
1327 4584 1556 4654 porrigit
1587 4582 1741 4639 Iuda:
1788 4583 1997 4639 Simoni

423 4671 713 4727 lscariotae.
750 4690 768 4725 ι
803 4670 858 4725 lu
884 4673 1153 4730 similibus
1184 4684 1363 4729 autem
1395 4674 1558 4747 M2
1593 4675 1728 4731 locis
1758 4684 1997 4729 mentem

422 4765 642 4829 adhibe,
670 4780 737 4819 an
768 4766 943 4835 possis
982 4766 1164 4822 dicere
1205 4766 1479 4822 sincerum
1518 4782 1712 4836 panem
1741 4781 1849 4823 non
1877 4780 1998 4821 esse

425 4856 672 4923 tinctum,
715 4859 810 4912 sed
854 4872 920 4914 ex
971 4872 1031 4913 se
1080 4873 1200 4914 esse
1270 4859 1557 4930 τρόφιμον,
1600 4857 1727 4931 [hoc
1786 4869 1869 4914 est
1899 4875 1997 4912 nu-

422 4946 649 5020 triens];
678 4949 808 5005 illud
851 4964 980 5004 vero
1014 4951 1156 5019 quod
1185 4949 1337 5006 Juda:
1371 4952 1626 5016 dabatur,
1669 4965 1776 5004 non
1823 4949 1995 5005 fuisse

422 5054 614 5108 panem
641 5081 657 5109 ,
704 5042 802 5097 sed
849 5041 1104 5110 oll‘ulam;
1155 5053 1210 5099 et
1256 5058 1363 5100 non
1401 5042 1621 5099 ollulam
1658 5044 1864 5115 absque
1895 5041 1996 5095 im-

515 5226 561 5258 ”
587 5225 743 5281 Juan.
769 5243 889 5291 xm,
925 5229 1016 5286 26.
1095 5232 1140 5263 ³³
1168 5230 1301 5285 ibid.
1328 5230 1420 5284 27.
1510 5230 1556 5261 “
1596 5229 1723 5284 ibid.
1747 5229 1803 5284 2.

2098 4587 2192 4640 καὶ
2249 4585 2426 4656 βάψας
2455 4586 2516 4639 τὸ
2554 4585 2789 4657 ψωμίον,
2840 4603 2860 4637 ι
2919 4584 3220 4656 λαμϐάνει,
3275 4584 3372 4637 καὶ
3412 4603 3431 4636 ι
3472 4583 3669 4636 δίδωσιν
3752 4616 3754 4633 ;

2110 4679 2282 4752 Ἰούδᾳ
2332 4679 2535 4750 Σίμωνι
2585 4677 2935 4752 Ἰσκαριώτῃ.
2974 4697 2993 4730 ι
3044 4679 3132 4742 Ὠς
3190 4680 3249 4731 ὲν
3299 4677 3569 4739 τοιούτοις
3613 4674 3668 4746 δὴ

2094 4771 2285 4832 τόποις
2323 4770 2560 4842 πρόσχες
2593 4770 2642 4822 εἰ
2675 4768 2896 4825 δύνασαι
2931 4768 3021 4822 τὸν
3060 4768 3328 4840 εἰλικρινῆ
3360 4770 3525 4841 ἄρτον
3552 4766 3669 4820 ἀϐα-
3752 4800 3754 4803 -

2097 4861 2172 4933 φῆ
2206 4861 2435 4930 φάσκειν
2474 4856 2615 4914 εἶναι
2638 4900 2653 4924 ,
2702 4861 2798 4913 καὶ
2835 4861 2956 4915 καθ’
3011 4859 3171 4913 αὑτὸν
3210 4859 3511 4931 τρόφιμον·
3539 4857 3668 4911 τὸδὲ
3752 4920 3754 4923 Ι

2100 4951 2179 5022 τῷ
2221 4950 2392 5022 Ἰούδᾳ
2423 4949 2787 5021 ἐπιδιδόμενον
2820 4950 2914 5003 καὶ
2938 4950 3037 5002 οὐκ
3072 4950 3235 5021 ἄρτος
3261 4944 3330 5019 ἦν
3356 4949 3418 5001 τὸ
3447 4947 3666 5018 ψωμίον,

2102 5045 2198 5098 καὶ
2227 5043 2286 5097 ού
2314 5042 2524 5115 ψωμίον
2554 5041 2782 5113 ἀϐαφὲς,
2826 5041 2962 5096 ἀλλά
3009 5040 3355 5113 βεϐαμμένον
3401 5040 3481 5110 τῷ
3522 5039 3667 5092 δυνα-

2140 5254 2164 5284 ι.
2193 5226 2451 5291 xxv,20;
2498 5226 2662 5279 Marc.
2693 5223 2880 5289 “325.
2953 5220 3237 5288 "Lue.x,
3269 5220 3323 5276 6.
3417 5220 3463 5253 ι’
3487 5216 3663 5274 llCor.

423 5308 540 5359 vm,
571 5296 656 5349 Η.
732 5299 791 5365 ,³⁸
815 5297 963 5357 Psal.
992 5316 1078 5370 η,
1108 5301 1191 5356 10.
1269 5300 1314 5333 ¹⁹
1342 5301 1510 5370 Apoc.
1534 5299 1783 5365 “11,”.
1870 5300 1915 5332 ³⁸

2140 5315 2244 5366 ml,
2277 5299 2332 5352 2.
2429 5297 2469 5328 ³⁸
2506 5294 2634 5350 ibid.
2671 5293 2765 5350 26.

631 5433 814 5513 βρύει
843 5436 1063 5513 Regius,
1094 5440 1337 5513 Σίμωνος
1375 5440 1741 5513 Ἰσκαριώτου.

491 5503 781 5581 (géildem
810 5503 1235 5578 code—(Regius,
1261 5509 1442 5581 δόσης,
1475 5503 1636 5568 m'ale,

494 5573 630 5653 (94')
666 5572 965 5641 Lacunam,
1012 5572 1171 5653 quam
1219 5572 1490 5653 asterisco
1527 5580 1737 5653 notavit
1767 5580 1990 5653 Ruams,

422 5644 640 5718 obvium
671 5655 792 5718 est,
843 5644 1186 5718 sequentium
1250 5651 1461 5704 ratiune
1512 5652 1720 5718 habita,
1784 5644 1993 5706 sarcire

420 5713 721 5787 supplendo
748 5715 995 5787 εἰρήνην.
1033 5716 1191 5772 Εοιτ.
1224 5718 1467 5775 Pnaoe.

368 5843 391 5861 ‘
493 5783 607 5845 (95)
640 5783 899 5839 Κατίίέὸ
929 5783 1054 5845 λετ.
1093 5788 1250 5843 Deest
1301 5791 1354 5845 in
1405 5790 1528 5846 cod.
1569 5790 1880 5846 Bodleiano.

2163 5438 2273 5508 (96)
2294 5434 2908 5508 le.__Reg.,lc9rrupl_e,
2940 5433 3043 5508 acut
3072 5430 3302 5508 deum;
3326 5432 3406 5492 εἰς
3425 5428 3543 5508 ¹τήν,
3564 5434 3658 5507 etr.

2098 5580 2110 5592 ο
2164 5500 2628 5592 (θῆρζσῆλθεν.
2664 5500 2826 5560 Deest
2849 5505 2901 5558 in
2926 5504 3113 5558 codice
3141 5500 3334 5572 Regio,
3367 5500 3461 5553 sed
3485 5500 3663 5565 legitur

2097 5580 2151 5634 in
2180 5578 2500 5631 Bodleiano.
3560 5604 3589 5629 ,

2097 5719 2105 5729 .
2163 5648 2276 5729 (98)
2309 5645 2524 5729 Αρςοῦ-
2576 5646 2734 5729 θεοξι
2776 5645 2833 5729 ir
2867 5640 3280 5729 ςράίεεῐιεεῖςιε
3326 5638 3661 5729 59392-22:
3752 5638 3754 5649 '

2092 5711 2286 5787 legitur
2319 5733 2332 5768 :
2368 5719 2483 5787 Ἵνα
2516 5713 2746 5786 παραδῷ
2790 5713 2989 5777 Ἰούδας
3039 5711 3280 5782 Σίμωνος
3326 5711 3661 5779 Ἰσκαριώτης
3752 5756 3754 5763 .

2089 5786 2180 5841 τὸν
2212 5786 2560 5841 Διδάσκαλον.
