3784 6546
96 356 182 414 805
1091 355 1449 413 COMMENT.
1496 355 1560 411 IN
1597 354 1792 412 JOAN.
1833 357 2074 415 TOMUS
2113 357 2338 417 XXXII.

3209 364 3319 422 806

99 470 217 543 μένῳ
238 468 560 524 άποσπᾶσαι
595 470 694 541 τῆς
727 471 904 542 ψυχῆς
956 472 1121 527 αὐτοῦ
1161 475 1259 546 τὴν
1298 476 1405 529 ἀπὸ
1441 474 1535 528 τοῦ
1572 474 1643 528 λό-

1819 479 2053 542 ersiene,
2089 480 2184 534 sed
2214 481 2460 543 tinctam.
2495 493 2548 538 et
2579 484 2890 541 immersam
2918 488 2987 541 ab
3016 502 3081 543 eo
3112 490 3203 558 qui
3228 506 3335 567 po-

95 580 172 631 γον
198 562 285 615 ἐπ)⁵
310 561 481 617 ποσὸν
510 564 873 635 ἐγγινομένην
904 564 1113 636 pateﬁt”
1140 566 1227 619 ἵνα
1260 566 1397 637 μετὰ
1431 566 1494 619 τὸ
1536 565 1653 635 ψω-

98 656 194 722 μίου
221 652 436 728 εἰσέλθῃ
490 657 702 709 ἐκεῖνον
734 658 762 709 ό
791 658 1056 721 Σατανᾶς.
1099 656 1241 726 Ἐγὼ
1271 658 1328 711 δὲ
1357 656 1653 728 ζητήσαιμ)

95 749 144 802 ἂν
170 748 237 811 ὡς
261 747 586 819 τούτῳ“(99)
647 749 909 819 συγγενὲς
942 750 1004 803 τὸ
1044 751 1153 804 ἀπὸ
1181 750 1276 805 τοῦ
1310 750 1452 804 κατὰ
1500 751 1655 804 Ματ-

96 838 245 890 θαϊον·
271 855 290 888 ι
331 836 390 890 '0
436 837 697 908 ἐμϐάψας
736 837 834 909 τὴν
883 841 1043 910 χεῖρα
1098 841 1214 910 μετ’
1266 840 1402 910 ἐμοῦ
1463 841 1521 893 ἐν
1576 839 1654 911 τῷ

94 927 318 999 τρυϐλίῳ,
351 920 511 992 οὗτός
542 945 610 999 με
640 928 1003 1001 παραδώσει·ι
1041 931 1135 983 καὶ
1164 929 1226 983 τὸ
1253 931 1362 985 ἀπὸ
1387 929 1480 984 τοῦ
1512 931 1653 985 κατὰ

94 1022 287 1092 Μάρκον
310 1037 324 1050 ·
366 1040 384 1072 ι
428 1021 490 1074 '0
515 1020 929 1093 ἐμϐαπτόμενος
964 1025 1081 1093 μετ’
1113 1023 1248 1094 ἐμοῦ
1298 1025 1377 1087 εἰς
1423 1023 1481 1076 τὸ
1522 1041 1651 1093 τρυ-

94 1114 230 1166 ϐλίονθ
261 1132 280 1165 ι
311 1114 409 1167 καὶ
439 1113 504 1166 τὸ
543 1114 652 1166 ἀπὸ
675 1114 768 1167 τοῦ
797 1114 940 1169 κατὰ
972 1117 1186 1168 Λουκᾶν
1217 1114 1295 1179 δὲ,
1346 1116 1393 1168 εἰ
1427 1114 1521 1168 καὶ
1575 1114 1650 1186 μὴ

91 1204 311 1276 ὀνομάζει
346 1206 428 1258 τό·
471 1225 491 1257 ι
527 1207 803 1286 ἐμϐάψας,
846 1227 864 1258 ι
905 1207 1021 1261 ἀλλ’
1120 1208 1254 1278 φησί
1306 1224 1369 1276 γε
1396 1223 1410 1236 ’
1448 1227 1466 1259 ι
1502 1207 1649 1278 Πλὴν

94 1297 179 1349 ἰδοὺ
214 1299 245 1367 ἡ
283 1298 410 1368 χεὶρ
446 1296 542 1352 τοῦ
575 1297 960 1371 παραδιδόντος
989 1316 1055 1370 με
1098 1300 1216 1369 μετ’
1247 1298 1382 1369 ἐμοῦ
1414 1300 1507 1352 ἐπὶ
1550 1301 1650 1371 τῆς

88 1385 353 1461 τραπέζης.
389 1407 409 1440 ι
462 1388 523 1442 '0
579 1388 677 1460 μὲν
700 1383 794 1441 οὗν
824 1388 954 1459 περὶ
1005 1385 1194 1439 τούτου
1237 1384 1441 1458 ἀληθὴς
1492 1385 1648 1455 λόγος

88 1481 212 1554 παρὰ
260 1484 371 1545 τοῖς
431 1480 573 1548 ἐμοῦ
632 1480 880 1553 εὑρεθείη
939 1480 1006 1534 ἂν
1052 1479 1232 1550 πολλῷ
1278 1478 1605 1550 σοφωτέροις
1631 1493 1646 1508 ·

88 1576 173 1644 ἐγὼ
200 1575 252 1628 δέ
283 1573 622 1645 στοχάζομαι
655 1575 861 1645 μήποτε
892 1572 987 1627 atat
1018 1572 1080 1625 τὸ
1112 1572 1326 1635 ἀναιδὲς
1346 1570 1440 1624 τοῦ
1476 1569 1647 1623 Ἰούδα

88 1670 159 1721 καὶ
183 1670 235 1720 ἐν
262 1667 439 1739 τούτῳ
472 1667 801 1739 ἐμφαίνεται
839 1666 913 1738 μὴ
939 1664 1208 1737 τιμῶντος
1261 1664 1353 1717 τὸν
1379 1663 1645 1718 Διδάσκα-

87 1762 154 1812 inv
180 1802 192 1823 ,
234 1762 289 1815 ἐν
339 1759 422 1831 τῷ
477 1758 804 1824 συνεσθίειν,
842 1758 980 1830 μηδέ
1015 1754 1467 1830 παραχωροῦντος
1498 1755 1646 1827 αὐτῷ

86 1853 160 1922 τῆς
180 1820 271 1916 εἰς
305 1852 369 1905 τὸ
389 1820 663 1923 ’τρυϐλίον
696 1820 987 1922 ἐμϐάιιιεως
1010 1890 1025 1916 ,
1069 1820 1146 1913 ως
1166 1820 1545 1920 ’παρεχώρουν
1596 1820 1644 1901 oi
1681 1820 1721 1875 Β

87 1946 246 1999 λοιποί.
300 1946 511 2014 Διόπερ
565 1943 788 1998 ἐκείνων
842 1942 941 2013 μὲν
989 1940 1166 2005 οὐδεὶς
1222 1942 1488 1995 ἐνέϐαπτε
1545 1941 1645 2012 τὴν

84 2042 211 2108 χεῖρα
248 2039 326 2101 εἰς
365 2037 430 2090 τὸ
485 2035 741 2108 τρυϐλίον
797 2035 913 2103 μετ’
970 2033 1157 2087 αὑτοῦ·
1205 2027 1359 2097 οὗτος
1402 2033 1494 2095 δὲ,
1544 2033 1645 2085 οὐκ

88 2130 218 2193 ἀξιῶν
250 2129 365 2200 μετ’
393 2116 581 2182 αὐτῶν
616 2127 937 2198 ἐμϐάπτειν,
987 2128 1105 2197 μετ’
1138 2123 1305 2179 αὐτοῦ
1357 2125 1643 2187 ἐνέδαπτε,

87 2223 162 2293 τὴν
193 2223 405 2294 ἰσότητα
445 2221 619 2276 θέλων
652 2221 798 2293 ἔχειν
826 2222 964 2291 πρὸς
996 2221 1182 2283 αὑτὸν,
1211 2220 1329 2274 δέον
1353 2220 1504 2292 αὑτῷ
1538 2238 1645 2273 πα·-

89 2318 317 2387 ρξιχωρεῖν
363 2313 471 2383 τῆς
524 2313 820 2385 ὑπεροχῆς.
858 2314 1008 2383 Τάχα
1039 2308 1133 2366 οὖν
1183 2311 1278 2365 τοῦ
1318 2312 1481 2365 αὐτοῦ
1530 2312 1648 2384 ἐχε-

84 2424 153 2459 τει
178 2407 261 2459 καὶ
291 2405 382 2459 τό·
424 2424 443 2457 ι
487 2404 637 2475 Πλὴν
670 2404 781 2473 ἰδοὺ
810 2405 843 2475 ή
874 2404 995 2477 χεὶρ
1028 2403 1123 2457 τοῦ
1162 2403 1546 2475 παραδιδόντος
1578 2420 1675 2474 με,

88 2500 177 2565 μετ³
206 2497 334 2569 ἐμοῦ
362 2498 463 2550 ἐπὶ
492 2496 595 2566 τῆς
620 2495 922 2567 τραπέζης.
958 2514 975 2547 t
1017 2496 1126 2549 Καὶ
1172 2493 1647 2567 χαριεντιζόμενος

162 2606 279 2643 ποτε
326 2591 411 2653 εἰς
460 2586 780 2661 προτροπὴν
824 2589 964 2650 νέοις
1013 2586 1143 2660 περὶ
1176 2586 1278 2657 τῆς
1312 2588 1371 2640 ἐν
1403 2586 1643 2641 ἑστιάσει

86 2683 220 2754 τιμῆς
248 2682 356 2736 τῶν
388 2679 786 2755 πρεσϐυτέρων
812 2719 827 2744 ,
880 2680 1164 2751 συγχρήσῃ
1200 2676 1275 2750 (l)
1323 2676 1402 2748 τῷ
1447 2678 1597 2749 ῥητῷ
1629 2716 1644 2741 ,

89 2776 156 2827 ἵνα
180 2775 247 2846 μὴ
278 2772 614 2827 συνθλίϐωσι
642 2772 741 2842 τὴν
772 2773 930 2842 χεῖρα
961 2770 1070 2823 τῶν
1110 2769 1516 2841 πρεσϐυτέρων.
1546 2770 1646 2822 Γέ-

87 2885 295 2938 γραπται
322 2866 437 2936 γὰρ
461 2866 562 2919 καὶ
590 2863 768 2918 τοῦτο*
807 2883 825 2915 ι
854 2862 947 2934 Μὴ
1000 2860 1287 2915 συνθλίϐου
1326 2862 1442 2932 μετ’
1477 2861 1645 2915 αὐτοῦ

87 2962 130 3012 ἐν
150 2959 216 3030 τῷ
235 2957 496 3033 τρυϐλίῳ.
532 2977 552 3008 ι
586 2956 701 3010 Οὐκ
724 2953 1050 3024 ἀγνοοῦντες
1077 2953 1135 3008 δέ
1159 2952 1315 3019 δόξαν
1350 2952 1645 3025 περιέργου

85 3048 367 3120 ζητήσεως,
403 3048 505 3102 καὶ
542 3045 750 3101 πείθειν
782 3045 856 3116 μὴ
898 3042 1203 3115 δυναμένης
1234 3043 1327 3097 τὸν
1369 3044 1646 3116 ἀκροατὴν

85 3143 345 3211 ἀπολογίας
370 3138 753 3211 ἀποφέρεσθαι
792 3139 868 3208 (εὶ)
900 3137 1051 3209 παρὰ
1082 3139 1195 3200 τοῖς
1236 3135 1441 3190 τούτων
1479 3136 1639 3190 ἁκού-

83 3251 196 3301 ουσι,
229 3234 399 3289 ταῦτα
430 3233 841 3303 ἐτολμήσαμεν,
877 3233 1123 3302 κρεῖττον
1157 3224 1298 3283 εἴναι
1329 3228 1641 3298 νομίζοντες

83 3328 128 3380 :b
152 3329 316 3382 πάντα
354 3322 673 3398 βασανίζειν
693 3322 796 3378 τοῦ
844 3322 1134 3394 παρελθεῖν
1182 3339 1236 3375 τι
1274 3321 1639 3375 ἀϐασάνιστον

82 3421 168 3478 τῶν
187 3436 353 3493 γεγρα
360 3417 610 3491 μμένων.

136 3510 211 3564 15.
241 3508 593 3572 Εἰσελθόντος
629 3505 808 3577 μέντοι
829 3502 923 3557 τοῦ
948 3504 1162 3559 Σατανᾶ
1192 3503 1274 3567 εἰς
1299 3504 1389 3558 τὸν
1413 3503 1637 3566 Ἰούδαν.

89 3602 273 3672 ιφησὶν
318 3598 471 3670 αὐτῷ
508 3597 584 3669 (5)
627 3599 657 3650 ὁ
689 3594 933 3667 Ἰησοῦς·
984 3596 1051 3647 Ὅ
1099 3597 1302 3660 ποιείς,
1356 3595 1497 3647 ποίει
1545 3596 1640 3649 τά-

84 3708 191 3761 χιον·
225 3711 243 3745 ι
271 3692 377 3745 τίνι
412 3690 505 3754 δὲ,
535 3687 706 3758 αὐτῷ,
734 3685 1056 3758 ἀμφίϐολον·
1093 3686 1216 3739 ἐπεὶ⁵
1242 3685 1464 3740 δύναται
1492 3685 1640 3757 αὐτῷ

82 3784 141 3853 τῷ
173 3785 333 3857 Ἰούδᾳ
362 3785 464 3855 (4),
519 3782 556 3855 ἢ
602 3782 683 3853 τῷ
738 3782 951 3852 Σατανᾷ
998 3780 1276 3852 εἰρηκέναι
1321 3783 1351 3833 ὁ
1388 3779 1591 3851 Κύριος
1621 3795 1635 3807 ’

87 3892 100 3923 ι
128 3876 183 3929 ‘0
213 3877 412 3939 ποιεῖς,
462 3873 695 3945 ποίησον
726 3858 933 3942 τάχιον,
967 3890 986 3922 ι
1044 3871 1489 3943 προκαλούμενος
1544 3870 1639 3923 τὸν

83 3966 455 4036 ἀνταγωνιστὴν
502 3964 598 4019 ἐπὶ
643 3965 740 4036 τὴν
794 3963 973 4034 πάλην
1007 3962 1122 4035 (5),
1163 3963 1195 4035 ἢ
1242 3962 1334 4016 τὸν
1372 3962 1638 4033 προδότην

84 4059 156 4110 ἐπὶ
214 4060 271 4112 τὺ
325 4057 651 4128 διακονῆσαι
710 4058 777 4128 τῇ
838 4055 1092 4127 σωτηρίῳ
1158 4054 1347 4125 κόσμῳ
1407 4052 1637 4124 ἐσομένη

80 4151 359 4223 οἰκονομία·
410 4150 481 4222 ἢν
524 4149 628 4202 οὐκ
681 4146 761 4202 ἐτι
820 4146 1035 4219 μέλλειν
1061 4187 1076 4212 ,
1130 4145 1253 4200 οὐδέ
1310 4144 1593 4217 βραδύνειν
1619 4184 1636 4209 ,

82 4241 170 4295 ἀλλ’
210 4244 304 4318 ὅση
344 4242 583 4314 δύναμις
622 4239 876 4311 ταχύνειν
925 4238 1115 4311 ἤθελεν
1156 4237 1253 4311 (6)°
1288 4240 1348 4292 οὐ
1382 4238 1593 4292 δειλιῶν
1619 4279 1636 4305 ,

80 4332 139 4396 ὡς
171 4334 362 4389 οἴονταί
412 4348 563 4395 τινες
604 4328 716 4383 τῶν
771 4327 846 4401 μὴ
911 4329 1221 4400 νοησάντων
1272 4327 1393 4381 τίνα
1438 4329 1638 4401 τρόπον

80 4420 204 4478 εἴπεο
242 4446 259 4479 ι
294 4426 480 4496 Πάτερ
505 4465 522 4489 ,
560 4424 611 4476 εί
639 4421 895 4485 δυνατὸν,
946 4418 1262 4492 παρελθέτω
1291 4419 1353 4483 τὸ
1380 4421 1636 4492 ποτήριον

80 4514 228 4579 τοῦτο,
267 4535 286 4569 ι
321 4514 458 4569 ἀλλὰ
490 4509 915 4584 θαρῤαλεώτατα
959 4510 1052 4563 ἐπὶ
1079 4509 1176 4564 τὸν
1205 4510 1412 4579 ἀγῶνα,
1444 4510 1509 4564 ἵν’
1541 4509 1635 4563 οῦ-

80 4625 166 4673 τως
186 4608 320 4664 εἴπω
345 4608 421 4682 (7)
445 4648 461 4673 ,
490 4604 876 4676 ἀποδυόμενος.
926 4602 1150 4673 Νομίζω
1194 4602 1251 4656 δὲ
1284 4604 1379 4656 καὶ
1420 4602 1511 4656 τὸν
1543 4608 1637 4668 κς¹

78 4698 259 4769 ψαλμὸν
298 4702 365 4753 ἐκ
411 4693 714 4769 προσώπου
749 4690 841 4746 τοῦ
884 4691 1135 4762 Σωτῆρος
1197 4690 1638 4763 προφητεὺεσοαι

80 4792 203 4861 παρᾶ
232 4793 321 4846 τὸν
340 4789 539 4860 καιρὸν
568 4783 664 4839 τοῦ
696 4783 900 4846 πάθους
920 4821 933 4846 ,
974 4783 1068 4835 καὶ
1096 4780 1191 4834 τοῦ
1233 4780 1469 4855 πονηροῦ
1503 4798 1639 4835 παν-

81 4880 271 4950 στρατεὶ
286 4875 698 4949 ἀγωνιζομένου
712 4874 829 4928 κατ’
846 4872 1032 4927 αὐτοῦ·
1064 4872 1316 4932 οὕστινας
1334 4870 1457 4923 ἰδὼν
1486 4870 1640 4924 ὁπλι-

80 4968 307 5038 ζομένους
336 4970 462 5025 καθ’
487 4967 656 5022 αὑτοῦ
677 5006 692 5030 ,
724 4966 819 5020 καὶ
873 4965 1243 5037 κινουμένους,
1268 4963 1640 5035 ἡνίκαιπαρέ-

82 5076 259 5131 madv
280 5066 328 5116 οί
359 5062 609 5133 βασιλεῖς
629 5058 728 5130 τῆς
747 5058 870 5128 γῆς,
889 5059 984 5113 καὶ
1008 5058 1058 5111 οἱ
1084 5057 1345 5129 ἄρχοντες
1368 5052 1641 5126 συνήχθη-

125 5249 162 5283 ³³
198 5244 384 5303 Matth.
409 5262 563 5311 nrt,
586 5243 679 5303 23.

74 5334 173 5385 un,
211 5317 303 5377 27.
409 5319 457 5356 ³⁷
487 5316 687 5371 Matth.
719 5330 872 5382 xxvr,
906 5315 992 5374 l9.

127 5449 228 5525 (θῇ)
242 5445 699 5525 _Codex_Regius,
739 5445 897 5525 male,
926 5444 1027 5525 τῂν
1050 5444 1141 5525 τιὶ
1163 5459 1260 5525 pro
1291 5442 1485 5513 τούτῳ.

130 5515 196 5590 ll)
209 5515 221 5523 ’
234 5515 594 5590 Συγχρῄσῃζ
612 5515 773 5590 Deest
798 5518 850 5570 in
887 5515 1293 5590 codicellegio.

130 5522 168 5583 ll
211 5522 584 5590 Συγχρήσῃ.
615 5522 773 5570 Deest
798 5522 850 5570 in
887 5522 1076 5571 codice
1104 5522 1293 5585 ltegio.

78 5522 684 5714 5τξξξξμ’λέλετίθᾱρέρεσθαιο
712 5584 1019 5656 Legendum
1051 5586 1264 5642 videtur
1297 5583 1397 5636 οὐκ
1430 5583 1635 5652 ἀποφέ-

250 5696 442 5795 imula-
503 5722 688 5790 αὐτῷ.
740 5723 918 5783 Codex
979 5725 1199 5796 Regius,
1257 5724 1425 5794 λέγει,
1470 5725 1635 5797 φησὶν

76 5812 208 5871 λετῳ,

1762 578 1903 624 terat
1934 572 2003 624 ab
2037 572 2217 625 anima
2250 571 2421 639 ipsius
2448 575 2685 631 avellere
2732 592 2949 632 omnem
2982 580 3272 635 tincturam
3304 596 3335 632 a

1758 662 1972 717 ratione
2004 647 2399 732 aliquantulum
2432 668 2692 732 infusam,
2745 678 2804 722 ut
2848 678 2969 738 post
3000 670 3218 725 oﬂ‘ulam
3251 672 3334 724 in-

1755 753 2075 820 grederetur
2119 755 2170 809 in
2206 756 2356 810 illum
2393 757 2653 813 Satanas.
2689 760 2760 814 At
2792 774 2896 830 ego
2920 760 3100 815 adhuc
3133 777 3335 831 quaere-

1756 858 1871 899 rem
1898 848 2041 914 quod
2072 847 2125 900 in
2157 847 2418 905 Matthan
2453 852 2714 905 scribitur
2742 851 2867 907 huic
2902 852 3023 908 loco
3045 851 3223 916 aliine.
3254 856 3336 910 sic

1756 933 1963 990 habens
1995 953 2011 990 :
2046 955 2064 987 ι
2105 936 2206 1003 Qui
2243 939 2472 994 intinxit
2506 956 2716 996 meeum
2759 956 2976 996 manum
3028 942 3080 996 in
3132 945 3333 1005 catino.

1756 1024 1845 1079 hic
1875 1041 1960 1079 me
1989 1029 2303 1095 proditurus
2338 1040 2423 1086 est
2453 1031 2539 1097 u;
2577 1049 2596 1082 ι
2626 1032 2756 1086 item
2792 1034 2920 1087 illud
2960 1034 3104 1103 quod
3137 1034 3335 1088 scribit

1755 1114 1970 1171 Marcus
1993 1118 2080 1171 "z
2119 1138 2138 1170 ι
2180 1120 2453 1191 lntingcns
2487 1138 2699 1177 meeum
2750 1124 2802 1177 in
2832 1125 3052 1189 catino;
3091 1144 3111 1178 ›
3147 1141 3338 1180 rursus

1753 1204 1918 1258 etiam
1967 1209 2110 1276 quod
2158 1208 2338 1265 Lucas
2377 1210 2444 1274 ³⁸⁸,
2493 1212 2710 1267 etiamsi
2749 1229 2853 1268 non
2886 1215 3072 1280 dicat,
3104 1234 3124 1266 ι
3165 1215 3337 1269 intin-

1755 1295 1853 1359 xit,
1903 1315 1921 1348 ι
1958 1297 2054 1352 sed
2100 1308 2307 1354 tantum
2344 1320 2355 1354 :
2393 1321 2413 1354 ι
2466 1302 2846 1359 Verumtamen
2896 1321 2963 1359 en
3008 1323 3202 1361 manus
3248 1322 3338 1361 me

1751 1389 2029 1457 prodentis
2052 1401 2136 1446 est
2167 1408 2376 1448 mecum
2422 1396 2474 1449 in
2509 1411 2716 1451 mensa.
2770 1417 2789 1449 ι
2824 1384 3002 1467 Atque
3033 1414 3195 1453 verus
3216 1399 3339 1468 qui-

1750 1474 1872 1529 dem
1911 1477 2063 1533 hisce
2096 1482 2164 1535 de
2196 1482 2359 1537 rebus
2387 1498 2570 1539 sermo
2596 1486 2905 1541 inveniatur
2935 1488 3075 1557 apud
3111 1502 3204 1543 eos
3236 1491 3331 1559 qui

1752 1583 1838 1624 me
1884 1567 2041 1639 luttge
2085 1572 2353 1640 sapientia
2386 1585 2673 1642 praestant,
2703 1591 2806 1646 ego
2836 1587 3017 1632 autem
3054 1579 3335 1649 conjector

1750 1671 1819 1711 ne
1851 1657 1992 1714 forte
2034 1660 2367 1730 impudentia
2396 1663 2549 1719 Judte
2595 1678 2859 1737 appareat
2891 1668 2993 1723 hac
3025 1684 3245 1739 quoque
3273 1671 3330 1724 in

1754 1763 1834 1813 re,
1866 1764 1972 1803 non
2006 1750 2324 1806 honorantis
2352 1752 2670 1824 Magistrum
2697 1756 2748 1809 in
2774 1756 3048 1820 convivio,
3070 1759 3198 1812 dum
3222 1773 3332 1811 una

1750 1841 2102 1909 comederet;
2156 1857 2332 1912 neque
2378 1843 2675 1901 deferentis
2724 1847 2823 1913 illi,
2869 1849 2996 1903 dum
3047 1849 3102 1903 in
3151 1850 3334 1906 catino

1751 1930 2124 2000 immergeret,
2152 1941 2210 1987 ut
2242 1935 2423 1988 caeteri
2453 1935 2791 1991 deferebant.
2826 1936 2978 1992 Hanc
3017 1938 3088 1993 ob
3110 1954 3331 1994 causam

1748 2036 1873 2074 cum
1907 2036 2065 2075 nemo
2091 2022 2304 2077 illorum
2340 2024 2686 2097 immergeret
2716 2044 2839 2083 cum
2876 2027 3029 2091 Jesu.
3080 2032 3196 2101 ipse
3238 2032 3332 2101 qui

1751 2129 1855 2167 non
1882 2114 2213 2183 dignabatur
2256 2133 2378 2170 cum
2428 2118 2533 2174 illis
2576 2120 2922 2189 immergere,
2957 2123 3330 2192 aequalitatem

1750 2206 1934 2260 volens
1956 2221 2081 2260 cum
2115 2208 2208 2262 illo
2254 2210 2477 2276 habere,
2503 2226 2626 2265 cum
2658 2212 2775 2282 ipso
2799 2214 3184 2284 immergebat,
3207 2232 3331 2273 cum

1748 2297 1943 2352 cedere
1995 2298 2275 2354 debuisset
2334 2302 2672 2357 excellentiae
2729 2305 2918 2374 ipsius.
2962 2306 3331 2374 Quamobrem

1753 2388 1879 2442 huic
1924 2388 2161 2444 fortasse
2207 2392 2519 2460 proximum
2561 2403 2644 2448 est
2682 2393 2811 2450 illud
2845 2413 2860 2449 :
2891 2414 2909 2447 ι
2943 2394 3331 2452 Verumtamen

1748 2497 1816 2535 en
1852 2496 2043 2535 manus
2068 2497 2153 2537 me
2177 2484 2476 2550 prudentis,
2513 2500 2728 2539 mecum
2769 2496 2855 2541 est
2879 2486 2932 2542 in
2961 2503 3167 2543 mensa.
3201 2508 3220 2540 ι
3253 2490 3335 2545 Ac

1750 2574 1995 2645 profecto
2021 2578 2274 2646 quisquis
2318 2579 2526 2632 urbane
2557 2578 2853 2647 aliquando
2877 2579 3113 2649 juvenes
3139 2582 3333 2636 admo-

1750 2668 1955 2731 nuerit,
1985 2677 2043 2721 ut
2077 2669 2389 2724 senioribus
2419 2670 2470 2723 in
2517 2670 2785 2725 conviviis
2816 2670 3089 2737 deferant,
3122 2672 3225 2726 hoc
3255 2671 3336 2727 di-

1748 2767 1837 2812 cto
1859 2768 2067 2823 utetur,
2097 2774 2167 2814 ne
2218 2775 2440 2813 manmn
2469 2762 2841 2830 comprimunt
2880 2777 3102 2816 suorum
3149 2764 3335 2818 seniu-

1750 2864 1892 2903 rum.
1917 2849 2191 2920 Scriptum
2217 2860 2300 2907 est
2333 2852 2478 2906 enim
2509 2861 2563 2905 et
2589 2852 2691 2907 hoc
2730 2867 2985 2922 quoque:
3022 2871 3042 2906 ι
3075 2853 3153 2908 Ne
3182 2870 3336 2909 con;-

1750 2943 2007 3010 printaris
2038 2960 2159 2999 cum
2187 2960 2255 3000 eo
2280 2946 2332 2999 in
2364 2944 2549 2999 catino
2573 2946 2639 3001 ³⁸.
2678 2965 2698 2997 ι
2749 2945 3022 3002 Caeterum
3052 2962 3158 3002 non
3181 2947 3335 3018 igno-

1752 3042 1935 3088 rantes
1984 3034 2051 3088 de
2076 3035 2290 3089 curiosa
2315 3035 2634 3104 quaestione,
2662 3045 2718 3091 et
2743 3035 2809 3091 de
2842 3035 3165 3092 defensione
3214 3052 3335 3107 per-

1749 3123 1980 3177 suadere
2007 3122 2242 3177 auditori
2268 3139 2374 3178 non
2402 3124 2623 3189 valenti,
2648 3125 2876 3195 gloriam
2905 3141 3010 3179 non
3045 3128 3322 3197 reportari

1752 3215 1892 3283 apud
1920 3229 2014 3270 eos
2043 3216 2135 3284 qui
2183 3215 2298 3270 haec
2327 3217 2574 3280 audiunt,
2602 3216 2717 3271 haec
2746 3217 2864 3271 ausi
2885 3232 3095 3281 sumus,
3139 3218 3335 3273 melius

1747 3321 1871 3361 esse
1894 3308 1995 3361 rati
2034 3310 2217 3363 omnia
2242 3310 2528 3379 explorare
2555 3325 2719 3381 quam
2751 3310 2956 3382 aliquid
2993 3311 3139 3382 quod
3189 3313 3332 3368 scri-

1749 3404 1898 3464 ptum
1926 3398 1997 3453 sit
2026 3400 2312 3467 praeterire
2334 3401 2627 3455 intactum.

1820 3487 1909 3542 {5.
1940 3488 2077 3543 Cum
2103 3505 2234 3545 vero
2255 3490 2536 3558 ingressus
2562 3492 2754 3547 fuisset
2778 3492 3013 3549 Satanas
3034 3494 3086 3549 in
3106 3493 3333 3561 Judam,

1753 3596 1772 3628 ι
1805 3579 1937 3633 dicit
1980 3579 2055 3633 illi
2090 3578 2291 3635 Iesus:
2323 3581 2478 3647 Quod
2521 3582 2682 3651 facis,
2720 3584 2804 3637 fac
2856 3585 3011 3641 ocius
3035 3585 3123 3651 ³⁶;
3179 3605 3200 3638 ι
3238 3589 3333 3643 sed

1747 3670 1832 3724 cui
1867 3670 2013 3724 dicat
2057 3671 2278 3725 dubium
2311 3682 2431 3738 est;
2486 3688 2611 3726 nam
2659 3674 2741 3727 vel
2779 3673 2934 3729 Iuda:
2987 3676 3068 3730 vel
3117 3677 3334 3731 Satanae

1746 3772 1928 3832 potest
1960 3762 2163 3817 dixisse
2187 3762 2450 3816 Dominus
2476 3779 2491 3818 :
2558 3781 2579 3814 ι
2603 3763 2755 3830 Quod
2785 3763 2951 3830 facis,
2978 3765 3066 3821 fac
3106 3767 3281 3831 ocius,
3305 3785 3329 3821 ι

1750 3853 1991 3909 invitans
2015 3855 2096 3908 vel
2128 3855 2530 3922 antagonistam
2559 3855 2628 3910 ad
2660 3871 2895 3926 pugnam
2922 3872 2939 3921 ;
2988 3857 3069 3911 vel
3098 3858 3332 3926 prodito-

1748 3962 1862 4002 rem
1913 3947 1980 3999 ad
2025 3946 2551 4000 subministrandum
2604 3947 3033 4016 dispensationi,
3082 3962 3202 4017 quae
3249 3959 3331 4001 to-

1751 4045 1801 4090 to
1857 4036 1977 4091 orbi
2033 4034 2316 4090 salutifera
2381 4034 2568 4089 futura
2588 4042 2760 4101 erat;
2826 4052 2990 4107 quam
3057 4051 3162 4089 non
3215 4051 3331 4089 am-

1745 4128 1887 4199 plius
1965 4128 2250 4183 retardare
2288 4165 2304 4193 ,
2370 4128 2466 4181 sed
2543 4141 2645 4196 pro
2720 4125 2932 4181 viribus
3018 4125 3330 4181 accelerare

1746 4221 2026 4285 volebat;
2103 4233 2211 4273 non
2300 4228 2600 4285 metuens,
2672 4226 2732 4273 ttt
2809 4219 3031 4288 quidam
3124 4218 3330 4272 existi-

1746 4323 1937 4379 mant,
1997 4330 2103 4369 non
2177 4313 2545 4383 intelligentes
2608 4313 2882 4381 quomodo
2945 4311 3112 4384 “3
3176 4312 3330 4366 dixe—

1747 4409 1819 4462 rit
1866 4426 1879 4462 :
1937 4424 1956 4459 ι
2010 4406 2209 4472 Pater,
2269 4404 2315 4459 si
2372 4403 2488 4459 fieri
2545 4412 2769 4473 potest,
2839 4412 3084 4457 transeat
3157 4416 3187 4455 a
3244 4414 3331 4455 me

1748 4500 1892 4555 c'alix
1938 4499 2040 4553 isle
2078 4498 2143 4563 ³⁷,
2190 4516 2210 4551 ι
2264 4494 2361 4551 sed
2409 4495 2872 4551 confidentissime
2916 4495 2982 4550 ad
3029 4502 3328 4558 certamen,

1744 4606 1803 4651 ut
1835 4593 1910 4649 ita
1939 4593 2151 4662 loquar,
2198 4599 2415 4651 exutus.
2454 4588 2692 4644 Proinde
2725 4588 2968 4644 arbitror
3014 4585 3329 4641 vicesimum

1743 4699 1954 4744 sextum
1984 4687 2149 4742 etiam
2184 4684 2450 4755 psalmum
2492 4697 2561 4738 ex
2602 4696 2833 4752 persona
2869 4677 3176 4735 Servatoris
3198 4689 3327 4744 pro-

1741 4779 2018 4848 phetatum
2067 4774 2236 4830 fuisse
2289 4780 2508 4843 propter
2540 4781 2753 4839 tempus
2792 4766 3083 4837 passionis,
3114 4760 3327 4817 diabolo

1746 4870 1873 4925 totis
1905 4869 2110 4923 viribus
2138 4868 2405 4923 adversus
2444 4880 2566 4920 eum
2591 4861 2983 4924 contendentc;
3005 4870 3140 4927 quos
3163 4852 3324 4908 intui-

1743 4969 1832 5016 tus
1864 4961 2152 5015 adversmn
2177 4974 2238 5014 se
2270 4965 2529 5020 armatos,
2556 4964 2720 5023 atque
2744 4952 2812 5007 ad
2834 4963 3064 5019 pugnam
3084 4955 3323 5016 paratos,

1745 5053 1965 5121 quando
1998 5070 2018 5104 ι
2054 5045 2350 5108 astiterunt
2398 5060 2553 5117 reges
2583 5052 2765 5109 terrae,
2806 5049 2862 5096 et
2890 5037 3168 5110 principes
3218 5050 3323 5089 una

772 5244 819 5277 "
844 5244 1009 5299 Marc.
1030 5259 1142 5307 xlv,
1172 5242 1262 5301 20.
1340 5242 1386 5275 ”
1409 5241 1539 5298 Luc.
1563 5259 1701 5312 χχιι,
1734 5244 1823 5299 ﬁt.
1902 5242 1947 5276 ³⁸
1964 5239 2131 5297 Eccli.
2157 5254 2309 5306 xui,
2339 5237 2429 5303 l7,
2454 5234 2590 5289 alias
2613 5244 2802 5295 xxxrv,
2826 5226 2917 5294 14,
2945 5226 3028 5281 l7.
3105 5221 3323 5278 “Joan.

1818 5444 1894 5518 (4,)
1929 5443 2080 5518 Idem
2112 5438 2535 5518 codex__R_egius,
2565 5436 2791 5518 δύναται
2818 5432 2896 5505 τῷ
2921 5429 3137 5518 ,Ἰούδας
3156 5499 3228 5518 ΛΒ

1942 5499 2126 5587 Codex
2185 5499 2535 5574 Bodleia'nus,
2584 5510 2813 5578 Optime,
2866 5499 3322 5574 adlqvfltegius,

1745 5585 1907 5649 male,
1933 5585 2107 5638 πόλιν.
3237 5639 3249 5651 0

1815 5658 1894 5729 ((5)
1943 5657 2033 5708 Sic
2062 5648 2465 5730 optimeliabet
2503 5647 2672 5730 codex
2708 5645 3071 5730 Bod'leianus;
3112 5641 3320 5730 Regius

1744 5709 1944 5781 autem.
1977 5709 2229 5784 pessime,
2257 5718 2375 5773 ἀλλ’
2408 5716 2475 5791 ἧς
2509 5721 2545 5791 η
2572 5717 2801 5791 δύναμις
2840 5714 3075 5785 ίσχύνειν
3110 5709 3318 5782 ἢθελεν.

1814 5797 1889 5867 (7)
1937 5792 2118 5848 Εἴπω.
2149 5791 2308 5847 Deest
2347 5792 2400 5845 in
2429 5787 2621 5845 codice
2651 5787 2845 5856 Regio.
