3754 6532
402 419 413 431 ,
459 356 565 412 307

1897 324 2236 386 .ORIGENIS
3590 323 3671 375 808

451 472 824 526 convenerunt
854 463 1114 517 adversus
1156 460 1467 520 Dominum,
1495 465 1552 512 et
1590 455 1849 510 adversus
1875 449 2033 505 Chri-

2145 460 2235 497 σαν
2259 440 2352 495 ἐπὶ
2382 440 2441 494 τὺ
2474 439 2605 493 αὐτὸ
2635 438 2775 492 κατὰ
2808 438 2902 495 τοῦ
2937 438 3165 511 Κυρίου,
3184 434 3277 488 καὶ
3302 432 3440 487 κατὰ
3459 433 3543 486 τοῦ
3570 438 3673 508 Χριο

449 569 592 616 stum
623 557 739 624 ejus
758 556 823 622 ³⁸,
865 575 883 609 ι
915 554 1090 623 inquit
1117 553 1163 586 ³³
1189 567 1202 603 :
1225 570 1243 603 ι
1285 551 1544 604 Dominus
1578 547 1669 601 lux
1698 559 1841 607 mea,
1865 553 1916 596 et
1944 556 2034 596 sa-

451 652 536 706 lus
585 665 704 704 mea
730 689 744 711 ,
773 664 801 700 ο
834 662 1071 717 quonam
1115 654 1349 698 metuam
1389 642 1414 695 ?
1445 628 1707 695 Dominus
1758 644 2034 707 protector

451 746 576 799 vitae
620 757 773 805 meae,
796 754 962 807 aquo
1003 736 1408 807 expavescam?
1437 736 1569 789 Dum
1599 732 2032 802 appropinquant

451 851 615 905 super
638 848 724 889 me
754 841 1030 895 nocentes,
1066 841 1124 884 ut
1151 831 1412 884 devorent
1440 842 1633 883 carnes
1659 840 1825 885 meas,
1861 824 2027 879 tribu-

440 928 625 999 iantes
660 941 766 993 me,
791 933 845 981 et
866 923 1067 979 inimici
1100 923 1225 985 mei,
1250 922 1348 989 ipsi
1383 919 1645 974 inﬁrmati
1679 927 1825 981 sunt,
1859 924 1917 970 et
1939 930 2030 970 ce-

451 1017 720 1074 ciderunt.
740 1017 795 1070 Si
834 1017 1002 1075 aciem
1026 1021 1238 1068 struant
1265 1013 1550 1067 adversum
1594 1024 1679 1063 me
1698 1016 1901 1072 castra,
1923 1022 2029 1060 non

453 1112 665 1166 timebit
701 1123 800 1164 cor
838 1121 1017 1162 meum
1046 1122 1061 1171 ;
1096 1107 1141 1159 si
1184 1104 1431 1173 insurgat
1457 1103 1740 1157 adversum
1775 1116 1861 1155 me
1892 1114 2031 1169 prae-

450 1204 603 1267 lium,
633 1203 684 1257 in
710 1202 815 1257 hoc
851 1217 953 1271 ego
997 1200 1250 1269 sperabo.
1290 1216 1308 1249 ι
1344 1195 1729 1252 Verumtamen
1759 1194 1902 1262 quod
1945 1192 2034 1246 di-

452 1296 531 1349 xit
557 1293 733 1355 Jesus,
760 1295 874 1348 sive
896 1291 1055 1367 .Judm
1079 1332 1094 1357 ,
1136 1291 1253 1346 sive
1300 1289 1521 1344 Satanae
1553 1308 1566 1343 :
1600 1307 1619 1339 ι
1652 1287 1805 1355 Quod
1857 1285 2027 1346 facis.

450 1385 539 1442 fac
566 1386 768 1451 ocius”
789 1400 949 1440 nemo
974 1387 1193 1456 agnovit
1222 1383 1675 1438 discumbentium
1708 1382 1774 1435 ad
1798 1378 1924 1450 quid
1947 1377 2031 1431 di-

449 1480 588 1533 xerit
611 1495 626 1544 ;
658 1477 876 1549 quidam
901 1478 1044 1531 enim
1074 1476 1512 1545 putabant,quod
1539 1475 1768 1526 instaret
1786 1468 2029 1523 Pascha-

452 1571 521 1624 tis
554 1570 670 1625 dies
725 1569 918 1632 festus,
949 1566 1133 1623 Jesum
1182 1567 1385 1621 dixisse
1431 1565 1650 1619 habenti
1699 1560 2026 1629 marsupinm

449 1678 831 1734 expcnsarum,
863 1672 917 1718 et
948 1676 1136 1716 eorum
1166 1677 1287 1728 quae
1309 1660 1578 1715 dabantur
1610 1658 1662 1711 in
1710 1670 1864 1710 usum
1898 1669 2031 1723 pau-

449 1775 666 1827 perum,
696 1766 757 1811 ut
792 1763 999 1810 emeret
1030 1770 1094 1808 ca
1124 1752 1319 1822 quibus
1342 1767 1475 1821 opus
1502 1751 1763 1805 haberent
1787 1747 1854 1801 ad
1885 1746 2026 1800 diem

452 1852 693 1913 festum;
728 1847 810 1903 vel
841 1855 902 1901 ut
948 1860 1013 1900 ex
1059 1845 1144 1899 his
1168 1858 1287 1913 qua:
1328 1842 1551 1897 collecta
1593 1839 1825 1903 fuerant,
1877 1837 2033 1892 daret

452 1941 798 2011 pauperibus.
820 1941 890 1995 At
918 1928 1074 1994 Iesus
1102 1952 1207 1991 non
1241 1938 1343 1991 hoc
1371 1935 1620 1999 dixerat;
1646 1933 1738 1986 sed
1767 1930 1956 1985 videns
1980 1937 2035 1982 et

454 2031 713 2087 Satanam
773 2032 1103 2100 ingressum,
1134 2037 1190 2084 et
1228 2026 1419 2082 Judam
1467 2025 1845 2081 admittentem
1884 2036 2029 2086 eum,

450 2138 749 2193 omnesque
789 2124 1048 2178 adversus
1075 2136 1132 2177 se
1161 2121 1406 2182 insidias,
1438 2118 1505 2172 ad
1559 2125 1832 2171 certamen
1869 2112 2033 2167 veluti

450 2224 670 2275 exutus,
697 2222 751 2266 et
777 2212 844 2266 ad
872 2221 1091 2265 strenue
1127 2225 1186 2265 se
1210 2207 1503 2277 gerendum
1542 2219 1638 2274 pro
1666 2204 1837 2258 salute
1862 2201 2035 2255 homi-

455 2318 582 2368 num
616 2303 901 2356 adversum
930 2301 1154 2364 malum,
1179 2299 1231 2353 id
1271 2307 1356 2353 est
1382 2295 1677 2360 diabolum,
1712 2294 1816 2348 hoc
1849 2291 1986 2347 dixit
2018 2312 2031 2346 :

458 2409 480 2445 ι
510 2392 664 2460 Quod
693 2393 852 2458 facis,
877 2390 964 2447 fac
990 2392 1164 2445 ocius.
1197 2408 1217 2442 ι

521 2577 612 2634 16.
650 2596 669 2629 ι
695 2576 827 2633 Cum
853 2573 1153 2646 accepisset
1180 2586 1310 2640 ergo
1333 2570 1422 2625 ille
1450 2567 1691 2632 offulam,
1716 2565 1882 2621 exivit
1905 2577 2035 2619 con-

455 2671 639 2724 tinuo:
679 2676 799 2725 erat
828 2677 1009 2722 autem
1045 2680 1154 2720 nox
1181 2666 1249 2718 ⁸ο.
1293 2685 1312 2716 ›
1347 2662 1567 2717 Dixerat
1589 2658 1804 2729 quidem
1835 2656 2034 2712 Serva-

455 2773 539 2815 tor
562 2760 711 2817 Jnda:
748 2777 765 2817 :
799 2776 819 2812 ι
871 2757 1023 2826 Quod
1060 2758 1214 2820 facis,
1264 2756 1352 2810 fac
1400 2754 1592 2818 ocius;
1632 2769 1651 2804 ι
1701 2760 1758 2805 at
1793 2747 2035 2819 proditor

450 2853 554 2907 hac
589 2867 693 2905 una
727 2852 779 2906 in
825 2866 884 2905 re
922 2847 1177 2918 Magistro
1213 2861 1356 2901 nunc
1391 2853 1580 2914 paret;
1615 2851 1829 2911 sumpta
1875 2853 2033 2893 nam-

366 2936 367 2939 “
449 2960 557 3012 que
584 2941 744 2998 otl‘ula
768 2938 876 2997 non
912 2951 1178 3004 moratur,
1212 2940 1329 3004 sed,
1362 2946 1420 2990 ut
1445 2935 1707 3004 scriptum
1731 2942 1835 2996 est,
1863 2950 1880 2982 ι
1913 2929 2035 2984 exi-

372 3048 379 3051 ’
452 3037 532 3092 vit
550 3039 833 3102 continuo,
855 3055 875 3089 ι
898 3045 956 3091 ut
981 3035 1183 3088 faceret
1200 3034 1356 3087 ocius
1380 3027 1702 3100 proditionis
1726 3040 1863 3096 opus
1879 3025 2032 3093 juxta

448 3130 745 3200 iussionem
784 3127 913 3183 Jesu
940 3143 956 3193 ;
988 3134 1039 3181 et
1079 3138 1207 3177 vere
1257 3123 1467 3184 exivit;
1501 3136 1599 3176 nec
1638 3120 1783 3175 enim
1823 3127 2030 3171 tantum
2059 3157 2105 3217 ο

449 3223 600 3293 juxta
642 3222 1029 3292 simpliciorem
1086 3231 1304 3273 sensum
1339 3214 1510 3269 exivit
1546 3228 1611 3267 ex
1651 3212 1812 3266 domo
1847 3211 1896 3264 in
1924 3223 2030 3278 qua

453 3330 607 3371 ctena
641 3313 825 3376 ﬁebat,
850 3311 944 3367 sed
990 3311 1154 3366 etiam
1196 3309 1418 3363 omnino
1448 3304 1620 3360 exivit
1648 3320 1678 3357 a
1717 3301 1885 3367 Jesu;
1920 3315 2029 3355 non

452 3420 612 3460 secus
637 3413 802 3472 atque
825 3400 953 3455 illud
988 3418 1003 3455 :
1037 3420 1055 3451 ‹
1097 3399 1362 3454 Exierunt
1390 3412 1420 3451 a
1450 3394 1716 3451 nobis“.i
1756 3393 2034 3446 Arbitror-

454 3510 563 3565 que
614 3494 871 3550 Satanam
914 3493 966 3547 in
1001 3490 1195 3545 ludam
1241 3489 1547 3560 ingressum
1605 3494 1728 3556 post
1768 3483 1988 3538 oll‘ulam
2014 3522 2029 3546 ,

458 3587 604 3642 ferre
636 3602 739 3641 non
766 3586 1010 3655 potuisse
1032 3594 1090 3637 ut
1117 3589 1260 3637 esset
1285 3582 1336 3635 in
1365 3582 1553 3635 eodem
1576 3578 1695 3634 loco
1724 3591 1845 3631 cum
1868 3574 2029 3637 Jesu;

455 3694 630 3749 neque
674 3678 817 3733 enim
860 3676 964 3730 ulla
1012 3674 1393 3731 convenientia
1443 3683 1528 3727 est
1559 3670 1778 3728 Christo
1829 3668 1895 3721 ad
1931 3667 2035 3720 Be-

457 3771 642 3826 liar".
678 3770 870 3837 Quer
900 3768 1140 3833 insuper,
1168 3766 1270 3821 nisi
1301 3765 1354 3820 id
1403 3764 1679 3819 curiosum
1727 3769 1831 3822 est,
1864 3771 2036 3828 quare

460 3862 674 3916 tandem
704 3862 825 3916 huic
850 3860 972 3915 voci
1004 3878 1018 3914 :
1058 3876 1077 3910 ι
1104 3859 1238 3914 Cum
1270 3856 1574 3925 accepisset
1608 3853 1849 3915 offulam,
1883 3870 1901 3903 ι
1930 3867 2034 3905 non

457 3956 708 4017 addatur,
741 3963 789 4008 et
821 3954 1167 4017 comedisset;
1199 3951 1295 4005 sed
1323 3944 1580 4017 inspicies
1617 3947 1780 4001 etiam
1805 3955 1857 4000 tu
1892 3944 2034 4013 ipse;

458 4047 583 4102 huic
608 4049 750 4101 enim
790 4046 956 4100 verbo
984 4044 1298 4111 accipiendi,
1330 4039 1637 4095 comedendi
1677 4039 1900 4092 verbum
1938 4035 2027 4087 ad-

456 4141 589 4193 dunt
617 4138 983 4209 evangelistxe,
1015 4150 1138 4190 cum
1173 4133 1395 4197 volunt;
1424 4130 1592 4185 veluti
1621 4131 1673 4183 iu
1696 4126 1862 4200 m
1886 4127 2038 4196 panis

461 4225 838 4278 benedictione
878 4225 1137 4292 scriptum
1166 4230 1249 4275 est
1274 4220 1475 4274 dixisse
1501 4218 1685 4273 Jesum
1726 4216 2035 4285 discipulis:

464 4334 483 4366 ο
517 4314 782 4382 Accipite,
807 4315 1077 4369 comedite
1108 4313 1176 4365 ⁸³.
1212 4331 1231 4364 ι
1265 4314 1376 4380 Age
1420 4311 1601 4380 igitur,
1647 4323 1716 4361 an
1756 4317 2036 4377 acceptam

457 4406 674 4461 ollulam
713 4423 819 4461 non
858 4405 1156 4461 comederit
1190 4401 1358 4457 Judas
1391 4399 1638 4475 (etiamsi
1674 4400 1920 4469 quaedam
1947 4413 2033 4453 eo-

461 4515 579 4553 rum
600 4514 720 4569 quae
737 4497 933 4551 dicturi
952 4510 1157 4564 sumus,
1178 4494 1469 4549 convenire
1487 4506 1592 4547 non
1612 4490 1894 4545 videantur
1914 4504 2036 4544 cum

461 4588 881 4662 superioribus),
918 4585 1327 4657 explauabimus
1356 4585 1408 4639 in
1453 4582 1702 4653 przesenti
1728 4581 1865 4646 loco,
1898 4581 2039 4650 judi-

2141 534 2267 588 στοῦ
2294 533 2482 599 αὐτοῦ,
2521 554 2538 585 ι
2574 532 2707 603 φησί
2742 532 2814 603 (8)
2840 549 2852 561 ·
2889 552 2906 582 ι
2938 530 3143 602 Κύριος
3169 526 3443 598 φωτισμὸς
3473 543 3583 597 μου,
3609 532 3676 581 καὶ

2140 629 2323 700 σωτήρ
2355 645 2455 699 μου
2485 626 2709 698 Κύριος,
2736 625 2857 678 τίνα
2892 624 3293 694 φοϐηθήσομαι;
3327 619 3520 692 Κύριος
3543 621 3659 692 imp

2138 717 2410 788 ασπιστὴς
2450 716 2550 786 τῆς
2598 715 2743 786 ζωῆς
2797 732 2920 786 μου,
2966 714 3073 766 ἀπὸ
3114 713 3260 775 τίνος
3299 710 3573 773 δειλιάσωτ
3610 712 3677 762 Ἐν

2137 807 2215 878 τῷ
2244 806 2480 877 ἐγγίζειν
2513 808 2599 859 ἐπ’
2630 804 2733 876 ἐμὲ
2764 804 3087 867 κακοῦντας,
3116 801 3210 855 τοῦ
3245 803 3440 871 φαγεῖν
3466 800 3554 863 τὰς
3579 801 3679 869 σάρ-

2136 917 2240 963 κας
2270 916 2371 970 μου
2398 939 2414 966 ,
2449 899 2499 953 οἱ
2548 896 2821 961 θλίϐοντες
2865 914 2931 967 με
2950 913 2963 926 ο
2997 895 3091 949 καὶ
3120 897 3169 948 οἱ
3198 892 3383 965 ἐχθροί
3421 910 3533 964 μου,
3562 894 3679 945 αὐτοὶ

2136 982 2442 1063 ἠσθένησαν
2489 991 2584 1044 καὶ
2632 989 2856 1043 ἔπεσαν.
2908 987 3034 1041 Ἐάν
3069 986 3450 1059 παρατάξηται
3493 986 3570 1038 ἐπ’
3602 986 3678 1055 ἐμὲ

2137 1085 2477 1159 παρεμϐολὴ,
2499 1085 2559 1137 οὑ
2589 1083 2959 1154 φοϐηθήσεται
2993 1083 3026 1152 ἡ
3075 1081 3269 1151 καρδία
3305 1097 3409 1153 μου
3430 1096 3443 1110 ’
3493 1079 3576 1133 ἐὰν
3606 1080 3680 1131 ἐτι-

2137 1182 2339 1251 αναστῇ
2358 1179 2443 1233 ἐπ’
2466 1178 2566 1249 ἐμὲ
2597 1176 2853 1246 πόλεμος,
2872 1178 2929 1228 ἐν
2947 1175 3119 1246 ταύτῃ
3144 1173 3254 1243 ἐγὼ
3280 1171 3502 1242 ἐλπίζω.
3532 1191 3547 1222 ι
3566 1171 3678 1241 Πλὴν

2135 1273 2196 1325 τὸ
2228 1272 2522 1343 λεγόμενον
2544 1270 2654 1324 εἴτε
2684 1268 2762 1339 τῷ
2789 1270 3001 1339 Σατανᾷ
3033 1268 3143 1321 εῖτε
3174 1266 3254 1337 τῷ
3300 1264 3469 1335 Ἰούδᾳ
3500 1264 3593 1316 ὑπὸ
3608 1264 3679 1316 τοῦ

2150 1363 2321 1434 Ἰησοῦ
2347 1405 2361 1427 ,
2395 1364 2484 1417 τό·
2528 1382 2546 1413 ι
2577 1365 2642 1417 '0
2689 1366 2898 1427 ποιεῖς,
2949 1362 3175 1433 ποίησον
3217 1361 3410 1430 τάχιον
3436 1399 3452 1424 ,
3491 1378 3508 1410 ι
3544 1357 3681 1418 οὐδεὶς

2136 1454 2277 1523 ἔγνω
2308 1452 2416 1508 τῶν
2442 1452 2814 1522 ἀνακειμένων
2843 1451 2980 1523 πρὸς
3002 1446 3061 1504 ’τί
3100 1450 3319 1521 εἴρηται
3342 1466 3358 1479 ·
3388 1448 3439 1501 οἱ
3467 1449 3557 1517 μὲν
3580 1448 3682 1517 γὰρ,

2135 1543 2222 1597 διὰ
2264 1542 2327 1596 τὸ
2352 1542 2659 1596 ἐπικεῖσθαι
2685 1544 2785 1614 τὴν
2815 1541 2909 1595 τοῦ
2943 1542 3135 1612 Πάσχα
3165 1541 3360 1613 ἑορτὴν
3382 1582 3396 1606 ,
3429 1539 3582 1610 ᾤοντο
3619 1538 3682 1591 λέ-

2136 1653 2252 1705 γειν
2276 1636 2436 1689 αὑτὸν
2467 1635 2545 1706 τῷ
2584 1635 2760 1706 ἔχοντι
2784 1636 2845 1689 τὸ
2879 1636 3263 1705 γλωσσόκομον
3293 1635 3405 1688 τῶν
3436 1632 3683 1703 ἀναλωμά-

2135 1745 2265 1793 των,
2292 1731 2387 1782 καὶ
2411 1727 2519 1781 τῶν
2545 1729 2625 1792 εἰς
2656 1728 2757 1800 τὴν
2786 1727 2974 1798 χρείαν
3003 1728 3112 1782 τῶν
3144 1726 3376 1798 πτωχῶν
3408 1726 3682 1796 διδομένων,

2065 1810 2104 1863 Β
2132 1822 2234 1875 ὃτι·
2279 1820 2493 1891 Ὠνὴσει
2525 1818 2597 1890 (9)
2629 1811 2784 1884 οὗτος
2824 1812 2899 1872 ὧν
2930 1819 3203 1891 χρῄζομεν
3235 1819 3313 1882 είς
3352 1816 3451 1889 τὴν
3492 1818 3680 1887 ἑορτήν*

2135 1911 2205 1982 ἢ,
2246 1911 2338 1963 Ἐκ
2370 1909 2478 1963 τῶν
2531 1909 2901 1980 συναχθέντων
2931 1911 3017 1974 δὸς
3046 1914 3158 1975 τοῖς
3206 1912 3467 1980 πτωχοῖς.
3509 1910 3563 1960 '0
3601 1907 3687 1977 γὰρ

2148 2001 2353 2072 Ἰησοῦς
2381 2003 2444 2054 οὐ
2469 2000 2628 2057 τοῦτο
2655 2001 2839 2071 ἔλεγεν
2864 2018 2878 2032 °
2909 2002 3044 2056 άλλὰ
3075 2002 3285 2072 βλέπων
3317 2002 3414 2054 καὶ
3441 2001 3529 2054 τὸν
3550 2001 3689 2053 εἰσελ-

2136 2094 2318 2154 θόντα,
2350 2096 2444 2148 καὶ
2467 2093 2558 2148 τὸν
2603 2093 3046 2166 παραδεξάμενον
3078 2094 3261 2157 αὐτὸν,
3286 2093 3383 2147 καὶ
3415 2094 3587 2146 πᾶσαν
3613 2092 3689 2163 τὴν

2137 2182 2259 2237 καθ’
2310 2183 2474 2238 αὑτοῦ
2522 2182 2845 2255 ἐπιϐουλὴν,
2891 2184 2985 2236 ἐπὶ
3045 2184 3137 2237 τὸν
3194 2183 3383 2252 ἀγῶνα
3425 2183 3689 2253 ἀποδυόμε-

2135 2288 2262 2339 νος,
2298 2272 2392 2325 καὶ
2442 2274 2534 2326 ἐπὶ
2562 2272 2624 2326 τὸ
2671 2272 2994 2345 ἀριστεῦσαι
3025 2272 3165 2344 ὑπὲρ
3208 2274 3487 2347 σωτηρίας
3523 2272 3689 2344 ἀνθρώ

2138 2381 2253 2418 πων
2276 2365 2417 2419 κατὰ
2446 2365 2537 2420 τοῦ
2571 2366 2829 2439 πονηροῦ,
2860 2362 2980 2420 εἷπε
3011 2367 3073 2420 τό
3095 2383 3108 2397 ⁸
3147 2386 3165 2418 ι
3183 2368 3248 2420 Ὃ
3271 2370 3471 2431 ποιεῖς,
3501 2366 3690 2438 ποίησον

2136 2459 2345 2529 τάχιον.
2396 2478 2415 2511 ι

2219 2545 2307 2600 16.
2340 2566 2359 2598 ι
2392 2546 2586 2602 Λαϐὼν
2620 2544 2713 2603 οὖν
2745 2549 2807 2603 τὸ
2843 2548 3052 2620 ψωμίον
3090 2550 3326 2612 ἐκεῖνος,
3362 2549 3580 2619 ἐξῆλθεν
3618 2552 3687 2603 εὖ·

2148 2635 2263 2701 θύς³
2289 2633 2355 2708 ἦν
2383 2637 2440 2691 δὲ
2472 2637 2587 2704 νύξ.
2624 2657 2644 2691 ι
2683 2638 2743 2692 '0
2775 2641 2871 2709 μὲν
2902 2638 3089 2710 Σωτὴρ
3118 2638 3332 2707 ἔλεγεν⁸
3368 2658 3387 2689 ς
3431 2642 3495 2691 '0
3523 2643 3685 2701 ποιεῖς,

2145 2728 2367 2797 ποίησον
2400 2728 2583 2799 τάχιον
2602 2769 2618 2797 ,
2656 2747 2678 2782 ι
2711 2728 2788 2799 τῷ
2812 2729 3010 2801 Ἰούδᾳ·
3040 2733 3068 2782 ὁ
3092 2729 3148 2782 δὲ
3174 2729 3441 2801 προδότης
3465 2732 3520 2783 ἐν
3544 2731 3687 2799 τούτῳ

2140 2827 2287 2898 μόνῳ
2317 2826 2410 2879 ἐπὶ
2433 2825 2511 2896 τῷ
2536 2824 2850 2895 Διδασκάλῳ
2874 2823 3136 2876 πείθεται·
3174 2821 3353 2876 λαϐὼν
3387 2822 3500 2892 γὰρ
3526 2820 3585 2873 τὸ
3605 2820 3695 2889 ψω-

2140 2921 2262 2991 μίον
2295 2920 2396 2975 οὐκ
2435 2918 2730 2990 ἐμέλλησεν
2750 2959 2764 2983 ,
2791 2917 2900 2972 οὐδ’
2928 2916 3237 2989 ἐῦράδυνεν,
3271 2915 3388 2969 ἀλλ’
3418 2915 3498 2978 ὼς
3516 2913 3694 2985 γέγρα-

2137 3031 2292 3077 πται,
2317 3013 2538 3084 ἐξῆλθεν
2563 3011 2724 3075 εὐθὺς
2745 3010 2969 3081 ποιῆσαι
2995 3008 3179 3080 τάχιον
3199 3006 3344 3063 κατὰ
3364 3007 3468 3079 τὴν
3492 3005 3697 3079 πρόστα-

2138 3103 2218 3170 ξιν
2247 3105 2339 3158 τοῦ
2374 3103 2548 3176 Ἰησοῦ
2576 3103 2638 3157 τὸ
2669 3102 2769 3172 τῆς
2811 3102 3101 3173 προδοσίας
3135 3100 3324 3171 ἔργον·
3373 3100 3474 3153 καὶ
3513 3096 3697 3168 ἀληθῶς

2137 3196 2360 3268 ἐξῆλθεν
2382 3214 2394 3227 ο
2425 3197 2486 3250 οὐ
2531 3195 2641 3267 γὰρ
2673 3194 2831 3265 μόνον
2858 3191 2999 3247 κατὰ
3031 3191 3092 3245 τὸ
3124 3190 3500 3263 ἁπλούστερον
3532 3186 3695 3257 ἐξῆλθε

2136 3290 2229 3344 τοῦ
2254 3290 2422 3353 οἴκου,
2454 3291 2511 3342 ἐν
2552 3282 2598 3358 ᾧ
2628 3287 2689 3340 τὸ
2737 3286 2953 3339 δεῖπνον
2979 3284 3207 3354 ἐγίνετο,
3252 3282 3388 3338 ἀλλὰ
3429 3285 3524 3337 καὶ
3546 3281 3699 3336 τέλεον

2136 3382 2355 3454 ἐξῆλθεν
2391 3382 2498 3436 ἀπὸ
2522 3380 2616 3434 τοῦ
2662 3377 2861 3451 Ἰησοῦ,
2893 3369 3151 3445 ἀνάλογον
3179 3375 3256 3448 τῷ
3280 3393 3293 3405 ·
3324 3396 3342 3425 ι
3386 3374 3629 3445 Ἐξῆλθον
3653 3371 3699 3437 ἐξ

2135 3478 2310 3550 ἡμῶν.
2346 3496 2365 3528 ι
2413 3474 2554 3545 Ἐγὼ
2585 3475 2632 3528 δ’
2673 3470 2849 3545 οἶμαι,
2879 3474 2960 3526 ὃτι
2988 3471 3109 3525 οὐδὲ
3150 3472 3178 3523 ὁ
3208 3467 3627 3540 εἰσελθὼνμετὰ
3651 3466 3699 3517 τὸ

2135 3569 2349 3641 ψωμίον
2376 3568 2455 3632 εἰς
2480 3567 2572 3620 τὸν
2610 3565 2812 3620 Ἰούδαν
2844 3565 3086 3626 Σατανᾶς
3120 3561 3315 3632 ἐχώρει
3340 3563 3533 3633 φέρειν
3555 3560 3612 3613 τὸ
3637 3552 3700 3610 εἷο

2137 3680 2225 3717 ναι
2251 3663 2306 3714 ἐν
2326 3660 2404 3732 τῷ
2447 3659 2594 3730 αὐτῷ
2618 3658 2771 3729 τόπῳ
2805 3658 2940 3729 μετὰ
2976 3655 3068 3709 τοῦ
3110 3652 3283 3726 Ἰησοῦ
3310 3671 3323 3684 ο
3362 3652 3589 3723 οὐδεμία
3612 3650 3700 3719 γὰρ

2140 3753 2495 3823 συμφώνησις
2538 3749 2777 3822 Χριστοῦ
2828 3750 2962 3821 πρὸς
3006 3747 3201 3818 Βελίαρ
3236 3746 3405 3801 ἐστίν.
3444 3746 3509 3799 El
3548 3744 3601 3798 δὲ
3640 3743 3700 3813 μὴ

2140 3845 2448 3916 περιέργως
2471 3841 2640 3913 ζητῶ,
2671 3842 2724 3895 τί
2759 3840 2957 3911 δήποτε
2983 3840 3042 3893 οὐ
3069 3838 3390 3909 πρόσκειται
3416 3836 3495 3908 τῷ
3516 3854 3529 3866 ·
3560 3855 3577 3887 ι
3614 3837 3698 3888 Δα-

2141 3936 2251 3990 δὼν
2280 3937 2345 3990 τὸ
2376 3934 2611 4005 ψωμίον,
2643 3953 2662 3985 ι
2698 3933 2799 3987 καὶ
2826 3932 3055 4002 φαγὼν,
3078 3930 3173 3984 καὶ
3192 3930 3354 3992 αὐτὸς
3381 3929 3699 4000 ἐπιστήσεις·

2140 4028 2274 4081 ὅπου
2305 4027 2413 4097 γὰρ
2443 4025 2711 4096 βούλεται,
2741 4023 3067 4095 προστίθησι
3104 4022 3200 4074 καὶ
3231 4020 3292 4072 τὸ
3330 4019 3549 4090 φαγεῖν
3577 4021 3603 4071 ὁ
3634 4016 3702 4067 λό-

2141 4138 2237 4190 γος
2268 4118 2345 4190 τῷ
2385 4116 2595 4171 λαϐεῖν
2618 4132 2631 4147 '
2660 4115 2850 4187 ὥσπερ
2892 4115 2984 4167 ἐπὶ
3018 4113 3118 4184 τῆς
3151 4111 3243 4165 τοῦ
3272 4111 3443 4183 ἄρτου
3480 4109 3702 4178 εὐλογίας

2140 4213 2481 4284 γέγραπται,
2515 4209 2597 4262 ὅτι
2623 4203 2744 4261 εἶπε
2788 4208 2901 4268 τοῖς
2934 4204 3203 4276 μαθηταῖς
3230 4204 3259 4255 ὁ
3296 4200 3540 4272 Ἰησοῦς·
3572 4219 3588 4249 ι
3614 4197 3699 4250 Λά-

2140 4304 2287 4364 ϐετε,
2318 4302 2543 4373 φάγετε.
2585 4319 2604 4352 ι
2642 4295 2769 4370 τΑρ’
2800 4295 2892 4351 οὖν
2922 4295 3102 4349 λαϐὼν
3128 4295 3191 4348 τὸ
3222 4294 3441 4364 ψωμίον
3467 4288 3701 4356 0912?:-

2140 4413 2235 4466 γεν
2263 4398 2291 4448 ὁ
2320 4393 2554 4458 Ἰοὑδας;
2587 4391 2720 4462 φέρε
2747 4383 2861 4452 οὖν,
2897 4390 2946 4441 εἰ
2974 4386 3067 4440 καὶ
3103 4385 3177 4458 μὴ
3209 4385 3460 4456 συνᾴδειν
3492 4380 3605 4435 τινὰ
3630 4379 3702 4431 δᾶ-

2142 4487 2223 4555 ξει
2251 4487 2358 4540 τῶν
2382 4483 2794 4555 λεχθησομένων
2820 4483 2936 4542 τοῖς
2971 4476 3413 4551 προειρημένοις,
3440 4474 3700 4545 γυμνάσω-

2145 4596 2243 4649 μεν
2272 4577 2340 4631 τὰ
2372 4575 2514 4630 κατὰ
2541 4574 2632 4628 τὸν
2666 4573 2852 4637 τόπον,
2888 4569 3200 4642 κρινοῦντος
3222 4567 3317 4621 τοῦ
3342 4566 3701 4637 ἐντευξομένου

461 4659 622 4738 caute
652 4683 859 4736 lecturo
883 4690 1064 4734 utrum
1112 4686 1360 4748 oporteat
1388 4677 1674 4731 admittere
1704 4690 1826 4744 qua:
1854 4674 2033 4728 dicen-

2145 4672 2402 4743 ὁπότερον
2447 4669 2585 4740 (10)
2621 4668 2728 4739 χρὴ
2769 4664 3178 4737 παραδέξασθαι
3224 4661 3335 4715 τῶν
3394 4659 3701 4731 λεγομένων.

461 4786 566 4833 tur.
607 4795 626 4828 ‹
673 4775 807 4830 Cum
840 4772 1167 4838 iutinxisset,
1201 4788 1219 4820 ι
1257 4771 1447 4837 inquit,
1474 4767 1673 4823 Jesusr
1696 4763 2032 4828 oﬂ‘ulam“,o

460 4881 515 4924 et
540 4868 838 4924 dimisisset
889 4879 1032 4927 eam,
1082 4863 1292 4918 scilicet
1346 4862 1398 4915 in
1432 4860 1637 4925 catino,
1693 4859 1892 4928 accipit
1937 4858 2040 4926 (sic

460 4960 606 5015 enim
654 4957 922 5028 intelliges
954 4955 1105 5021 illud,
1136 4973 1156 5006 ι
1187 4967 1307 5009 cum
1347 4970 1366 5004 ι
1400 4966 1531 5021 ergo
1562 4968 1582 5001 ι
1626 4948 2037 5004 ἰηιὶηχίεεθιοίο

460 5051 649 5119 fulam,
680 5070 699 5103 ι
738 5065 804 5104 ne
842 5048 1107 5103 redundet
1136 5060 1237 5100 vox
1281 5040 1533 5114 accipit);
1568 5040 1763 5095 deinde
1801 5039 2035 5094 dicitur:

464 5159 481 5189 ι
525 5141 625 5193 Dat
659 5139 808 5195 Iuda:
838 5139 1046 5193 Simoni
1078 5136 1365 5196 lscariotaa,
1400 5142 1455 5187 et
1486 5142 1605 5199 post
1640 5130 1881 5193 on‘ulam,
1912 5140 2036 5184 tunc

459 5230 739 5297 ingressus
772 5239 857 5284 est
882 5229 934 5282 in
967 5228 1119 5283 illum
1166 5226 1421 5282 Satanas.
1468 5243 1487 5275 ι
1520 5221 1649 5277 Post
1677 5221 1897 5277 olIulani
1936 5222 2036 5291 igi-

462 5332 568 5385 tur,
593 5319 825 5375 fortasse
849 5335 879 5373 a
903 5317 1039 5375 Juda
1065 5334 1170 5375 non
1207 5325 1532 5380 comestam,
1570 5315 1905 5387 anticipante
1936 5312 2038 5368 Sa-

565 5461 764 5517 ”Psal.
806 5476 868 5523 ιι,
917 5462 973 5514 ‘2.
1078 5461 1123 5494 ”
1152 5451 1295 5517 Psal.
1362 5474 1512 5518 xxvi.
1543 5456 1657 5511 1-5.

460 5534 725 5596 xxvs,9.6.
804 5532 850 5563 “
875 5529 1030 5585 Joan.
1084 5546 1184 5594 xtl,
1245 5528 1342 5584 26.

536 5653 611 5727 (8)
661 5653 804 5707 idem
859 5654 1027 5707 codex
1084 5651 1289 5722 Regius
1347 5666 1446 5721 pro
1497 5649 1629 5721 φησί
1692 5648 1857 5704 habet
1913 5646 2031 5712 καί,

462 5727 773 5866 Nabidem
801 5793 968 5851 codex
1002 5791 1222 5864 Regius,
1256 5792 1461 5863 ὼνήσῐῖ’

1753 5456 1798 5487 ’⁸⁸
1831 5454 1990 5511 Joan.
2014 5434 2230 5523 xm,50.

2153 4783 2173 4814 ι
2213 4762 2418 4832 Βάψας,
2474 4760 2628 4832 φησι,
2701 4758 2762 4812 τὸ
2812 4756 3026 4827 ψωμίον
3074 4774 3092 4807 ι
3132 4757 3162 4808 ὁ
3217 4752 3426 4825 Ἰησοῦς
3450 4793 3467 4817 ,
3515 4751 3604 4804 καὶ
3631 4748 3704 4816 6?,-

2145 4853 2257 4917 λον,
2290 4854 2392 4916 ὅτι,
2411 4852 2577 4914 ἐάσας
2598 4848 2731 4905 αὐτὸ
2757 4849 2814 4901 ἐν
2842 4845 2921 4917 τῷ
2941 4844 3195 4917 τρυϐλίῳ,
3224 4842 3497 4915 λαμϐάνει
3515 4858 3528 4871 ·
3565 4839 3705 4910 (οὕτω

2145 4947 2253 5018 γὰρ
2293 4947 2508 5017 νοήσεις
2543 4944 2636 4997 τό·
2676 4962 2695 4994 ι
2738 4942 2925 5011 Βάψας
2992 4935 3085 4994 οὖν
3141 4938 3204 4990 τὸ
3249 4936 3498 5008 ψωμίον,
3561 4954 3580 4987 ι
3636 4934 3705 4984 iv:

2147 5039 2224 5111 μὴ
2253 5037 2501 5111 παρέλκῃ
2526 5036 2606 5100 τὸ,
2624 5034 2832 5093 λαϐεῖν
2850 5035 2890 5103 ·)
2924 5028 3046 5086 εἶτα
3069 5031 3310 5099 λέγεται,
3332 5029 3416 5083 δτι
3449 5047 3470 5079 ε
3505 5025 3705 5079 Δίδωσιν

2158 5130 2330 5201 Ἰούδα
2361 5130 2565 5200 Σίμωνι
2609 5125 2931 5199 Ἰσκαριὼτῃ
2961 5125 3096 5196 (il),
3124 5124 3219 5175 καὶ
3253 5120 3394 5193 μετὰ
3424 5120 3489 5172 τὸ
3518 5114 3705 5186 ψωμίον

2144 5220 2268 5274 τότε
2292 5219 2538 5291 εἰσῆλθεν
2566 5220 2646 5282 εἰς
2677 5219 2884 5272 ἐκεῖνον
2913 5217 2941 5268 ὁ
2970 5215 3237 5276 Σατανᾶς.
3275 5231 3294 5264 ι
3330 5210 3491 5266 Μετὰ
3521 5208 3580 5261 τὸ
3606 5206 3703 5274 ψω-

2150 5313 2270 5385 μίον
2298 5308 2390 5367 οὖν
2420 5311 2563 5382 τάχα
2593 5310 2667 5381 μὴ
2694 5308 2905 5382 βρωθὲν
2932 5307 3039 5361 ὑπὸ
3067 5304 3166 5359 τοῦ
3203 5303 3391 5368 Ἰούδα,
3429 5298 3704 5373 προλαϐόν-

2324 5455 2368 5487 ⁸¹
2407 5455 2427 5509 ι
2465 5454 2618 5509 Joan.
2650 5450 2814 5518 11,19.
2882 5449 2928 5480 "
2953 5447 2990 5501 il
3024 5445 3152 5501 Cor.
3186 5458 3264 5506 vt,
3294 5441 3380 5497 l5.
3462 5439 3510 5474 ⁸³
3536 5435 3703 5493 Iatth.

2217 5644 2330 5716 (10)
2361 5644 2542 5699 Codex
2586 5639 2807 5716 Regius,
2837 5636 3092 5716 δπότερα.
3271 5701 3310 5716 η

2217 5701 2329 5787 (Η)
2355 5717 2497 5771 Idem
2536 5701 2706 5768 codex
2739 5709 2964 5779 Regius,
2991 5701 3234 5774 Σίμωνος
3271 5701 3642 5767 Ἰσκαριώτου.
