3754 6538
60 384 148 443 8‘59
1027 382 1376 440 COMMENT.
1419 380 1485 436 IN
1524 378 1714 435 JOAN.
1758 380 1992 440 TOMUS
2034 383 2248 440 XXXII.

3169 385 3271 441 8l0

49 519 128 566 ταις
152 500 245 556 τοῦ
276 499 609 564 εἰσελθόντος
643 500 721 564 εἰς
750 498 842 553 τὸν
885 499 1084 556 Ἰούδαν
1115 503 1327 556 Σατανᾶ
1355 497 1451 571 τήν
1479 499 1592 570 χρῆ-

1739 515 1862 562 ana.
1898 501 1987 571 qui
2024 502 2301 572 ingressus
2331 500 2506 557 fuerat
2543 503 2595 558 in
2638 483 2852 566 ludam.
2882 502 3057 559 oﬂ‘uhe
3093 522 3270 568 usum,

51 611 118 647 σιν
140 591 232 644 τοῦ
264 589 517 660 ψωμίου,
553 591 638 643 ἵνα
670 591 745 662 μὴ
794 590 979 662 ὅνηται
1031 593 1058 645 6
1103 592 1300 656 Ἰούδας
1347 593 1445 662 τῆς
1497 593 1603 645 ἀπὸ

47 683 124 738 τοῦ
161 681 336 754 Ἰησοῦ
366 683 564 746 δόσεως
605 681 699 735 τοῦ
747 682 961 754 ψωμίου
984 700 996 712 ·
1024 683 1084 736 τὸ
1111 684 1206 754 μὲν
1243 683 1352 754 γὰρ
1373 680 1486 755 εἶχε
1510 684 1602 738 δύ-

47 797 187 848 ναμιν
215 776 563 848 ὠφελητικὴν
588 776 666 847 τῷ
694 776 1015 848 χρησομένῳ
1035 793 1048 806 ·
1075 777 1102 828 6
1143 777 1220 841 δὲ,
1253 777 1398 844 ἅπαξ
1429 777 1602 847 βαλὼν

45 868 184 922 αὐτοῦ
212 871 291 931 εὶς
322 869 421 938 τὴν
455 868 682 940 καρδίαν
703 910 717 932 ,
759 868 845 921 ἵνα
875 867 1099 938 παραδῷ
1130 869 1218 921 τὸν
1264 869 1598 934 διδάσκαλον,

47 960 352 1030 φοϐούμενος
388 958 548 1031 μὴτὸ
580 957 910 1030 βεϐλημένον
945 959 1152 1030 ἐκπέσῃ
1190 959 1280 1013 τοῦ
1311 959 1601 1030 βληθέντος

44 1054 116 1105 διὰ
144 1055 237 1122 τῆς
265 1053 360 1106 τοῦ
391 1052 605 1122 ψωμίου
636 1055 884 1125 χρήσεως
902 1095 918 1119 ,
946 1052 1231 1124 προλαϐὼν
1265 1054 1378 1124 ἅμα
1405 1054 1481 1125 τῷ
1503 1055 1600 1109 λα-

45 1143 138 1196 ϐεἰν
165 1143 253 1196 τὸν
293 1144 492 1198 Ἰούδαν
518 1144 576 1196 τὸ
609 1143 841 1213 ψωμίον,
873 1143 1119 1214 εἰσῆλθεν
1159 1146 1239 1210 εἰς
1285 1145 1477 1211 αὐτὸν,
1513 1147 1601 1200 ὅτε

46 1237 123 1287 καὶ
146 1235 432 1306 εἰρημένου
460 1233 554 1287 τοῦ
577 1251 590 1264 °
626 1252 644 1286 t
663 1236 726 1288 Ὃ
759 1238 948 1298 ποιεῖς,
978 1236 1199 1308 ποίησον
1227 1237 1432 1308 τάχιον,
1459 1256 1478 1290 ι
1514 1238 1602 1291 λα-

44 1327 134 1378 ϐὼν
165 1327 223 1380 τὸ
262 1327 472 1398 ψωμίον
517 1325 750 1389 Ἰούδας,
787 1325 1010 1395 ἐξῆλθεν
1053 1325 1232 1390 εύθύς.
1279 1327 1390 1380 Καὶ
1429 1327 1601 1394 οὕτως

44 1421 78 1471 δ’
103 1421 161 1473 ἂν
185 1420 286 1473 ούκ
317 1418 598 1482 ἀπιθάνως
627 1422 706 1482 είς
734 1419 825 1473 τὸν
856 1421 1018 1474 τόπον
1065 1421 1276 1489 λέγοιτο
1298 1461 1313 1487 ,
1359 1421 1546 1494 ὥσπερ
1573 1425 1600 1476 6

45 1513 256 1576 ἀναξίως
279 1512 474 1566 ἐσθίων
499 1511 589 1565 τδν
612 1513 772 1583 ἄρτον
800 1513 894 1565 τοῦ
925 1512 1149 1584 Κυρίου,
1173 1513 1206 1584 ἢ
1241 1513 1408 1568 πίνων
1435 1515 1599 1570 αὑτοῦ

46 1606 94 1659 τὸ
122 1607 391 1677 ποτήριον,
421 1606 501 1668 είς
523 1607 697 1676 κρῖμα
727 1603 917 1668 ἐσθίει,
949 1607 1043 1658 κα)⁵
1072 1605 1234 1670 πίνει,
1263 1608 1362 1679 τῆς
1389 1611 1516 1680 μιᾶς
1541 1610 1598 1664 ἐν

46 1697 107 1766 τῷ
131 1698 272 1768 ἄρτῳ
316 1697 624 1766 κρείττονος
653 1695 963 1766 δυνάμεως,
1003 1699 1094 1752 καὶ
1124 1701 1181 1752 ἐν
1213 1702 1290 1773 τῷ
1332 1705 1594 1776 ποτηρίῳ,

46 1791 352 1861 ὑποκειμένη
388 1791 483 1861 μὲν
512 1788 746 1842 διαθέσει
779 1790 1048 1861 κρείττονι
1080 1792 1509 1868 ὲνεργαζομένης
1535 1798 1597 1851 τὸ

46 1855 263 1951 βέλτιον,
295 1855 499 1954 χείρονι
549 1882 606 1935 δὲ
652 1855 986 1953 ἐμποιούσης
1021 1884 1082 1937 τὸ
1129 1855 1302 1957 κρέμοὶ
1325 1855 1511 1944 ’.οὕτω
1535 1891 1597 1944 τὸ
1628 1855 1668 1910 Β

46 1976 131 2027 ἀπὸ
169 1975 262 2028 τοῦ
298 1976 474 2046 Ἰησοῦ
503 1976 712 2048 ψωμίον
752 1978 1006 2048 ὁμογενὲς
1037 1975 1104 2050 ἦν
1129 1979 1206 2050 τῷ
1251 1981 1452 2035 δοθέντι
1484 1983 1594 2054 (12)

46 2069 249 2131 καὶτοῖς
286 2068 493 2132 λοιποῖς
525 2069 839 2134 ἀποστόλοις
865 2110 880 2134 ,
913 2072 971 2123 ἐν
993 2072 1070 2143 τῷ
1094 2091 1106 2103 ·
1149 2093 1168 2126 ‹
1209 2075 1418 2129 Λάϐετε
1443 2117 1459 2140 ,
1495 2077 1597 2146 φά-

45 2176 145 2227 γετε
167 2178 180 2190 ·
226 2180 244 2211 ι
278 2160 391 2214 ἀλλ’
421 2161 647 2224 ἐκείνοις
672 2161 769 2232 μὲν
798 2163 878 2225 είς
905 2163 1198 2235 σωτηρίαν,
1231 2164 1308 2237 τῷ
1329 2166 1385 2220 δὲ
1427 2167 1597 2241 Ἰούδᾳ

47 2255 108 2314 εἰς
132 2256 317 2323 κρῖμα,
350 2251 424 2316 ὡς
459 2253 595 2323 μετά
627 2253 688 2306 τὸ
712 2253 924 2325 ψωμίον
965 2256 1368 2328 εἰσεληλυθέναι
1398 2262 1478 2324 είς
1508 2262 1598 2314 αύ-

45 2344 115 2397 τὺν
140 2343 224 2396 τὸν
255 2345 517 2399 Σατανᾶν.
545 2346 785 2401 Νοείσθω
810 2348 865 2402 δὲ
886 2351 914 2402 6
936 2349 1096 2420 ἄρτος
1123 2350 1215 2403 καὶ
1246 2349 1308 2404 τὺ
1341 2353 1598 2423 ποτήριον

45 2439 136 2498 τοῖς
162 2436 259 2506 μὲν
292 2434 674 2506 ἁπλουστέροις
699 2439 838 2492 κατά
873 2441 970 2511 τὴν
1001 2441 1309 2514 κοινοτέραν
1340 2445 1467 2515 περὶ
1497 2443 1598 2514 τῆς

49 2528 384 2598 Εὐχαριστίας
417 2530 642 2600 ἐκδοχὴν
663 2548 675 2560 ·
705 2535 818 2596 τοῖς
845 2532 900 2584 δὲ
944 2532 1234 2603 βαθύτερον
1267 2535 1484 2588 ἀκούειν
1510 2553 1598 2604 με-

51 2621 294 2690 ξιαθηκόσι
325 2622 463 2676 κατά
498 2623 592 2694 τὴν
618 2623 891 2697 θειοτέραν
919 2626 1012 2679 καὶ
1043 2627 1169 2697 περὶ
1210 2627 1302 2680 τοῦ
1333 2631 1594 2700 τροφίμου

48 2710 124 2781 τῆς
147 2711 400 2783 ἀληθείας
426 2713 598 2782 Λόγου
649 2715 977 2784 ἐπαγγελίαν
997 2735 1011 2749 ·
1042 2717 1117 2783 ὼς
1158 2718 1207 2771 εἰ
1252 2721 1308 2772 ἐν
1343 2721 1597 2792 παραδεί-

51 2818 190 2871 γματι
223 2805 335 2873 (15)
363 2805 566 2874 ἔλεγον,
598 2807 678 2860 ὃτι.
701 2808 793 2861 καὶ
819 2809 848 2861 6
875 2808 1014 2864 κατὰ
1045 2808 1105 2862 τὺ
1142 2812 1450 2881 σωματικὸν
1480 2830 1598 2885 τρο-

52 2894 334 2964 φιμώτατος
362 2899 523 2969 ἄρτος
548 2915 779 2971 πυρετον
807 2899 906 2971 μὲν
937 2901 1292 2973 ὑποκείμενον
1313 2901 1484 2970 αὔξει,
1517 2906 1596 2968 είς

51 2987 205 3053 ὑγείαν
234 2988 293 3041 δὲ
317 2990 415 3058 τὴν
441 2989 778 3060 adea-1%”)
806 2991 1012 3060 ἀνάγει.
1035 2992 1127 3046 Διδ
1153 2993 1410 3060 πολλάκις
1439 2994 1594 3066 λόγος

51 3077 219 3149 ἀληθὴς
261 3079 404 3150 ψυχῇ
437 3081 684 3153 νοσούσῃ,
713 3083 773 3134 ού
824 3082 1054 3156 δεομένῃ
1098 3086 1342 3156 τοιαύτης
1386 3087 1594 3160 τροφῆς

1709 607 1775 646 ne
1801 590 1968 646 Judas
1995 595 2365 663 adjumentum
2398 597 2702 665 perciperet
2723 613 2790 652 ex
2820 599 2940 653 data
2967 614 2996 652 a
3027 598 3153 654 Jesu
3187 601 3271 655 of-

1707 684 1812 740 fula
1847 687 2101 756 (habebat
2151 689 2297 742 enim
2341 690 2454 743 ha'c
2481 691 2698 758 quidem
2742 691 2850 745 vim
2893 691 3179 762 adjuvandi
3208 708 3270 748 ea

1704 796 1948 844 usurum,
1985 782 2076 836 sed
2105 794 2389 852 acceperat
2420 783 2530 852 jam
2576 785 2742 839 semel
2769 787 2828 840 in
2856 803 3012 841 suum
3042 803 3135 842 eor
3179 785 3273 842 Ju-

1703 871 1800 925 das
1844 882 1902 926 ut
1943 872 2256 942 Magistrum
2291 874 2607 947 proderet),
2647 879 2840 931 timens
2893 894 2959 933 nc
2999 879 3164 933 telum
3217 880 3271 934 in

1701 961 1892 1016 Jndam
1919 963 2172 1017 emissum
2209 964 2506 1029 aberraret,
2535 967 2578 1019 si
2611 965 2776 1022 Jndas
2801 983 2929 1024 usus
2949 967 3110 1023 offula
3141 970 3276 1025 fuis-

1701 1065 1802 1116 set,
1835 1055 2157 1124 anticipans,
2192 1073 2310 1111 mox
2340 1068 2502 1126 atque
2525 1057 2693 1112 Jndas
2723 1060 2888 1113 sumit
2913 1060 3154 1126 oﬂ‘ulam,
3185 1063 3273 1116 in-

1701 1160 1921 1212 gressus
1950 1157 2035 1201 est
2063 1148 2112 1200 in
2153 1147 2322 1209 illum.
2357 1158 2470 1202 tum
2513 1149 2738 1215 scilicet,
2787 1166 2905 1204 cum
2941 1151 3166 1207 dixisset
3194 1153 3271 1208 illi

1703 1239 1961 1294 Servator
1989 1259 2001 1294 :
2027 1256 2046 1290 ι
2071 1239 2222 1306 Quod
2248 1239 2400 1298 facis.
2419 1243 2500 1294 fac
2520 1241 2689 1304 ocius,
2708 1260 2727 1293 ι
2756 1242 3160 1313 aceepissetque
3185 1246 3272 1300 of-

1701 1328 1866 1384 fulam
1901 1329 2088 1396 Judas,
2113 1347 2363 1402 egressus
2388 1342 2472 1388 est
2505 1334 2710 1388 statim.
2745 1333 2974 1390 Proinde
3008 1337 3150 1391 haud
3175 1337 3272 1392 ab.

1699 1423 1922 1476 surdum
1965 1423 2014 1476 in
2045 1425 2292 1490 praesenti
2324 1425 2443 1479 loco
2476 1425 2768 1486 diceretur.
2798 1428 2939 1496 quod
2967 1435 3023 1481 ut
3069 1429 3159 1497 qui
3187 1429 3274 1481 in-

1699 1515 1859 1584 digne
1884 1531 2071 1583 panem
2095 1515 2305 1570 Domini
2333 1519 2585 1581 comedit,
2606 1519 2688 1572 vel
2711 1518 2936 1573 calicem
2966 1519 3082 1588 ejus
3111 1519 3266 1583 bibit,

1699 1607 1751 1662 in
1777 1606 2040 1677 judicium
2079 1607 2364 1662 manducat
2389 1617 2443 1661 et
2472 1608 2668 1662 bibit”
2707 1626 2721 1674 ;
2755 1609 2805 1662 in
2840 1623 2979 1680 pane
3002 1619 3058 1664 et
3099 1610 3271 1666 calice

1699 1715 1805 1754 una
1849 1701 2049 1754 virtute
2083 1700 2444 1768 praestantiori
2490 1709 2746 1769 operante
2778 1701 2978 1756 bonum
3025 1701 3078 1755 in
3131 1702 3271 1757 bono

1699 1789 1894 1848 alTectu
1923 1793 2241 1854 constituto,
2282 1790 2336 1844 in
2389 1788 2584 1844 aﬂectu
2641 1805 2769 1846 vero
2820 1793 2964 1848 malo
3010 1803 3272 1864 operante

1697 1882 2200 1938 condemnationem
2223 1899 2240 1948 ;
2267 1882 2346 1938 sic
2367 1881 2583 1936 oﬁ‘nlam
2605 1897 2634 1936 a
2660 1881 2786 1939 Jesu
2817 1883 2996 1937 datam
3028 1883 3268 1952 ejusdem

1696 1974 1910 2043 generis
1931 1973 2095 2029 fuisse
2116 1990 2236 2028 eum
2264 1990 2328 2028 ea
2354 1989 2514 2042 quam
2544 1972 2701 2029 Jesus
2723 1973 2870 2029 dedit
2899 1975 3112 2030 caeteris
3139 1989 3268 2045 apo-

1695 2065 1874 2129 stolis,
1900 2067 2024 2119 dum
2062 2066 2267 2120 diceret
2305 2084 2318 2118 :
2352 2084 2369 2117 ι
2408 2065 2672 2135 Accipite,
2703 2067 3026 2122 eomedite“
3057 2082 3072 2131 ;
3106 2086 3125 2120 ι
3169 2070 3264 2124 sed

1700 2159 1804 2214 illis
1843 2159 2061 2229 quidem
2092 2159 2160 2212 ad
2207 2155 2637 2220 salutemJudte
2665 2173 2792 2212 vero
2829 2160 2897 2212 ad
2929 2160 3264 2215 condemna-

1698 2254 1928 2317 tionem;
1960 2254 2031 2306 ita
2078 2260 2137 2306 ut
2184 2260 2302 2321 post
2353 2249 2570 2305 oll'ulam
2605 2251 2980 2322 ingrederetur
3024 2253 3076 2307 in
3113 2253 3266 2309 illum

1697 2341 1945 2408 Satanas.
1972 2345 2239 2398 Cancrum
2275 2343 2647 2398 consideretur
2674 2343 2760 2396 hic
2788 2343 2942 2412 panis
2961 2354 3015 2399 et
3046 2345 3148 2400 hoe
3171 2361 3269 2416 po-

1695 2435 1873 2490 culum
1895 2451 1926 2490 a
1953 2434 2376 2504 simplicioribus
2427 2434 2576 2501 juxta
2603 2435 3026 2491 communiorem
3074 2437 3272 2492 intelli-

1695 2529 1927 2598 gentiam
1944 2528 2009 2582 de
2031 2528 2390 2591 Eueharistia,
2425 2527 2476 2582 id
2499 2536 2581 2582 est
2607 2527 2670 2581 de
2699 2529 2990 2596 gratiarum
3016 2529 3227 2584 actione
3250 2547 3265 2592 ;

1696 2629 1753 2675 at
1784 2621 1874 2690 qui
1906 2620 2067 2675 altius
2103 2620 2216 2674 haec
2249 2619 2551 2688 intelligere
2578 2619 2889 2685 didicerint,
2921 2621 3269 2677 considerent

1697 2712 1803 2768 hoc
1829 2713 2029 2767 dictum
2067 2711 2235 2766 fuisse
2281 2712 2435 2782 juxta
2482 2712 2800 2766 diviniorem
2849 2713 3266 2783 promissionem

1695 2806 1860 2860 etiam
1893 2805 1958 2858 de
1984 2805 2161 2876 Λόγῳ,
2193 2814 2248 2859 et
2297 2805 2476 2859 Verbo
2506 2805 2751 2858 veritatis
2779 2803 3091 2859 alimentum
3131 2805 3267 2861 ubeo

1697 2899 1807 2954 rius
1823 2907 2146 2968 praestante;
2169 2907 2421 2967 tanquam
2451 2899 2496 2952 si
2523 2896 2771 2966 exemplo
2787 2897 3021 2951 dicerem
3048 2912 3263 2967 panem,

1695 2992 1836 3062 quod
1869 2992 1935 3046 ad
1964 3005 2160 3060 corpus
2192 2991 2402 3051 attinet,
2421 2989 2733 3044 alimentum
2766 2989 3095 3044 uberrimum
3125 3005 3266 3060 prae-

1695 3095 1950 3152 stantem,
1985 3083 2179 3138 febrim
2216 3082 2513 3150 subiectam
2549 3095 2764 3152 angere,
2797 3097 2918 3136 cum
2943 3096 3128 3136 contra
3165 3083 3264 3136 bo;

50 3167 287 3238 Bz'iéusvo;
305 3212 320 3236 ,
354 3172 620 3244 ἐπιτρίϐει
650 3175 818 3246 αὐτὴν
841 3213 856 3237 ,
898 3175 992 3228 καὶ
1018 3176 1291 3246 πρόφασις
1318 3179 1428 3249 (15)
1455 3180 1592 3251 αὐτῇ

1738 3194 1822 3232 am
1873 3175 2122 3246 corporis
2175 3173 2542 3229 habitudinem
2572 3173 2637 3228 ad
2685 3173 2968 3228 sanitatem
3020 3175 3263 3229 redueat.

52 3263 274 3331 χαρά-μων
327 3262 564 3331 γίνεται·
614 3265 706 3318 καὶ
740 3263 913 3329 οὕτως
962 3267 1054 3320 καὶ
1091 3266 1160 3320 τὰ
1202 3267 1375 3340 ἀληθῆ
1419 3269 1592 3338 λέγειν

1736 3281 1870 3338 luam
1894 3272 1962 3326 ob
1986 3283 2200 3324 causam
2242 3267 2557 3337 plerumque
2588 3281 2767 3322 sermo
2795 3281 2954 3322 verus
2983 3265 3264 3336 aegrotanti

53 3354 337 3420 χιδδυνῶδές
385 3357 520 3408 ἐστι.
572 3355 741 3409 Τοῦτο
785 3355 839 3408 δέ
893 3373 979 3427 μοι
1022 3357 1235 3430 εἴρηται
1273 3358 1360 3412 διά
1390 3358 1450 3412 τὸ
1486 3359 1592 3428 ψω-

1736 3363 1911 3424 nimze,
1936 3377 2040 3415 non
2073 3357 2332 3426 indigenti
2365 3356 2458 3410 tali
2493 3357 2614 3410 cibo
2667 3356 2846 3417 datus,
2895 3354 3037 3407 illam
3075 3364 3264 3409 conte-

54 3446 146 3515 μίον
169 3448 298 3519 (16),
322 3447 352 3500 ὃ
372 3447 623 3518 ἐμϐάψας
646 3448 859 3501 δίδωσιν
887 3447 1055 3518 Ἰούδᾳ
1084 3449 1284 3520 Σίμωνι
1311 3450 1390 3520 τῷ
1425 3453 1592 3505 Ἰσκα-

1736 3465 1802 3522 et,
1827 3455 1903 3508 illi
1936 3463 1993 3507 ut
2025 3452 2174 3522 pejus
2226 3465 2284 3506 se
2330 3449 2526 3505 habeat
2557 3463 2718 3504 causa
2761 3448 3029 3503 exsistens
3057 3463 3072 3500 :
3101 3444 3266 3518 445

55 3539 187 3611 pit-3:3
211 3540 322 3610 (l7)
347 3558 360 3571 ·
386 3542 480 3593 καὶ
502 3542 874 3612 κεκινήκαμεν
905 3541 1061 3610 λόγον
1095 3542 1188 3595 τὸν
1218 3545 1299 3607 είς
1338 3544 1593 3616 ἑκάτερα,

53 3631 134 3682 εἴτε
156 3633 252 3704 χρὴ
280 3632 464 3700 λέγειν
496 3632 656 3686 αὑτὸν
690 3632 1023 3705 βεϐρωκέναι
1063 3633 1298 3690 λαϐόντα
1317 3675 1332 3699 ,
1361 3639 1467 3690 εἴτε
1499 3654 1594 3690 κε-

53 3723 288 3778 massa:
315 3725 425 3778 ἀπὸ
444 3723 536 3777 τού
559 3724 890 3788 εἰσελθόντος
923 3727 1002 3789 είς
1028 3725 1116 3779 τὸν
1139 3727 1338 3780 Ἰούδαν
1361 3729 1590 3782 Σατανᾶ.

53 3814 161 3868 Εἱδὲ
186 3817 288 3888 χρὴ
318 3819 396 3880 ὡς
432 3817 504 3888 μὴ
534 3820 651 3889 εἰκῆ
688 3820 1132 3890 παρερῤιμμένον
1161 3820 1266 3873 ὑπὸ
1290 3820 1386 3874 τού
1432 3822 1594 3890 εύαγ-

52 3907 256 3972 γελιστού
283 3909 397 3981 (I8)
432 3909 675 3973 ἐξετάσαι
703 3910 758 3962 δὲ
787 3911 867 3972 τὸ,
898 3907 1033 3964 (Ἶίν
1063 3912 1119 3965 δὲ
1146 3912 1260 3978 νὺξ,
1291 3931 1308 3964 ι
1347 3912 1590 3979 λεκτέον,

51 3996 109 4049 ὅτι
134 4001 470 4072 συμϐολικῶς
496 4005 616 4058 τότε
651 4005 685 4074 ἡ
711 4003 942 4074 αἰσθητὴ
976 4003 1070 4070 νὺξ
1100 3999 1190 4075 ἦν,
1214 4001 1378 4057 εἰκὼν
1399 4006 1595 4076 τυγχά-

50 4105 180 4145 νουσα
223 4095 324 4166 τῆς
378 4095 673 4167 γενομένης
714 4097 771 4149 ἐν
828 4099 894 4166 τῇ
942 4096 1088 4167 ψυχῇ
1152 4095 1320 4150 Ἰούδα
1365 4097 1587 4161 νυκτός’

52 4183 176 4249 ἡνίκα
199 4186 254 4239 τὺ
281 4187 679 4258 ἐπιφερόμενον
714 4189 902 4251 σκότος
937 4187 1125 4242 ἐπάνω
1163 4189 1264 4259 τῆς
1302 4187 1540 4242 ἀϐύσσου
1562 4192 1592 4244 6

59 4273 262 4341 Σατανᾶς
304 4278 555 4350 εἰσῆλθεν
581 4280 661 4343 είς
693 4279 850 4332 αὐτόν
874 4297 889 4311 ·
917 4280 1140 4334 ἐκάλεσε
1181 4280 1288 4350 γὰρ
1318 4283 1346 4334 6
1369 4281 1498 4345 Θεὸς
1527 4283 1592 4335 τὸ

54 4370 204 4434 σκότκ
248 4371 423 4425 νύκτα
449 4388 464 4403 ·
509 4371 646 4425 ὥστε
686 4373 913 4436 νυκτὸς,
944 4373 1108 4444 φησὶν
1149 4375 1178 4425 6
1215 4373 1422 4438 Παῦλος
1446 4418 1458 4436 ,
1491 4375 1591 4428 οὐκ

52 4459 179 4530 ἐπμὲν
205 4463 393 4525 τέκνα,
431 4463 551 4516 οὐδὲ
584 4464 826 4527 σκότους,
859 4464 1030 4532 λέγων
1056 4482 1068 4493 ·
1109 4467 1261 4535 «Ἆρ’
1291 4461 1405 4529 οὖν,
1435 4465 1590 4520 ἀδελ-

1694 3559 1859 3618 atque
1905 3547 2066 3601 etiam
2103 3545 2182 3601 sie
2224 3546 2487 3615 sequitur,
2516 3554 2574 3598 ut
2608 3557 2738 3598 vera
2785 3541 2964 3597 dicere
3003 3539 3266 3610 periculo.

1694 3655 1812 3694 sam
1847 3639 1941 3692 sit.
1977 3636 2091 3692 lloc
2134 3644 2311 3690 autem
2355 3635 2486 3688 mihi
2522 3636 2720 3689 dictum
2763 3643 2846 3688 est
2878 3641 3097 3703 prepter
3130 3628 3264 3685 oﬁ‘u-

1693 3731 1798 3786 lam
1821 3745 1982 3799 quam
2007 3729 2286 3783 intinctam
2316 3727 2467 3782 dedit
2490 3724 2650 3780 Iesus
2686 3724 2835 3781 Juda:
2883 3724 3089 3779 Simoni
3119 3722 3262 3778 lsca-

1693 3823 1843 3876 ricta:
1882 3836 1896 3872 :
1927 3819 2296 3888 movimusque
2329 3819 2590 3870 rationem
2621 3818 2673 3870 in
2701 3825 2984 3884 utramque
3019 3823 3258 3880 partem,

1691 3913 1806 3968 sive
1840 3926 2063 3966 necesse
2096 3910 2168 3965 sit
2199 3910 2378 3964 dicere
2399 3905 2590 3960 Judam
2614 3913 2892 3974 acceptam
2920 3901 3137 3959 oﬂ'ulam
3163 3916 3260 3956 (ιο⁴

1692 4003 1960 4068 medisse,
1992 4003 2108 4057 sive
2147 4017 2180 4056 a
2220 4000 2417 4055 Satana
2447 4037 2464 4064 ,
2511 3999 2600 4067 qui
2642 3997 2694 4051 in
2746 3997 2922 4064 ipsum
2976 3996 3252 4064 ingressus

1689 4095 1888 4162 fuerat,
1909 4094 2236 4164 prohibitum
2271 4090 2456 4146 fuisse.
2475 4090 2568 4144 Sin
2594 4102 2721 4144 vero
2741 4087 3073 4157 perpendere
3093 4085 3258 4139 etiam

1692 4185 1819 4240 illud
1841 4194 2079 4254 oportet,
2111 4202 2130 4236 ι
2167 4195 2281 4240 erat
2335 4192 2515 4238 autem
2563 4197 2667 4236 nox
2693 4180 2761 4243 ⁸⁷,
2801 4199 2819 4232 ι
2847 4189 3101 4248 tanquam
3150 4192 3259 4230 non

1691 4287 1894 4332 temere
1916 4277 2246 4346 assignatum
2265 4277 2329 4330 ab
2347 4275 2692 4346 evangelista,
2714 4273 3000 4327 dicendum
3017 4276 3101 4324 est
3115 4281 3261 4338 sym-

1689 4369 1862 4424 bolice
1887 4378 2014 4423 tunc
2039 4377 2250 4423 noctem
2278 4369 2441 4423 fuisse
2465 4369 2563 4422 sub
2580 4380 2795 4422 sensum
2817 4363 3118 4424 cadentem,
3139 4374 3258 4428 qua:

1689 4461 1867 4530 imago
1888 4460 2172 4514 exsisteret
2191 4459 2364 4513 noctis
2381 4457 2540 4512 facta:
2558 4459 2608 4511 in
2631 4455 2810 4510 anima
2836 4452 3020 4517 Judae;
3045 4448 3260 4520 quando

53 4551 135 4617 σοὶ,
158 4555 249 4607 ούκ
273 4555 445 4625 ἐσμὲν
466 4555 678 4619 νυκτὸς,
705 4555 824 4608 οὐδὲ
850 4555 1071 4618 σκότους
1099 4555 1262 4608 τέκνα
1291 4556 1457 4626 (19),ι
1497 4559 1590 4610 καὶ

1736 4569 1813 4608 me
1847 4551 2159 4606 ferebantur
2186 4565 2348 4621 super
2380 4551 2658 4621 abyssum,
2694 4547 2796 4602 illa:
2826 4545 3082 4610 tenebrze,
3111 4555 3260 4595 nem-

51 4644 113 4694 τό·
137 4662 153 4694 ι
174 4647 360 4717 Ἡμεῖς
390 4647 452 4701 δὲ
481 4647 692 4719 ὴμέρας
725 4648 878 4712 ὄντες
907 4648 1185 4718 νήφωμεν.
1214 4666 1233 4699 ι
1265 4648 1377 4700 Οὐκ
1405 4644 1472 4719 ἦν
1497 4645 1590 4703 οὖν

53 4734 122 4799 νὺξ
150 4742 254 4802 τοῖς
288 4741 635 4811 νιπτομένοις
687 4741 814 4803 τοὺς
871 4740 1035 4802 πόδας
1085 4739 1189 4792 ὑπὸ
1233 4739 1328 4792 τοῦ
1392 4741 1588 4811 Ἰησοῦ,

169 4831 350 4901 ἡμέρα
381 4831 762 4903 λαμπροτάτη,
804 4830 1251 4902 καθαιρομένοις,
1290 4831 1382 4884 καὶ
1415 4833 1588 4902 ἀπορ-

56 4917 360 4992 ριπτομένοις
396 4927 520 4988 τοὺς
553 4927 612 4978 ἐν
645 4928 756 4988 τοῖς
796 4924 922 4978 ποσ)⁵
958 4923 1055 4993 τῆς
1087 4922 1264 4994 ψυχῆς
1300 4923 1478 4978 αὐτῶν
1505 4925 1590 4983 66-

107 5053 144 5084 ⁸⁵
171 5053 187 5108 l
218 5055 344 5112 Cor.
397 5073 479 5122 XI,
513 5057 605 5112 29.
681 5058 727 5089 “
759 5059 952 5112 Matth.
998 5073 1147 5123 xum,
1183 5055 1272 5111 26.

109 5203 201 5274 (1‘2)
238 5204 556 5275 Ὀμοτεενὲρς
597 5199 679 5275 ἦν
712 5201 792 5267 τῷ
819 5200 1069 5275 δοθέντι,
1095 5212 1212 5275 _etc.
1246 5201 1304 5254 In
1335 5215 1401 5254 eo
1427 5209 1584 5275 erant

58 5270 269 5348 utraque
299 5270 560 5348 δμογενῆ,
607 5270 773 5348 quod
803 5272 1106 5326 comedenti
1145 5286 1241 5340 pro
1294 5270 1585 5348 sanctitate

59 5362 125 5395 sua
155 5341 228 5398 rel
261 5341 539 5414 impietate
573 5343 809 5396 salubria
837 5357 969 5414 esse
1001 5350 1252 5414 poterant
1284 5341 1368 5393 vel
1399 5341 1578 5414 noxia.

58 5414 95 5465 In
120 5416 224 5468 aliis
254 5409 658 5480 discrepabant,
690 5426 742 5466 et
767 5422 927 5483 erant
954 5411 1260 5483 ἑτερογενῆ,
1294 5424 1357 5462 ac
1410 5409 1462 5462 in
1516 5425 1582 5461 eo

58 5486 314 5548 prasertim
348 5484 494 5552 quod
550 5483 711 5536 oﬂ‘nla
758 5481 907 5536 Jnda:
945 5481 1194 5548 porrecta
1243 5495 1427 5534 merus
1460 5490 1583 5534 erat

58 5557 202 5618 panis;
224 5551 406 5608 offula:
435 5568 561 5606 vero
585 5555 722 5607 data:
749 5551 1004 5620 apostolis
1032 5552 1213 5618 specie
1247 5559 1452 5603 tantum
1485 5566 1580 5618 pa-

59 5623 119 5674 uis
141 5636 302 5686 erant,
325 5639 513 5678 revera
537 5622 734 5676 Christi
767 5638 961 5690 corpus
985 5635 1171 5674 erant:
1199 5630 1391 5674 contra
1414 5634 1578 5685 quam

58 5695 202 5748 exlwe
222 5696 337 5747 loco
365 5693 739 5746 ratiocinaudo
772 5693 1036 5746 conclusit
1057 5690 1583 5744 EdtmtndnsAlber-

23 5763 171 5822 Limus
196 5768 242 5815 in
266 5780 437 5830 apere
467 5763 540 5815 De
556 5774 878 5814 sacramento
908 5761 1279 5830 Eur/tarislire,
1312 5758 1404 5830 lib.
1437 5775 1499 5818 ιι,
1526 5759 1578 5811 in

21 5830 274 5909 ﬂumine
306 5827 742 5887 testitmmiornm
765 5831 1036 5897 Origenis,
1073 5847 1193 5900 cap.
1220 5828 1273 5880 9..
1311 5827 1577 5882 lluenus.

330 5927 605 5985 ΡΑτιιοι.
650 5924 764 5985 Gn.
795 5922 963 5985 XIV.

1692 4660 1757 4714 pe
1811 4645 2058 4709 Satanas,
2117 4644 2372 4713 ingressa:
2420 4652 2544 4697 sunt
2575 4643 2622 4694 it.
2672 4654 2831 4703 eum;
2861 4636 3077 4691 vocavit
3112 4632 3258 4686 enim

1694 4739 1831 4794 Deus
1890 4738 2170 4804 tenebras,
2228 4746 2440 4791 noctem
2470 4735 2558 4800 1’⁸;
2601 4750 2771 4805 quare
2824 4731 3032 4794 noctis,
3084 4724 3258 4794 inquit

1693 4831 1910 4894 Paulus,
1930 4847 2035 4884 non
2075 4846 2264 4885 sumus
2295 4829 2414 4892 lilii,
2442 4843 2612 4896 neque
2644 4825 3006 4884 tenebrarum,
3034 4818 3250 4872 dicens:

1698 4947 1714 4977 ‹
1760 4929 1920 4995 lirgo,
1960 4925 2175 4986 fratres,
2214 4937 2317 4974 non
2362 4935 2548 4974 sumus
2576 4919 2769 4979 noctis,
2805 4927 2978 4981 neque
3006 4907 3254 4963 tenebra-

1374 5056 1416 5087 "’
1449 5055 1607 5112 Joan.
1631 5076 1752 5125 xm,
1785 5059 1874 5112 50.
1952 5056 1997 5088 ⁸⁸
2040 5055 2234 5110 Cenes.
2263 5070 2298 5117 ι,
2329 5053 2382 5106 5.

1763 5198 1876 5267 (l5)
1906 5196 2085 5267 Codex
2105 5191 2347 5267 ‘Regius,
2377 5191 2452 5254 ὡς
2483 5191 2563 5267 ἐν.
2583 5183 3006 5267 παραδείγματι.

1763 5251 1874 5339 {id}
1912 5266 2015 5322 Pro
2044 5263 2164 5339 ripa
2203 5251 2632 5328 ἔὺεξίανύοάθιι
2666 5251 2886 5327 ἰὶρεὶυὲ
2942 5251 3127 5321 habet,
3162 5255 3258 5313 tat

1690 5337 1922 5401 εὐεξίαν,
1950 5337 2108 5390 male.

2132 5400 2474 5480 Bodleianus,
2502 5397 2806 5467 πρόφασιςο
2839 5393 3006 5450 editio
3051 5392 3254 5459 Huetii,

1693 5475 2015 5552 προφάσεις,
2050 5475 2210 5552 male.

1761 5533 1869 5620 (t'ti)
1908 5533 2087 5620 Codex
2111 5543 2336 5620 'Ilcgitts,
2371 5539 2631 5620 ταῦταίδὲ
2667 5555 2754 5608 μοι
2778 5535 2990 5620 εἴρηται
3024 5533 3256 5620 ψωμίου.

1793 5606 1874 5681 ΓΪ)
1903 5619 2042 5670 ldetn
2071 5606 2237 5667 code}
2271 5613 2493 5681 Regius,
2526 5606 2765 5679 Σίμωνος
2812 5606 3153 5674 Ἰσκαριώτῃ.

1793 5624 1849 5672 l7
1903 5624 2042 5670 ldetn
2071 5624 2237 5667 codex
2273 5624 2493 5681 ιιι-ειυς,
2526 5624 2765 5679 ιιμωνος

1786 5624 1874 5755 ιεί
1900 5689 2078 5740 (index
2121 5681 2712 5756 “tegumen-(751mb.
2783 5749 2790 5756 _

1761 5751 1874 5828 ἰιυ)
1921 5756 2121 5810 Τέκνα.
2160 5753 2317 5806 Deest
2348 5752 2401 5805 in
2437 5759 2625 5806 Codice
2668 5751 2851 5818 ltegio.

2902 5905 2981 5962 ‘26
