3754 6542
478 421 578 474 3H

1908 415 2033 472 08h

2147 416 2230 471 llS
3599 418 3688 472 813

481 548 601 588 rum
652 530 744 588 lilii
773 529 859 600 ";
900 551 918 584 ι
952 506 1198 590 σι’ἰιιυόε
1237 553 1256 585 ι
1292 533 1398 590 Nos
1447 547 1629 590 autem
1665 549 1752 604 qui
1801 533 1903 588 diei
1947 533 2033 588 ﬁlii

2147 547 2278 593 πους
2302 547 2316 560 ο
2359 529 2449 582 καὶ
2491 528 2608 581 κατ’
2649 528 2837 600 ἐξοχὴν
2871 528 2970 582 οὐκ
3004 522 3073 598 ἦν
3103 514 3198 595 νῦξ
3239 527 3314 598 τῷ
3367 528 3690 599 ἀντικειμένῳ

479 637 687 692 sumus,
717 622 887 679 sobrii
912 623 1082 680 simus
1105 622 1175 678 ⁸⁸.
1217 642 1236 677 ι
1270 623 1628 691 Quamobrem
1659 639 1759 680 nos
1786 638 1889 680 non
1921 628 2038 680 erat

479 717 565 771 his
608 729 843 786 quorum
887 715 1053 787 pedes
1096 715 1298 771 laverat
1327 716 1479 772 Jesus
1502 761 1517 784 ,
1546 718 1637 774 sed
1677 717 1832 784 dies',
1867 730 2038 785 eaque

478 805 932 873 splendidissima,
958 814 1016 859 ut
1045 806 1136 875 qui
1166 806 1276 874 jam
1309 807 1548 862 mundati
1578 817 1760 862 essent
1810 807 2038 876 abiecis-

478 905 704 965 sentque
731 899 918 952 sordes
951 912 1086 966 quas
1129 897 1182 952 in
1231 899 1460 968 pedibus
1490 899 1680 954 animae
1726 915 1836 954 suze
1868 899 2036 953 hahe-

477 986 651 1052 bant;
693 986 1062 1042 excellentiori
1098 989 1261 1043 etiam
1312 993 1469 1046 modo
1512 1006 1617 1044 nox
1653 1006 1758 1045 non
1791 999 1912 1045 erat
1958 1007 2038 1046 re-

477 1078 750 1134 cumbenti
784 1079 837 1134 in
888 1081 1007 1135 sinu
1036 1079 1187 1147 Jesu,
1231 1083 1372 1152 quod
1405 1082 1561 1139 Jesus
1603 1097 1787 1138 amore
1817 1099 1928 1154 quo
1972 1085 2038 1138 il-

477 1169 586 1226 lum
640 1173 1067 1242 prosequebatur
1111 1183 1332 1230 cunctas
1365 1176 1614 1230 solvisset
1658 1177 1926 1233 tenebras.
1960 1177 2036 1232 Ac

475 1277 547 1317 ne
566 1261 725 1318 Petro
749 1263 960 1333 quidem
993 1279 1098 1319 nox
1122 1275 1236 1320 erat
1260 1267 1535 1323 conﬁtenti
1561 1268 1611 1323 id
1636 1271 1779 1337 quod
1802 1268 1901 1323 sibi
1927 1282 2038 1323 caa-

474 1350 627 1407 lestis
659 1352 746 1408 ille
770 1353 929 1409 Pater
955 1354 1238 1423 revelarat,
1270 1373 1495 1426 nempe:
1530 1378 1548 1410 ι
1588 1364 1656 1412 l'u
1684 1374 1741 1413 es
1765 1361 1849 1414 ille
1877 1358 2035 1414 Chri-

473 1451 611 1512 stus,
640 1443 730 1499 llle
759 1443 926 1502 Filius
967 1445 1062 1500 Dei
1089 1447 1317 1503 viventis
1347 1449 1447 1511 ⁸¹;›
1485 1449 1568 1503 cui
1603 1457 1782 1505 tamen
1817 1452 2034 1520 neganti

475 1549 585 1590 nox
615 1533 902 1591 confestim
925 1535 1042 1591 fuit.
1072 1537 1247 1590 Etiam
1282 1553 1422 1594 nunc
1448 1539 1610 1609 igitur
1633 1556 1754 1595 cum
1781 1554 2036 1611 egressus

472 1636 555 1686 est
580 1627 746 1684 ludas
769 1639 980 1698 sumpta
1011 1628 1192 1695 oﬂ‘ula,
1231 1646 1353 1686 mox
1387 1632 1485 1688 sibi
1519 1649 1736 1703 egresso
1760 1649 1866 1688 nox
1895 1633 2032 1698 fuit;

474 1734 576 1774 nec
604 1725 748 1775 enim
774 1719 884 1774 illic
902 1719 990 1775 ille
1013 1720 1094 1773 vir
1113 1722 1320 1787 aderat,
1339 1725 1422 1777 cui
1448 1738 1639 1779 nomen
1663 1733 1748 1780 est
1775 1723 2032 1790 Oriens";

472 1810 682 1864 scilicet
711 1809 1040 1879 reliquerat,
1097 1811 1222 1866 dum
1274 1814 1642 1882 egrederetur,
1675 1815 1900 1884 iustitiae
1935 1814 2035 1871 So-

2144 623 2201 673 ἐν
2237 621 2314 691 τῷ
2348 619 2528 691 κόλπῳ
2565 618 2657 672 τοῦ
2707 619 2878 691 Ἰησοῦ
2901 636 2914 650 ⁸
2956 620 3144 688 ἠγάπα
3180 618 3288 690 γὰρ
3324 620 3486 672 αὐτὸν
3530 622 3558 673 6
3606 623 3684 690 Ἰηο

2145 713 2289 777 σοῦς,
2324 715 2416 766 καὶ
2453 717 2516 784 τῇ
2549 712 2738 784 ἀγάπη
2768 712 2888 766 ἐλυε
2923 714 3031 765 πᾶν
3063 711 3124 764 τὸ
3163 712 3367 774 σκότος.
3417 712 3558 764 Ἀλλ’
3591 715 3692 766 ούδὶ

2144 807 2336 878 Πέτρῳ
2373 807 2716 876 ὁμολογοῦντι
2755 806 2850 859 τόσ
2899 824 2918 858 ‹
2956 807 3028 860 Σὺ
3085 804 3134 859 ει
3170 807 3197 857 δ
3243 807 3480 878 Χριστὸς
3517 809 3544 861 ό
3589 809 3692 872 re;

2142 896 2236 950 τοῦ
2294 895 2428 950 Θεοῦ
2481 896 2571 948 τοῦ
2631 894 2856 961 ζῶντος,
2902 915 2920 947 ι
2963 897 3408 967 ἀποκαλύψαντος
3449 899 3590 967 αὐτῷ
3618 900 3691 951 to?

2142 988 2390 1058 ούρανίου
2418 988 2626 1058 Πατρὸς
2649 1027 2663 1052 ,
2691 988 2785 1055 νὺξ
2819 984 2915 1059 ἦν’
2953 989 3087 1043 ἀλλὰ
3128 989 3222 1056 νὺξ
3259 991 3373 1060 ἃμα
3423 989 3573 1061 αύτῷ
3603 991 3693 1060 (2|)

2142 1081 2236 1134 καὶ
2268 1080 2492 1151 ἄρνησις
2527 1076 2612 1152 ἦν.
2647 1082 2757 1134 Καὶ
2796 1081 2890 1136 νῦν
2928 1081 3104 1136 τοίνυν
3148 1083 3236 1136 ὅτε
3292 1082 3478 1136 λαϐὼν
3516 1081 3576 1136 τὺ
3604 1084 3694 1151 ψω-

2147 1172 2267 1243 μίον
2293 1173 2322 1226 6
2367 1171 2566 1236 Ἰούδας
2613 1171 2832 1243 ἐξῆλθεν
2862 1172 3022 1238 εὐθὺς
3044 1214 3058 1238 ,
3104 1175 3224 1227 τότε
3274 1173 3543 1238 ἐξελθόντι
3572 1171 3694 1245 αὑτῷ

2143 1267 2237 1332 νὺξ
2261 1261 2327 1337 ἦν
2352 1283 2365 1295 ’
2396 1266 2455 1319 οὺ
2477 1264 2585 1337 γὰρ
2608 1266 2789 1336 παρῆν
2816 1265 2963 1336 αύτῷ
2988 1267 3014 1318 ό
3037 1266 3176 1337 ἀνὴρ
3265 1266 3440 1336 ὖνομα
3467 1267 3694 1337 ἀνατολὴ,

2142 1358 2493 1412 καταλιπόντι
2521 1359 2577 1411 ἐν
2613 1357 2690 1428 τῷ
2721 1357 3090 1429 ἐξεληλυθέναι
3115 1359 3204 1412 τὸν
3245 1359 3346 1428 τῆς
3375 1359 3695 1430 δικαιοσύνης

2141 1450 2306 1521 ἥλιον.
2337 1449 2446 1502 Καὶ
2473 1449 2660 1502 ἐδίωκε
2691 1449 2789 1519 μὲν
2810 1450 2900 1502 τὸν
2936 1449 3142 1520 Ἰησοῦν
3170 1452 3198 1503 6
3226 1450 3432 1514 Ἰούδας
3464 1450 3562 1518 τῆς
3589 1467 3694 1502 σκο-

2141 1542 2262 1606 τίας
2293 1542 2742 1614 πεπληρωμένοςο
2771 1543 2884 1597 ἀλλ’
2917 1544 2948 1614 ἡ
2982 1543 3196 1607 σκοτία,
3224 1542 3316 1595 καὶ
3353 1543 3382 1594 6
3418 1540 3696 1610 ἀνειληφὼς

2143 1637 2310 1709 αὐτὴν
2340 1637 2400 1690 οὐ
2433 1637 2722 1707 κατείληφε
2749 1637 2807 1690 τὸ
2833 1636 3156 1707 διωκόμενον
3189 1635 3322 1705 φῶς.
3373 1634 3470 1687 Διὸ
3510 1636 3596 1686 καὶ
3623 1635 3692 1687 ὅτε

2143 1722 2293 1780 εἶπεν
2317 1727 2391 1790 ὡς
2415 1726 2757 1799 δικαιοσύνης
2783 1727 2937 1797 λόγον
2962 1727 3023 1780 τό
3041 1744 3054 1757 ·
3090 1747 3107 1778 ι
3124 1728 3409 1799 Ἥμαρτον
3445 1727 3693 1798 summa;

2143 1813 2282 1888 αἷμα
2308 1818 2530 1883 δίκαιον,
2565 1837 2582 1870 ι
2621 1817 2871 1872 ἀπελθὼν
2900 1817 3201 1889 ἀπήγξατο,
3229 1816 3324 1870 τοῦ
3357 1821 3416 1871 ἐν
3445 1818 3587 1888 αὐτῷ
3612 1819 3693 1870 Σα-

475 1900 581 1957 lem
607 1901 675 1959 ³³.
710 1901 789 1957 Ac
816 1900 1000 1957 Jesum
1035 1904 1248 1972 quidem
1300 1906 1727 1975 persequebatur
1761 1905 1927 1963 Judas
1961 1919 2033 1964 te-

2147 1911 2274 1964 τανᾶ
2304 1909 2463 1981 μέχρι
2491 1909 2589 1979 τῆς
2615 1909 2847 1981 ἀγχόνης
2873 1910 3032 1963 αὑτὸν
3060 1912 3591 1981 χειραγωγήσαντος,
3617 1909 3694 1963 καὶ

475 1995 766 2049 nebrarum
795 1993 1025 2064 plenus;
1060 1995 1154 2049 sed
1191 1995 1446 2060 tenebrae,
1473 2006 1527 2052 et
1564 1997 1653 2068 qui
1706 1998 1848 2067 ipsas
1888 2012 2038 2055 rece-

473 2095 647 2157 perat,
680 2102 785 2142 non
820 2087 1289 2156 apprehenderunt
1319 2088 1492 2144 lucem
1511 2089 1734 2158 “quam
1758 2105 2040 2160 persequeo

473 2180 689 2235 bantur.
738 2178 1001 2246 Quocirca
1044 2194 1167 2235 cum
1223 2180 1448 2237 dixisset
1509 2193 1763 2251 tanquam
1816 2180 2039 2251 iustitiae

473 2285 814 2326 sermonem:
836 2270 1098 2327 «Peccavi
1129 2272 1347 2329 tradens
1378 2274 1690 2343 sanguinem
1713 2274 1912 2342 justum
1930 2274 2030 2340 ⁸³,ι

475 2363 751 2431 profectus
794 2362 988 2433 laqueo
1046 2380 1104 2420 se
1163 2365 1506 2436 praefocavit;
1537 2364 1736 2420 Satana
1779 2366 2034 2421 nimirum

2148 2003 2239 2054 ἐτιί
2264 2003 2466 2074 ταύτην
2493 2002 2654 2056 αὐτὸν
2693 2004 3128 2074 άναρτήσαντος,
3162 2005 3249 2056 ὅτε
3278 2005 3372 2057 καὶ
3407 2006 3508 2075 τῆς
3545 2005 3695 2074 ψυχῆς

2147 2093 2308 2149 αὐτοῦ
2349 2096 2377 2146 6
2415 2094 2657 2158 διάϐολος
2689 2095 2860 2165 ἥψατο
2879 2112 2892 2126 ο
2924 2097 2984 2148 ού
3015 2095 3122 2167 γάρ
3165 2091 3232 2166 ἦν
3261 2095 3508 2160 τοιοῦτος
3533 2097 3601 2159 ὡς
3627 2096 3693 2148 λε-

2144 2186 2337 2259 χθῆναι
2383 2190 2510 2260 περὶ
2539 2189 2700 2243 αὐτοῦ
2752 2188 2856 2241 ὑπὸ
2881 2188 3083 2259 Κυρίου
3115 2227 3128 2249 ,
3157 2189 3292 2261 ὅπερ
3333 2188 3552 2260 εἴρηται
3588 2189 3692 2258 περὶ

2140 2276 2238 2332 τοῦ
2275 2278 2392 2331 Ἶὼὸ
2419 2281 2554 2352 πρὸς
2582 2281 2670 2334 τὸν
2691 2281 2930 2334 διάϐολον
2954 2297 2965 2308 ·
3009 2299 3027 2332 ι
3051 2279 3206 2332 Ἀλλά
3219 2281 3316 2350 τῆς
3348 2280 3533 2350 ψυχῆς
3555 2278 3692 2334 αὐτοῦ

2145 2368 2220 2440 μὴ
2263 2369 2393 2442 ἅψῃ·
2435 2389 2452 2422 ι

476 2453 648 2522 quiin
689 2453 804 2524 ipso
833 2463 970 2521 erat,
1013 2469 1132 2510 eum
1166 2471 1335 2525 usque
1358 2456 1424 2511 ad
1461 2458 1712 2526 laqueum
1777 2459 2177 2527 adducente,’et
2238 2462 2288 2515 in
2320 2463 2424 2517 hoc
2480 2462 2653 2532 ipsum
2699 2463 3071 2531 prmfoeante;
3123 2462 3337 2531 quando
3388 2474 3445 2516 et
3486 2462 3690 2516 animam

473 2545 594 2612 ejus
621 2544 868 2601 diabolus
908 2546 1124 2616 attigit;
1157 2547 1353 2617 quippe
1378 2547 1467 2616 qui
1517 2547 1637 2602 talis
1670 2564 1776 2603 non
1814 2558 1957 2605 esset
1987 2559 2046 2604 ut
2081 2550 2148 2606 de
2173 2566 2237 2607 eo
2266 2552 2536 2608 diceretur
2572 2570 2602 2608 a
2647 2555 2888 2620 Domino,
2922 2556 3062 2624 quod
3118 2557 3183 2610 de
3227 2555 3328 2611 Job
3383 2565 3471 2612 est
3518 2557 3688 2614 dictum

475 2641 542 2697 ad
594 2641 866 2697 diabolum
902 2661 915 2695 :
948 2660 966 2694 ι
999 2643 1070 2696 At
1100 2643 1246 2698 illius
1278 2643 1511 2697 animam
1555 2658 1622 2698 ne
1652 2644 1884 2714 attingas
1916 2645 1983 2701 ⁵⁸.
2019 2665 2038 2700 ι

545 2735 632 2793 17.
666 2754 686 2788 ι
725 2734 856 2790 Cum
892 2751 1022 2807 ergo
1047 2736 1292 2804 exiisset,
1327 2736 1485 2793 Jesus
1502 2737 1672 2794 dicit:
1701 2737 1852 2794 Nunc
1879 2740 2042 2811 glori-

475 2825 668 2882 ﬁcatus
717 2835 802 2881 est
830 2825 996 2880 Filius
1048 2827 1303 2890 hominis,
1328 2837 1382 2882 et
1418 2827 1557 2883 Deus
1592 2828 1926 2899 gloriﬁcatus
1957 2839 2041 2885 est

478 2933 573 2987 per
597 2931 740 2972 eum.
770 2914 828 2971 Si
856 2915 997 2972 Deus
1024 2915 1356 2987 gloriﬁcatus
1384 2927 1467 2973 est
1512 2932 1609 2988 per
1630 2934 1776 2984 eum,
1816 2928 1868 2974 et
1899 2919 2040 2975 Deus

476 3010 802 3082 gloriﬁcabit
846 3024 970 3066 eum
1013 3024 1109 3079 per
1173 3026 1264 3076 se;
1317 3021 1372 3066 et
1408 3011 1667 3067 continuo
1715 3012 2040 3082 gloriﬁcabit

476 3115 600 3156 eum
631 3100 698 3156 ³⁷.
727 3121 747 3155 ι
783 3100 934 3157 Tunc
986 3099 1208 3170 gloriari
1236 3101 1403 3171 cmpit
1435 3101 1602 3158 Filius
1651 3103 1884 3158 hominis
1917 3113 2040 3173 post

475 3195 706 3265 gloriam
727 3209 848 3266 qua:
875 3193 944 3252 ob
971 3195 1123 3263 signa
1156 3203 1208 3248 et
1232 3195 1468 3264 prodigia
1496 3196 1812 3266 contigerat,
1846 3206 1899 3252 et
1924 3207 2044 3266 post

474 3288 702 3357 gloriam
761 3285 1271 3356 transﬁgurationis,
1305 3284 1470 3356 446
1517 3301 1641 3340 cum
1694 3285 1858 3342 .ludas
1915 3303 2039 3344 cum

473 3378 676 3432 Satana
705 3375 758 3431 in
785 3376 957 3445 ipsum
992 3374 1263 3445 ingresso,
1287 3390 1316 3429 a
1341 3375 1458 3431 loco
1486 3375 1576 3430 ubi
1598 3386 1716 3430 erat
1738 3375 1892 3433 Jesus
1929 3381 2044 3435 exi-

474 3468 577 3522 vit.
615 3467 879 3535 Quocirca
933 3466 1069 3520 dixit
1098 3464 1256 3520 Iesus
1290 3482 1303 3518 :
1339 3482 1358 3517 ι
1397 3464 1549 3521 Nunc
1586 3466 1912 3535 glorilicatus
1961 3481 2039 3526 est

475 3560 646 3617 Filius
664 3559 899 3617 hominis
911 3559 976 3614 ⁸³.
1003 3577 1021 3611 ι
1043 3558 1310 3614 Praeterea
1333 3558 1460 3614 illud
1481 3559 1644 3613 etiam
1666 3576 1679 3612 :
1699 3578 1716 3612 ι
1737 3557 1793 3614 Si
1823 3575 1921 3629 ego
1949 3577 2044 3616 ex-

478 3652 678 3707 altatus
699 3667 730 3705 a
751 3659 892 3707 terra
916 3651 1088 3718 fuero,
1118 3653 1299 3708 omnia
1325 3653 1534 3707 traham
1565 3652 1630 3707 ad
1663 3652 2034 3720 meipsum”,i

477 3745 680 3801 dictum
701 3754 785 3800 est
810 3762 840 3800 a
871 3743 1163 3802 Servatore
1188 3745 1527 3815 signiﬁcante
1555 3743 1697 3814 quali
1724 3752 1894 3800 morte
1925 3744 2040 3815 glo-

479 3836 720 3894 riﬁcatus
771 3847 916 3893 esset
945 3837 1150 3906 Deum;
1196 3837 1518 3909 gloriﬁcavit
1549 3836 1690 3892 enim
1729 3837 1892 3891 etiam
1927 3851 2041 3891 mo-

474 3929 664 3986 riendo
720 3931 907 3986 Deum.
948 3930 1097 3988 lianc
1141 3931 1210 3985 ob
1265 3945 1506 3994 causam,
1544 3929 1798 4000 quoniam
1829 3929 2038 3983 initium

475 4025 891 4094 dispensationis
940 4023 1185 4080 morituri
1222 4021 1350 4078 Jesu
1390 4022 1789 4092 perﬁciebatur,
1822 4035 2040 4090 egresso

475 4127 599 4186 post
625 4115 841 4171 offulam
871 4115 1026 4182 Juda,
1072 4126 1131 4172 ut
1179 4127 1371 4172 contra
1409 4113 1592 4170 Jesum
1640 4113 2036 4184 negotiaretur,

477 4211 680 4264 dictum
713 4219 827 4264 est:
848 4229 867 4262 ι
897 4209 1048 4264 Nunc
1080 4209 1414 4280 gloriﬁcatus
1435 4219 1518 4262 est
1544 4206 1711 4261 Filius
1736 4206 2032 4270 hominis”

476 4304 671 4358 deinde
701 4304 954 4370 quoniam
984 4317 1088 4356 non
1119 4301 1282 4356 liceat
1305 4300 1591 4370 gloriﬁcari
1617 4299 1912 4365 Christum,
1934 4314 2038 4353 non

479 4395 780 4465 gloriﬁcato
820 4411 915 4465 per
948 4396 1122 4466 ipsum
1165 4393 1348 4456 Patre,
1381 4401 1662 4462 propterea
1703 4391 1788 4446 his
1820 4391 2035 4448 verbis:

481 4507 502 4542 ι
543 4487 694 4542 Nunc
723 4486 1054 4556 gloriﬁcatus
1085 4499 1172 4542 est
1219 4485 1389 4541 Filius
1432 4484 1682 4546 hominis,
1719 4501 1738 4535 ι
1771 4483 2039 4574 adduntur
2068 4516 2114 4574 Β

476 4579 596 4635 haec
629 4595 642 4634 :
680 4596 700 4630 ‹
754 4578 820 4632 Ει
853 4579 990 4633 Deus
1019 4579 1344 4649 gloriﬂcatus
1381 4586 1464 4633 est
1501 4592 1597 4647 per
1643 4576 1840 4644 ipsum.
1878 4593 1897 4628 ι
1935 4573 2037 4629 Ve-

478 4679 786 4727 rumtamen
825 4669 994 4741 gloria
1030 4669 1347 4738 contingens
1379 4668 1447 4722 ob
1480 4675 1703 4722 mortem
1734 4681 1831 4735 pro
1865 4665 2038 4720 homi-

476 4763 637 4819 nibus
689 4776 798 4817 non
835 4757 1139 4830 pertinebat
1195 4758 1258 4810 ad
1315 4757 1648 4826 unigenitum
1699 4755 1903 4823 Λόγον,
1940 4769 2036 4808 seu

476 4857 816 4921 Sermonem,
849 4852 941 4924 qui
971 4860 1160 4907 natura
1190 4849 1327 4906 mori
1359 4859 1513 4918 aptus
1559 4864 1664 4903 non
1693 4858 1833 4914 erat,
1859 4861 2035 4917 neque

475 4948 546 5002 ad
565 4946 907 5019 sapientiam,
939 4953 994 4998 et
1028 4943 1304 5013 pietatem,
1329 4950 1384 4996 et
1408 4953 1744 5010 quaecunque
1789 4937 1891 4992 alia
1916 4952 2036 4994 esse

475 5041 727 5096 dicuntur
781 5039 838 5094 in
869 5036 997 5093 Jesu
1042 5035 1306 5091 diviniora
1333 5051 1347 5100 ;
1372 5033 1468 5088 sed
1514 5031 1580 5084 ad
1619 5031 1912 5092 hominem.
1947 5030 2037 5099 qui

475 5139 595 5187 erat
619 5132 781 5186 etiam
801 5130 972 5186 Filius
1003 5127 1257 5187 hominis,
1289 5125 1500 5196 genitus
1533 5137 1596 5176 ex
1628 5122 1836 5177 semine
1872 5121 2038 5176 David

2217 2741 2302 2796 17.
2340 2741 2499 2794 «Ὅτε
2521 2737 2612 2795 οῦν
2641 2740 2882 2810 ἐξῆλθεν,
2907 2743 2936 2794 6
2975 2740 3179 2812 Ἰησοῦς
3202 2741 3379 2809 λέγει’
3405 2740 3521 2794 Νῦν
3548 2740 3693 2804 ἐδοξά-

2145 2834 2245 2908 σθη
2281 2838 2309 2889 6
2341 2836 2468 2899 Υἱὸς
2511 2835 2604 2888 τοῦ
2637 2833 2921 2904 ἀνθρώπου
2947 2873 2960 2896 ,
2993 2835 3086 2886 καὶ
3132 2837 3160 2886 6
3202 2834 3331 2897 Θεὸς
3369 2833 3621 2903 ἐδοξάσθη
3645 2835 3688 2884 ἐν

2143 2927 2288 3000 αὐτῷ
2313 2945 2324 2957 ·
2362 2929 2410 2980 εί
2438 2927 2466 2978 6
2496 2927 2625 2989 Θεὸς
2648 2925 2904 2998 ἐδοξάσθη
2934 2929 2988 2980 ἐν
3023 2925 3189 2996 αὐτῷ,
3226 2927 3318 2979 καὶ
3344 2927 3374 2978 6
3407 2925 3540 2988 Θεὸς
3563 2923 3691 2988 δοξά-

2145 3037 2225 3074 σει
2267 3020 2426 3072 αύτὸν
2453 3021 2508 3072 ἐν
2537 3018 2683 3090 αὑτῷ
2707 3037 2720 3049 ·
2753 3021 2846 3072 καὶ
2886 3019 3044 3083 εὐθὺς
3080 3020 3290 3085 δοξάσει
3327 3017 3444 3089 (‘22)
3476 3017 3640 3070 αὐτόν.
3671 3034 3688 3067 ι

2155 3108 2320 3179 Ἀρχὴ
2351 3107 2444 3161 τοῦ
2473 3107 2780 3172 δεδοξάσθαι
2827 3107 2916 3161 τὸν
2963 3108 3088 3161 Υίὸν
3119 3108 3212 3161 τοῦ
3255 3108 3547 3180 ἀνθρώπου
3576 3106 3690 3178 μετὰ

2146 3199 2244 3263 τὰς
2275 3200 2366 3252 ἐπὶ
2393 3202 2503 3262 τοῖς
2537 3198 2781 3270 σημείοις
2808 3200 2901 3253 καὶ
2929 3199 3116 3271 τέρασι
3155 3199 3313 3265 δόξας
3332 3240 3346 3264 ,
3382 3201 3477 3254 καὶ
3501 3199 3591 3269 τὴν
3618 3200 3692 3252 ἐπὶ

2146 3295 2212 3364 τῇ
2244 3291 2680 3364 μεταμορφώσει,
2711 3291 2770 3344 τὸ
2814 3291 3179 3362 ἐξεληλυθέναι
3221 3290 3313 3343 τὸν
3354 3293 3553 3345 Ἰούδαν
3581 3290 3691 3362 μετὰ

2146 3382 2239 3436 τοῦ
2262 3382 2588 3445 εἰσελθόντος
2617 3383 2695 3444 εἰς
2725 3381 2883 3435 αὑτὸν
2909 3383 3117 3435 Σατανᾶ
3142 3382 3248 3436 ἀπὸ
3277 3382 3370 3435 τοῦ
3405 3383 3564 3436 τόπου
3589 3380 3690 3434 ἔνθα

2145 3467 2212 3543 ἦν
2237 3475 2266 3525 6
2301 3471 2524 3544 Ἰησοῦς.
2551 3471 2640 3525 Διὸ
2667 3467 2816 3525 εἶπεν
2847 3475 2875 3526 6
2909 3473 3108 3544 Κύριος
3136 3473 3226 3526 τό·
3262 3493 3283 3525 ι
3313 3473 3433 3528 Νῦν
3464 3472 3686 3540 ἐδοξάσθη

2145 3567 2173 3618 6
2199 3565 2323 3628 Υἱὸς
2343 3563 2435 3617 τοῦ
2463 3562 2764 3636 ἀνθρώπου.
2798 3583 2816 3614 ι
2851 3565 2971 3617 Ἔτι
2994 3563 3050 3617 δὲ
3079 3564 3168 3616 καὶ
3191 3564 3251 3616 τό
3274 3581 3287 3595 ·
3326 3583 3345 3615 ι
3370 3565 3497 3618 Ἐἀν
3519 3563 3686 3633 ὑψωθῶ

2146 3658 2210 3708 ἐκ
2242 3657 2340 3726 τῆς
2369 3655 2492 3724 γῆς,
2517 3656 2722 3719 πάντας
2760 3654 2968 3708 ἑλκύσω
2999 3654 3132 3726 πρὸς
3157 3656 3419 3724 ἐμαυτὸν,
3455 3677 3474 3709 ι
3507 3655 3687 3726 εἴρηται

2149 3744 2252 3798 ὑπὸ
2299 3743 2391 3797 τοῦ
2424 3744 2672 3817 Σωτῆρος
2721 3745 3069 3814 σημαίνοντος
3097 3744 3232 3815 ποίῳ
3263 3745 3483 3818 θανάτῳ
3508 3746 3687 3811 δοξάσει

2144 3839 2235 3892 τὸν
2273 3839 2436 3892 Θεόν·
2467 3838 2683 3904 ἐδόξασε
2726 3838 2832 3910 γὰρ
2875 3839 2968 3892 καὶ
3012 3841 3068 3892 ἐν
3099 3839 3177 3910 τῷ
3222 3839 3579 3911 ἀποθνήσκειν
3615 3837 3686 3892 τὸν

2145 3929 2295 3984 Θεόν.
2331 3929 2428 3983 Διά
2459 3928 2612 3982 τοῦτο
2633 3969 2648 3991 ,
2679 3928 2761 3982 ὅτι
2787 3928 2894 3998 (‘25)
2925 3929 2958 3999 ἡ
2991 3929 3131 4000 ἀρχὴ
3162 3929 3262 3999 τῆς
3291 3929 3593 4000 οἰκονομίας
3611 3926 3684 3979 τοῦ

2149 4023 2365 4094 μέλλειν
2397 4022 2756 4092 ἀποθνήσκειν
2788 4019 2880 4074 τὸν
2909 4021 3114 4092 Ἰησοῦν
3149 4024 3454 4091 ἐνηργεῖτο,
3486 4019 3686 4085 ἐξελθόν-

2145 4132 2236 4178 τος
2272 4114 2408 4185 μετά
2429 4113 2487 4167 τὸ
2515 4114 2722 4183 ψωμίον
2749 4112 2841 4166 τοῦ
2885 4112 3053 4165 ’ἰούδα
3070 4153 3084 4177 ,
3111 4113 3198 4166 ἵνα
3226 4111 3683 4183 πραγματεύσηται

2146 4205 2287 4258 κατὰ
2310 4203 2403 4257 τοῦ
2445 4201 2617 4274 Ἰησοῦ
2637 4242 2650 4266 ,
2686 4203 2898 4272 εἴρηται
2925 4202 2986 4254 τό
3007 4219 3020 4232 '
3060 4221 3079 4252 ι
3108 4200 3220 4254 Νῦν
3250 4201 3507 4273 ἐδοξάσθη
3531 4203 3558 4254 6
3584 4200 3682 4261 Υἱὸς

2143 4295 2237 4350 τοῦ
2268 4295 2550 4367 ἀνθρώπου
2573 4311 2586 4325 ο
2626 4312 2645 4346 ›
2683 4289 2778 4346 εἶτ’
2811 4295 2930 4346 ἐπεὶ
2949 4294 3049 4346 οὐκ
3082 4292 3253 4346 ἔνεστι
3281 4289 3683 4363 ὣξασθῆναιτδν

2144 4387 2392 4459 Χριστὸν,
2432 4385 2505 4456 μὴ
2538 4381 2946 4453 ἐνδοξαζομένου
2977 4382 3033 4435 ἐν
3058 4381 3206 4453 αὐτῷ
3233 4380 3323 4434 τοῦ
3361 4380 3585 4453 Πατρός,
3612 4376 3681 4430 διὰ

2143 4478 2299 4531 τοῦτο
2326 4476 2642 4548 πρόσκειται
2674 4472 2752 4542 τῷ
2773 4489 2788 4503 ·
2829 4491 2848 4523 ι
2871 4471 2983 4524 Νῦν
3017 4470 3269 4542 ἐδοξάσθη
3295 4471 3324 4523 ὁ
3351 4471 3480 4533 Υἱὸς
3504 4468 3586 4523 τοῦ
3612 4466 3682 4518 ἀν-

2145 4569 2402 4641 θρώπου,
2441 4585 2460 4617 ι
2495 4565 2554 4618 τό
2579 4580 2591 4594 ·
2629 4584 2648 4616 ‹
2685 4562 2795 4616 Kal
2844 4565 2873 4616 6
2921 4561 3052 4624 Θεὸς
3096 4559 3355 4631 ἐδοξάσθη
3391 4564 3451 4614 ἐν
3479 4557 3627 4627 αὐτῷ.
3658 4573 3674 4605 ι

2144 4661 2290 4732 Πλὴν
2323 4663 2357 4731 ἡ
2389 4659 2476 4713 διὰ
2499 4657 2588 4711 τὸν
2623 4655 2763 4726 ὑπὲρ
2797 4653 3094 4727 ἀνθρώπων
3123 4653 3346 4707 θάνατον
3377 4651 3500 4716 δόξα
3521 4649 3575 4702 ού
3603 4643 3676 4699 τοῦ

2148 4751 2222 4823 μὴ
2246 4749 2546 4820 πεφυκότος
2575 4745 2933 4816 ἀποθνήσκειν
2956 4738 3021 4814 ἦν
3048 4741 3367 4812 μονογενοῦς
3393 4741 3576 4809 Λόγου,
3600 4734 3674 4788 καὶ

2145 4843 2352 4912 σοφίας,
2378 4842 2470 4894 καὶ
2491 4838 2764 4909 ἀληθείας,
2797 4839 2887 4891 καὶ⁵
2911 4839 3010 4890 ὅσα
3037 4836 3172 4890 ἄλλα
3199 4832 3340 4887 εἶναι
3369 4834 3570 4901 λέγεται
3590 4826 3676 4880 τῶι

2142 4935 2201 4987 ἐν
2232 4933 2309 5005 τῷ
2353 4929 2525 5004 Ἰησοῦ
2559 4929 2840 5001 θειοτέρων
2865 4968 2880 4992 ,
2923 4927 3057 4981 ἀλλὰ
3094 4925 3186 4979 τοῦ
3219 4923 3520 4996 ἀνθρώπου,
3548 4921 3598 4983 ὃς
3620 4913 3675 4989 ἢν

2144 5028 2237 5082 καὶ
2283 5026 2411 5090 Υἱὸς
2455 5023 2547 5077 τοῦ
2588 5021 2910 5094 ἀνθρώπου,
2957 5019 3244 5089 γενόμενος
3292 5019 3358 5070 ἐκ
3405 5015 3675 5085 σπέρματος

2145 5117 2306 5172 Δαυῖδ
2355 5117 2416 5170 τὸ
2446 5115 2587 5170 κατά
2638 5114 2831 5186 σάρκα.
2858 5114 3054 5184 Διόπερ
3103 5110 3358 5179 ἀνωτέρω
3405 5108 3498 5178 μὲν
3540 5100 3672 5157 εἶπεν

477 5221 772 5277 secundum
803 5235 1026 5276 carnem
1057 5219 1123 5274 “.
1157 5195 1418 5284 Quocirca
1447 5213 1692 5283 superius
1721 5213 1934 5282 quidem
1959 5211 2033 5266 di-

2152 5229 2170 5262 ι
2201 5210 2315 5265 Νῦν
2342 5210 2552 5280 ζητεῖτέ
2589 5225 2655 5279 με
2681 5209 3014 5268 ἀποκτεῖναι,
3045 5202 3327 5274 ἄνθρωπον
3352 5201 3410 5264 ὃς
3440 5200 3533 5270 τὴν

477 5314 601 5368 xit:
630 5312 787 5386 [(20)
818 5333 838 5367 ι
865 5312 1019 5368 Nunc
1067 5309 1310 5382 quaeritis
1363 5321 1447 5364 me
1492 5305 1832 5371 intercere,
1867 5304 2041 5360 homi-

478 5419 623 5468 nem,
655 5404 748 5473 qui
775 5403 1056 5460 veritatem
1081 5403 1235 5460 vobis
1274 5403 1485 5458 locutus
1513 5413 1632 5454 sum
1663 5415 1679 5465 ;
1713 5416 1732 5450 ι
1765 5396 1818 5451 in
1851 5395 1916 5452 iis
1944 5410 2040 5449 au-

2147 5301 2295 5356 θειαν
2320 5302 2447 5371 ὑμῖν
2479 5299 2749 5369 λελάληκα
2772 5314 2784 5327 ·
2823 5315 2842 5348 ι
2875 5297 2932 5348 ἐν
2963 5297 3074 5355 τοῖς
3101 5290 3500 5360 ἐξεταζομένοις
3523 5285 3573 5338 δέ
3599 5283 3671 5334 λέ-

2145 5409 2230 5463 γει
2263 5395 2354 5448 τό⁸
2383 5411 2402 5445 ι
2430 5393 2544 5448 Νῦν
2569 5390 2828 5459 ἐδοξάσθη
2858 5390 2885 5442 6
2911 5387 3036 5450 Υἱὸς
3061 5385 3152 5438 τοῦ
3178 5381 3481 5455 ἀνθρώπου.
3517 5396 3534 5429 ι
3563 5372 3668 5429 T03-

549 5534 965 5599 "t'rhes.v.5.
1040 5533 1299 5591 “ibitis.
1376 5526 1862 5599 "Matth-miti:
1926 5520 2415 5599 fluebat-VM?-
2491 5518 2967 5599 ".Ela'achzﬂﬂ-
3040 5504 3666 5599 “’2§"-'.~.5-..,'i“’3“’2'

478 5621 650 5662 xxv".
711 5606 772 5666 Δ.
820 5595 887 5661 5.-
951 5604 998 5638 ³⁸
1027 5601 1129 5661 Job
1172 5619 1234 5671 ll,
1291 5603 1346 5658 6.
1421 5599 1777 5664 "Joan.xm,
1806 5597 1895 5663 ⁸51,
1926 5595 2017 5650 32.

550 5717 661 5800 (29)
697 5717 822 5773 Haec
852 5732 880 5772 a
903 5715 1152 5772 Ferrario
1169 5713 1557 5786 praetermisso,
1587 5710 1882 5770 ePerionio
1913 5724 2041 5779 sup-

479 5787 764 5858 plevimus.

554 5859 665 5926 (il)
699 5859 879 5916 Codex
909 5854 1128 5924 Regius,
1163 5854 1276 5920 ἅμα
1299 5855 1403 5921 ’τῷ.

2117 5594 2163 5625 ⁵⁸
2191 5592 2351 5647 Joan.
2388 5607 2507 5660 xm,
2557 5592 2647 5646 '51.

2749 5572 2955 5645 “Joan.
3014 5585 3226 5652 311,32.
3290 5584 3334 5616 ⁸ο
3383 5581 3529 5636 Rom.
3563 5572 3666 5641 1,5-

2218 5707 2330 5771 (22)
2363 5707 2509 5762 Idem
2541 5707 2712 5762 codex
2743 5705 2962 5773 Regius.
2993 5698 3237 5773 605d§sr._
3476 5762 3508 5773 ἰ
3553 5756 3590 5773 _,

2219 5762 2331 5850 ίτῖδ)
2351 5779 2489 5832 Ὅτι.
2516 5779 2608 5832 Sic
2637 5779 2766 5852 legit
2791 5762 3078 5830 Narrat-ius
3096 5789 3110 5838 ;
3131 5762 3310 5825 rcodn
3337 5762 3514 5821 vero“
3549 5762 3650 5822 Eius

2146 5851 2257 5906 ὅτε.
