3784 6560
49 485 126 542 813

51 615 113 652 τω,
133 594 170 650 δ’
194 585 330 663 οἶμαι
377 591 476 643 καὶ
510 593 537 643 6
567 589 697 653 Θεὸς
731 588 1078 661 ὖπερύψωσε,
1112 590 1400 661 γενόμενον
1427 586 1565 656 ὑπήο
1597 594 1642 652 Α

48 703 134 742 mw
167 683 306 756 μέχρι
338 682 576 737 Θανάτου
599 722 614 744 ,
645 679 874 735 Θανάτου
896 680 950 734 66
974 681 1234 751 σταυροῖν
1261 684 1290 733 ό
1321 676 1430 751 γὰρ
1467 679 1568 732 Λό-

51 795 116 849 γος
147 778 193 830 ἐν
232 775 364 846 ἀρχῇ
400 773 543 846 πρὸς
567 773 656 827 τὸν
677 773 808 827 Θεὸν
831 772 962 836 Θεὸς
997 772 1105 844 (24)
1133 773 1233 826 οὐκ
1253 770 1566 842 ἐπιδέχεται

47 874 88 926 τὸ
127 866 544 938 ὑπερνψωθῆναι.
612 866 677 919 Ἦ
715 865 772 918 δέ
810 864 1157 936 ύπερύψωσις
1179 862 1272 917 τοῦ
1298 862 1429 916 Υἱοῦ
1476 864 1569 916 τοῦ

52 959 270 1032 ἀνθρώπου
311 957 585 1029 γενομένη
620 957 767 1028 αὑτῷ
804 957 1085 1021 δοξάσαντι
1113 956 1204 1009 τὸν
1243 955 1374 1008 Θεὸν
1412 955 1468 1008 ἐν
1494 954 1570 1026 τῷ

49 1052 189 1108 ὲκιηοῦ
213 1049 446 1118 θανάτῳ,
493 1048 631 1119 αὕτη
657 1043 725 1118 ἦν
756 1047 951 1118 μηκέτι
995 1045 1181 1116 ἕτερον
1229 1045 1392 1099 αὑτὸν
1432 1040 1569 1099 εἶναι

47 1143 112 1198 τιῦ
134 1142 299 1216 Λόγου,
334 1138 480 1193 ἀλλά
511 1137 603 1191 τὸν
624 1137 785 1191 αὐτὸν
815 1135 963 1207 αὐτῷ
986 1151 998 1166 °
1039 1137 1106 1218 εἰ,
1119 1134 1227 1206 γάρ
1261 1153 1278 1186 ι
1318 1135 1346 1186 6
1376 1133 1571 1187 κολλώ-

49 1249 162 1305 μενος
183 1231 249 1302 τῷ
267 1229 461 1300 Κυρίῳ
487 1229 546 1283 ἒν
571 1227 788 1298 πνεῦμά
821 1229 960 1290 ἐστι,
993 1245 1011 1278 ι
1041 1226 1117 1289 ὼς
1145 1226 1238 1278 καὶ
1265 1225 1358 1278 ἐπ)⁸
1382 1225 1569 1279 τούτου

49 1329 110 1379 καὶ
132 1325 205 1378 τοῦ
230 1321 543 1393 πνεύματος
577 1319 772 1391 μηκέτι
804 1318 870 1372 ἂν
905 1317 1160 1388 λέγεσθαι
1189 1317 1280 1370 τό·
1309 1317 1412 1370 Δύο
1443 1317 1569 1383 εἰσὶ,

144 1417 243 1488 οὐχὶ
281 1415 490 1488 μᾶλλον
515 1413 576 1466 τὸ
603 1410 941 1484 ἀνθρώπινον
975 1409 1068 1464 τοῦ
1104 1409 1276 1480 Ἰησοῦ
1310 1408 1447 1481 μετά
1478 1407 1570 1462 τοῦ

45 1511 166 1580 Λόγου
189 1510 431 1579 λέγοιμεν
455 1506 742 1576 γεγονέναι
770 1504 847 1569 ἐν,
875 1503 1304 1575 ύπερυψωμένου
1343 1502 1442 1574 μὲν
1474 1500 1568 1555 τοῦ

47 1603 96 1672 μὴ
122 1596 383 1670 ἁρπαγμὸν
418 1594 772 1668 ἡγησαμένου
794 1594 855 1647 τὸ
880 1589 1019 1648 εἶναι
1046 1593 1136 1646 ἶσα
1155 1592 1294 1663 Θεῷ,
1320 1593 1574 1663 μένοντος
1619 1609 1655 1643 ι·-

45 1694 142 1744 δὲέν
167 1691 232 1760 τῷ
259 1689 371 1759 ἰδίῳ
409 1687 541 1757 ὕψει
566 1727 580 1747 ,
613 1688 646 1758 ἢ
683 1685 777 1739 καὶ
810 1684 920 1756 (25)
945 1684 1454 1754 ἀποκαθισταμένου
1488 1683 1571 1735 ἐπ’

45 1783 135 1834 αὐτὸ
165 1780 241 1833 τού
276 1778 458 1847 Λόγου
489 1818 505 1842 ,
533 1779 624 1830 ὅτε
652 1775 815 1830 πάλιν
849 1771 916 1847 ἦν
943 1777 1079 1847 πρὸς
1105 1775 1196 1829 τὸν
1237 1775 1369 1828 Θεὸν
1394 1815 1409 1839 ,
1438 1774 1568 1838 Θεὸς

43 1873 164 1938 Λόγος
179 1870 243 1920 ὢν
272 1869 362 1921 καὶ
398 1867 516 1938 (26)
550 1866 836 1939 ἄνθρωπος
859 1881 872 1893 °
906 1866 966 1918 ἐν
1015 1865 1072 1918 δέ
1103 1864 1181 1936 τῷ
1209 1864 1426 1934 Θανάτῳ
1478 1863 1568 1918 τοῦ

51 1961 174 2033 Ἰησοῦ
209 1960 532 2026 δοξάσαντος
570 1960 661 2012 τὸν
704 1959 836 2012 Θεὸν
856 1998 870 2022 ,
902 1959 1023 2011 τότε
1075 1976 1094 2009 ι
1129 1958 1575 2029 ἀπεκδυσάμενος
1607 1952 1647 2006 Β

40 2055 109 2117 τὰς
133 2054 301 2124 ἀρχάς,
327 2053 426 2105 καὶ
451 2051 555 2115 τάς
583 2050 830 2116 ἐξουσίας
869 2050 1246 2120 ἐδειγμάτισεν
1273 2052 1330 2102 ἐν
1363 2053 1574 2122 παρρη-

46 2147 107 2217 σίᾳ
126 2144 476 2217 θριαμϐεύσας
516 2143 574 2196 ἐν
612 2142 690 2214 τῷ
735 2141 875 2214 ξύλῳ
899 2183 914 2208 ,
948 2161 967 2194 ›
1016 2143 1111 2196 καὶ
1146 2143 1240 2194 τό·
1285 2160 1303 2192 r
1346 2143 1572 2212 Εἰρηνο-

43 2239 216 2307 ποιήσας
237 2235 320 2290 διὰ
344 2235 447 2290 τοῦ
477 2236 713 2306 αἵματος
744 2234 837 2288 τοῦ
879 2235 1110 2305 σταυροῦ
1144 2234 1329 2299 αὑτοῦ,
1360 2234 1470 2286 εἴτε
1503 2234 1575 2287 τά

44 2329 106 2381 ἐπὶ
126 2329 205 2397 τῆς
238 2329 370 2398 γῆς,
405 2328 523 2382 εἴτε
563 2327 631 2380 τά
665 2330 722 2380 ἐν
757 2329 869 2391 τοῖς
897 2329 1177 2398 οὐρανοῖς·
1211 2345 1230 2377 ι
1268 2327 1324 2380 ἐν
1365 2324 1574 2389 τούτοις

41 2423 114 2491 γὰρ
129 2423 268 2474 πᾶσιν
283 2419 552 2490 ἐδοξάσθη
576 2422 604 2473 6
621 2420 744 2484 Υἱὸς
772 2418 863 2472 τοῦ
886 2419 1194 2491 ἀνθρώπου,
1214 2418 1418 2472 καὶτοῦ
1439 2416 1573 2471 Θεοῦ

41 2511 316 2576 διξασθέντος
362 2513 426 2567 ἐν
469 2510 643 2582 αὐτῷ.
703 2512 873 2566 Ἐπεὶ-
899 2511 954 2564 δὲ
1007 2512 1035 2564 6
1073 2510 1425 2581 δοξαζόμενος
1472 2509 1575 2562 ὑπό

40 2616 141 2663 τινος
154 2601 440 2667 δοξάζεται,
473 2602 732 2673 ζητήσεις
780 2603 837 2655 ἐν
869 2600 946 2672 τῷ
968 2618 983 2633 ο
1026 2621 1045 2652 r
1068 2600 1356 2672 Ἐδοξάσθη
1386 2602 1414 2652 6
1449 2600 1575 2663 Υἱὸς

40 2691 104 2742 τοῦ
126 2692 408 2763 ἀνθρώπου,
445 2711 463 2742 ι
491 2691 573 2755 τὸ,
600 2690 702 2743 ὑπὸ
725 2689 869 2754 τίνος
891 2707 906 2722 ο
935 2691 1134 2762 ὁμοίως
1161 2690 1219 2744 66
1246 2690 1340 2744 καὶ
1372 2690 1430 2743 ἐν
1459 2690 1537 2761 τῷ
1556 2707 1568 2720 ·

48 2774 115 2828 εἰ)
127 2777 238 2842 Θεὸς
251 2780 514 2846 ἐδοξάσθη
531 2781 590 2833 ἐν
615 2780 778 2851 αὐτῷ.
806 2800 824 2832 ι
860 2781 1031 2853 ’Υπὲρ
1050 2781 1106 2834 δὲ
1137 2782 1237 2852 τῆς
1260 2780 1368 2833 τῶν
1397 2780 1575 2852 ῥητῶν

42 2873 276 2942 navalia;
299 2871 588 2944 ἐπιμελῶς
616 2872 936 2944 προσχῶμεν
965 2871 1165 2944 πρώτῳ
1202 2872 1299 2942 μὲν
1350 2871 1575 2942 λεγομέ-

43 2977 94 3029 νῳ
109 2963 198 3032 τῷ·
226 2982 242 3015 ι
263 2964 380 3018 Νῦν
410 2963 684 3034 ἐδοξάσθη
725 2965 754 3016 6
785 2964 909 3028 Υἱὸς
939 2964 1032 3018 τοῦ
1060 2962 1366 3035 ἀνθρώπου,
1393 2983 1412 3016 ι
1449 2964 1571 3017 δευ-

162 3055 209 3108 δέ
234 3056 343 3126 τῷ·
389 3075 409 3108 ι
436 3056 553 3109 Καὶ
582 3058 611 3109 6
641 3056 772 3121 Θεὸς
803 3056 1062 3127 ἐδοξάσθη
1111 3058 1168 3110 ἐν
1191 3055 1360 3126 αὐτῷ,
1392 3075 1411 3108 ι
1457 3056 1574 3128 τρί-

41 3157 93 3210 τῳ
111 3143 156 3196 66
189 3146 410 3218 τοιούτῳ
441 3145 780 3218 συνημμένῳ
802 3162 815 3176 °
875 3165 892 3197 ι
915 3147 979 3199 Ei
1008 3148 1036 3199 6
1062 3145 1193 3210 Θεὸς
1228 3144 1484 3218 ἐδοξάσθη
1515 3148 1572 3199 ἐν

39 3234 162 3305 αὐτῷ,
188 3239 274 3291 καὶ
315 3241 346 3292 ό
371 3238 517 3303 Θεὸς
563 3238 776 3306 δοξάσει
801 3237 914 3310 (27)
943 3238 1105 3291 αὐτὸν
1152 3239 1210 3291 ἐν
1238 3237 1404 3308 αὐτῷ,
1429 3257 1449 3290 ι
1486 3255 1574 3290 τε-

41 3327 175 3400 τάρτῳ
197 3331 247 3384 δέ
269 3349 282 3362 ·
318 3352 336 3384 ι
363 3333 486 3386 Καὶ
519 3331 681 3396 εὐθὺς
708 3331 920 3397 δοξάσει
945 3319 1125 3385 αὐτόν.
1149 3349 1168 3382 ι
1215 3331 1340 3384 Ἐάν
1368 3330 1443 3402 μὴ
1472 3330 1579 3401 ἄρα

37 3418 151 3474 τοῦτο
171 3423 346 3498 φάσκῃ
378 3443 474 3489 τις
503 3423 796 3478 ἀναλαϐεῖν
824 3426 904 3488 εἰς
937 3424 1254 3496 συμπλοκὴν
1281 3425 1378 3495 τὴν
1407 3426 1464 3478 ἐν
1499 3424 1579 3496 τῷ

41 3505 206 3577 λήγοντι
230 3514 320 3566 τοῦ
352 3515 738 3587 συνημμένου,
768 3515 854 3568 ἵνα
886 3516 1121 3587 ἄρχηται
1150 3515 1250 3586 μὲν
1279 3515 1339 3568 τὸ
1374 3532 1579 3586 συνημ-

1603 3296 1646 3352 C

40 3601 157 3668 μένεν
183 3607 284 3659 ἀπὸ
313 3606 410 3660 τοῦ
431 3624 447 3637 ⁸
491 3627 510 3658 ‹
534 3608 594 3660 '0
628 3607 757 3672 Θεὸς
801 3607 1054 3679 ἐδοξάσθη
1085 3611 1142 3662 έν
1187 3607 1356 3679 αὐτῷ’
1383 3627 1401 3661 ³
1440 3608 1580 3680 λήγῃ

39 3689 77 3740 δὲ
95 3694 157 3756 εἰς
184 3697 267 3750 τό·
307 3719 326 3749 ι
355 3699 476 3752 Καὶ
529 3701 559 3751 ὁ
586 3698 716 3763 Θεὸς
745 3699 953 3766 δοξάσει
983 3699 1146 3752 αὐτὸν
1191 3703 1249 3753 ἐν
1273 3699 1442 3770 αύτῷ,
1483 3702 1580 3754 καὶ

38 3785 153 3849 εὐθὺς
176 3789 382 3856 δοξάσει
412 3791 606 3844 αὐτόν.
631 3811 649 3842 ι
698 3791 1036 3861 Ἀναγκαίως
1058 3793 1114 3845 δὲ
1145 3793 1473 3864 προσχῶμεν
1502 3793 1580 3863 τῷ

38 3875 104 3944 τῆς
121 3877 256 3950 δόξης
279 3883 540 3954 ὀνόματι,
575 3883 636 3936 ού
664 3884 900 3954 κειμένῳ
928 3884 1020 3936 ἐπὶ
1043 3883 1135 3937 τοῦ
1163 3885 1313 3956 παρά
1329 3902 1442 3938 τισι
1473 3884 1581 3938 τῶν

44 3963 258 4039 Ἑλλήνων
293 3975 476 4044 μέσου
525 3975 850 4045 πράγματος
877 3974 1012 4044 (28),
1039 3973 1174 4028 καθὸ
1211 3976 1481 4046 ὁρίζονται
1514 3971 1584 4027 εἷ-

39 4072 98 4109 ναι
117 4060 254 4127 δόξαν
283 4065 400 4136 (‘29)
437 4067 535 4119 τὸν
574 4066 683 4120 ἀπὸ
723 4066 830 4119 τῶν
860 4065 1069 4119 πολλῶν
1118 4067 1336 4120 ἔπαινον
1355 4084 1370 4098 ·
1400 4067 1578 4137 δῆλον,

37 4145 94 4200 ὅτι
126 4152 199 4204 ἐπ’
225 4155 388 4210 ἄλλου
425 4156 585 4228 παρά
612 4155 769 4210 τοῦτο
799 4159 973 4211 κεῖται
1001 4156 1169 4228 ὄνομα
1206 4159 1270 4211 ἐκ
1298 4157 1388 4211 τοῦ
1418 4159 1476 4210 ὲν
1511 4159 1577 4229 τῇ

215 4246 358 4301 οὕτω
384 4247 688 4319 εἰρημένου
706 4265 721 4278 ·
759 4267 776 4299 ι
800 4249 909 4301 Καὶ
929 4247 1086 4318 δόξης
1114 4249 1315 4319 Κυρίου
1338 4249 1578 4320 ἐπλήσθη

39 4329 226 4410 ianva
245 4357 258 4370 °
294 4343 397 4396 καὶ
431 4342 540 4394 οὐκ
571 4341 797 4414 ἐδυνήθη
827 4341 1070 4411 Μωῦσῆς
1101 4341 1358 4395 εἰσελθεῖν
1385 4344 1462 4406 εἰς
1485 4342 1584 4414 τὴν

43 4426 200 4497 σκηνὴν
242 4431 339 4484 τοῦ
373 4431 706 4503 μαρτυρίου,
752 4432 832 4484 ὅτι
862 4430 1182 4494 ἐπεσκίαζεν
1228 4429 1314 4482 ἐπ’
1349 4430 1517 4503 αὐτὴν
1551 4433 1582 4501 ὴ

40 4519 218 4591 νεξέὲ-η·
247 4523 342 4576 καὶ
392 4523 564 4594 δόξης
595 4522 802 4594 Κυρίου
849 4520 1094 4592 ἐπλήσθη
1132 4521 1166 4590 ὴ
1201 4522 1393 4593 σκηνή.
1419 4541 1435 4574 ι
1472 4523 1581 4576 Καὶ

987 474 1340 532 COMMENT.
1387 472 1451 527 IN
1490 471 1680 528 JOAN.
1725 469 1959 525 TOMUS
2005 473 2220 524 XXXII.

3154 472 3254 522 Μιί

1672 597 1780 641 tem
1809 601 1930 656 quae
1956 601 2102 642 nunc
2124 585 2534 642 consideramus
2550 591 2604 640 et
2627 592 2948 647 tractamus,
2965 583 3079 637 haec
3115 583 3191 636 ait
3211 579 3252 654 εἰ

1679 695 1698 729 ι
1740 677 1889 732 Nunc
1911 677 2244 748 gloriﬁcatus
2275 675 2538 731 estFilius
2561 675 2851 732 hominis.»
2885 675 3036 730 llunc
3076 673 3257 737 etiam,

1673 769 1888 838 Opinor,
1905 768 2046 825 Deus
2076 769 2357 836 exaltavit,
2383 767 2590 824 factum
2620 769 2962 824 obedientem
2989 783 3172 839 usque
3196 769 3266 823 ad

1672 871 1923 929 mortem,
1946 872 2176 918 mortem
2208 872 2389 915 autem
2415 861 2822 916 crucis".Nam
2860 861 2990 916 illud
3018 860 3262 915 Verbum
3296 877 3299 879 ν

1671 956 1811 1024 quod
1837 965 1956 1008 erat
1983 955 2036 1009 in
2069 953 2345 1024 principio
2393 953 2534 1022 apud
2558 953 2730 1007 Deum
2765 954 2906 1008 Deus
2933 953 2997 1018 °',
3032 968 3137 1008 non
3176 966 3265 1007 re-

1672 1048 1800 1116 cipit
1826 1047 2074 1102 exaltari.
2121 1047 2396 1102 Caeterum
2428 1046 2694 1102 exaltatio
2724 1046 2845 1100 Filii
2876 1047 3112 1102 hominis
3158 1045 3260 1100 sibi

1672 1134 1810 1192 facta
1844 1136 2164 1207 gloriﬁcanti
2206 1137 2370 1190 Deum
2420 1151 2516 1206 per
2555 1151 2710 1191 suam
2765 1137 2939 1207 ipsius
2995 1147 3251 1204 mortem,

1675 1232 1790 1286 hate
1813 1231 1932 1296 fuit,
1964 1240 2021 1284 ut
2050 1245 2155 1284 non
2207 1229 2442 1298 amplius
2478 1228 2593 1298 ipse
2639 1230 2779 1285 aliud
2823 1239 3018 1286 esseta
3051 1229 3252 1294 Verbo,

1672 1322 1766 1378 sed
1797 1323 1938 1377 idem
1964 1338 2084 1376 cum
2122 1322 2258 1392 ipso.
2295 1320 2428 1375 Nam
2459 1324 2500 1378 si
2538 1342 2556 1374 ‹
2597 1322 2691 1392 qui
2730 1321 2967 1376 adhaeret
3001 1321 3252 1388 Domino,

1672 1429 1812 1469 unus
1854 1424 1941 1470 est
1974 1415 2199 1484 spiritus
2221 1416 2287 1480 ⁸³,
2335 1435 2353 1466 ι
2387 1425 2445 1469 ιιι
2473 1415 2537 1470 de
2576 1416 2679 1470 hoc
2718 1423 2773 1470 et
2821 1415 2886 1470 de
2922 1415 3113 1484 spiritu
3142 1430 3250 1470 non

1673 1506 1905 1576 amplius
1929 1507 2143 1561 dicatur
2174 1506 2317 1576 quod
2361 1507 2468 1562 duo
2507 1507 2617 1561 sint
2645 1524 2660 1573 ;
2691 1507 2960 1576 quomodo
3001 1521 3106 1562 non
3139 1522 3250 1561 ma-

1674 1599 1756 1669 gis
1811 1598 2111 1653 diceremus
2144 1598 2195 1651 id
2229 1598 2370 1667 quod
2403 1597 2470 1652 de
2520 1597 2648 1652 Jesu
2695 1608 2778 1653 est
2809 1601 3126 1662 humanum,
3161 1597 3246 1652 fa-

1674 1686 1817 1745 etum
1843 1689 2009 1744 fuisse
2049 1705 2216 1744 unum
2251 1705 2372 1743 cum
2406 1689 2611 1756 Verbo,
2634 1690 2869 1744 exaltato
2896 1691 3109 1757 quidem
3152 1690 3250 1745 illo

1675 1780 1766 1847 qui
1801 1798 1819 1831 r
1850 1793 1954 1833 non
1986 1781 2228 1850 rapinam
2260 1781 2552 1835 arbitratus
2594 1789 2679 1835 est
2730 1795 2788 1835 se
2828 1795 2950 1835 esse
2981 1779 3244 1850 aequalem

1677 1873 1786 1926 Deo
1819 1872 1885 1938 ⁸⁸,
1923 1893 1941 1924 ι
1972 1872 2066 1926 sed
2100 1871 2276 1926 Verbo
2306 1880 2558 1926 manente
2599 1871 2654 1924 in
2689 1887 2784 1926 sua
2819 1870 3138 1939 altitudine,
3165 1871 3254 1926 vel

1677 1965 1842 2018 etiam
1885 1963 2142 2018 restituto
2177 1965 2246 2017 ad
2301 1963 2352 2017 id
2395 1962 2484 2017 ubi
2530 1973 2647 2017 erat
2682 1962 2850 2032 prius,
2889 1965 3028 2032 apud
3060 1962 3248 2026 Deum,

1675 2056 1815 2111 Deus
1849 2055 2085 2111 Verbum
2117 2057 2409 2118 cxsistens,
2442 2065 2498 2110 et
2524 2055 2730 2110 homo?
2763 2055 2945 2110 Altera
2981 2069 3108 2110 vero
3140 2055 3254 2125 glo-

1677 2149 1906 2204 riﬁcatio
1937 2149 2086 2212 Jesu,
2129 2150 2294 2204 Deum
2326 2163 2424 2217 per
2476 2156 2706 2202 mortem
2753 2163 2907 2202 suam
2943 2145 3253 2218 gloriﬁcan-

1677 2239 1769 2301 tis,
1818 2247 1942 2292 tunc
1993 2238 2117 2302 fuit,
2150 2252 2274 2292 cum
2316 2255 2334 2288 ι
2395 2237 2729 2306 exspoliatos
2785 2237 3154 2307 principatus,
3186 2253 3252 2292 ac

1675 2336 1969 2396 potestates
1998 2327 2290 2383 ostentavit
2329 2327 2506 2396 palam
2537 2327 2876 2396 triumphans
2923 2328 2989 2382 de
3024 2328 3131 2383 illis
3157 2341 3255 2397 per

1675 2419 1881 2488 lignum
1914 2418 1994 2483 ⁸⁸,
2036 2436 2056 2470 ι
2093 2428 2149 2472 et
2196 2432 2320 2471 cum
2370 2434 2390 2467 ι
2443 2416 2746 2485 paciﬁcavit
2797 2431 2895 2486 per
2935 2418 3252 2488 sanguinem

1675 2509 1854 2563 crucis
1892 2509 2044 2576 ejus,
2080 2508 2194 2564 sive
2243 2524 2363 2578 quae
2401 2507 2456 2561 in
2509 2516 2651 2561 terra
2687 2515 2844 2570 sunt,
2888 2508 3001 2562 sive
3043 2523 3164 2578 quae
3200 2509 3255 2564 in

1674 2599 1827 2655 caelis
1848 2599 1912 2653 “.
1955 2618 1974 2650 ›
2014 2599 2066 2653 In
2116 2600 2202 2654 his
2225 2600 2368 2654 enim
2401 2599 2656 2654 omnibus
2690 2597 3022 2666 glorificatus
3048 2608 3132 2653 est
3161 2598 3254 2654 Fi-

1674 2689 1778 2746 lius
1797 2689 2054 2755 hominis,
2079 2691 2188 2744 Deo
2202 2690 2363 2743 etiam
2385 2687 2687 2758 gloriﬁcato
2710 2703 2805 2756 per
2824 2686 3254 2742 eum.Ca:terum

1673 2783 1927 2851 quoniam
1948 2784 2037 2853 qui
2061 2782 2417 2852 gloriﬁcatur,
2441 2782 2506 2834 ab
2532 2780 2712 2849 aliquo
2743 2779 3256 2855 gloriﬁcatur,quae-

1675 2887 1764 2927 res
1796 2874 1847 2927 in
1876 2873 1960 2927 his
1991 2873 2173 2928 verbis
2198 2889 2210 2924 :
2244 2891 2263 2924 ι
2287 2871 2635 2926 Gloriﬁcatus
2656 2880 2739 2925 est
2759 2871 2929 2926 Filius
2955 2870 3250 2936 hominis,»

1674 2981 1702 3018 a
1731 2979 1836 3033 quo
1854 2964 2191 3035 gloriﬁcatus
2209 2963 2402 3018 fuerit;
2423 2963 2674 3018 similiter
2687 2962 2852 3018 etiam
2871 2963 2924 3016 in
2947 2961 3217 3018 hisfacics
3236 2979 3250 3016 :

1676 3055 1838 3128 447
1873 3075 1892 3108 ι
1929 3056 2069 3110 Deus
2097 3055 2430 3127 glorificatus
2458 3064 2546 3109 est
2579 3069 2676 3125 per
2719 3067 2864 3108 eum.
2893 3072 2914 3106 ι
2964 3053 3072 3109 Pro
3113 3068 3252 3124 quo-

1675 3165 1792 3202 rum
1842 3150 2132 3203 verborum
2171 3147 2556 3216 explanatione
2585 3147 2870 3218 diligenter
2899 3148 3256 3204 adhibeamus

1676 3240 1916 3292 animum
1955 3240 2022 3292 ad
2067 3240 2299 3308 primum
2334 3239 2560 3304 dictum,
2606 3239 2846 3295 scilicet:
2885 3259 2904 3291 ι
2934 3239 3087 3295 Nunc
3129 3239 3249 3310 glo-

1687 3330 1932 3400 riiicatus
1957 3339 2042 3385 est
2083 3330 2257 3385 Filius
2291 3331 2590 3396 hominisp
2647 3331 2779 3385 item
2813 3331 2878 3386 ad
2917 3332 3252 3386 secundum:

1688 3442 1707 3474 ι
1735 3423 1801 3477 Ει
1834 3423 1975 3479 Deus
2004 3422 2342 3494 gloriﬁcatus
2373 3432 2458 3478 est
2490 3438 2586 3493 per
2619 3437 2739 3476 eum
2768 3441 2814 3490 ;ι
2849 3430 2904 3479 et
2931 3425 2996 3478 ad
3037 3423 3257 3479 tertium

1682 3513 1788 3568 hoc
1811 3512 2190 3581 conjunctum:
2222 3532 2239 3564 ι
2277 3513 2335 3568 Si
2364 3512 2504 3568 Deus
2522 3513 2858 3583 gloriﬁcatus
2879 3523 2962 3569 est
2985 3529 3082 3585 per
3106 3528 3255 3580 eum,

1683 3615 1737 3658 et
1766 3605 1906 3659 Deus
1942 3605 2272 3674 gloriﬁcahit
2303 3620 2426 3660 eum
2462 3621 2560 3674 per
2589 3621 2714 3671 εον
2747 3609 2961 3660 demum
2997 3609 3063 3662 ad
3095 3623 3258 3676 quar-

1687 3705 1834 3748 tum:
1867 3713 1884 3745 ι
1917 3696 1985 3753 Ει
2013 3697 2274 3754 continuo
2300 3695 2632 3764 gloriﬁcahit
2664 3711 2786 3752 eum
2804 3697 2904 3751 ⁸⁷.»
2954 3697 3070 3753 Nisi
3116 3699 3260 3754 forte

1684 3795 1806 3862 quis
1835 3794 1980 3848 dicat
2013 3792 2114 3846 hoc
2138 3800 2385 3860 repetere
2416 3788 2688 3844 Christum
2715 3791 2780 3843 ad
2799 3791 3254 3857 conjunctionem,

1683 3901 1802 3955 qua:
1834 3893 1916 3939 est
1943 3883 1997 3936 in
2045 3898 2112 3938 eo
2151 3887 2298 3952 quod
2341 3882 2547 3937 claudit
2590 3881 2962 3949 coniunctum,
3012 3891 3071 3935 ut
3120 3895 3259 3935 con-

1679 3976 1926 4044 junctum
1963 3974 2184 4044 incipiat
2209 3976 2279 4028 ab
2306 3974 2412 4028 illis
2445 3973 2664 4028 verbis:
2703 3991 2722 4024 ι
2758 3973 2824 4026 Ει
2865 3973 3006 4026 Deus
3047 3971 3259 4040 gloriﬁ-

1685 4075 1837 4120 catus
1867 4072 1950 4119 est
1993 4079 2090 4134 per
2119 4079 2307 4132 eum,»
2363 4074 2417 4117 et
2445 4063 2654 4118 desinat
2699 4063 2754 4117 in
2803 4076 2902 4118 ea:
2954 4061 3068 4116 «Et
3114 4061 3259 4116 Deus

1684 4157 2007 4228 gloriiicabit
2025 4173 2147 4212 eum
2170 4173 2267 4227 per
2288 4172 2366 4221 se,
2382 4165 2438 4213 et
2457 4157 2714 4212 continuo
2735 4156 3057 4228 gloriﬁcabit
3075 4174 3219 4217 eum.
3233 4178 3253 4213 ι

1691 4249 1890 4305 Verum
1940 4249 2282 4303 attendamus
2337 4263 2562 4304 necesse
2614 4255 2698 4303 est
2741 4248 2932 4317 gloriae
2967 4250 3251 4316 vocabulo,

1686 4342 1832 4410 quod
1855 4339 1996 4410 apud
2031 4338 2312 4395 nonnullos
2347 4339 2574 4408 gentiles
2600 4338 2665 4394 de
2706 4353 2766 4395 re
2803 4339 2981 4395 media
3020 4341 3257 4410 ponitur,

1686 4441 1755 4481 cx
1785 4441 1889 4496 quo
1913 4425 2200 4491 definiunt,
2235 4425 2462 4496 gloriam
2491 4440 2613 4481 esse
2640 4426 2850 4482 laudem
2874 4442 2904 4481 a
2929 4428 3112 4484 multis
3134 4443 3261 4498 pro-

1691 4519 2046 4573 ﬁciscentem.
2076 4517 2426 4587 Perspicuum
2453 4531 2582 4572 vero
2607 4525 2690 4572 est
2715 4517 2819 4572 alia
2848 4518 2915 4573 de
2940 4533 2999 4573 re
3032 4519 3135 4576 hoc
3161 4533 3260 4575 uo-

40 4604 80 4656 ἒν
112 4613 165 4680 τῇ
189 4614 346 4688 τρίτῃ
384 4615 504 4668 τῶν
553 4613 843 4666 Βασιλειῶν
893 4612 1052 4666 τοῦτο
1097 4613 1578 4684 ἀναγεγραμμένον

1699 4626 1812 4665 men
1861 4610 2026 4664 etiam
2077 4610 2225 4679 poni,
2277 4624 2345 4663 ex
2381 4625 2445 4664 eo
2491 4611 2633 4678 quod
2683 4610 2828 4666 hunc
2859 4611 2913 4664 in
2945 4612 3162 4666 modum
3201 4611 3258 4666 in

119 4725 154 4758 “
177 4727 374 4800 Philip.
410 4748 478 4790 tt.
531 4730 588 4790 8.
620 4728 676 4783 9.
752 4731 796 4763 ⁸³
817 4731 972 4786 Joan.
999 4745 1051 4796 ι,
1077 4728 1130 4784 2.
1206 4729 1294 4784 “l
1323 4731 1450 4786 Cor.
1476 4746 1549 4792 νι,
1579 4730 1670 4784 17.

45 4789 74 4820 ⁸³
93 4793 228 4852 Joan.
256 4789 383 4868 uit,
410 4803 509 4868 51,
534 4789 626 4856 32.

94 4890 183 4970 (35)
207 4896 387 4970 (Iade:
435 4898 665 4970 Regius,
689 4898 718 4950 6
742 4898 850 4970 γὰρ
882 4898 1055 4966 Λόγος
1078 4899 1135 4951 ἐν
1164 4897 1307 4968 ἀρχῇ
1340 4898 1476 4969 πρὸς
1498 4898 1588 4952 τὸν

43 4961 187 5038 Θεὸν-ό
209 4967 343 5032 Θεὸς
363 4961 573 5037 A6105-

92 5031 346 5110 ldem
383 5031 571 5094 codex
618 5038 838 5110 Regius,
871 5041 918 5092 εἰ
947 5039 1062 5104 καί,
1105 5049 1213 5110 etc.

89 5100 253 5177 (ἐξῆ-1η
280 5111 486 5164 eodem
520 5100 902 5177 codice'liegio
940 5100 1089 5164 deeSt
1115 5108 1228 5163 καί.

209 5177 394 5252 βρύει
429 5178 636 5252 Regius
660 5173 1056 5252 habetv6ogo'tcn.

108 5241 184 5328 ?8)
220 5247 353 5302 Ἐπὶ
380 5241 715 5328 ςρῦ’παρά
749 5241 1036 5328 magian;
1062 5248 1379 5328 Ἑλλήνῖων.
1394 5245 1588 5328 μέσον

41 5318 359 5388 ξτίῖάτματος.
383 5319 430 5372 li
459 5330 623 5372 erant
649 5319 833 5388 Stoici.
866 5320 1040 5373 Locus
1073 5329 1154 5374 est
1186 5319 1412 5388 insignis
1436 5318 1575 5386 apud

43 5378 271 5457 Laetitiam
311 5378 378 5442 in
424 5388 654 5442 Zenone
686 5387 846 5442 :TrIw
872 5389 928 5442 66
954 5389 1122 5443 ὄντων
1178 5378 1324 5456 φασῖ
1357 5387 1439 5457 τὰς
1472 5378 1580 5457 ’μὲν

192 5446 462 5544 εἶναιτὰ
489 5458 548 5544 δὲ
585 5459 727 5544 κακά
747 5475 760 5488 ·
787 5457 855 5511 τά
875 5446 1230 5544 δέθούδέτερά.
1251 5456 1458 5544 Ἀγαρά
1483 5446 1584 5544 μὲν

38 5527 122 5586 05v,
149 5527 243 5603 τάς
251 5543 314 5582 τε
343 5529 600 5603 ἀρετὰς,
620 5528 894 5603 φρόνησιν,
918 5527 1285 5603 δικαιοσύνην,
1315 5527 1584 5603 ἀνδρείαν,

44 5596 1053 5671 ᾳυφμισᾶνηνξκαὶλτάλοιπάῇμκακά
1105 5596 1301 5671 δέ,ξτά
1350 5596 1588 5671 ἐναντία.

41 5666 325 5740 αξροσύνην,
367 5669 632 5740 ἀδικίαν,
647 5671 748 5740 καὶ
775 5668 842 5723 τὰ
871 5669 1060 5740 λοιπάξ
1099 5669 1354 5740 οὐδέτερα
1385 5667 1463 5740 66,
1494 5666 1594 5740 ὅσα.

45 5735 146 5812 iiiis
174 5735 398 5809 ὠφελεῖ,
438 5737 834 5812 μήτεῌβλάπτει
854 5757 866 5770 ’
901 5735 1012 5812 οἷον
1043 5739 1178 5812 ζωὴ,
1207 5735 1384 5812 ὑγεία,
1407 5735 1586 5812 ἡδονὴ,

43 5805 454 5882 ἓάλλνδςζῐσχὺςξ
479 5805 729 5882 πλοῦτος,
787 5809 1053 5878 εὐγένεια,
1098 5805 1192 5862 καὶ
1248 5805 1326 5882 τάΔ
1379 5805 1586 5882 τούτοις

43 5877 240 5946 ἐναντία,
267 5877 385 5937 eié.
418 5899 440 5931 ι
485 5879 687 5933 Eorum
716 5877 894 5934 autem
936 5895 1056 5946 qua:
1097 5887 1244 5942 sunt,
1279 5878 1432 5933 aiunt
1482 5877 1586 5929 alia

46 5943 172 6007 VIIII.
204 5943 345 6007 mala
387 5951 528 6011 alia,
554 5948 663 6004 alia
695 5961 904 6006 neutra.
936 5943 1081 6006 Bona
1113 5951 1332 6009 quidem
1361 5946 1591 6003 virtutes

1749 4730 1794 4762 “
1819 4727 2012 4798 Philip.
2041 4744 2103 4792 ιι,
2130 4727 2181 4781 6.
2273 4726 2319 4758 “
2347 4725 2527 4782 Colos.
2559 4743 2619 4793 ιι,
2647 4726 2736 4782 15.
2810 4727 2856 4758 ⁸⁸
2881 4726 3058 4782 Colos.
3093 4742 3136 4792 1,
3163 4728 3255 4782 20.

1695 4904 1836 4958 esse,
1869 4889 2241 4960 prudentiam,
2272 4889 2561 4958 justitiam,
2589 4888 2993 4960 fortitudinem,
3020 4959 3025 4960 γ
3051 4896 3256 4954 tempe-

1698 4959 1954 5024 rantiam,
1987 4971 2041 5012 et
2068 4968 2262 5014 caatera
2296 4962 2344 5012 id
2386 4975 2554 5029 genus
2601 4977 2613 5011 :
2655 4960 2788 5011 mala
2826 4973 2952 5012 vero
2977 4959 3063 5012 his
3092 4975 3256 5026 oppo-

1694 5037 1801 5090 sita
1832 5031 1984 5091 vitia,
2045 5030 2486 5097 imprudentiam,
2546 5029 2880 5098 iniustitiam,
2917 5037 2970 5081 et
3018 5039 3258 5083 caetera:

1696 5115 1888 5158 neutra
1913 5114 2062 5162 vero,
2095 5114 2214 5168 quae
2241 5114 2415 5166 neque
2439 5107 2686 5166 prosunt,
2718 5113 2892 5164 neque
2940 5098 3164 5168 obsunt,
3201 5109 3260 5153 ut

1694 5174 1928 5235 estvita,
1964 5171 2191 5230 sanitas,
2225 5169 2586 5238 pulchritudo,
2620 5167 3072 5235 voluptas,vires,
3105 5183 3259 5238 Opes,

1697 5245 1892 5309 gloria,
1929 5241 2220 5305 nobilitas;
2260 5248 2314 5294 et
2353 5252 2473 5308 qua:
2511 5240 2588 5292 eis
2615 5238 2863 5306 opposita
2899 5246 3049 5304 sunt,
3080 5256 3102 5291 ι
3152 5250 3258 5294 etc.

1687 5315 1948 5370 IIUE'rtus.

1759 5336 2061 5452 iisiilfiéaoa
2078 5377 2368 5452 ρρίζονται
2389 5373 2541 5452 εΐιέαι
2569 5376 2778 5452 δόξαν,
2810 5387 2915 5434 etc.
2976 5377 3191 5445 Cicero,
3222 5394 3262 5434 tt

1693 5448 1912 5507 Τιιεσιὶι.
1949 5466 1968 5504 :
2004 5468 2024 5501 ι
2064 5450 2246 5503 Gloria
2271 5461 2356 5503 est
2387 5448 2556 5502 solida
2609 5449 2852 5516 quaedam
2901 5464 3012 5516 res,
3068 5458 3123 5502 et
3165 5465 3262 5505 ex-

1698 5538 1906 5593 pressa,
1935 5535 1996 5573 ea
2021 5531 2108 5593 est
2148 5519 2494 5593 consentiens
2551 5517 2666 5593 laus
2719 5519 3047 5593 bonorum,_
3081 5519 3262 5576 incor-

1700 5589 1854 5661 rupta
1885 5605 1986 5644 vox
2021 5589 2530 5661 heuejudicautium
2570 5591 2636 5641 de
2671 5589 2957 5661 excellenti
3000 5590 3257 5661 virtute.»

1701 5657 1930 5724 Seneca,
1960 5675 2044 5726 cp.
2082 5660 2214 5712 illi:
2253 5675 2271 5708 ι
2309 5657 2549 5713 Gloriam
2592 5672 2806 5727 quoque
2867 5659 3030 5715 latius
3085 5659 3261 5714 fusam

1698 5731 1939 5799 intelligo
1989 5743 2005 5781 :
2052 5741 2372 5799 consensum
2433 5729 2578 5799 enim
2633 5731 2924 5783 multorum
2977 5731 3167 5798 exigit.
3235 5747 3257 5782 ι

1692 5801 1825 5855 ltem
1855 5797 1928 5853 τ’(
1959 5799 2140 5854 Gloria
2168 5798 2456 5852 multorum
2498 5797 2720 5865 judiciis
2765 5810 3002 5864 constat,
3040 5797 3262 5853 claritas

1694 5871 1987 5926 bonorum.
2028 5887 2046 5919 ι
2077 5869 2443 5937 Quintilianus
2479 5885 2493 5920 :
2531 5888 2548 5921 ι
2595 5872 2958 5927 (lenseutiens
2996 5871 3115 5925 laus
3166 5869 3261 5924 bu—

1699 5955 1914 6003 uorum,
1943 5937 2112 6002 gloria
2149 5939 2466 6007 appellatur.
2506 5959 2523 5990 ι
2561 5940 2825 5998 Ηυετιυε.
