3784 6526
510 443 616 499 815

1959 424 2277 484 ORIGENIS
3633 415 3721 465 8N5

516 559 704 612 Exodo
731 556 934 610 dictum
968 553 1135 609 sit“:
1187 570 1204 603 ι
1242 551 1308 605 Ει
1345 550 1513 620 gloria
1562 548 1771 602 Domini
1812 545 2075 616 repletum

2193 539 2365 593 τοῦτον
2401 536 2489 590 τὸν
2518 535 2713 608 τρόπον
2738 549 2751 563 ·
2795 552 2810 582 ι
2835 530 2946 585 Καὶ
2973 529 3207 596 ἐγένετο,
3246 527 3319 591 ὼς
3350 524 3562 594 ἐξῆλθον
3589 527 3639 578 9!
3669 528 3727 578 ίε-

509 661 596 704 est
629 649 958 713 tentorium;
993 659 1092 701 nec
1125 652 1339 714 poterat
1361 643 1570 712 Moyses
1598 639 1808 712 ingredi
1852 637 1911 692 in
1963 646 2079 692 ten-

516 741 712 794 torium
743 737 1062 801 testimonii,
1090 737 1237 806 quod
1274 735 1658 790 obumbrasset
1700 729 1831 785 illud
1866 730 2076 796 nubes;

513 844 567 886 et
593 832 763 902 gloria
807 829 1017 885 Domini
1042 829 1261 899 plenum
1295 827 1396 881 fuit
1426 825 1770 880 tentorium.»
1817 822 1872 876 In
1917 824 2081 877 tertio

511 927 674 981 etiam
703 925 905 994 Regum
938 923 1083 977 hunc
1107 922 1158 974 in
1189 920 1404 975 modum
1449 926 1530 972 est
1570 916 1825 985 scriptum
1847 915 1927 969 ⁶⁹;
1962 932 1981 965 ι
2016 913 2083 968 Ει

512 1017 714 1080 evenit,
750 1030 871 1070 cum
908 1013 1298 1085 egrederentur
1338 1009 1650 1066 sacerdotes
1683 1023 1713 1062 e
1744 1007 2079 1073 sanctuario,

519 1117 574 1162 ut
603 1109 772 1161 nubes
810 1105 1048 1174 repleret
1071 1104 1290 1159 domum
1318 1101 1554 1165 Domini,
1606 1109 1791 1154 etnon
1833 1105 2084 1168 poterant

519 1199 825 1254 sacerdotes
846 1207 996 1251 stare
1017 1209 1201 1250 coram
1227 1195 1368 1247 nube
1387 1191 1454 1246 ad
1481 1190 1916 1252 ministrandum,
1940 1188 2084 1258 quod

517 1289 775 1361 replesset
802 1286 973 1355 gloria
1008 1285 1219 1340 Domini
1271 1284 1544 1339 domum.»
1601 1281 1739 1348 Quin
1789 1289 1854 1336 de
1884 1280 2084 1351 Moysis

516 1381 682 1452 gloria
725 1379 924 1448 scripta
973 1379 1137 1433 etiam
1184 1385 1313 1432 sunt
1365 1374 1491 1430 talia
1531 1374 1585 1428 in
1626 1373 1812 1428 Exodo
1834 1375 1917 1426 7°:
1959 1390 1979 1424 ι
2014 1370 2085 1428 Ut

517 1481 693 1526 autem
724 1470 1002 1525 descendit
1028 1470 1245 1541 Moyses
1277 1468 1344 1523 de
1378 1475 1583 1532 monte,
1628 1469 1852 1535 dumque
1888 1463 2087 1519 tabulae

518 1562 824 1619 testamenti
872 1562 925 1616 in
979 1561 1230 1615 manibus
1280 1568 1434 1614 erant
1479 1557 1729 1629 Mnysis:
1780 1571 2012 1624 cumque
2053 1569 2086 1610 e

518 1665 699 1712 monte
726 1653 1078 1709 descenderet
1106 1651 1337 1722 Moyses,
1369 1667 1473 1705 non
1525 1658 1680 1704 norat
1726 1647 2087 1717 glorificatum

518 1749 689 1803 fuisse
713 1756 992 1816 aspectum
1021 1744 1161 1798 cutis
1195 1743 1371 1798 vultus
1397 1744 1504 1807 sui,
1538 1742 1663 1797 dum
1693 1741 1834 1796 Deus
1857 1739 1959 1794 sibi
2004 1739 2084 1794 lo-

518 1845 798 1906 queretur.
834 1834 1090 1902 Viditque
1126 1833 1304 1888 Aaron
1333 1842 1387 1888 et
1418 1846 1607 1887 omnes
1641 1831 1735 1884 filii
1765 1829 1931 1885 Israel
1969 1829 2084 1884 M0-

518 1943 674 2000 ysen,
700 1937 756 1981 et
792 1935 912 1981 erat
942 1924 1278 1997 gloriﬁcatus
1309 1933 1562 1994 aspectus
1597 1924 1740 1977 cutis
1765 1922 1943 1976 vultus
1981 1923 2086 1988 sui,

518 2031 572 2076 et
621 2026 921 2074 timuerunt
967 2017 1016 2072 ei
1052 2016 1507 2085 appropinquare.
1543 2035 1561 2067 »
1617 2015 1742 2070 Haec
1789 2015 1973 2086 gloria:
2020 2015 2091 2068 si-

518 2112 793 2185 gnificatio
822 2113 873 2165 in
909 2109 1199 2178 Evangelia
1221 2109 1383 2164 etiam
1413 2109 1568 2164 Luca;
1601 2108 1683 2163 his
1703 2109 1886 2164 verbis
1909 2108 2092 2162 decla-

519 2211 672 2258 ratur
697 2203 774 2252 τις
819 2221 837 2254 ι
873 2201 940 2255 Ει
969 2203 1109 2256 facta
1142 2213 1247 2265 est,
1280 2202 1404 2254 dum
1443 2210 1644 2265 oraret,
1673 2203 1883 2271 species
1914 2199 2092 2254 vultus

519 2299 636 2365 ejus
664 2295 810 2350 alia:
848 2304 903 2350 et
932 2295 1160 2350 vestitus
1209 2293 1327 2362 ejus
1372 2293 1659 2357 candidus,
1693 2307 1758 2348 ac
1793 2291 2090 2363 refulgens.

521 2387 588 2441 Et
612 2401 743 2442 ecce
768 2386 875 2439 duo
907 2385 1007 2438 viri
1037 2382 1398 2452 loquebantur
1423 2397 1544 2435 cum
1568 2397 1654 2445 eo,
1679 2382 1770 2450 qui
1795 2391 1949 2436 erant
1976 2381 2092 2434 Mo-

522 2493 646 2548 yses
676 2487 727 2531 et
757 2476 902 2530 Elias
930 2491 944 2528 :
979 2476 1071 2542 qui
1104 2475 1203 2528 visi
1236 2474 1288 2527 in
1323 2474 1608 2543 majestate
1655 2473 1951 2527 narrabant
1999 2488 2094 2527 ex-

523 2587 736 2629 cessum
767 2571 906 2641 ejus,
937 2566 1104 2640 m
1131 2581 1292 2634 quem
1320 2565 1687 2632 completurus
1732 2574 1848 2619 erat
1879 2563 2095 2620 Jeroso—

523 2665 734 2735 lymis.»
796 2663 926 2717 Vide
957 2677 1086 2716 vero
1118 2660 1171 2713 in
1208 2659 1405 2727 quibus
1450 2658 1614 2712 etiam
1654 2655 1850 2711 Paulus
1897 2671 2093 2712 nomen

520 2759 702 2826 gloria:
731 2764 972 2810 assumat
996 2771 1011 2820 ;
1041 2753 1236 2806 alicubi
1261 2751 1402 2806 enim
1429 2750 1659 2805 dicit":
1698 2769 1717 2800 ι
1753 2749 1904 2816 Quod
1932 2749 1976 2804 si
2001 2751 2095 2803 ad-

523 2850 853 2904 ministratio
883 2848 1096 2907 mortis,
1137 2845 1192 2898 in
1233 2844 1429 2897 litteris
1473 2841 1775 2897 deformata
1824 2842 1877 2894 in
1927 2841 2093 2905 saxis,

519 2942 624 2998 fuit
650 2943 702 2996 in
731 2941 926 3012 gloria,
961 2941 1097 2993 adeo
1130 2946 1186 2989 ut
1234 2951 1339 2989 non
1395 2942 1614 3002 possent
1669 2931 1949 2986 intendere
2001 2931 2093 2984 filii

523 3032 690 3089 Israel
717 3033 770 3086 in
800 3031 992 3087 faciem
1017 3027 1236 3098 Μυγμίε,
1266 3034 1488 3095 ρτονιει·
1512 3024 1741 3093 gloriam
1762 3021 1940 3076 vultus
1955 3021 2093 3090 ejus,

521 3140 641 3194 quae
673 3123 938 3184 aboletur,
971 3135 1069 3174 cur
1101 3134 1204 3171 non
1231 3118 1410 3184 potius
1433 3114 1832 3169 administratio
1859 3114 2096 3183 Spiritus

2184 635 2297 704 ρεῖς
2323 633 2388 684 ὲκ
2410 628 2503 683 τοῦ
2533 627 2710 697 ἁγίου,
2742 625 2836 679 καὶ
2863 626 2896 695 ή
2927 622 3121 692 νεφέλη
3149 619 3352 689 ἔπλησε
3371 618 3458 670 τὸν
3481 612 3618 670 οἷκον
3641 619 3730 670 Κυ-

2185 727 2322 798 ρίου,
2353 723 2446 776 καὶ
2475 723 2575 776 ούκ
2617 721 2869 774 ἐδύναντο
2898 716 2950 770 οἱ
2998 717 3160 786 ἱερεῖς
3197 711 3390 782 στῆναι
3419 710 3729 779 λειτουργίαν

2182 816 2294 888 ('50)
2324 813 2550 868 ἐνώπιον
2603 813 2703 884 τῆς
2731 811 2980 881 νεφέλης,
3027 809 3108 862 ὅτι
3155 806 3356 874 ἔπλησε
3401 802 3523 868 δόξα
3549 801 3728 871 Κυρίου

2180 909 2271 962 τὸν
2300 903 2464 962 οἷκον.
2493 927 2511 959 »
2543 907 2654 960 Καὶ
2682 905 2930 977 περὶτῆς
2961 900 3236 964 Μωῦσέως
3272 898 3428 967 δόξης
3461 896 3516 950 ἐν
3539 897 3602 965 τῇ
3635 895 3730 957 Ἐξ-

2181 1003 2286 1073 όδῳ
2308 1001 2530 1055 τοιαῦτα
2553 999 2799 1053 λέὴκται
2819 1016 2832 1028 ·
2871 1017 2888 1049 ι
2911 997 2999 1060 Ὠς
3026 991 3402 1048 δὲ’κατέϐαινε
3432 987 3657 1056 Μωῦσῆς
3678 989 3730 1038 ἐκ

2181 1095 2274 1149 τοῦ
2303 1095 2482 1166 ὅρους,
2512 1094 2604 1146 καὶ
2634 1093 2690 1166 ai
2729 1091 2823 1145 δύο
2857 1089 3060 1150 πλάκες
3083 1087 3181 1156 τῆς
3223 1081 3498 1152 Διαθήκης
3530 1080 3621 1132 ἐπὶ
3644 1079 3731 1130 τῶν

2183 1187 2379 1259 χειρῶν
2400 1186 2604 1255 Μωῦσῆ
2621 1202 2634 1214 ·
2655 1163 3085 1242 ἶιαταϐαίνοντος
3103 1177 3160 1230 δὲ
3183 1175 3347 1230 αὑτοῦ
3372 1174 3437 1225 ὲκ
3468 1173 3558 1226 τοῦ
3578 1173 3733 1243 ὄρους,

2184 1281 2275 1334 καὶ
2300 1280 2536 1350 Μωῦσῆς
2566 1279 2666 1330 οὐκ
2688 1277 2821 1348 ᾔδει,
2849 1269 3267 1336 δτιδεδόξασται
3298 1271 3332 1339 ἡ
3362 1268 3481 1338 ὄψις
3513 1266 3602 1319 τοῦ
3625 1281 3734 1336 χρω-

2182 1372 2274 1435 τὸς
2305 1369 2399 1423 τοῦ
2432 1369 2721 1441 προσώπου
2761 1364 2950 1427 αὐτοῦ,
2994 1365 3051 1416 tv
3083 1361 3162 1432 τῷ
3191 1361 3373 1414 λαλεῖν
3401 1359 3564 1412 αὐτὸν
3591 1357 3731 1426 αὐτῷ.

2185 1464 2296 1516 Καὶ
2340 1457 2479 1514 εἶδεν
2520 1458 2751 1531 Ἀαρὼν,
2798 1458 2893 1511 καὶ
2942 1453 3144 1518 πάντες
3188 1455 3237 1505 οἱ
3277 1452 3386 1504 υἱοὶ
3433 1448 3635 1520 Ἰσραήλ
3659 1447 3736 1500 τὸν

2185 1554 2444 1624 Μωῦσῆν,
2483 1555 2577 1606 καὶ
2600 1548 2667 1624 ἦν
2694 1548 3056 1619 δεδοξασμένη
3097 1548 3132 1616 ή
3165 1544 3286 1614 ὄψις
3313 1543 3407 1597 τοῦ
3437 1541 3635 1614 χρωτὸς
3658 1537 3736 1591 τοῦ

2187 1645 2478 1718 προσώπου
2527 1643 2713 1708 αὐτοῦ,
2759 1644 2853 1696 καὶ
2900 1638 3244 1711 ἐφοϐήθησαν
3287 1636 3505 1704 ἐγγίσαι
3548 1630 3735 1701 αὐτῷ.»

2187 1739 2356 1792 Τοῦτο
2380 1739 2440 1791 τὺ
2466 1735 2714 1808 περὶτῆς
2742 1732 2900 1804 δόξης
2929 1731 3322 1804 σημαινόμενον
3352 1729 3446 1780 καὶ
3475 1728 3532 1778 tv
3556 1724 3628 1794 τῷ
3655 1740 3738 1776 κα-

2187 1826 2256 1880 τά
2299 1828 2511 1882 Λουκᾶν
2549 1824 2864 1894 Εὑαγγελίῳ
2909 1821 3000 1876 διά
3039 1820 3243 1874 τούτων
3291 1816 3574 1888 δηλοῦται·
3614 1813 3740 1865 «Kal

2192 1922 2426 1992 ἐγένετο,
2451 1922 2508 1973 ἐν
2534 1918 2611 1989 τῷ
2643 1915 3035 1988 προσεύχεσθαι
3063 1913 3246 1973 αὑτὸν,
3279 1913 3313 1981 ή
3340 1909 3457 1963 ἰδέα
3480 1906 3572 1960 τοῦ
3601 1921 3740 1976 προσ-

2190 2016 2341 2068 ώπου
2383 2011 2548 2068 αὑτοῦ
2601 2011 2792 2081 ἐτέρα·
2827 2007 2924 2060 καὶ
2971 2004 3236 2076 ἠλλοιώθη
3285 2004 3314 2056 6
3359 1998 3642 2072 ἱματισμὸς
3666 1997 3738 2049 αύ-

2190 2109 2306 2175 τοῦ,
2334 2109 2428 2163 καὶ
2459 2105 2674 2175 ἐγένετο
2710 2101 2899 2164 λευκὸς
2957 2097 3368 2168 ἐξαστράπτων.
3403 2092 3514 2146 Καὶ
3541 2091 3639 2144 ἰδοὺ
3663 2090 3742 2143 ἄν·

2191 2203 2315 2275 δρες
2343 2201 2456 2263 δύο,
2490 2197 2806 2253 συνελάλουν
2828 2193 2997 2263 αύτῷ,
3025 2193 3219 2254 οἵτινες
3240 2185 3383 2260 ἦσαν
3415 2185 3646 2253 Μωῦσῆς
3668 2181 3741 2234 καὶ

2204 2273 2421 2360 Ἠλίας·
2457 2293 2506 2348 οῖ
2531 2290 2780 2361 ὀφθέντες
2814 2289 2872 2341 tv
2893 2283 3021 2357 δόξῃ
3046 2284 3227 2353 ἔλεγον
3256 2281 3358 2353 τὴν
3383 2278 3556 2346 ἔξοδον
3584 2273 3744 2337 αὐτοῦ,

2192 2390 2258 2459 ἢν
2287 2387 2478 2458 ἔμελλε
2510 2382 2749 2454 πληροῦν
2777 2381 2833 2432 tv
2874 2376 3248 2450 Ἰερουσαλήμ.
3283 2392 3302 2424 »
3352 2371 3465 2449 βαι
3503 2372 3532 2423 6
3563 2367 3745 2429 Παῦλος

2192 2480 2247 2532 δέ
2273 2481 2374 2551 ὅρα
2420 2477 2514 2530 ἐπὶ
2546 2474 2653 2527 τίσι
2685 2472 2746 2525 τὸ
2777 2470 2948 2540 ὄνομα
2997 2469 3092 2539 τῆς
3122 2467 3278 2536 δόξης
3313 2459 3715 2534 παραλαμδάνει
3735 2474 3746 2486 ·

2193 2570 2326 2623 ὅπου
2361 2569 2458 2640 μὲν
2487 2565 2596 2638 γάρ
2624 2565 2772 2633 λέγει
2792 2580 2806 2594 ·
2854 2582 2871 2612 ι
2900 2563 2960 2615 Ei
2985 2562 3041 2614 δὲ
3075 2562 3108 2630 ἡ
3143 2556 3390 2612 διακονία
3416 2555 3512 2608 τοῦ
3543 2553 3750 2608 θανάτου

2196 2664 2252 2714 ἐν
2276 2661 2616 2732 γράμμασιν,
2643 2653 3058 2725 ἐντετυπωμένη
3087 2650 3274 2713 λίθοις,
3299 2648 3530 2717 ἐγενήθη
3547 2647 3602 2698 ἐν

2195 2754 2337 2807 ὥστε
2375 2753 2450 2824 μή
2471 2749 2726 2804 δύνασθαι
2761 2747 3003 2801 ἀτενίσαι
3023 2745 3147 2806 τοὺς
3177 2741 3328 2803 υἱοὺς
3365 2736 3583 2809 Ἰσραήλ
3605 2739 3678 2797 είς
3701 2733 3750 2784 τὸ

2197 2845 2486 2916 πρόσωπον
2515 2841 2794 2904 Μωῦσέως
2824 2839 2912 2892 διὰ
2934 2837 3032 2908 τήν
3061 2833 3218 2899 δόξαν
3244 2830 3338 2884 τοῦ
3371 2827 3655 2901 προσώπου
3676 2826 3751 2880 αύ-

2196 2938 2289 2992 τοῦ
2321 2937 2420 3009 τήν
2452 2931 2926 3008 καταργουμένην,
2961 2929 3078 2992 πῶς
3124 2926 3246 2997 ούχὶ
3297 2924 3498 2996 μᾶλλον
3531 2924 3564 2993 ἡ
3595 2921 3755 2973 διακο-

2197 3031 2284 3085 νία
2306 3029 2400 3084 τοῦ
2431 3029 2743 3100 Πνεύματος
2771 3026 2923 3079 ἔσται
2944 3025 3002 3077 tv
3020 3021 3178 3094 δόξῃ;
3205 3021 3269 3074 Εί
3297 3018 3408 3090 γὰρ
3433 3019 3502 3091 τῇ
3530 3014 3754 3082 διακονίᾳ

2196 3123 2298 3194 τῆς
2329 3121 2705 3192 κατακρίσεως
2755 3117 2903 3183 δόξα,
2953 3113 3127 3184 πολλῷ
3156 3112 3355 3184 μᾶλλον
3399 3103 3752 3182 περισσεύειή

521 3215 629 3271 erit
683 3214 739 3269 in
793 3210 1011 3284 gloria?
1060 3208 1194 3262 Nam
1243 3207 1286 3262 si
1333 3206 1735 3260 administratio
1767 3208 2090 3262 condemna-

2195 3214 2437 3268 διακονία
2462 3213 2562 3283 τῆς
2590 3209 2935 3280 δικαιοσύνης
2960 3210 3017 3262 ἐν
3041 3205 3167 3278 δόξῃ
3188 3223 3200 3235 ·
3231 3204 3453 3273 καὶγὰρ
3482 3203 3543 3254 οὐ
3568 3198 3754 3263 δεδόξα-

523 3307 689 3363 tionis
714 3305 882 3373 gloria
917 3312 1022 3366 est,
1049 3302 1219 3356 multo
1250 3298 1420 3368 magis
1450 3298 1671 3352 excellit
1693 3300 2095 3355 administratio

523 3399 750 3470 iustitiae
796 3398 848 3453 in
880 3395 1091 3467 gloria:
1126 3389 1564 3462 quandoquidem
1616 3406 1684 3445 ne
1734 3392 2092 3460 gloriﬁcatum

527 3493 744 3563 quidem
772 3500 876 3554 εει,
908 3487 1049 3558 quod
1078 3485 1272 3540 claruit
1302 3485 1355 3536 in
1384 3482 1485 3537 bac
1509 3493 1682 3552 parte,
1708 3493 1930 3554 propter
1961 3485 2099 3539 emi.

528 3592 745 3638 nentem
771 3581 999 3650 gloriam
1029 3596 1044 3632 :
1087 3579 1134 3634 si
1167 3577 1312 3633 enim
1347 3577 1490 3646 quod
1527 3574 1797 3641 aboletur,
1841 3576 1896 3628 in
1924 3575 2095 3644 gloria

529 3675 651 3741 fuit,
701 3672 875 3727 multo
919 3671 1092 3742 magis
1119 3670 1171 3724 id
1195 3669 1339 3740 quod
1380 3676 1586 3733 manet,
1633 3667 1801 3721 estin
1845 3667 2038 3737 gloria.
2070 3684 2091 3719 »

529 3767 670 3821 Alibi
700 3781 828 3835 vero
853 3766 936 3819 "z
971 3783 990 3816 ς
1028 3767 1098 3818 At
1125 3780 1222 3819 nos
1250 3777 1440 3818 omnes
1469 3769 1669 3816 retecta
1697 3759 1836 3816 facie
1865 3761 2095 3831 gloriam

527 3857 739 3913 Domini
766 3859 818 3912 in
849 3855 1068 3928 speculo
1094 3863 1562 3924 reprmsentantes,
1592 3854 1657 3905 ad
1687 3851 1932 3906 eamdem
1965 3851 2098 3904 ima-

526 3950 705 4020 ginem
739 3947 1190 4003 transformamur
1220 3960 1249 3999 a
1281 3944 1452 4013 gloria
1480 3944 1533 3998 in
1563 3943 1814 4012 gloriam,
1839 3951 2094 4012 tanquam

528 4057 558 4095 a
585 4039 796 4095 Domini
814 4038 1073 4106 Spiritu.»
1096 4037 1436 4104 Rursumque
1461 4042 1581 4102 post
1597 4047 1771 4102 pauca
1793 4033 1872 4087 τις
1898 4051 1917 4084 ι
1943 4031 2095 4099 Quod

526 4136 570 4188 si
600 4134 778 4187 adhuc
803 4131 1038 4185 velatum
1068 4139 1153 4184 est
1181 4128 1531 4197 Evangelium
1569 4135 1811 4182 nostrum
1845 4143 1860 4180 :
1903 4127 1958 4180 in
2011 4126 2097 4180 his

528 4225 766 4278 velatum
797 4233 878 4278 est
909 4223 999 4292 qui
1032 4229 1296 4291 pereunt:
1331 4220 1382 4273 in
1410 4219 1606 4289 quibus
1633 4218 1777 4272 Deus
1801 4216 1960 4285 hujus
1993 4231 2096 4271 saa-

529 4318 638 4370 culi
675 4316 965 4372 excazcavit
995 4329 1187 4369 sensus
1215 4312 1638 4374 incredulorum,
1669 4326 1734 4366 ne
1763 4310 2100 4364 illucesceret

530 4410 640 4464 illis
681 4408 1008 4462 illutninatio
1039 4405 1315 4475 Evangelii
1356 4403 1538 4474 gloriae
1588 4401 1815 4466 Christi,
1870 4401 1960 4471 qui
2009 4409 2096 4456 est

533 4501 708 4568 imago
741 4498 865 4562 Dei;
895 4516 914 4550 »
952 4506 1006 4550 et
1045 4496 1242 4549 iterum
1287 4503 1411 4563 post
1444 4507 1610 4563 pauca
1636 4492 1724 4546 ἠε
1775 4509 1795 4544 ‹
1833 4490 2092 4560 Quoniam

2203 3323 2324 3360 σται
2348 3306 2410 3358 τὸ
2444 3302 2824 3373 δεδοξασμένον
2872 3302 2930 3353 tv
2959 3297 3132 3369 τούτῳ
3159 3296 3236 3368 τῷ
3273 3296 3431 3367 μέρει
3459 3296 3638 3346 ἕνεκεν
3669 3289 3752 3356 τῆς

2198 3393 2639 3467 ὑπερϐαλλούσης
2683 3392 2873 3463 δόξης·
2907 3392 2955 3443 εί
2987 3389 3094 3460 γάρ
3131 3389 3190 3441 τὺ
3222 3385 3657 3456 καταργούμενον
3682 3379 3755 3431 διὰ

2200 3488 2380 3557 δόξης,
2416 3485 2594 3556 πολλῷ
2627 3485 2824 3556 μᾶλλον
2854 3483 2917 3535 τὸ
2960 3482 3118 3552 μένον
3164 3481 3222 3532 tv
3252 3478 3382 3552 δόξῃ
3407 3494 3422 3508 ο
3455 3497 3474 3528 »
3508 3477 3638 3528 ὅπου
3670 3471 3751 3525 δέ·

2203 3601 2221 3632 ι
2246 3582 2433 3652 Ἡμεῖς
2477 3579 2534 3633 δέ
2565 3579 2785 3641 πάντες,
2817 3572 3322 3645 ἀνακεκαλυμμένῳ
3368 3567 3643 3641 προσώπῳ
3672 3564 3754 3634 τήν

2196 3674 2352 3740 δόξαν
2378 3671 2583 3743 Κυρίου
2608 3666 3110 3739 κατοπτριζόμενοι,
3139 3664 3240 3735 τὴν
3269 3662 3440 3734 αύτήν
3471 3659 3648 3713 εἰκόνα
3675 3671 3754 3725 με·

2197 3763 2621 3836 ταμορφούμεθα
2667 3761 2776 3814 ἀπὸ
2820 3757 2980 3830 δόξης
3028 3759 3108 3819 είς
3152 3755 3330 3821 δόξαν,
3385 3752 3632 3821 καθάπερ
3663 3746 3754 3800 ἀπὸ

2198 3857 2405 3928 Κυρίου
2437 3854 2750 3924 Πνεύματος
2770 3869 2784 3882 ·
2812 3870 2830 3902 »
2879 3851 2973 3904 καὶ
3004 3848 3166 3902 πάλιν
3199 3847 3318 3917 μετ’
3350 3844 3506 3912 ὀλίγα
3529 3860 3543 3872 ·
3584 3860 3603 3893 ι
3625 3841 3683 3892 El
3707 3838 3754 3890 δὲ

2196 3949 2289 4000 καὶ
2319 3947 2435 4000 ἐστι
2457 3945 2866 4016 κεκαλυμμένον
2909 3943 2970 3996 τὸ
3005 3939 3338 4008 Εὑαγγέλιον
3368 3936 3543 4008 ήμῶν,
3574 3937 3630 3987 ἐν
3658 3934 3754 3992 τοῖς

2195 4039 2583 4110 ἀπολλυμένοις
2627 4039 2742 4091 ἐστὶ
2773 4033 3184 4106 κεκαλυμμένον
3203 4049 3217 4062 ·
3254 4034 3313 4084 ὲν
3351 4027 3434 4094 οἷς
3462 4029 3491 4080 6
3516 4027 3644 4089 Θεὸς
3672 4023 3752 4076 τοῦ

2197 4129 2390 4193 αἰῶνος
2433 4129 2621 4182 τούτου
2670 4127 2948 4196 ἐτύφλωσε
2986 4126 3054 4179 τὰ
3081 4126 3329 4194 νοήματα
3372 4121 3481 4174 τῶν
3508 4119 3752 4173 ἀπίστων,

2195 4222 2274 4283 εἰς
2302 4221 2362 4273 τδ
2398 4221 2471 4290 μὴ
2505 4220 2844 4288 καταυγασαι
2891 4217 2980 4270 τὸν
3013 4215 3290 4286 φωτισμὸν
3318 4212 3413 4266 τοῦ
3444 4206 3752 4277 Εὐαγγελίου

2193 4311 2293 4381 τῆς
2321 4310 2478 4382 δόξης
2519 4312 2612 4365 τοῦ
2656 4309 2916 4381 Χριστοῦ,
2961 4310 3019 4373 ὃς
3052 4311 3200 4361 ἐστιν
3223 4305 3388 4360 εἰκὼν
3425 4303 3516 4356 τοῦ
3547 4299 3677 4354 Θεοῦ
3698 4317 3709 4327 ·
3732 4318 3748 4349 »

2195 4408 2288 4460 καὶ
2323 4406 2482 4459 πάλιν
2516 4404 2633 4475 μετ’
2660 4403 2843 4470 ὀλίγα·
2887 4420 2906 4452 ι
2939 4403 3058 4455 Ὅτι
3089 4403 3118 4456 ὁ
3146 4399 3280 4461 Θεὸς
3304 4399 3334 4450 6
3360 4395 3526 4450 εἰπών
3556 4395 3619 4447 ὲκ
3648 4391 3756 4445 σκό-

2193 4513 2319 4558 τους
2349 4495 2467 4564 φῶς
2497 4492 2728 4564 λάμψαι,
2759 4492 2818 4554 ὃς
2851 4489 3090 4560 ἔλαμψεν
3113 4491 3172 4541 tv
3198 4490 3318 4548 ταῖς
3340 4486 3585 4557 καρδίαις
3613 4480 3753 4552 ήμῶν

531 4590 698 4654 Deus,
747 4589 835 4659 qui
879 4587 1094 4655 jussite
1122 4587 1360 4640 tenebris
1388 4585 1558 4640 lucem
1591 4583 1927 4648 illucescere,
1982 4583 2090 4652 ipse

2207 4589 2337 4659 πρὸς
2372 4587 2649 4657 φωτισμὸν
2677 4585 2774 4654 τῆς
2800 4583 3055 4651 γνώσεως
3082 4582 3180 4652 τῆς
3207 4579 3368 4649 δόξης
3399 4577 3492 4631 τοῦ
3522 4574 3675 4635 Θεοῦ,
3705 4576 3753 4624 ἐν

530 4684 666 4739 luxit
695 4683 748 4738 in
781 4680 1034 4736 cordibus
1078 4681 1277 4734 nostris
1305 4681 1371 4732 ad
1413 4675 1869 4732 illuminationem
1911 4673 2097 4744 cogni-
2130 4728 2136 4735 _

533 4779 694 4833 tionis
721 4775 906 4847 gloriae
950 4774 1068 4840 Dei,
1111 4773 1164 4826 in
1207 4770 1347 4826 facie
1385 4769 1514 4824 Jesu
1547 4766 1805 4822 Christi.»
1859 4764 2096 4832 Quorum

531 4871 742 4941 singula
779 4867 1025 4938 quamvis
1062 4873 1314 4919 accurate
1349 4875 1492 4916 nunc
1537 4873 1797 4916 enarrare
1835 4872 1943 4913 non
2002 4869 2100 4926 po-

530 4963 691 5018 stulet
727 4957 1001 5031 proposita
1028 4954 1302 5010 enarratio
1347 4961 1525 5007 textus
1552 4949 1869 5020 evangelici,
1915 4957 2092 5002 tamen

530 5055 713 5122 paucis
740 5053 857 5106 hazc
887 5050 1111 5106 dicenda
1141 5055 1290 5103 sunt.
1322 5043 1595 5111 Quantum
1623 5044 1688 5096 ad
1732 5055 1950 5096 sensum
1997 5040 2096 5094 bu-

533 5141 712 5197 tnilem
739 5152 794 5197 et
819 5141 1153 5212 corporalem
1184 5139 1396 5202 attinet,
1430 5134 1661 5191 divinior
1696 5132 1943 5201 quasdam
1977 5147 2095 5186 ma-

532 5235 810 5290 nifestatio
839 5237 890 5288 in
921 5235 1176 5301 tentorio,
1219 5244 1273 5286 et
1321 5233 1372 5284 in
1417 5227 1617 5297 templo
1653 5226 1923 5296 completo
1955 5224 2094 5279 facta

534 5328 660 5394 fuit,
683 5338 738 5382 et
762 5329 818 5384 in
842 5327 979 5380 facie
1015 5326 1233 5396 Moysis,
1259 5324 1350 5392 qui
1373 5337 1496 5375 cum
1522 5321 1705 5375 divina
1735 5329 1927 5372 natura
1965 5332 2096 5372 con—

534 5429 783 5472 versatus
811 5417 1019 5479 fuerat,
1052 5423 1314 5485 quantum
1345 5428 1475 5469 vero
1504 5413 1571 5467 ad
1595 5426 1897 5479 anagogen,
1925 5416 1980 5462 et
2019 5407 2098 5460 al-

534 5508 725 5564 tiorem
747 5507 1180 5577 intelligentiam,
1209 5521 1270 5560 ea
1294 5521 1412 5574 quae
1435 5506 1498 5560 de
1520 5506 1630 5559 Deo
1653 5510 1905 5556 accurate
1934 5515 2100 5570 agno-

603 5646 648 5678 ⁸⁸
679 5646 848 5701 Exod.
880 5661 980 5704 ιι..
1003 5644 1092 5706 52,
1117 5645 1203 5698 55.
1281 5644 1324 5676 ⁸⁸
1351 5642 1413 5696 lll
1441 5642 1572 5712 Reg.
1614 5657 1731 5703 vm,
1768 5638 1856 5712 ιο,
1887 5639 1973 5712 il.
2002 5637 2090 5712 δῖ’

2193 5640 2290 5695 ;od.
2324 5657 2510 5712 xxuv,
2540 5639 2642 5707 9.9,
2669 5637 2758 5694 '50.
2831 5638 2876 5670 "
2901 5637 3035 5695 Luc.
3064 5653 3141 5705 ix,
3163 5635 3256 5704 29,
3288 5651 3405 5704 seq.

925 5716 969 5747 ⁷³
992 5714 1122 5768 ihid.
1156 5714 1244 5770 18.
1320 5713 1364 5744 ⁷⁸
1398 5713 1438 5766 ll
1467 5708 1691 5779 C6r.1v,
1717 5713 1770 5776 2'»,
1795 5710 1852 5768 4.
1929 5710 1973 5740 ⁷⁸
1997 5708 2127 5763 ibid.
2165 5713 2216 5763 b‘.

534 5730 616 5778 ut,
647 5716 702 5781 7',
733 5730 849 5783 seq.

605 5829 718 5900 (30)
752 5827 975 5898 Vulgata
997 5825 1203 5896 (ἔναιρε,
1231 5829 1447 5898 στήκειν
1481 5827 1834 5899 λειτουργεῖν.

2201 4678 2477 4750 προσώπῳ
2521 4675 2692 4750 Ἰησοῦ
2742 4673 2999 4745 Χριστοῦ.
3025 4693 3044 4726 »
3116 4673 3389 4724 Ἕκαστον
3454 4669 3509 4721 δὲ
3567 4665 3753 4718 τούτων

2202 4771 2440 4844 ἀκριϐῶς
2464 4771 2558 4824 νῦν
2604 4767 2965 4840 διηγήσασθαι
2997 4767 3097 4819 οὐκ
3123 4766 3346 4819 ἀπαιτεῖ
3377 4764 3412 4834 ἡ
3439 4756 3750 4831 προκειμένη

2207 4865 2300 4933 τῆς
2329 4859 2686 4930 εύαγγελικῆς
2722 4858 2923 4924 λέξεως
2947 4857 3229 4928 διήγησις·
3262 4853 3404 4924 πλὴν
3428 4852 3501 4916 ώς
3530 4851 3616 4904 διὰ
3639 4848 3755 4918 βρα-

2203 4954 2339 5026 χέων
2365 4952 2587 5006 τοιαῦτα
2633 4949 2848 5003 λεκτέον
2870 4965 2884 4978 ·
2935 4951 3098 5002 Ὅσον
3129 4947 3227 5017 μὲν
3260 4945 3403 4998 κατά
3437 4944 3496 4996 τὸ
3527 4956 3752 5011 σωματι-

2203 5048 2296 5100 κὸν
2323 5046 2565 5116 θειοτέρα
2587 5061 2670 5105 τις
2694 5041 2914 5110 γέγονεν
2945 5039 3234 5107 ἐπιςάνεια
3268 5038 3325 5089 tv
3361 5039 3428 5107 τῇ
3458 5035 3648 5104 σκηνῇ,
3675 5029 3752 5083 καὶ

2202 5141 2260 5193 tv
2301 5136 2379 5208 τῷ
2405 5137 2517 5208 ναῷ
2548 5132 2961 5194 συντελεσθεῖσι,
3006 5131 3099 5184 καὶ
3121 5133 3180 5182 tv
3205 5128 3286 5200 τῷ
3310 5126 3583 5199 προσώπῳ
3611 5125 3755 5178 Muri:-

2205 5229 2339 5291 σέως
2364 5231 2429 5299 τῇ
2475 5227 2594 5297 θεία
2623 5223 2780 5294 φύσει
2826 5221 3188 5293 ὁμιλήσαντος
3210 5237 3224 5249 ·
3272 5220 3398 5272 ὅσον
3424 5218 3481 5270 δέ
3507 5215 3647 5269 κατά
3672 5212 3756 5281 τήν

2202 5320 2487 5389 ἀναγωγήν
2514 5317 2582 5370 τά
2632 5316 2758 5386 περὶ
2785 5313 2921 5366 Θεοῦ
2970 5311 3212 5384 ἀκριϐῶς
3251 5311 3644 5380 γινωσκόμενα,
3676 5304 3758 5358 καὶ

2199 5409 2276 5478 τῷ
2305 5408 2597 5480 ἐπιτηδείῳ
2628 5405 2683 5458 δὲ
2708 5403 3011 5476 ὑπερϐολὴν
3037 5403 3407 5475 καθαρότητος
3442 5402 3511 5472 νῷ
3540 5398 3760 5471 θεωρούσ-

2207 5517 2361 5570 μενα,
2394 5499 2520 5565 δόξα
2545 5499 2612 5553 ἂν
2636 5499 2842 5568 λέγοιτο
2868 5495 3010 5552 εἶναι
3041 5497 3175 5550 Θεοῦ
3195 5497 3448 5566 ὀφθεῖσα·
3483 5495 3603 5548 ἐπεὶ
3622 5497 3650 5547 6
3677 5510 3758 5546 κε-

3500 5634 3542 5665 ⁷²
3577 5632 3616 5686 ll
3645 5631 3756 5686 Cor.
