3784 6530
87 372 165 415 m
927 359 929 368 “
1054 360 1409 416 CUMMENT.
1449 359 1513 412 ΙΝ
1552 359 1643 412 ιυ.

1787 357 2023 413 TOMUS
2059 357 2274 414 XXX".

3198 359 3303 413 8l8

87 470 428 544 καθαρμένος,
462 469 558 524 καὶ
593 469 936 542 ὑπεραναϐὰς
983 469 1160 522 πάντα
1193 467 1350 522 ύλικὰ
1378 465 1521 530 νοῦς,
1551 466 1638 519 ἵνα

1749 478 1981 534 uruntur,
2003 483 2229 538 quaeque
2251 467 2364 522 acie
2393 468 2591 523 mentis
2612 467 2983 537 dispiciuntur,
3017 481 3139 540 apte
3181 485 3308 540 pro-

86 562 346 636 ἀκριδώσῃ
367 562 472 634 τὴν
512 561 746 634 θεωρίαν
775 560 868 614 τοῦ
899 560 1055 625 Θεοῦ,
1089 561 1146 614 ἐν
1172 555 1251 624 οἷς
1281 560 1494 631 θεωρεῖ,
1525 557 1640 610 θεο-

84 657 322 709 ποιεῖται·
373 654 601 708 λεκτέον
646 653 889 708 τοιοῦτον
940 650 1077 707 εἶναι
1129 655 1189 707 τὸ
1239 651 1549 720 δεδοξάσθαι
1582 651 1641 706 τὸ

84 745 350 817 πρόσωπον
381 744 483 798 τοῦ
514 745 886 818 θεωρήσαντος
930 745 1022 797 τὸν
1058 745 1209 808 Θεὸν,
1236 746 1327 798 καὶ
1353 748 1644 820 ὀμιλήσαν-

82 856 156 903 τος
183 836 350 908 αὐτῷ,
381 839 480 891 καὶ
505 837 979 910 συνδιατρίψαντος
1005 837 1224 911 τοιαύτῃ
1265 838 1382 911 θέᾳ,
1410 840 1485 905 ώς
1516 842 1640 896 τοῦ-

85 947 128 984 το
152 926 282 984 εἶναι
308 931 597 1002 τροπικῶς
637 930 698 983 τὺ
741 929 1124 1001 δεδοξασμένον
1161 930 1452 1001 πρόσωπον
1478 935 1641 986 Μωῦ-

84 1023 218 1087 σέως,
260 1011 681 1094 θεοποιηθέντος
720 1020 868 1092 αὐτῷ
898 1020 992 1075 τοῦ
1039 1021 1150 1075 νοῦ.
1199 1022 1357 1076 Κατὰ
1401 1023 1556 1077 τοῦτο
1585 1026 1641 1078 δὲ

81 1113 160 1168 καὶ
188 1112 216 1164 ό
263 1111 593 1174 Ἀπόστολος
619 1110 770 1179 ἔλεγε
801 1110 864 1164 τό
882 1127 896 1140 ·
928 1129 946 1162 ι
968 1112 1159 1182 Ἡμεῖς
1185 1110 1240 1164 δέ
1270 1113 1490 1179 πάντες,
1516 1116 1644 1168 ἀνα-

82 1201 472 1272 κεκαλυμμένῳ
501 1198 778 1272 προσώπῳ
805 1200 901 1273 τὴν
933 1200 1088 1265 δόξαν
1121 1201 1324 1272 Κυρίου
1359 1220 1644 1277 κατοπτρι-

82 1293 293 1362 ζόμενοι,
329 1291 436 1364 τὴν
475 1291 646 1362 αὐτὴν
683 1290 868 1344 εἰκόνα
915 1291 1428 1364 μεταμορφούμεθα.
1457 1312 1475 1344 ι
1516 1295 1644 1347 ’Ὠσ-

81 1402 168 1456 περ
195 1383 249 1437 δὲ
278 1385 313 1454 ἡ
366 1382 467 1437 τοῦ
512 1382 824 1454 νυκτερινοῦ
856 1383 1032 1454 φωτὸς
1084 1383 1403 1456 λαμπρότης
1434 1386 1645 1440 ἀνατεί-

81 1477 249 1538 λαντος
270 1474 368 1529 τοῦ
402 1475 561 1547 ἡλίου
595 1475 961 1547 ἀμαυροῦται,
991 1474 1134 1529 οὕτω
1163 1478 1196 1547 ή
1230 1475 1334 1529 ὑπὸ
1366 1476 1644 1541 Μωῦσέως

80 1567 183 1632 δόξα
214 1567 320 1621 ὑπὸ
353 1568 460 1638 τῆς
487 1571 548 1621 ἐν
575 1567 794 1639 Χριστῷ
814 1585 827 1598 ·
862 1567 1146 1640 σύγκρισιν
1169 1567 1276 1640 γὰρ
1304 1568 1403 1622 οὐκ
1434 1563 1578 1639 εἶχεν
1610 1571 1642 1641 ὴ

80 1663 128 1714 ἐν
161 1659 376 1732 Χριστῷ
427 1659 673 1732 ὑπεροχὴ
709 1660 774 1731 ἢν
815 1657 1095 1729 γινώσκων
1129 1659 1242 1730 (31)
1290 1659 1380 1714 τὸν
1427 1660 1644 1732 Πατέρα

81 1748 274 1815 ἐδόξασε
306 1750 443 1821 περὶ
473 1747 640 1803 αὐτοῦ
659 1751 793 1819 πρὸς
823 1749 891 1803 τὰ
937 1749 1042 1802 ὑπὸ
1069 1748 1346 1812 Μωῦσέως
1377 1749 1644 1817 γνωσθέν-

1740 567 1859 627 pter
1884 558 2263 614 excellentiam
2296 559 2547 628 puritatis
2591 561 2839 614 dicentur
2863 575 2985 616 esse
3009 563 3173 632 gloria
3211 562 3302 615 Dei

1741 659 2054 716 conspecta,
2090 648 2344 716 quoniam
2376 663 2528 702 mens
2553 649 2921 714 mundiﬁcata,
2951 659 3004 705 et
3035 665 3155 720 quae
3188 664 3304 702 ma-

1744 738 1950 792 terialia
1982 751 2175 793 cuneta
2208 740 2623 803 transcenderit,
2657 751 2715 792 ut
2746 750 2997 794 accurate
3029 741 3304 795 intueatur

1741 830 2000 885 visionem
2030 830 2143 894 Dei,
2165 833 2232 886 ob
2253 849 2314 886 ea
2342 845 2461 900 quae
2482 831 2739 896 intuetur,
2769 831 3072 890 deiﬁcatur.
3109 831 3302 888 Dicen-
3377 844 3382 848 '

1743 923 1867 978 dum
1895 931 1979 978 est
2002 923 2163 977 etiam
2192 923 2450 994 ejusmodi
2483 937 2603 978 esse
2634 922 2920 994 gloriﬁcari
2948 924 3141 979 faciem
3189 923 3304 994 ejus

1742 1014 1832 1084 qui
1873 1015 2038 1069 Deum
2069 1015 2296 1069 intuitus
2325 1014 2507 1081 fuerit,
2533 1024 2588 1070 et
2619 1031 2740 1071 cum
2784 1017 2900 1086 ipso
2932 1024 3300 1080 conversatus,

1743 1107 1944 1177 quique
1989 1123 2112 1162 cum
2148 1107 2450 1175 huiusmodi
2481 1109 2690 1164 visione
2723 1108 3170 1163 consuetudinem
3200 1109 3303 1162 ha—

1745 1195 1942 1259 buerit,
1989 1206 2048 1250 ut
2089 1198 2293 1267 tropice
2341 1197 2638 1269 gloriﬁcata
2691 1197 2854 1253 fuisse
2894 1198 3090 1269 Moysis
3137 1199 3306 1254 facies

1746 1289 2098 1359 intelligatur,
2127 1292 2251 1358 quia
2271 1306 2420 1345 mens
2441 1290 2584 1346 illius
2613 1291 2861 1346 deiﬁeata
2885 1291 3064 1345 fuerit.
3085 1290 3144 1347 In
3168 1291 3306 1346 hanc

1744 1381 2065 1435 sententiam
2090 1381 2380 1450 Apostolus
2409 1397 2621 1451 quoque
2647 1383 2860 1438 dicebat
2880 1383 2966 1437 τί
3008 1400 3027 1434 ι
3055 1381 3162 1438 Nos
3206 1397 3306 1436 au-

1745 1482 1850 1527 tem
1884 1488 2070 1529 omnes
2103 1484 2301 1528 retecta
2332 1473 2467 1527 facie
2499 1475 2725 1544 gloriam
2753 1475 2963 1529 Domini
2999 1475 3052 1530 in
3083 1475 3305 1544 speculo

1743 1575 2216 1636 repraesentantes,
2255 1566 2319 1620 ad
2347 1567 2589 1620 eamdem
2623 1567 2908 1637 imaginem
2953 1566 3307 1623 transforma-

1744 1674 1918 1713 mur.»
1957 1657 2026 1713 Ut
2053 1667 2230 1714 autem
2268 1667 2544 1714 nocturnae
2572 1658 2705 1714 lueis
2745 1659 3000 1727 splendor
3029 1659 3306 1714 exoriente

1745 1751 1860 1806 sole
1894 1750 2209 1813 olTuscatur,
2241 1750 2320 1804 sic
2346 1749 2546 1820 Moysis
2569 1750 2754 1821 gloriae
2787 1751 3035 1805 tenebras
3078 1747 3308 1804 offundit

80 1861 151 1906 τα,
181 1843 272 1896 καὶ
320 1841 629 1907 δοξάσαντα
661 1840 720 1894 τὸ
763 1841 1052 1913 πρόσωπον
1094 1840 1192 1910 τῆς
1223 1840 1400 1912 ψυχῆς
1446 1836 1606 1896 αὐτοῦ
1627 1859 1640 1870 ·

1749 1843 1914 1914 gloria
1965 1857 2086 1912 qu:e
2133 1852 2220 1898 est
2257 1843 2308 1896 in
2341 1841 2591 1897 Christo;
2623 1841 2789 1914 449
2822 1857 2940 1896 cum
2978 1841 3176 1906 alioqui
3215 1855 3308 1896 ex-

79 1937 144 1990 διό
168 1936 590 2008 καταργουμένη
622 1933 835 2006 εἴρηται
873 1935 906 2004 ἠ
957 1933 1050 1986 ἐπὶ
1082 1933 1355 1997 Μωῦσέως
1384 1932 1507 2001 δόξα
1534 1932 1641 1986 άπὸ

1749 1933 1995 1991 cellentia
2032 1949 2152 2004 quae
2200 1944 2284 1987 est
2333 1933 2384 1987 in
2415 1933 2632 1988 Christo
2683 1931 3141 2000 comparationem
3199 1948 3308 1986 non

80 2030 162 2100 τῆς
189 2025 646 2100 ὑπερϐαλλούσης
674 2030 731 2081 ἐν
760 2025 979 2099 Χριστῷ
1009 2024 1188 2096 δόξης.

1750 2028 1968 2092 habeat,
1997 2042 2102 2095 qua
2129 2040 2428 2096 agnoscens
2458 2023 2675 2079 Patrem
2718 2023 2984 2089 Christus,
3021 2024 3175 2094 longe
3202 2039 3309 2078 nta-

81 2123 148 2192 gis
170 2122 507 2193 glorilicatus
536 2121 636 2176 fuit
665 2137 824 2191 quam
859 2121 1026 2176 fuerit
1052 2121 1262 2192 Moyses
1312 2135 1381 2176 ex
1433 2121 1519 2175 his
1554 2135 1672 2191 quae
1718 2136 1746 2174 a
1792 2137 1851 2177 se
1881 2123 2094 2190 cognita
2146 2121 2321 2185 fuere,
2366 2129 2421 2174 et
2474 2136 2594 2190 quae
2633 2120 3071 2193 gloriﬁcaverunt
3118 2119 3306 2173 faciem

81 2219 249 2273 animae
277 2219 424 2286 ejus.
456 2218 665 2272 Idcirco
691 2217 861 2288 gloria
886 2219 938 2272 in
975 2217 1156 2288 Moyse
1175 2218 1445 2272 exsistens
1481 2217 1622 2272 dicta
1647 2227 1730 2272 est
1761 2217 1966 2272 destrui
1999 2233 2028 2270 a
2055 2217 2476 2285 supereminenti
2503 2217 2671 2284 gloria
2703 2231 2822 2285 quae
2858 2226 2941 2270 est
2972 2215 3026 2269 in
3067 2213 3307 2272 Christo.

138 2312 214 2366 l8.
248 2311 474 2364 Τούτων
514 2310 580 2382 δὴ
611 2310 771 2381 ἡμῶν
832 2309 974 2363 κατὰ
1018 2309 1246 2380 δύναμιν
1274 2311 1332 2364 ἐν
1365 2309 1642 2382 βραχέσιν,

80 2400 194 2464 εἰςᾶ
226 2401 602 2472 παρεθέμεθα,
630 2400 986 2472 λελεγμένων,
1019 2399 1398 2470 ἐπανέλθωμεν
1427 2401 1518 2455 ἐπὶ
1549 2401 1641 2454 τό·

85 2511 100 2541 ι
123 2491 222 2544 Νῦν
245 2491 511 2562 ἐδοξάσθη
541 2493 570 2544 ὁ
597 2489 727 2556 Υἱὸς
749 2490 844 2545 τοῦ
871 2489 1179 2563 ἀνθρώπου,
1209 2491 1305 2544 καὶ
1326 2491 1355 2543 ό
1381 2490 1513 2553 Θεὸς
1532 2489 1644 2543 ἐδο-

83 2583 228 2655 ξάσθη
259 2586 316 2637 ἐν
349 2583 528 2654 αὐτῷ.
561 2603 582 2636 ι
631 2581 892 2638 Γινώσκει
939 2579 1033 2637 οὖν
1064 2582 1156 2636 τὸν
1192 2582 1411 2653 Πατέρα
1435 2583 1465 2635 ὁ
1493 2581 1644 2646 Υἱὸς,

80 2676 207 2746 αύτῷ
235 2675 311 2748 τῷ
333 2675 632 2744 γινώσκειν
674 2676 833 2730 αὐτὸν
859 2676 972 2730 δντι
1025 2674 1264 2746 μεγίστῳ
1301 2673 1511 2745 ἀγαθῷ,
1550 2674 1643 2728 καὶ

80 2768 241 2822 ὁποῖον
265 2767 331 2822 ἂν
361 2770 392 2823 ὁ
425 2768 524 2822 ἐπὶ
553 2767 762 2822 τελείαν
791 2767 987 2837 γνῶσιν
1025 2764 1120 2830 ὢν,
1151 2767 1216 2836 ἢν
1247 2765 1502 2835 γινώσκει
1529 2766 1640 2836 (52)

81 2861 104 2912 ό
134 2859 250 2923 Υἱὸς
273 2859 363 2914 τὸν
389 2858 638 2927 Πατέρα.
671 2857 925 2930 ἐδοξάσθη
945 2873 960 2888 ο
991 2852 1162 2927 οἶμαι,
1193 2857 1296 2920 ὅτι,
1327 2856 1421 2909 καὶ
1452 2855 1642 2909 ἐαυτὸν

81 2948 359 3018 γινώσκων,
391 2949 558 3020 (ὅπερ
587 2949 681 3002 καὶ
710 2947 841 3002 αὐτὸ
865 2948 927 3001 ού
953 2946 1167 3019 μακρὰν
1199 2946 1386 3000 ἁποδεί
1419 2945 1525 3016 (55)
1548 2944 1641 2999 τοῦ

1821 2309 1910 2364 18.
1941 2308 2139 2363 Verum
2171 2309 2448 2364 enimvero
2483 2323 2604 2362 cum
2640 2310 2753 2362 haec
2793 2322 2890 2376 pro
2939 2306 3076 2360 virili
3125 2304 3311 2373 paucis

1746 2400 2164 2458 disseruerimus
2198 2399 2265 2454 de
2289 2400 2375 2455 his
2411 2416 2532 2465 qua:
2583 2399 2635 2452 in
2686 2399 2917 2453 medium
2970 2397 3310 2467 protulimus,

1749 2495 2032 2550 redeamus
2078 2493 2146 2547 ad
2194 2493 2364 2547 illud:
2425 2510 2444 2544 ι
2479 2491 2632 2546 Nunc
2674 2491 3008 2562 gloriﬁcalus
3039 2499 3122 2545 est
3149 2488 3312 2544 Filius

1747 2586 2006 2652 hominis,
2024 2595 2078 2641 et
2097 2587 2237 2641 Deus
2255 2585 2587 2656 gloriﬁcatus
2613 2593 2693 2639 est
2716 2598 2812 2653 per
2833 2583 3005 2651 ipsum
3027 2581 3094 2633 ⁷⁷.
3109 2581 3313 2649 ιΑεηο-

1750 2692 1906 2733 scens
1930 2677 2146 2732 Patrem
2178 2677 2347 2732 Filius
2375 2676 2712 2748 gloriﬁcatus
2728 2685 2808 2730 est
2831 2676 2942 2743 ipsa
2971 2673 3150 2727 Patris
3167 2671 3311 2742 agni-

1751 2770 1918 2832 tione,
1953 2777 2073 2838 ‘quae
2101 2778 2184 2823 est
2220 2769 2517 2823 maximum
2558 2769 2782 2830 bonum,
2805 2774 2858 2820 et
2899 2766 3004 2820 tale
3049 2775 3107 2819 ut
3145 2764 3312 2818 Filius

1749 2859 2084 2930 gloriﬁcetur
2129 2860 2181 2914 in
2231 2858 2471 2929 perfecta
2512 2859 2820 2930 cognitione
2858 2856 3146 2921 exsistens,
3206 2871 3312 2925 qua

1748 2951 1992 3022 agnoscit
2021 2949 2258 3006 Patrem.
2291 2951 2544 3006 Arbitror
2565 2964 2696 3005 vero
2717 2950 2881 3005 etiam
2909 2948 3053 3020 quod
3077 2949 3312 3021 seipsum

82 3041 374 3114 προτέρου,)
406 3039 674 3110 ἐδοξάσθη
728 3042 794 3094 ἐκ
822 3039 916 3093 τοῦ
948 3039 1110 3094 αὑτὸν
1138 3037 1452 3106 ἐγνωκέναι.
1501 3037 1562 3090 El
1590 3037 1643 3090 δὲ

1749 3057 2048 3112 agnoscens
2083 3041 2226 3114 (quae
2260 3042 2374 3111 ipsa
2400 3057 2486 3096 res
2516 3057 2620 3096 non
2643 3042 2828 3112 procul
2862 3057 2890 3094 a
2915 3041 3081 3112 priori
3115 3042 3310 3112 abest),

82 3129 307 3200 καὶπερὶ
356 3129 472 3183 τῶν
504 3128 644 3182 ὅλων
675 3128 875 3198 γνῶσις
900 3128 1012 3199 (54)
1058 3127 1369 3201 συμπληροῖ
1395 3127 1458 3180 τὸ
1487 3127 1646 3198 μέγε-

82 3219 158 3284 θος
177 3221 274 3291 τῆς
303 3222 470 3292 δόξης
504 3220 694 3288 αὐτοῦ,
723 3221 824 3275 ὅσα
869 3221 986 3274 ἐστὶ
1022 3219 1238 3290 κρυπτὰ.
1289 3219 1384 3274 καὶ
1432 3220 1644 3291 ἐμφανῆ

80 3313 441 3381 γινώσκοντος,
478 3313 767 3385 ζητήσεις·
821 3313 916 3366 καὶ
959 3314 1167 3384 μήποτε
1197 3314 1306 3383 (55)
1350 3312 1506 3367 τοῦτό
1533 3315 1647 3367 ἐστι

81 3409 131 3456 τὸ
155 3401 290 3461 εἶναι
316 3405 644 3476 αὐτοσοιρία,
687 3405 720 3476 ἧ
753 3405 830 3476 τῷ
853 3403 1130 3476 λεγομένῳ
1160 3404 1394 3476 αύτουιῷ
1431 3405 1524 3459 τοῦ
1554 3406 1646 3458 ἀν-

82 3495 281 3564 θρώπου
309 3499 371 3551 τὸ
391 3497 714 3565 δεδοξάσθαι
739 3499 802 3550 ἐκ
822 3497 916 3550 τοῦ
937 3496 1177 3570 ἡνῶσθαι
1199 3501 1266 3570 τῇ
1298 3499 1478 3571 σοφίᾳ.
1507 3497 1647 3550 Ταύ-

81 3585 166 3656 ay
190 3588 246 3642 δὲ
269 3593 450 3645 πᾶσαν
477 3591 581 3662 τὴν
609 3590 787 3657 δόξαν,
825 3591 891 3662 ἥν
924 3589 1181 3662 ἐδοξάσθη
1213 3593 1240 3644 ό
1274 3591 1402 3654 Υἱὸς
1430 3590 1524 3644 τοῦ
1553 3592 1648 3644 άν-

83 3678 303 3750 θρώπου,
336 3680 729 3754 δωρησαμένου
756 3680 848 3735 τοῦ
883 3681 1095 3754 Πατρός
1125 3681 1401 3754 ἐδοξάσθη.
1430 3680 1647 3736 Πολλῶν

81 3773 128 3826 δὲ
156 3774 319 3827 όντων
361 3774 476 3828 τῶν
511 3771 974 3845 συμπληρούντων
1019 3772 1117 3844 τὴν
1155 3772 1312 3840 δόξαν
1339 3775 1520 3827 πᾶσαν
1551 3772 1645 3826 τοῦ

82 3865 368 3936 ἀνθρώπου,
399 3865 464 3919 τὺ
515 3866 636 3918 κατ’
681 3863 870 3935 ἐξοχὴν
923 3864 1126 3917 τούτων
1172 3865 1426 3918 ἁπάντων
1455 3865 1484 3915 ό
1517 3864 1646 3928 Θεός

82 3956 232 4012 ἐστιν.
258 3958 334 4021 ὃς,
383 3957 466 4028 τῷ
494 3955 854 4026 γινώσκεσθαι
888 3958 995 4010 ἀπὸ
1025 3957 1117 4011 τοῦ
1151 3957 1302 4024 Υἱοῦ,
1335 3959 1432 4029 ούχ
1462 3957 1646 4020 ἁπλῶς

80 4047 182 4100 ἐστι
214 4048 594 4120 δοξαζόμενος,
643 4048 756 4102 ἀλλ’
786 4051 843 4103 ἐν
876 4049 990 4120 Υίῷ
1016 4049 1364 4120 δοξαζόμενος
1388 4065 1401 4079 ·
1454 4049 1576 4102 καθ’
1617 4047 1646 4100 ὃ

83 4139 162 4192 καὶ
187 4142 456 4214 τολμηρὸν
495 4144 619 4213 μὲν,
663 4141 757 4195 καὶ
807 4142 989 4213 μεῖζον
1021 4141 1052 4213 ἢ
1087 4141 1207 4194 καθ’
1249 4143 1396 4212 ἡμᾶς
1440 4141 1556 4194 ἐστι
1585 4140 1646 4194 τὸ

81 4228 150 4291 εἰς
195 4229 436 4295 ἐξέτασιν
486 4230 718 4294 ἑαυτοὺς
765 4229 1040 4283 ἐπιδοῦναι
1085 4229 1402 4302 τηλικούτου
1450 4229 1641 4298 λόγου·

1745 3131 2073 3202 glorificatus
2101 3133 2190 3199 sit,
2215 3149 2280 3187 eo
2307 3134 2448 3203 quod
2480 3136 2714 3202 seipsum
2738 3133 3040 3204 agnoverit.
3077 3134 3158 3187 An
3181 3147 3313 3189 vero

1745 3225 1908 3279 etiam
1951 3225 2326 3280 universorum
2381 3226 2618 3296 cognitio
2667 3227 3088 3296 magnitudinem
3130 3225 3312 3297 gloria:

1747 3316 1913 3383 ipsius
1941 3316 2228 3383 compleat,
2252 3331 2372 3384 quae
2399 3325 2526 3370 sunt
2565 3318 2802 3381 occulta,
2851 3332 3081 3388 quaeque
3123 3326 3312 3387 aperta

1744 3409 2144 3476 eugnoscentis,
2182 3423 2414 3476 quaeres,
2443 3420 2497 3463 et
2520 3409 2641 3462 vide
2665 3422 2731 3463 ne
2758 3406 2901 3463 forte
2945 3409 3084 3462 hanc
3112 3408 3314 3479 gloriﬁ-

1746 3498 2010 3554 cationem
2039 3497 2208 3552 Filius
2234 3499 2468 3552 hominis
2495 3497 2713 3564 habeat,
2739 3498 2866 3568 quia
2897 3498 3082 3554 unitus
3114 3500 3184 3554 sit
3213 3498 3316 3553 Sa-

1746 3587 1963 3656 pientiae
1993 3604 2114 3642 cum
2162 3590 2275 3657 ipse
2316 3589 2388 3644 sit
2434 3590 2730 3660 αύτοσοφία
2761 3590 2864 3655 vel,
2911 3601 2972 3645 ut
3003 3599 3194 3646 vocant
3219 3591 3314 3644 αὐ-

1745 3680 1925 3744 τουιός
1963 3679 2088 3752 [hoc
2140 3692 2222 3735 est
2279 3681 2554 3750 Sapientia
2590 3683 2725 3753 ipsa,
2783 3684 2864 3738 vel
2926 3681 3096 3738 Filius
3147 3680 3313 3754 ipse.]

1746 3774 1859 3829 Hac
1887 3785 2068 3828 autem
2097 3777 2242 3830 omni
2271 3776 2468 3845 gloria,
2520 3791 2628 3846 qua
2661 3776 2999 3846 gloriﬁcatus
3025 3786 3110 3831 est
3142 3775 3314 3830 Filius

1747 3866 1985 3920 hominis
2015 3904 2030 3929 ,
2080 3881 2108 3918 a
2147 3866 2326 3932 l’atre,
2358 3868 2448 3935 qui
2476 3867 2579 3922 hoc
2603 3867 2675 3921 illi
2708 3868 2950 3930 donavit,
2983 3867 3315 3938 gloriﬁcalus

1747 3958 1867 4011 fuit.
1900 3955 2173 4026 Multaque
2217 3973 2340 4012 cum
2389 3957 2500 4013 sint
2541 3959 2768 4027 gloriam
2811 3973 3026 4013 omnem
3076 3957 3315 4013 hominis

1745 4065 1864 4119 qua:
1896 4049 2226 4119 compleant,
2279 4051 2363 4106 his
2398 4053 2650 4107 omnibus
2698 4061 2962 4121 praestans
3009 4059 3095 4106 est
3147 4051 3311 4116 Deus,

1745 4151 1837 4218 qui
1871 4163 1976 4204 non
2006 4148 2325 4219 simpliciter
2347 4165 2377 4205 a
2399 4150 2560 4220 Filio,
2585 4153 2710 4206 dum
2739 4153 3110 4223 cognoscitur,
3148 4151 3314 4223 glori-

1747 4239 1978 4306 ﬁcatur;
2013 4240 2109 4294 sed
2152 4255 2246 4310 per
2292 4238 2489 4296 Filium
2536 4242 2891 4313 gloriﬁcatur.
2937 4224 3098 4297 Juxta
3147 4243 3312 4312 quod,

82 4321 215 4390 ὅμως
244 4322 298 4375 δὲ
326 4322 631 4393 τολμητέον
666 4321 986 4376 ὑποϐάλλειν
1015 4321 1075 4374 τὸ
1107 4322 1164 4374 ἐν
1206 4321 1283 4393 τῷ
1311 4323 1459 4393 τόπῳ
1489 4321 1643 4394 ζητη-

1750 4334 1924 4388 audax
1970 4334 2186 4403 quidem
2230 4334 2466 4401 facinus,
2501 4351 2770 4406 supraque
2809 4344 3025 4406 captum
3070 4341 3314 4389 nostrum

83 4415 220 4484 θῆναι
246 4416 568 4486 δυνάμενον.
623 4413 778 4482 Ζητῶ
823 4415 880 4469 δὲ
910 4418 958 4469 εἰ
990 4415 1162 4468 ἔνεστι
1209 4414 1526 4486 δοξασθῆναι
1556 4415 1643 4470 τὸν

1750 4428 2114 4494 nosmetipsos
2140 4427 2458 4496 permittere
2485 4428 2674 4483 horum
2705 4426 3064 4498 inquisitioni,
3109 4423 3202 4480 sed
3229 4433 3313 4477 ta-

83 4505 216 4569 Θεὸν,
241 4508 390 4581 παρὰ
417 4508 482 4560 τὸ
512 4506 830 4573 δοξάζεσθαι
862 4510 919 4562 ἐν
950 4507 1083 4578 req),
1109 4507 1183 4571 ὡς
1206 4506 1646 4580 ἀποδεδώκαμεν,

85 4599 326 4666 μειζόνως
353 4599 523 4653 αὑτὸν
556 4600 666 4670 (56)
702 4601 758 4653 ἐν
804 4599 980 4671 ἐαυτῷ
1025 4599 1398 4670 δοξαζόμενον,
1439 4602 1548 4667 ὅτε,
1591 4603 1649 4654 ἐν

81 4694 136 4760 τῇ
169 4692 356 4746 ἐαυτοῦ
381 4692 674 4762 γινόμενος
707 4693 980 4763 περιωπῇ,
1004 4692 1094 4744 ἐπὶ
1119 4693 1181 4762 τῇ
1214 4692 1402 4745 ἐαυτοῦ
1428 4692 1646 4761 γνώσει,

82 4785 163 4836 καὶ
187 4789 252 4858 τῇ
281 4787 477 4841 ἐαυτοῦ
531 4785 736 4857 θεωρίᾳ
763 4784 895 4858 οὔσῃ
932 4786 1136 4857 μείζονι
1183 4787 1281 4858 τῆς
1309 4787 1418 4858 (57)
1449 4789 1506 4840 ἐν
1533 4787 1646 4858 Υἱῷ

83 4879 316 4950 θεωρίας,
351 4882 430 4944 ώς
461 4880 559 4932 ἐπὶ
602 4877 738 4933 Θεοῦ
768 4878 872 4950 χρὴ
897 4881 1036 4932 νοεῖν
1067 4878 1134 4931 τὰ
1178 4878 1419 4944 τοιαῦτα,
1455 4880 1534 4933 δεῖ
1564 4881 1649 4933 λέ-

138 5057 183 5092 ’⁶
200 5057 246 5115 Il
264 5057 389 5115 Cor.
411 5071 502 5121 ιιι,
529 5055 617 5111 18.
691 5055 735 5087 ’⁷⁷
760 5053 912 5110 Joan.
937 5071 1056 5122 xm,
1086 5058 1173 5113 5t.

143 5246 256 5313 (5|)
278 5245 464 5302 Codex
499 5243 724 5314 Regius,
755 5241 830 5296 ῶν
863 5241 1166 5314 γινώσκων.

141 5308 254 5385 (52)
277 5315 424 5372 Idem
469 5308 648 5372 codex
678 5308 898 5384 Regius,
929 5308 987 5366 οἵ
1035 5312 1128 5365 ἐπὶ
1172 5311 1384 5368 τελείαν
1417 5315 1637 5383 γνῶσιν,

79 5388 136 5458 ἣν
162 5385 441 5456 γινώσκει.

140 5453 252 5523 (55)
273 5458 454 5524 Ὅπερ
479 5453 632 5510 οὐτό
663 5453 759 5508 καὶ
785 5455 857 5525 οὐ
869 5453 1106 5525 μακρὰν
1124 5454 1352 5520 ἀποδεῖ,
1368 5468 1474 5514 etc.
1495 5458 1639 5513 Ano-

80 5543 261 5598 nymus
287 5525 718 5598 apud__Pho§ium
747 5524 878 5579 cod.
933 5527 1262 5598 cvan_.___hoc
1295 5529 1510 5583 nomine
1549 5544 1639 5580 ac-

81 5593 533 5651 cusatum—scribit
564 5593 874 5663 Origenem,
899 5594 1042 5663 quod
1062 5593 1254 5650 Filium
1283 5599 1502 5660 dixerit,
1532 5614 1637 5652 non

84 5683 296 5723 noscere
331 5666 558 5720 Patrem
593 5675 654 5718 ut
685 5663 948 5732 seipsum.
988 5664 1142 5730 Quod
1173 5665 1344 5734 ipsum
1380 5669 1466 5721 hic
1493 5669 1636 5721 vide-

83 5746 159 5816 tur
189 5737 525 5862 slilgnijicare.
561 5734 672 5790 Nos
701 5750 813 5792 rem
867 5734 1218 5806 expendimus
1257 5739 1310 5791 in
1362 5738 1637 5809 Origem'u-

83 5822 170 5860 Im.
253 5823 470 5862 υετιυε.

81 5822 170 5860 lu.
204 5822 470 5866 IIUETIUS.

1748 4532 1870 4572 men
1899 4519 2203 4572 audendum
2230 4528 2313 4574 est
2344 4533 2642 4590 suggerere
2670 4519 2813 4588 quod
2859 4519 2964 4574 hoc
3011 4517 3066 4572 in
3098 4515 3216 4571 loco
3260 4514 3317 4569 in

1747 4611 2101 4678 quaestionem
2135 4612 2327 4666 adduci
2355 4612 2545 4680 possit.
2604 4611 2799 4679 Quaero
2835 4621 3015 4666 autem
3051 4624 3116 4664 an
3144 4606 3318 4678 possit

1746 4701 1917 4771 gloria
1957 4699 2093 4757 allici
2139 4704 2302 4768 Deus,
2351 4714 2550 4774 praeter
2594 4705 2820 4775 gloriam
2850 4718 3012 4773 quam
3062 4700 3224 4756 habet
3259 4698 3314 4752 in

1754 4789 1912 4856 Filio,
1945 4794 2017 4846 ita
2043 4802 2101 4846 ut
2128 4795 2470 4859 tradidimus,
2501 4795 2689 4863 majori
2723 4795 2775 4847 in
2809 4810 2868 4846 se
2896 4793 3012 4860 ipso
3037 4789 3204 4858 gloria
3232 4785 3316 4838 al'.

1755 4881 1950 4952 fectus,
1982 4899 2106 4939 cum
2154 4887 2207 4939 in
2239 4901 2334 4940 sua
2367 4887 2532 4956 ipsius
2555 4895 2638 4940 est
2667 4885 2905 4954 specula,
2950 4889 3173 4952 pr0pter
3227 4877 3312 4932 sui

1819 5249 1933 5320 (54)
1969 5248 2147 5305 Codex
2169 5247 2391 5320 Regius,
2415 5244 2570 5320 male,
2599 5243 2815 5320 γνῶσιν.

1820 5310 1932 5392 (55)
1962 5320 2072 5373 Kal
2097 5310 2350 5392 μήποὶε,
2374 5310 2480 5369 etc.
2524 5310 2830 5392 lta'legitur
2953 5310 3142 5392 codice
3175 5311 3316 5392 Bod-_

1748 5381 1948 5456 leiano,
1973 5381 2201 5450 rectius,
2229 5389 2443 5454 Opinor,
2470 5399 2659 5456 quam)
2691 5387 2742 5456 in
2769 5382 2953 5456 codice
2982 5381 3174 5456 Regio,
3218 5385 3319 5456 qui

1747 5461 1826 5513 sic
1852 5449 2015 5515 habet
2043 5477 2056 5512 :
2092 5449 2198 5512 Kal.
2248 5449 2458 5527 μήποτε
2491 5449 2662 5527 τοῦτ-ό
2678 5454 2840 5527 -ἐστε
2873 5451 2932 5527 το
2965 5449 3121 5527 ἐἶναι
3164 5449 3310 5527 αὐτᾷ

1747 5530 1907 5600 σοφία
1934 5529 2068 5600 ἡντῷ
2097 5521 2551 5600 λεγομξένῳῃαύτῷ
2597 5522 2711 5600 Titi)
2749 5521 2841 5600 τοῦ
2893 5521 3207 5594 ἀνθρώπου,

1745 5594 2054 5664 δεδοξάσθαί
2094 5594 2278 5652 ἐκτοῦ
2298 5594 2538 5666 ἡνῶσθαι
2561 5597 2627 5666 τῇ
2660 5595 2842 5664 σοφίᾳ.

1815 5672 1924 5734 (56)
1949 5669 2128 5724 Codex
2165 5664 2382 5735 Regius,
2415 5665 2571 5727 male,
2604 5664 2798 5735 μεῖζον
2822 5664 2914 5727 ὼς.

1814 5739 1926 5810 (5'7)
1951 5739 2082 5808 Τῆς.
2110 5740 2266 5793 Deest
2302 5738 2352 5790 in
2373 5737 2562 5792 codice
2593 5735 2780 5805 Regio.
