3784 6546
497 373 599 428 819

1933 383 2063 440 ORll

2170 383 2254 439 llS
2972 430 2982 436 .
3621 392 3713 440 82m

495 486 863 556 cognitionem
912 495 968 544 et
1020 489 1104 544 sui
1146 493 1686 562 contemplationem,
1732 511 1850 567 quae
1890 498 2062 569 major

2170 516 2297 567 γειν,
2329 498 2410 551 ὅτι
2458 497 2804 569 εὐφραίνεται
2833 496 3037 566 άφατόν
3066 514 3187 550 τινα
3233 495 3604 569 εὐαρέστησιν,
3635 504 3714 554 καὶ

495 588 580 635 est
613 580 1072 648 contemplatione
1091 599 1212 654 quae
1241 594 1326 642 est
1349 586 1402 641 in
1429 586 1566 644 Filio
1587 627 1602 652 ,
1633 598 1691 643 ut
1716 589 1780 643 de
1829 589 1934 645 Deo
1969 597 2054 644 ta-

499 671 569 727 !ia
590 673 899 744 intelligere
926 690 1025 746 par
1051 687 1171 732 est:
1205 679 1490 736 dicendum
1529 691 1612 739 est
1652 682 1898 754 perfundi
1929 700 2053 740 eum

504 765 757 821 tnetl'abili
789 766 1020 836 quadam
1044 767 1422 837 delectatione,
1449 783 1502 829 et
1531 774 1738 842 laetitia,
1762 785 1816 831 et
1838 777 2054 847 gaudio,

497 855 551 910 ln
586 871 647 912 se
675 857 792 927 ipso
824 858 925 914 sibi
953 859 1169 928 placens
1197 871 1250 916 et
1275 865 1533 934 gaudens.
1561 866 1765 934 Quibus
1785 869 2058 924 vocabulis

498 962 598 1017 ego
631 949 848 1018 quidem
879 960 1004 1008 utor
1034 968 1142 1008 non
1175 963 1428 1024 tanquam
1483 958 1698 1026 proprie
1730 961 2056 1014 convenien-

498 1039 645 1094 tibus
671 1040 802 1107 Deo,
833 1043 926 1098 sed
961 1044 1178 1114 indigus
1226 1045 1608 1114 indicihilium,
1651 1059 1710 1104 ut
1743 1051 1814 1104 ita
1846 1050 2055 1120 loquar,

502 1131 812 1201 verborum,
841 1149 962 1203 quae
985 1135 1134 1192 solus
1163 1136 1294 1205 ipse,
1318 1148 1374 1191 et
1401 1139 1714 1210 Uuigenitus
1739 1141 1907 1198 Filius
1943 1141 2059 1211 eius

498 1236 624 1278 cum
653 1223 769 1293 ipso
791 1226 1005 1294 propria
1031 1226 1302 1286 locutione
1327 1229 1476 1284 etl'ari
1510 1239 1684 1301 potest
1711 1232 1793 1287 vel
1820 1232 2062 1304 cogitare

495 1316 566 1372 de
600 1332 684 1372 eo.
707 1317 870 1390 450
892 1319 1156 1375 Caeterum
1193 1322 1447 1390 quoniam
1495 1323 1549 1377 in
1578 1325 1720 1378 hunc
1744 1324 1920 1378 locum
1968 1325 2062 1378 de-

498 1407 770 1474 venimus,
797 1410 888 1464 ubi
930 1410 1074 1467 Deus
1101 1425 1200 1481 per
1243 1412 1518 1468 Christum
1556 1414 1914 1484 gloriﬁcatur,
1962 1430 2059 1484 ap-

499 1500 674 1568 posite
707 1516 1008 1569 quaeremus
1041 1505 1306 1573 quomodo
1320 1507 1481 1561 etiam
1520 1523 1616 1579 per
1651 1507 1911 1579 Spiritum
1936 1524 2062 1563 san-

497 1601 644 1645 ctum
675 1592 1031 1664 gloriﬁcetur,
1065 1601 1120 1649 et
1146 1609 1243 1663 per
1279 1611 1470 1653 omnes
1497 1613 1526 1652 a
1551 1599 1747 1668 quibus
1773 1609 2062 1670 conspecta

500 1682 664 1738 fuerit
704 1684 789 1740 vel
833 1687 1204 1755 conspiciatur
1232 1690 1402 1761 gloria
1436 1691 1670 1747 Domini.
1697 1693 1875 1762 Atque
1909 1693 2060 1748 arbi-

2161 591 2515 662 εὐφροσύνην,
2552 589 2644 643 καὶ
2692 589 2886 660 χαράν,
2934 589 3019 658 ἐφ’
3053 588 3230 660 ἐαυτῷ
3259 589 3714 660 εὐαρεστοὺμενος,

2162 682 2255 734 κει)⁸
2291 681 2512 752 χαίρων.
2549 678 2782 751 Χρῶμαι
2804 680 2860 732 δέ
2886 678 3094 744 τούτοις
3119 678 3380 750 ὀνόμασιν
3415 680 3512 750 οὐχ
3539 682 3608 746 ὼς
3635 701 3716 736 xu-

2165 773 2297 845 ρίως
2341 773 2407 826 ἂν
2435 771 2848 843 λεχθησομένοις
2876 773 2968 825 ἐπὶ
2996 770 3150 836 Θεοῦ,
3196 771 3336 825 ἀλλὰ
3361 772 3574 843 ἀπορῶν
3601 775 3712 841 τῶν,

2169 865 2234 917 ἵν’
2267 863 2436 927 οὕτως
2464 863 2733 935 ὀνομάσω,
2777 864 3029 935 ἀρρήτων
3065 863 3347 934 ῥημάτων,
3382 862 3419 917 ἃ
3451 865 3599 933 μόνος
3627 869 3714 919 αὐ-

2162 957 2255 1020 τὸς
2279 957 2520 1021 δύναται,
2572 956 2668 1010 καὶ
2696 958 2810 1028 μετ’
2843 955 3002 1009 αὑτὸν
3035 956 3143 1027 (58)
3177 957 3206 1009 6
3231 955 3542 1026 Μονογενὴς
3571 958 3714 1010 αὑτοῦ

2164 1050 2222 1102 ἐν
2249 1046 2412 1117 κυρίᾳ
2459 1045 2598 1114 λέξει
2629 1047 2826 1115 λέγειν,
2877 1045 2910 1117 ἢ
2939 1047 3154 1118 φρονεῖν
3179 1047 3308 1116 περὶ
3351 1045 3536 1099 αὑτοῦ.
3581 1047 3714 1099 Ἐπεὶ

2162 1138 2218 1192 δὲ
2248 1139 2305 1190 ἐν
2342 1137 2419 1208 τῷ
2448 1139 2594 1207 τόπῳ
2617 1138 2918 1208 γεγόναμεν
2943 1135 3035 1190 τοῦ
3064 1135 3154 1189 τὸν
3181 1136 3316 1190 Θεὸν
3341 1136 3643 1203 δοξάζεσθαι
3666 1139 3715 1188 ἐν

2164 1227 2401 1298 Χριστῷ,
2423 1226 2838 1298 παρακειμένως
2869 1226 2936 1280 ἂν
2958 1227 3291 1299 ζητήσαιμεν
3327 1226 3447 1289 πῶς
3471 1225 3714 1290 δοξάζοιτο

2163 1321 2259 1373 καὶ
2299 1321 2357 1374 ἐν
2395 1319 2472 1390 τῷ
2515 1319 2653 1390 ἁγίῳ
2686 1317 2981 1389 Πνεύματι,
3029 1320 3122 1372 καὶ
3156 1321 3214 1372 ἐν
3256 1320 3426 1372 πᾶσιν
3463 1313 3540 1380 οἷς
3579 1317 3711 1390 ὢςθη

2161 1411 2285 1478 δόξα
2322 1411 2550 1480 Κυρίου,
2589 1409 2624 1479 ἢ
2665 1410 2975 1483 ὀφθήσεται.
3016 1411 3182 1483 Ὀλης
3211 1411 3312 1482 μὲν
3338 1407 3433 1464 οῦν
3461 1407 3603 1480 οἶμαι
3628 1412 3714 1480 τῆς

2160 1503 2318 1574 δόξης
2340 1501 2431 1557 τοῦ
2461 1500 2594 1555 Θεοῦ
2621 1501 2783 1556 αὐτοῦ
2810 1501 3150 1574 ἀπαύγασμα
3178 1498 3320 1557 εἶναι
3343 1503 3435 1555 τὸν
3467 1502 3606 1568 Υίὸν,
3632 1520 3717 1554 κα-

3027 1596 3122 1614 ηιι-
3158 1591 3226 1614 517.
3283 1592 3422 1614 ἓᾼᾷμβ

2161 1682 2348 1754 δόξης·
2376 1701 2394 1734 ι
2445 1681 2667 1752 φθάνειν
2719 1681 2961 1753 μέντοιγε
3013 1681 3119 1735 ἀπὸ
3167 1682 3261 1736 τοῦ
3309 1683 3718 1754 ἁπαυγάσματος

498 1783 616 1829 tror
643 1789 743 1847 ego
775 1779 992 1844 quidem
1025 1780 1190 1833 totius
1220 1781 1406 1850 gloriae
1437 1781 1531 1836 Dei
1563 1781 1905 1852 splendorem
1944 1798 2062 1839 esse

2170 1775 2351 1828 τούτου
2381 1773 2481 1844 τῆς
2515 1773 2640 1844 ὅλης
2671 1773 2826 1843 δόξης
2858 1773 3059 1844 μερικὰ
3083 1773 3496 1844 άπαυγάσματα
3522 1775 3606 1825 ἐπὶ
3633 1775 3715 1844 τὴν

497 1866 717 1939 Filium,
747 1879 856 1926 uta
879 1871 1045 1928 Paulo
1068 1849 1321 1934 traditum
1345 1882 1450 1940 est,
1474 1849 1727 1932 dicente:
1764 1896 1782 1928 ι
1813 1876 1914 1943 Qui
1938 1891 2059 1931 cum

2170 1866 2354 1937 λοιπὴν
2397 1865 2622 1938 λογικὴν
2655 1866 2860 1918 κτίσιν·
2916 1865 3017 1918 οὐκ
3042 1862 3195 1937 οἶμαι
3221 1865 3333 1937 γάρ
3370 1883 3490 1919 τινα
3533 1866 3589 1918 τὸ
3624 1867 3716 1918 πᾶν

497 1961 566 2014 sit
583 1961 838 2030 splendor
855 1963 1040 2035 gloria:
1057 1964 1124 2030 7°;
1160 1983 1179 2016 ι
1204 1966 1488 2034 pervenire
1509 1973 1687 2020 tamen
1711 1966 2064 2036 particulares

499 2053 818 2121 splendores
837 2058 904 2112 ab
921 2058 1024 2114 hoc
1039 2059 1322 2129 splendore
1339 2059 1502 2113 totius
1523 2058 1702 2129 gloriae
1720 2058 1783 2112 ad
1799 2059 2057 2128 reliquam

497 2153 743 2200 naturam
765 2148 988 2206 rationis
1005 2150 1497 2221 capacem.Alioqui
1522 2165 1624 2203 non
1643 2149 1878 2204 arbitror
1893 2149 2063 2219 perci-

497 2250 628 2304 pere
648 2237 880 2307 aliquem
913 2255 1070 2309 posse
1087 2257 1303 2297 omnem
1323 2239 1664 2309 Splendorem
1687 2240 1852 2294 totius
1880 2240 2062 2308 gloriae

503 2324 620 2394 Dei,
635 2327 733 2383 nisi
751 2329 944 2385 Filium
961 2331 1076 2386 Dei.
1090 2332 1241 2387 Nunc
1254 2342 1430 2386 autem
1445 2331 1657 2399 quando
1673 2332 1996 2394 oeconomia,
2011 2343 2064 2386 et

501 2422 818 2490 mysterium
861 2423 1132 2492 passionis
1168 2423 1289 2478 Filii
1329 2425 1566 2479 hominis
1591 2439 1689 2493 pro
1725 2425 1974 2479 omnibus
2005 2423 2062 2478 tit

505 2526 614 2565 non
649 2513 767 2568 sine
796 2515 928 2578 Deo,
957 2514 975 2586 (
1007 2533 1026 2567 ι
1050 2516 1220 2582 Quam
1253 2517 1322 2571 ob
1350 2532 1566 2571 causam
1599 2516 1737 2572 Deus
1782 2517 1934 2570 illum
1977 2531 2064 2571 su-

503 2603 863 2670 perexaltavit
899 2607 986 2677 ’9)
1031 2608 1367 2678 gloriﬁcatus
1415 2617 1517 2673 est,
1568 2609 1741 2677 inquit
1773 2608 1840 2675 ⁸ο,
1892 2607 2064 2662 Filius

502 2693 823 2760 lominis,»
883 2713 989 2753 non
1051 2699 1242 2762 solus,
1289 2717 1308 2751 ι
1344 2698 1486 2754 Deus
1542 2701 1685 2754 enim
1738 2714 1835 2769 per
1888 2700 2062 2768 ipsum

495 2787 664 2841 etiam
693 2787 1034 2856 gioriticatus
1059 2801 1164 2847 est.
1186 2811 1206 2845 ι
1233 2791 1312 2845 Ad
1338 2791 1496 2858 hujus
1525 2792 1624 2846 loci
1657 2791 2061 2847 similitudinem

495 2891 770 2946 exponere
796 2881 920 2950 quis
943 2885 1137 2952 poterit
1161 2884 1289 2938 illud
1321 2900 1336 2939 :
1372 2902 1390 2934 ι
1420 2883 1587 2940 Nemo
1608 2887 1823 2953 agnovit
1847 2883 2058 2948 Filium,

497 2971 606 3027 nisi
633 2970 795 3028 Pater
815 2973 882 3040 δίς
913 2993 932 3026 ι
960 2984 1013 3028 et
1036 2975 1166 3030 illud
1191 2993 1205 3028 :
1234 2995 1252 3028 ι
1278 2975 1475 3031 Beatus
1497 2991 1577 3040 es,
1604 2977 1788 3030 Simon
1809 2975 2058 3045 Barjona,

498 3061 628 3132 quia
657 3079 810 3130 caro,
839 3075 896 3120 et
921 3068 1142 3134 sanguis
1179 3083 1288 3122 non
1318 3066 1578 3123 revelavit
1617 3067 1734 3129 tibi,
1784 3068 1874 3120 sed
1900 3066 2063 3121 Pater

2163 1955 2417 2010 δύνασθαι
2449 1955 2694 2028 χωρῆσαι
2720 1954 2820 2025 τῆς
2859 1955 2986 2026 ὅλης
3017 1954 3176 2026 δόξης
3206 1955 3303 2008 τοῦ
3344 1953 3481 2008 Θεοῦ
3505 1955 3718 2022 ἀπαύγα-

2165 2063 2299 2117 σμα,
2328 2047 2362 2117 ἢ
2389 2046 2482 2099 τὸν
2513 2046 2640 2100 Υίὸν
2666 2046 2827 2100 αὐτοῦ
2861 2046 2989 2118 (59).
3018 2046 3131 2100 Νῦν
3155 2041 3271 2110 οὖν,
3295 2047 3385 2100 ὅτε
3411 2048 3445 2118 ὴ
3467 2048 3717 2116 οἰκονομία

2161 2139 2253 2192 τοῦ
2288 2139 2428 2210 ὑπὲρ
2473 2139 2688 2192 πάντων
2717 2138 2919 2202 πάθους
2949 2138 3062 2210 (40)
3116 2138 3209 2192 τοῦ
3238 2138 3374 2192 Υἱοῦ
3405 2137 3498 2191 τοῦ
3533 2137 3719 2208 ἀνθρώ-

2163 2249 2263 2284 που
2285 2231 2490 2301 γίνεται
2509 2230 2569 2284 οὑ
2601 2231 2768 2302 χωρὶς
2799 2231 2955 2296 Θεοῦ,
2988 2231 3034 2303 (ι
3059 2231 3150 2284 Διὸ
3180 2234 3208 2285 6
3237 2231 3372 2294 Θεὸς
3395 2233 3556 2287 αὐτὸν
3580 2233 3718 2301 ὑπερ-

2167 2323 2403 2392 ύψωσεν,
2427 2321 2471 2392 ι)
2492 2342 2509 2374 ι
2530 2321 2809 2393 ἐδοξάσθη,
2823 2341 2841 2373 ι
2865 2324 3075 2392 φησὶν,‹
3099 2324 3128 2375 6
3148 2323 3276 2388 Υἱὸς
3289 2322 3384 2376 τοῦ
3397 2322 3714 2396 άνθρώπου,›

2165 2417 2225 2468 οὐ
2265 2415 2452 2486 μόνος·
2495 2433 2513 2465 ι
2540 2415 2634 2468 καὶ
2665 2416 2693 2468 6
2715 2414 2845 2478 Θεὸς
2871 2414 3132 2486 ἐδοξάσθη
3161 2417 3218 2468 ἐν
3251 2415 3425 2486 αὐτῷ.
3450 2434 3469 2466 ι
3507 2417 3611 2468 Καὶ
3638 2413 3717 2468 οὕ-

2161 2524 2269 2570 τως
2294 2505 2341 2560 6'
2367 2505 2435 2562 ἂν
2461 2506 2530 2559 τά
2561 2505 2702 2559 κατά
2732 2505 2823 2560 τὸν
2861 2506 3025 2560 τόπον
3049 2525 3132 2571 τις
3162 2507 3504 2580 διηγήσαιτο.
3532 2507 3718 2577 Γέγρα-

2163 2615 2325 2651 πται·
2360 2597 2587 2660 (Οὑδεὶς
2618 2596 2760 2666 ἔγνω
2801 2597 2891 2651 τὸν
2919 2598 3048 2652 Υἰὸν
3093 2601 3140 2652 εἰ
3174 2599 3247 2670 μὴ
3292 2601 3321 2654 6
3355 2599 3562 2669 Πατὴρ,
3591 2617 3611 2650 ι
3642 2600 3720 2651 καὶ

2164 2693 2408 2765 εἴρηται·
2436 2710 2455 2743 ι
2472 2692 2582 2745 Καὶ
2611 2691 2876 2763 μακάριος
2903 2687 2974 2756 εἴ,
2994 2691 3176 2762 Σίμων
3199 2691 3574 2762 Βαριῶνα,,ὅτι
3603 2692 3721 2761 σὰρξ

2163 2785 2254 2836 καὶ
2287 2777 2425 2853 αἷμα
2456 2783 2557 2835 οὐκ
2588 2781 2900 2853 άπεκάλυψέ
2933 2799 3034 2847 σοι,
3066 2781 3180 2835 ἀλλ’
3211 2783 3244 2856 ἢ
3280 2784 3310 2834 6
3350 2784 3540 2854 Πατήρ
3572 2799 3665 2853 μου
3695 2783 3720 2840 ό

2161 2878 2431 2950 οὐράνιος.
2456 2897 2474 2930 ι
2493 2879 2657 2933 Ὅσον
2678 2875 2771 2932 οῦν
2801 2879 2898 2933 οὐκ
2931 2878 3166 2949 ἔγνωστο
3193 2880 3221 2932 6
3255 2880 3387 2943 Υἱὸς
3424 2880 3503 2950 τῷ
3528 2881 3718 2951 κόσμῳ,

2161 2968 2208 3038 (ι
2247 2971 2334 3022 Ἐν
2360 2969 2439 3040 τῷ
2467 2969 2654 3041 κόσμῳ
2675 2968 2784 3042 γὰρ
2805 2965 2893 3041 ἦν,
2923 2972 3019 3024 καὶ
3049 2973 3077 3024 6
3104 2971 3309 3041 κόσμος
3339 2971 3408 3024 δι’
3436 2971 3595 3025 αὐτοῦ
3618 2972 3721 3038 ἐγέ-

2163 3079 2303 3127 νετο,
2337 3062 2429 3114 καὶ
2456 3065 2485 3116 6
2513 3062 2711 3133 κόσμος
2731 3062 2889 3116 αὑτὸν
2909 3063 3008 3115 οὐκ
3031 3062 3202 3131 ἔγνω·
3234 3062 3283 3135 ι)
3312 3063 3524 3117 οὐδέπω
3552 3066 3607 3116 ἐν
3645 3064 3722 3116 κό-

499 3167 656 3208 meus
685 3155 778 3224 qui
815 3155 869 3210 in
919 3156 1073 3212 caelis
1103 3167 1187 3212 est
1209 3159 1276 3215 θ’.
1310 3178 1328 3210 ι
1387 3158 1664 3226 Quatenus
1700 3159 1844 3211 enim
1891 3157 2059 3212 Filius

2170 3171 2287 3225 σμῳ
2317 3153 2626 3221 ἐδεδόξαστο
2657 3153 2791 3226 (41),
2818 3154 2909 3207 καὶ
2938 3149 3007 3226 ἦν
3039 3156 3072 3226 ἡ
3106 3152 3279 3224 ζημία
3304 3155 3399 3207 τοῦ
3432 3155 3507 3226 μὴ
3526 3154 3719 3220 δεδοξά-

502 3260 606 3300 ιιοιι
633 3256 754 3300 erat
789 3249 989 3304 mundo
1031 3250 1244 3319 agnitus
1266 3251 1286 3320 (
1306 3249 1402 3305 «In
1429 3251 1630 3332 mundo
1661 3251 1805 3305 enim
1833 3261 1975 3316 erat,
2007 3260 2062 3305 et

2170 3245 2291 3299 σθαι
2336 3246 2499 3299 αὐτὸν
2541 3246 2598 3298 ὲν
2633 3243 2710 3315 τῷ
2753 3245 2940 3317 κόσμῳ
2967 3246 3027 3298 οὐ
3068 3245 3161 3299 τοῦ
3198 3246 3274 3317 μὴ
3320 3246 3713 3318 δεδοξασμένον,

503 3337 743 3390 mundus
764 3353 863 3406 per
883 3339 1056 3408 ipsum
1081 3338 1256 3396 lactus
1281 3351 1385 3406 est,
1424 3351 1478 3396 et
1506 3344 1736 3397 mundus
1783 3357 1905 3397 eum
1955 3357 2062 3398 non

503 3428 863 3497 cognovit”,
887 3425 934 3496 ι)
961 3431 1196 3486 nondum
1235 3431 1568 3502 gloriﬁcatus
1603 3443 1722 3487 erat
1769 3447 1864 3503 per
1905 3449 2063 3487 mun-

505 3520 654 3584 dum,
682 3521 922 3587 etiamsi,
948 3522 1093 3591 quod
1133 3537 1230 3593 per
1275 3524 1528 3577 mundum
1575 3523 1911 3595 gloriﬁcatus
1953 3541 2063 3579 non

501 3619 673 3678 esset,
689 3611 946 3668 damnum
975 3628 1079 3668 non
1117 3624 1236 3670 erat
1260 3614 1464 3671 Christi
1496 3631 1602 3671 non
1632 3617 1937 3687 gloriﬁcati,
1970 3618 2064 3673 sed

505 3707 690 3760 mundi
729 3705 1007 3762 Christum
1039 3724 1144 3763 non
1177 3711 1551 3779 gloriticantis.
1586 3710 1718 3766 Cum
1755 3726 1886 3766 vero
1907 3710 2068 3766 Pater

503 3795 746 3852 caelestis
770 3796 1032 3852 revelavit
1066 3799 1149 3854 his
1173 3801 1263 3868 qui
1302 3815 1332 3856 e
1371 3805 1573 3856 mundo
1612 3811 1768 3858 erant
1803 3800 1927 3858 Jesu
1971 3817 2065 3858 co-

504 3884 823 3954 gnitionem,
859 3895 988 3943 tunc
1016 3887 1355 3959 gloriﬁcatus
1380 3901 1462 3946 est
1496 3891 1667 3948 Filius
1703 3894 1940 3949 hominis
1972 3908 2068 3964 per

500 3977 643 4043 illos,
671 3978 765 4048 qui
793 3992 918 4033 eum
945 3992 1309 4049 cognoverunt
1337 4023 1353 4049 ,
1377 3993 1431 4038 et
1454 3999 1549 4052 per
1572 3984 1814 4040 eamdem
1841 3986 2067 4055 gloriam

502 4083 607 4138 qua
633 4069 969 4140 gloriﬁcatus
1000 4072 1102 4126 fuit
1122 4073 1264 4127 inter
1287 4088 1382 4128 eos
1402 4075 1491 4143 qui
1521 4090 1642 4129 eum
1674 4086 2064 4146 cognoverunt,
2108 4095 2114 4102 ·

501 4161 793 4228 acquisivit
819 4161 1045 4232 gloriam
1078 4167 1532 4234 cognoscentibus
1573 4168 1768 4236 ipsum.
1794 4168 1895 4234 Qui
1923 4168 2066 4224 enim

501 4261 707 4306 retecta
732 4251 874 4306 facie
895 4252 1126 4322 gloriam
1171 4256 1378 4310 Domini
1421 4259 1473 4310 in
1503 4260 1722 4326 speculo
1768 4272 2068 4327 repraesen-

2163 3337 2298 3392 ἀλλὰ
2338 3336 2432 3390 τοῦ
2467 3336 2540 3408 μὴ
2567 3335 2880 3403 δοξάζοντος
2927 3337 3088 3391 αὐτὸν
3116 3331 3322 3408 κόσμου
3347 3355 3362 3368 ·
3408 3339 3496 3392 ὅτε
3525 3339 3578 3390 δὲ
3604 3339 3723 3391 άπε-

2163 3431 2400 3500 κάλυψεν
2432 3432 2460 3483 6
2492 3428 2740 3500 οὐράνιος
2785 3429 2973 3501 Πατὴρ
3001 3425 3086 3492 οἷς·
3114 3425 3468 3500 ἀπεκάλυψεν
3509 3431 3612 3483 άπὸ
3641 3430 3722 3484 τοῦ

2168 3524 2373 3593 κόσμου
2402 3517 2518 3575 οὖσι
2546 3520 2641 3592 τὴν
2682 3522 2775 3576 τοῦ
2816 3522 2989 3592 Ἰησοῦ
3034 3522 3254 3591 γνῶσιν,
3283 3523 3405 3577 τότε
3435 3524 3722 3594 ἐδοξάσθηὸ

2166 3612 2291 3675 Υἱὸς
2320 3611 2412 3664 τοῦ
2447 3611 2728 3683 ἀνθρώπου
2764 3613 2820 3665 ἐν
2851 3615 2963 3675 τοῖς
2995 3612 3287 3680 ἐγνωκόσιν
3327 3615 3524 3668 αὐτόν·
3560 3616 3646 3667 καὶ
3665 3614 3720 3665 δι’

2163 3701 2232 3777 ἧς
2270 3703 2525 3774 ὲδοξάσθἫ
2568 3704 2726 3775 δόξης
2759 3706 2816 3758 ἐν
2863 3707 2976 3768 τοῖς
3018 3706 3316 3774 ἐγνωκόσιν
3346 3709 3526 3772 αὐτὸν,
3560 3725 3719 3778 περιε-

2169 3795 2358 3864 ποίησε
2377 3794 2533 3858 δόξαν
2559 3797 2670 3858 τοῖς
2699 3795 2990 3864 ἐγνωκόσιν
3021 3797 3181 3849 αὐτόν
3207 3797 3322 3868 (4‘2)
3347 3815 3362 3830 ·
3396 3801 3446 3852 οἱ
3475 3799 3580 3870 γὰρ
3610 3800 3721 3852 ἁνα-

2169 3887 2565 3960 κεκαλυμμένῳ
2602 3888 2878 3960 προσώπῳ
2900 3888 2999 3960 τὴν
3033 3889 3188 3954 δόξαν
3218 3892 3427 3962 Κυρίου
3454 3909 3720 3962 κατοπτρι-

2169 3979 2384 4052 ζόμενοι
2428 3982 2527 4052 τὴν
2550 3982 2721 4053 αὐτὴν
2760 3981 2944 4035 εἰκόνα
2979 3982 3474 4052 μεταμορφοῦνται.
3511 3985 3643 4055 Ὅρα
3671 3984 3718 4035 δὲ

2179 4073 2342 4128 πόθεν
2372 4073 2478 4127 ἀπὸ
2503 4073 2657 4146 δόξης
2686 4075 2839 4144 φησὶ,
2865 4075 2958 4127 καὶ
2990 4073 3091 4127 ποῦ
3121 4076 3199 4138 είς
3231 4074 3422 4139 δόξαν·
3453 4075 3555 4128 ἀπὸ
3586 4075 3720 4142 δόξης

2175 4166 2272 4236 τῆς
2304 4165 2396 4219 τοῦ
2427 4166 2799 4236 δοξαζομένου,
2835 4169 2911 4230 εἰς
2938 4166 3096 4234 δόξαν
3120 4167 3216 4238 τὴν
3249 4167 3360 4221 τῶν
3396 4167 3718 4234 δοξαζόντων.

2183 4257 2373 4310 Ἡνίκα
2405 4252 2496 4310 οῦν
2523 4253 2682 4327 ἦλθεν
2711 4257 2803 4309 ἐπ)⁵
2826 4256 2922 4326 τὴν
2943 4257 3274 4327 οἰκονομίαν,
3303 4259 3398 4328 ἀφ’
3429 4253 3496 4330 ἧς
3525 4257 3719 4328 ἑμλὶεν

504 4350 646 4404 tant,
683 4344 750 4398 ad
783 4343 932 4398 illius
975 4345 1265 4416 imaginem
1318 4348 1774 4404 transformamur
1807 4350 1875 4402 ⁸⁵.
1935 4348 2063 4404 Vide

2172 4347 2478 4400 ἀνατέλλειν
2508 4347 2585 4417 τῷ
2617 4346 2826 4418 κόσμῳ,
2865 4348 2957 4400 καὶ
2987 4347 3390 4417 γινωσκόμενος
3429 4346 3718 4411 δοξάζεσθαι

507 4446 638 4486 vero
661 4435 802 4488 unde
825 4448 854 4488 a
883 4434 1050 4504 gloria
1077 4436 1220 4491 dicat
1247 4446 1300 4492 et
1327 4439 1417 4493 ubi
1442 4439 1507 4492 ad
1539 4441 1786 4512 gloriam,
1817 4440 2063 4495 nimirum

2173 4439 2266 4491 ἐπὶ
2288 4437 2412 4511 δόξῃ
2441 4439 2547 4490 τῶν
2572 4437 2900 4503 δοξαζόντων
2938 4439 3120 4501 αὑτὸν,
3149 4434 3268 4491 εἷπε
3300 4439 3362 4491 τό
3384 4456 3398 4469 ·
3446 4459 3463 4490 ι
3492 4437 3601 4491 Νῦν
3628 4437 3707 4488 ἐδο

508 4541 538 4578 a
570 4525 739 4596 gloria
767 4528 1052 4598 gloriﬁcati
1084 4531 1150 4584 ad
1184 4532 1408 4602 gloriam
1441 4533 1882 4601 gloriﬁcantium.
1934 4536 2063 4590 Cum

2176 4527 2344 4600 ξάσθη
2378 4532 2406 4581 6
2433 4529 2562 4592 Υἱὸς
2587 4528 2679 4580 τοῦ
2713 4527 2998 4598 ἀνθρώπου
3024 4547 3037 4559 ·
3065 4549 3083 4580 ι
3127 4529 3220 4582 καὶ
3250 4529 3374 4582 ἐπεὶ
3404 4529 3574 4592 οὐδεὶς
3603 4528 3719 4595 ἔγνω

512 4617 678 4687 igitur
703 4619 850 4674 venit
873 4621 938 4674 ad
971 4626 1349 4688 meonomiam,
1393 4637 1421 4675 a
1463 4638 1568 4692 qua
1608 4633 1662 4678 et
1700 4626 1900 4679 mundo
1947 4625 2075 4679 illu-

507 4722 734 4765 cescere
792 4720 959 4782 atque
1015 4716 1180 4769 etiam
1230 4716 1476 4785 cognitus
1549 4714 1844 4785 gloriﬁcari
1911 4717 2076 4770 debe-

506 4799 623 4869 bat,
663 4813 889 4874 propter
946 4804 1173 4875 gloriam
1227 4806 1646 4877 gloriﬁcantium
1692 4821 1839 4872 eum,
1895 4805 2069 4860 dixit:

514 4911 534 4944 ι
571 4892 722 4951 Nunc
765 4895 1104 4965 gloriﬁcatus
1135 4908 1219 4952 est
1248 4897 1416 4952 Filius
1458 4898 1693 4952 hominis
1723 4916 1737 4952 :
1769 4916 1788 4948 ι
1839 4905 1894 4951 et
1939 4910 2076 4964 quo-

507 4986 651 5039 niam
686 5002 844 5042 nemo
884 4989 1135 5058 cognovit
1187 4990 1426 5051 Patrem,
1475 4990 1578 5044 nisi
1629 4989 1821 5056 Filius,
1868 4998 1924 5041 et
1978 4990 2066 5042 cui

506 5073 678 5131 Filius
725 5078 1050 5133 revelaverit
1079 5079 1147 5144 ⁸⁸,
1202 5079 1646 5148 revelaturusque
1695 5089 1814 5131 erat
1850 5077 2067 5131 Patrem

2172 4621 2262 4674 τὸν
2296 4622 2513 4694 Πατέρα
2537 4623 2584 4675 εἰ
2617 4621 2690 4692 μὴ
2721 4622 2749 4673 6
2775 4621 2922 4685 Υἱὸς,
2961 4621 3057 4675 καὶ
3086 4614 3130 4690 ᾧ
3165 4621 3231 4675 ἂν
3265 4623 3293 4675 6
3325 4622 3456 4684 Υἱὸς
3484 4616 3720 4674 ἀποκαλῦ-

2171 4715 2268 4784 ψη,
2304 4713 2494 4784 ἔμελλε
2533 4714 2588 4767 δὲ
2631 4715 2694 4766 ἐκ
2739 4713 2840 4782 τῆς
2882 4712 3186 4782 οἰκονομίας
3228 4712 3626 4766 ἀποκαλύπτειν
3647 4711 3721 4760 τὸν

2176 4805 2391 4876 Πατέρα
2415 4808 2442 4859 ὁ
2473 4806 2619 4868 Υἱὸς,
2652 4803 2739 4857 διὰ
2767 4803 2922 4857 τοῦτο
2949 4804 3042 4858 καὶ
3068 4806 3096 4855 6
3129 4804 3260 4867 Θεὸς
3283 4804 3539 4874 ἐδοξάσθη
3563 4805 3616 4856 ἐν
3641 4801 3720 4854 αὖ·

2174 4897 2273 4968 τῷ.
2300 4897 2370 4949 Ἢ
2394 4897 2454 4949 τό
2472 4913 2485 4926 ·
2525 4916 2542 4946 ι
2569 4895 2679 4949 Καὶ
2708 4898 2737 4949 6
2769 4896 2896 4959 Θεὸς
2920 4893 3178 4966 ἐδοξάσθη
3209 4897 3268 4950 ἐν
3303 4897 3473 4967 αὐτῷ,
3500 4914 3517 4946 ι
3543 4894 3722 4959 συνεξε-

2173 4988 2353 5050 τάσεις
2381 4986 2458 5058 τῷ
2479 5003 2495 5019 ο
2529 5005 2547 5036 ‹
2571 4987 2626 5039 Ὀ
2655 4985 2912 5056 ἑωρακὼς
2939 4987 3038 5055 ἐμὲ
3065 4986 3273 5057 ἑώρακε
3300 4987 3391 5042 τὸν
3414 4987 3620 5059 Πατέρα
3649 4985 3723 5036 τὸν

2181 5075 2465 5146 πέμψαντά
2497 5093 2581 5147 με·
2615 5097 2632 5128 ι
2666 5076 2947 5147 θεωρεῖται
2977 5078 3084 5148 γάρ
3112 5076 3257 5147 ἐντῷ
3287 5079 3445 5148 Λόγῳ
3475 5074 3719 5144 δντιΘεῷν

581 5221 626 5293 ’9
653 5220 822 5293 Hebr.
857 5237 898 5288 ι,
924 5223 983 5293 _3.
1061 5225 1105 5254 τ’
1132 5223 1330 5293 Philip.
1361 5239 1422 5290 tt,
1447 5224 1499 5277 9.
1542 5193 1548 5198 ι
1579 5221 1781 5293 9?.loan.
1805 5234 1927 5283 xm,
1969 5222 2058 5293 ὅ).
2134 5219 2174 5250 ⁸¹
2196 5219 2542 5293 Muttli.t,‘27;
2579 5219 2709 5276 Luc.
2730 5218 2892 5283 x522.
2957 5218 3318 5281 “Matth.xvr,
3344 5218 3431 5272 l7.
3507 5218 3552 5250 ⁸³
3586 5217 3721 5272 Joan.

507 5307 547 5358 ι,
609 5291 697 5355 10.
787 5292 836 5324 ⁸⁸
900 5291 940 5347 ll
981 5295 1104 5350 Cor.
1156 5309 1238 5360 ιιι,
1273 5291 1359 5348 l5.

601 5412 669 5466 58
723 5415 859 5467 Μετ’
886 5415 1092 5468 αὐτόν.
1119 5412 1406 5467 Ferrarius
1436 5411 1648 5478 legebat
1677 5413 1792 5482 μετ’
1818 5409 2004 5464 αὑτοῦ.

603 5410 695 5553 ὄθζ
726 5483 855 5538 Post
883 5484 1068 5553 verba,
1095 5483 1128 5553 ἢ
1156 5481 1246 5537 τὸν
1281 5483 1408 5536 Υἱὸν
1439 5481 1628 5553 αὑτοῦ,
1681 5483 1848 5553 editio
1895 5482 2004 5553 llue

603 5481 695 5553 59)
726 5483 855 5554 Post
883 5484 1068 5554 verba,
1095 5483 1128 5554 ἢ
1156 5481 1246 5537 τὸν
1273 5483 1408 5554 ίΥἱὸν
1434 5481 1628 5554 αὑτοῦ,

1470 5293 1515 5324 ⁸⁵
1576 5292 1764 5345 Matth.
1792 5309 1828 5354 ι,
1865 5293 1934 5344 27
1961 5303 1974 5352 ;
2000 5290 2129 5345 Luc.
2159 5305 2215 5354 ιι,
2235 5291 2325 5342 ‘22.

2251 5409 2364 5478 (40)
2394 5408 2574 5464 Codex
2626 5407 2971 5474 Bodleianus,
3030 5407 3269 5470 πάθους·
3320 5384 3490 5464 editio
3544 5405 3721 5467 Huetii,

1681 5480 1848 5536 editio
1895 5481 2074 5536 lluelii
2183 5480 2464 5542 παθόντος.

506 5551 710 5623 habet:
738 5553 787 5623 εἰ
828 5552 1094 5623 προσέθου
1118 5551 1215 5606 καὶ
1236 5553 1297 5606 τὸ
1327 5552 1542 5623 πνεῦμα
1564 5552 1625 5605 τὸ
1648 5552 1834 5619 αὐτοῦ,
1884 5551 2080 5623 ἄριστά

508 5640 594 5676 σοι
623 5621 692 5676 ἂν
715 5621 1066 5689 ἐθεολογείτο,
1118 5624 1212 5676 καὶ
1261 5621 1586 5677 τελεώτατα.
1638 5623 1835 5677 Verum
1885 5621 2000 5676 haec
2045 5637 2075 5676 a

2275 5553 2364 5618 Η)
2397 5551 2573 5604 Codex
2606 5547 2952 5618 Bodleianus,
2984 5547 3313 5618 δεδόξασται.

2275 5553 2364 5618 tl)
2397 5551 2573 5604 Codex
2606 5550 2952 5610 Bodleianus,
2984 5550 3313 5611 δεδόξασται.

2251 5550 2362 5691 ξω)
2392 5619 2500 5675 Καὶ
2529 5619 2603 5672 δι’
2637 5617 2711 5685 ἦς
2747 5617 3254 5691 ἐδοξάσθημδᾴξης
3397 5618 3518 5691 τοῖς
3565 5615 3724 5691 ἐπω-

509 5691 765 5746 Ferrario
787 5687 990 5747 omissa
1023 5687 1168 5756 sunt,
1207 5703 1262 5747 et
1318 5693 1371 5748 in
1417 5695 1605 5747 codice
1652 5691 1946 5746 Bodleiano
1993 5704 2063 5747 est

2180 5687 2356 5745 πόση·
2385 5691 2572 5744 αὐτὸν
2615 5689 2991 5756 περιεποίησε
3026 5687 3213 5751 δόξαν
3258 5687 3382 5754 τοῖς
3424 5687 3724 5757 ἐγγωκόσιιτ

513 5771 727 5834 tantum
754 5763 1066 5834 observatio
1088 5754 1403 5834 marginalis
1429 5764 1619 5820 scribae
1678 5763 1731 5820 in
1787 5763 2076 5834 Origcncm
2186 5762 2388 5815 αὐτόν.
2435 5760 2558 5834 Haec
2616 5754 2993 5834 desiderantur
3043 5758 3373 5834 in_codice_
3396 5754 3578 5834 Regio,
3641 5754 3722 5808 sed

513 5830 1015 5890 animadvertentis.

2189 5842 2406 5887 exstant
2435 5832 2487 5886 in
2515 5830 2828 5887 dodlciauo.
2869 5844 3040 5885 eauue
3078 5829 3286 5884 viderat
3333 5825 3608 5884 Ferrarius
