3754 6538
72 410 158 467 8‘2!
1029 405 1385 465 COMMENT.
1428 405 1494 462 IN
1531 405 1724 463 JOAN.
1768 406 2010 464 TOMUS
2049 407 2266 466 XXXII.

3171 412 3278 468 8‘23

71 527 146 578 καὶ
162 523 324 576 εἰκόνι
342 521 437 577 τοῦ
461 521 596 577 Θεοῦ
622 520 854 594 ἀοράτου
875 522 903 576 6
929 525 1193 596 γεννήσας
1222 523 1381 578 αὑτὸν
1401 523 1611 596 Πατὴρ,

1734 524 1884 580 ΐίιὶιιε
1927 539 1993 581 ex
2028 525 2354 592 oeconomia,
2401 527 2540 580 hanc
2584 525 2652 581 ob
2696 538 2911 581 causam
2957 527 3120 581 etiam
3167 526 3276 580 Pa-

73 615 147 669 τοῦ
176 613 430 677 ὲνιδόντος
463 617 529 685 τῇ
554 615 720 668 εἰκόνι
742 613 838 667 τοῦ
868 616 1098 686 ἀοράτου
1119 615 1252 670 Θεοῦ
1277 616 1479 681 εὐθέως
1505 617 1618 670 ὲνο-

74 707 153 775 ρᾷν
173 692 464 774 δυναμένου
493 704 682 775 καὶτῷ
706 704 1045 777 πρωτοπτύπῳ
1063 705 1163 776 τῆς
1185 707 1388 770 εἰκόνος
1414 706 1492 776 τῷ
1513 707 1618 760 Πα-

70 797 158 867 cpi.
190 798 304 850 Ἔτι
337 797 396 850 δὲ
442 798 535 850 καὶ⁵
562 797 731 862 οὕτως
758 799 1086 869 σαφέστερον
1132 797 1197 852 ἂν
1225 799 1293 854 τά
1330 799 1471 852 κατά
1527 797 1616 852 τὸν

68 890 208 941 τόπον
234 889 582 960 λαμὸἀνοιτο·
631 891 719 954 Ὣς
749 890 840 944 διά
877 908 1025 955 τινας
1060 891 1120 945 τὸ
1146 891 1315 962 ὄνομα
1347 891 1438 945 τοῦ
1481 892 1614 947 Θεοῦ

72 987 445 1058 βλασφημεῖται
469 985 528 1038 ὲν
553 985 666 1047 τοῖς
705 983 931 1050 ἔθνεσιν,
958 983 1098 1038 οὕτω
1134 984 1221 1039 διὰ
1245 986 1371 1049 τοὺς
1407 985 1614 1054 ἁγίους,

70 1073 131 1133 ὧν
160 1077 408 1147 βλέπεται
442 1075 510 1130 τὰ
559 1075 698 1130 καλά
729 1077 864 1150 ἔργα
913 1076 1267 1146 λαμπρότατα
1310 1076 1615 1148 ἔμπροσθεν

70 1172 158 1226 τῶν
179 1169 496 1242 ἀνθρώπων,
527 1167 807 1236 δοξάζεται
837 1169 898 1222 τὸ
945 1169 1113 1240 ὄνομα
1139 1169 1230 1222 τοῦ
1263 1167 1474 1238 Πατρὸς
1521 1168 1614 1222 τοῦ

71 1263 117 1315 ὲν
151 1263 252 1323 τοῖς
287 1261 556 1330 οὐρανοῖςο
593 1261 649 1313 ὲν
676 1258 780 1312 τίνι
799 1254 890 1313 οὖν
921 1259 1177 1330 ἐδοξάσθη
1213 1258 1462 1312 τοσοῦτον
1493 1259 1617 1313 ὅσον

72 1356 117 1408 ὲν
150 1351 219 1422 τῷ
276 1352 473 1422 Ἰησοῦ,
521 1352 643 1405 ἐπεὶ
689 1371 707 1403 ι
748 1351 1023 1424 ἁμαρτίαν
1059 1353 1160 1406 οὐκ
1202 1351 1445 1422 ἐποίησε,
1482 1351 1616 1424 μηδὲ

73 1445 237 1517 εὑρέθη
259 1445 410 1508 δόλος
428 1447 484 1499 ὲν
509 1444 586 1516 τῷ
614 1445 840 1516 στόματι
871 1444 1059 1507 αὑτοῦ,
1085 1465 1104 1498 ι
1131 1445 1264 1516 μηδὲ
1280 1444 1420 1513 ἔγνω
1443 1446 1616 1516 ἀμαρ-

73 1537 198 1602 τίαν⁹;
248 1536 356 1588 Καὶ
406 1534 644 1598 τοιοῦτος
681 1530 775 1588 οὖν
805 1533 879 1586 ὢν
913 1535 940 1586 6
986 1534 1116 1598 Υἱὸς
1146 1533 1426 1605 ἐδοξάσθη,
1451 1533 1544 1586 καὶ
1585 1533 1615 1585 6

74 1631 178 1694 056;
206 1629 460 1701 ἐδοξάσθη
493 1631 552 1682 ὲν
581 1628 746 1700 αὐτῷ.
780 1630 843 1683 Εί
864 1629 920 1682 δὲ
949 1631 979 1682 6
1002 1629 1133 1692 Θεὸς
1164 1627 1422 1700 ἐδοξάσθη
1448 1629 1507 1682 ἐν
1525 1629 1616 1683 αὐ-

74 1723 149 1791 τῷ,
173 1723 539 1792 ἀντιδωρεῖται
567 1721 716 1793 αὐτῷ
752 1723 780 1774 6
823 1721 1014 1794 Πατὴρ
1049 1721 1110 1774 τὸ
1143 1723 1322 1792 μεῖζον
1351 1715 1412 1775 οὗ
1439 1723 1467 1774 6
1489 1721 1615 1786 Υἱὸς

74 1809 146 1868 τοῦ
190 1812 473 1886 ἀνθρώπου
508 1812 798 1885 πεποίηκε·
847 1813 1028 1884 μεῖζον
1065 1811 1174 1886 γάρ
1205 1812 1282 1883 τῷ
1333 1811 1614 1877 δοξάσαντι

73 1900 144 1953 τὸν
166 1900 308 1968 Θεὸν,
337 1901 582 1955 ἐλάττονι
610 1903 699 1956 τὸν
727 1901 1069 1974 διαφέροντα,
1097 1902 1235 1956 κατά
1258 1903 1338 1956 τό·
1366 1922 1386 1955 ι
1425 1904 1483 1956 Ὁ
1506 1905 1616 1957 Πα-

75 1993 156 2062 τὴρ
184 1992 210 2043 6
239 1990 460 2062 πέμψας
512 2008 578 2063 με
622 1991 822 2062 μείζων
867 1993 976 2063 (45)
1014 2009 1113 2063 μου
1146 1990 1286 2059 ἐστὶ,
1328 2012 1346 2044 ι
1375 1994 1435 2047 τὸ
1461 1995 1615 2061 δοξα-

79 2083 234 2153 σθῆναι
268 2084 358 2137 τὸν
397 2085 525 2139 Υἰὸν
550 2084 644 2138 τοῦ
678 2085 962 2158 ἀνθρώπου
991 2085 1087 2139 τοῦ
1111 2085 1222 2156 (44)
1245 2086 1336 2140 τὸν
1358 2087 1615 2142 ἐλάττονα

77 2173 204 2244 ἐντῷ
237 2173 352 2245 Θεῷ
387 2173 502 2246 (45)
529 2175 816 2248 κρείττονι.
840 2178 950 2230 Καὶ
977 2176 1154 2248 πολλῷ
1180 2193 1242 2246 γε
1274 2179 1614 2250 ὑπερέχουσα

77 2266 222 2334 ἠδόξα
255 2269 310 2321 ὲν
345 2267 427 2340 τῷ
451 2269 566 2339 Υἱῴ
605 2271 772 2334 ἐστιν,
807 2271 897 2324 ὅτε
924 2270 1136 2336 δοξάζει
1165 2271 1326 2325 αὑτὸν
1350 2273 1379 2324 6
1403 2273 1613 2344 Πατὴρ,

75 2357 166 2426 ἢέν
181 2356 249 2428 τῷ
273 2358 473 2430 Πατρὶ,
505 2360 594 2413 ὅτε
630 2361 888 2433 ἐδοξάσθη
918 2362 946 2414 6
968 2361 1156 2434 Πατὴρ
1182 2365 1238 2416 ὲν
1252 2362 1330 2434 τῷ
1351 2363 1483 2434 Υἱῷ.
1504 2364 1615 2418 Καὶ

77 2447 242 2519 ἔπρεπέ
285 2466 348 2518 γε
396 2451 490 2506 τὸν
525 2452 746 2522 μείζονα
791 2453 1150 2525 ἀμειϐόμενον
1180 2455 1281 2526 τὴν
1324 2455 1502 2522 δόξαν,
1547 2455 1614 2527 ἠν

78 2537 282 2605 ἐδόξασεν
305 2541 470 2595 αὐτὸν
500 2545 529 2595 ὁ
559 2543 707 2607 Υίὸς,
752 2543 1079 2615 χαρίσασθαι
1119 2546 1197 2616 τῷ
1225 2546 1338 2618 Υίῷ
1369 2547 1430 2599 τὸ
1457 2546 1614 2611 δοξά-

80 2646 146 2683 σαι
171 2633 315 2686 αὐτὸν
347 2635 410 2686 ὲν
436 2633 604 2704 αὐτῷ,
635 2635 700 2687 ἵν’
732 2636 761 2688 6
796 2636 923 2700 Υἱὸς
1009 2638 1066 2692 ἐν
1086 2637 1163 2708 τῷ
1182 2637 1298 2708 Θεῷ
1327 2637 1616 2710 δοξαζόμε-

80 2737 160 2784 νος.
186 2717 288 2776 Εἶτ’
327 2724 453 2778 ἐπεὶ
496 2726 620 2779 ὅσον
666 2726 877 2780 οὐδέπω
917 2726 1091 2782 ταῦτα
1128 2729 1368 2796 γίνεσθαι
1401 2729 1612 2800 ἔμελλε,

80 2813 207 2882 (λέγω
227 2815 280 2869 δὲ
309 2816 368 2870 τὸ
391 2818 714 2885 δοξάζεσθαι
743 2820 834 2873 τὸν
851 2821 978 2874 Υίὸν
1011 2822 1068 2876 ὲν
1094 2821 1174 2892 τῷ
1206 2821 1368 2894 Θεῷ),
1393 2823 1481 2877 διὰ
1497 2823 1614 2877 τοῦ-

79 2922 122 2957 m
145 2907 369 2980 ἐπιφέρει
396 2910 479 2964 τό·
523 2930 542 2964 ι
579 2912 687 2964 Καὶ
717 2911 876 2976 εὐθὺς
904 2911 1114 2978 δοξάσει
1143 2913 1322 2967 αὐτόν.
1363 2933 1382 2966 ι
1430 2915 1615 2970 Ταῦτα

80 2995 221 3053 δὲούκ
243 3001 538 3073 ἀγνοοῦμεν
588 3001 768 3074 πολλῷ
809 2999 945 3056 εἶναι
978 3004 1233 3059 ἐλάττονα
1266 2997 1341 3058 ὧν
1368 3009 1535 3076 χωρεῖ
1586 3009 1615 3060 6

79 3091 204 3156 τόπος
234 3093 637 3166 ἐξεταζόμενος,
679 3097 1156 3161 ἀποκαλύπτοντος
1191 3097 1286 3152 τοῦ
1318 3098 1475 3163 Θεοῦ,
1519 3101 1613 3153 καὶ

81 3185 424 3257 ἐπιδημοῦντος
449 3188 540 3242 τοῦ
559 3191 732 3259 Λόγου
767 3190 930 3244 αὐτοῦ
951 3191 1030 3253 είς
1058 3190 1120 3243 τὺ
1150 3192 1494 3263 παραστῆσαι
1512 3193 1610 3262 τὴν

81 3275 198 3341 δόξαν
229 3280 316 3333 τοῦ
346 3281 507 3345 Θεοῦ,
540 3282 632 3335 καὶ
654 3277 698 3350 ᾧ
738 3283 959 3336 δύναται
987 3283 1335 3354 δωρήσασθαι
1367 3286 1394 3337 6
1421 3284 1609 3356 Πατὴρ

81 3363 370 3441 ιὶωφύμενος
424 3375 730 3446 γνωσθῆναι
783 3377 882 3447 τὴν
935 3379 1112 3430 πᾶσαν
1143 3375 1299 3441 δόξαν
1330 3377 1424 3430 τοῦ
1452 3375 1606 3429 Θεοῢο

83 3457 212 3525 6161'»;
238 3463 454 3536 βραχεῖς
484 3469 578 3520 καὶ
606 3465 782 3537 πολλῷ
804 3468 1171 3539 ταπεινότεροι
1203 3468 1303 3537 τῆς
1335 3467 1490 3534 ἀξίας
1503 3467 1612 3521 τῶν

83 3547 235 3619 λάγων,
267 3557 356 3608 καὶ
405 3559 500 3611 ἐπὶ
531 3561 643 3620 τοῖς
669 3558 933 3611 ὲκτεθεῖσι
978 3559 1204 3630 χάριτας
1243 3558 1611 3630 ὁμολογοῦμεν

84 3642 139 3710 τῷ
179 3644 285 3717 Θεῷ
337 3644 456 3703 οὖσι
515 3649 694 3722 πολλῷ
756 3649 965 3721 μείζοσι
1022 3649 1141 3705 (Mil
1189 3651 1290 3716 τῖις
1336 3652 1610 3722 ἡμετέρας

85 3733 219 3801 diiag.

1722 624 1802 670 ter
1848 630 1943 685 per
1992 615 2186 670 Filium
2246 616 2580 687 gloriﬁcatus
2630 624 2734 671 est.
2777 614 2871 672 Vel
2925 615 3100 671 illud:
3142 634 3162 669 ι
3211 617 3276 672 Et

1718 706 1860 763 Deus
1882 709 2219 778 gloriﬁcatus
2254 720 2336 765 est
2363 726 2458 780 per
2483 711 2711 775 ipsum,»
2749 710 3091 774 examinabis
3117 711 3275 766 simul

1717 814 1839 853 cum
1868 801 1958 856 illo
1985 801 2130 855 dicto
2161 818 2176 854 :
2207 800 2345 862 «Qui
2399 801 2534 855 vidit
2572 814 2680 866 me,
2725 799 2858 855 vidit
2900 799 3136 863 Patrem,
3185 800 3276 870 qui

1715 891 1874 964 45],
1918 893 2063 948 misit
2091 907 2176 949 me
2197 894 2264 948 “.-
2291 904 2310 937 ι
2347 893 2568 966 Videtur
2598 893 2741 948 enim
2777 892 2831 947 in
2867 892 3129 948 Sermone
3158 893 3279 946 exi-

1717 984 1879 1039 stenti
1934 985 2065 1049 Deo,
2103 995 2158 1041 et
2209 985 2451 1056 imagine
2508 984 2800 1040 invisibilis
2833 983 2928 1040 Dei
2978 983 3142 1038 Pater
3185 984 3278 1052 qui

1717 1073 1892 1142 ipsum
1927 1074 2153 1143 genuit:
2188 1089 2312 1130 cum
2365 1074 2412 1131 is
2445 1075 2537 1146 qui
2587 1073 2886 1144 inspexerit
2943 1074 2995 1129 in
3045 1074 3281 1145 imagine

1718 1168 2007 1224 invisibilis
2056 1169 2174 1234 Dei,
2225 1170 2411 1225 statim
2464 1170 2734 1240 inspicere
2785 1171 2950 1228 etiam
3013 1171 3187 1241 possit
3227 1169 3282 1224 in

1714 1258 1896 1326 Patre,
1941 1260 2035 1329 qui
2069 1268 2152 1314 est
2182 1261 2412 1330 primum
2446 1261 2746 1331 exemplar.
2791 1261 2983 1316 Adhuc
3038 1261 3182 1316 hunc
3225 1261 3278 1315 in

1718 1351 1934 1405 modum
1960 1349 2202 1420 apertius
2222 1351 2384 1406 etiam
2408 1351 2748 1420 interpretari
2768 1361 2946 1422 potest
2969 1352 3057 1406 hic
3083 1350 3233 1405 locus
3257 1361 3277 1403 :

1715 1455 1835 1496 cum
1860 1442 2004 1496 enim
2037 1457 2135 1512 per
2161 1451 2396 1508 sanctos,
2428 1458 2654 1512 quorum
2677 1443 2929 1499 videntur
2957 1443 3094 1500 bona
3116 1457 3280 1512 opera

1716 1533 2147 1604 splendidissima
2202 1549 2392 1589 coram
2449 1535 2760 1591 hominibus
2816 1536 2885 1602 ⁸⁷,
2947 1534 3280 1606 gloriﬁcetur

1718 1641 1910 1681 nomen
1936 1624 2112 1680 Patris
2134 1625 2187 1679 in
2212 1625 2384 1689 caelis,
2410 1626 2861 1694 quemadmodum
2886 1630 3051 1681 etiam
3082 1639 3277 1680 nomen

1716 1716 1810 1771 Dei
1847 1731 1942 1785 per
1969 1717 2232 1786 quosdam
2279 1717 2683 1787 blasphematur
2727 1717 2868 1772 inter
2913 1727 3101 1788 gentes
3129 1716 3196 1781 ⁸⁸,
3225 1717 3279 1769 in

1716 1824 1953 1879 quonam
2008 1809 2232 1880 perinde
2281 1809 2617 1878 glorilicatus
2657 1818 2741 1864 est
2789 1807 2973 1876 Pater,
3021 1817 3182 1878 atque
3222 1807 3277 1862 in

1715 1899 1861 1963 Jesu,
1895 1899 2329 1969 quandoquidem
2366 1916 2385 1950 ι
2421 1910 2698 1968 peccatum
2731 1912 2835 1953 non
2872 1897 2996 1954 fecit
3020 1939 3037 1964 ,
3066 1913 3168 1953 nec
3195 1897 3281 1951 iu-

1717 2000 1910 2046 ventus
1937 1989 2039 2044 fuit
2071 1990 2227 2046 dolus
2261 1991 2313 2044 in
2345 2003 2442 2046 ore
2499 1990 2618 2060 ejus
2641 1989 2711 2055 ⁸³,
2744 2007 2766 2042 ι
2803 2003 2982 2059 neque
3035 1989 3286 2058 cognovit

1718 2092 2000 2153 peccatum
2026 2083 2050 2138 ἲ
2083 2081 2232 2138 Talis
2271 2083 2434 2153 igitur
2477 2097 2599 2139 cum
2623 2092 2766 2138 esset
2792 2081 2987 2148 Filius,
3011 2081 3283 2153 gloriﬁca-

1717 2183 1804 2227 tus
1831 2181 1935 2236 est,
1962 2181 2018 2226 et
2048 2172 2192 2229 Deus
2213 2173 2547 2242 gloriﬁcatus
2578 2188 2673 2243 per
2706 2173 2880 2243 ipsum
2914 2182 3015 2228 est.
3049 2173 3203 2240 Quod
3233 2172 3282 2228 sl

1716 2264 1858 2320 Deus
1890 2265 2225 2335 gloriticatus
2253 2275 2338 2320 est
2365 2279 2460 2336 per
2490 2265 2688 2334 ipsum,
2731 2265 2872 2320 Deus
2914 2265 2996 2319 illi
3039 2266 3281 2321 vicissim

1716 2356 1882 2411 donat
1935 2355 2080 2426 quod
2130 2357 2304 2428 majus
2341 2367 2426 2412 est
2481 2371 2540 2412 re
2589 2356 2675 2410 illa
2723 2372 2888 2426 quam
2936 2357 3062 2412 fecit
3107 2356 3281 2414 Filius

1716 2447 1976 2504 hominis.
2002 2446 2175 2518 Majus
2204 2449 2351 2504 enim
2382 2457 2467 2503 est
2494 2449 2638 2519 quod
2681 2448 2849 2505 Filius
2895 2449 3128 2505 hominis
3160 2449 3278 2519 glo-

1715 2543 1959 2598 riticatus
1990 2543 2156 2597 luerit
2187 2556 2283 2611 per
2307 2543 2474 2597 Deum
2501 2582 2518 2608 ,
2554 2541 2779 2596 inferior
2809 2556 2908 2612 per
2939 2541 3280 2611 praestantio-

1715 2651 1850 2702 rem,
1877 2650 2038 2704 quam
2067 2637 2208 2704 quod
2236 2633 2462 2689 inferior
2503 2633 2888 2705 gloriﬁcaverit
2917 2635 3083 2690 Deum
3135 2648 3279 2704 pra:-

1715 2730 2031 2784 stantiorem
2053 2725 2203 2794 juxta
2230 2726 2398 2782 illud:
2432 2743 2451 2778 ι
2484 2725 2645 2781 Pater
2671 2727 2763 2797 qui
2799 2728 2947 2781 misit
2974 2741 3081 2793 me,
3111 2728 3284 2798 major

1714 2836 1800 2875 me
1825 2830 1906 2875 est
1940 2821 2040 2876 ³ο.»
2078 2822 2254 2890 Atque
2283 2820 2526 2889 profecto
2552 2819 2714 2888 longe
2737 2820 3087 2876 excellentior
3110 2818 3283 2890 gloria

1713 2922 1794 2967 est
1832 2915 1884 2966 in
1916 2912 2074 2978 Filio,
2106 2911 2322 2983 quando
2359 2910 2626 2982 gloriﬁcat
2671 2913 2842 2982 ipsum
2875 2912 3058 2978 Pater,
3114 2925 3282 2981 quam

1714 3003 1786 3056 sit
1815 3002 1866 3056 in
1894 3001 2077 3069 Patre,
2119 3003 2337 3072 quando
2371 3001 2706 3073 gloriﬁcatus
2734 3001 2898 3057 fuerit
2939 3019 3034 3074 per
3058 3001 3280 3059 Filium.

1715 3095 2056 3167 Decebalque
2081 3094 2328 3165 profecto
2357 3134 2372 3159 ,
2406 3103 2464 3148 ut
2498 3093 2671 3164 major
2699 3095 2940 3150 vicissim
2976 3095 3282 3164 rependens

1713 3187 1957 3257 gloriam,
1990 3203 2094 3257 qua
2125 3185 2458 3256 gloriﬁcarat
2503 3199 2625 3240 eum
2655 3183 2846 3251 Filius,
2881 3187 3280 3256 gratiﬁcaretur

1716 3279 1854 3334 Filio
1889 3277 2242 3350 gloriﬁcando
2272 3292 2394 3334 eum
2422 3277 2474 3330 in
2504 3291 2563 3332 se
2593 3277 2771 3332 Patro.
2798 3277 3000 3334 Deinde
3023 3281 3280 3350 quoniam

1717 3373 1833 3428 haec
1855 3374 1968 3444 jam
2004 3373 2182 3427 futura
2229 3381 2385 3426 erant
2432 3373 2591 3443 (dico
2639 3381 2816 3427 autem
2861 3373 3156 3442 gloriﬁcari
3189 3374 3281 3429 Fi-

1717 3464 1845 3518 lium
1892 3464 2130 3520 hominis
2179 3480 2276 3536 per
2308 3462 2520 3534 Deum)
2567 3464 2771 3519 idcirco
2815 3464 3092 3536 subjungit
3120 3482 3133 3518 :
3165 3464 3281 3519 «Et

1716 3557 1973 3612 continuo
2003 3556 2329 3626 gloriﬁcabit
2363 3572 2486 3612 eum
2518 3555 2587 3610 ".
2619 3572 2640 3608 ι
2673 3555 2783 3612 Nec
2817 3571 2945 3613 vero
2971 3558 3284 3628 ignoramus

1713 3651 1830 3705 haec
1854 3652 2011 3720 longe
2038 3649 2297 3704 inferiora
2336 3663 2456 3704 esse
2495 3650 2578 3704 his
2611 3666 2732 3720 quae
2772 3666 3010 3719 praesens
3038 3652 3281 3721 requirat

1715 3742 1888 3806 locus,
1925 3756 2084 3810 quem
2118 3755 2263 3795 nunc
2289 3740 2662 3797 examinamus
2689 3741 2962 3796 revelante
3019 3741 3168 3809 Deo,
3223 3750 3280 3798 et

86 3840 303 3892 Pmseute
332 3835 630 3892 exsistente
663 3837 840 3893 Verbo
888 3853 988 3893 suo
1038 3838 1106 3892 ad
1149 3838 1623 3894 demonstrandum
1680 3835 1908 3906 gloriam
1940 3834 2076 3888 Dei:
2105 3832 2126 3905 [
2158 3833 2295 3905 (η’)
2345 3833 2540 3904 cuique
2601 3831 2764 3888 Pater
2810 3835 2941 3888 dare
2978 3842 3181 3904 posset,
3220 3841 3280 3888 ut

88 3923 222 3980 omnis
277 3927 366 3984 Dei
412 3930 582 3999 gloria
647 3931 1139 4004 cognosceretur.]
1189 3932 1368 3998 Quare
1419 3932 1586 3987 veluti
1647 3931 1823 4002 parvi,
1877 3940 1930 3986 et
1977 3930 2135 3998 longe
2195 3927 2518 3997 abiectiores
2566 3943 2726 3998 quam
2773 3928 3014 3999 dignitas
3068 3941 3276 3983 sermo-

88 4025 184 4065 num
213 4016 412 4086 exigat,
438 4020 645 4087 gratias
675 4020 780 4075 Deo
813 4036 1036 4089 agamus
1072 4036 1166 4087 pro
1195 4021 1277 4075 bis
1304 4036 1424 4089 qua:
1445 4022 1833 4089 exposuimus;
1891 4035 2012 4090 qua:
2067 4019 2225 4090 longe
2252 4028 2379 4074 sunt
2409 4017 2611 4087 majora
2659 4027 2844 4074 nostra
2883 4021 3167 4091 dignitate.

138 4102 207 4160 l9.
229 4124 249 4158 ι
271 4108 491 4174 Τεκνία,
527 4109 606 4163 ἔτι
639 4113 831 4183 μικρὸν
859 4113 1148 4186 μεθ’ὑμῶν
1181 4117 1326 4186 εἰμι’
1365 4117 1606 4187 Ζητήσε-

1785 4115 1875 4172 19.
1929 4133 1946 4165 ι
1980 4113 2179 4180 Filioli,
2241 4114 2421 4169 adhuc
2475 4111 2755 4183 paulisper
2807 4115 3086 4170 vobiscum
3135 4130 3274 4170 sum.

89 4199 128 4248 τέ
159 4215 230 4265 με,
273 4203 364 4256 καὶ
405 4202 591 4268 καθὼς
623 4201 775 4259 εἶπεν
813 4209 927 4271 τοῖς
970 4209 1262 4272 Ἰουδαίοις,
1304 4210 1386 4262 ὅτι
1429 4211 1605 4263 Ὅπου

1734 4205 1976 4273 ξηαπ-θεῖε
2007 4221 2112 4272 me,
2145 4215 2198 4261 et
2223 4206 2366 4262 sicut
2397 4205 2507 4260 dixi
2533 4203 2732 4262 ludatis
2766 4226 2779 4262 :
2812 4206 2930 4274 Quo
2970 4223 3070 4277 ego
3115 4207 3274 4271 abeo,

92 4288 171 4353 ἐγώ
198 4293 320 4363 εἰμι,
354 4295 515 4367 ὑμεῖς
555 4297 616 4348 οὐ
657 4297 884 4351 δύνασθε
923 4299 1116 4364 ἐλθεῖν,
1161 4301 1256 4354 καὶ
1289 4301 1416 4371 ὑμῖν
1461 4299 1606 4369 λέγω

1734 4312 1807 4352 ros
1843 4313 1948 4352 non
1975 4299 2202 4367 potestis
2237 4299 2424 4354 venire
2455 4315 2470 4366 ;
2503 4307 2560 4354 et
2598 4300 2747 4354 vobis
2788 4299 2909 4354 dico
2959 4313 3105 4353 nunc
3148 4298 3213 4351 ".
3251 4317 3270 4349 ι

89 4380 196 4450 ἄρτι.
223 4403 239 4436 t
271 4386 599 4456 Συναγαγὼν
647 4390 712 4442 ἐκ
755 4389 862 4442 τῶν
890 4391 1348 4460 Εὐαγγελίωντάς
1381 4392 1458 4456 ὼς
1499 4392 1604 4446 ὑπὸ

1734 4386 1844 4442 lum
1877 4389 2164 4459 collegeris
2192 4404 2259 4443 ex
2282 4388 2592 4458 Evangeliis
2624 4405 2783 4446 voces
2811 4405 2931 4460 quae
2961 4390 3215 4445 dicuntur
3243 4404 3275 4444 ιι

91 4472 256 4546 Πατρδς
268 4480 356 4532 τοῦ
379 4481 630 4552 Σωτῆρος
651 4485 682 4553 ἡ
691 4483 806 4553 μῶν
837 4483 1132 4556 λεγομένας
1152 4487 1286 4558 πρὸς
1316 4486 1479 4540 τέκνα
1497 4504 1607 4555 φω-

1734 4479 2003 4535 iervatore
2040 4490 2249 4545 nostro,
2277 4489 2531 4550 tanquam
2569 4498 2599 4536 a
2629 4491 2782 4549 patre
2813 4483 2879 4536 ad
2910 4481 3070 4549 ﬁlios,
3105 4481 3277 4536 conﬁ-

90 4564 174 4630 νὴ,
198 4568 373 4642 θάρρει
399 4572 599 4641 λέγειν,
629 4575 710 4627 ὅτι
739 4577 898 4629 τινῶν
927 4580 955 4631 6
985 4579 1173 4649 Σωτὴρ
1215 4580 1404 4651 Πατήρ
1437 4581 1602 4632 ἐστιν·

1734 4576 1827 4630 lito
1877 4576 2063 4631 dicere
2129 4575 2474 4630 Servatorem
2529 4586 2650 4628 esse
2696 4571 2998 4642 aliquorum
3042 4581 3274 4642 patrem.

89 4655 145 4723 τῷ
179 4663 262 4730 μὲν
302 4667 409 4738 γὰρ
459 4669 815 4740 παραλυτικῷ
867 4689 1018 4742 φησι·
1071 4691 1089 4724 ί
1130 4674 1350 4745 Θάρσειν
1398 4675 1606 4742 “xw”

91 4747 288 4816 ἀφίενταί
322 4775 402 4811 σοι
434 4761 793 4832 αίάμαρτίαιο
831 4782 849 4814 ι
887 4767 952 4834 τῇ
979 4764 1034 4817 δὲ
1056 4767 1441 4838 αίμορῤοούσῃ·
1463 4785 1481 4818 ι
1504 4766 1608 4820 Θύ-

91 4853 234 4916 γατερ,
264 4850 295 4918 ἡ
335 4851 517 4914 πίστις
553 4869 645 4905 σου
676 4854 882 4908 σέσωκέ
915 4873 993 4908 σε.
1034 4876 1052 4909 ι
1090 4858 1198 4910 Καὶ
1231 4855 1326 4911 νῦν
1357 4861 1468 4921 τοῖς
1505 4876 1608 4928 μαα

1711 4668 1890 4740 Inquit
1917 4669 2062 4723 enim
2095 4666 2394 4738 paralytico
2429 4665 2476 4698 ”
2505 4683 2517 4719 :
2549 4684 2568 4718 ι
2605 4663 2849 4731 Conﬁde,
2875 4663 2968 4729 ﬁli,
2989 4665 3278 4718 remittun-

1711 4771 1799 4815 tur
1835 4759 1930 4814 tibi
1960 4757 2123 4830 452
2151 4768 2369 4829 peccata
2395 4775 2410 4826 ;
2442 4777 2461 4810 ι
2500 4757 2713 4812 feminae
2735 4770 2863 4812 vero
2884 4755 3028 4810 ﬂuxu
3053 4754 3275 4825 sangui-

1712 4853 1796 4908 nis
1829 4851 2098 4908 laboranti
2125 4868 2140 4908 :
2171 4870 2188 4904 ι
2208 4851 2365 4918 Filia,
2392 4853 2524 4906 ﬁdes
2553 4859 2642 4905 tua
2671 4859 2724 4904 te
2749 4849 2953 4904 salvam
2984 4847 3112 4902 fecit
3165 4845 3265 4902 ".t

93 4931 235 5003 θηταῖς
263 4941 404 5012 λέγει
449 4946 528 4998 τό’
563 4965 582 4998 ι
619 4948 836 5014 Τεκνία,
879 4968 896 4999 ι
929 4949 1300 5019 ἐμφαίνοντος,
1336 4948 1512 5020 οἶμαι,
1553 4951 1607 5005 τί

1734 4945 1865 5000 tunc
1911 4945 2074 5000 etiam
2112 4944 2390 5014 discipulis
2445 4942 2621 5012 inquit
2652 4955 2668 4995 :
2701 4959 2722 4992 ι
2752 4940 2928 4995 Filioli
2955 4956 2971 5006 ;
2999 4958 3018 4992 ι
3082 4949 3270 4995 osten-

93 5026 158 5116 καὶ
181 5031 260 5084 τοῦ
289 5035 726 5109 ὑποκοριστικοῦ,
749 5041 842 5092 καὶ
878 5041 1214 5104 διδάσκοντος
1249 5043 1344 5112 τὴν
1364 5043 1441 5096 ἔτι
1470 5043 1604 5116 βρα-

1710 5037 1894 5102 dente,
1947 5039 2161 5106 Opinor,
2207 5036 2334 5091 Jesu
2383 5035 2699 5092 nonnullum
2753 5033 3082 5090 blandientis
3139 5032 3272 5087 alle-

91 5113 249 5213 ξῧὴιτξ
276 5123 370 5194 τῆς
395 5125 503 5178 τῶν
529 5127 840 5182 ἀποστόλων
879 5129 1055 5200 ψυχῆς
1083 5131 1223 5213 τότε.
1269 5133 1392 5184 Ἐὰν
1428 5133 1484 5185 δέ
1507 5113 1604 5196 ’τις

1734 5138 1875 5195 tum,
1901 5129 2168 5196 simulque
2200 5129 2426 5183 docente
2447 5128 2724 5196 apostolos
2744 5129 2907 5182 etiam
2948 5135 3056 5179 tum
3087 5125 3274 5181 animo

93 5202 317 5283 ζητῇ’⁷Αρ
330 5212 344 5232 ’
361 5213 455 5272 οὖν
471 5217 500 5269 6
521 5219 883 5290 παραλυτικὸς
905 5202 1136 5286 ἀκούων,
1155 5220 1376 5286 Τέκνον,
1400 5225 1607 5278 ὲντελέ-

1707 5218 1931 5288 pusillos
1957 5233 2098 5274 esse.
2131 5218 2226 5273 Sin
2257 5232 2388 5273 vero
2423 5226 2629 5285 quaerat
2658 5217 2856 5288 aliquis
2888 5231 3018 5272 num
3048 5217 3270 5290 paraly-

93 5309 236 5366 στερος
251 5299 312 5373 ἦν
337 5305 444 5360 τῶν
468 5307 578 5377 (67)
602 5310 740 5381 πρὸς
759 5310 852 5375 οὓς
875 5314 903 5365 6
933 5312 1101 5380 Λόγος
1117 5312 1268 5382 φησὶ,
1304 5331 1322 5364 ι
1348 5314 1391 5366 Τ
1393 5315 1602 5368 εκνίαοι

1734 5313 1849 5366 icus
1904 5312 2078 5365 dictus
2132 5310 2298 5376 ﬁlius,
2357 5310 2734 5368 honorabilior
2784 5311 2856 5367 sit
2906 5310 3016 5366 illis
3073 5311 3274 5380 quibus

94 5383 284 5458 ἀκούσει,
311 5396 412 5460 ὅτι,
444 5399 500 5452 εἴ
539 5416 624 5465 τις
659 5401 760 5472 μέν
800 5404 915 5456 ἐστι
955 5404 1186 5468 τεκνίον,
1233 5404 1449 5468 πάντως
1489 5407 1606 5460 ἐστὶ

1734 5403 1877 5458 "ilius
1908 5403 2002 5458 Dei
2027 5403 2185 5468 dixit,
2219 5422 2238 5454 ι
2260 5401 2492 5468 Filioli,»
2521 5403 2566 5457 is
2594 5402 2729 5458 sciat
2757 5417 2884 5460 eum
2909 5404 3002 5475 qul
3032 5403 3106 5459 sit
3129 5402 3270 5457 lilio-

143 5477 344 5558 "195m.
373 5503 475 5558 xu.
512 5490 603 5545 45.
675 5493 720 5525 δ’
763 5493 952 5548 Matth.
1001 5510 1049 5558 v,
1085 5494 1172 5548 l6.

105 5643 682 5738 “(fil‘lllodexllegium
723 5657 883 5722 male,
909 5657 1052 5712 κατά
1082 5658 1111 5710 6
1140 5659 1330 5732 Πατὴρ
1379 5662 1408 5714 6
1454 5660 1597 5733 πέμ-

96 5717 171 5775 ψας
199 5717 399 5783 μείζων,
425 5733 528 5778 etc.

406 5791 560 5870 Deest
587 5798 638 5870 in
663 5798 849 5853 codice
889 5800 1073 5870 Regio.

146 5853 236 5925 (δε)
261 5860 391 5926 Θεῷ·
420 5862 578 5923 Deest
610 5868 664 5924 in
687 5870 874 5926 eodem
909 5853 1091 5927 co‘dice
1124 5870 1310 5935 Regio.

1278 5495 1325 5528 ⁸⁸
1367 5495 1524 5553 Rom.
1564 5513 1624 5556 ll,
1653 5497 1750 5552 ‘24.
1814 5499 1899 5552 "l
1934 5498 2080 5559 Petr.
2109 5512 2167 5561 tt,
2195 5497 2286 5551 22.

96 5560 181 5614 xm,
219 5553 298 5608 32.
367 5557 414 5589 "
453 5559 610 5616 Joan.
657 5577 790 5628 xm,
840 5565 929 5619 55.
1005 5553 1052 5596 ⁵⁸
1101 5564 1291 5620 Matth.
1337 5582 1415 5632 Ix,
1464 5568 1521 5622 2.
1597 5571 1612 5601 ⁸

1734 5570 1856 5624 Itth.
1893 5553 1972 5632 ιχ,
1995 5567 2086 5625 22.

2389 5497 2437 5529 ⁹⁹
2464 5495 2622 5553 Joan.
2676 5513 2792 5568 xiv,
2836 5496 2928 5555 28.
3030 5497 3076 5532 “
3110 5496 3271 5556 Joan.
3347 5560 3351 5565 ,

1798 5662 1885 5731 66)
1916 5662 2092 5733 Codex
2115 5659 2357 5733 _Regius,
2392 5663 2593 5733 μεῖζον.

1799 5735 1888 5802 47)
1938 5731 2079 5785 Τῶν.
2114 5731 2270 5784 Deest
2299 5733 2351 5783 in
2390 5730 2576 5787 codice
2600 5730 2788 5803 Regio.

1798 5804 1910 5874 δῖ’)
1933 5803 2056 5858 llaec
2076 5803 2442 5872 supplevituus
2461 5819 2491 5858 e
2518 5803 2786 5860 Perionio.
