3784 6526
492 383 594 439 823
1932 392 2019 448 0R

2125 388 2252 445 ENIS
3623 393 3702 451 824

492 504 595 568 lus,
641 525 761 566 esse
809 511 971 563 etiam
1019 513 1238 565 omnino
1283 511 1450 565 ﬁlium
1500 521 1718 583 prapter
1763 512 1906 581 quod
1964 527 2019 565 nt

2125 542 2136 578 γ
2165 506 2370 560 τέκνον·
2399 506 2478 558 διὸ
2502 506 2561 558 ού
2597 507 2897 560 κεκώλυται
2930 507 3024 560 τὸν
3054 507 3416 576 παραλυτικὸν
3444 506 3701 579 λεγόμενον

491 601 840 672 paralyticus
879 601 1054 656 dictus
1098 601 1237 657 lilius
1262 643 1277 668 ,
1309 604 1612 672 prohibitus
1643 612 1863 658 estesse
1893 603 2019 656 etiat

2160 598 2348 652 τέκνον
2385 593 2521 650 εἶναι
2555 599 2647 652 καὶ
2672 600 2901 654 τεκνίον⁸
2945 599 3086 654 ὥστε
3117 602 3218 654 οὒκ
3251 600 3468 671 ἀνάγκη
3501 600 3587 653 τδν
3610 601 3700 654 ὀνο-

487 683 698 744 ﬁliolus
727 707 742 745 :
767 693 1217 761 quemadmodum
1260 694 1426 749 etiam
1480 709 1699 750 necesse
1731 709 1835 748 non
1872 701 1957 748 est
2003 708 2019 745 ι

2163 687 2433 758 μασθέντα
2458 687 2644 741 τέκνον
2667 689 2757 741 τὸν
2789 690 3153 761 παραλυτικὸν
3195 687 3337 744 εἶναι
3361 690 3702 763 ὲντελέστερον

1932 388 2252 448 ORIGENIS

488 780 829 852 paralyticus
870 793 1211 850 nuncupatus
1262 783 1430 850 filius,
1476 784 1844 840 bonorabilior
1878 785 1946 840 sit
1973 785 2058 839 his

493 888 634 943 quos
678 873 851 929 Filius
891 875 985 929 Dei
1042 876 1179 930 dixit
1220 875 1438 932 ﬁliolas.
1514 875 1751 932 Proinde
1817 878 2056 933 sciamus

494 979 717 1022 necesse
765 977 871 1034 est,
921 982 1026 1021 non
1060 979 1120 1022 ut
1167 968 1221 1022 iu
1257 968 1568 1024 hominibus
1604 971 1812 1034 evenit,
1855 980 1914 1025 ut
1963 970 2054 1038 qui

493 1057 637 1114 ﬁlius
665 1059 895 1130 alicujus
919 1060 1105 1127 fuerit,
1135 1061 1182 1114 is
1210 1060 1351 1114 illius
1378 1072 1566 1129 postea
1591 1076 1711 1117 esse
1746 1062 1915 1116 frater
1945 1077 2050 1116 non

491 1151 688 1220 possit,
720 1153 793 1205 ita
823 1153 1110 1208 evenirein
1140 1151 1267 1206 Jesu
1294 1163 1352 1206 ut
1383 1152 1579 1222 aliquis
1604 1169 1671 1207 ex
1712 1153 1824 1208 filio
1855 1155 2053 1207 immu-

2157 779 2265 832 τῶν
2294 779 2429 852 πρὸς
2450 778 2541 842 οὓς
2571 781 2599 832 ὁ
2628 780 2798 849 Λόγος
2814 777 2932 834 εἷπε
2960 783 3023 835 τὸ
3044 783 3253 836 τεκνία.
3283 769 3487 854 Χρὴδὲ
3513 783 3697 847 εἰδέναι,

2155 871 2237 924 ὅτι
2263 872 2360 941 ούχ
2411 870 2598 944 ὥσπερ
2625 873 2715 925 ἐπὶ
2752 873 2861 926 τῶν
2888 872 3188 946 ἀνθρώπων
3220 876 3282 928 οὐ
3313 875 3538 928 δύναται
3566 875 3620 927 τὸ
3635 876 3700 928 τέ-

2156 979 2281 1016 κνον
2313 964 2565 1032 γενέσθαι
2609 964 2833 1036 ὕστερον
2863 965 3090 1035 ἀδελφὸς
3121 961 3182 1019 οὗ
3216 966 3453 1036 ἔφθασεν
3488 963 3616 1019 εἶναι
3636 969 3698 1019 τέ-

2154 1070 2301 1122 κνον,
2344 1055 2516 1120 οὕτως
2543 1057 2802 1110 ἀδύνατον
2839 1057 3160 1127 μεταϐαλεῖν
3182 1060 3246 1112 ὲκ
3277 1059 3470 1112 τέκνου
3507 1058 3596 1112 τοῦ
3619 1061 3700 1131 ’1η-

2154 1145 2246 1199 σοῢ
2287 1147 2423 1214 πρὸς
2444 1149 2504 1202 τὸ
2527 1151 2774 1218 γενέσθαι
2798 1151 2960 1205 αὑτοῦ
2979 1151 3223 1220 ἀδελφόν.
3251 1147 3412 1206 Οὗτοι
3439 1151 3566 1220 γοῦν
3590 1153 3697 1223 πρὸς

491 1242 596 1296 tari
629 1259 733 1298 nou
781 1246 951 1314 possit
980 1255 1036 1298 ut
1065 1246 1138 1299 sit
1178 1245 1322 1300 illius
1367 1245 1554 1299 frater.
1603 1244 1960 1311 Quamobrem
1996 1245 2019 1298 Ι]

2149 1237 2244 1302 οὓς
2267 1236 2404 1304 εἷπε,
2440 1260 2458 1292 ι
2497 1243 2713 1308 Τεκνία,
2753 1263 2773 1296 ο
2814 1242 2952 1314 μετὰ
2985 1243 3082 1316 τὴν
3103 1244 3194 1297 τοῦ
3220 1244 3473 1314 Σωτῆρος
3493 1243 3698 1298 ἀνάστα-

488 1329 686 1396 quibus
713 1331 869 1396 dixit,
913 1330 1174 1396 «Filioli,:
1202 1343 1323 1401 post
1357 1331 1666 1388 Servatoris
1695 1335 2019 1389 resurrectio

2152 1347 2256 1393 σιν,
2292 1331 2550 1404 (ὡσπερεὶ
2579 1334 3035 1406 μεταποιηθέντος
3075 1335 3190 1405 (48)
3222 1335 3332 1387 ἀπὸ
3359 1335 3460 1404 τῆς
3484 1335 3694 1387 ἀναστά-

487 1434 611 1473 nem
671 1421 960 1490 (tanquam
993 1421 1276 1477 immutato
1319 1421 1446 1478 Jesu
1493 1439 1558 1479 ex
1614 1426 2009 1480 resurrectione

2151 1437 2285 1485 σεως
2315 1421 2538 1493 Ἰησοῦ,)
2569 1424 2804 1492 γίνονται
2832 1425 2922 1477 τοῦ
2953 1424 3214 1497 πρότερον
3252 1424 3519 1486 εἰπόντος,
3557 1442 3576 1474 ι
3615 1424 3695 1476 Τε-

485 1500 678 1565 fratres
731 1510 875 1566 illius
926 1510 1252 1578 efﬁciuntur,
1301 1513 1390 1582 qui
1449 1524 1607 1569 antea
1659 1515 1766 1570 illis
1805 1515 2019 1570 dixerat

2147 1513 2291 1578 κνία,
2325 1532 2344 1564 ›
2377 1513 2610 1583 ἀδελφοίο
2633 1516 2711 1569 διὸ
2739 1517 3070 1588 γέγραπται·
3105 1536 3123 1567 ι
3149 1516 3392 1587 Πορεύου
3426 1515 3559 1586 πρὸς
3592 1516 3696 1579 τοὺς

488 1630 506 1662 ι
547 1609 724 1666 Filioli
762 1630 775 1666 :
806 1631 826 1664 ι
855 1614 994 1668 unde
1019 1624 1073 1668 et
1104 1617 1362 1684 scriptum
1390 1628 1472 1672 est
1509 1638 1523 1672 :
1559 1616 1737 1672 «Vade
1761 1619 1827 1673 ad
1850 1617 2015 1674 fratre

2143 1605 2402 1674 ἀδελφούς
2430 1626 2529 1678 μου
2562 1609 2695 1678 (49),
2732 1610 2826 1663 καὶ
2855 1607 2976 1663 εἶπε
3010 1610 3214 1672 αύτοῖςο
3249 1609 3552 1663 Ἀναϐαίνω
3580 1609 3693 1680 πρὸς

484 1715 656 1766 meos,
697 1713 754 1756 et
796 1703 884 1758 dic
932 1703 1038 1758 illis
1072 1721 1087 1756 :
1125 1706 1372 1760 Ascendo
1417 1707 1480 1760 ad
1509 1705 1724 1761 Patrem
1757 1722 1958 1772 meum,
1989 1723 2019 1763 e

2142 1696 2232 1749 τὸν
2272 1698 2490 1769 Πατέρα
2536 1717 2655 1770 μου,
2692 1701 2784 1754 καὶ
2816 1701 3035 1770 Πατέρα
3072 1701 3244 1771 ὑμῶν,
3278 1701 3371 1754 καὶ
3411 1699 3543 1753 Θεόν
3589 1717 3689 1770 μου,

481 1791 698 1847 Patrem
764 1804 1038 1861 vestrum;
1101 1805 1157 1849 et
1220 1795 1389 1850 Deum
1455 1814 1682 1862 meum,
1751 1808 1807 1853 et
1872 1801 2037 1853 Deum

2143 1791 2236 1844 atat
2267 1791 2398 1846 Θεὸν
2440 1792 2611 1863 ὑμῶν.
2656 1813 2674 1847 ι
2712 1794 2820 1847 Καὶ
2851 1794 2993 1863 τάχα
3021 1792 3208 1863 ὥσπερ
3241 1791 3360 1844 ἐστι
3395 1791 3692 1862 μεταϐαλεῖν

481 1894 722 1939 vestrum
755 1887 856 1938 ⁸⁵.»
900 1887 966 1941 Ει
994 1888 1226 1944 fortasse
1253 1892 1704 1958 quemadmodum
1735 1892 1861 1946 licet
1883 1894 2019 1946 etian

2145 1885 2208 1935 ὲκ
2230 1883 2416 1938 δούλου
2456 1884 2650 1956 Ἰησοῦ,
2683 1885 2855 1939 δοῦλοι
2887 1886 2942 1938 δὲ
2971 1882 3112 1957 ἦσαν
3141 1886 3190 1937 οἱ
3219 1884 3460 1956 μαθηταὶ
3493 1884 3595 1956 πρὸ
3615 1883 3692 1938 τοῦ

477 1992 542 2034 ex
593 1992 751 2034 servo
802 1978 925 2035 Jesu
959 1981 1276 2048 immutari;
1324 1997 1449 2036 nam
1488 1982 1630 2037 servi
1665 1992 1821 2036 erant
1869 1983 2032 2038 etiam

485 2070 751 2141 discipuli,
787 2083 1081 2142 antequam
1111 2074 1310 2129 ﬁerent
1345 2073 1632 2139 ﬁlioli,'ut
1660 2090 1722 2128 ex
1757 2075 1861 2130 hoc
1891 2077 2034 2130 dicto

480 2164 822 2234 perspicuum
868 2177 998 2221 est:
1064 2186 1082 2218 ι
1129 2165 1234 2222 Vos
1265 2169 1476 2223 vocatis
1511 2183 1595 2223 tne
1624 2167 1933 2237 Magistrum
1979 2176 2032 2222 et

474 2255 785 2323 Dominum,
813 2268 866 2312 et
889 2258 1028 2312 bene
1057 2259 1269 2322 dicitis,
1304 2275 1420 2314 sum
1452 2261 1651 2314 etenim
1691 2260 1778 2322 ";
1811 2279 1829 2310 ι
1873 2269 1928 2314 et
1964 2275 2030 2314 ex

476 2350 586 2408 illis
620 2370 636 2408 :
684 2371 702 2403 ι
728 2351 848 2407 Non
885 2363 964 2409 est
986 2369 1174 2409 servus
1193 2353 1364 2422 major
1391 2355 1607 2408 domino
1634 2369 1730 2410 suo
1754 2353 1854 2417 ⁸⁷.»
1889 2354 2030 2422 quod

473 2447 736 2514 scriptum
760 2455 845 2502 est
871 2455 995 2502 ante
1028 2449 1142 2502 haec
1169 2449 1328 2502 verba
1366 2465 1381 2501 :
1425 2465 1443 2499 ι
1472 2446 1675 2514 Filioli,
1703 2447 1881 2501 adhuc
1897 2463 2032 2516 pau-

471 2536 642 2608 lisper
665 2541 944 2596 vobiscum
973 2555 1089 2596 sum
1114 2540 1161 2572 ⁹⁸
1186 2557 1233 2606 ;›
1265 2539 1523 2610 inspicies
1568 2555 1636 2593 an
1687 2553 1876 2594 servus
1916 2539 2030 2594 elﬁ-

469 2631 645 2686 ciatur
665 2633 900 2702 primum
931 2631 1251 2703 discipulus,
1283 2630 1479 2687 deinde
1511 2630 1726 2698 filiolus,
1755 2639 2030 2700 postremo

470 2734 641 2790 frater
661 2736 883 2802 Christi,
913 2744 967 2792 et
990 2736 1131 2792 [ilius
1158 2736 1273 2790 Dei.
1296 2734 1553 2805 lnspicies
1577 2735 1737 2791 etiam
1770 2750 1836 2790 an
1869 2736 2024 2791 disci.

471 2828 628 2896 pulus
651 2829 790 2884 inter
814 2830 912 2886 hos
942 2829 1201 2885 dicendus
1221 2828 1312 2895 sit,
1342 2827 1431 2898 qui
1467 2838 1818 2898 percepturus
1847 2829 1939 2896 sit,
1961 2843 2027 2884 eo

470 2923 611 2991 quod
643 2921 877 2993 seipsum
905 2923 1235 2987 exhibuerit,
1266 2922 1532 2977 sermonis
1564 2921 1882 2988 scientiam;
1928 2923 2024 2976 ad-

473 3014 690 3071 discens
718 3029 749 3070 a
785 3016 878 3070 tali
911 3024 1170 3085 tantoque
1203 3023 1532 3085 praeceptore
1564 3014 1880 3083 sapientiam
1908 3014 2023 3070 Dei.

468 3105 735 3161 Caeterum
765 3108 867 3163 hoc
893 3108 1094 3162 dictum
1128 3125 1142 3162 :
1184 3124 1202 3157 ι
1231 3108 1418 3161 Adhuc
1449 3106 1722 3178 paulisper
1749 3107 2024 3162 vobiscum

466 3211 641 3261 sum,»
673 3197 826 3268 juxta
859 3198 1488 3276 simpliciorem-quidem
1517 3216 1752 3266 sensum,
1787 3204 1929 3270 quod
1956 3202 2022 3256 ad

467 3298 784 3344 contextum
813 3291 1030 3355 attinet,
1059 3299 1305 3360 apertum
1340 3301 1444 3356 est,
1472 3281 1723 3360 quoniam
1743 3291 1852 3360 jam
1877 3293 2025 3348 futu-

465 3396 561 3437 rus
584 3397 688 3436 non
715 3390 837 3436 erat
867 3381 1098 3450 amplius
1126 3398 1248 3436 cum
1278 3382 1591 3453 discipulis;
1635 3384 1870 3452 primum
1903 3387 2024 3454 qui-

465 3472 586 3525 dem
613 3472 1037 3542 comprehensus
1071 3488 1100 3526 a
1143 3473 1387 3534 cohorte,
1415 3483 1470 3529 et
1499 3475 1713 3530 tribuno
1741 3516 1756 3542 ,
1787 3485 1843 3531 et
1868 3491 1897 3529 a
1930 3473 2024 3529 Ju-

461 3584 633 3642 daicis
688 3585 952 3642 ministris
1003 3588 1093 3658 qui
1136 3604 1258 3665 eum
1292 3588 1511 3660 ligatum
1546 3580 1902 3644 abduxerunt
1954 3591 2020 3643 ad

460 3675 672 3732 Annam
715 3679 971 3749 primum,
1027 3691 1218 3750 postea
1268 3696 1398 3736 vero
1441 3680 1616 3736 Pilato
1657 3682 1916 3746 traditus,
1967 3691 2022 3736 et

461 3769 714 3838 deinceps
738 3770 806 3824 ad
830 3786 1047 3828 crucem
1073 3773 1488 3837 condemnatus,
1520 3789 1584 3828 ac
1605 3774 1822 3827 demum
1845 3774 2020 3829 factus

457 3861 630 3916 tribus
674 3861 870 3920 diebus
955 3875 1010 3920 et
1068 3865 1242 3921 tribus
1269 3867 1519 3920 noctibus
1561 3867 1612 3919 in
1643 3866 1804 3920 corde
1834 3876 2014 3920 terrae.

453 3951 610 4008 Juxta
644 3953 1047 4024 profundiorem
1087 3971 1219 4011 vero
1267 3971 1482 4010 sensum
1527 3971 1736 4024 quaeres
1766 3972 1832 4009 an
1877 3956 2015 4011 forte

450 4056 576 4116 post
602 4047 732 4104 illud
767 4066 787 4100 ι
817 4049 1108 4120 paulisper,
1140 4069 1159 4102 ι
1208 4049 1318 4117 jam
1368 4065 1474 4104 non
1530 4049 1693 4105 fuerit
1723 4065 1845 4104 cum
1884 4049 2010 4114 illis,

452 4154 558 4194 non
580 4154 646 4194 eo
671 4140 816 4210 quod
845 4141 952 4196 illis
975 4157 1081 4196 non
1111 4141 1349 4197 adfuerit
1378 4141 1539 4214 453
1571 4143 1864 4196 secundum
1889 4157 2010 4196 caro

449 4245 595 4297 nem,
625 4242 682 4286 et
714 4246 778 4310 eo
821 4234 963 4300 quod
1018 4233 1361 4289 descenderit
1406 4250 1528 4288 cum
1580 4233 1758 4286 anima
1791 4248 1887 4287 sua
1944 4234 2009 4286 ad

449 4323 655 4380 inferos
711 4323 908 4395 (hujus
957 4328 1100 4381 enim
1146 4327 1225 4380 rei
1276 4342 1439 4382 causa
1472 4343 1576 4381 non
1627 4326 2012 4392 prohibebatur

450 4428 574 4472 esse
602 4416 766 4470 etiam
803 4433 926 4472 cum
961 4419 1237 4488 discipulis
1272 4419 1364 4474 ille
1404 4419 1496 4490 qui
1538 4420 1751 4474 dixerat
1789 4439 1802 4474 :
1853 4437 1872 4470 ι
1905 4419 2006 4474 Ubi

449 4509 577 4575 duo,
608 4509 696 4565 vel
735 4520 845 4566 tres
891 4515 1205 4582 congregati
1259 4514 1460 4569 fuerint
1513 4514 1568 4568 in
1619 4513 1836 4568 nomine
1863 4527 2004 4580 meo,

444 4600 605 4654 etiam
639 4615 739 4670 ego
792 4616 911 4656 sum
966 4603 1020 4656 in
1071 4605 1250 4659 medio
1294 4619 1481 4660 eorum
1521 4606 1599 4672 9°;
1631 4625 1650 4658 ι
1687 4613 1742 4658 et
1775 4623 1789 4659 :
1826 4624 1844 4656 ι
1869 4604 2006 4661 Ecce
2040 4602 2084 4656 D

441 4707 542 4762 ego
575 4692 851 4750 vobiscum
897 4710 1015 4750 sum
1053 4697 1303 4751 omnibus
1349 4699 1538 4753 diebus
1568 4713 1739 4768 usque
1773 4700 1838 4750 ad
1869 4715 2000 4753 con-

441 4787 851 4843 summationem
879 4790 1060 4844 sarculi
1095 4790 1132 4856 ¹,
1160 4791 1298 4846 »εεθά
1331 4805 1395 4845 eo
1423 4791 1566 4858 quod
1589 4789 1718 4843 illud
1745 4789 1996 4859 implere-

441 4887 530 4933 tur
560 4895 575 4933 :
610 4897 631 4930 ι
655 4879 853 4936 Omnes
884 4897 979 4937 vos
1007 4880 1352 4937 oﬂ‘endemini
1385 4899 1502 4938 mea
1533 4897 1696 4937 causa
1743 4885 1796 4936 in
1843 4893 2000 4938 nocte

440 4969 542 5024 hac
572 4991 586 5026 :
617 4975 876 5041 scriptum
911 4984 994 5028 est
1021 4973 1165 5028 enim
1211 4991 1226 5026 :
1259 4973 1564 5028 Percutiam
1604 4984 1909 5043 pastorem,
1944 4981 1998 5026 et

439 5062 815 5133 dispergentur
849 5079 980 5120 oves
1017 5066 1196 5137 gregis
1220 5067 1263 5132 ',
1296 5084 1316 5118 ι
1351 5065 1557 5120 idcirco
1610 5081 1714 5120 non
1765 5066 2000 5134 amplius

439 5155 654 5211 futurus
687 5167 832 5212 esset
873 5173 995 5213 cum
1041 5159 1148 5212 illis
1173 5199 1189 5224 ,
1227 5158 1351 5228 quia
1378 5174 1500 5212 cum
1531 5159 1707 5228 dignis
1729 5167 1812 5213 est
1843 5157 1996 5212 solis.

443 5247 637 5304 Verum
667 5261 850 5305 contra
885 5251 987 5306 hoc
1015 5251 1232 5321 objiciet
1261 5254 1460 5323 aliquis
1487 5253 1616 5308 illud
1647 5270 1660 5306 :
1697 5250 1785 5304 «In
1821 5251 1999 5306 medio

438 5355 675 5397 vesnum
697 5354 822 5407 stat,
857 5361 1015 5414 quem
1046 5361 1137 5401 vos
1165 5348 1387 5403 nescitis
1418 5347 1490 5412 ³,»
1523 5348 1707 5403 dicens
1729 5362 1852 5404 eum
1876 5364 1996 5403 cum

543 5482 589 5514 ³⁵
626 5481 784 5538 Joan.
833 5501 934 5549 xx,
968 5485 1054 5539 Π.
1131 5486 1176 5518 ’⁸
1197 5486 1352 5541 Joan.
1384 5503 1502 5550 xm,
1544 5489 1631 5543 15.
1705 5491 1748 5521 ⁸⁷
1780 5490 1912 5545 ibid.
1941 5489 2027 5545 16.

437 5551 525 5608 20.
600 5553 622 5584 ²
646 5553 836 5607 Matth.
865 5570 1015 5620 xxvr,
1050 5557 1137 5610 5L
1213 5555 1404 5612 a.loan.
1442 5575 1480 5623 ι,
1504 5559 1593 5616 26.

506 5669 621 5742 (48)
656 5670 854 5742 (Ῑοόεξ
877 5668 1222 5742 Bodleianus,
1267 5673 1746 5742 μεταποιωθέντος.

507 5740 616 5812 (49)
645 5742 799 5795 Μοῦ.
829 5741 1005 5812 Deest
1026 5740 1077 5792 in
1112 5740 1296 5796 codice
1321 5743 1510 5812 Regio.

427 5812 430 5813 ⁷
506 5810 616 5886 (ὅθ)
640 5809 927 5886 Μαθῃζὴν
940 5809 1109 5886 ﬁber
1141 5809 1457 5886 τούτοιςῄ..
1487 5814 1852 5870 διδασκάλου
1881 5817 1994 5886 τὴν

436 5881 657 5947 σοφίαν
682 5879 789 5935 τοῦ
820 5878 985 5936 Θεοῦ.
1015 5884 1138 5937 Haec
1173 5883 1547 5938 desiderantur
1575 5886 1630 5940 in
1657 5887 1842 5943 codice
1888 5878 1991 5943 lte-

2133 1972 2274 2029 εῐναι
2305 1977 2510 2041 τεκνία,
2539 1978 2614 2042 ὡς
2645 1979 2802 2048 δῆλον
2837 1981 2900 2032 ὲκ
2930 1979 3047 2032 τοῦ·
3089 1998 3109 2030 ι
3154 1979 3343 2049 Ὑμεῖς
3367 1978 3592 2048 φωνεῖτέ
3617 1995 3691 2048 με,

2134 2069 2162 2121 ὁ
2183 2068 2520 2136 διδάσκαλος,
2553 2072 2646 2124 καὶ
2707 2074 2736 2125 ὁ
2764 2071 2986 2144 Κύριος,
3022 2072 3114 2125 καὶ
3152 2071 3332 2134 καλῶς
3365 2072 3569 2140 λέγετεο
3596 2072 3691 2141 εἰμὶ

2131 2163 2260 2235 γάρ*
2293 2184 2310 2215 ι
2341 2166 2433 2218 καὶ
2459 2166 2538 2218 τόο
2580 2185 2599 2217 ι
2647 2168 2760 2220 Οὐκ
2790 2165 2903 2220 ἔστι
2946 2166 3130 2230 δοῦλος
3165 2167 3368 2238 μείζων
3401 2167 3493 2221 τοῦ
3522 2167 3689 2238 κυρίου

2131 2255 2317 2319 αὑτοῦ,
2357 2277 2376 2308 ι
2408 2257 2895 2329 ἀναγεγραμμένον
2921 2259 3026 2330 πρὸ
3050 2258 3162 2312 τοῦ·
3200 2279 3218 2310 ι
3260 2260 3482 2321 Τεκνία,
3518 2260 3594 2312 ἔτι
3625 2278 3675 2330 μι

2130 2345 2262 2415 κρδν
2309 2345 2427 2416 μεθ’
2469 2347 2622 2417 ὑμῶν
2669 2349 2802 2418 εἰμι·
2847 2367 2866 2400 ι
2912 2350 3225 2421 ἐπιστήσεις
3263 2350 3320 2404 δὲ
3359 2351 3409 2403 ει
3457 2353 3484 2403 ὁ
3523 2351 3690 2415 δοῦλος

2130 2438 2391 2509 πρότερον
2437 2438 2684 2511 μαθητὴς
2720 2441 2943 2509 γίνεται,
2971 2425 3090 2495 εἶτα
3127 2443 3361 2506 τεκνίον,
3404 2424 3520 2496 εἶτα
3550 2444 3689 2496 ἀδελ-

2129 2528 2227 2597 φὸς
2244 2531 2497 2601 Χριστοῦ,
2529 2532 2624 2586 καὶ
2663 2533 2778 2596 υίὸς
2810 2533 2904 2586 τοῦ
2939 2534 3094 2588 Θεοῦ.
3123 2533 3390 2607 Μαθητὴν
3415 2537 3472 2589 δὲ
3505 2539 3564 2589 ἐν
3583 2535 3690 2588 τού⁴

2127 2635 2242 2684 τοις
2285 2621 2501 2674 λεκτέον
2537 2623 2629 2675 τὸν
2660 2625 2725 2676 ἐκ
2758 2624 2852 2677 τοῦ
2889 2625 3149 2696 παρέχειν
3193 2626 3356 2679 αὑτὸν
3391 2628 3691 2699 παραληψό-

2131 2729 2288 2783 μενον
2327 2713 2423 2784 τὴν
2443 2713 2535 2767 τοῦ
2573 2715 2744 2783 Λόγου
2773 2717 2965 2787 ὲπιστή
2975 2733 3100 2786 μην,
3126 2717 3460 2787 μανθάνοντα
3479 2719 3585 2772 ἀπὸ
3607 2721 3688 2772 τοῦ

2126 2805 2440 2876 τηλικούτου
2469 2806 2786 2860 διδασκάλου
2815 2805 2913 2878 τὴν
2941 2809 3128 2877 σοφίαν
3162 2809 3256 2862 τοῦ
3285 2810 3421 2863 Θεοῦ
3466 2812 3599 2881 (50).
3627 2812 3690 2864 Τὸ

2125 2897 2200 2950 δέ’
2231 2917 2249 2948 ι
2283 2899 2401 2951 Ἔτι
2424 2899 2616 2970 μικρὸν
2635 2900 2751 2971 μεθ’
2770 2901 2798 2953 ὑ
2807 2900 2920 2971 μῶν
2939 2903 3073 2972 εἰμι,
3106 2921 3125 2953 ι
3147 2903 3288 2956 κατὰ
3311 2905 3408 2974 μὲν
3429 2905 3490 2958 τὸ
3504 2905 3692 2959 ἀπλού-

2129 3007 2336 3062 στερον,
2365 2991 2440 3053 ὡς
2466 2992 2601 3063 πρὸς
2617 2991 2677 3045 τὸ
2709 2993 2889 3063 ῥητὸν,
2917 2995 3086 3063 σαφές
3108 2995 3277 3058 ἐστιν,
3306 2996 3427 3048 ἐπεὶ
3459 2999 3582 3049 ὅσον
3605 2997 3686 3049 οὐ·

2123 3083 2269 3135 δέπω
2298 3083 2488 3153 ἔμελλε
2521 3085 2717 3156 μηκέτι
2744 3085 2957 3138 ἔσεσθαι
2978 3084 3113 3155 μετὰ
3132 3085 3239 3138 τῶν
3273 3086 3548 3158 μαθητῶνο
3568 3088 3688 3156 πρό-

2126 3191 2281 3245 τερον
2316 3175 2414 3246 μὲν
2449 3174 2768 3246 συλληφθεὶς
2808 3178 2912 3230 ὑπὸ
2942 3178 3039 3247 τῆς
3072 3177 3321 3246 σπείρας,
3368 3179 3578 3232 καὶτοῦ
3615 3198 3664 3248 χι

2053 3243 2098 3303 C
2127 3266 2370 3338 λιάρχου,
2405 3268 2498 3319 καὶ
2539 3268 2645 3321 τῶν
2691 3268 2991 3322 Ἰουδαϊκῶν
3035 3269 3344 3340 ὑπηρετῶν,
3379 3271 3573 3334 οἵτινες
3596 3271 3682 3342 δή·

2128 3374 2312 3422 σαντες
2357 3357 2516 3412 αὐτὸν
2547 3360 2832 3429 ἀπήγαγον
2865 3359 2998 3429 πρὸς
3037 3362 3232 3413 Ἀνναν
3265 3361 3500 3431 πρῶτον·
3559 3363 3686 3432 μετὰ

2122 3449 2180 3502 δὲ
2207 3450 2366 3503 τοῦτο
2415 3449 2493 3522 τῷ
2538 3450 2754 3522 Πιλάτῳ
2791 3450 3133 3521 παραδοθεὶς,
3177 3453 3272 3505 καὶ¹
3310 3452 3436 3524 ἑξῆς
3457 3453 3556 3524 τὴν
3600 3453 3683 3507 ἐπὶ

2125 3541 2341 3613 σταυρῴ
2383 3542 2815 3606 καταδικασθείς*
2857 3539 2974 3597 εἷτα
3013 3545 3241 3614 ποιήσας
3296 3545 3354 3597 ὲν
3382 3549 3448 3616 τῇ
3498 3546 3682 3617 καρδία

2120 3633 2219 3703 τῆς
2245 3634 2348 3705 γῆς
2377 3636 2524 3707 τρεῖς
2548 3635 2781 3704 ἡμέρας,
2812 3634 2906 3687 καὶ¹
2927 3637 3074 3705 τρεῖς
3103 3635 3322 3698 νύκτας.
3362 3638 3517 3690 Κατά
3548 3638 3600 3690 δὲ
3628 3639 3682 3690 τὺ

2121 3723 2414 3797 βαθύτερον
2444 3725 2696 3796 ζητήσεις
2740 3725 2947 3795 μήποτε
2985 3725 3123 3795 μετὰ
3153 3726 3215 3779 τὺ
3251 3728 3445 3798 μικρὸν
3477 3729 3576 3781 οὐκ
3607 3729 3680 3780 ἑτι

2117 3811 2184 3886 ἦν
2213 3818 2330 3886 μετ’
2358 3815 2555 3870 αὐτῶν·
2593 3817 2654 3869 οὐ
2685 3816 2763 3887 τῷ
2803 3817 2876 3888 μὴ
2909 3821 3160 3890 παρεῖναι
3189 3820 3374 3882 αὐτοῖς
3406 3822 3543 3874 κατὰ
3567 3821 3664 3890 σάρ

2117 3920 2210 3966 κα,
2235 3904 2329 3958 καὶ
2355 3904 2435 3974 τῷ
2466 3905 2563 3976 τὴν
2582 3904 2757 3975 ψυχὴν
2787 3906 2952 3959 αὑτοῦ
2982 3910 3060 3970 εἰς
3088 3907 3214 3961 ἂδου
3231 3909 3678 3979 καταδεὸηκέναιο

2115 3995 2324 4064 (τούτου
2357 3997 2465 4067 γὰρ
2489 3997 2669 4051 ἕνεκεν
2692 3998 2954 4052 ἐκωλύετο
2981 3999 3092 4071 (51)
3121 3996 3260 4054 εἶναι
3287 4002 3384 4056 καὶ
3406 4004 3539 4073 μετὰ
3580 4003 3680 4055 τῶν

2115 4079 2368 4150 μαθητῶν
2399 4084 2427 4134 ό
2458 4081 2644 4135 εἰπών’
2699 4102 2717 4134 ι
2767 4082 2936 4136 Ὅπου
2975 4083 3128 4155 δύοῆ
3169 4094 3321 4156 τρεῖς
3365 4087 3678 4158 συνηγμένοι

2112 4171 2192 4234 είς
2233 4173 2293 4225 τὸ
2332 4174 2463 4243 ἐμὸν
2499 4172 2690 4243 ὄνομα,
2732 4175 2826 4228 καὶ
2853 4173 2963 4242 ἐγώ
2995 4177 3110 4245 εἰμι
3144 4178 3201 4229 ὲν
3239 4177 3390 4248 μέσῳ
3419 4179 3620 4243 αὐτῶν,
3657 4197 3674 4228 ι

2110 4262 2223 4313 καί·
2250 4282 2266 4312 ι
2307 4263 2436 4315 Ἰδοὺ
2464 4262 2575 4332 ἐγὼ
2619 4265 2734 4334 μεθ’
2779 4265 2932 4336 ὑμῶν
2983 4269 3095 4338 εἰμι
3129 4268 3306 4332 πάσας
3348 4271 3442 4334 τὰς
3473 4271 3677 4342 ἡμέρας

2110 4351 2212 4415 ἕως
2235 4353 2332 4424 τῆς
2363 4353 2670 4418 συντελείας
2695 4355 2786 4408 τοῦ
2821 4356 3032 4420 αἰῶνος⁹
3075 4357 3121 4429 ι)
3155 4359 3290 4414 ἀλλὰ
3323 4360 3420 4431 τῷ,
3447 4363 3678 4432 »πληρω-

2110 4443 2292 4507 θέντος
2324 4445 2438 4497 τοῦ·
2475 4465 2492 4497 ι
2520 4447 2726 4510 Πάντες
2757 4448 2912 4518 ὑμεῖς
2943 4439 3458 4524 σκανδαλισθήσεσθε
3474 4455 3534 4506 ὲν
3561 4454 3677 4522 ἐμοὶ

2110 4537 2168 4589 ὲν
2200 4540 2264 4609 τῇ
2296 4540 2446 4591 νυκτὶ
2477 4541 2665 4613 ταύτῃ
2700 4541 3004 4613 γέγραπται
3034 4544 3162 4616 γάρ’
3189 4547 3419 4612 Πατάξω
3443 4547 3536 4600 τὸν
3566 4565 3678 4602 ποι·

2112 4627 2270 4699 μένα,
2299 4631 2394 4683 καὶ
2426 4630 3004 4705 διασκορπισθήσονται
3035 4636 3103 4689 τὰ
3148 4639 3394 4710 πρόϐατα
3423 4640 3522 4710 τῆς
3564 4638 3676 4691 ποί-

2109 4731 2266 4784 μνης,
2300 4736 2319 4769 ι
2369 4719 2563 4789 μηκέτι
2590 4717 2726 4774 εἶναι
2756 4725 2872 4791 μετ’
2901 4725 3078 4779 αὐτῶν
3095 4727 3187 4780 τὸν
3210 4728 3348 4797 μετὰ
3372 4729 3476 4780 τῶν
3513 4730 3677 4796 ἀξίων

2108 4804 2282 4874 μόνων
2303 4810 2654 4878 τυγχάνοντα.
2689 4813 2831 4883 Πρὸς
2850 4814 3004 4867 τοῦτο
3023 4817 3067 4868 δ’
3107 4816 3172 4870 ἄν
3196 4835 3280 4882 τις
3314 4819 3676 4890 ἁνθυποφέροι

2104 4896 2181 4947 τό·
2221 4917 2238 4948 ι
2278 4899 2456 4963 Μέσος
2487 4902 2888 4975 ὑμῶνὲστήκει,
2917 4905 2976 4959 ὃν
3009 4908 3164 4978 ὑμεῖς
3189 4910 3288 4962 οὐκ
3310 4911 3505 4973 οἴδατε,
3538 4932 3557 4963 ι
3588 4912 3674 4966 λέο

2109 5003 2220 5054 γων
2243 4991 2401 5043 αὐτὸν
2423 4988 2558 5045 εἶναι
2591 4995 2682 5047 καὶ
2702 4997 2838 5064 μετὰ
2869 4996 2976 5050 τῶν
3001 4999 3074 5069 μὴ
3097 5003 3468 5067 γινωσκόντων
3492 5004 3673 5057 αὐτόν.

2109 5079 2248 5150 Ὅρα
2279 5079 2335 5132 δὲ
2361 5082 2567 5151 μήποτε
2601 5083 2662 5134 ού
2687 5084 2880 5137 ταυτόν
2908 5088 3020 5138 ἐστι
3046 5088 3106 5140 τὸ
3142 5084 3284 5142 εἶναι
3317 5091 3476 5142 αὑτὸν
3540 5091 3674 5160 μετά

2104 5186 2268 5234 τινος,
2295 5171 2429 5244 ὅπερ
2455 5174 2511 5226 ὲν
2540 5175 2842 5248 ἐπαγγελίᾳ
2867 5179 2940 5240 ὡς
2955 5178 3124 5242 ἀξίοις
3153 5180 3374 5249 δίδοται,
3411 5182 3487 5252 τῷ
3511 5186 3673 5254 ἑστη-

2105 5260 2256 5314 κέναι
2303 5264 2462 5316 αὐτὸν
2503 5265 2596 5318 καὶ
2629 5267 2703 5338 μὴ
2749 5272 3142 5340 γινωσκόμενον
3170 5274 3227 5327 ὲν
3271 5275 3416 5344 μέσῳ
3440 5274 3555 5328 τῶν
3603 5276 3674 5346 μὴ

2104 5358 2494 5422 γινωσκόντων·
2520 5362 2577 5412 ὲν
2606 5361 2903 5434 ἐπαγγελίᾳ
2941 5365 3039 5433 μὲν
3068 5366 3176 5436 γάρ
3204 5367 3285 5419 τό·
3327 5387 3344 5420 ι
3381 5370 3556 5422 Ὅπου
3585 5369 3676 5422 δύο

2102 5496 2149 5526 ⁹⁸
2179 5496 2303 5550 ibid.
2335 5497 2423 5554 55.
2499 5499 2546 5531 θ’
2576 5497 2765 5555 Matth.
2809 5517 2964 5565 xvm,
2993 5501 3086 5558 20.
3199 5505 3216 5535 ¹
3241 5504 3426 5559 Matth.
3469 5522 3668 5570 xxvm,

2103 5676 2212 5757 gio,
2249 5677 2345 5730 sed
2382 5687 2597 5733 exstant
2627 5680 2680 5734 in
2730 5679 3045 5749 Bodleiano,
3079 5698 3250 5754 eaque
3295 5686 3501 5739 viderat
3537 5683 3677 5744 Fer-

2102 5761 2300 5799 HH‘IUS.

2170 5816 2284 5885 (51)
2318 5817 2656 5876 Ἐκω.ἰύετο.
2709 5819 3063 5879 Scribendum
3112 5825 3328 5881 videtur
3376 5825 3476 5878 οὐκ
3535 5828 3673 5884 ἐκω-

2097 5885 2270 5942 λύετο.
