3784 6580
99 433 201 495 ηδ
1086 437 1446 495 COMMENT.
1485 437 1550 491 ΙΝ
1590 472 1593 483 ς

1839 436 2061 491 [υιιυδ
2098 438 2313 491 XXXII.
3228 446 3333 500 826

100 552 293 623 ἢτρεῖς
314 547 655 619 συνηγμένοι
686 547 768 613 εἰς
795 547 857 601 τὸ
890 547 1019 619 ἐμὸν
1045 548 1235 621 ὄνομα,
1266 548 1422 620 κάγώ
1450 550 1563 622 εῑμι

1842 561 1858 602 ς
1886 548 2053 602 etiam
2083 562 2211 604 esse
2241 564 2271 603 a
2299 548 2496 618 quibus
2525 563 2629 604 non
2662 561 3041 621 cognoscatur.
3073 551 3181 609 Sed
3213 556 3336 611 vide

102 645 244 717 μέσῳ
283 640 487 695 αὐτῶν·
520 661 540 693 ι
573 643 671 695 καὶ
712 641 791 695 τό·
828 658 847 694 ι
895 642 1025 695 Ἰδοὺ
1057 642 1168 712 ἐγὼ
1212 643 1330 713 μεθ’
1366 642 1519 714 ὑμῶν
1555 643 1596 694 εί

1837 679 1838 685 η
1885 637 2025 695 forte
2074 640 2216 694 idem
2254 654 2362 694 non
2410 640 2483 696 sit
2526 654 2645 697 esse
2674 656 2799 696 cum
2845 643 3050 713 aliquo,
3099 648 3241 714 quod
3278 648 3331 702 in

98 738 267 801 πάσας
289 735 390 800 τὰς
417 736 641 808 ήμὲρας
668 736 771 798 ἕως
802 735 899 807 τῆς
934 735 1236 800 συντελείας
1271 735 1364 790 τοῦ
1395 735 1591 800 αἰῶνος

1839 731 2130 787 amissione
2162 740 2413 802 tanquam
2442 731 2622 803 dignis
2659 733 2842 800 datur,
2881 747 2936 790 et
2965 744 3112 790 stare
3136 736 3190 789 in
3222 752 3333 790 me-

97 830 150 884 οὐ
174 828 411 883 τοιοῦτον
456 829 519 883 δέ
557 829 638 882 τό’
677 848 695 880 «
732 831 912 893 Μέσος
951 828 1106 899 ὑμῶν
1134 829 1373 901 ἑστήκει,
1415 829 1472 883 ὃν
1509 829 1591 900 ὑμ;

1836 838 1985 879 anon
2013 823 2425 895 agnoscentittm
2468 838 2619 879 eum.
2657 824 2793 880 Cum
2827 826 2971 880 enim
3001 826 3075 881 sit
3113 826 3169 880 in
3206 840 3330 896 pro.

96 920 184 972 οὑκ
218 918 419 972 οἴδατε.
445 936 469 971 ι
497 918 612 973 Καὶ
638 920 696 972 ἐν
726 918 805 990 τῷ
844 919 1189 992 προκειμένῳ
1217 920 1396 974 τοίνυν
1423 922 1452 974 6
1473 919 1590 976 εἰπειῖ

1841 916 2020 972 ssione
2049 915 2181 971 illud
2222 934 2236 971 :
2270 915 2405 972 «Ubi
2434 916 2563 981 duo,
2590 916 2672 972 vel
2710 926 2823 973 tres
2853 917 3173 986 congregati
3209 918 3331 973 fue-

101 1031 118 1064 «
162 1010 292 1064 Ἰδοὺ
318 1006 430 1078 ἐγὼ
455 1009 579 1081 μεθ’
606 1010 759 1082 ὑμῶν
791 1012 927 1082 είμι,
954 1030 973 1064 ι
995 1012 1129 1083 φησὶ
1158 1012 1241 1066 τόν
1268 1030 1289 1062 «
1329 1013 1451 1066 Ἐτι
1469 1029 1595 1086 μικρ

1837 1017 1876 1063 ιι
1907 1008 1962 1064 in
2001 1008 2227 1063 nomine
2261 1022 2404 1074 meo,
2449 1023 2552 1077 ego
2592 1009 2756 1063 etiam
2815 1010 2869 1063 in
2918 1010 3095 1064 medio
3142 1024 3331 1065 eorum

99 1099 203 1171 μεθ’
239 1099 394 1170 ὑμῶν
424 1101 565 1171 είμι.
603 1120 622 1152 ι
681 1102 740 1154 '0
772 1101 828 1155 δὲ
858 1101 1050 1170 λέγων·
1093 1120 1111 1153 «
1152 1103 1272 1156 Ἔτι
1314 1103 1509 1176 μικρὸν
1543 1121 1593 1176 με

1838 1112 1918 1166 tu;
1951 1116 1975 1153 ι
1997 1109 2053 1155 et
2083 1099 2212 1154 illud
2245 1117 2259 1154 :
2293 1098 2467 1154 «Ecce
2490 1112 2591 1168 ego
2614 1099 2897 1155 vobiscum
2936 1116 3053 1155 sum
3080 1101 3332 1157 omnibus

94 1191 231 1263 ὑμῶν
266 1193 404 1262 εἰμι,
455 1212 477 1245 ι
512 1192 617 1247 οὑκ
656 1190 722 1246 ἂν
751 1193 973 1264 παρόντι
1018 1193 1289 1265 αἰσθητῶς
1333 1195 1412 1266 τῷ
1470 1197 1588 1250 Ἰούί

1835 1192 1952 1250 ibus
2005 1207 2180 1263 usque
2215 1194 2282 1247 ad
2332 1192 2854 1249 consummationem
2888 1193 3107 1260 surculi,
3137 1212 3157 1246 ι
3221 1207 3329 1248 non

94 1284 174 1339 τοῦ
201 1282 445 1337 διαδόλου
475 1284 580 1356 ήδη
633 1284 953 1356 βεϐληκότος
980 1287 1059 1350 είς
1087 1286 1186 1358 τήν
1223 1286 1450 1358 καρδίαν
1472 1288 1588 1340 αὺτι

1837 1285 2021 1340 ιεηιοάἰ
2044 1295 2128 1341 est
2151 1285 2279 1341 illud
2314 1304 2329 1340 :
2364 1303 2383 1338 «
2411 1283 2472 1339 In
2498 1284 2674 1339 medio
2699 1279 2868 1340 vestri
2891 1293 3020 1349 stat,
3047 1300 3211 1355 quem
3234 1300 3331 1340 vos

94 1378 170 1430 ἶνα
204 1375 430 1448 παραδῷ
464 1376 560 1430 τὸν
607 1377 858 1451 Σωτῆρα,
892 1374 1040 1433 εἶπεν
1088 1376 1155 1432 ἂν
1192 1377 1340 1449 αὐτῷ
1388 1378 1469 1431 τό’
1505 1379 1588 1432 Με

1833 1375 1999 1433 scitis.
2022 1392 2042 1425 ι
2068 1373 2298 1432 Proinde
2316 1374 2410 1446 qui
2428 1375 2643 1430 dixerat
2675 1393 2689 1430 :
2734 1376 2905 1432 «Ecce
2923 1391 3023 1448 ego
3048 1377 3327 1432 vobiscum

95 1469 174 1523 σοῦ
204 1468 318 1541 (52)
347 1471 489 1541 εἰμι’
531 1469 636 1524 οὐκ
682 1470 763 1524 ἐτι
804 1469 912 1541 γὰρ
942 1466 1011 1542 ἦν
1054 1472 1171 1542 μετ’
1209 1469 1395 1534 αὐτοῦ,
1425 1470 1535 1524 οὐδ’
1567 1472 1589 1524 6

1833 1483 1899 1532 m,
1932 1485 1952 1519 ι
1996 1467 2051 1522 in
2099 1468 2355 1537 presenti
2385 1476 2643 1524 contextu
2676 1470 2854 1540 inquit
2878 1485 2929 1524 :«
2960 1471 3150 1526 Adhuc
3192 1486 3327 1541 pau-

94 1559 248 1631 βάψας
282 1559 342 1613 16
378 1559 598 1631 ψωμίον
619 1559 790 1614 ἐδίδου
819 1559 987 1630 αὑτῷ-
1021 1560 1137 1615 ἀλλ’
1163 1561 1252 1614 ὅτε
1288 1560 1427 1631 μετὰ
1454 1560 1515 1614 16
1541 1559 1588 1631 ψ

1835 1574 1921 1628 per
1951 1560 2236 1616 vobiscum
2264 1576 2406 1616 sum.
2435 1578 2457 1614 ι
2494 1558 2564 1617 Et
2587 1562 2682 1631 qui
2712 1562 2846 1618 dicit
2873 1579 2890 1618 :
2925 1579 2946 1616 ι
2978 1563 3169 1617 Adhuc
3196 1577 3329 1633 pau-

96 1650 218 1720 μίον,
247 1650 339 1703 ὅτε
369 1645 535 1721 ἦλθεν
578 1652 661 1715 είς
708 1653 912 1706 ἐκεῖνον
937 1652 966 1704 6
989 1651 1256 1716 Σατανᾶς,
1288 1650 1468 1724 πολλῷ
1494 1652 1590 1706 πλέ

1832 1663 1920 1718 per
1962 1649 2239 1706 vobiscum
2294 1664 2438 1719 sum,
2468 1670 2489 1704 ι
2563 1652 2993 1722 haudquaquam
3064 1653 3326 1723 praesenti

93 1742 176 1794 οὐκ
201 1735 272 1812 ἦν
296 1741 324 1792 6
352 1741 594 1813 Χριστὸς
622 1741 759 1813 μετὰ
777 1741 873 1795 τοῦ
914 1740 1104 1807 Ἰούδα,
1135 1742 1506 1814 μακρύναντος
1527 1745 1587 1798 ἐα

1833 1740 2094 1798 msibiliter
2144 1741 2339 1810 Iuda,
2412 1744 2468 1800 in
2533 1745 2689 1814 cuius
2734 1760 2832 1801 cor
2878 1745 2991 1813 jam
3023 1746 3327 1801 immiserat

92 1834 167 1887 τὸν
202 1834 312 1888 ἀπὸ
350 1833 446 1888 τοῦ
494 1834 771 1907 Σωτῆρος·
808 1853 828 1886 «
865 1834 962 1900 Τίς
988 1834 1099 1906 γὰρ
1141 1835 1495 1910 συμφώνησις
1524 1837 1586 1907 XI

1828 1832 2022 1901 tholus,
2062 1841 2126 1889 ut
2155 1836 2414 1905 proderet
2463 1835 2816 1894 Servatorem
2840 1877 2857 1901 ,
2906 1837 3045 1893 dixit
3075 1854 3091 1893 :
3118 1835 3322 1894 Tecum

94 1924 200 1978 στοῦ
223 1926 361 1997 πρὸς
398 1925 642 1999 Βελίαρ;
685 1946 704 1981 ι
734 1927 797 1981 Ei
825 1928 917 1980 καὶ
954 1927 1147 2000 μικρὸν
1173 1928 1229 1982 δὲ
1253 1927 1333 1981 ἐτι
1362 1927 1500 1999 μετά
1535 1927 1588 1980 16

1832 1940 1895 1992 Ill;
1925 1940 2036 1981 non
2068 1926 2301 1997 amplius
2335 1929 2478 1982 enim
2504 1936 2618 1983 erat
2654 1944 2779 1984 cum
2806 1929 2922 1997 ipso
2946 1969 2962 1993 ,
3001 1944 3121 1984 cum
3159 1928 3326 1983 intin-

90 2018 296 2071 τεκνίων
340 2017 567 2090 ἔμελλεν
602 2017 740 2072 εῖναι
770 2020 799 2073 6
829 2019 1011 2093 πατὴρ
1048 2020 1226 2075 αὐτῶν
1268 2019 1494 2091 Ἰησοῦς,
1535 2040 1584 2093 χι

1829 2031 1891 2071 ιω
1951 2016 2173 2074 offulam
2219 2018 2324 2088 ipsi
2363 2022 2689 2091 porrigeret.
2759 2020 2985 2088 Quando
3024 2035 3154 2074 vero
3203 2028 3323 2090 post

91 2109 264 2163 εἰδέναι
301 2111 364 2164 16
416 2110 564 2183 μέγα
605 2128 627 2164 «
669 2111 728 2165 16
757 2113 948 2185 μικρὸν
981 2131 1001 2165 ι
1033 2114 1228 2178 ἐκεῖνο,
1262 2113 1312 2167 εί
1338 2114 1432 2167 καὶ
1471 2114 1545 2185 μὴ
1574 2107 1585 2166 ἦ

1831 2112 1970 2164 ulam
1995 2109 2274 2181 ingressus
2295 2121 2379 2167 est
2400 2112 2454 2166 in
2471 2110 2667 2167 Judam
2695 2112 2945 2176 Satanas,
2963 2111 3325 2167 multominus

95 2202 191 2271 μετ’
218 2200 418 2265 αὑτῶν,
449 2202 607 2256 οὐδὲν
632 2196 790 2275 ἦττον
822 2203 1020 2256 ἐκεῖνοι
1047 2201 1230 2275 ζητεῖν
1283 2202 1504 2275 ἔμελλον
1549 2204 1589 2257 τί

1828 2210 1868 2257 tt
1907 2217 2031 2257 cum
2065 2203 2158 2258 illo
2185 2202 2379 2271 Iesus,
2425 2204 2728 2260 abducente
2755 2204 2944 2273 procul
2999 2205 3238 2273 seipsum
3288 2217 3322 2259 a

100 2289 303 2360 Ἰησοῦν·
359 2291 437 2355 ὡς
466 2294 497 2346 6
535 2288 743 2365 Πέτρος
786 2293 922 2364 μετά
947 2292 1009 2346 16
1044 2293 1382 2365 ἀρνήσασθαι
1428 2294 1594 2367 πικρᾶ

1827 2302 2080 2362 rvatore;
2121 2296 2292 2362 «Quae
2334 2295 2481 2351 enim
2534 2297 2919 2353 convenientia
2958 2296 3158 2351 Christi
3197 2310 3321 2351 cum

90 2381 299 2447 ἔκλαιεν,
324 2381 503 2455 οἶμαι,
543 2382 721 2455 ζητῶν
760 2384 850 2437 τὸν
895 2383 1124 2455 Ἰησοῦν.
1153 2382 1267 2437 Νῦν
1312 2384 1412 2455 μὲν
1436 2380 1531 2438 οὖν
1556 2402 1584 2437 τ

1825 2385 1927 2440 liar
1950 2384 1974 2418 ⁵
1996 2386 2048 2441 ii
2084 2385 2345 2454 Quamvis
2381 2396 2624 2444 attamen
2671 2387 2851 2445 adhuc
2878 2387 3153 2458 paulisper
3174 2402 3319 2444 .cum

94 2492 110 2524 «
140 2472 248 2528 Ἔτι
284 2476 480 2547 μικρὸν
520 2475 640 2546 μεθ’
676 2474 830 2548 ὑμῶν
861 2476 997 2548 εἰμι,
1035 2496 1055 2530 ι
1098 2475 1366 2531 λέλεκται’
1388 2476 1588 2549 ὀλίγῳὲ

1825 2478 1925 2535 olis
1953 2477 2171 2535 futurus
2203 2487 2353 2535 esset
2378 2476 2562 2547 Jesus,
2596 2481 2842 2550 ipsorum
2870 2491 3045 2550 pater,
3079 2479 3319 2536 sciamus

90 2565 310 2638 ὕστερον,
347 2586 367 2619 «
410 2566 650 2639 Μικρὸν,
685 2568 840 2639 φησὶ,
870 2568 965 2623 καὶ
994 2570 1094 2623 οὑκ
1128 2568 1209 2622 ἔτι
1250 2567 1503 2641 θεωρεῖτέ
1545 2587 1584 2640 μ

1856 2578 1958 2626 rtet
2003 2568 2138 2625 illud
2199 2588 2220 2622 «
2254 2568 2548 2640 paulisper,
2577 2588 2597 2622 ι
2651 2586 2901 2642 magnum
2965 2585 3103 2627 esse.
3180 2564 3350 2625 Nam

90 2659 164 2711 ui
190 2659 345 2712 πάλιν
375 2659 573 2731 μικρὸν
595 2659 789 2730 ὄψεσθέ
828 2677 917 2733 με·
951 2680 970 2714 ι
998 2663 1088 2716 ὅτε
1107 2661 1372 2731 λεγόντων
1398 2662 1507 2715 τῶν
1534 2680 1584 2734 με

1904 2661 1956 2717 [εἰ
1985 2676 2111 2717 cum
2137 2659 2247 2717 illis
2271 2675 2380 2716 non
2409 2669 2530 2717 erat
2555 2659 2715 2719 Jesus
2733 2706 2748 2730 ,
2782 2663 3139 2718 nihilominus
3163 2678 3316 2733 quam
3394 2704 3398 2717 .

89 2747 256 2819 θητῶν·
280 2769 298 2801 t
330 2751 398 2804 Τί
434 2753 554 2805 ἐστι
584 2752 743 2806 τοῦτο
769 2753 800 2806 6
829 2752 996 2822 λέγει,
1034 2754 1260 2825 μικρόν;
1285 2755 1386 2808 οὐκ
1418 2754 1583 2826 οῖδαμλ

1820 2754 1900 2808 uri
1951 2762 2112 2809 erant
2162 2751 2390 2819 Jesum;
2441 2754 2898 2822 quemadmodum
2946 2754 3141 2809 Petrus
3193 2763 3314 2823 post

89 2840 129 2894 τί
153 2840 309 2895 λαλεῖ·
342 2842 507 2911 γνοὺς
540 2844 571 2896 6
618 2843 821 2916 Ἰησοῦς
856 2845 951 2899 καὶ
974 2845 1056 2899 ὅτι
1085 2844 1275 2917 ήθελον
1304 2846 1465 2899 αὑτὸν
1494 2847 1583 2917 spe

1817 2846 2085 2917 sationem
2113 2859 2302 2900 amare
2329 2844 2497 2912 ﬂevit,
2532 2834 2805 2916 qumrens,
2850 2847 3067 2916 opinor,
3103 2846 3311 2903 Jesum.

88 2934 183 3002 τᾷν,
210 2928 359 2987 εἶπεν
379 2935 587 2999 αὐτοῖς’
622 2936 758 3008 Περὶ
785 2936 970 2991 τούτου
991 2936 1202 3008 ζητεῖτε
1230 2942 1347 3008 μετ’
1367 2937 1582 3008 ἀλλήλω

1819 2954 1899 2994 Inc
1924 2937 2096 3008 igitur
2120 2936 2298 2993 illud:
2345 2956 2363 2989 ι
2393 2936 2590 3004 Filioli,
2620 2936 2799 2992 adhuc
2825 2938 3098 3009 paulisper
3126 2939 3313 2993 vobis-

88 3024 150 3077 ὅτι
172 3020 335 3091 εἷπον,
367 3026 587 3099 μικρὸν,
618 3029 713 3081 καὶ
739 3029 803 3082 οὑ
832 3028 1083 3103 θεωρεῖτέ
1124 3046 1212 3101 με’
1238 3029 1333 3082 καὶ
1353 3030 1515 3086 πάλιν
1545 3048 1582 3102 μ

1813 3044 1862 3082 m
1916 3044 2034 3083 sum
2065 3047 2085 3080 ι
2136 3027 2338 3084 dictum
2401 3037 2529 3083 est:
2564 3028 2725 3095 paulo
2777 3040 2961 3083 autem
3007 3042 3130 3099 post
3174 3031 3253 3085 ait
3291 3047 3307 3085 :

88 3116 209 3189 χρὸν,
250 3120 345 3172 καὶ
386 3119 587 3189 ὄψεσθέ
639 3137 729 3190 με’
763 3121 954 3193 Ἀμήν,
987 3122 1133 3195 ἀμήν
1170 3123 1312 3193 λέγω
1348 3126 1497 3197 ὑμῖν,
1550 3126 1582 3179 ὃ

1816 3119 2080 3187 Pusillum,
2139 3128 2195 3176 et
2243 3120 2358 3190 jam
2408 3135 2514 3175 non
2554 3119 2809 3175 videbitis
2852 3136 2970 3186 me;
3008 3130 3066 3175 et
3109 3122 3310 3177 iterum

88 3207 335 3273 κλαύσετε,
372 3209 470 3263 καὶ
498 3208 797 3281 θρηνήσετε
819 3212 996 3282 ὑμεῖς’
1030 3215 1059 3266 ὁ
1083 3214 1288 3285 κόσμος
1313 3216 1369 3268 δὲ
1397 3217 1582 3288 χαρήσι

1816 3213 1994 3268 sillum
2023 3251 2040 3278 ,
2100 3219 2155 3267 et
2197 3212 2453 3268 videbitis
2504 3227 2636 3268 me:
2675 3232 2694 3265 ο
2721 3216 2941 3283 quando
2994 3214 3309 3271 dicentibus

87 3311 171 3347 τοι·
190 3297 339 3367 ὑμεῖς
360 3297 420 3350 δέ
449 3281 987 3370 λυπηθήσεσθε,νάλλ’
1017 3304 1051 3374 ή
1074 3281 1217 3373 λύπη
1252 3281 1581 3375 ὑμῶν-είςχι

1815 3304 2022 3375 ιοὶρυίίε
2051 3321 2068 3360 :
2108 3302 2298 3369 «Quid
2334 3312 2418 3357 est
2451 3302 2588 3366 hoc,
2635 3281 2779 3371 quod
2824 3303 2977 3369 dicit,
3003 3303 3309 3359 Pusillum?

90 3386 164 3457 ρὲν
188 3390 489 3460 γενήσεται·
537 3407 557 3441 ι
603 3390 666 3443 τὸ
713 3390 820 3462 γὰρ
872 3393 1066 3465 μικρὸν
1094 3396 1289 3463 ἐκεῖνο,
1339 3397 1399 3450 ἐν
1443 3390 1491 3465 ᾧ
1530 3400 1584 3451 οὑ

1814 3397 2016 3453 scimus
2069 3397 2200 3467 quid
2251 3395 2529 3465 loquatur,
2579 3410 2701 3450 cum
2741 3395 3096 3451 intellexisset
3147 3395 3308 3453 Jesus

86 3476 314 3549 ἐθεώρουν
354 3478 541 3543 αὑτὸν,
593 3480 820 3552 ἐζήτουν
872 3482 1097 3554 Ἰησοῦν·
1140 3484 1220 3540 διὸ
1260 3485 1492 3553 ἔκλαιον,
1535 3507 1580 3542 κ‹

1815 3484 1863 3537 ia
1914 3482 2119 3540 vellent
2168 3497 2293 3539 eum
2340 3483 2699 3552 interrogare,
2727 3483 2863 3539 dixit
2905 3485 3055 3541 illis:
3084 3485 3161 3540 De
3192 3486 3309 3543 'boc

88 3566 329 3642 ἐθρήνουν,
359 3571 463 3642 τῆς
491 3571 674 3644 λύπης
718 3573 894 3626 αὐτῶν
943 3577 1022 3638 είς
1059 3576 1232 3646 χαρὰν
1263 3574 1582 3649 μεταϐαλλοί

1811 3574 1977 3629 teritis
2020 3576 2163 3630 inter
2197 3588 2333 3641 vos,
2383 3574 2529 3643 quod
2563 3574 2675 3628 dixi
2703 3589 2720 3628 :
2748 3574 3034 3640 Pusillum,
3083 3583 3141 3631 et
3193 3590 3305 3632 non

87 3676 180 3732 σης,
203 3665 286 3718 ὅτε
318 3663 626 3737 ἐπληροῦτο
650 3665 729 3718 τό·
769 3684 788 3717 ι
825 3669 938 3722 Καὶ
968 3668 1126 3723 πάλιν
1158 3670 1371 3743 μικρὸν,
1392 3672 1485 3725 καὶ
1503 3671 1581 3741 ὄψι

1807 3665 1991 3721 lebitis
2025 3681 2156 3732 me;
2189 3676 2246 3722 et
2281 3667 2476 3721 iterum
2499 3666 2775 3736 pusillum,
2801 3676 2858 3720 et
2886 3668 3135 3722 videbitis
3162 3683 3301 3723 .me:

88 3750 159 3804 σθέ
178 3770 256 3822 με.
285 3773 306 3806 ι
356 3755 449 3808 Ἐν
470 3749 554 3818 οἷς
584 3756 858 3822 ἐξετάσεις
880 3761 928 3812 εί
951 3761 979 3812 6
1013 3758 1150 3830 μετὰ
1177 3761 1373 3833 μικρὸν
1405 3761 1479 3833 μὴ
1501 3761 1582 3815 θεο

1811 3773 1923 3825 aen,
1958 3772 2116 3813 amen
2135 3758 2254 3813 dico
2273 3757 2428 3813 vobis
2455 3776 2470 3813 :
2503 3757 2812 3825 Plorabitis,
2839 3757 3004 3831 454
3024 3768 3079 3816 et
3100 3760 3305 3817 lamen-

90 3842 171 3913 ρῶν
190 3845 361 3914 αὑτὸν,
390 3848 442 3899 εί
479 3846 664 3919 μέλλει
705 3848 843 3919 μετὰ
863 3850 1020 3903 τοῦτο
1043 3850 1267 3919 ὄψεσθαι
1296 3852 1478 3917 αὑτὸν,
1508 3870 1584 3924 με⁴

1805 3851 1980 3906 ἠπιὶηἰ
2009 3865 2140 3915 vos;
2175 3851 2412 3906 mundus
2455 3860 2639 3906 autem
2671 3851 2961 3921 gaudebit;
2994 3868 3092 3908 vos
3117 3866 3299 3909 autem

87 3934 132 3989 οὐ
164 3937 282 3992 πολὺ
307 3940 533 4003 πάντως
574 3938 767 4011 ὄψεται
814 3942 996 4005 αὑτὸν,
1048 3943 1311 3998 νοούντων
1353 3945 1508 4016 ἡμῶν
1540 3961 1581 3998 1t

1803 3956 1967 3999 more
1995 3941 2326 4011 alliciemini,
2370 3943 2467 3997 sed
2509 3955 2722 3996 maeror
2750 3952 2931 3997 vester
2962 3953 3205 3999 vertetur
3243 3946 3297 4000 in

90 4042 106 4078 t
134 4028 227 4083 Καὶ
250 4032 413 4087 πάλιν
450 4034 668 4106 μικρὸν,
706 4035 799 4087 καὶ
832 4033 1026 4104 ὄψεσθέ
1056 4052 1145 4106 με.
1187 4055 1206 4087 ›
1242 4037 1316 4089 T6
1343 4036 1400 4090 δὲ
1441 4036 1584 4107 ζητεῖ

1804 4035 1985 4090 udium
2008 4032 2091 4086 ι’.
2121 4053 2139 4086 ι
2167 4033 2263 4089 illo
2307 4033 2453 4090 enim
2505 4032 2699 4102 pusillo
2732 4041 3008 4101 tempore,
3047 4050 3156 4104 quo
3187 4051 3298 4090 non

87 4120 155 4173 τὸν
171 4124 363 4196 Ἰησοῦν
390 4126 581 4196 ζητεῖν
608 4127 722 4179 ἐστι
747 4126 1028 4194 τὸνλόγον,
1060 4129 1152 4182 καὶ
1176 4127 1275 4200 τὴν
1300 4128 1510 4197 σοφίαν,
1529 4144 1581 4183 κε

1801 4129 1984 4184 lebant
2013 4141 2161 4192 eum,
2192 4127 2508 4196 quaerebant
2549 4124 2758 4181 Jesum.
2811 4125 3076 4193 Quocirca
3118 4125 3295 4196 plora-

87 4214 160 4285 τὴν
179 4214 537 4290 δικαιοσύνην,
580 4218 676 4271 καὶ
701 4217 800 4289 τὴν
826 4217 1102 4289 ἀλήθειαν,
1137 4220 1230 4273 καὶ
1258 4221 1354 4294 τὴν
1396 4222 1581 4293 δύναμι

1802 4229 1878 4286 nt,
1923 4230 1981 4276 et
2028 4219 2508 4283 lamentabantur,
2549 4219 2645 4273 sed
2677 4231 2920 4273 maerore
2966 4227 3296 4274 commutato

88 4307 158 4359 τοῦ
176 4308 316 4375 Θεοῦ,
341 4313 489 4382 ἆπερ
524 4311 705 4366 πάντα
740 4313 887 4365 ἐστὶν
912 4315 939 4365 6
964 4314 1214 4385 Χριστός.
1241 4315 1395 4380 Τινὲς
1420 4315 1479 4369 δέ
1526 4315 1582 4380 Cr

1800 4315 1839 4368 is
1869 4313 1921 4367 in
1951 4313 2231 4383 gaudium,
2258 4311 2583 4382 implebatur
2602 4319 2730 4366 tunc
2759 4310 2891 4365 illud
2926 4328 2942 4365 :
2977 4309 3075 4364 «Et
3096 4311 3294 4366 iterum

87 4395 227 4451 τοῦσιν
266 4400 433 4454 αὑτὸν
476 4401 587 4455 τῶν
626 4404 945 4474 ἑωρακότων
982 4408 1201 4476 σημεῖα,
1251 4408 1347 4460 καὶ
1395 4408 1492 4461 σὺν
1542 4425 1581 4461 τ‹

1801 4407 2007 4472 silium,
2041 4414 2099 4461 et
2120 4405 2375 4461 videbitis
2400 4419 2510 4461 me.
2556 4421 2576 4455 ›
2626 4403 2684 4459 In
2711 4405 2911 4474 quibus
2934 4404 3201 4474 disquires
3222 4420 3295 4459 an

89 4484 341 4558 ἑωρακέναι
379 4492 657 4549 λαϐόντων
674 4495 768 4548 ἀπ’
791 4497 954 4550 αὑτοῦ
982 4496 1161 4567 ἄρτον,
1193 4499 1287 4552 καὶ
1320 4499 1583 4569 φαγόντωη

1801 4501 1891 4570 qui
1920 4509 2042 4569 post
2065 4497 2323 4569 pusillum
2367 4498 2546 4568 ipsum
2569 4498 2788 4553 visurus
2819 4513 2926 4555 non
2955 4508 3062 4564 est,
3092 4498 3139 4553 si
3170 4497 3295 4569 qui-

90 4579 218 4633 αξτίου
252 4581 345 4636 τοῦ
381 4583 569 4655 ζητεῖν
600 4585 784 4648 αὑτοῖς
831 4586 1121 4657 γενομένου
1174 4588 1269 4642 τοῦ
1322 4587 1584 4661 τεθράφθο

1798 4604 1847 4644 m
1871 4599 2057 4661 postea
2085 4589 2237 4645 illum
2264 4589 2479 4644 visurus
2499 4599 2604 4655 est,
2629 4599 2751 4659 post
2790 4598 3003 4661 tempus
3040 4604 3148 4645 non
3173 4590 3292 4644 lon-

89 4668 167 4723 ἁτὺ
190 4673 273 4727 τοῦ
305 4645 504 4744 Λόγουο
547 4693 566 4726 «
607 4645 980 4749 Ζητεῖτεγάρ
1018 4694 1108 4749 με,
1154 4681 1339 4750 φησὶν,
1384 4645 1583 4752 061.61

1798 4699 1847 4737 m
1880 4684 2056 4752 ipsum
2110 4682 2335 4738 omnino
2386 4681 2604 4737 visurus
2654 4682 2769 4750 sit;
2818 4682 3292 4739 considerantibus

89 4760 215 4817 εἴδετε
240 4772 458 4839 σημεῖα,
493 4766 613 4822 ἀλλ’
654 4767 735 4822 ὃτι
773 4770 1004 4839 ἐφάγετε
1030 4773 1096 4826 ὲκ
1138 4772 1247 4826 τῶν
1283 4774 1483 4845 ἄρτων,
1526 4792 1583 4828 κο

1781 4773 1878 4829 ibis
1921 4774 2079 4828 illud:
2107 4790 2126 4825 «
2160 4772 2226 4828 Et
2265 4773 2463 4827 iterum
2490 4771 3231 4844 pusillum,etvidehitisme.
3256 4787 3275 4821 ι

91 4852 427 4931 ἐχορτάσθητε.
463 4880 484 4914 ι
524 4857 660 4915 Εἶτα
701 4862 826 4916 ἐπεὶ
880 4863 1143 4935 πρότερον
1184 4868 1297 4930 τοῖς
1346 4866 1585 4920 Ἰουδαίοι

1793 4875 1988 4920 :terum
2017 4880 2267 4935 quterere
2295 4865 2480 4921 Jesum
2506 4904 2523 4931 ,
2569 4874 2653 4920 est
2685 4878 2928 4934 quaerere
2961 4876 3287 4927 sermonem,

90 4944 273 5017 εἰρήκει⁵
305 4972 324 5003 «
362 4952 510 5021 Ἐγὼ
536 4953 753 5022 ὑπάγω,
772 4956 867 5009 καὶ
899 4954 1162 5028 ζητήσετέ
1201 4975 1288 5028 με,
1315 4960 1409 5012 καὶ
1436 4962 1494 5013 ἐν
1549 4977 1584 5012 τ

1790 4959 2069 5029 pientiam,
2091 4958 2362 5027 justitiam
2396 5001 2411 5024 ,
2452 4958 2736 5012 veritatem
2766 4964 2821 5008 et
2840 4954 3135 5023 potentiam
3167 4952 3284 5021 Dei,

93 5034 287 5114 ἀμαρτίᾳ
315 5045 470 5115 ὑμῶν
496 5046 874 5110 ἀποθανεῖσθε,
900 5067 920 5102 ι
955 5048 1069 5114 καὶ,
1102 5068 1120 5099 «
1158 5051 1330 5103 Ὅπου
1355 5050 1464 5119 ἐγὼ
1491 5051 1587 5105 ὑπό

1788 5066 1839 5105 az
1865 5050 2050 5105 omnia
2074 5059 2161 5105 est
2186 5050 2454 5106 Christus.
2481 5049 2739 5116 Quaerunt
2768 5062 2896 5101 vero
2919 5046 3137 5116 quidam
3160 5059 3282 5100 eum

91 5144 165 5196 τω,
186 5135 333 5204 ὑμεῖς
358 5137 420 5190 οὑ
452 5137 681 5191 δύνασθε
718 5137 912 5205 ἐλθεῖν,
957 5159 977 5193 ι
1016 5142 1103 5193 ἐπ’
1138 5143 1313 5195 ἐκεῖνο
1332 5144 1585 5215 ἀναφέρω

1820 5140 2027 5214 bisqui
2059 5143 2211 5214 signa
2240 5142 2497 5197 viderunt
2524 5178 2540 5207 ,
2568 5140 2770 5217 quique
2802 5153 2923 5193 cum
2953 5139 3069 5207 ipso
3102 5138 3285 5192 videre

90 5221 133 5272 τὺ
154 5228 493 5299 προκείμενόν
530 5246 687 5300 φησι*
718 5250 738 5283 «
777 5232 889 5286 Kal.
928 5231 1111 5297 καθὼς
1158 5230 1309 5288 εἶπον
1338 5236 1450 5297 τοῖς
1482 5237 1584 5288 Ἰου

1793 5246 2069 5306 nupserunt
2098 5237 2166 5291 ab
2184 5252 2250 5291 eo
2269 5250 2486 5305 panem,
2518 5242 2573 5290 et
2603 5232 2931 5288 comedunt:
2957 5231 3287 5287 habentibus

89 5307 234 5400 ὑείοις,
318 5318 402 5371 ὅτι
493 5320 669 5373 Ὅπου
708 5319 819 5389 ἐγὼ
862 5322 1080 5392 ὑπάγω,
1113 5324 1270 5395 ὑμεῖς
1297 5325 1358 5378 οὑ
1390 5324 1583 5379 δύνασθ

1791 5332 1826 5383 ιε
1854 5329 2131 5400 quaerendi
2164 5342 2382 5383 causam
2407 5368 2423 5394 ,
2480 5340 2546 5382 eo
2607 5309 2752 5396 quod
2790 5324 2978 5379 nutriti
3020 5323 3223 5379 fuerint
3253 5339 3285 5378 a

90 5398 242 5469 ἐλθεῖν,
270 5410 361 5462 καὶ
393 5409 522 5480 ὑμῖν
549 5410 693 5480 λέγω
716 5411 861 5484 ἄρτι·
906 5431 926 5464 ι
949 5415 1023 5478 ὼς
1051 5416 1159 5489 γὰρ
1178 5416 1425 5480 ἐκείνοιςν
1461 5417 1584 5486 φησῖ

1789 5398 1882 5489 mp
1926 5430 1982 5476 et
2014 5420 2156 5476 Filio
2190 5420 2324 5475 Dei:
2362 5437 2382 5471 «
2414 5418 2669 5486 Quaeritis
2719 5417 2866 5475 enim
2925 5434 3032 5482 me,
3087 5416 3283 5487 inquit,

89 5491 199 5546 τοῦτ’
224 5493 385 5566 εἷπον,
416 5500 559 5555 οὕτω
582 5504 676 5556 καὶ
710 5504 859 5575 ὑμῖνο
889 5504 1024 5559 ἀλλὰ
1054 5508 1148 5561 καὶ
1189 5508 1317 5578 ὑμῖν
1343 5509 1500 5563 τοῦτο
1526 5509 1583 5563 λέ

1788 5532 1825 5567 ιιι
1868 5514 1990 5585 quia
2028 5517 2180 5585 signa
2212 5515 2482 5582 videritis,
2523 5518 2619 5571 sed
2661 5516 2787 5586 quia
2821 5516 3170 5571 comederitis
3215 5529 3282 5569 ex

90 5594 170 5649 ἴω,
192 5589 247 5640 οὐ
276 5593 403 5664 περὶ⁵
439 5593 688 5659 πλείονος
716 5596 929 5667 χρόνου·
962 5597 1103 5653 οὕτω
1139 5599 1249 5672 γὰρ
1279 5599 1461 5654 ἀκούω
1498 5601 1584 5655 τοῦ

1793 5606 1970 5677 uibus,
2007 5615 2061 5665 et
2090 5610 2317 5665 saturati
2348 5609 2471 5666 sitis
2493 5610 2537 5665 ⁷.
2565 5627 2585 5662 ι
2626 5611 2830 5668 Deinde
2850 5611 3102 5682 quoniam
3126 5616 3285 5665 antea

144 5724 162 5755 ⁸
183 5725 223 5779 11
242 5730 359 5784 Cor.
390 5747 466 5797 Vl,
502 5732 591 5786 l5.
664 5733 731 5773 ⁸-⁸
758 5732 915 5788 Joan.
940 5750 1051 5799 xw,
1080 5735 1255 5792 16-20.
1328 5739 1349 5770 ⁷
1381 5738 1533 5795 Joan.
1569 5757 1643 5809 γι,
1663 5740 1746 5796 26.

148 5861 237 5930 (52)
264 5867 438 5924 Codex
470 5866 694 5937 Regius,
724 5870 883 5938 male,
924 5872 1041 5939 μετ’
1065 5872 1245 5928 αὑτοῦ.
