  <div class='ocr_page' id='page_1' title='image "/cluster/home/n/w/nwhite01/storage/ocr_20150623/14/hvd.32044024333478/421.png"; bbox 0 0 3754 6548; ppageno 0'>
   <div class='ocr_carea' id='block_1_1' title="bbox 423 378 530 434">
    <p class='ocr_par' dir='ltr' id='par_1_1' title="bbox 423 378 530 434">
     <span class='ocr_line' id='line_1_1' title="bbox 423 378 530 434; baseline -0.019 0"><span class='ocrx_word' id='word_1_1' title='bbox 423 378 530 434; x_wconf 70' lang='grc'><strong>897</strong></span> 
     </span>
    </p>
   </div>
   <div class='ocr_carea' id='block_1_2' title="bbox 1855 375 2177 432">
    <p class='ocr_par' dir='ltr' id='par_1_2' title="bbox 1855 375 2177 432">
     <span class='ocr_line' id='line_1_2' title="bbox 1855 375 2177 432; baseline 0.003 -1"><span class='ocrx_word' id='word_1_2' title='bbox 1855 376 2014 432; x_wconf 79' lang='lat' dir='ltr'><strong>ORIG</strong></span> <span class='ocrx_word' id='word_1_3' title='bbox 2024 375 2177 432; x_wconf 84' lang='lat' dir='ltr'><strong>ENIS</strong></span> 
     </span>
    </p>
   </div>
   <div class='ocr_carea' id='block_1_3' title="bbox 3543 377 3637 434">
    <p class='ocr_par' dir='ltr' id='par_1_3' title="bbox 3543 377 3637 434">
     <span class='ocr_line' id='line_1_3' title="bbox 3543 377 3637 434; baseline 0 0"><span class='ocrx_word' id='word_1_4' title='bbox 3543 377 3637 434; x_wconf 76' lang='lat'><strong>823</strong></span> 
     </span>
    </p>
   </div>
   <div class='ocr_carea' id='block_1_4' title="bbox 421 489 2011 569">
    <p class='ocr_par' dir='ltr' id='par_1_4' title="bbox 421 489 2011 562">
     <span class='ocr_line' id='line_1_4' title="bbox 421 489 2011 562; baseline -0.003 -14"><span class='ocrx_word' id='word_1_5' title='bbox 421 489 618 548; x_wconf 65' lang='lat' dir='ltr'><strong>Iudaeis</strong></span> <span class='ocrx_word' id='word_1_6' title='bbox 639 492 853 548; x_wconf 76' lang='lat' dir='ltr'><strong>dixerat</strong></span> <span class='ocrx_word' id='word_1_7' title='bbox 879 510 894 548; x_wconf 89' lang='lat'><strong>:</strong></span> <span class='ocrx_word' id='word_1_8' title='bbox 926 509 946 544; x_wconf 73' lang='grc' dir='ltr'><strong>ι</strong></span> <span class='ocrx_word' id='word_1_9' title='bbox 976 491 1089 561; x_wconf 86' lang='lat' dir='ltr'><strong>Ego</strong></span> <span class='ocrx_word' id='word_1_10' title='bbox 1113 491 1272 556; x_wconf 87' lang='lat' dir='ltr'><strong>vado,</strong></span> <span class='ocrx_word' id='word_1_11' title='bbox 1307 499 1361 547; x_wconf 91' lang='lat' dir='ltr'><strong>et</strong></span> <span class='ocrx_word' id='word_1_12' title='bbox 1388 493 1643 562; x_wconf 66' lang='lat' dir='ltr'><strong>quaeretis</strong></span> <span class='ocrx_word' id='word_1_13' title='bbox 1671 506 1791 558; x_wconf 92' lang='lat' dir='ltr'><strong>me,</strong></span> <span class='ocrx_word' id='word_1_14' title='bbox 1829 503 1885 547; x_wconf 92' lang='lat' dir='ltr'><strong>et</strong></span> <span class='ocrx_word' id='word_1_15' title='bbox 1927 493 1980 546; x_wconf 88' lang='lat' dir='ltr'><strong>in</strong></span> <span class='ocrx_word' id='word_1_16' title='bbox 2010 547 2011 551; x_wconf 34' lang='grc' dir='ltr'><strong>η</strong></span> 
     </span>
    </p>
   </div>
   <div class='ocr_carea' id='block_1_5' title="bbox 2106 489 3640 569">
    <p class='ocr_par' dir='ltr' id='par_1_5' title="bbox 2106 491 3640 569">
     <span class='ocr_line' id='line_1_5' title="bbox 2106 491 3640 569; baseline 0.008 -30"><span class='ocrx_word' id='word_1_17' title='bbox 2106 513 2107 540; x_wconf 83' lang='lat'><em>:</em></span> <span class='ocrx_word' id='word_1_18' title='bbox 2141 492 2250 544; x_wconf 75' lang='grc' dir='ltr'>Καὶ</span> <span class='ocrx_word' id='word_1_19' title='bbox 2287 492 2414 562; x_wconf 82' lang='grc' dir='ltr'>ὑμῖν</span> <span class='ocrx_word' id='word_1_20' title='bbox 2459 492 2600 561; x_wconf 86' lang='grc' dir='ltr'>λέγω</span> <span class='ocrx_word' id='word_1_21' title='bbox 2639 492 2785 562; x_wconf 83' lang='grc' dir='ltr'><strong>ἄρτι,</strong></span> <span class='ocrx_word' id='word_1_22' title='bbox 2821 511 2842 544; x_wconf 82' lang='grc'><strong>›</strong></span> <span class='ocrx_word' id='word_1_23' title='bbox 2877 492 3014 561; x_wconf 83' lang='grc' dir='ltr'>ὅπερ</span> <span class='ocrx_word' id='word_1_24' title='bbox 3039 491 3140 545; x_wconf 88' lang='grc' dir='ltr'><strong>οὑκ</strong></span> <span class='ocrx_word' id='word_1_25' title='bbox 3179 491 3291 546; x_wconf 79' lang='grc' dir='ltr'>ἐστι</span> <span class='ocrx_word' id='word_1_26' title='bbox 3333 497 3527 550; x_wconf 73' lang='grc' dir='ltr'>ταὺτδν</span> <span class='ocrx_word' id='word_1_27' title='bbox 3553 501 3640 569; x_wconf 84' lang='grc' dir='ltr'><strong>τῷ·</strong></span> 
     </span>
    </p>
   </div>
   <div class='ocr_carea' id='block_1_6' title="bbox 424 583 1992 655">
    <p class='ocr_par' dir='ltr' id='par_1_6' title="bbox 424 583 1992 655">
     <span class='ocr_line' id='line_1_6' title="bbox 424 583 1992 655; baseline 0 -17"><span class='ocrx_word' id='word_1_28' title='bbox 424 595 648 654; x_wconf 89' lang='lat' dir='ltr'><strong>peccato</strong></span> <span class='ocrx_word' id='word_1_29' title='bbox 677 594 858 640; x_wconf 88' lang='lat' dir='ltr'><strong>vestro</strong></span> <span class='ocrx_word' id='word_1_30' title='bbox 889 584 1199 640; x_wconf 86' lang='lat' dir='ltr'><strong>moriemini</strong></span> <span class='ocrx_word' id='word_1_31' title='bbox 1242 583 1328 652; x_wconf 62' lang='lat'><strong>8;»</strong></span> <span class='ocrx_word' id='word_1_32' title='bbox 1364 593 1454 640; x_wconf 87' lang='lat' dir='ltr'><strong>et:</strong></span> <span class='ocrx_word' id='word_1_33' title='bbox 1481 603 1500 635; x_wconf 74' lang='grc' dir='ltr'>α</span> <span class='ocrx_word' id='word_1_34' title='bbox 1523 585 1640 652; x_wconf 86' lang='lat' dir='ltr'><strong>Quo</strong></span> <span class='ocrx_word' id='word_1_35' title='bbox 1677 599 1778 655; x_wconf 91' lang='lat' dir='ltr'><strong>ego</strong></span> <span class='ocrx_word' id='word_1_36' title='bbox 1816 586 1952 639; x_wconf 86' lang='lat' dir='ltr'><strong>vado</strong></span> <span class='ocrx_word' id='word_1_37' title='bbox 1977 627 1992 650; x_wconf 94' lang='lat'><strong>,</strong></span> 
     </span>
    </p>
   </div>
   <div class='ocr_carea' id='block_1_7' title="bbox 422 676 2001 746">
    <p class='ocr_par' dir='ltr' id='par_1_7' title="bbox 422 676 2001 746">
     <span class='ocr_line' id='line_1_7' title="bbox 422 676 2001 746; baseline 0 -16"><span class='ocrx_word' id='word_1_38' title='bbox 422 692 520 731; x_wconf 90' lang='lat' dir='ltr'><strong>vos</strong></span> <span class='ocrx_word' id='word_1_39' title='bbox 563 691 670 731; x_wconf 90' lang='lat' dir='ltr'><strong>non</strong></span> <span class='ocrx_word' id='word_1_40' title='bbox 697 678 921 746; x_wconf 86' lang='lat' dir='ltr'><strong>potestis</strong></span> <span class='ocrx_word' id='word_1_41' title='bbox 952 677 1179 743; x_wconf 88' lang='lat' dir='ltr'><strong>venire;</strong></span> <span class='ocrx_word' id='word_1_42' title='bbox 1211 695 1230 730; x_wconf 75' lang='grc' dir='ltr'><strong>ι</strong></span> <span class='ocrx_word' id='word_1_43' title='bbox 1271 678 1339 732; x_wconf 93' lang='lat' dir='ltr'><strong>ad</strong></span> <span class='ocrx_word' id='word_1_44' title='bbox 1379 677 1508 732; x_wconf 93' lang='lat' dir='ltr'><strong>illud</strong></span> <span class='ocrx_word' id='word_1_45' title='bbox 1553 676 1797 732; x_wconf 83' lang='lat' dir='ltr'><strong>referens</strong></span> <span class='ocrx_word' id='word_1_46' title='bbox 1843 677 1896 732; x_wconf 92' lang='lat' dir='ltr'><strong>id</strong></span> <span class='ocrx_word' id='word_1_47' title='bbox 1933 677 2001 731; x_wconf 90' lang='lat' dir='ltr'><strong>de</strong></span> 
     </span>
    </p>
   </div>
   <div class='ocr_carea' id='block_1_8' title="bbox 424 767 2001 840">
    <p class='ocr_par' dir='ltr' id='par_1_8' title="bbox 424 767 2001 840">
     <span class='ocr_line' id='line_1_8' title="bbox 424 767 2001 840; baseline 0.003 -20"><span class='ocrx_word' id='word_1_48' title='bbox 424 785 535 840; x_wconf 87' lang='lat' dir='ltr'><strong>quo</strong></span> <span class='ocrx_word' id='word_1_49' title='bbox 568 770 816 838; x_wconf 88' lang='lat' dir='ltr'><strong>agimus.</strong></span> <span class='ocrx_word' id='word_1_50' title='bbox 866 770 1044 839; x_wconf 88' lang='lat' dir='ltr'><strong>inquit</strong></span> <span class='ocrx_word' id='word_1_51' title='bbox 1072 787 1086 823; x_wconf 90' lang='lat'><strong>:</strong></span> <span class='ocrx_word' id='word_1_52' title='bbox 1127 787 1146 821; x_wconf 78' lang='grc' dir='ltr'><strong>ι</strong></span> <span class='ocrx_word' id='word_1_53' title='bbox 1178 770 1244 824; x_wconf 87' lang='lat' dir='ltr'><strong>Et</strong></span> <span class='ocrx_word' id='word_1_54' title='bbox 1266 768 1407 824; x_wconf 84' lang='lat' dir='ltr'><strong>sicut</strong></span> <span class='ocrx_word' id='word_1_55' title='bbox 1441 769 1554 824; x_wconf 82' lang='lat' dir='ltr'><strong>dixi</strong></span> <span class='ocrx_word' id='word_1_56' title='bbox 1609 767 1812 824; x_wconf 67' lang='lat' dir='ltr'><strong>Iudaeis</strong></span> <span class='ocrx_word' id='word_1_57' title='bbox 1845 767 2001 835; x_wconf 84' lang='lat' dir='ltr'><strong>:Quo</strong></span> 
     </span>
    </p>
   </div>
   <div class='ocr_carea' id='block_1_9' title="bbox 425 861 2001 931">
    <p class='ocr_par' dir='ltr' id='par_1_9' title="bbox 425 861 2001 931">
     <span class='ocr_line' id='line_1_9' title="bbox 425 861 2001 931; baseline 0.003 -18"><span class='ocrx_word' id='word_1_58' title='bbox 425 876 528 931; x_wconf 86' lang='lat' dir='ltr'><strong>ego</strong></span> <span class='ocrx_word' id='word_1_59' title='bbox 557 861 717 926; x_wconf 85' lang='lat' dir='ltr'><strong>abeo,</strong></span> <span class='ocrx_word' id='word_1_60' title='bbox 753 875 848 916; x_wconf 91' lang='lat' dir='ltr'><strong>vos</strong></span> <span class='ocrx_word' id='word_1_61' title='bbox 877 877 984 916; x_wconf 90' lang='lat' dir='ltr'><strong>non</strong></span> <span class='ocrx_word' id='word_1_62' title='bbox 1021 861 1249 930; x_wconf 87' lang='lat' dir='ltr'><strong>potestis</strong></span> <span class='ocrx_word' id='word_1_63' title='bbox 1276 861 1497 928; x_wconf 89' lang='lat' dir='ltr'><strong>venire;</strong></span> <span class='ocrx_word' id='word_1_64' title='bbox 1545 862 1623 922; x_wconf 39' lang='lat' dir='ltr'><strong>ita.</strong></span> <span class='ocrx_word' id='word_1_65' title='bbox 1649 862 1812 916; x_wconf 88' lang='lat' dir='ltr'><strong>etiam</strong></span> <span class='ocrx_word' id='word_1_66' title='bbox 1841 861 2001 918; x_wconf 83' lang='lat' dir='ltr'><strong>vobis</strong></span> 
     </span>
    </p>
   </div>
   <div class='ocr_carea' id='block_1_10' title="bbox 427 951 2003 1021">
    <p class='ocr_par' dir='ltr' id='par_1_10' title="bbox 427 951 2003 1021">
     <span class='ocr_line' id='line_1_10' title="bbox 427 951 2003 1021; baseline 0.002 -17"><span class='ocrx_word' id='word_1_67' title='bbox 427 952 548 1007; x_wconf 82' lang='lat' dir='ltr'><strong>dico</strong></span> <span class='ocrx_word' id='word_1_68' title='bbox 578 968 722 1007; x_wconf 92' lang='lat' dir='ltr'><strong>nunc</strong></span> <span class='ocrx_word' id='word_1_69' title='bbox 752 953 796 1005; x_wconf 81' lang='lat'><strong>’.</strong></span> <span class='ocrx_word' id='word_1_70' title='bbox 830 971 848 1004; x_wconf 71' lang='grc' dir='ltr'><strong>ι</strong></span> <span class='ocrx_word' id='word_1_71' title='bbox 887 951 958 1008; x_wconf 90' lang='lat' dir='ltr'><strong>Ut</strong></span> <span class='ocrx_word' id='word_1_72' title='bbox 989 953 1132 1007; x_wconf 91' lang='lat' dir='ltr'><strong>enim</strong></span> <span class='ocrx_word' id='word_1_73' title='bbox 1183 951 1313 1018; x_wconf 84' lang='lat' dir='ltr'><strong>illis,</strong></span> <span class='ocrx_word' id='word_1_74' title='bbox 1365 952 1558 1021; x_wconf 85' lang='lat' dir='ltr'><strong>inquit,</strong></span> <span class='ocrx_word' id='word_1_75' title='bbox 1593 951 1696 1006; x_wconf 88' lang='lat' dir='ltr'><strong>hoc</strong></span> <span class='ocrx_word' id='word_1_76' title='bbox 1733 951 1863 1016; x_wconf 92' lang='lat' dir='ltr'><strong>dixi,</strong></span> <span class='ocrx_word' id='word_1_77' title='bbox 1921 951 2003 1008; x_wconf 86' lang='lat' dir='ltr'><strong>sic</strong></span> 
     </span>
    </p>
   </div>
   <div class='ocr_carea' id='block_1_11' title="bbox 426 1042 2002 1109">
    <p class='ocr_par' dir='ltr' id='par_1_11' title="bbox 426 1042 2002 1109">
     <span class='ocr_line' id='line_1_11' title="bbox 426 1042 2002 1109; baseline -0.001 -11"><span class='ocrx_word' id='word_1_78' title='bbox 426 1043 591 1099; x_wconf 87' lang='lat' dir='ltr'><strong>etiam</strong></span> <span class='ocrx_word' id='word_1_79' title='bbox 649 1044 836 1109; x_wconf 89' lang='lat' dir='ltr'><strong>vobis;</strong></span> <span class='ocrx_word' id='word_1_80' title='bbox 889 1043 983 1097; x_wconf 90' lang='lat' dir='ltr'><strong>sed</strong></span> <span class='ocrx_word' id='word_1_81' title='bbox 1034 1043 1187 1098; x_wconf 88' lang='lat' dir='ltr'><strong>vobis</strong></span> <span class='ocrx_word' id='word_1_82' title='bbox 1235 1042 1402 1097; x_wconf 90' lang='lat' dir='ltr'><strong>etiam</strong></span> <span class='ocrx_word' id='word_1_83' title='bbox 1463 1042 1568 1098; x_wconf 88' lang='lat' dir='ltr'><strong>hoc</strong></span> <span class='ocrx_word' id='word_1_84' title='bbox 1621 1042 1742 1098; x_wconf 89' lang='lat' dir='ltr'><strong>dico</strong></span> <span class='ocrx_word' id='word_1_85' title='bbox 1787 1057 1894 1097; x_wconf 90' lang='lat' dir='ltr'><strong>non</strong></span> <span class='ocrx_word' id='word_1_86' title='bbox 1933 1042 2002 1097; x_wconf 88' lang='lat' dir='ltr'><strong>de</strong></span> 
     </span>
    </p>
   </div>
   <div class='ocr_carea' id='block_1_12' title="bbox 429 1135 1998 1206">
    <p class='ocr_par' dir='ltr' id='par_1_12' title="bbox 429 1135 1998 1206">
     <span class='ocr_line' id='line_1_12' title="bbox 429 1135 1998 1206; baseline -0.001 -15"><span class='ocrx_word' id='word_1_87' title='bbox 429 1136 599 1191; x_wconf 88' lang='lat' dir='ltr'><strong>multo</strong></span> <span class='ocrx_word' id='word_1_88' title='bbox 626 1146 885 1205; x_wconf 90' lang='lat' dir='ltr'><strong>tempore.</strong></span> <span class='ocrx_word' id='word_1_89' title='bbox 918 1137 1010 1191; x_wconf 91' lang='lat' dir='ltr'><strong>Sic</strong></span> <span class='ocrx_word' id='word_1_90' title='bbox 1036 1137 1182 1192; x_wconf 92' lang='lat' dir='ltr'><strong>enim</strong></span> <span class='ocrx_word' id='word_1_91' title='bbox 1209 1150 1308 1206; x_wconf 88' lang='lat' dir='ltr'><strong>ego</strong></span> <span class='ocrx_word' id='word_1_92' title='bbox 1330 1135 1568 1206; x_wconf 88' lang='lat' dir='ltr'><strong>intelligo</strong></span> <span class='ocrx_word' id='word_1_93' title='bbox 1599 1135 1726 1190; x_wconf 92' lang='lat' dir='ltr'><strong>illud</strong></span> <span class='ocrx_word' id='word_1_94' title='bbox 1751 1176 1767 1201; x_wconf 96' lang='lat'><strong>,</strong></span> <span class='ocrx_word' id='word_1_95' title='bbox 1805 1137 1998 1191; x_wconf 74' lang='lat' dir='ltr'><strong>«etiam</strong></span> 
     </span>
    </p>
   </div>
   <div class='ocr_carea' id='block_1_13' title="bbox 430 1227 1999 1298">
    <p class='ocr_par' dir='ltr' id='par_1_13' title="bbox 430 1227 1999 1298">
     <span class='ocr_line' id='line_1_13' title="bbox 430 1227 1999 1298; baseline 0.001 -17"><span class='ocrx_word' id='word_1_96' title='bbox 430 1228 583 1282; x_wconf 88' lang='lat' dir='ltr'><strong>vobis</strong></span> <span class='ocrx_word' id='word_1_97' title='bbox 604 1227 723 1283; x_wconf 84' lang='lat' dir='ltr'><strong>dico</strong></span> <span class='ocrx_word' id='word_1_98' title='bbox 747 1229 946 1294; x_wconf 69' lang='lat' dir='ltr'><strong>nunc,i&#39;</strong></span> <span class='ocrx_word' id='word_1_99' title='bbox 969 1244 1088 1298; x_wconf 88' lang='lat' dir='ltr'><strong>quae</strong></span> <span class='ocrx_word' id='word_1_100' title='bbox 1124 1244 1230 1282; x_wconf 89' lang='lat' dir='ltr'><strong>non</strong></span> <span class='ocrx_word' id='word_1_101' title='bbox 1258 1230 1397 1284; x_wconf 87' lang='lat' dir='ltr'><strong>idem</strong></span> <span class='ocrx_word' id='word_1_102' title='bbox 1427 1238 1624 1283; x_wconf 88' lang='lat' dir='ltr'><strong>sonant</strong></span> <span class='ocrx_word' id='word_1_103' title='bbox 1654 1243 1716 1282; x_wconf 85' lang='lat' dir='ltr'><strong>ac</strong></span> <span class='ocrx_word' id='word_1_104' title='bbox 1748 1227 1793 1282; x_wconf 85' lang='lat' dir='ltr'><strong>si</strong></span> <span class='ocrx_word' id='word_1_105' title='bbox 1825 1228 1999 1282; x_wconf 78' lang='lat' dir='ltr'><strong>dixis-</strong></span> 
     </span>
    </p>
   </div>
   <div class='ocr_carea' id='block_1_14' title="bbox 430 1319 1995 1390">
    <p class='ocr_par' dir='ltr' id='par_1_14' title="bbox 430 1319 1995 1390">
     <span class='ocr_line' id='line_1_14' title="bbox 430 1319 1995 1390; baseline 0.002 -18"><span class='ocrx_word' id='word_1_106' title='bbox 430 1329 546 1373; x_wconf 89' lang='lat' dir='ltr'><strong>set:</strong></span> <span class='ocrx_word' id='word_1_107' title='bbox 575 1319 640 1373; x_wconf 87' lang='lat' dir='ltr'><strong>Et</strong></span> <span class='ocrx_word' id='word_1_108' title='bbox 671 1320 826 1375; x_wconf 86' lang='lat' dir='ltr'><strong>vobis</strong></span> <span class='ocrx_word' id='word_1_109' title='bbox 857 1320 997 1383; x_wconf 90' lang='lat' dir='ltr'><strong>dico,</strong></span> <span class='ocrx_word' id='word_1_110' title='bbox 1019 1322 1220 1390; x_wconf 86' lang='lat' dir='ltr'><strong>absque</strong></span> <span class='ocrx_word' id='word_1_111' title='bbox 1245 1320 1521 1376; x_wconf 88' lang='lat' dir='ltr'><strong>additione</strong></span> <span class='ocrx_word' id='word_1_112' title='bbox 1543 1319 1811 1385; x_wconf 84' lang='lat' dir='ltr'><strong>vocabuli,</strong></span> <span class='ocrx_word' id='word_1_113' title='bbox 1838 1335 1995 1375; x_wconf 82' lang='lat' dir='ltr'><strong>nunc.</strong></span> 
     </span>
    </p>
   </div>
   <div class='ocr_carea' id='block_1_15' title="bbox 429 1406 2001 1482">
    <p class='ocr_par' dir='ltr' id='par_1_15' title="bbox 429 1406 2001 1482">
     <span class='ocr_line' id='line_1_15' title="bbox 429 1406 2001 1482; baseline 0.002 -18"><span class='ocrx_word' id='word_1_114' title='bbox 429 1406 600 1466; x_wconf 67' lang='lat' dir='ltr'><strong>Judaei</strong></span> <span class='ocrx_word' id='word_1_115' title='bbox 626 1411 791 1476; x_wconf 88' lang='lat' dir='ltr'><strong>enim,</strong></span> <span class='ocrx_word' id='word_1_116' title='bbox 825 1427 962 1482; x_wconf 87' lang='lat' dir='ltr'><strong>quos</strong></span> <span class='ocrx_word' id='word_1_117' title='bbox 993 1413 1322 1482; x_wconf 71' lang='lat' dir='ltr'><strong>prmviderat</strong></span> <span class='ocrx_word' id='word_1_118' title='bbox 1361 1413 1655 1467; x_wconf 88' lang='lat' dir='ltr'><strong>morituros</strong></span> <span class='ocrx_word' id='word_1_119' title='bbox 1690 1411 1744 1466; x_wconf 94' lang='lat' dir='ltr'><strong>in</strong></span> <span class='ocrx_word' id='word_1_120' title='bbox 1775 1419 2001 1482; x_wconf 88' lang='lat' dir='ltr'><strong>peccato</strong></span> 
     </span>
    </p>
   </div>
   <div class='ocr_carea' id='block_1_16' title="bbox 431 1501 1997 1573">
    <p class='ocr_par' dir='ltr' id='par_1_16' title="bbox 431 1501 1997 1573">
     <span class='ocr_line' id='line_1_16' title="bbox 431 1501 1997 1573; baseline 0 -17"><span class='ocrx_word' id='word_1_121' title='bbox 431 1516 551 1563; x_wconf 89' lang='lat' dir='ltr'><strong>suo.</strong></span> <span class='ocrx_word' id='word_1_122' title='bbox 592 1501 672 1558; x_wconf 90' lang='lat' dir='ltr'><strong>ire</strong></span> <span class='ocrx_word' id='word_1_123' title='bbox 705 1518 810 1558; x_wconf 92' lang='lat' dir='ltr'><strong>non</strong></span> <span class='ocrx_word' id='word_1_124' title='bbox 856 1512 1136 1572; x_wconf 88' lang='lat' dir='ltr'><strong>poterant,</strong></span> <span class='ocrx_word' id='word_1_125' title='bbox 1188 1518 1287 1560; x_wconf 87' lang='lat' dir='ltr'><strong>nec</strong></span> <span class='ocrx_word' id='word_1_126' title='bbox 1316 1505 1381 1559; x_wconf 90' lang='lat' dir='ltr'><strong>ad</strong></span> <span class='ocrx_word' id='word_1_127' title='bbox 1411 1503 1575 1558; x_wconf 88' lang='lat' dir='ltr'><strong>breve</strong></span> <span class='ocrx_word' id='word_1_128' title='bbox 1620 1513 1834 1573; x_wconf 83' lang='lat' dir='ltr'><strong>tempus</strong></span> <span class='ocrx_word' id='word_1_129' title='bbox 1889 1515 1997 1572; x_wconf 88' lang='lat' dir='ltr'><strong>quo</strong></span> 
     </span>
    </p>
   </div>
   <div class='ocr_carea' id='block_1_17' title="bbox 435 1593 1998 1666">
    <p class='ocr_par' dir='ltr' id='par_1_17' title="bbox 435 1593 1998 1666">
     <span class='ocr_line' id='line_1_17' title="bbox 435 1593 1998 1666; baseline 0 -18"><span class='ocrx_word' id='word_1_130' title='bbox 435 1595 616 1650; x_wconf 88' lang='lat' dir='ltr'><strong>abibat</strong></span> <span class='ocrx_word' id='word_1_131' title='bbox 647 1593 803 1652; x_wconf 85' lang='lat' dir='ltr'><strong>Jesus</strong></span> <span class='ocrx_word' id='word_1_132' title='bbox 829 1613 846 1663; x_wconf 92' lang='lat'><strong>;</strong></span> <span class='ocrx_word' id='word_1_133' title='bbox 889 1606 947 1652; x_wconf 89' lang='lat' dir='ltr'><strong>at</strong></span> <span class='ocrx_word' id='word_1_134' title='bbox 972 1611 1102 1653; x_wconf 88' lang='lat' dir='ltr'><strong>vero</strong></span> <span class='ocrx_word' id='word_1_135' title='bbox 1135 1596 1388 1666; x_wconf 84' lang='lat' dir='ltr'><strong>discipuli</strong></span> <span class='ocrx_word' id='word_1_136' title='bbox 1420 1605 1542 1666; x_wconf 90' lang='lat' dir='ltr'><strong>post</strong></span> <span class='ocrx_word' id='word_1_137' title='bbox 1584 1595 1717 1651; x_wconf 93' lang='lat' dir='ltr'><strong>illud</strong></span> <span class='ocrx_word' id='word_1_138' title='bbox 1746 1593 1998 1666; x_wconf 91' lang='lat' dir='ltr'><strong>pusillum</strong></span> 
     </span>
    </p>
   </div>
   <div class='ocr_carea' id='block_1_18' title="bbox 435 1688 1994 1760">
    <p class='ocr_par' dir='ltr' id='par_1_18' title="bbox 435 1688 1994 1760">
     <span class='ocr_line' id='line_1_18' title="bbox 435 1688 1994 1760; baseline 0.002 -21"><span class='ocrx_word' id='word_1_139' title='bbox 435 1695 666 1757; x_wconf 85' lang='lat' dir='ltr'><strong>tempus,</strong></span> <span class='ocrx_word' id='word_1_140' title='bbox 698 1689 755 1744; x_wconf 92' lang='lat' dir='ltr'><strong>in</strong></span> <span class='ocrx_word' id='word_1_141' title='bbox 782 1703 889 1760; x_wconf 86' lang='lat' dir='ltr'><strong>quo</strong></span> <span class='ocrx_word' id='word_1_142' title='bbox 917 1704 1024 1745; x_wconf 91' lang='lat' dir='ltr'><strong>non</strong></span> <span class='ocrx_word' id='word_1_143' title='bbox 1055 1688 1285 1759; x_wconf 89' lang='lat' dir='ltr'><strong>amplius</strong></span> <span class='ocrx_word' id='word_1_144' title='bbox 1328 1689 1544 1745; x_wconf 88' lang='lat' dir='ltr'><strong>futurus</strong></span> <span class='ocrx_word' id='word_1_145' title='bbox 1571 1695 1692 1744; x_wconf 93' lang='lat' dir='ltr'><strong>erat</strong></span> <span class='ocrx_word' id='word_1_146' title='bbox 1730 1702 1854 1744; x_wconf 89' lang='lat' dir='ltr'><strong>cum</strong></span> <span class='ocrx_word' id='word_1_147' title='bbox 1894 1688 1994 1750; x_wconf 88' lang='lat' dir='ltr'><strong>eis,</strong></span> 
     </span>
    </p>
   </div>
   <div class='ocr_carea' id='block_1_19' title="bbox 432 1777 1996 1852">
    <p class='ocr_par' dir='ltr' id='par_1_19' title="bbox 432 1777 1996 1852">
     <span class='ocr_line' id='line_1_19' title="bbox 432 1777 1996 1852; baseline 0 -19"><span class='ocrx_word' id='word_1_148' title='bbox 432 1789 653 1850; x_wconf 88' lang='lat' dir='ltr'><strong>propter</strong></span> <span class='ocrx_word' id='word_1_149' title='bbox 694 1796 758 1836; x_wconf 88' lang='lat' dir='ltr'><strong>ea</strong></span> <span class='ocrx_word' id='word_1_150' title='bbox 789 1797 910 1852; x_wconf 65' lang='lat' dir='ltr'><strong>quae</strong></span> <span class='ocrx_word' id='word_1_151' title='bbox 957 1782 1206 1852; x_wconf 89' lang='lat' dir='ltr'><strong>superius</strong></span> <span class='ocrx_word' id='word_1_152' title='bbox 1235 1781 1472 1838; x_wconf 81' lang='lat' dir='ltr'><strong>diximus</strong></span> <span class='ocrx_word' id='word_1_153' title='bbox 1495 1820 1512 1849; x_wconf 94' lang='lat'><strong>,</strong></span> <span class='ocrx_word' id='word_1_154' title='bbox 1563 1787 1817 1850; x_wconf 89' lang='lat' dir='ltr'><strong>poterant</strong></span> <span class='ocrx_word' id='word_1_155' title='bbox 1843 1777 1996 1847; x_wconf 82' lang='lat' dir='ltr'><strong>sequi</strong></span> 
     </span>
    </p>
   </div>
   <div class='ocr_carea' id='block_1_20' title="bbox 2101 585 3643 658">
    <p class='ocr_par' dir='ltr' id='par_1_20' title="bbox 2101 585 3643 658">
     <span class='ocr_line' id='line_1_20' title="bbox 2101 585 3643 658; baseline 0.003 -20"><span class='ocrx_word' id='word_1_156' title='bbox 2101 585 2210 638; x_wconf 76' lang='lat' dir='ltr'><strong>Kal.</strong></span> <span class='ocrx_word' id='word_1_157' title='bbox 2237 587 2364 655; x_wconf 87' lang='grc' dir='ltr'>ὑμῖν</span> <span class='ocrx_word' id='word_1_158' title='bbox 2392 586 2552 655; x_wconf 83' lang='grc' dir='ltr'>λέγω,</span> <span class='ocrx_word' id='word_1_159' title='bbox 2596 587 2762 658; x_wconf 81' lang='grc' dir='ltr'>χωρίς</span> <span class='ocrx_word' id='word_1_160' title='bbox 2810 586 3126 658; x_wconf 80' lang='grc' dir='ltr'><strong>προσθήκης</strong></span> <span class='ocrx_word' id='word_1_161' title='bbox 3162 587 3282 656; x_wconf 87' lang='grc' dir='ltr'>τῆς,</span> <span class='ocrx_word' id='word_1_162' title='bbox 3323 588 3476 657; x_wconf 75' lang='grc' dir='ltr'>ἄρτιο</span> <span class='ocrx_word' id='word_1_163' title='bbox 3525 592 3643 647; x_wconf 78' lang='grc' dir='ltr'>Ἰου-</span> 
     </span>
    </p>
   </div>
   <div class='ocr_carea' id='block_1_21' title="bbox 2099 675 3647 757">
    <p class='ocr_par' dir='ltr' id='par_1_21' title="bbox 2099 675 3647 757">
     <span class='ocr_line' id='line_1_21' title="bbox 2099 675 3647 757; baseline 0.004 -27"><span class='ocrx_word' id='word_1_164' title='bbox 2099 675 2233 730; x_wconf 90' lang='grc' dir='ltr'>δαῖοι</span> <span class='ocrx_word' id='word_1_165' title='bbox 2263 678 2358 748; x_wconf 87' lang='grc' dir='ltr'>μὲν</span> <span class='ocrx_word' id='word_1_166' title='bbox 2377 678 2482 748; x_wconf 86' lang='grc' dir='ltr'>γὰρ</span> <span class='ocrx_word' id='word_1_167' title='bbox 2497 676 2591 742; x_wconf 85' lang='grc' dir='ltr'><strong>οὓς</strong></span> <span class='ocrx_word' id='word_1_168' title='bbox 2621 677 2953 749; x_wconf 82' lang='grc' dir='ltr'>προέϐλεπεν</span> <span class='ocrx_word' id='word_1_169' title='bbox 2985 682 3041 732; x_wconf 86' lang='grc' dir='ltr'><strong>ἐν</strong></span> <span class='ocrx_word' id='word_1_170' title='bbox 3064 681 3130 749; x_wconf 83' lang='grc' dir='ltr'>τῇ</span> <span class='ocrx_word' id='word_1_171' title='bbox 3176 679 3383 732; x_wconf 78' lang='grc' dir='ltr'>ἑαυτῶν</span> <span class='ocrx_word' id='word_1_172' title='bbox 3418 682 3647 757; x_wconf 68' lang='grc' dir='ltr'>ἁμαρτίᾳ</span> 
     </span>
    </p>
   </div>
   <div class='ocr_carea' id='block_1_22' title="bbox 2100 768 3645 844">
    <p class='ocr_par' dir='ltr' id='par_1_22' title="bbox 2100 768 3645 844">
     <span class='ocr_line' id='line_1_22' title="bbox 2100 768 3645 844; baseline 0.004 -22"><span class='ocrx_word' id='word_1_173' title='bbox 2100 768 2570 842; x_wconf 81' lang='grc' dir='ltr'><strong>ἀποθανουμένους</strong></span> <span class='ocrx_word' id='word_1_174' title='bbox 2621 770 2720 824; x_wconf 89' lang='grc' dir='ltr'><strong>οὑκ</strong></span> <span class='ocrx_word' id='word_1_175' title='bbox 2761 772 2852 824; x_wconf 74' lang='grc' dir='ltr'><strong>ἐπὶ</strong></span> <span class='ocrx_word' id='word_1_176' title='bbox 2903 770 3296 842; x_wconf 79' lang='grc' dir='ltr'><strong>βραχυνόμενον</strong></span> <span class='ocrx_word' id='word_1_177' title='bbox 3343 773 3535 844; x_wconf 85' lang='grc' dir='ltr'>χρόνον</span> <span class='ocrx_word' id='word_1_178' title='bbox 3559 777 3645 828; x_wconf 66' lang='grc' dir='ltr'>οὐκ</span> 
     </span>
    </p>
   </div>
   <div class='ocr_carea' id='block_1_23' title="bbox 2100 861 3647 934">
    <p class='ocr_par' dir='ltr' id='par_1_23' title="bbox 2100 861 3647 934">
     <span class='ocr_line' id='line_1_23' title="bbox 2100 861 3647 934; baseline 0 -20"><span class='ocrx_word' id='word_1_179' title='bbox 2100 861 2348 916; x_wconf 80' lang='grc' dir='ltr'>ἐδύναντο</span> <span class='ocrx_word' id='word_1_180' title='bbox 2388 862 2562 932; x_wconf 77' lang='grc' dir='ltr'>ἥκειν,</span> <span class='ocrx_word' id='word_1_181' title='bbox 2603 863 2734 914; x_wconf 84' lang='grc' dir='ltr'>ὅπου</span> <span class='ocrx_word' id='word_1_182' title='bbox 2767 862 2975 932; x_wconf 81' lang='grc' dir='ltr'>ὑπῆγεν</span> <span class='ocrx_word' id='word_1_183' title='bbox 3003 864 3030 914; x_wconf 86' lang='grc' dir='ltr'><strong>ὁ</strong></span> <span class='ocrx_word' id='word_1_184' title='bbox 3063 861 3288 931; x_wconf 73' lang='grc' dir='ltr'>Ἰησοῦςσ</span> <span class='ocrx_word' id='word_1_185' title='bbox 3319 863 3370 915; x_wconf 87' lang='grc' dir='ltr'><strong>οί</strong></span> <span class='ocrx_word' id='word_1_186' title='bbox 3405 863 3463 915; x_wconf 84' lang='grc' dir='ltr'>δὲ</span> <span class='ocrx_word' id='word_1_187' title='bbox 3494 864 3647 934; x_wconf 60' lang='lat' dir='ltr'><strong>pall-q-</strong></span> 
     </span>
    </p>
   </div>
   <div class='ocr_carea' id='block_1_24' title="bbox 2097 943 3646 1023">
    <p class='ocr_par' dir='ltr' id='par_1_24' title="bbox 2097 943 3646 1023">
     <span class='ocr_line' id='line_1_24' title="bbox 2097 943 3646 1023; baseline 0.001 -19"><span class='ocrx_word' id='word_1_188' title='bbox 2097 952 2209 1016; x_wconf 70' lang='grc' dir='ltr'>ταὶ,</span> <span class='ocrx_word' id='word_1_189' title='bbox 2244 951 2359 1023; x_wconf 88' lang='grc' dir='ltr'>μεθ’</span> <span class='ocrx_word' id='word_1_190' title='bbox 2397 943 2472 1005; x_wconf 86' lang='grc' dir='ltr'>ὧν</span> <span class='ocrx_word' id='word_1_191' title='bbox 2510 950 2700 1021; x_wconf 71' lang='grc' dir='ltr'>ἔμελλε</span> <span class='ocrx_word' id='word_1_192' title='bbox 2748 950 2941 1021; x_wconf 87' lang='grc' dir='ltr'>μικρὸν</span> <span class='ocrx_word' id='word_1_193' title='bbox 2977 950 3163 1021; x_wconf 77' lang='grc' dir='ltr'>χρόνον</span> <span class='ocrx_word' id='word_1_194' title='bbox 3215 950 3414 1020; x_wconf 79' lang='grc' dir='ltr'><strong>μηκέτι</strong></span> <span class='ocrx_word' id='word_1_195' title='bbox 3451 949 3646 1005; x_wconf 75' lang='grc' dir='ltr'>ἔσεσθαι</span> 
     </span>
    </p>
   </div>
   <div class='ocr_carea' id='block_1_25' title="bbox 2103 1038 3644 1112">
    <p class='ocr_par' dir='ltr' id='par_1_25' title="bbox 2103 1038 3644 1112">
     <span class='ocr_line' id='line_1_25' title="bbox 2103 1038 3644 1112; baseline 0.001 -18"><span class='ocrx_word' id='word_1_196' title='bbox 2103 1040 2218 1112; x_wconf 86' lang='grc' dir='ltr'>μετ’</span> <span class='ocrx_word' id='word_1_197' title='bbox 2259 1040 2456 1105; x_wconf 83' lang='grc' dir='ltr'>αὑτῶν,</span> <span class='ocrx_word' id='word_1_198' title='bbox 2509 1040 2596 1094; x_wconf 84' lang='grc' dir='ltr'><strong>διὰ</strong></span> <span class='ocrx_word' id='word_1_199' title='bbox 2625 1039 2693 1094; x_wconf 89' lang='grc' dir='ltr'><strong>τά</strong></span> <span class='ocrx_word' id='word_1_200' title='bbox 2735 1039 3103 1112; x_wconf 83' lang='grc' dir='ltr'>προειρημένα</span> <span class='ocrx_word' id='word_1_201' title='bbox 3139 1039 3239 1093; x_wconf 85' lang='grc' dir='ltr'><strong>οὑκ</strong></span> <span class='ocrx_word' id='word_1_202' title='bbox 3271 1038 3526 1092; x_wconf 73' lang='grc' dir='ltr'><strong>ἐδύναντο</strong></span> <span class='ocrx_word' id='word_1_203' title='bbox 3552 1040 3644 1112; x_wconf 78' lang='lat'><strong>(53)</strong></span> 
     </span>
    </p>
   </div>
   <div class='ocr_carea' id='block_1_26' title="bbox 2098 1131 3647 1203">
    <p class='ocr_par' dir='ltr' id='par_1_26' title="bbox 2098 1131 3647 1203">
     <span class='ocr_line' id='line_1_26' title="bbox 2098 1131 3647 1203; baseline -0.001 -18"><span class='ocrx_word' id='word_1_204' title='bbox 2098 1132 2320 1186; x_wconf 77' lang='grc' dir='ltr'>ἕπεσθαι</span> <span class='ocrx_word' id='word_1_205' title='bbox 2375 1134 2451 1202; x_wconf 83' lang='grc' dir='ltr'>τῷ</span> <span class='ocrx_word' id='word_1_206' title='bbox 2491 1131 2648 1203; x_wconf 84' lang='grc' dir='ltr'><strong>Λόγῳ</strong></span> <span class='ocrx_word' id='word_1_207' title='bbox 2685 1133 2897 1187; x_wconf 85' lang='grc' dir='ltr'><strong>ἀπιόντι</strong></span> <span class='ocrx_word' id='word_1_208' title='bbox 2947 1133 3038 1186; x_wconf 78' lang='grc' dir='ltr'>ἐπὶ</span> <span class='ocrx_word' id='word_1_209' title='bbox 3087 1132 3185 1195; x_wconf 84' lang='grc' dir='ltr'>τὰς</span> <span class='ocrx_word' id='word_1_210' title='bbox 3230 1131 3429 1186; x_wconf 85' lang='grc' dir='ltr'>ἐαυτοῦ</span> <span class='ocrx_word' id='word_1_211' title='bbox 3466 1133 3647 1186; x_wconf 70' lang='grc' dir='ltr'>οἰκονο-</span> 
     </span>
    </p>
   </div>
   <div class='ocr_carea' id='block_1_27' title="bbox 2102 1224 3647 1297">
    <p class='ocr_par' dir='ltr' id='par_1_27' title="bbox 2102 1224 3647 1297">
     <span class='ocr_line' id='line_1_27' title="bbox 2102 1224 3647 1297; baseline 0.001 -20"><span class='ocrx_word' id='word_1_212' title='bbox 2102 1226 2250 1296; x_wconf 88' lang='grc' dir='ltr'>μίας.</span> <span class='ocrx_word' id='word_1_213' title='bbox 2298 1227 2405 1279; x_wconf 78' lang='grc' dir='ltr'><strong>Καὶ</strong></span> <span class='ocrx_word' id='word_1_214' title='bbox 2453 1227 2500 1277; x_wconf 87' lang='grc' dir='ltr'><strong>εί</strong></span> <span class='ocrx_word' id='word_1_215' title='bbox 2551 1224 2626 1297; x_wconf 76' lang='grc' dir='ltr'>μὴ</span> <span class='ocrx_word' id='word_1_216' title='bbox 2666 1225 3025 1295; x_wconf 81' lang='grc' dir='ltr'>προετέτακτο</span> <span class='ocrx_word' id='word_1_217' title='bbox 3076 1225 3191 1278; x_wconf 82' lang='grc' dir='ltr'>τοῦ·</span> <span class='ocrx_word' id='word_1_218' title='bbox 3258 1245 3276 1277; x_wconf 78' lang='lat' dir='ltr'><strong>t</strong></span> <span class='ocrx_word' id='word_1_219' title='bbox 3328 1227 3504 1280; x_wconf 83' lang='grc' dir='ltr'>’Ὀπου</span> <span class='ocrx_word' id='word_1_220' title='bbox 3551 1225 3647 1292; x_wconf 75' lang='grc' dir='ltr'>ἐγὼ</span> 
     </span>
    </p>
   </div>
   <div class='ocr_carea' id='block_1_28' title="bbox 2099 1314 3645 1386">
    <p class='ocr_par' dir='ltr' id='par_1_28' title="bbox 2099 1314 3645 1386">
     <span class='ocr_line' id='line_1_28' title="bbox 2099 1314 3645 1386; baseline 0 -18"><span class='ocrx_word' id='word_1_221' title='bbox 2099 1315 2314 1383; x_wconf 80' lang='grc' dir='ltr'>ὑπάγω,</span> <span class='ocrx_word' id='word_1_222' title='bbox 2381 1315 2536 1386; x_wconf 83' lang='grc' dir='ltr'>ὑμεῖς</span> <span class='ocrx_word' id='word_1_223' title='bbox 2576 1317 2637 1368; x_wconf 92' lang='grc' dir='ltr'><strong>οὑ</strong></span> <span class='ocrx_word' id='word_1_224' title='bbox 2683 1315 2908 1369; x_wconf 79' lang='grc' dir='ltr'>δύνασθε</span> <span class='ocrx_word' id='word_1_225' title='bbox 2960 1316 3154 1381; x_wconf 81' lang='grc' dir='ltr'>ἐλθεῖν,</span> <span class='ocrx_word' id='word_1_226' title='bbox 3200 1335 3220 1368; x_wconf 68' lang='grc' dir='ltr'><strong>ι</strong></span> <span class='ocrx_word' id='word_1_227' title='bbox 3264 1316 3345 1369; x_wconf 74' lang='grc' dir='ltr'><strong>τόο</strong></span> <span class='ocrx_word' id='word_1_228' title='bbox 3401 1337 3422 1368; x_wconf 74' lang='grc' dir='ltr'><strong>ι</strong></span> <span class='ocrx_word' id='word_1_229' title='bbox 3469 1314 3645 1380; x_wconf 81' lang='grc' dir='ltr'>Καθὼς</span> 
     </span>
    </p>
   </div>
   <div class='ocr_carea' id='block_1_29' title="bbox 2098 1402 3646 1479">
    <p class='ocr_par' dir='ltr' id='par_1_29' title="bbox 2098 1402 3646 1479">
     <span class='ocr_line' id='line_1_29' title="bbox 2098 1402 3646 1479; baseline 0.001 -19"><span class='ocrx_word' id='word_1_230' title='bbox 2098 1402 2250 1462; x_wconf 78' lang='grc' dir='ltr'>εἷπον</span> <span class='ocrx_word' id='word_1_231' title='bbox 2281 1408 2390 1479; x_wconf 67' lang='grc'><strong>(54)</strong></span> <span class='ocrx_word' id='word_1_232' title='bbox 2418 1411 2531 1472; x_wconf 87' lang='grc' dir='ltr'>τοῖς</span> <span class='ocrx_word' id='word_1_233' title='bbox 2568 1409 2854 1474; x_wconf 81' lang='grc' dir='ltr'>Ἰουδαίοις,</span> <span class='ocrx_word' id='word_1_234' title='bbox 2883 1429 2901 1461; x_wconf 76' lang='grc' dir='ltr'><strong>ι</strong></span> <span class='ocrx_word' id='word_1_235' title='bbox 2936 1410 3035 1463; x_wconf 86' lang='grc' dir='ltr'>κᾶν</span> <span class='ocrx_word' id='word_1_236' title='bbox 3053 1407 3422 1478; x_wconf 79' lang='grc' dir='ltr'>ἁπλούστερον</span> <span class='ocrx_word' id='word_1_237' title='bbox 3451 1409 3646 1462; x_wconf 74' lang='grc' dir='ltr'>ἐδόκουν</span> 
     </span>
    </p>
   </div>
   <div class='ocr_carea' id='block_1_30' title="bbox 2101 1499 3646 1573">
    <p class='ocr_par' dir='ltr' id='par_1_30' title="bbox 2101 1499 3646 1573">
     <span class='ocr_line' id='line_1_30' title="bbox 2101 1499 3646 1573; baseline -0.001 -20"><span class='ocrx_word' id='word_1_238' title='bbox 2101 1500 2197 1570; x_wconf 84' lang='grc' dir='ltr'>μὲν</span> <span class='ocrx_word' id='word_1_239' title='bbox 2225 1499 2395 1553; x_wconf 88' lang='grc' dir='ltr'>ταῦτα</span> <span class='ocrx_word' id='word_1_240' title='bbox 2431 1501 2700 1573; x_wconf 74' lang='grc' dir='ltr'>εἰρῆσθαι,</span> <span class='ocrx_word' id='word_1_241' title='bbox 2742 1502 3119 1572; x_wconf 82' lang='grc' dir='ltr'>ἀναφερόμενα</span> <span class='ocrx_word' id='word_1_242' title='bbox 3164 1501 3255 1553; x_wconf 78' lang='grc' dir='ltr'><strong>ἐπὶ</strong></span> <span class='ocrx_word' id='word_1_243' title='bbox 3286 1501 3391 1572; x_wconf 84' lang='grc' dir='ltr'>τὴν</span> <span class='ocrx_word' id='word_1_244' title='bbox 3430 1500 3534 1553; x_wconf 74' lang='grc' dir='ltr'>ἀπὸ</span> <span class='ocrx_word' id='word_1_245' title='bbox 3566 1499 3646 1553; x_wconf 85' lang='grc' dir='ltr'><strong>τοῦ</strong></span> 
     </span>
    </p>
   </div>
   <div class='ocr_carea' id='block_1_31' title="bbox 2100 1590 3647 1664">
    <p class='ocr_par' dir='ltr' id='par_1_31' title="bbox 2100 1590 3647 1664">
     <span class='ocr_line' id='line_1_31' title="bbox 2100 1590 3647 1664; baseline 0.001 -20"><span class='ocrx_word' id='word_1_246' title='bbox 2100 1590 2215 1661; x_wconf 88' lang='grc' dir='ltr'>βίου</span> <span class='ocrx_word' id='word_1_247' title='bbox 2248 1591 2420 1656; x_wconf 78' lang='grc' dir='ltr'>ἔξοδον</span> <span class='ocrx_word' id='word_1_248' title='bbox 2452 1593 2551 1661; x_wconf 86' lang='grc' dir='ltr'><strong>τῆς</strong></span> <span class='ocrx_word' id='word_1_249' title='bbox 2591 1592 2765 1664; x_wconf 81' lang='grc' dir='ltr'><strong>Ἰησοῦ</strong></span> <span class='ocrx_word' id='word_1_250' title='bbox 2799 1592 2974 1663; x_wconf 76' lang='grc' dir='ltr'>ψυχῆς</span> <span class='ocrx_word' id='word_1_251' title='bbox 3011 1592 3125 1646; x_wconf 86' lang='grc' dir='ltr'>νῦν.</span> <span class='ocrx_word' id='word_1_252' title='bbox 3155 1594 3216 1645; x_wconf 81' lang='lat' dir='ltr'><strong>Ei</strong></span> <span class='ocrx_word' id='word_1_253' title='bbox 3247 1592 3306 1644; x_wconf 86' lang='grc' dir='ltr'><strong>δὲ</strong></span> <span class='ocrx_word' id='word_1_254' title='bbox 3338 1593 3438 1645; x_wconf 63' lang='grc' dir='ltr'><strong>καὶ⁵</strong></span> <span class='ocrx_word' id='word_1_255' title='bbox 3464 1594 3510 1645; x_wconf 87' lang='grc' dir='ltr'>οἱ</span> <span class='ocrx_word' id='word_1_256' title='bbox 3535 1592 3647 1646; x_wconf 71' lang='grc' dir='ltr'><strong>Ἰω-</strong></span> 
     </span>
    </p>
   </div>
   <div class='ocr_carea' id='block_1_32' title="bbox 2095 1683 3645 1757">
    <p class='ocr_par' dir='ltr' id='par_1_32' title="bbox 2095 1683 3645 1757">
     <span class='ocr_line' id='line_1_32' title="bbox 2095 1683 3645 1757; baseline 0.001 -19"><span class='ocrx_word' id='word_1_257' title='bbox 2095 1683 2233 1738; x_wconf 84' lang='grc' dir='ltr'>δαῖοι</span> <span class='ocrx_word' id='word_1_258' title='bbox 2269 1685 2627 1756; x_wconf 82' lang='grc' dir='ltr'>ἀποθνήσκειν</span> <span class='ocrx_word' id='word_1_259' title='bbox 2651 1685 2891 1757; x_wconf 78' lang='grc' dir='ltr'>ἔμελλον,</span> <span class='ocrx_word' id='word_1_260' title='bbox 2929 1685 3023 1740; x_wconf 84' lang='grc' dir='ltr'><strong>καὶ</strong></span> <span class='ocrx_word' id='word_1_261' title='bbox 3053 1687 3082 1738; x_wconf 83' lang='grc' dir='ltr'><strong>ό</strong></span> <span class='ocrx_word' id='word_1_262' title='bbox 3117 1685 3324 1756; x_wconf 84' lang='grc' dir='ltr'>Ἰησοῦς</span> <span class='ocrx_word' id='word_1_263' title='bbox 3358 1684 3645 1751; x_wconf 79' lang='grc' dir='ltr'>ἀποθανὼν,</span> 
     </span>
    </p>
   </div>
   <div class='ocr_carea' id='block_1_33' title="bbox 2095 1773 3642 1847">
    <p class='ocr_par' dir='ltr' id='par_1_33' title="bbox 2095 1773 3642 1847">
     <span class='ocr_line' id='line_1_33' title="bbox 2095 1773 3642 1847; baseline 0 -19"><span class='ocrx_word' id='word_1_264' title='bbox 2095 1773 2190 1828; x_wconf 71' lang='grc' dir='ltr'><strong>καὶ</strong></span> <span class='ocrx_word' id='word_1_265' title='bbox 2213 1774 2550 1841; x_wconf 78' lang='grc' dir='ltr'>καταϐαίνων</span> <span class='ocrx_word' id='word_1_266' title='bbox 2578 1774 2689 1847; x_wconf 82' lang='grc'>(55)</span> <span class='ocrx_word' id='word_1_267' title='bbox 2707 1777 2785 1840; x_wconf 88' lang='grc' dir='ltr'><strong>είς</strong></span> <span class='ocrx_word' id='word_1_268' title='bbox 2805 1775 2953 1847; x_wconf 73' lang='grc' dir='ltr'>ᾅδου,</span> <span class='ocrx_word' id='word_1_269' title='bbox 2977 1776 3094 1839; x_wconf 88' lang='grc' dir='ltr'><strong>πῶς</strong></span> <span class='ocrx_word' id='word_1_270' title='bbox 3107 1776 3237 1830; x_wconf 83' lang='grc' dir='ltr'>ὅπου</span> <span class='ocrx_word' id='word_1_271' title='bbox 3260 1775 3516 1845; x_wconf 84' lang='grc' dir='ltr'>όἸησοῦς</span> <span class='ocrx_word' id='word_1_272' title='bbox 3533 1775 3642 1846; x_wconf 82' lang='grc' dir='ltr'>ὑπῆ-</span> 
     </span>
    </p>
   </div>
   <div class='ocr_carea' id='block_1_34' title="bbox 436 1857 2011 1942">
    <p class='ocr_par' dir='ltr' id='par_1_34' title="bbox 436 1869 1996 1942">
     <span class='ocr_line' id='line_1_34' title="bbox 436 1869 1996 1942; baseline 0.002 -19"><span class='ocrx_word' id='word_1_273' title='bbox 436 1869 755 1926; x_wconf 90' lang='lat' dir='ltr'><strong>Sermonem</strong></span> <span class='ocrx_word' id='word_1_274' title='bbox 782 1874 1068 1930; x_wconf 90' lang='lat' dir='ltr'><strong>abeuntem</strong></span> <span class='ocrx_word' id='word_1_275' title='bbox 1099 1874 1166 1928; x_wconf 90' lang='lat' dir='ltr'><strong>ad</strong></span> <span class='ocrx_word' id='word_1_276' title='bbox 1192 1887 1318 1929; x_wconf 91' lang='lat' dir='ltr'><strong>suas</strong></span> <span class='ocrx_word' id='word_1_277' title='bbox 1344 1872 1513 1942; x_wconf 87' lang='lat' dir='ltr'><strong>ipsius</strong></span> <span class='ocrx_word' id='word_1_278' title='bbox 1540 1870 1996 1942; x_wconf 82' lang='lat' dir='ltr'><strong>dispensationes.</strong></span> 
     </span>
    </p>
   </div>
   <div class='ocr_carea' id='block_1_35' title="bbox 2106 1857 3644 1942">
    <p class='ocr_par' dir='ltr' id='par_1_35' title="bbox 2106 1867 3644 1939">
     <span class='ocr_line' id='line_1_35' title="bbox 2106 1867 3644 1939; baseline -0.001 -19"><span class='ocrx_word' id='word_1_279' title='bbox 2106 1883 2215 1936; x_wconf 85' lang='grc' dir='ltr'>γεν,</span> <span class='ocrx_word' id='word_1_280' title='bbox 2259 1869 2453 1924; x_wconf 81' lang='grc' dir='ltr'>ἐκεῖνοι</span> <span class='ocrx_word' id='word_1_281' title='bbox 2497 1869 2600 1923; x_wconf 83' lang='grc' dir='ltr'><strong>οὑκ</strong></span> <span class='ocrx_word' id='word_1_282' title='bbox 2643 1867 2891 1922; x_wconf 76' lang='grc' dir='ltr'>ἐδύναντο</span> <span class='ocrx_word' id='word_1_283' title='bbox 2924 1867 3203 1934; x_wconf 85' lang='grc' dir='ltr'>ἀπελθεῖν;</span> <span class='ocrx_word' id='word_1_284' title='bbox 3237 1867 3385 1921; x_wconf 85' lang='grc' dir='ltr'>Ἀλλ’</span> <span class='ocrx_word' id='word_1_285' title='bbox 3422 1870 3535 1939; x_wconf 88' lang='grc' dir='ltr'>ἐρεῖ</span> <span class='ocrx_word' id='word_1_286' title='bbox 3554 1884 3644 1930; x_wconf 82' lang='grc' dir='ltr'>τις,</span> 
     </span>
    </p>
   </div>
   <div class='ocr_carea' id='block_1_36' title="bbox 437 1959 2001 2037">
    <p class='ocr_par' dir='ltr' id='par_1_36' title="bbox 437 1959 2001 2037">
     <span class='ocr_line' id='line_1_36' title="bbox 437 1959 2001 2037; baseline 0.004 -22"><span class='ocrx_word' id='word_1_287' title='bbox 437 1959 504 2017; x_wconf 85' lang='grc' dir='ltr'>Ει</span> <span class='ocrx_word' id='word_1_288' title='bbox 530 1963 634 2018; x_wconf 89' lang='lat' dir='ltr'><strong>nisi</strong></span> <span class='ocrx_word' id='word_1_289' title='bbox 666 1965 753 2021; x_wconf 90' lang='lat' dir='ltr'><strong>his</strong></span> <span class='ocrx_word' id='word_1_290' title='bbox 778 1966 982 2032; x_wconf 87' lang='lat' dir='ltr'><strong>verbis,</strong></span> <span class='ocrx_word' id='word_1_291' title='bbox 1019 1984 1039 2018; x_wconf 86' lang='grc'><em>‹</em></span> <span class='ocrx_word' id='word_1_292' title='bbox 1067 1982 1172 2037; x_wconf 84' lang='lat' dir='ltr'><strong>quo</strong></span> <span class='ocrx_word' id='word_1_293' title='bbox 1209 1980 1307 2036; x_wconf 83' lang='lat' dir='ltr'><strong>ego</strong></span> <span class='ocrx_word' id='word_1_294' title='bbox 1339 1965 1498 2034; x_wconf 89' lang='lat' dir='ltr'><strong>vado,</strong></span> <span class='ocrx_word' id='word_1_295' title='bbox 1521 1979 1621 2021; x_wconf 86' lang='lat' dir='ltr'><strong>vos</strong></span> <span class='ocrx_word' id='word_1_296' title='bbox 1641 1979 1748 2020; x_wconf 94' lang='lat' dir='ltr'><strong>non</strong></span> <span class='ocrx_word' id='word_1_297' title='bbox 1775 1965 2001 2037; x_wconf 89' lang='lat' dir='ltr'><strong>potestis</strong></span> 
     </span>
    </p>
   </div>
   <div class='ocr_carea' id='block_1_37' title="bbox 432 2051 1994 2127">
    <p class='ocr_par' dir='ltr' id='par_1_37' title="bbox 432 2051 1994 2127">
     <span class='ocr_line' id='line_1_37' title="bbox 432 2051 1994 2127; baseline 0.001 -22"><span class='ocrx_word' id='word_1_298' title='bbox 432 2056 622 2110; x_wconf 89' lang='lat' dir='ltr'><strong>venire</strong></span> <span class='ocrx_word' id='word_1_299' title='bbox 653 2095 668 2122; x_wconf 98' lang='lat'><strong>,</strong></span> <span class='ocrx_word' id='word_1_300' title='bbox 707 2073 727 2108; x_wconf 72' lang='grc' dir='ltr'><strong>ι</strong></span> <span class='ocrx_word' id='word_1_301' title='bbox 799 2058 1091 2127; x_wconf 82' lang='lat' dir='ltr'><strong>praeposita</strong></span> <span class='ocrx_word' id='word_1_302' title='bbox 1132 2058 1366 2112; x_wconf 85' lang='lat' dir='ltr'><strong>fuissent</strong></span> <span class='ocrx_word' id='word_1_303' title='bbox 1412 2057 1568 2124; x_wconf 60' lang='lat' dir='ltr'><strong>hac,</strong></span> <span class='ocrx_word' id='word_1_304' title='bbox 1622 2072 1642 2108; x_wconf 76' lang='grc' dir='ltr'><strong>ι</strong></span> <span class='ocrx_word' id='word_1_305' title='bbox 1667 2056 1810 2112; x_wconf 90' lang='lat' dir='ltr'><strong>sicut</strong></span> <span class='ocrx_word' id='word_1_306' title='bbox 1877 2051 1994 2111; x_wconf 90' lang='lat' dir='ltr'><strong>dixi</strong></span> 
     </span>
    </p>
   </div>
   <div class='ocr_carea' id='block_1_38' title="bbox 430 2141 1998 2219">
    <p class='ocr_par' dir='ltr' id='par_1_38' title="bbox 430 2141 1998 2219">
     <span class='ocr_line' id='line_1_38' title="bbox 430 2141 1998 2219; baseline 0.001 -21"><span class='ocrx_word' id='word_1_307' title='bbox 430 2141 712 2211; x_wconf 63' lang='lat' dir='ltr'><strong>Judaeis,»</strong></span> <span class='ocrx_word' id='word_1_308' title='bbox 782 2148 1084 2219; x_wconf 90' lang='lat' dir='ltr'><strong>simplicius</strong></span> <span class='ocrx_word' id='word_1_309' title='bbox 1143 2151 1612 2206; x_wconf 87' lang='lat' dir='ltr'><strong>existimassemus</strong></span> <span class='ocrx_word' id='word_1_310' title='bbox 1670 2149 1788 2204; x_wconf 86' lang='lat' dir='ltr'><strong>haec</strong></span> <span class='ocrx_word' id='word_1_311' title='bbox 1834 2147 1998 2203; x_wconf 87' lang='lat' dir='ltr'><strong>etiam</strong></span> 
     </span>
    </p>
   </div>
   <div class='ocr_carea' id='block_1_39' title="bbox 432 2233 2000 2304">
    <p class='ocr_par' dir='ltr' id='par_1_39' title="bbox 432 2233 2000 2304">
     <span class='ocr_line' id='line_1_39' title="bbox 432 2233 2000 2304; baseline 0.001 -14"><span class='ocrx_word' id='word_1_312' title='bbox 432 2233 575 2290; x_wconf 89' lang='lat' dir='ltr'><strong>dicta</strong></span> <span class='ocrx_word' id='word_1_313' title='bbox 620 2234 786 2292; x_wconf 90' lang='lat' dir='ltr'><strong>fuisse</strong></span> <span class='ocrx_word' id='word_1_314' title='bbox 810 2278 826 2304; x_wconf 91' lang='lat'><strong>,</strong></span> <span class='ocrx_word' id='word_1_315' title='bbox 879 2237 1181 2294; x_wconf 86' lang='lat' dir='ltr'><strong>referentes</strong></span> <span class='ocrx_word' id='word_1_316' title='bbox 1215 2239 1440 2294; x_wconf 85' lang='lat' dir='ltr'><strong>verbum</strong></span> <span class='ocrx_word' id='word_1_317' title='bbox 1486 2254 1622 2293; x_wconf 84' lang='lat' dir='ltr'><strong>nunc</strong></span> <span class='ocrx_word' id='word_1_318' title='bbox 1680 2238 1748 2293; x_wconf 89' lang='lat' dir='ltr'><strong>ad</strong></span> <span class='ocrx_word' id='word_1_319' title='bbox 1778 2237 1832 2294; x_wconf 92' lang='lat' dir='ltr'><strong>id</strong></span> <span class='ocrx_word' id='word_1_320' title='bbox 1863 2245 2000 2294; x_wconf 88' lang='lat' dir='ltr'><strong>tem-</strong></span> 
     </span>
    </p>
   </div>
   <div class='ocr_carea' id='block_1_40' title="bbox 432 2325 1998 2397">
    <p class='ocr_par' dir='ltr' id='par_1_40' title="bbox 432 2325 1998 2397">
     <span class='ocr_line' id='line_1_40' title="bbox 432 2325 1998 2397; baseline 0.003 -18"><span class='ocrx_word' id='word_1_321' title='bbox 432 2325 582 2394; x_wconf 90' lang='lat' dir='ltr'><strong>poris</strong></span> <span class='ocrx_word' id='word_1_322' title='bbox 614 2365 630 2392; x_wconf 93' lang='lat'><strong>,</strong></span> <span class='ocrx_word' id='word_1_323' title='bbox 691 2342 801 2397; x_wconf 89' lang='lat' dir='ltr'><strong>quo</strong></span> <span class='ocrx_word' id='word_1_324' title='bbox 841 2328 1018 2384; x_wconf 89' lang='lat' dir='ltr'><strong>anima</strong></span> <span class='ocrx_word' id='word_1_325' title='bbox 1052 2328 1182 2386; x_wconf 85' lang='lat' dir='ltr'><strong>Jesu</strong></span> <span class='ocrx_word' id='word_1_326' title='bbox 1223 2345 1256 2386; x_wconf 94' lang='lat' dir='ltr'><strong>e</strong></span> <span class='ocrx_word' id='word_1_327' title='bbox 1285 2330 1394 2385; x_wconf 86' lang='lat' dir='ltr'><strong>vita</strong></span> <span class='ocrx_word' id='word_1_328' title='bbox 1451 2331 1765 2386; x_wconf 88' lang='lat' dir='ltr'><strong>decedebat.</strong></span> <span class='ocrx_word' id='word_1_329' title='bbox 1824 2329 1998 2386; x_wconf 83' lang='lat' dir='ltr'><strong>Caete-</strong></span> 
     </span>
    </p>
   </div>
   <div class='ocr_carea' id='block_1_41' title="bbox 435 2416 1997 2490">
    <p class='ocr_par' dir='ltr' id='par_1_41' title="bbox 435 2416 1997 2490">
     <span class='ocr_line' id='line_1_41' title="bbox 435 2416 1997 2490; baseline 0.003 -20"><span class='ocrx_word' id='word_1_330' title='bbox 435 2431 555 2472; x_wconf 91' lang='lat' dir='ltr'><strong>rum</strong></span> <span class='ocrx_word' id='word_1_331' title='bbox 608 2418 653 2473; x_wconf 88' lang='lat' dir='ltr'><strong>si</strong></span> <span class='ocrx_word' id='word_1_332' title='bbox 705 2416 874 2474; x_wconf 78' lang='lat' dir='ltr'><strong>Judaei</strong></span> <span class='ocrx_word' id='word_1_333' title='bbox 911 2420 1136 2490; x_wconf 90' lang='lat' dir='ltr'><strong>perituri</strong></span> <span class='ocrx_word' id='word_1_334' title='bbox 1171 2429 1371 2489; x_wconf 86' lang='lat' dir='ltr'><strong>erant,</strong></span> <span class='ocrx_word' id='word_1_335' title='bbox 1406 2428 1462 2476; x_wconf 90' lang='lat' dir='ltr'><strong>et</strong></span> <span class='ocrx_word' id='word_1_336' title='bbox 1491 2419 1648 2476; x_wconf 83' lang='lat' dir='ltr'><strong>Jesus</strong></span> <span class='ocrx_word' id='word_1_337' title='bbox 1683 2419 1958 2490; x_wconf 90' lang='lat' dir='ltr'><strong>periturus</strong></span> <span class='ocrx_word' id='word_1_338' title='bbox 1980 2457 1997 2486; x_wconf 93' lang='lat'><strong>,</strong></span> 
     </span>
    </p>
   </div>
   <div class='ocr_carea' id='block_1_42' title="bbox 435 2508 1995 2581">
    <p class='ocr_par' dir='ltr' id='par_1_42' title="bbox 435 2508 1995 2581">
     <span class='ocr_line' id='line_1_42' title="bbox 435 2508 1995 2581; baseline 0.003 -19"><span class='ocrx_word' id='word_1_339' title='bbox 435 2508 910 2581; x_wconf 89' lang='lat' dir='ltr'><strong>descensurusque</strong></span> <span class='ocrx_word' id='word_1_340' title='bbox 975 2511 1044 2567; x_wconf 82' lang='lat' dir='ltr'><strong>ad</strong></span> <span class='ocrx_word' id='word_1_341' title='bbox 1100 2510 1341 2580; x_wconf 90' lang='lat' dir='ltr'><strong>inferos,</strong></span> <span class='ocrx_word' id='word_1_342' title='bbox 1425 2511 1697 2581; x_wconf 90' lang='lat' dir='ltr'><strong>quomodo</strong></span> <span class='ocrx_word' id='word_1_343' title='bbox 1747 2512 1829 2569; x_wconf 87' lang='lat' dir='ltr'><strong>ire</strong></span> <span class='ocrx_word' id='word_1_344' title='bbox 1881 2527 1995 2566; x_wconf 94' lang='lat' dir='ltr'><strong>non</strong></span> 
     </span>
    </p>
   </div>
   <div class='ocr_carea' id='block_1_43' title="bbox 432 2604 1998 2674">
    <p class='ocr_par' dir='ltr' id='par_1_43' title="bbox 432 2604 1998 2674">
     <span class='ocr_line' id='line_1_43' title="bbox 432 2604 1998 2674; baseline 0.002 -17"><span class='ocrx_word' id='word_1_345' title='bbox 432 2610 688 2670; x_wconf 84' lang='lat' dir='ltr'><strong>poterant</strong></span> <span class='ocrx_word' id='word_1_346' title='bbox 746 2619 854 2674; x_wconf 93' lang='lat' dir='ltr'><strong>quo</strong></span> <span class='ocrx_word' id='word_1_347' title='bbox 903 2605 1062 2661; x_wconf 82' lang='lat' dir='ltr'><strong>Jesus</strong></span> <span class='ocrx_word' id='word_1_348' title='bbox 1131 2605 1362 2661; x_wconf 80' lang='lat' dir='ltr'><strong>abibat?</strong></span> <span class='ocrx_word' id='word_1_349' title='bbox 1437 2606 1545 2662; x_wconf 88' lang='lat' dir='ltr'><strong>Sed</strong></span> <span class='ocrx_word' id='word_1_350' title='bbox 1605 2605 1750 2662; x_wconf 91' lang='lat' dir='ltr'><strong>dicet</strong></span> <span class='ocrx_word' id='word_1_351' title='bbox 1803 2604 1998 2674; x_wconf 88' lang='lat' dir='ltr'><strong>aliquis</strong></span> 
     </span>
    </p>
   </div>
   <div class='ocr_carea' id='block_1_44' title="bbox 429 2692 1994 2766">
    <p class='ocr_par' dir='ltr' id='par_1_44' title="bbox 429 2692 1994 2766">
     <span class='ocr_line' id='line_1_44' title="bbox 429 2692 1994 2766; baseline 0 -16"><span class='ocrx_word' id='word_1_352' title='bbox 429 2692 593 2764; x_wconf 66' lang='grc'><strong>455</strong></span> <span class='ocrx_word' id='word_1_353' title='bbox 615 2695 756 2764; x_wconf 89' lang='lat' dir='ltr'><strong>quod</strong></span> <span class='ocrx_word' id='word_1_354' title='bbox 777 2696 830 2750; x_wconf 93' lang='lat' dir='ltr'><strong>in</strong></span> <span class='ocrx_word' id='word_1_355' title='bbox 848 2698 1097 2766; x_wconf 88' lang='lat' dir='ltr'><strong>paradiso</strong></span> <span class='ocrx_word' id='word_1_356' title='bbox 1127 2697 1220 2753; x_wconf 90' lang='lat' dir='ltr'><strong>Dei</strong></span> <span class='ocrx_word' id='word_1_357' title='bbox 1246 2698 1407 2752; x_wconf 89' lang='lat' dir='ltr'><strong>etiam</strong></span> <span class='ocrx_word' id='word_1_358' title='bbox 1431 2696 1646 2752; x_wconf 88' lang='lat' dir='ltr'><strong>futurus</strong></span> <span class='ocrx_word' id='word_1_359' title='bbox 1679 2695 1994 2760; x_wconf 84' lang='lat' dir='ltr'><strong>eratJesus,</strong></span> 
     </span>
    </p>
   </div>
   <div class='ocr_carea' id='block_1_45' title="bbox 433 2787 1997 2860">
    <p class='ocr_par' dir='ltr' id='par_1_45' title="bbox 433 2787 1997 2860">
     <span class='ocr_line' id='line_1_45' title="bbox 433 2787 1997 2860; baseline 0.001 -20"><span class='ocrx_word' id='word_1_360' title='bbox 433 2788 500 2840; x_wconf 90' lang='lat' dir='ltr'><strong>ad</strong></span> <span class='ocrx_word' id='word_1_361' title='bbox 521 2801 704 2857; x_wconf 91' lang='lat' dir='ltr'><strong>quem,</strong></span> <span class='ocrx_word' id='word_1_362' title='bbox 733 2789 823 2858; x_wconf 91' lang='lat' dir='ltr'><strong>qui</strong></span> <span class='ocrx_word' id='word_1_363' title='bbox 846 2789 900 2844; x_wconf 94' lang='lat' dir='ltr'><strong>in</strong></span> <span class='ocrx_word' id='word_1_364' title='bbox 923 2789 1162 2860; x_wconf 86' lang='lat' dir='ltr'><strong>peccatis</strong></span> <span class='ocrx_word' id='word_1_365' title='bbox 1185 2789 1297 2845; x_wconf 91' lang='lat' dir='ltr'><strong>suis</strong></span> <span class='ocrx_word' id='word_1_366' title='bbox 1315 2787 1706 2852; x_wconf 83' lang='lat' dir='ltr'><strong>moriebantur,</strong></span> <span class='ocrx_word' id='word_1_367' title='bbox 1726 2787 1997 2859; x_wconf 84' lang='lat' dir='ltr'><strong>proficisci</strong></span> 
     </span>
    </p>
   </div>
   <div class='ocr_carea' id='block_1_46' title="bbox 431 2878 2000 2952">
    <p class='ocr_par' dir='ltr' id='par_1_46' title="bbox 431 2878 2000 2952">
     <span class='ocr_line' id='line_1_46' title="bbox 431 2878 2000 2952; baseline 0 -15"><span class='ocrx_word' id='word_1_368' title='bbox 431 2897 540 2937; x_wconf 87' lang='lat' dir='ltr'><strong>non</strong></span> <span class='ocrx_word' id='word_1_369' title='bbox 562 2890 847 2952; x_wconf 90' lang='lat' dir='ltr'><strong>poterant;</strong></span> <span class='ocrx_word' id='word_1_370' title='bbox 884 2881 1180 2951; x_wconf 86' lang='lat' dir='ltr'><strong>discipulos</strong></span> <span class='ocrx_word' id='word_1_371' title='bbox 1230 2895 1360 2936; x_wconf 88' lang='lat' dir='ltr'><strong>vero</strong></span> <span class='ocrx_word' id='word_1_372' title='bbox 1399 2878 1528 2936; x_wconf 85' lang='lat' dir='ltr'><strong>Jesu</strong></span> <span class='ocrx_word' id='word_1_373' title='bbox 1577 2878 1700 2937; x_wconf 87' lang='lat' dir='ltr'><strong>cum</strong></span> <span class='ocrx_word' id='word_1_374' title='bbox 1748 2890 1877 2936; x_wconf 91' lang='lat' dir='ltr'><strong>tunc</strong></span> <span class='ocrx_word' id='word_1_375' title='bbox 1918 2882 2000 2938; x_wconf 87' lang='lat' dir='ltr'><strong>ire</strong></span> 
     </span>
    </p>
   </div>
   <div class='ocr_carea' id='block_1_47' title="bbox 434 2973 1996 3044">
    <p class='ocr_par' dir='ltr' id='par_1_47' title="bbox 434 2973 1996 3044">
     <span class='ocr_line' id='line_1_47' title="bbox 434 2973 1996 3044; baseline 0.001 -16"><span class='ocrx_word' id='word_1_376' title='bbox 434 2989 540 3029; x_wconf 91' lang='lat' dir='ltr'><strong>non</strong></span> <span class='ocrx_word' id='word_1_377' title='bbox 577 2982 816 3044; x_wconf 89' lang='lat' dir='ltr'><strong>possent,</strong></span> <span class='ocrx_word' id='word_1_378' title='bbox 855 2982 1041 3044; x_wconf 90' lang='lat' dir='ltr'><strong>postea</strong></span> <span class='ocrx_word' id='word_1_379' title='bbox 1095 2975 1373 3044; x_wconf 89' lang='lat' dir='ltr'><strong>p0tuisse;</strong></span> <span class='ocrx_word' id='word_1_380' title='bbox 1429 2974 1638 3030; x_wconf 90' lang='lat' dir='ltr'><strong>idcirco</strong></span> <span class='ocrx_word' id='word_1_381' title='bbox 1687 2973 1892 3030; x_wconf 75' lang='lat' dir='ltr'><strong>Iudaeis</strong></span> <span class='ocrx_word' id='word_1_382' title='bbox 1943 2975 1996 3029; x_wconf 92' lang='lat' dir='ltr'><strong>in</strong></span> 
     </span>
    </p>
   </div>
   <div class='ocr_carea' id='block_1_48' title="bbox 433 3063 1999 3135">
    <p class='ocr_par' dir='ltr' id='par_1_48' title="bbox 433 3063 1999 3135">
     <span class='ocr_line' id='line_1_48' title="bbox 433 3063 1999 3135; baseline 0.001 -14"><span class='ocrx_word' id='word_1_383' title='bbox 433 3075 656 3135; x_wconf 83' lang='lat' dir='ltr'><strong>peccato</strong></span> <span class='ocrx_word' id='word_1_384' title='bbox 701 3080 801 3122; x_wconf 85' lang='lat' dir='ltr'><strong>suo</strong></span> <span class='ocrx_word' id='word_1_385' title='bbox 858 3065 1215 3121; x_wconf 86' lang='lat' dir='ltr'><strong>morientibus</strong></span> <span class='ocrx_word' id='word_1_386' title='bbox 1281 3067 1485 3123; x_wconf 90' lang='lat' dir='ltr'><strong>dictum</strong></span> <span class='ocrx_word' id='word_1_387' title='bbox 1535 3065 1702 3122; x_wconf 89' lang='lat' dir='ltr'><strong>fuisse</strong></span> <span class='ocrx_word' id='word_1_388' title='bbox 1763 3087 1776 3122; x_wconf 94' lang='lat'>:</span> <span class='ocrx_word' id='word_1_389' title='bbox 1816 3084 1838 3118; x_wconf 77' lang='grc' dir='ltr'><strong>ι</strong></span> <span class='ocrx_word' id='word_1_390' title='bbox 1881 3063 1999 3132; x_wconf 84' lang='lat' dir='ltr'><strong>Quo</strong></span> 
     </span>
    </p>
   </div>
   <div class='ocr_carea' id='block_1_49' title="bbox 2099 1957 3642 2032">
    <p class='ocr_par' dir='ltr' id='par_1_49' title="bbox 2099 1957 3642 2032">
     <span class='ocr_line' id='line_1_49' title="bbox 2099 1957 3642 2032; baseline 0 -21"><span class='ocrx_word' id='word_1_391' title='bbox 2099 1958 2220 2012; x_wconf 84' lang='grc' dir='ltr'>ἐπεὶ</span> <span class='ocrx_word' id='word_1_392' title='bbox 2271 1959 2366 2013; x_wconf 74' lang='grc' dir='ltr'><strong>καὶ</strong></span> <span class='ocrx_word' id='word_1_393' title='bbox 2421 1961 2479 2013; x_wconf 93' lang='grc' dir='ltr'><strong>ἐν</strong></span> <span class='ocrx_word' id='word_1_394' title='bbox 2513 1960 2594 2032; x_wconf 82' lang='grc' dir='ltr'><strong>τῷ</strong></span> <span class='ocrx_word' id='word_1_395' title='bbox 2635 1960 2959 2031; x_wconf 80' lang='grc' dir='ltr'>’παραδείσῳ</span> <span class='ocrx_word' id='word_1_396' title='bbox 3017 1959 3206 2031; x_wconf 76' lang='grc' dir='ltr'>ἔμελλε</span> <span class='ocrx_word' id='word_1_397' title='bbox 3253 1959 3507 2029; x_wconf 87' lang='grc' dir='ltr'>γίνεσθαι</span> <span class='ocrx_word' id='word_1_398' title='bbox 3563 1957 3642 2012; x_wconf 78' lang='grc' dir='ltr'><strong>τοῦ</strong></span> 
     </span>
    </p>
   </div>
   <div class='ocr_carea' id='block_1_50' title="bbox 2097 2049 3646 2123">
    <p class='ocr_par' dir='ltr' id='par_1_50' title="bbox 2097 2049 3646 2123">
     <span class='ocr_line' id='line_1_50' title="bbox 2097 2049 3646 2123; baseline 0.001 -20"><span class='ocrx_word' id='word_1_399' title='bbox 2097 2049 2256 2116; x_wconf 87' lang='grc' dir='ltr'>Θεοῦ,</span> <span class='ocrx_word' id='word_1_400' title='bbox 2297 2050 2426 2105; x_wconf 78' lang='grc' dir='ltr'>ἔνθα</span> <span class='ocrx_word' id='word_1_401' title='bbox 2457 2053 2505 2106; x_wconf 78' lang='grc' dir='ltr'><strong>οἱ</strong></span> <span class='ocrx_word' id='word_1_402' title='bbox 2535 2052 2632 2123; x_wconf 78' lang='grc' dir='ltr'><strong>μὲν</strong></span> <span class='ocrx_word' id='word_1_403' title='bbox 2663 2053 2720 2105; x_wconf 90' lang='grc' dir='ltr'><strong>ἐν</strong></span> <span class='ocrx_word' id='word_1_404' title='bbox 2765 2054 2885 2115; x_wconf 89' lang='grc' dir='ltr'>ταῖς</span> <span class='ocrx_word' id='word_1_405' title='bbox 2921 2052 3218 2123; x_wconf 79' lang='grc' dir='ltr'>ἁμαρτίαις</span> <span class='ocrx_word' id='word_1_406' title='bbox 3245 2051 3433 2106; x_wconf 81' lang='grc' dir='ltr'>αὑτῶν</span> <span class='ocrx_word' id='word_1_407' title='bbox 3463 2051 3646 2104; x_wconf 74' lang='grc' dir='ltr'>ἀποθα-</span> 
     </span>
    </p>
   </div>
   <div class='ocr_carea' id='block_1_51' title="bbox 2098 2140 3643 2214">
    <p class='ocr_par' dir='ltr' id='par_1_51' title="bbox 2098 2140 3643 2214">
     <span class='ocr_line' id='line_1_51' title="bbox 2098 2140 3643 2214; baseline 0.001 -20"><span class='ocrx_word' id='word_1_408' title='bbox 2098 2140 2349 2213; x_wconf 90' lang='grc' dir='ltr'>νούμενοι</span> <span class='ocrx_word' id='word_1_409' title='bbox 2380 2143 2626 2212; x_wconf 88' lang='grc' dir='ltr'>γίνεσθαι</span> <span class='ocrx_word' id='word_1_410' title='bbox 2649 2144 2750 2197; x_wconf 91' lang='grc' dir='ltr'><strong>οὑκ</strong></span> <span class='ocrx_word' id='word_1_411' title='bbox 2783 2143 3025 2214; x_wconf 77' lang='grc' dir='ltr'>ἔμελλον,</span> <span class='ocrx_word' id='word_1_412' title='bbox 3055 2145 3105 2198; x_wconf 84' lang='grc' dir='ltr'>οἱ</span> <span class='ocrx_word' id='word_1_413' title='bbox 3131 2144 3188 2198; x_wconf 80' lang='grc' dir='ltr'><strong>δέ</strong></span> <span class='ocrx_word' id='word_1_414' title='bbox 3209 2143 3301 2197; x_wconf 86' lang='grc' dir='ltr'><strong>τοῦ</strong></span> <span class='ocrx_word' id='word_1_415' title='bbox 3353 2142 3530 2214; x_wconf 89' lang='grc' dir='ltr'>Ἰησοῦ</span> <span class='ocrx_word' id='word_1_416' title='bbox 3557 2160 3643 2213; x_wconf 83' lang='grc' dir='ltr'>μα-</span> 
     </span>
    </p>
   </div>
   <div class='ocr_carea' id='block_1_52' title="bbox 2098 2233 3647 2307">
    <p class='ocr_par' dir='ltr' id='par_1_52' title="bbox 2098 2233 3647 2307">
     <span class='ocr_line' id='line_1_52' title="bbox 2098 2233 3647 2307; baseline -0.001 -19"><span class='ocrx_word' id='word_1_417' title='bbox 2098 2235 2256 2306; x_wconf 78' lang='grc' dir='ltr'>θηταὶ</span> <span class='ocrx_word' id='word_1_418' title='bbox 2281 2236 2402 2290; x_wconf 85' lang='grc' dir='ltr'>τότε</span> <span class='ocrx_word' id='word_1_419' title='bbox 2431 2235 2530 2307; x_wconf 82' lang='grc' dir='ltr'><strong>μὲν</strong></span> <span class='ocrx_word' id='word_1_420' title='bbox 2558 2233 2652 2290; x_wconf 81' lang='grc' dir='ltr'><strong>οὖν</strong></span> <span class='ocrx_word' id='word_1_421' title='bbox 2665 2237 2765 2290; x_wconf 91' lang='grc' dir='ltr'><strong>οὑκ</strong></span> <span class='ocrx_word' id='word_1_422' title='bbox 2791 2237 3042 2290; x_wconf 76' lang='grc' dir='ltr'>ἐδύναντο</span> <span class='ocrx_word' id='word_1_423' title='bbox 3073 2235 3482 2304; x_wconf 85' lang='grc' dir='ltr'>ἐκεῖγενέσθαι,</span> <span class='ocrx_word' id='word_1_424' title='bbox 3513 2234 3647 2288; x_wconf 83' lang='grc' dir='ltr'>ὑστε-</span> 
     </span>
    </p>
   </div>
   <div class='ocr_carea' id='block_1_53' title="bbox 2101 2325 3656 2403">
    <p class='ocr_par' dir='ltr' id='par_1_53' title="bbox 2101 2325 3656 2403">
     <span class='ocr_line' id='line_1_53' title="bbox 2101 2325 3656 2403; baseline -0.003 -19"><span class='ocrx_word' id='word_1_425' title='bbox 2101 2347 2194 2403; x_wconf 86' lang='grc' dir='ltr'><strong>ρον</strong></span> <span class='ocrx_word' id='word_1_426' title='bbox 2219 2331 2277 2385; x_wconf 86' lang='grc' dir='ltr'><strong>δέ</strong></span> <span class='ocrx_word' id='word_1_427' title='bbox 2296 2348 2310 2365; x_wconf 79' lang='grc'><strong>’</strong></span> <span class='ocrx_word' id='word_1_428' title='bbox 2341 2330 2430 2385; x_wconf 86' lang='grc' dir='ltr'>διὰ</span> <span class='ocrx_word' id='word_1_429' title='bbox 2456 2330 2613 2386; x_wconf 87' lang='grc' dir='ltr'>τοῦτο</span> <span class='ocrx_word' id='word_1_430' title='bbox 2640 2331 2778 2402; x_wconf 83' lang='grc' dir='ltr'>πρὸς</span> <span class='ocrx_word' id='word_1_431' title='bbox 2814 2331 2914 2403; x_wconf 86' lang='grc' dir='ltr'><strong>μὲν</strong></span> <span class='ocrx_word' id='word_1_432' title='bbox 2945 2331 3072 2394; x_wconf 83' lang='grc' dir='ltr'>τοὺς</span> <span class='ocrx_word' id='word_1_433' title='bbox 3112 2331 3170 2383; x_wconf 88' lang='grc' dir='ltr'><strong>ἐν</strong></span> <span class='ocrx_word' id='word_1_434' title='bbox 3198 2331 3317 2392; x_wconf 87' lang='grc' dir='ltr'>ταῖς</span> <span class='ocrx_word' id='word_1_435' title='bbox 3371 2325 3656 2400; x_wconf 75' lang='grc' dir='ltr'>ἁμαρτίαις</span> 
     </span>
    </p>
   </div>
   <div class='ocr_carea' id='block_1_54' title="bbox 2097 2419 3648 2494">
    <p class='ocr_par' dir='ltr' id='par_1_54' title="bbox 2097 2419 3648 2494">
     <span class='ocr_line' id='line_1_54' title="bbox 2097 2419 3648 2494; baseline -0.007 -15"><span class='ocrx_word' id='word_1_436' title='bbox 2097 2423 2276 2479; x_wconf 83' lang='grc' dir='ltr'>αὑτῶν</span> <span class='ocrx_word' id='word_1_437' title='bbox 2297 2422 2766 2494; x_wconf 77' lang='grc' dir='ltr'>ἀποθανουμένους</span> <span class='ocrx_word' id='word_1_438' title='bbox 2799 2421 3080 2484; x_wconf 88' lang='grc' dir='ltr'>Ἰουδαίους</span> <span class='ocrx_word' id='word_1_439' title='bbox 3120 2420 3372 2474; x_wconf 79' lang='grc' dir='ltr'>λέλεκται</span> <span class='ocrx_word' id='word_1_440' title='bbox 3404 2419 3465 2472; x_wconf 81' lang='grc' dir='ltr'><strong>τό</strong></span> <span class='ocrx_word' id='word_1_441' title='bbox 3484 2435 3498 2448; x_wconf 86' lang='grc'>·</span> <span class='ocrx_word' id='word_1_442' title='bbox 3531 2435 3548 2468; x_wconf 84' lang='lat' dir='ltr'><strong>t</strong></span> <span class='ocrx_word' id='word_1_443' title='bbox 3570 2419 3648 2469; x_wconf 86' lang='lat'><strong>&#39;0-</strong></span> 
     </span>
    </p>
   </div>
   <div class='ocr_carea' id='block_1_55' title="bbox 2097 2508 3647 2587">
    <p class='ocr_par' dir='ltr' id='par_1_55' title="bbox 2097 2508 3647 2587">
     <span class='ocr_line' id='line_1_55' title="bbox 2097 2508 3647 2587; baseline -0.007 -15"><span class='ocrx_word' id='word_1_444' title='bbox 2097 2535 2198 2572; x_wconf 91' lang='grc' dir='ltr'><strong>που</strong></span> <span class='ocrx_word' id='word_1_445' title='bbox 2231 2517 2342 2586; x_wconf 86' lang='grc' dir='ltr'>ἐγὼ</span> <span class='ocrx_word' id='word_1_446' title='bbox 2370 2517 2585 2585; x_wconf 83' lang='grc' dir='ltr'>ὑπάγω,</span> <span class='ocrx_word' id='word_1_447' title='bbox 2611 2518 2767 2587; x_wconf 85' lang='grc' dir='ltr'>ὑμεῖς</span> <span class='ocrx_word' id='word_1_448' title='bbox 2802 2516 2862 2568; x_wconf 91' lang='grc' dir='ltr'><strong>οὑ</strong></span> <span class='ocrx_word' id='word_1_449' title='bbox 2894 2513 3120 2568; x_wconf 84' lang='grc' dir='ltr'>δύνασθε</span> <span class='ocrx_word' id='word_1_450' title='bbox 3142 2514 3346 2566; x_wconf 80' lang='grc' dir='ltr'>ἐλθεῖν’</span> <span class='ocrx_word' id='word_1_451' title='bbox 3390 2529 3410 2562; x_wconf 76' lang='grc' dir='ltr'><strong>ι</strong></span> <span class='ocrx_word' id='word_1_452' title='bbox 3452 2509 3578 2581; x_wconf 77' lang='grc' dir='ltr'>πρὸς</span> <span class='ocrx_word' id='word_1_453' title='bbox 3601 2508 3647 2562; x_wconf 69' lang='grc' dir='ltr'>δὲ</span> 
     </span>
    </p>
   </div>
   <div class='ocr_carea' id='block_1_56' title="bbox 2096 2601 3648 2683">
    <p class='ocr_par' dir='ltr' id='par_1_56' title="bbox 2096 2601 3648 2683">
     <span class='ocr_line' id='line_1_56' title="bbox 2096 2601 3648 2683; baseline -0.009 -17"><span class='ocrx_word' id='word_1_454' title='bbox 2096 2613 2223 2676; x_wconf 77' lang='grc' dir='ltr'>τοὺς</span> <span class='ocrx_word' id='word_1_455' title='bbox 2256 2610 2528 2683; x_wconf 88' lang='grc' dir='ltr'>μαθητάς·</span> <span class='ocrx_word' id='word_1_456' title='bbox 2567 2627 2586 2662; x_wconf 83' lang='lat' dir='ltr'><strong>t</strong></span> <span class='ocrx_word' id='word_1_457' title='bbox 2625 2609 2798 2664; x_wconf 85' lang='grc' dir='ltr'>Ὅπου</span> <span class='ocrx_word' id='word_1_458' title='bbox 2831 2607 2942 2676; x_wconf 83' lang='grc' dir='ltr'><strong>ἐγὼ</strong></span> <span class='ocrx_word' id='word_1_459' title='bbox 2974 2606 3188 2674; x_wconf 87' lang='grc' dir='ltr'>ὑπάγω,</span> <span class='ocrx_word' id='word_1_460' title='bbox 3221 2606 3386 2676; x_wconf 81' lang='grc' dir='ltr'>ὑμεῖς</span> <span class='ocrx_word' id='word_1_461' title='bbox 3420 2603 3481 2656; x_wconf 85' lang='grc' dir='ltr'><strong>οὑ</strong></span> <span class='ocrx_word' id='word_1_462' title='bbox 3512 2601 3648 2654; x_wconf 79' lang='grc' dir='ltr'>δύνα-</span> 
     </span>
    </p>
   </div>
   <div class='ocr_carea' id='block_1_57' title="bbox 2099 2693 3650 2772">
    <p class='ocr_par' dir='ltr' id='par_1_57' title="bbox 2099 2693 3650 2772">
     <span class='ocr_line' id='line_1_57' title="bbox 2099 2693 3650 2772; baseline -0.01 -15"><span class='ocrx_word' id='word_1_463' title='bbox 2099 2702 2192 2757; x_wconf 91' lang='grc' dir='ltr'><strong>σθε</strong></span> <span class='ocrx_word' id='word_1_464' title='bbox 2221 2702 2392 2756; x_wconf 77' lang='grc' dir='ltr'>ἐλθεῖν</span> <span class='ocrx_word' id='word_1_465' title='bbox 2428 2700 2554 2772; x_wconf 81' lang='grc' dir='ltr'>ἄρτι</span> <span class='ocrx_word' id='word_1_466' title='bbox 2572 2717 2586 2732; x_wconf 89' lang='grc'><strong>·</strong></span> <span class='ocrx_word' id='word_1_467' title='bbox 2631 2718 2650 2752; x_wconf 75' lang='grc' dir='ltr'><strong>ι</strong></span> <span class='ocrx_word' id='word_1_468' title='bbox 2680 2699 2742 2752; x_wconf 82' lang='grc' dir='ltr'>τὺ</span> <span class='ocrx_word' id='word_1_469' title='bbox 2764 2698 2872 2770; x_wconf 84' lang='grc' dir='ltr'>γὰρ</span> <span class='ocrx_word' id='word_1_470' title='bbox 2905 2696 3031 2768; x_wconf 79' lang='grc' dir='ltr'>ἑξῆς</span> <span class='ocrx_word' id='word_1_471' title='bbox 3062 2697 3160 2768; x_wconf 85' lang='grc' dir='ltr'><strong>τῆς</strong></span> <span class='ocrx_word' id='word_1_472' title='bbox 3180 2693 3379 2760; x_wconf 79' lang='grc' dir='ltr'>λέξεώς</span> <span class='ocrx_word' id='word_1_473' title='bbox 3413 2694 3528 2745; x_wconf 86' lang='grc' dir='ltr'>ἐστι</span> <span class='ocrx_word' id='word_1_474' title='bbox 3556 2707 3650 2742; x_wconf 82' lang='grc' dir='ltr'>τοι·</span> 
     </span>
    </p>
   </div>
   <div class='ocr_carea' id='block_1_58' title="bbox 2097 2785 3645 2857">
    <p class='ocr_par' dir='ltr' id='par_1_58' title="bbox 2097 2785 3645 2857">
     <span class='ocr_line' id='line_1_58' title="bbox 2097 2785 3645 2857; baseline -0.009 -9"><span class='ocrx_word' id='word_1_475' title='bbox 2097 2793 2254 2848; x_wconf 88' lang='grc' dir='ltr'>οῦτον</span> <span class='ocrx_word' id='word_1_476' title='bbox 2274 2811 2288 2823; x_wconf 86' lang='grc'><strong>·</strong></span> <span class='ocrx_word' id='word_1_477' title='bbox 2329 2792 2528 2857; x_wconf 86' lang='grc' dir='ltr'>Καθὼς</span> <span class='ocrx_word' id='word_1_478' title='bbox 2557 2789 2708 2846; x_wconf 83' lang='grc' dir='ltr'>εἷπον</span> <span class='ocrx_word' id='word_1_479' title='bbox 2736 2793 2849 2855; x_wconf 88' lang='grc' dir='ltr'>τοῖς</span> <span class='ocrx_word' id='word_1_480' title='bbox 2892 2789 3184 2853; x_wconf 83' lang='grc' dir='ltr'>Ἰουδαίοις,</span> <span class='ocrx_word' id='word_1_481' title='bbox 3211 2789 3306 2841; x_wconf 73' lang='grc' dir='ltr'>καὶ</span> <span class='ocrx_word' id='word_1_482' title='bbox 3331 2787 3466 2857; x_wconf 84' lang='grc' dir='ltr'>ὑμῖν</span> <span class='ocrx_word' id='word_1_483' title='bbox 3494 2785 3645 2851; x_wconf 78' lang='grc' dir='ltr'>λέγω³</span> 
     </span>
    </p>
   </div>
   <div class='ocr_carea' id='block_1_59' title="bbox 2101 2878 3646 2956">
    <p class='ocr_par' dir='ltr' id='par_1_59' title="bbox 2101 2878 3646 2956">
     <span class='ocr_line' id='line_1_59' title="bbox 2101 2878 3646 2956; baseline -0.009 -14"><span class='ocrx_word' id='word_1_484' title='bbox 2101 2888 2272 2942; x_wconf 86' lang='grc' dir='ltr'>Ὅπου</span> <span class='ocrx_word' id='word_1_485' title='bbox 2327 2887 2437 2956; x_wconf 82' lang='grc' dir='ltr'>ἐγὼ</span> <span class='ocrx_word' id='word_1_486' title='bbox 2467 2887 2683 2955; x_wconf 85' lang='grc' dir='ltr'>ὑπάγω,</span> <span class='ocrx_word' id='word_1_487' title='bbox 2712 2886 2869 2956; x_wconf 86' lang='grc' dir='ltr'>ὑμεῖς</span> <span class='ocrx_word' id='word_1_488' title='bbox 2917 2884 2978 2936; x_wconf 92' lang='grc' dir='ltr'><strong>οὑ</strong></span> <span class='ocrx_word' id='word_1_489' title='bbox 3019 2880 3245 2936; x_wconf 87' lang='grc' dir='ltr'>δύνασθε</span> <span class='ocrx_word' id='word_1_490' title='bbox 3295 2880 3476 2934; x_wconf 78' lang='grc' dir='ltr'>ἐλθεῖν</span> <span class='ocrx_word' id='word_1_491' title='bbox 3521 2878 3646 2947; x_wconf 80' lang='grc' dir='ltr'>ἄρτι.</span> 
     </span>
    </p>
   </div>
   <div class='ocr_carea' id='block_1_60' title="bbox 2098 2968 3646 3046">
    <p class='ocr_par' dir='ltr' id='par_1_60' title="bbox 2098 2968 3646 3046">
     <span class='ocr_line' id='line_1_60' title="bbox 2098 2968 3646 3046; baseline -0.008 -12"><span class='ocrx_word' id='word_1_492' title='bbox 2098 2980 2209 3034; x_wconf 76' lang='grc' dir='ltr'>Καὶ</span> <span class='ocrx_word' id='word_1_493' title='bbox 2243 2977 2384 3033; x_wconf 78' lang='grc' dir='ltr'>οὑτω</span> <span class='ocrx_word' id='word_1_494' title='bbox 2411 2978 2467 3032; x_wconf 87' lang='grc' dir='ltr'>δὲ</span> <span class='ocrx_word' id='word_1_495' title='bbox 2498 2979 2597 3031; x_wconf 88' lang='grc' dir='ltr'><strong>οὑκ</strong></span> <span class='ocrx_word' id='word_1_496' title='bbox 2621 2975 2805 3046; x_wconf 83' lang='grc' dir='ltr'>ὀλίγην</span> <span class='ocrx_word' id='word_1_497' title='bbox 2831 2975 2942 3044; x_wconf 84' lang='grc' dir='ltr'>ἕχει</span> <span class='ocrx_word' id='word_1_498' title='bbox 2970 2974 3191 3044; x_wconf 84' lang='grc' dir='ltr'>ζήτησιν</span> <span class='ocrx_word' id='word_1_499' title='bbox 3212 2974 3240 3026; x_wconf 81' lang='grc' dir='ltr'>ὁ</span> <span class='ocrx_word' id='word_1_500' title='bbox 3270 2972 3438 3036; x_wconf 84' lang='grc' dir='ltr'>τόπος</span> <span class='ocrx_word' id='word_1_501' title='bbox 3469 2969 3553 3024; x_wconf 78' lang='grc' dir='ltr'>διὰ</span> <span class='ocrx_word' id='word_1_502' title='bbox 3579 2968 3646 3020; x_wconf 74' lang='grc' dir='ltr'>τό*</span> 
     </span>
    </p>
   </div>
   <div class='ocr_carea' id='block_1_61' title="bbox 2105 3059 3650 3140">
    <p class='ocr_par' dir='ltr' id='par_1_61' title="bbox 2105 3059 3650 3140">
     <span class='ocr_line' id='line_1_61' title="bbox 2105 3059 3650 3140; baseline -0.012 -14"><span class='ocrx_word' id='word_1_503' title='bbox 2105 3089 2125 3125; x_wconf 86' lang='grc'><strong>‹</strong></span> <span class='ocrx_word' id='word_1_504' title='bbox 2160 3072 2217 3125; x_wconf 89' lang='grc' dir='ltr'>Ὁ</span> <span class='ocrx_word' id='word_1_505' title='bbox 2248 3070 2374 3134; x_wconf 68' lang='grc' dir='ltr'>Υἱὸς</span> <span class='ocrx_word' id='word_1_506' title='bbox 2405 3068 2500 3123; x_wconf 88' lang='grc' dir='ltr'><strong>τοῦ</strong></span> <span class='ocrx_word' id='word_1_507' title='bbox 2529 3066 2813 3140; x_wconf 81' lang='grc' dir='ltr'>ἀνθρώπου</span> <span class='ocrx_word' id='word_1_508' title='bbox 2845 3067 2903 3120; x_wconf 91' lang='grc' dir='ltr'><strong>ἐν</strong></span> <span class='ocrx_word' id='word_1_509' title='bbox 2934 3068 2999 3136; x_wconf 80' lang='grc' dir='ltr'>τῇ</span> <span class='ocrx_word' id='word_1_510' title='bbox 3033 3063 3225 3135; x_wconf 78' lang='grc' dir='ltr'>καρδίᾳ</span> <span class='ocrx_word' id='word_1_511' title='bbox 3247 3063 3345 3134; x_wconf 83' lang='grc' dir='ltr'><strong>τῆς</strong></span> <span class='ocrx_word' id='word_1_512' title='bbox 3385 3062 3488 3132; x_wconf 86' lang='grc' dir='ltr'><strong>γῆς</strong></span> <span class='ocrx_word' id='word_1_513' title='bbox 3515 3059 3650 3126; x_wconf 47' lang='lat' dir='ltr'><strong>mni,-</strong></span> 
     </span>
    </p>
   </div>
   <div class='ocr_carea' id='block_1_62' title="bbox 432 3149 2011 3254">
    <p class='ocr_par' dir='ltr' id='par_1_62' title="bbox 432 3149 1997 3228">
     <span class='ocr_line' id='line_1_62' title="bbox 432 3149 1997 3228; baseline 0.001 -16"><span class='ocrx_word' id='word_1_514' title='bbox 432 3171 535 3228; x_wconf 91' lang='lat' dir='ltr'><strong>ego</strong></span> <span class='ocrx_word' id='word_1_515' title='bbox 581 3158 740 3223; x_wconf 89' lang='lat' dir='ltr'><strong>abeo,</strong></span> <span class='ocrx_word' id='word_1_516' title='bbox 781 3171 879 3212; x_wconf 89' lang='lat' dir='ltr'><strong>vos</strong></span> <span class='ocrx_word' id='word_1_517' title='bbox 903 3149 1010 3214; x_wconf 85' lang='lat' dir='ltr'><strong>non</strong></span> <span class='ocrx_word' id='word_1_518' title='bbox 1048 3159 1276 3228; x_wconf 86' lang='lat' dir='ltr'><strong>potestis</strong></span> <span class='ocrx_word' id='word_1_519' title='bbox 1313 3159 1500 3213; x_wconf 88' lang='lat' dir='ltr'><strong>venire</strong></span> <span class='ocrx_word' id='word_1_520' title='bbox 1539 3157 1622 3225; x_wconf 81' lang='lat'><strong>&#39;°;</strong></span> <span class='ocrx_word' id='word_1_521' title='bbox 1660 3176 1679 3211; x_wconf 71' lang='grc' dir='ltr'><strong>ι</strong></span> <span class='ocrx_word' id='word_1_522' title='bbox 1712 3157 1997 3226; x_wconf 81' lang='lat' dir='ltr'><strong>discipulis</strong></span> 
     </span>
    </p>
   </div>
   <div class='ocr_carea' id='block_1_63' title="bbox 2106 3149 3649 3254">
    <p class='ocr_par' dir='ltr' id='par_1_63' title="bbox 2106 3150 3649 3254">
     <span class='ocr_line' id='line_1_63' title="bbox 2106 3150 3649 3254; baseline -0.008 -39"><span class='ocrx_word' id='word_1_523' title='bbox 2106 3160 2184 3215; x_wconf 83' lang='grc' dir='ltr'><strong>σει</strong></span> <span class='ocrx_word' id='word_1_524' title='bbox 2225 3164 2375 3232; x_wconf 87' lang='grc' dir='ltr'>τρεῖς</span> <span class='ocrx_word' id='word_1_525' title='bbox 2418 3159 2634 3232; x_wconf 80' lang='grc' dir='ltr'>ἡμέρας</span> <span class='ocrx_word' id='word_1_526' title='bbox 2708 3158 2802 3212; x_wconf 73' lang='grc' dir='ltr'><strong>καὶ</strong></span> <span class='ocrx_word' id='word_1_527' title='bbox 2857 3160 3007 3229; x_wconf 85' lang='grc' dir='ltr'>τρεῖς</span> <span class='ocrx_word' id='word_1_528' title='bbox 3053 3156 3288 3218; x_wconf 90' lang='grc' dir='ltr'>νύκτας·</span> <span class='ocrx_word' id='word_1_529' title='bbox 3337 3172 3359 3205; x_wconf 69' lang='grc' dir='ltr'><strong>ι</strong></span> <span class='ocrx_word' id='word_1_530' title='bbox 3395 3151 3512 3214; x_wconf 84' lang='grc' dir='ltr'><strong>πῶς</strong></span> <span class='ocrx_word' id='word_1_531' title='bbox 3558 3150 3649 3254; x_wconf 46' lang='grc' dir='ltr'><strong>γάρ</strong></span> 
     </span>
    </p>
   </div>
   <div class='ocr_carea' id='block_1_64' title="bbox 433 3239 2011 3324">
    <p class='ocr_par' dir='ltr' id='par_1_64' title="bbox 433 3246 2001 3319">
     <span class='ocr_line' id='line_1_64' title="bbox 433 3246 2001 3319; baseline 0.001 -18"><span class='ocrx_word' id='word_1_532' title='bbox 433 3262 608 3302; x_wconf 80' lang='lat' dir='ltr'><strong>vero:</strong></span> <span class='ocrx_word' id='word_1_533' title='bbox 645 3265 664 3298; x_wconf 78' lang='grc' dir='ltr'><strong>ι</strong></span> <span class='ocrx_word' id='word_1_534' title='bbox 718 3246 836 3314; x_wconf 83' lang='lat' dir='ltr'><strong>Quo</strong></span> <span class='ocrx_word' id='word_1_535' title='bbox 871 3263 970 3319; x_wconf 87' lang='lat' dir='ltr'><strong>ego</strong></span> <span class='ocrx_word' id='word_1_536' title='bbox 1009 3249 1174 3315; x_wconf 87' lang='lat' dir='ltr'><strong>abeo,</strong></span> <span class='ocrx_word' id='word_1_537' title='bbox 1226 3264 1324 3304; x_wconf 90' lang='lat' dir='ltr'><strong>vos</strong></span> <span class='ocrx_word' id='word_1_538' title='bbox 1380 3264 1489 3304; x_wconf 91' lang='lat' dir='ltr'><strong>non</strong></span> <span class='ocrx_word' id='word_1_539' title='bbox 1537 3247 1764 3318; x_wconf 90' lang='lat' dir='ltr'><strong>potestis</strong></span> <span class='ocrx_word' id='word_1_540' title='bbox 1813 3248 2001 3303; x_wconf 88' lang='lat' dir='ltr'><strong>venire</strong></span> 
     </span>
    </p>
   </div>
   <div class='ocr_carea' id='block_1_65' title="bbox 2106 3239 3650 3324">
    <p class='ocr_par' dir='ltr' id='par_1_65' title="bbox 2106 3239 3650 3324">
     <span class='ocr_line' id='line_1_65' title="bbox 2106 3239 3650 3324; baseline -0.01 -18"><span class='ocrx_word' id='word_1_541' title='bbox 2106 3255 2246 3324; x_wconf 83' lang='grc' dir='ltr'>τρεῖς</span> <span class='ocrx_word' id='word_1_542' title='bbox 2276 3251 2487 3324; x_wconf 77' lang='grc' dir='ltr'>ἡμέρας</span> <span class='ocrx_word' id='word_1_543' title='bbox 2509 3250 2604 3304; x_wconf 71' lang='grc' dir='ltr'><strong>καὶ</strong></span> <span class='ocrx_word' id='word_1_544' title='bbox 2629 3251 2776 3320; x_wconf 86' lang='grc' dir='ltr'>τρεῖς</span> <span class='ocrx_word' id='word_1_545' title='bbox 2800 3246 2998 3311; x_wconf 89' lang='grc' dir='ltr'>νύκτας</span> <span class='ocrx_word' id='word_1_546' title='bbox 3031 3246 3239 3316; x_wconf 83' lang='grc' dir='ltr'>ποιήσει</span> <span class='ocrx_word' id='word_1_547' title='bbox 3286 3244 3344 3296; x_wconf 91' lang='grc' dir='ltr'><strong>ἐν</strong></span> <span class='ocrx_word' id='word_1_548' title='bbox 3377 3245 3446 3313; x_wconf 82' lang='grc' dir='ltr'>τῇ</span> <span class='ocrx_word' id='word_1_549' title='bbox 3477 3239 3650 3310; x_wconf 60' lang='grc' dir='ltr'>καρδίᾳ</span> 
     </span>
    </p>
   </div>
   <div class='ocr_carea' id='block_1_66' title="bbox 434 3339 2006 3397">
    <p class='ocr_par' dir='ltr' id='par_1_66' title="bbox 434 3339 2006 3397">
     <span class='ocr_line' id='line_1_66' title="bbox 434 3339 2006 3397; baseline 0 -3"><span class='ocrx_word' id='word_1_550' title='bbox 434 3355 582 3395; x_wconf 85' lang='lat' dir='ltr'><strong>nunc</strong></span> <span class='ocrx_word' id='word_1_551' title='bbox 611 3341 678 3395; x_wconf 83' lang='lat'><strong>“.</strong></span> <span class='ocrx_word' id='word_1_552' title='bbox 713 3358 734 3393; x_wconf 74' lang='grc' dir='ltr'><strong>ι</strong></span> <span class='ocrx_word' id='word_1_553' title='bbox 771 3340 1106 3397; x_wconf 88' lang='lat' dir='ltr'><strong>Elocutionis</strong></span> <span class='ocrx_word' id='word_1_554' title='bbox 1139 3341 1284 3396; x_wconf 93' lang='lat' dir='ltr'><strong>enim</strong></span> <span class='ocrx_word' id='word_1_555' title='bbox 1325 3340 1448 3396; x_wconf 88' lang='lat' dir='ltr'><strong>talis</strong></span> <span class='ocrx_word' id='word_1_556' title='bbox 1496 3350 1582 3395; x_wconf 92' lang='lat' dir='ltr'><strong>est</strong></span> <span class='ocrx_word' id='word_1_557' title='bbox 1613 3340 1748 3396; x_wconf 89' lang='lat' dir='ltr'><strong>ordo</strong></span> <span class='ocrx_word' id='word_1_558' title='bbox 1792 3358 1806 3394; x_wconf 89' lang='lat'>:</span> <span class='ocrx_word' id='word_1_559' title='bbox 1850 3339 2006 3396; x_wconf 92' lang='lat' dir='ltr'><strong>Sicut</strong></span> 
     </span>
    </p>
   </div>
   <div class='ocr_carea' id='block_1_67' title="bbox 437 3429 2004 3502">
    <p class='ocr_par' dir='ltr' id='par_1_67' title="bbox 437 3429 2004 3502">
     <span class='ocr_line' id='line_1_67' title="bbox 437 3429 2004 3502; baseline 0.001 -14"><span class='ocrx_word' id='word_1_560' title='bbox 437 3432 550 3488; x_wconf 87' lang='lat' dir='ltr'><strong>dixi</strong></span> <span class='ocrx_word' id='word_1_561' title='bbox 578 3429 810 3498; x_wconf 57' lang='lat' dir='ltr'><strong>ludatis,</strong></span> <span class='ocrx_word' id='word_1_562' title='bbox 852 3433 1019 3487; x_wconf 90' lang='lat' dir='ltr'><strong>etiam</strong></span> <span class='ocrx_word' id='word_1_563' title='bbox 1053 3432 1208 3488; x_wconf 87' lang='lat' dir='ltr'><strong>vobis</strong></span> <span class='ocrx_word' id='word_1_564' title='bbox 1249 3433 1408 3487; x_wconf 88' lang='lat' dir='ltr'><strong>dico:</strong></span> <span class='ocrx_word' id='word_1_565' title='bbox 1432 3430 1550 3498; x_wconf 87' lang='lat' dir='ltr'><strong>Quo</strong></span> <span class='ocrx_word' id='word_1_566' title='bbox 1578 3446 1680 3502; x_wconf 89' lang='lat' dir='ltr'><strong>ego</strong></span> <span class='ocrx_word' id='word_1_567' title='bbox 1711 3433 1873 3498; x_wconf 90' lang='lat' dir='ltr'><strong>vado,</strong></span> <span class='ocrx_word' id='word_1_568' title='bbox 1906 3447 2004 3489; x_wconf 88' lang='lat' dir='ltr'><strong>vos</strong></span> 
     </span>
    </p>
   </div>
   <div class='ocr_carea' id='block_1_68' title="bbox 437 3522 2004 3592">
    <p class='ocr_par' dir='ltr' id='par_1_68' title="bbox 437 3522 2004 3592">
     <span class='ocr_line' id='line_1_68' title="bbox 437 3522 2004 3592; baseline 0.001 -14"><span class='ocrx_word' id='word_1_569' title='bbox 437 3538 544 3578; x_wconf 91' lang='lat' dir='ltr'><strong>non</strong></span> <span class='ocrx_word' id='word_1_570' title='bbox 574 3523 804 3592; x_wconf 89' lang='lat' dir='ltr'><strong>potestis</strong></span> <span class='ocrx_word' id='word_1_571' title='bbox 839 3523 1026 3579; x_wconf 88' lang='lat' dir='ltr'><strong>venire</strong></span> <span class='ocrx_word' id='word_1_572' title='bbox 1055 3538 1221 3578; x_wconf 91' lang='lat' dir='ltr'><strong>nunc.</strong></span> <span class='ocrx_word' id='word_1_573' title='bbox 1249 3522 1570 3592; x_wconf 88' lang='lat' dir='ltr'><strong>Quanquam</strong></span> <span class='ocrx_word' id='word_1_574' title='bbox 1605 3523 1684 3579; x_wconf 88' lang='lat' dir='ltr'><strong>sic</strong></span> <span class='ocrx_word' id='word_1_575' title='bbox 1711 3523 1877 3579; x_wconf 90' lang='lat' dir='ltr'><strong>etiam</strong></span> <span class='ocrx_word' id='word_1_576' title='bbox 1899 3538 2004 3579; x_wconf 93' lang='lat' dir='ltr'><strong>non</strong></span> 
     </span>
    </p>
   </div>
   <div class='ocr_carea' id='block_1_69' title="bbox 437 3617 2002 3690">
    <p class='ocr_par' dir='ltr' id='par_1_69' title="bbox 437 3617 2002 3690">
     <span class='ocr_line' id='line_1_69' title="bbox 437 3617 2002 3690; baseline 0.001 -17"><span class='ocrx_word' id='word_1_577' title='bbox 437 3633 629 3688; x_wconf 90' lang='lat' dir='ltr'><strong>parum</strong></span> <span class='ocrx_word' id='word_1_578' title='bbox 673 3619 991 3688; x_wconf 65' lang='lat' dir='ltr'><strong>qumstionis</strong></span> <span class='ocrx_word' id='word_1_579' title='bbox 1030 3617 1193 3673; x_wconf 88' lang='lat' dir='ltr'><strong>habet</strong></span> <span class='ocrx_word' id='word_1_580' title='bbox 1231 3619 1319 3674; x_wconf 86' lang='lat' dir='ltr'><strong>hic</strong></span> <span class='ocrx_word' id='word_1_581' title='bbox 1359 3618 1543 3687; x_wconf 90' lang='lat' dir='ltr'><strong>locus,</strong></span> <span class='ocrx_word' id='word_1_582' title='bbox 1597 3631 1821 3690; x_wconf 88' lang='lat' dir='ltr'><strong>propter</strong></span> <span class='ocrx_word' id='word_1_583' title='bbox 1852 3620 1953 3674; x_wconf 91' lang='lat' dir='ltr'><strong>hoc</strong></span> <span class='ocrx_word' id='word_1_584' title='bbox 1987 3639 2002 3674; x_wconf 91' lang='lat'><strong>:</strong></span> 
     </span>
    </p>
   </div>
   <div class='ocr_carea' id='block_1_70' title="bbox 443 3709 2006 3781">
    <p class='ocr_par' dir='ltr' id='par_1_70' title="bbox 443 3709 2006 3781">
     <span class='ocr_line' id='line_1_70' title="bbox 443 3709 2006 3781; baseline 0.003 -17"><span class='ocrx_word' id='word_1_585' title='bbox 443 3728 465 3764; x_wconf 77' lang='grc' dir='ltr'><strong>ι</strong></span> <span class='ocrx_word' id='word_1_586' title='bbox 512 3709 680 3766; x_wconf 87' lang='lat' dir='ltr'><strong>Filius</strong></span> <span class='ocrx_word' id='word_1_587' title='bbox 713 3709 950 3766; x_wconf 88' lang='lat' dir='ltr'><strong>hominis</strong></span> <span class='ocrx_word' id='word_1_588' title='bbox 982 3719 1104 3781; x_wconf 85' lang='lat' dir='ltr'><strong>aget</strong></span> <span class='ocrx_word' id='word_1_589' title='bbox 1137 3711 1193 3765; x_wconf 92' lang='lat' dir='ltr'><strong>in</strong></span> <span class='ocrx_word' id='word_1_590' title='bbox 1232 3711 1397 3766; x_wconf 93' lang='lat' dir='ltr'><strong>corde</strong></span> <span class='ocrx_word' id='word_1_591' title='bbox 1443 3721 1602 3768; x_wconf 69' lang='lat' dir='ltr'><strong>terra:</strong></span> <span class='ocrx_word' id='word_1_592' title='bbox 1655 3722 1767 3768; x_wconf 92' lang='lat' dir='ltr'><strong>tres</strong></span> <span class='ocrx_word' id='word_1_593' title='bbox 1795 3713 1912 3768; x_wconf 90' lang='lat' dir='ltr'><strong>dies</strong></span> <span class='ocrx_word' id='word_1_594' title='bbox 1952 3724 2006 3768; x_wconf 93' lang='lat' dir='ltr'><strong>et</strong></span> 
     </span>
    </p>
   </div>
   <div class='ocr_carea' id='block_1_71' title="bbox 440 3801 2008 3872">
    <p class='ocr_par' dir='ltr' id='par_1_71' title="bbox 440 3801 2008 3872">
     <span class='ocr_line' id='line_1_71' title="bbox 440 3801 2008 3872; baseline 0.001 -14"><span class='ocrx_word' id='word_1_595' title='bbox 440 3811 552 3858; x_wconf 83' lang='lat' dir='ltr'><strong>tres</strong></span> <span class='ocrx_word' id='word_1_596' title='bbox 599 3810 786 3858; x_wconf 89' lang='lat' dir='ltr'><strong>noctes</strong></span> <span class='ocrx_word' id='word_1_597' title='bbox 830 3802 893 3855; x_wconf 82' lang='lat'><strong>“.</strong></span> <span class='ocrx_word' id='word_1_598' title='bbox 933 3821 953 3856; x_wconf 74' lang='grc' dir='ltr'><strong>ι</strong></span> <span class='ocrx_word' id='word_1_599' title='bbox 999 3801 1135 3858; x_wconf 81' lang='lat' dir='ltr'><strong>Nam</strong></span> <span class='ocrx_word' id='word_1_600' title='bbox 1178 3805 1456 3872; x_wconf 86' lang='lat' dir='ltr'><strong>quomodo</strong></span> <span class='ocrx_word' id='word_1_601' title='bbox 1489 3815 1597 3860; x_wconf 86' lang='lat' dir='ltr'><strong>tres</strong></span> <span class='ocrx_word' id='word_1_602' title='bbox 1633 3805 1750 3860; x_wconf 85' lang='lat' dir='ltr'><strong>dies</strong></span> <span class='ocrx_word' id='word_1_603' title='bbox 1792 3814 1848 3860; x_wconf 87' lang='lat' dir='ltr'><strong>et</strong></span> <span class='ocrx_word' id='word_1_604' title='bbox 1895 3815 2008 3861; x_wconf 87' lang='lat' dir='ltr'><strong>tres</strong></span> 
     </span>
    </p>
   </div>
   <div class='ocr_carea' id='block_1_72' title="bbox 440 3895 2005 3966">
    <p class='ocr_par' dir='ltr' id='par_1_72' title="bbox 440 3895 2005 3966">
     <span class='ocr_line' id='line_1_72' title="bbox 440 3895 2005 3966; baseline 0.001 -16"><span class='ocrx_word' id='word_1_605' title='bbox 440 3903 630 3950; x_wconf 90' lang='lat' dir='ltr'><strong>noctes</strong></span> <span class='ocrx_word' id='word_1_606' title='bbox 660 3895 770 3963; x_wconf 89' lang='lat' dir='ltr'><strong>egit</strong></span> <span class='ocrx_word' id='word_1_607' title='bbox 809 3895 862 3949; x_wconf 92' lang='lat' dir='ltr'><strong>in</strong></span> <span class='ocrx_word' id='word_1_608' title='bbox 897 3895 1065 3951; x_wconf 88' lang='lat' dir='ltr'><strong>corde</strong></span> <span class='ocrx_word' id='word_1_609' title='bbox 1105 3904 1296 3961; x_wconf 76' lang='lat' dir='ltr'><strong>terrae,</strong></span> <span class='ocrx_word' id='word_1_610' title='bbox 1344 3898 1436 3966; x_wconf 91' lang='lat' dir='ltr'><strong>qui</strong></span> <span class='ocrx_word' id='word_1_611' title='bbox 1468 3896 1628 3952; x_wconf 89' lang='lat' dir='ltr'><strong>simul</strong></span> <span class='ocrx_word' id='word_1_612' title='bbox 1673 3904 1838 3966; x_wconf 89' lang='lat' dir='ltr'><strong>atque</strong></span> <span class='ocrx_word' id='word_1_613' title='bbox 1882 3912 2005 3952; x_wconf 90' lang='lat' dir='ltr'><strong>cum</strong></span> 
     </span>
    </p>
   </div>
   <div class='ocr_carea' id='block_1_73' title="bbox 440 3987 2006 4058">
    <p class='ocr_par' dir='ltr' id='par_1_73' title="bbox 440 3987 2006 4058">
     <span class='ocr_line' id='line_1_73' title="bbox 440 3987 2006 4058; baseline 0.002 -19"><span class='ocrx_word' id='word_1_614' title='bbox 440 3987 766 4043; x_wconf 88' lang='lat' dir='ltr'><strong>decessisset</strong></span> <span class='ocrx_word' id='word_1_615' title='bbox 787 4002 818 4043; x_wconf 91' lang='lat' dir='ltr'><strong>e</strong></span> <span class='ocrx_word' id='word_1_616' title='bbox 843 3989 974 4056; x_wconf 87' lang='lat' dir='ltr'><strong>vita,</strong></span> <span class='ocrx_word' id='word_1_617' title='bbox 1003 3987 1219 4044; x_wconf 88' lang='lat' dir='ltr'><strong>futurus</strong></span> <span class='ocrx_word' id='word_1_618' title='bbox 1239 3999 1359 4043; x_wconf 90' lang='lat' dir='ltr'><strong>erat</strong></span> <span class='ocrx_word' id='word_1_619' title='bbox 1376 3989 1428 4043; x_wconf 93' lang='lat' dir='ltr'><strong>in</strong></span> <span class='ocrx_word' id='word_1_620' title='bbox 1446 3990 1699 4058; x_wconf 73' lang='lat' dir='ltr'><strong>paradiso</strong></span> <span class='ocrx_word' id='word_1_621' title='bbox 1716 3990 1834 4056; x_wconf 88' lang='lat' dir='ltr'><strong>Dei,</strong></span> <span class='ocrx_word' id='word_1_622' title='bbox 1853 3989 2006 4058; x_wconf 84' lang='lat' dir='ltr'><strong>juxta</strong></span> 
     </span>
    </p>
   </div>
   <div class='ocr_carea' id='block_1_74' title="bbox 439 4076 2046 4150">
    <p class='ocr_par' dir='ltr' id='par_1_74' title="bbox 439 4076 2046 4150">
     <span class='ocr_line' id='line_1_74' title="bbox 439 4076 2046 4150; baseline 0.002 -18"><span class='ocrx_word' id='word_1_623' title='bbox 439 4076 571 4133; x_wconf 92' lang='lat' dir='ltr'><strong>illud</strong></span> <span class='ocrx_word' id='word_1_624' title='bbox 598 4095 614 4134; x_wconf 91' lang='lat'><strong>:</strong></span> <span class='ocrx_word' id='word_1_625' title='bbox 643 4097 662 4132; x_wconf 79' lang='grc' dir='ltr'><strong>ι</strong></span> <span class='ocrx_word' id='word_1_626' title='bbox 684 4077 852 4136; x_wconf 83' lang='lat' dir='ltr'><strong>Hodie</strong></span> <span class='ocrx_word' id='word_1_627' title='bbox 873 4094 1082 4135; x_wconf 88' lang='lat' dir='ltr'><strong>mecum</strong></span> <span class='ocrx_word' id='word_1_628' title='bbox 1109 4080 1220 4134; x_wconf 88' lang='lat' dir='ltr'><strong>eris</strong></span> <span class='ocrx_word' id='word_1_629' title='bbox 1250 4079 1303 4133; x_wconf 89' lang='lat' dir='ltr'><strong>in</strong></span> <span class='ocrx_word' id='word_1_630' title='bbox 1334 4079 1589 4150; x_wconf 85' lang='lat' dir='ltr'><strong>paradiso</strong></span> <span class='ocrx_word' id='word_1_631' title='bbox 1612 4079 1706 4134; x_wconf 91' lang='lat' dir='ltr'><strong>Dei</strong></span> <span class='ocrx_word' id='word_1_632' title='bbox 1737 4080 1824 4134; x_wconf 66' lang='grc' dir='ltr'><strong>ην</strong></span> <span class='ocrx_word' id='word_1_633' title='bbox 1869 4098 1888 4132; x_wconf 74' lang='grc' dir='ltr'><strong>ι</strong></span> <span class='ocrx_word' id='word_1_634' title='bbox 1919 4080 2009 4136; x_wconf 89' lang='lat' dir='ltr'><strong>Sic</strong></span> <span class='ocrx_word' id='word_1_635' title='bbox 2033 4131 2046 4148; x_wconf 41' lang='grc' dir='ltr'><strong>ι</strong></span> 
     </span>
    </p>
   </div>
   <div class='ocr_carea' id='block_1_75' title="bbox 442 4170 2008 4240">
    <p class='ocr_par' dir='ltr' id='par_1_75' title="bbox 442 4170 2008 4240">
     <span class='ocr_line' id='line_1_75' title="bbox 442 4170 2008 4240; baseline 0.004 -18"><span class='ocrx_word' id='word_1_636' title='bbox 442 4178 624 4224; x_wconf 78' lang='lat' dir='ltr'><strong>autem</strong></span> <span class='ocrx_word' id='word_1_637' title='bbox 660 4170 997 4240; x_wconf 85' lang='lat' dir='ltr'><strong>perturbavit</strong></span> <span class='ocrx_word' id='word_1_638' title='bbox 1024 4171 1129 4226; x_wconf 89' lang='lat' dir='ltr'><strong>hoc</strong></span> <span class='ocrx_word' id='word_1_639' title='bbox 1153 4171 1358 4226; x_wconf 91' lang='lat' dir='ltr'><strong>dictum</strong></span> <span class='ocrx_word' id='word_1_640' title='bbox 1386 4170 1696 4238; x_wconf 91' lang='lat' dir='ltr'><strong>nonnullos,</strong></span> <span class='ocrx_word' id='word_1_641' title='bbox 1725 4185 1822 4226; x_wconf 91' lang='lat' dir='ltr'><strong>ceu</strong></span> <span class='ocrx_word' id='word_1_642' title='bbox 1855 4173 2008 4228; x_wconf 87' lang='lat' dir='ltr'><strong>abso-</strong></span> 
     </span>
    </p>
   </div>
   <div class='ocr_carea' id='block_1_76' title="bbox 441 4261 2011 4332">
    <p class='ocr_par' dir='ltr' id='par_1_76' title="bbox 441 4261 2011 4332">
     <span class='ocr_line' id='line_1_76' title="bbox 441 4261 2011 4332; baseline 0.004 -17"><span class='ocrx_word' id='word_1_643' title='bbox 441 4276 593 4327; x_wconf 88' lang='lat' dir='ltr'><strong>num,</strong></span> <span class='ocrx_word' id='word_1_644' title='bbox 633 4269 694 4316; x_wconf 89' lang='lat' dir='ltr'><strong>ut</strong></span> <span class='ocrx_word' id='word_1_645' title='bbox 718 4261 981 4332; x_wconf 74' lang='lat' dir='ltr'><strong>suapicari</strong></span> <span class='ocrx_word' id='word_1_646' title='bbox 1011 4263 1127 4318; x_wconf 90' lang='lat' dir='ltr'><strong>ausi</strong></span> <span class='ocrx_word' id='word_1_647' title='bbox 1163 4261 1504 4318; x_wconf 73' lang='lat' dir='ltr'><strong>fuerinthtec</strong></span> <span class='ocrx_word' id='word_1_648' title='bbox 1536 4263 1701 4319; x_wconf 89' lang='lat' dir='ltr'><strong>verba</strong></span> <span class='ocrx_word' id='word_1_649' title='bbox 1735 4281 1752 4318; x_wconf 88' lang='lat'><strong>:</strong></span> <span class='ocrx_word' id='word_1_650' title='bbox 1785 4283 1804 4317; x_wconf 74' lang='grc' dir='ltr'><strong>ι</strong></span> <span class='ocrx_word' id='word_1_651' title='bbox 1838 4263 2011 4321; x_wconf 82' lang='lat' dir='ltr'><strong>llodie</strong></span> 
     </span>
    </p>
   </div>
   <div class='ocr_carea' id='block_1_77' title="bbox 443 4352 2010 4422">
    <p class='ocr_par' dir='ltr' id='par_1_77' title="bbox 443 4352 2010 4422">
     <span class='ocr_line' id='line_1_77' title="bbox 443 4352 2010 4422; baseline 0.004 -16"><span class='ocrx_word' id='word_1_652' title='bbox 443 4367 654 4406; x_wconf 87' lang='lat' dir='ltr'><strong>mecum</strong></span> <span class='ocrx_word' id='word_1_653' title='bbox 679 4352 791 4407; x_wconf 91' lang='lat' dir='ltr'><strong>eris</strong></span> <span class='ocrx_word' id='word_1_654' title='bbox 814 4352 868 4406; x_wconf 92' lang='lat' dir='ltr'><strong>in</strong></span> <span class='ocrx_word' id='word_1_655' title='bbox 896 4353 1148 4421; x_wconf 88' lang='lat' dir='ltr'><strong>paradiso</strong></span> <span class='ocrx_word' id='word_1_656' title='bbox 1165 4353 1280 4418; x_wconf 90' lang='lat' dir='ltr'><strong>Dei,</strong></span> <span class='ocrx_word' id='word_1_657' title='bbox 1314 4372 1335 4406; x_wconf 64' lang='grc' dir='ltr'><strong>ι</strong></span> <span class='ocrx_word' id='word_1_658' title='bbox 1364 4354 1548 4408; x_wconf 91' lang='lat' dir='ltr'><strong>addita</strong></span> <span class='ocrx_word' id='word_1_659' title='bbox 1574 4353 1744 4411; x_wconf 88' lang='lat' dir='ltr'><strong>fuisse</strong></span> <span class='ocrx_word' id='word_1_660' title='bbox 1767 4355 2010 4422; x_wconf 77' lang='lat' dir='ltr'><strong>Evange-</strong></span> 
     </span>
    </p>
   </div>
   <div class='ocr_carea' id='block_1_78' title="bbox 443 4441 2009 4512">
    <p class='ocr_par' dir='ltr' id='par_1_78' title="bbox 443 4441 2009 4512">
     <span class='ocr_line' id='line_1_78' title="bbox 443 4441 2009 4512; baseline 0.005 -16"><span class='ocrx_word' id='word_1_661' title='bbox 443 4441 518 4497; x_wconf 92' lang='lat' dir='ltr'><strong>lio</strong></span> <span class='ocrx_word' id='word_1_662' title='bbox 557 4441 628 4497; x_wconf 90' lang='lat' dir='ltr'><strong>ab</strong></span> <span class='ocrx_word' id='word_1_663' title='bbox 659 4442 931 4512; x_wconf 88' lang='lat' dir='ltr'><strong>aliquibus</strong></span> <span class='ocrx_word' id='word_1_664' title='bbox 967 4443 1098 4500; x_wconf 92' lang='lat' dir='ltr'><strong>illud</strong></span> <span class='ocrx_word' id='word_1_665' title='bbox 1144 4444 1595 4501; x_wconf 87' lang='lat' dir='ltr'><strong>adulterantibus.</strong></span> <span class='ocrx_word' id='word_1_666' title='bbox 1634 4448 1705 4500; x_wconf 84' lang='lat' dir='ltr'><strong>At</strong></span> <span class='ocrx_word' id='word_1_667' title='bbox 1742 4461 1872 4502; x_wconf 86' lang='lat' dir='ltr'><strong>vero</strong></span> <span class='ocrx_word' id='word_1_668' title='bbox 1912 4465 2009 4504; x_wconf 90' lang='lat' dir='ltr'><strong>nos</strong></span> 
     </span>
    </p>
   </div>
   <div class='ocr_carea' id='block_1_79' title="bbox 2100 3329 3648 3415">
    <p class='ocr_par' dir='ltr' id='par_1_79' title="bbox 2100 3329 3648 3415">
     <span class='ocr_line' id='line_1_79' title="bbox 2100 3329 3648 3415; baseline -0.01 -16"><span class='ocrx_word' id='word_1_669' title='bbox 2100 3344 2201 3415; x_wconf 89' lang='grc' dir='ltr'><strong>τῆς</strong></span> <span class='ocrx_word' id='word_1_670' title='bbox 2222 3344 2346 3414; x_wconf 91' lang='grc' dir='ltr'>γῆς,</span> <span class='ocrx_word' id='word_1_671' title='bbox 2377 3344 2493 3414; x_wconf 74' lang='grc' dir='ltr'><strong>ἅμα</strong></span> <span class='ocrx_word' id='word_1_672' title='bbox 2519 3345 2588 3413; x_wconf 79' lang='grc' dir='ltr'>τῇ</span> <span class='ocrx_word' id='word_1_673' title='bbox 2618 3341 2783 3412; x_wconf 80' lang='grc' dir='ltr'>ἐξόδῳ</span> <span class='ocrx_word' id='word_1_674' title='bbox 2808 3341 2866 3393; x_wconf 87' lang='grc' dir='ltr'><strong>ἐν</strong></span> <span class='ocrx_word' id='word_1_675' title='bbox 2886 3341 2962 3411; x_wconf 85' lang='grc' dir='ltr'>τῷ</span> <span class='ocrx_word' id='word_1_676' title='bbox 2984 3337 3291 3410; x_wconf 83' lang='grc' dir='ltr'>παραδείσῳ</span> <span class='ocrx_word' id='word_1_677' title='bbox 3315 3335 3536 3406; x_wconf 77' lang='grc' dir='ltr'>ἔμελλεν</span> <span class='ocrx_word' id='word_1_678' title='bbox 3556 3329 3648 3401; x_wconf 78' lang='grc'><strong>(56)</strong></span> 
     </span>
    </p>
   </div>
   <div class='ocr_carea' id='block_1_80' title="bbox 2103 3422 3651 3501">
    <p class='ocr_par' dir='ltr' id='par_1_80' title="bbox 2103 3422 3651 3501">
     <span class='ocr_line' id='line_1_80' title="bbox 2103 3422 3651 3501; baseline -0.01 -11"><span class='ocrx_word' id='word_1_679' title='bbox 2103 3434 2320 3490; x_wconf 74' lang='grc' dir='ltr'>ἔσεσθαι</span> <span class='ocrx_word' id='word_1_680' title='bbox 2345 3433 2438 3487; x_wconf 84' lang='grc' dir='ltr'><strong>τοῦ</strong></span> <span class='ocrx_word' id='word_1_681' title='bbox 2471 3432 2605 3486; x_wconf 86' lang='grc' dir='ltr'>Θεοῦ</span> <span class='ocrx_word' id='word_1_682' title='bbox 2636 3431 2774 3485; x_wconf 87' lang='grc' dir='ltr'><strong>κατά</strong></span> <span class='ocrx_word' id='word_1_683' title='bbox 2800 3431 2861 3484; x_wconf 90' lang='grc' dir='ltr'><strong>τό</strong></span> <span class='ocrx_word' id='word_1_684' title='bbox 2881 3446 2894 3462; x_wconf 68' lang='grc'><strong>⁸</strong></span> <span class='ocrx_word' id='word_1_685' title='bbox 2934 3449 2953 3482; x_wconf 82' lang='lat' dir='ltr'><strong>t</strong></span> <span class='ocrx_word' id='word_1_686' title='bbox 2989 3430 3234 3501; x_wconf 83' lang='grc' dir='ltr'>Σήμερον</span> <span class='ocrx_word' id='word_1_687' title='bbox 3259 3429 3382 3498; x_wconf 83' lang='grc' dir='ltr'>μετ’</span> <span class='ocrx_word' id='word_1_688' title='bbox 3412 3423 3542 3496; x_wconf 81' lang='grc' dir='ltr'>ἐμοῦ</span> <span class='ocrx_word' id='word_1_689' title='bbox 3569 3422 3651 3493; x_wconf 76' lang='grc' dir='ltr'><strong>ἔσῃ</strong></span> 
     </span>
    </p>
   </div>
   <div class='ocr_carea' id='block_1_81' title="bbox 2103 3516 3650 3598">
    <p class='ocr_par' dir='ltr' id='par_1_81' title="bbox 2103 3516 3650 3598">
     <span class='ocr_line' id='line_1_81' title="bbox 2103 3516 3650 3598; baseline -0.011 -16"><span class='ocrx_word' id='word_1_690' title='bbox 2103 3529 2161 3582; x_wconf 88' lang='grc' dir='ltr'><strong>ἐν</strong></span> <span class='ocrx_word' id='word_1_691' title='bbox 2187 3527 2266 3598; x_wconf 85' lang='grc' dir='ltr'>τῷ</span> <span class='ocrx_word' id='word_1_692' title='bbox 2297 3524 2610 3598; x_wconf 84' lang='grc' dir='ltr'>παραδείσῳ</span> <span class='ocrx_word' id='word_1_693' title='bbox 2639 3522 2734 3577; x_wconf 91' lang='grc' dir='ltr'><strong>τοῦ</strong></span> <span class='ocrx_word' id='word_1_694' title='bbox 2762 3521 2930 3589; x_wconf 89' lang='grc' dir='ltr'>Θεοῦ;</span> <span class='ocrx_word' id='word_1_695' title='bbox 2971 3540 2990 3574; x_wconf 78' lang='grc' dir='ltr'><strong>ι</strong></span> <span class='ocrx_word' id='word_1_696' title='bbox 3027 3521 3179 3575; x_wconf 82' lang='grc' dir='ltr'>Οῦτω</span> <span class='ocrx_word' id='word_1_697' title='bbox 3216 3519 3273 3572; x_wconf 86' lang='grc' dir='ltr'><strong>δὲ</strong></span> <span class='ocrx_word' id='word_1_698' title='bbox 3318 3516 3545 3588; x_wconf 80' lang='grc' dir='ltr'>ἐτάραξέ</span> <span class='ocrx_word' id='word_1_699' title='bbox 3581 3531 3650 3565; x_wconf 84' lang='grc' dir='ltr'>τι-</span> 
     </span>
    </p>
   </div>
   <div class='ocr_carea' id='block_1_82' title="bbox 2104 3605 3652 3689">
    <p class='ocr_par' dir='ltr' id='par_1_82' title="bbox 2104 3605 3652 3689">
     <span class='ocr_line' id='line_1_82' title="bbox 2104 3605 3652 3689; baseline -0.013 -14"><span class='ocrx_word' id='word_1_700' title='bbox 2104 3638 2198 3684; x_wconf 90' lang='grc' dir='ltr'><strong>νας</strong></span> <span class='ocrx_word' id='word_1_701' title='bbox 2231 3620 2308 3683; x_wconf 83' lang='grc' dir='ltr'>ὡς</span> <span class='ocrx_word' id='word_1_702' title='bbox 2329 3617 2655 3689; x_wconf 75' lang='grc' dir='ltr'>ἀσύμφωνον</span> <span class='ocrx_word' id='word_1_703' title='bbox 2686 3615 2747 3669; x_wconf 87' lang='grc' dir='ltr'>τὺ</span> <span class='ocrx_word' id='word_1_704' title='bbox 2777 3613 3086 3686; x_wconf 83' lang='grc' dir='ltr'>εἰρημένον,</span> <span class='ocrx_word' id='word_1_705' title='bbox 3120 3611 3259 3665; x_wconf 82' lang='grc' dir='ltr'>ὥστε</span> <span class='ocrx_word' id='word_1_706' title='bbox 3285 3609 3550 3680; x_wconf 84' lang='grc' dir='ltr'>τολμῆσαι</span> <span class='ocrx_word' id='word_1_707' title='bbox 3575 3605 3652 3657; x_wconf 82' lang='grc' dir='ltr'>αὑ-</span> 
     </span>
    </p>
   </div>
   <div class='ocr_carea' id='block_1_83' title="bbox 2104 3696 3648 3782">
    <p class='ocr_par' dir='ltr' id='par_1_83' title="bbox 2104 3696 3648 3782">
     <span class='ocr_line' id='line_1_83' title="bbox 2104 3696 3648 3782; baseline -0.011 -16"><span class='ocrx_word' id='word_1_708' title='bbox 2104 3713 2231 3774; x_wconf 79' lang='grc' dir='ltr'>τοὺς</span> <span class='ocrx_word' id='word_1_709' title='bbox 2280 3711 2577 3782; x_wconf 81' lang='grc' dir='ltr'>ὑπονοῆσαι</span> <span class='ocrx_word' id='word_1_710' title='bbox 2623 3707 3023 3782; x_wconf 84' lang='grc' dir='ltr'>προστεθῆσθαι</span> <span class='ocrx_word' id='word_1_711' title='bbox 3063 3706 3143 3778; x_wconf 83' lang='grc' dir='ltr'>τῷ</span> <span class='ocrx_word' id='word_1_712' title='bbox 3197 3701 3518 3773; x_wconf 83' lang='grc' dir='ltr'>Εὑαγγελίῳ</span> <span class='ocrx_word' id='word_1_713' title='bbox 3560 3696 3648 3751; x_wconf 71' lang='grc' dir='ltr'><strong>ἀπό</strong></span> 
     </span>
    </p>
   </div>
   <div class='ocr_carea' id='block_1_84' title="bbox 2104 3791 3647 3877">
    <p class='ocr_par' dir='ltr' id='par_1_84' title="bbox 2104 3791 3647 3877">
     <span class='ocr_line' id='line_1_84' title="bbox 2104 3791 3647 3877; baseline -0.007 -20"><span class='ocrx_word' id='word_1_714' title='bbox 2104 3822 2265 3860; x_wconf 86' lang='grc' dir='ltr'>τινων</span> <span class='ocrx_word' id='word_1_715' title='bbox 2289 3802 2622 3877; x_wconf 77' lang='grc' dir='ltr'>ρᾳδιουργῶν</span> <span class='ocrx_word' id='word_1_716' title='bbox 2652 3801 2783 3858; x_wconf 84' lang='grc' dir='ltr'>αὑτὸ</span> <span class='ocrx_word' id='word_1_717' title='bbox 2803 3801 2864 3854; x_wconf 90' lang='grc' dir='ltr'><strong>τό</strong></span> <span class='ocrx_word' id='word_1_718' title='bbox 2886 3818 2900 3831; x_wconf 78' lang='grc'><strong><em>⁸</em></strong></span> <span class='ocrx_word' id='word_1_719' title='bbox 2936 3817 2955 3852; x_wconf 85' lang='lat' dir='ltr'><strong>t</strong></span> <span class='ocrx_word' id='word_1_720' title='bbox 2995 3800 3237 3871; x_wconf 85' lang='grc' dir='ltr'>Σήμερον</span> <span class='ocrx_word' id='word_1_721' title='bbox 3265 3798 3387 3867; x_wconf 79' lang='grc' dir='ltr'>μετ’</span> <span class='ocrx_word' id='word_1_722' title='bbox 3419 3791 3546 3864; x_wconf 82' lang='grc' dir='ltr'>ἐμοῦ</span> <span class='ocrx_word' id='word_1_723' title='bbox 3568 3791 3647 3858; x_wconf 75' lang='grc' dir='ltr'><strong>ἔσῃ</strong></span> 
     </span>
    </p>
   </div>
   <div class='ocr_carea' id='block_1_85' title="bbox 2106 3889 3648 3968">
    <p class='ocr_par' dir='ltr' id='par_1_85' title="bbox 2106 3889 3648 3968">
     <span class='ocr_line' id='line_1_85' title="bbox 2106 3889 3648 3968; baseline -0.01 -15"><span class='ocrx_word' id='word_1_724' title='bbox 2106 3899 2165 3953; x_wconf 81' lang='grc' dir='ltr'>ὲν</span> <span class='ocrx_word' id='word_1_725' title='bbox 2217 3896 2294 3968; x_wconf 84' lang='grc' dir='ltr'>τῷ</span> <span class='ocrx_word' id='word_1_726' title='bbox 2335 3896 2650 3968; x_wconf 86' lang='grc' dir='ltr'>παραδείσῳ</span> <span class='ocrx_word' id='word_1_727' title='bbox 2698 3893 2796 3948; x_wconf 88' lang='grc' dir='ltr'><strong>τοῦ</strong></span> <span class='ocrx_word' id='word_1_728' title='bbox 2853 3892 3012 3948; x_wconf 90' lang='grc' dir='ltr'>Θεοῦ.</span> <span class='ocrx_word' id='word_1_729' title='bbox 3065 3911 3084 3944; x_wconf 71' lang='grc' dir='ltr'><strong>ι</strong></span> <span class='ocrx_word' id='word_1_730' title='bbox 3129 3892 3318 3962; x_wconf 85' lang='grc' dir='ltr'>Ἡμεῖς</span> <span class='ocrx_word' id='word_1_731' title='bbox 3375 3889 3436 3942; x_wconf 81' lang='grc' dir='ltr'><strong>δέ</strong></span> <span class='ocrx_word' id='word_1_732' title='bbox 3496 3897 3648 3956; x_wconf 78' lang='grc' dir='ltr'>φαμεν</span> 
     </span>
    </p>
   </div>
   <div class='ocr_carea' id='block_1_86' title="bbox 2106 3974 3648 4061">
    <p class='ocr_par' dir='ltr' id='par_1_86' title="bbox 2106 3974 3648 4061">
     <span class='ocr_line' id='line_1_86' title="bbox 2106 3974 3648 4061; baseline -0.011 -16"><span class='ocrx_word' id='word_1_733' title='bbox 2106 3989 2471 4061; x_wconf 85' lang='grc' dir='ltr'>ἁπλούστερον</span> <span class='ocrx_word' id='word_1_734' title='bbox 2494 3989 2610 4060; x_wconf 84' lang='grc' dir='ltr'>μὲν,</span> <span class='ocrx_word' id='word_1_735' title='bbox 2643 3988 2724 4042; x_wconf 84' lang='grc' dir='ltr'><strong>ὅτι</strong></span> <span class='ocrx_word' id='word_1_736' title='bbox 2748 3986 2890 4058; x_wconf 86' lang='grc' dir='ltr'>τάχα</span> <span class='ocrx_word' id='word_1_737' title='bbox 2925 3985 3055 4056; x_wconf 73' lang='grc' dir='ltr'>πρὶν</span> <span class='ocrx_word' id='word_1_738' title='bbox 3081 3983 3332 4038; x_wconf 85' lang='grc' dir='ltr'>ἀπελθεῖν</span> <span class='ocrx_word' id='word_1_739' title='bbox 3361 3982 3447 4044; x_wconf 83' lang='grc' dir='ltr'><strong>είς</strong></span> <span class='ocrx_word' id='word_1_740' title='bbox 3461 3979 3552 4048; x_wconf 82' lang='grc' dir='ltr'>τὴν</span> <span class='ocrx_word' id='word_1_741' title='bbox 3578 3974 3648 4026; x_wconf 84' lang='grc' dir='ltr'>λε-</span> 
     </span>
    </p>
   </div>
   <div class='ocr_carea' id='block_1_87' title="bbox 2107 4072 3650 4152">
    <p class='ocr_par' dir='ltr' id='par_1_87' title="bbox 2107 4072 3650 4152">
     <span class='ocr_line' id='line_1_87' title="bbox 2107 4072 3650 4152; baseline -0.017 -3"><span class='ocrx_word' id='word_1_742' title='bbox 2107 4081 2340 4152; x_wconf 84' lang='grc' dir='ltr'>γομένην</span> <span class='ocrx_word' id='word_1_743' title='bbox 2368 4080 2594 4152; x_wconf 84' lang='grc' dir='ltr'>καρδίαν</span> <span class='ocrx_word' id='word_1_744' title='bbox 2621 4080 2719 4151; x_wconf 85' lang='grc' dir='ltr'><strong>τῆς</strong></span> <span class='ocrx_word' id='word_1_745' title='bbox 2751 4080 2851 4150; x_wconf 87' lang='grc' dir='ltr'><strong>γῆς</strong></span> <span class='ocrx_word' id='word_1_746' title='bbox 2884 4076 3324 4146; x_wconf 81' lang='grc' dir='ltr'>ἀπεκατέπησεν</span> <span class='ocrx_word' id='word_1_747' title='bbox 3351 4076 3434 4136; x_wconf 80' lang='grc' dir='ltr'><strong>είς</strong></span> <span class='ocrx_word' id='word_1_748' title='bbox 3459 4072 3543 4126; x_wconf 81' lang='grc' dir='ltr'><strong>τὸν</strong></span> <span class='ocrx_word' id='word_1_749' title='bbox 3564 4081 3650 4121; x_wconf 73' lang='grc' dir='ltr'>πα-</span> 
     </span>
    </p>
   </div>
   <div class='ocr_carea' id='block_1_88' title="bbox 2111 4156 3649 4244">
    <p class='ocr_par' dir='ltr' id='par_1_88' title="bbox 2111 4156 3649 4244">
     <span class='ocr_line' id='line_1_88' title="bbox 2111 4156 3649 4244; baseline -0.008 -18"><span class='ocrx_word' id='word_1_750' title='bbox 2111 4173 2353 4244; x_wconf 87' lang='grc' dir='ltr'>ράδεισον</span> <span class='ocrx_word' id='word_1_751' title='bbox 2398 4172 2492 4226; x_wconf 88' lang='grc' dir='ltr'><strong>τοῦ</strong></span> <span class='ocrx_word' id='word_1_752' title='bbox 2525 4172 2661 4226; x_wconf 88' lang='grc' dir='ltr'>Θεοῦ</span> <span class='ocrx_word' id='word_1_753' title='bbox 2711 4172 2799 4226; x_wconf 82' lang='grc' dir='ltr'><strong>τὸν</strong></span> <span class='ocrx_word' id='word_1_754' title='bbox 2840 4171 3061 4226; x_wconf 75' lang='grc' dir='ltr'>εἰπόντα</span> <span class='ocrx_word' id='word_1_755' title='bbox 3109 4167 3258 4238; x_wconf 84' lang='grc' dir='ltr'>αὑτῷ</span> <span class='ocrx_word' id='word_1_756' title='bbox 3278 4185 3292 4197; x_wconf 90' lang='grc'><strong>·</strong></span> <span class='ocrx_word' id='word_1_757' title='bbox 3331 4184 3350 4216; x_wconf 74' lang='grc' dir='ltr'><strong>ι</strong></span> <span class='ocrx_word' id='word_1_758' title='bbox 3388 4156 3649 4234; x_wconf 76' lang='grc' dir='ltr'>Μνήσθητί</span> 
     </span>
    </p>
   </div>
   <div class='ocr_carea' id='block_1_89' title="bbox 2112 4256 3648 4335">
    <p class='ocr_par' dir='ltr' id='par_1_89' title="bbox 2112 4256 3648 4335">
     <span class='ocr_line' id='line_1_89' title="bbox 2112 4256 3648 4335; baseline -0.009 -17"><span class='ocrx_word' id='word_1_759' title='bbox 2112 4282 2235 4335; x_wconf 87' lang='grc' dir='ltr'>μου,</span> <span class='ocrx_word' id='word_1_760' title='bbox 2272 4265 2400 4318; x_wconf 82' lang='grc' dir='ltr'>ὅταν</span> <span class='ocrx_word' id='word_1_761' title='bbox 2447 4262 2608 4334; x_wconf 72' lang='grc' dir='ltr'>ἔλθῃς</span> <span class='ocrx_word' id='word_1_762' title='bbox 2653 4265 2709 4318; x_wconf 87' lang='grc' dir='ltr'><strong>ἐν</strong></span> <span class='ocrx_word' id='word_1_763' title='bbox 2743 4265 2810 4334; x_wconf 82' lang='grc' dir='ltr'>τῇ</span> <span class='ocrx_word' id='word_1_764' title='bbox 2859 4261 3104 4333; x_wconf 77' lang='grc' dir='ltr'>βασιλείᾳ</span> <span class='ocrx_word' id='word_1_765' title='bbox 3149 4277 3242 4313; x_wconf 89' lang='grc' dir='ltr'><strong>σου</strong></span> <span class='ocrx_word' id='word_1_766' title='bbox 3265 4276 3279 4288; x_wconf 90' lang='grc'><strong>·</strong></span> <span class='ocrx_word' id='word_1_767' title='bbox 3329 4256 3648 4327; x_wconf 74' lang='grc' dir='ltr'>»βαθύτερον</span> 
     </span>
    </p>
   </div>
   <div class='ocr_carea' id='block_1_90' title="bbox 2107 4344 3648 4425">
    <p class='ocr_par' dir='ltr' id='par_1_90' title="bbox 2107 4344 3648 4425">
     <span class='ocr_line' id='line_1_90' title="bbox 2107 4344 3648 4425; baseline -0.01 -15"><span class='ocrx_word' id='word_1_768' title='bbox 2107 4356 2184 4422; x_wconf 85' lang='grc' dir='ltr'><strong>δὲ,</strong></span> <span class='ocrx_word' id='word_1_769' title='bbox 2214 4356 2295 4409; x_wconf 83' lang='grc' dir='ltr'><strong>ὅτι</strong></span> <span class='ocrx_word' id='word_1_770' title='bbox 2326 4355 2589 4425; x_wconf 85' lang='grc' dir='ltr'>πολλαχοῦ</span> <span class='ocrx_word' id='word_1_771' title='bbox 2614 4355 2697 4418; x_wconf 86' lang='grc' dir='ltr'>τὸ,</span> <span class='ocrx_word' id='word_1_772' title='bbox 2730 4352 3015 4423; x_wconf 77' lang='grc' dir='ltr'>σήμερον,</span> <span class='ocrx_word' id='word_1_773' title='bbox 3051 4354 3108 4405; x_wconf 87' lang='grc' dir='ltr'><strong>ἐν</strong></span> <span class='ocrx_word' id='word_1_774' title='bbox 3144 4353 3209 4421; x_wconf 82' lang='grc' dir='ltr'>τῇ</span> <span class='ocrx_word' id='word_1_775' title='bbox 3238 4351 3430 4420; x_wconf 81' lang='grc' dir='ltr'>Γραφῇ</span> <span class='ocrx_word' id='word_1_776' title='bbox 3459 4349 3546 4402; x_wconf 76' lang='grc' dir='ltr'>καὶ</span> <span class='ocrx_word' id='word_1_777' title='bbox 3575 4344 3648 4397; x_wconf 78' lang='grc' dir='ltr'>ἐπὶ</span> 
     </span>
    </p>
   </div>
   <div class='ocr_carea' id='block_1_91' title="bbox 2107 4435 3648 4519">
    <p class='ocr_par' dir='ltr' id='par_1_91' title="bbox 2107 4435 3648 4519">
     <span class='ocr_line' id='line_1_91' title="bbox 2107 4435 3648 4519; baseline -0.008 -17"><span class='ocrx_word' id='word_1_778' title='bbox 2107 4448 2228 4504; x_wconf 79' lang='grc' dir='ltr'>ὅλον</span> <span class='ocrx_word' id='word_1_779' title='bbox 2257 4447 2568 4519; x_wconf 86' lang='grc' dir='ltr'>παρατείνει</span> <span class='ocrx_word' id='word_1_780' title='bbox 2592 4446 2682 4500; x_wconf 84' lang='grc' dir='ltr'><strong>τὸν</strong></span> <span class='ocrx_word' id='word_1_781' title='bbox 2713 4445 3037 4516; x_wconf 86' lang='grc' dir='ltr'>ἐνεστηκότα</span> <span class='ocrx_word' id='word_1_782' title='bbox 3059 4443 3257 4498; x_wconf 80' lang='grc' dir='ltr'>αἰῶνα·</span> <span class='ocrx_word' id='word_1_783' title='bbox 3283 4441 3473 4510; x_wconf 85' lang='grc' dir='ltr'>ὥσπερ</span> <span class='ocrx_word' id='word_1_784' title='bbox 3494 4440 3545 4492; x_wconf 84' lang='grc' dir='ltr'><strong>δὲ</strong></span> <span class='ocrx_word' id='word_1_785' title='bbox 3573 4435 3648 4489; x_wconf 73' lang='grc' dir='ltr'>καὶ</span> 
     </span>
    </p>
   </div>
   <div class='ocr_carea' id='block_1_92' title="bbox 440 4528 2011 4612">
    <p class='ocr_par' dir='ltr' id='par_1_92' title="bbox 440 4530 2005 4606">
     <span class='ocr_line' id='line_1_92' title="bbox 440 4530 2005 4606; baseline 0.005 -21"><span class='ocrx_word' id='word_1_786' title='bbox 440 4530 592 4600; x_wconf 70' lang='lat' dir='ltr'><strong>iuxta</strong></span> <span class='ocrx_word' id='word_1_787' title='bbox 618 4531 1003 4602; x_wconf 89' lang='lat' dir='ltr'><strong>simpliciorem</strong></span> <span class='ocrx_word' id='word_1_788' title='bbox 1021 4534 1238 4603; x_wconf 90' lang='lat' dir='ltr'><strong>quidem</strong></span> <span class='ocrx_word' id='word_1_789' title='bbox 1255 4549 1473 4592; x_wconf 89' lang='lat' dir='ltr'><strong>sensum</strong></span> <span class='ocrx_word' id='word_1_790' title='bbox 1495 4535 1863 4606; x_wconf 88' lang='lat' dir='ltr'><strong>intelligimus,</strong></span> <span class='ocrx_word' id='word_1_791' title='bbox 1884 4554 2005 4593; x_wconf 90' lang='lat' dir='ltr'><strong>eum</strong></span> 
     </span>
    </p>
   </div>
   <div class='ocr_carea' id='block_1_93' title="bbox 2106 4528 3647 4612">
    <p class='ocr_par' dir='ltr' id='par_1_93' title="bbox 2112 4528 3647 4612">
     <span class='ocr_line' id='line_1_93' title="bbox 2112 4528 3647 4612; baseline -0.009 -18"><span class='ocrx_word' id='word_1_792' title='bbox 2112 4541 2170 4594; x_wconf 89' lang='grc' dir='ltr'><strong>ἐν</strong></span> <span class='ocrx_word' id='word_1_793' title='bbox 2196 4539 2306 4612; x_wconf 63' lang='lat' dir='ltr'><strong>cip-</strong></span> <span class='ocrx_word' id='word_1_794' title='bbox 2343 4558 2363 4591; x_wconf 74' lang='grc' dir='ltr'><strong>ι</strong></span> <span class='ocrx_word' id='word_1_795' title='bbox 2411 4539 2720 4610; x_wconf 87' lang='grc' dir='ltr'>Ἐφημίσθη</span> <span class='ocrx_word' id='word_1_796' title='bbox 2749 4540 2778 4591; x_wconf 88' lang='grc' dir='ltr'>ὁ</span> <span class='ocrx_word' id='word_1_797' title='bbox 2821 4536 2978 4606; x_wconf 88' lang='grc' dir='ltr'>λόγος</span> <span class='ocrx_word' id='word_1_798' title='bbox 3021 4528 3175 4599; x_wconf 75' lang='grc' dir='ltr'>οὗτος</span> <span class='ocrx_word' id='word_1_799' title='bbox 3212 4534 3363 4606; x_wconf 85' lang='grc' dir='ltr'><strong>παρά</strong></span> <span class='ocrx_word' id='word_1_800' title='bbox 3406 4531 3647 4590; x_wconf 82' lang='grc' dir='ltr'>Ἰουδαίοις</span> 
     </span>
    </p>
   </div>
   <div class='ocr_carea' id='block_1_94' title="bbox 445 4622 2006 4698">
    <p class='ocr_par' dir='ltr' id='par_1_94' title="bbox 445 4622 2006 4698">
     <span class='ocr_line' id='line_1_94' title="bbox 445 4622 2006 4698; baseline 0.006 -22"><span class='ocrx_word' id='word_1_801' title='bbox 445 4622 700 4690; x_wconf 88' lang='lat' dir='ltr'><strong>fortasse,</strong></span> <span class='ocrx_word' id='word_1_802' title='bbox 729 4633 1013 4694; x_wconf 87' lang='lat' dir='ltr'><strong>antequam</strong></span> <span class='ocrx_word' id='word_1_803' title='bbox 1042 4625 1219 4682; x_wconf 90' lang='lat' dir='ltr'><strong>abiret</strong></span> <span class='ocrx_word' id='word_1_804' title='bbox 1253 4626 1306 4681; x_wconf 92' lang='lat' dir='ltr'><strong>in</strong></span> <span class='ocrx_word' id='word_1_805' title='bbox 1345 4642 1442 4682; x_wconf 91' lang='lat' dir='ltr'><strong>cor</strong></span> <span class='ocrx_word' id='word_1_806' title='bbox 1482 4636 1666 4691; x_wconf 57' lang='lat' dir='ltr'><strong>terra),</strong></span> <span class='ocrx_word' id='word_1_807' title='bbox 1699 4638 1760 4682; x_wconf 91' lang='lat' dir='ltr'><strong>ut</strong></span> <span class='ocrx_word' id='word_1_808' title='bbox 1785 4640 2006 4698; x_wconf 89' lang='lat' dir='ltr'><strong>vocant,</strong></span> 
     </span>
    </p>
   </div>
   <div class='ocr_carea' id='block_1_95' title="bbox 445 4713 2004 4786">
    <p class='ocr_par' dir='ltr' id='par_1_95' title="bbox 445 4713 2004 4786">
     <span class='ocr_line' id='line_1_95' title="bbox 445 4713 2004 4786; baseline 0.004 -17"><span class='ocrx_word' id='word_1_809' title='bbox 445 4713 750 4772; x_wconf 87' lang='lat' dir='ltr'><strong>restituisse</strong></span> <span class='ocrx_word' id='word_1_810' title='bbox 775 4714 829 4770; x_wconf 88' lang='lat' dir='ltr'><strong>in</strong></span> <span class='ocrx_word' id='word_1_811' title='bbox 853 4715 1107 4786; x_wconf 88' lang='lat' dir='ltr'><strong>paradiso</strong></span> <span class='ocrx_word' id='word_1_812' title='bbox 1129 4715 1223 4772; x_wconf 92' lang='lat' dir='ltr'><strong>Dei</strong></span> <span class='ocrx_word' id='word_1_813' title='bbox 1241 4717 1512 4774; x_wconf 90' lang='lat' dir='ltr'><strong>dicentem</strong></span> <span class='ocrx_word' id='word_1_814' title='bbox 1536 4717 1639 4773; x_wconf 88' lang='lat' dir='ltr'><strong>sibi</strong></span> <span class='ocrx_word' id='word_1_815' title='bbox 1668 4734 1684 4771; x_wconf 90' lang='lat'><strong>:</strong></span> <span class='ocrx_word' id='word_1_816' title='bbox 1713 4735 1732 4770; x_wconf 84' lang='grc'>‹</span> <span class='ocrx_word' id='word_1_817' title='bbox 1760 4719 2004 4786; x_wconf 89' lang='lat' dir='ltr'><strong>Domine,</strong></span> 
     </span>
    </p>
   </div>
   <div class='ocr_carea' id='block_1_96' title="bbox 444 4808 2004 4879">
    <p class='ocr_par' dir='ltr' id='par_1_96' title="bbox 444 4808 2004 4879">
     <span class='ocr_line' id='line_1_96' title="bbox 444 4808 2004 4879; baseline 0.001 -17"><span class='ocrx_word' id='word_1_818' title='bbox 444 4817 716 4863; x_wconf 88' lang='lat' dir='ltr'><strong>memento</strong></span> <span class='ocrx_word' id='word_1_819' title='bbox 739 4808 868 4873; x_wconf 91' lang='lat' dir='ltr'><strong>mei,</strong></span> <span class='ocrx_word' id='word_1_820' title='bbox 915 4809 1042 4863; x_wconf 91' lang='lat' dir='ltr'><strong>dum</strong></span> <span class='ocrx_word' id='word_1_821' title='bbox 1070 4808 1286 4864; x_wconf 85' lang='lat' dir='ltr'><strong>veneris</strong></span> <span class='ocrx_word' id='word_1_822' title='bbox 1323 4808 1377 4864; x_wconf 92' lang='lat' dir='ltr'><strong>in</strong></span> <span class='ocrx_word' id='word_1_823' title='bbox 1412 4823 1635 4879; x_wconf 84' lang='lat' dir='ltr'><strong>regnum</strong></span> <span class='ocrx_word' id='word_1_824' title='bbox 1684 4820 1836 4865; x_wconf 92' lang='lat' dir='ltr'><strong>tuum</strong></span> <span class='ocrx_word' id='word_1_825' title='bbox 1879 4809 1943 4877; x_wconf 76' lang='grc'><strong>¹⁸;</strong></span> <span class='ocrx_word' id='word_1_826' title='bbox 1986 4829 2004 4863; x_wconf 80' lang='grc' dir='ltr'><strong>ι</strong></span> 
     </span>
    </p>
   </div>
   <div class='ocr_carea' id='block_1_97' title="bbox 440 4899 2012 4973">
    <p class='ocr_par' dir='ltr' id='par_1_97' title="bbox 440 4899 2012 4973">
     <span class='ocr_line' id='line_1_97' title="bbox 440 4899 2012 4973; baseline 0.003 -19"><span class='ocrx_word' id='word_1_827' title='bbox 440 4899 590 4969; x_wconf 82' lang='lat' dir='ltr'><strong>juxta</strong></span> <span class='ocrx_word' id='word_1_828' title='bbox 611 4915 742 4956; x_wconf 79' lang='lat' dir='ltr'><strong>vero</strong></span> <span class='ocrx_word' id='word_1_829' title='bbox 771 4900 1172 4972; x_wconf 85' lang='lat' dir='ltr'><strong>profundiorem</strong></span> <span class='ocrx_word' id='word_1_830' title='bbox 1198 4915 1417 4957; x_wconf 89' lang='lat' dir='ltr'><strong>sensum</strong></span> <span class='ocrx_word' id='word_1_831' title='bbox 1441 4899 1670 4958; x_wconf 82' lang='lat' dir='ltr'><strong>dicimus</strong></span> <span class='ocrx_word' id='word_1_832' title='bbox 1694 4903 2012 4973; x_wconf 89' lang='lat' dir='ltr'><strong>plerumque</strong></span> 
     </span>
    </p>
   </div>
   <div class='ocr_carea' id='block_1_98' title="bbox 2118 4621 3649 4703">
    <p class='ocr_par' dir='ltr' id='par_1_98' title="bbox 2118 4621 3649 4703">
     <span class='ocr_line' id='line_1_98' title="bbox 2118 4621 3649 4703; baseline -0.031 1"><span class='ocrx_word' id='word_1_833' title='bbox 2118 4631 2281 4703; x_wconf 77' lang='grc' dir='ltr'>μέχρι</span> <span class='ocrx_word' id='word_1_834' title='bbox 2312 4630 2413 4701; x_wconf 80' lang='grc' dir='ltr'>τῆς</span> <span class='ocrx_word' id='word_1_835' title='bbox 2443 4631 2698 4702; x_wconf 82' lang='grc' dir='ltr'>σήμερον,</span> <span class='ocrx_word' id='word_1_836' title='bbox 2737 4648 2758 4682; x_wconf 71' lang='grc' dir='ltr'><strong>ι</strong></span> <span class='ocrx_word' id='word_1_837' title='bbox 2790 4629 2904 4684; x_wconf 86' lang='grc' dir='ltr'>καί·</span> <span class='ocrx_word' id='word_1_838' title='bbox 2965 4647 2985 4680; x_wconf 83' lang='grc'><strong><em>‹</em></strong></span> <span class='ocrx_word' id='word_1_839' title='bbox 3035 4625 3204 4692; x_wconf 77' lang='grc' dir='ltr'>Οὗτος</span> <span class='ocrx_word' id='word_1_840' title='bbox 3241 4626 3422 4698; x_wconf 75' lang='grc' dir='ltr'>πατὴρ</span> <span class='ocrx_word' id='word_1_841' title='bbox 3454 4621 3649 4679; x_wconf 51' lang='lat' dir='ltr'><strong>Momm-</strong></span> 
     </span>
    </p>
   </div>
   <div class='ocr_carea' id='block_1_99' title="bbox 2113 4715 3650 4792">
    <p class='ocr_par' dir='ltr' id='par_1_99' title="bbox 2113 4715 3650 4792">
     <span class='ocr_line' id='line_1_99' title="bbox 2113 4715 3650 4792; baseline -0.005 -18"><span class='ocrx_word' id='word_1_842' title='bbox 2113 4720 2220 4776; x_wconf 87' lang='grc' dir='ltr'><strong>τῶν</strong></span> <span class='ocrx_word' id='word_1_843' title='bbox 2263 4719 2420 4792; x_wconf 87' lang='grc' dir='ltr'>μέχρι</span> <span class='ocrx_word' id='word_1_844' title='bbox 2467 4721 2566 4791; x_wconf 86' lang='grc' dir='ltr'><strong>τῆς</strong></span> <span class='ocrx_word' id='word_1_845' title='bbox 2601 4721 2839 4791; x_wconf 83' lang='grc' dir='ltr'>σήμερον</span> <span class='ocrx_word' id='word_1_846' title='bbox 2887 4717 3120 4789; x_wconf 82' lang='grc' dir='ltr'>ἡμέρας,</span> <span class='ocrx_word' id='word_1_847' title='bbox 3149 4735 3168 4768; x_wconf 76' lang='grc' dir='ltr'><strong>ι</strong></span> <span class='ocrx_word' id='word_1_848' title='bbox 3215 4716 3342 4769; x_wconf 88' lang='grc' dir='ltr'>καί·</span> <span class='ocrx_word' id='word_1_849' title='bbox 3383 4734 3402 4767; x_wconf 78' lang='grc' dir='ltr'><strong>ι</strong></span> <span class='ocrx_word' id='word_1_850' title='bbox 3436 4715 3650 4784; x_wconf 80' lang='grc' dir='ltr'>Σήμερον</span> 
     </span>
    </p>
   </div>
   <div class='ocr_carea' id='block_1_100' title="bbox 2117 4806 3650 4882">
    <p class='ocr_par' dir='ltr' id='par_1_100' title="bbox 2117 4806 3650 4882">
     <span class='ocr_line' id='line_1_100' title="bbox 2117 4806 3650 4882; baseline -0.007 -18"><span class='ocrx_word' id='word_1_851' title='bbox 2117 4813 2211 4867; x_wconf 85' lang='grc' dir='ltr'><strong>ἐὰν</strong></span> <span class='ocrx_word' id='word_1_852' title='bbox 2239 4813 2338 4882; x_wconf 88' lang='grc' dir='ltr'><strong>τῆς</strong></span> <span class='ocrx_word' id='word_1_853' title='bbox 2374 4811 2558 4880; x_wconf 86' lang='grc' dir='ltr'>φωνῆς</span> <span class='ocrx_word' id='word_1_854' title='bbox 2602 4809 2766 4864; x_wconf 90' lang='grc' dir='ltr'>αὑτοῦ</span> <span class='ocrx_word' id='word_1_855' title='bbox 2818 4808 3108 4881; x_wconf 86' lang='grc' dir='ltr'>ἀκούσητε,</span> <span class='ocrx_word' id='word_1_856' title='bbox 3141 4808 3234 4862; x_wconf 73' lang='grc' dir='ltr'><strong>καὶ</strong></span> <span class='ocrx_word' id='word_1_857' title='bbox 3289 4808 3365 4879; x_wconf 83' lang='grc' dir='ltr'>μὴ</span> <span class='ocrx_word' id='word_1_858' title='bbox 3409 4806 3650 4873; x_wconf 71' lang='grc' dir='ltr'>ἀπόστητε</span> 
     </span>
    </p>
   </div>
   <div class='ocr_carea' id='block_1_101' title="bbox 2115 4894 3650 4975">
    <p class='ocr_par' dir='ltr' id='par_1_101' title="bbox 2115 4894 3650 4975">
     <span class='ocr_line' id='line_1_101' title="bbox 2115 4894 3650 4975; baseline -0.008 -17"><span class='ocrx_word' id='word_1_859' title='bbox 2115 4903 2222 4958; x_wconf 82' lang='grc' dir='ltr'>ἀπὸ</span> <span class='ocrx_word' id='word_1_860' title='bbox 2252 4904 2479 4975; x_wconf 83' lang='grc' dir='ltr'>Κυρίου.</span> <span class='ocrx_word' id='word_1_861' title='bbox 2522 4923 2541 4956; x_wconf 72' lang='grc' dir='ltr'><strong>ι</strong></span> <span class='ocrx_word' id='word_1_862' title='bbox 2561 4903 2649 4960; x_wconf 88' lang='grc' dir='ltr'><strong>Ἐν</strong></span> <span class='ocrx_word' id='word_1_863' title='bbox 2685 4905 2753 4974; x_wconf 83' lang='grc' dir='ltr'>τῇ</span> <span class='ocrx_word' id='word_1_864' title='bbox 2782 4902 3047 4972; x_wconf 78' lang='grc' dir='ltr'>σήμερον</span> <span class='ocrx_word' id='word_1_865' title='bbox 3077 4895 3169 4954; x_wconf 81' lang='grc' dir='ltr'>οὖν</span> <span class='ocrx_word' id='word_1_866' title='bbox 3205 4901 3389 4971; x_wconf 72' lang='grc' dir='ltr'>ἡμέρα</span> <span class='ocrx_word' id='word_1_867' title='bbox 3414 4894 3650 4964; x_wconf 76' lang='grc' dir='ltr'>ἐπαγγέλ-</span> 
     </span>
    </p>
   </div>
   <div class='ocr_carea' id='block_1_102' title="bbox 514 5035 3647 5118">
    <p class='ocr_par' dir='ltr' id='par_1_102' title="bbox 514 5035 3647 5118">
     <span class='ocr_line' id='line_1_102' title="bbox 514 5035 3647 5118; baseline -0.004 -14"><span class='ocrx_word' id='word_1_868' title='bbox 514 5046 965 5112; x_wconf 68' lang='lat' dir='ltr'><strong>°Joan.vnt.21.</strong></span> <span class='ocrx_word' id='word_1_869' title='bbox 1039 5046 1244 5104; x_wconf 82' lang='lat' dir='ltr'><strong>’Joan.</strong></span> <span class='ocrx_word' id='word_1_870' title='bbox 1274 5063 1398 5115; x_wconf 85' lang='lat' dir='ltr'><strong>xm,</strong></span> <span class='ocrx_word' id='word_1_871' title='bbox 1435 5047 1526 5106; x_wconf 79' lang='lat'><strong>53.</strong></span> <span class='ocrx_word' id='word_1_872' title='bbox 1605 5049 1650 5082; x_wconf 74' lang='grc' dir='ltr'><strong>ι’</strong></span> <span class='ocrx_word' id='word_1_873' title='bbox 1689 5047 1848 5106; x_wconf 84' lang='lat' dir='ltr'><strong>Joan.</strong></span> <span class='ocrx_word' id='word_1_874' title='bbox 1895 5063 2014 5118; x_wconf 86' lang='lat' dir='ltr'><strong>vm,</strong></span> <span class='ocrx_word' id='word_1_875' title='bbox 2057 5048 2148 5104; x_wconf 77' lang='lat'><strong>2|.</strong></span> <span class='ocrx_word' id='word_1_876' title='bbox 2229 5050 2269 5081; x_wconf 83' lang='grc'>¹¹</span> <span class='ocrx_word' id='word_1_877' title='bbox 2309 5051 2470 5104; x_wconf 77' lang='lat' dir='ltr'><strong>Joan.</strong></span> <span class='ocrx_word' id='word_1_878' title='bbox 2511 5061 2634 5112; x_wconf 86' lang='lat' dir='ltr'><strong>xm,</strong></span> <span class='ocrx_word' id='word_1_879' title='bbox 2659 5046 2751 5101; x_wconf 76' lang='lat'><strong>33.</strong></span> <span class='ocrx_word' id='word_1_880' title='bbox 2829 5045 2873 5076; x_wconf 80' lang='lat'>&quot;</span> <span class='ocrx_word' id='word_1_881' title='bbox 2919 5042 3107 5098; x_wconf 78' lang='lat' dir='ltr'><strong>Matth.</strong></span> <span class='ocrx_word' id='word_1_882' title='bbox 3139 5057 3241 5107; x_wconf 70' lang='grc' dir='ltr'>ιιι,</span> <span class='ocrx_word' id='word_1_883' title='bbox 3283 5039 3378 5094; x_wconf 70' lang='grc'><strong>40.</strong></span> <span class='ocrx_word' id='word_1_884' title='bbox 3455 5035 3498 5068; x_wconf 80' lang='grc'><strong>¹³</strong></span> <span class='ocrx_word' id='word_1_885' title='bbox 3539 5035 3647 5092; x_wconf 88' lang='lat' dir='ltr'><strong>Luc.</strong></span> 
     </span>
    </p>
   </div>
   <div class='ocr_carea' id='block_1_103' title="bbox 445 5119 1119 5186">
    <p class='ocr_par' dir='ltr' id='par_1_103' title="bbox 445 5119 1119 5186">
     <span class='ocr_line' id='line_1_103' title="bbox 445 5119 1119 5186; baseline 0.004 -15"><span class='ocrx_word' id='word_1_886' title='bbox 445 5132 605 5186; x_wconf 79' lang='lat' dir='ltr'><strong>xxtn,</strong></span> <span class='ocrx_word' id='word_1_887' title='bbox 633 5119 721 5174; x_wconf 80' lang='grc'><strong>45.</strong></span> <span class='ocrx_word' id='word_1_888' title='bbox 798 5119 844 5150; x_wconf 65' lang='grc' dir='ltr'><strong>ίδ</strong></span> <span class='ocrx_word' id='word_1_889' title='bbox 866 5120 993 5174; x_wconf 89' lang='lat' dir='ltr'><strong>ibid.</strong></span> <span class='ocrx_word' id='word_1_890' title='bbox 1025 5119 1119 5174; x_wconf 78' lang='grc'><strong>42.</strong></span> 
     </span>
    </p>
   </div>
   <div class='ocr_carea' id='block_1_104' title="bbox 521 5233 2012 5310">
    <p class='ocr_par' dir='ltr' id='par_1_104' title="bbox 521 5233 2012 5310">
     <span class='ocr_line' id='line_1_104' title="bbox 521 5233 2012 5310; baseline 0.001 -19"><span class='ocrx_word' id='word_1_891' title='bbox 521 5235 634 5308; x_wconf 80' lang='lat'><strong>(53)</strong></span> <span class='ocrx_word' id='word_1_892' title='bbox 655 5237 1106 5310; x_wconf 53' lang='lat' dir='ltr'><strong>Oidéyaanzal,</strong></span> <span class='ocrx_word' id='word_1_893' title='bbox 1126 5241 1255 5310; x_wconf 83' lang='grc' dir='ltr'>μεθ’</span> <span class='ocrx_word' id='word_1_894' title='bbox 1279 5233 1606 5310; x_wconf 20' lang='grc' dir='ltr'>ὧνίὲειιελλε</span> <span class='ocrx_word' id='word_1_895' title='bbox 1638 5239 1857 5310; x_wconf 71' lang='grc' dir='ltr'>μικρὸν</span> <span class='ocrx_word' id='word_1_896' title='bbox 1877 5239 2012 5308; x_wconf 83' lang='grc' dir='ltr'>χρό-</span> 
     </span>
    </p>
   </div>
   <div class='ocr_carea' id='block_1_105' title="bbox 449 5307 2011 5379">
    <p class='ocr_par' dir='ltr' id='par_1_105' title="bbox 449 5307 2011 5379">
     <span class='ocr_line' id='line_1_105' title="bbox 449 5307 2011 5379; baseline 0.003 -20"><span class='ocrx_word' id='word_1_897' title='bbox 449 5323 561 5379; x_wconf 76' lang='grc' dir='ltr'>νον</span> <span class='ocrx_word' id='word_1_898' title='bbox 579 5307 788 5375; x_wconf 82' lang='grc' dir='ltr'>μηκέτι</span> <span class='ocrx_word' id='word_1_899' title='bbox 799 5307 1055 5379; x_wconf 15' lang='grc' dir='ltr'>ᾲέσεσθαι</span> <span class='ocrx_word' id='word_1_900' title='bbox 1083 5307 1209 5379; x_wconf 70' lang='grc' dir='ltr'>μετ’</span> <span class='ocrx_word' id='word_1_901' title='bbox 1234 5307 1453 5375; x_wconf 55' lang='grc' dir='ltr'>αὐτῶν,</span> <span class='ocrx_word' id='word_1_902' title='bbox 1483 5310 1578 5364; x_wconf 86' lang='grc' dir='ltr'>διὰ</span> <span class='ocrx_word' id='word_1_903' title='bbox 1621 5307 1696 5364; x_wconf 70' lang='grc' dir='ltr'>τὰ</span> <span class='ocrx_word' id='word_1_904' title='bbox 1739 5307 2011 5378; x_wconf 66' lang='grc' dir='ltr'>προειρη-</span> 
     </span>
    </p>
   </div>
   <div class='ocr_carea' id='block_1_106' title="bbox 446 5377 2010 5446">
    <p class='ocr_par' dir='ltr' id='par_1_106' title="bbox 446 5377 2010 5446">
     <span class='ocr_line' id='line_1_106' title="bbox 446 5377 2010 5446; baseline 0.002 -16"><span class='ocrx_word' id='word_1_905' title='bbox 446 5377 601 5446; x_wconf 77' lang='grc' dir='ltr'>μένα</span> <span class='ocrx_word' id='word_1_906' title='bbox 621 5379 730 5430; x_wconf 81' lang='grc' dir='ltr'>οὐκ</span> <span class='ocrx_word' id='word_1_907' title='bbox 753 5377 1226 5444; x_wconf 66' lang='grc' dir='ltr'>ἐδύναντο,’θιε.</span> <span class='ocrx_word' id='word_1_908' title='bbox 1280 5381 1406 5434; x_wconf 66' lang='lat' dir='ltr'><strong>Haec</strong></span> <span class='ocrx_word' id='word_1_909' title='bbox 1455 5381 1710 5434; x_wconf 82' lang='lat' dir='ltr'><strong>videntur</strong></span> <span class='ocrx_word' id='word_1_910' title='bbox 1754 5377 2010 5434; x_wconf 80' lang='lat' dir='ltr'><strong>vertenda</strong></span> 
     </span>
    </p>
   </div>
   <div class='ocr_carea' id='block_1_107' title="bbox 452 5447 2014 5520">
    <p class='ocr_par' dir='ltr' id='par_1_107' title="bbox 452 5447 2014 5520">
     <span class='ocr_line' id='line_1_107' title="bbox 452 5447 2014 5520; baseline 0.001 -20"><span class='ocrx_word' id='word_1_911' title='bbox 452 5447 906 5520; x_wconf 80' lang='lat' dir='ltr'><strong>quemadmodum</strong></span> <span class='ocrx_word' id='word_1_912' title='bbox 938 5451 1105 5520; x_wconf 86' lang='lat' dir='ltr'><strong>vertit</strong></span> <span class='ocrx_word' id='word_1_913' title='bbox 1129 5449 1430 5518; x_wconf 84' lang='lat' dir='ltr'><strong>Perionius,</strong></span> <span class='ocrx_word' id='word_1_914' title='bbox 1460 5469 1488 5520; x_wconf 21' lang='lat' dir='ltr'><strong>ﬁt</strong></span> <span class='ocrx_word' id='word_1_915' title='bbox 1522 5449 1780 5520; x_wconf 89' lang='lat' dir='ltr'><strong>Discipuli</strong></span> <span class='ocrx_word' id='word_1_916' title='bbox 1809 5459 2014 5513; x_wconf 90' lang='lat' dir='ltr'><strong>autem,</strong></span> 
     </span>
    </p>
   </div>
   <div class='ocr_carea' id='block_1_108' title="bbox 452 5516 2013 5590">
    <p class='ocr_par' dir='ltr' id='par_1_108' title="bbox 452 5516 2013 5590">
     <span class='ocr_line' id='line_1_108' title="bbox 452 5516 2013 5590; baseline 0 -19"><span class='ocrx_word' id='word_1_917' title='bbox 452 5516 577 5590; x_wconf 85' lang='lat' dir='ltr'><strong>cum</strong></span> <span class='ocrx_word' id='word_1_918' title='bbox 611 5516 806 5584; x_wconf 87' lang='lat' dir='ltr'><strong>quibus</strong></span> <span class='ocrx_word' id='word_1_919' title='bbox 836 5517 987 5590; x_wconf 82' lang='lat' dir='ltr'><strong>brevi</strong></span> <span class='ocrx_word' id='word_1_920' title='bbox 1023 5527 1263 5589; x_wconf 90' lang='lat' dir='ltr'><strong>tempore</strong></span> <span class='ocrx_word' id='word_1_921' title='bbox 1289 5516 1423 5590; x_wconf 49' lang='lat' dir='ltr'><strong>jam&#39;</strong></span> <span class='ocrx_word' id='word_1_922' title='bbox 1449 5516 1807 5575; x_wconf 60' lang='lat' dir='ltr'><strong>futurns&#39;non</strong></span> <span class='ocrx_word' id='word_1_923' title='bbox 1871 5526 2013 5582; x_wconf 87' lang='lat' dir='ltr'><strong>erat,</strong></span> 
     </span>
    </p>
   </div>
   <div class='ocr_carea' id='block_1_109' title="bbox 453 5587 2010 5658">
    <p class='ocr_par' dir='ltr' id='par_1_109' title="bbox 453 5587 2010 5658">
     <span class='ocr_line' id='line_1_109' title="bbox 453 5587 2010 5658; baseline -0.001 -18"><span class='ocrx_word' id='word_1_924' title='bbox 453 5587 524 5640; x_wconf 92' lang='lat' dir='ltr'><strong>ob</strong></span> <span class='ocrx_word' id='word_1_925' title='bbox 556 5588 965 5658; x_wconf 12' lang='lat' dir='ltr'><strong>ea_quacgpaulo</strong></span> <span class='ocrx_word' id='word_1_926' title='bbox 994 5587 1146 5644; x_wconf 60' lang='lat' dir='ltr'><strong>ante&#39;</strong></span> <span class='ocrx_word' id='word_1_927' title='bbox 1168 5587 1308 5643; x_wconf 82' lang='lat' dir='ltr'><strong>dicta</strong></span> <span class='ocrx_word' id='word_1_928' title='bbox 1338 5599 1487 5652; x_wconf 87' lang='lat' dir='ltr'><strong>sunt,</strong></span> <span class='ocrx_word' id='word_1_929' title='bbox 1533 5605 1640 5644; x_wconf 91' lang='lat' dir='ltr'><strong>non</strong></span> <span class='ocrx_word' id='word_1_930' title='bbox 1689 5598 1958 5658; x_wconf 90' lang='lat' dir='ltr'><strong>poterant,</strong></span> <span class='ocrx_word' id='word_1_931' title='bbox 1990 5603 2010 5638; x_wconf 73' lang='grc' dir='ltr'><strong>ι</strong></span> 
     </span>
    </p>
   </div>
   <div class='ocr_carea' id='block_1_110' title="bbox 455 5655 2015 5733">
    <p class='ocr_par' dir='ltr' id='par_1_110' title="bbox 455 5655 2015 5733">
     <span class='ocr_line' id='line_1_110' title="bbox 455 5655 2015 5733; baseline 0.001 -23"><span class='ocrx_word' id='word_1_932' title='bbox 455 5665 565 5733; x_wconf 73' lang='lat' dir='ltr'><strong>etc.</strong></span> <span class='ocrx_word' id='word_1_933' title='bbox 605 5655 708 5733; x_wconf 81' lang='lat' dir='ltr'><strong>Sed</strong></span> <span class='ocrx_word' id='word_1_934' title='bbox 725 5655 1159 5733; x_wconf 81' lang='lat' dir='ltr'><strong>_aliter_fortasse</strong></span> <span class='ocrx_word' id='word_1_935' title='bbox 1178 5658 1400 5733; x_wconf 72' lang='lat' dir='ltr'><strong>legebat</strong></span> <span class='ocrx_word' id='word_1_936' title='bbox 1429 5655 1739 5726; x_wconf 80' lang='lat' dir='ltr'><strong>Ferrarius,</strong></span> <span class='ocrx_word' id='word_1_937' title='bbox 1791 5668 1848 5712; x_wconf 91' lang='lat' dir='ltr'><strong>et</strong></span> <span class='ocrx_word' id='word_1_938' title='bbox 1924 5672 2015 5711; x_wconf 87' lang='lat' dir='ltr'><strong>rc-</strong></span> 
     </span>
    </p>
   </div>
   <div class='ocr_carea' id='block_1_111' title="bbox 453 5723 1662 5794">
    <p class='ocr_par' dir='ltr' id='par_1_111' title="bbox 453 5723 1662 5794">
     <span class='ocr_line' id='line_1_111' title="bbox 453 5723 1662 5794; baseline 0.005 -18"><span class='ocrx_word' id='word_1_939' title='bbox 453 5723 598 5777; x_wconf 88' lang='lat' dir='ltr'><strong>ctius</strong></span> <span class='ocrx_word' id='word_1_940' title='bbox 613 5723 826 5794; x_wconf 70' lang='lat' dir='ltr'><strong>«pridem</strong></span> <span class='ocrx_word' id='word_1_941' title='bbox 841 5741 856 5790; x_wconf 77' lang='lat'><strong>&#39;,</strong></span> <span class='ocrx_word' id='word_1_942' title='bbox 873 5729 1109 5794; x_wconf 88' lang='lat' dir='ltr'><strong>ideoque</strong></span> <span class='ocrx_word' id='word_1_943' title='bbox 1139 5723 1277 5782; x_wconf 68' lang='lat' dir='ltr'><strong>nihil</strong></span> <span class='ocrx_word' id='word_1_944' title='bbox 1295 5730 1662 5783; x_wconf 78' lang='lat' dir='ltr'><strong>innuutamns.</strong></span> 
     </span>
    </p>
   </div>
   <div class='ocr_carea' id='block_1_112' title="bbox 527 5790 2012 5862">
    <p class='ocr_par' dir='ltr' id='par_1_112' title="bbox 527 5790 2012 5862">
     <span class='ocr_line' id='line_1_112' title="bbox 527 5790 2012 5862; baseline 0.003 -11"><span class='ocrx_word' id='word_1_945' title='bbox 527 5790 638 5858; x_wconf 61' lang='lat'><strong>(54)</strong></span> <span class='ocrx_word' id='word_1_946' title='bbox 666 5795 844 5853; x_wconf 83' lang='lat' dir='ltr'><strong>Codex</strong></span> <span class='ocrx_word' id='word_1_947' title='bbox 891 5790 1112 5860; x_wconf 39' lang='lat' dir='ltr'><strong>Regi—us,</strong></span> <span class='ocrx_word' id='word_1_948' title='bbox 1147 5799 1304 5860; x_wconf 86' lang='lat' dir='ltr'><strong>male,</strong></span> <span class='ocrx_word' id='word_1_949' title='bbox 1363 5798 1542 5862; x_wconf 81' lang='grc' dir='ltr'>καθὼς</span> <span class='ocrx_word' id='word_1_950' title='bbox 1597 5796 1734 5854; x_wconf 85' lang='grc' dir='ltr'>εἷπε.</span> <span class='ocrx_word' id='word_1_951' title='bbox 1788 5797 2012 5856; x_wconf 82' lang='lat' dir='ltr'><strong>Ibidem.</strong></span> 
     </span>
    </p>
   </div>
   <div class='ocr_carea' id='block_1_113' title="bbox 2118 5213 3649 5306">
    <p class='ocr_par' dir='ltr' id='par_1_113' title="bbox 2118 5213 3649 5306">
     <span class='ocr_line' id='line_1_113' title="bbox 2118 5213 3649 5306; baseline -0.012 -17"><span class='ocrx_word' id='word_1_952' title='bbox 2118 5249 2216 5306; x_wconf 83' lang='lat' dir='ltr'><strong>pro</strong></span> <span class='ocrx_word' id='word_1_953' title='bbox 2239 5230 2732 5306; x_wconf 56' lang='lat' dir='ltr'><strong>xdvﬁﬂouczspov</strong></span> <span class='ocrx_word' id='word_1_954' title='bbox 2766 5225 2981 5306; x_wconf 82' lang='grc' dir='ltr'>ἐδόκουν</span> <span class='ocrx_word' id='word_1_955' title='bbox 3035 5222 3134 5306; x_wconf 73' lang='grc' dir='ltr'><strong>μέν</strong></span> <span class='ocrx_word' id='word_1_956' title='bbox 3165 5220 3361 5306; x_wconf 65' lang='grc' dir='ltr'>ταῦτα</span> <span class='ocrx_word' id='word_1_957' title='bbox 3382 5213 3649 5306; x_wconf 43' lang='grc' dir='ltr'>,εἰρῆσθὲῐε</span> 
     </span>
    </p>
   </div>
   <div class='ocr_carea' id='block_1_114' title="bbox 2117 5291 3652 5375">
    <p class='ocr_par' dir='ltr' id='par_1_114' title="bbox 2117 5291 3652 5375">
     <span class='ocr_line' id='line_1_114' title="bbox 2117 5291 3652 5375; baseline -0.016 -15"><span class='ocrx_word' id='word_1_958' title='bbox 2117 5291 2518 5375; x_wconf 73' lang='grc' dir='ltr'>ἀναφερόμενα,</span> <span class='ocrx_word' id='word_1_959' title='bbox 2540 5291 2659 5375; x_wconf 70' lang='lat' dir='ltr'><strong>etc&#39;.</strong></span> <span class='ocrx_word' id='word_1_960' title='bbox 2690 5297 2987 5375; x_wconf 63' lang='lat' dir='ltr'><strong>ferrarius</strong></span> <span class='ocrx_word' id='word_1_961' title='bbox 3036 5291 3249 5375; x_wconf 67' lang='lat' dir='ltr'><strong>videtur</strong></span> <span class='ocrx_word' id='word_1_962' title='bbox 3273 5291 3484 5375; x_wconf 42' lang='lat' dir='ltr'><strong>“legisse</strong></span> <span class='ocrx_word' id='word_1_963' title='bbox 3503 5304 3538 5375; x_wconf 6' lang='grc' dir='ltr'><strong>γε,</strong></span> 
     </span>
    </p>
   </div>
   <div class='ocr_carea' id='block_1_115' title="bbox 2117 5353 3652 5444">
    <p class='ocr_par' dir='ltr' id='par_1_115' title="bbox 2117 5353 3652 5444">
     <span class='ocr_line' id='line_1_115' title="bbox 2117 5353 3652 5444; baseline -0.014 -14"><span class='ocrx_word' id='word_1_964' title='bbox 2117 5353 2829 5444; x_wconf 43' lang='grc' dir='ltr'>ἀπλδύστὲρονἹέδοκοῦμεν</span> <span class='ocrx_word' id='word_1_965' title='bbox 2888 5364 3060 5444; x_wconf 78' lang='grc' dir='ltr'>ταῦτα</span> <span class='ocrx_word' id='word_1_966' title='bbox 3111 5353 3374 5444; x_wconf 74' lang='grc' dir='ltr'>εἰρῆσθαῖ</span> <span class='ocrx_word' id='word_1_967' title='bbox 3412 5353 3652 5426; x_wconf 77' lang='grc' dir='ltr'>ἀναφερό-</span> 
     </span>
    </p>
   </div>
   <div class='ocr_carea' id='block_1_116' title="bbox 2118 5436 3295 5518">
    <p class='ocr_par' dir='ltr' id='par_1_116' title="bbox 2118 5436 3295 5518">
     <span class='ocr_line' id='line_1_116' title="bbox 2118 5436 3295 5518; baseline -0.014 -18"><span class='ocrx_word' id='word_1_968' title='bbox 2118 5462 2290 5518; x_wconf 75' lang='grc' dir='ltr'>μενοι,</span> <span class='ocrx_word' id='word_1_969' title='bbox 2318 5436 2450 5518; x_wconf 54' lang='grc' dir='ltr'><strong>θεὸν</strong></span> <span class='ocrx_word' id='word_1_970' title='bbox 2478 5457 2596 5511; x_wconf 65' lang='lat' dir='ltr'><strong>quae</strong></span> <span class='ocrx_word' id='word_1_971' title='bbox 2616 5436 2777 5518; x_wconf 41' lang='lat' dir='ltr'><strong>[ec-tio</strong></span> <span class='ocrx_word' id='word_1_972' title='bbox 2805 5436 2935 5518; x_wconf 83' lang='lat' dir='ltr'><strong>fer_ri</strong></span> <span class='ocrx_word' id='word_1_973' title='bbox 2965 5436 3295 5518; x_wconf 44' lang='lat' dir='ltr'><strong>nonJmte‘st.</strong></span> 
     </span>
    </p>
   </div>
   <div class='ocr_carea' id='block_1_117' title="bbox 2187 5491 3649 5587">
    <p class='ocr_par' dir='ltr' id='par_1_117' title="bbox 2187 5491 3649 5587">
     <span class='ocr_line' id='line_1_117' title="bbox 2187 5491 3649 5587; baseline -0.018 -17"><span class='ocrx_word' id='word_1_974' title='bbox 2187 5491 2849 5587; x_wconf 50' lang='grc' dir='ltr'><strong>(έῦδὶξαῖθξαταᾷαίτςωνε</strong></span> <span class='ocrx_word' id='word_1_975' title='bbox 2883 5507 2939 5560; x_wconf 86' lang='lat' dir='ltr'><strong>In</strong></span> <span class='ocrx_word' id='word_1_976' title='bbox 2972 5491 3159 5587; x_wconf 60' lang='lat' dir='ltr'><strong>codice</strong></span> <span class='ocrx_word' id='word_1_977' title='bbox 3185 5501 3350 5571; x_wconf 77' lang='lat' dir='ltr'><strong>Regio</strong></span> <span class='ocrx_word' id='word_1_978' title='bbox 3384 5507 3529 5555; x_wconf 85' lang='lat' dir='ltr'><strong>deest</strong></span> <span class='ocrx_word' id='word_1_979' title='bbox 3555 5491 3649 5548; x_wconf 80' lang='grc' dir='ltr'>καί.</span> 
     </span>
    </p>
   </div>
   <div class='ocr_carea' id='block_1_118' title="bbox 2114 5573 3292 5653">
    <p class='ocr_par' dir='ltr' id='par_1_118' title="bbox 2114 5573 3292 5653">
     <span class='ocr_line' id='line_1_118' title="bbox 2114 5573 3292 5653; baseline -0.014 -12"><span class='ocrx_word' id='word_1_980' title='bbox 2114 5573 2581 5653; x_wconf 59' lang='grc' dir='ltr'>Ὲοὶιόιεεεηόυηι</span> <span class='ocrx_word' id='word_1_981' title='bbox 2611 5576 2896 5653; x_wconf 61' lang='grc' dir='ltr'>ἀπρθανὼν</span> <span class='ocrx_word' id='word_1_982' title='bbox 2925 5573 3292 5653; x_wconf 74' lang='grc' dir='ltr'>καταϐαίνειν.</span> 
     </span>
    </p>
   </div>
   <div class='ocr_carea' id='block_1_119' title="bbox 2186 5634 3647 5725">
    <p class='ocr_par' dir='ltr' id='par_1_119' title="bbox 2186 5634 3647 5725">
     <span class='ocr_line' id='line_1_119' title="bbox 2186 5634 3647 5725; baseline -0.028 1"><span class='ocrx_word' id='word_1_983' title='bbox 2186 5634 2642 5725; x_wconf 40' lang='grc' dir='ltr'><strong>(δέλιὲλὶξλλεν.</strong></span> <span class='ocrx_word' id='word_1_984' title='bbox 2672 5645 3252 5725; x_wconf 62' lang='lat' dir='ltr'><strong>Fprtescribemlum,</strong></span> <span class='ocrx_word' id='word_1_985' title='bbox 3309 5641 3538 5725; x_wconf 33' lang='lat' dir='ltr'><strong>piis;qu</strong></span> <span class='ocrx_word' id='word_1_986' title='bbox 3549 5634 3647 5725; x_wconf 16' lang='lat' dir='ltr'><strong>“viil</strong></span> 
     </span>
    </p>
   </div>
   <div class='ocr_carea' id='block_1_120' title="bbox 2114 5706 3652 5849">
    <p class='ocr_par' dir='ltr' id='par_1_120' title="bbox 2114 5706 3652 5849">
     <span class='ocr_line' id='line_1_120' title="bbox 2114 5706 3652 5849; baseline -0.018 -69"><span class='ocrx_word' id='word_1_987' title='bbox 2114 5706 2422 5849; x_wconf 45' lang='lat' dir='ltr'><strong>ieg‘endutn&#39;,</strong></span> <span class='ocrx_word' id='word_1_988' title='bbox 2447 5723 2506 5787; x_wconf 85' lang='grc' dir='ltr'>ὃς</span> <span class='ocrx_word' id='word_1_989' title='bbox 2531 5706 2648 5792; x_wconf 74' lang='grc' dir='ltr'>ἅμα</span> <span class='ocrx_word' id='word_1_990' title='bbox 2681 5723 2746 5790; x_wconf 82' lang='grc' dir='ltr'>τῇ</span> <span class='ocrx_word' id='word_1_991' title='bbox 2777 5719 2940 5789; x_wconf 71' lang='grc' dir='ltr'>ἐξόδῳ</span> <span class='ocrx_word' id='word_1_992' title='bbox 2987 5718 3045 5770; x_wconf 83' lang='grc' dir='ltr'><strong>ἐν</strong></span> <span class='ocrx_word' id='word_1_993' title='bbox 3075 5712 3153 5783; x_wconf 85' lang='grc' dir='ltr'>τῷ</span> <span class='ocrx_word' id='word_1_994' title='bbox 3185 5706 3490 5784; x_wconf 82' lang='grc' dir='ltr'>παραδείσῳ</span> <span class='ocrx_word' id='word_1_995' title='bbox 3516 5706 3652 5776; x_wconf 54' lang='grc' dir='ltr'>ἔμελ’</span> 
     </span>
     <span class='ocr_line' id='line_1_121' title="bbox 2147 5807 2351 5849; baseline 0.005 -1"><span class='ocrx_word' id='word_1_996' title='bbox 2147 5813 2221 5849; x_wconf 91' lang='grc' dir='ltr'><strong>εν.</strong></span> <span class='ocrx_word' id='word_1_997' title='bbox 2248 5807 2351 5849; x_wconf 74' lang='grc' dir='ltr'>εις.</span> 
     </span>
    </p>
   </div>
   <div class='ocr_carea' id='block_1_121' title="bbox 2147 5807 2351 5854">
    <p class='ocr_par' dir='ltr' id='par_1_121' title="bbox 2147 5807 2351 5854">
     <span class='ocr_line' id='line_1_122' title="bbox 2147 5807 2351 5854; baseline 0.01 -6"><span class='ocrx_word' id='word_1_998' title='bbox 2147 5813 2221 5854; x_wconf 87' lang='grc' dir='ltr'>εν.</span> <span class='ocrx_word' id='word_1_999' title='bbox 2248 5807 2351 5852; x_wconf 86' lang='lat' dir='ltr'><strong>etc.</strong></span> 
     </span>
    </p>
   </div>
  </div>
