3784 6532
103 391 188 447 8‘29
1151 397 1577 456 FRAGMENTA
1616 401 1684 456 IN
1724 400 1905 457 ACTA
1943 401 2184 459 APOST.

3203 406 3310 460 850

103 507 234 600 λεται
587 508 875 600 ἀξιώσαντι
929 514 1232 586 μνησθῆναι
1282 516 1444 571 αὑτοῦ
1481 520 1538 571 ὲν
1578 522 1644 590 τῇ

1771 519 2095 586 rocabnlum,
2129 519 2302 587 hodie,
2335 521 2388 576 in
2413 518 2700 590 Scriptura
2735 522 3034 578 extendere
3067 537 3310 593 praesens

106 597 328 669 βασιλείᾳ
357 597 452 650 τοῦ
500 599 637 654 Θεοῦ
679 602 740 654 τὸ
769 604 827 658 ὲν
854 603 932 674 τῷ
980 606 1291 677 ἑνεστηκότι
1331 608 1484 662 αἰῶνι
1540 610 1646 682 πρὸ

1771 628 1966 683 empus
2005 613 2060 667 in
2109 621 2280 668 totum
2324 613 2605 681 saeculum,
2657 623 2718 668 ut
2759 615 2813 670 in
2858 614 3034 670 illud:
3064 631 3084 666 ι
3124 614 3311 670 Divul-

104 687 182 744 τοῦ
209 689 488 760 μέλλοντος
521 694 738 764 ποιῆσαι
776 694 937 751 αὐτὸν
963 698 1215 766 γενέσθαι
1250 701 1348 754 σὺν
1372 700 1646 774 αὐτῷ(58)

106 782 153 835 ἑν
176 784 235 852 τῇ
259 780 501 855 βασιλείᾳ
535 784 628 838 τοῦ
661 785 812 842 Θεοῦ.
863 789 1022 844 Ἀλλά
1056 791 1214 844 τοῦτο
1244 792 1342 862 μὲν
1365 791 1453 846 διὰ
1483 793 1646 864 μέσου

105 872 154 925 ἐν
195 875 529 944 Μρεκὸάσει
559 879 638 942 εἰς
685 879 744 932 τὺ
785 882 1179 953 προειρημένον
1216 883 1490 956 εἰρήσθωο
1537 887 1650 950 τοῖς

106 965 153 1017 δὲ
175 965 433 1036 μαθηταῖς
460 968 771 1024 ἀκολουθεῖν
805 971 1145 1044 βουλομένοις
1194 975 1273 1047 τῷ
1309 975 1508 1048 Ἰησοῦ,
1553 979 1651 1049 οὐχ

107 1058 168 1121 ὡς
209 1059 269 1112 ἂν
312 1061 362 1112 οἱ
412 1061 768 1135 ἁπλούστεροι
800 1065 1120 1120 ὑπολάϐοιεν
1159 1069 1501 1140 σωματικῶς,
1535 1071 1650 1124 ἀλλ’

106 1150 168 1213 ὡς
207 1149 351 1220 δηλοῖ
382 1153 444 1205 τό
469 1169 482 1180 ·
516 1171 534 1204 ι
577 1155 672 1218 Ὃς
717 1154 783 1210 ἂν
815 1157 892 1228 μὴ
926 1159 1034 1232 ἄρῃ
1072 1159 1164 1214 τὸν
1206 1160 1436 1234 σταυρὸν
1462 1163 1649 1230 αὑτοῦ,

110 1241 187 1294 καὶ
212 1241 548 1316 ἀκολουθήσῃ
577 1245 751 1299 ὀπίσω
788 1264 912 1317 μου,
936 1249 1036 1302 ούκ
1070 1250 1184 1303 ἔστι
1217 1269 1317 1322 μου
1343 1250 1488 1317 ἄξιος
1512 1247 1653 1306 εἶναι

112 1333 347 1405 μαθητὴς,
381 1355 402 1387 ι
439 1338 575 1409 φησὶ
605 1338 698 1392 νῦν
727 1342 756 1393 6
785 1341 985 1412 Κύριος
1014 1343 1117 1409 ὅτι,
1153 1346 1357 1400 (Ὅπου
1381 1348 1490 1415 ἐγὼ
1515 1349 1652 1403 ὑπά-

113 1445 199 1494 τω,
227 1429 381 1499 ὑμεῖς
422 1431 485 1484 οὑ
513 1431 740 1486 δύνασθε
791 1433 965 1487 ἐλθεῖν
994 1434 1148 1506 ἇρτιο
1193 1457 1212 1489 ι
1248 1439 1296 1492 εί
1337 1439 1445 1512 γὰρ
1499 1440 1653 1494 ὲόού-

109 1520 239 1574 λοντο
267 1522 584 1578 ἀκολουθεῖν
624 1525 704 1597 τῷ
735 1527 915 1597 Λόγῳ,
947 1527 1042 1580 καὶ
1072 1528 1350 1600 ὁμολογεῖν
1383 1532 1542 1586 αὐτὸν
1579 1532 1652 1604 μὴ

113 1613 568 1687 σκανδαλιζόμενοι
623 1620 681 1671 ἐν
733 1619 902 1690 αὐτῷ,
954 1619 1069 1673 ἀλλ’
1118 1622 1217 1676 οὐκ
1272 1623 1520 1678 ὲδύναντό
1567 1642 1656 1678 πω

109 1705 244 1759 τοῦτο
281 1711 456 1761 ποιεῖν
481 1727 494 1739 ·
535 1727 558 1762 r
596 1709 762 1764 Οΰπω
794 1712 902 1783 γάρ
937 1708 1006 1784 ἦν
1041 1713 1290 1786 Πνεῦμα,
1313 1717 1394 1769 ὅτι
1452 1715 1656 1786 Ἰησοῦς

111 1798 240 1856 οὔπω
281 1801 568 1874 ἐδοξάσθη.
618 1805 727 1858 Καὶ
751 1806 924 1871 οὐδεὶς
963 1807 1184 1862 δύναται
1230 1810 1424 1871 εἰπεῖν,
1454 1807 1656 1878 Κύριος

1747 713 1928 777 gatum
1960 705 2173 761 esthoc
2196 705 2420 760 verbum
2455 707 2598 776 apud
2625 705 3304 779 Judzcosusquehodie";i

1748 807 1836 852 et:
1879 817 1896 849 ι
1924 797 2023 854 Hic
2041 805 2125 853 est
2153 807 2308 867 pater
2324 797 2680 854 Moabitarum
2705 799 2949 870 usquein
2982 799 3312 854 hodiernum

1749 889 1891 944 diem
1911 889 1984 954 “l;
2016 905 2034 938 ›
2060 893 2148 942 et:
2175 907 2192 939 ι
2226 887 2397 945 Hodie
2429 890 2476 945 si
2514 905 2703 946 vocem
2746 890 2864 960 ejus
2898 890 3214 956 audieritis,
3245 905 3314 948 ne

1751 980 2018 1035 recedatis
2047 993 2078 1033 a
2128 980 2355 1035 Domino
2389 980 2454 1034 υ.
2500 998 2519 1034 ι
2559 980 2745 1051 Itaque
2789 983 2968 1037 oranti
3008 981 3206 1038 latroni
3256 992 3315 1036 ut

1749 1072 1833 1127 sui
1867 1070 2128 1126 memoria
2145 1071 2414 1127 habeatur
2440 1071 2496 1127 in
2528 1086 2694 1143 regno
2721 1071 2840 1140 Dei,
2871 1073 3137 1144 promittit
3159 1073 3317 1128 Chri-

1751 1173 1866 1219 stus
1897 1163 1953 1218 in
1989 1163 2252 1219 vocabulo
2290 1165 2446 1220 hodie
2484 1179 2544 1221 se
2576 1166 2880 1232 facturum,
2923 1174 2984 1221 ut
3027 1165 3168 1220 latro
3201 1167 3317 1236 ipse

1751 1270 1931 1311 secum
1961 1255 2033 1311 sit
2058 1256 2111 1310 in
2136 1269 2302 1326 regno
2318 1257 2412 1311 Dei
2440 1257 2495 1311 in
2523 1258 2774 1328 praesenti
2803 1257 2997 1314 saeculo
3017 1266 3146 1312 ante
3173 1255 3319 1312 iutu-

1753 1363 1894 1403 rum.
1935 1347 2042 1403 Sed
2085 1348 2186 1404 hoc
2226 1363 2321 1417 per
2358 1349 2750 1420 digressionem
2796 1350 2998 1406 dictum
3050 1350 3121 1404 sit
3163 1349 3220 1404 in
3265 1349 3319 1404 id

1754 1455 1860 1509 quo
1885 1442 1952 1495 de
1977 1441 2207 1511 agimus.
2231 1441 2300 1495 At
2328 1455 2458 1497 vero
2498 1441 2779 1511 discipulis
2810 1441 3120 1496 volentibus
3159 1441 3318 1510 sequi

1753 1529 1958 1598 Jesum,
2016 1547 2122 1587 non
2162 1541 2221 1588 ut
2265 1531 2622 1602 simpliciores
2665 1542 2893 1600 rentur,
2936 1531 3318 1602 corporaliter,

1755 1622 1849 1677 sed
1880 1631 1937 1677 ut
1958 1621 2232 1692 signiﬁcat
2261 1622 2390 1678 illud
2423 1623 2466 1655 ¹⁸
2495 1638 2510 1677 :
2551 1640 2572 1673 ι
2607 1621 2710 1690 Qui
2743 1638 2850 1678 non
2877 1622 3066 1678 tulerit
3099 1637 3318 1678 crucem

1757 1729 1929 1781 suam,
1953 1723 2008 1770 et
2040 1728 2126 1770 me
2151 1716 2470 1774 subsecutus
2493 1715 2676 1782 fuerit,
2702 1731 2810 1771 non
2842 1723 2926 1770 est
2949 1715 3146 1785 dignus
3169 1729 3321 1769 meus

1758 1823 1878 1865 esse
1911 1807 2236 1879 discipulus,
2288 1828 2308 1862 ι
2352 1811 2528 1879 inquit
2559 1825 2704 1865 nunc
2743 1811 3005 1866 Dominus
3031 1810 3074 1842 ¹⁹
3105 1827 3120 1865 :
3157 1828 3176 1862 ι
3206 1807 3326 1877 Quo

122 1890 323 1961 Ἰησοῦς,
355 1895 405 1948 εί
438 1894 516 1966 μὴ
546 1896 606 1950 ὲν
627 1897 904 1969 Πνεύματι
929 1900 1089 1972 ἁγίῳ.
1125 1919 1144 1954 ι
1174 1903 1392 1956 Ἀπεισι
1420 1903 1477 1956 δὲ
1504 1905 1533 1956 6
1559 1903 1659 1956 A6-

1771 1915 1856 1971 ego
1879 1901 2032 1966 abeo,
2059 1915 2156 1956 vos
2177 1916 2282 1957 non
2299 1902 2522 1970 potestis
2537 1901 2701 1974 456
2721 1903 2910 1958 venire
2935 1917 3098 1958 nunc.
3135 1921 3154 1954 ι
3187 1900 3324 1955 Nam

114 1999 190 2050 τος
217 1983 309 2047 τὰς
335 1985 534 2039 ἑαυτοῦ
566 1988 790 2059 πορείας
809 2006 823 2020 ·
873 1992 967 2044 καὶ
1012 1992 1293 2046 ἀκολουθεῖ
1327 1993 1424 2064 μὲν
1454 1993 1603 2064 αὐτῷ
1630 1993 1660 2046 6

112 2074 247 2146 Λόγῳ
273 2075 541 2147 ἑπόμενος
558 2096 572 2110 ο
592 2079 653 2132 ού
677 2079 896 2135 δύναται
915 2082 973 2135 δὲ
998 2082 1306 2138 ἀκολουθεῖν
1329 2087 1357 2138 6
1386 2085 1460 2155 μὴ
1482 2085 1662 2156 εὐτρε-

116 2167 349 2238 πισμένος
370 2168 540 2236 ἀξίως
567 2170 730 2225 αὑτοῦ
757 2171 832 2236 ὡς
859 2173 980 2227 κατ’
1023 2173 1143 2245 ῐχνη
1168 2174 1279 2246 (59)
1330 2174 1532 2246 βαίνειν
1568 2174 1661 2229 τοῦ

117 2263 250 2329 λόγου
313 2262 641 2333 ὁδηγοῦντος
702 2266 837 2338 πρὸς
889 2266 982 2320 τὸν
1038 2266 1228 2320 ἑαυτοῦ
1275 2267 1497 2340 Πατέρα
1537 2269 1664 2332 τοὺς

114 2352 269 2407 πάντα
303 2355 667 2426 πράττοντας,
698 2357 782 2409 ἵνα
815 2356 910 2410 καὶ
935 2357 1195 2413 δύνωνται
1227 2360 1372 2431 αὐτῷ
1413 2359 1662 2424 ἕπεσθαι,

115 2446 192 2495 καὶ
231 2444 600 2499 ἀκολουθῶσιν
634 2445 801 2516 αὐτῷ,
849 2447 952 2511 ἕως
978 2447 1044 2502 ἂν
1075 2448 1184 2520 (60)
1217 2451 1442 2504 εἴπωσιν
1498 2449 1664 2515 ἀξίως

115 2533 177 2603 τῷ
194 2535 438 2606 Χριστῷ·
487 2554 508 2588 ι
550 2536 844 2608 Ἐκολλήθη
877 2538 1052 2593 ὀπίσω
1081 2557 1171 2592 σου
1219 2541 1252 2610 ἡ
1295 2540 1440 2612 ψυχή
1479 2557 1599 2612 μου.
1637 2559 1658 2593 ι

127 2627 373 2699 ’Δυτάρκη
403 2629 464 2681 δὲ
495 2631 846 2702 περιγραφὴν
879 2632 1165 2703 εἰληφότος
1199 2633 1296 2686 τοῦ
1334 2633 1412 2686 λ6’
1443 2633 1550 2686 τῶν
1583 2634 1662 2698 είς

115 2718 164 2770 τὸ
210 2721 348 2776 κατά
387 2722 648 2794 Ἰωάννην
705 2722 1036 2793 Εὐαγγέλιον
1083 2725 1440 2797 ὲξηγητικῶν,
1497 2725 1661 2779 αὑτοῦ

115 2827 198 2864 που
223 2813 648 2886 καταπαύσομεν
668 2815 758 2870 τὸν
779 2815 956 2886 λόγον.

1757 1991 1968 2048 etiamsi
1993 1992 2145 2064 sequi
2189 1992 2442 2048 volebant
2469 1993 2702 2048 Verbum
2731 1993 2823 2048 Dei
2854 1994 3075 2059 Filium,
3106 2002 3162 2049 et
3186 2009 3324 2048 con.-

1761 2082 1898 2137 iiteri
1931 2097 2050 2138 eum
2093 2097 2198 2139 non
2235 2083 2426 2139 oll’ensi
2463 2097 2626 2139 causa
2669 2084 2869 2155 ipsius,
2905 2086 3142 2140 nondum
3175 2093 3328 2154 pote-

1763 2185 1888 2230 rant
1919 2184 2099 2232 tamen
2137 2176 2240 2233 hoc
2268 2175 2496 2232 facere:
2535 2195 2554 2228 ι
2592 2175 2836 2231 Nondum
2867 2177 3012 2232 enim
3047 2185 3168 2232 erat
3203 2175 3328 2246 Spi-

1763 2268 2076 2340 ritus,quod
2101 2270 2335 2325 nondum
2353 2270 2664 2327 essetJesus
2694 2270 3026 2341 gloriﬁcatus
3055 2269 3122 2324 '°.
3153 2289 3174 2323 ι
3201 2286 3221 2322 ι
3261 2269 3330 2326 Et

1770 2359 1948 2416 nullus
1979 2370 2159 2428 potest
2179 2361 2382 2427 dicere,
2412 2363 2671 2418 Dominus
2698 2361 2882 2427 Iesus,
2911 2362 3010 2416 nisi
3039 2362 3091 2415 in
3122 2360 3328 2430 Spiritu

1761 2460 1948 2507 sancto
1996 2453 2093 2506 “.t
2125 2453 2390 2510 Caeterum
2421 2456 2725 2526 οδίιΛόγος
2755 2454 2847 2527 [id
2871 2463 2956 2510 est
2981 2453 3155 2510 Filius
3173 2450 3328 2526 Dei,]

1762 2557 1994 2614 pergens
2025 2544 2091 2598 ad
2126 2560 2222 2600 sua
2254 2546 2474 2612 itinera,
2514 2562 2675 2617 quem
2709 2546 2932 2616 quidem
2965 2545 3211 2615 sequitur
3239 2544 3330 2613 qui

1761 2630 1939 2701 λόγον,
1986 2632 2128 2705 [hoc
2173 2645 2258 2690 est
2299 2635 2622 2705 rationem,]
2657 2637 2936 2706 sequitur;
2987 2650 3093 2690 non
3149 2640 3328 2704 potest

1761 2739 1898 2779 vero
1921 2725 2094 2793 sequi,
2127 2725 2215 2795 qui
2234 2726 2469 2788 seipsum
2487 2742 2590 2782 non
2622 2727 3008 2797 praeparaverit
3030 2739 3127 2793 pro
3155 2723 3331 2794 digni~

1764 2826 1874 2872 tate
1903 2816 2069 2882 illius,
2110 2817 2177 2871 ad
2208 2832 2361 2872 suum
2395 2818 2566 2887 ipsius
2600 2818 2818 2872 Patrem
2869 2815 3191 2872 adducentis
3233 2827 3332 2870 eos

115 2909 188 2974 qui
217 2911 351 2965 nihil
380 2927 490 2966 non
525 2920 694 2982 agunt
725 2921 786 2967 ut
827 2913 1036 2982 possint
1082 2912 1233 2968 illum
1279 2913 1456 2984 sequi,
1503 2923 1556 2970 et
1584 2923 1888 2984 sequuntur
1920 2927 2064 2978 eum,
2109 2912 2323 2978 donec,
2370 2922 2429 2967 ut
2474 2913 2694 2970 Christo
2753 2914 2972 2983 (lignum
3003 2919 3086 2966 est
3107 2910 3332 2965 dicant:

117 3020 134 3052 ι
175 3001 408 3058 Adhasit
434 3002 618 3058 anima
651 3017 771 3058 mea
805 3011 926 3072 post
974 3011 1028 3058 te
1046 3006 1111 3056 η.
1147 3023 1169 3058 ι
1213 3002 1412 3059 Verum
1434 3018 1555 3058 cum
1597 3002 1864 3057 secundus
1895 3013 1950 3055 et
1972 3002 2278 3058 tricesimus
2305 3013 2482 3056 tomus
2511 3002 2961 3072 Explanationum
3000 3002 3051 3056 in
3084 3000 3332 3072 Evange-

123 3093 228 3147 lium
262 3110 290 3150 a
346 3095 564 3152 Joanne
615 3097 869 3152 traditum
922 3098 1280 3153 suilicientem
1329 3097 1676 3168 scriptionem
1709 3097 1999 3166 acceperit,
2039 3097 2184 3152 illius
2216 3112 2518 3153 sermonem
2552 3098 2640 3152 hic
2670 3097 2919 3153 ﬁniemus
2948 3096 3083 3168 (6!).

116 3187 420 3244 Δείπουσιν
446 3191 502 3243 οἱ
525 3189 695 3258 τόμοι
729 3188 1076 3256 τριακοστὸς
1100 3191 1312 3258 τρίτος,
1354 3191 1450 3244 καὶ
1479 3190 1828 3259 τριακοστὸς
1852 3188 2148 3257 τέταρτος.
2177 3189 2275 3244 καὶ
2304 3189 2649 3257 τριακοστὸς
2667 3189 2949 3258 πέμπτος,
2984 3189 3082 3244 καὶ
3109 3204 3336 3258 τριακοο

349 3262 498 3326 στὸς
519 3259 718 3326 ἕκτος,
753 3261 851 3314 καὶ
874 3261 1223 3329 τριακοστὸς
1254 3261 1521 3331 ἕϐδομος,
1548 3261 1644 3316 καὶ
1674 3260 2023 3329 τριακοστὸς
2051 3260 2279 3330 ὄγδοος,
2306 3260 2402 3313 καὶ
2424 3261 2772 3329 τριακοστὸς
2801 3260 3031 3326 ἔνατος.

123 3406 3326 3441 W

1592 3522 1689 3576 ΕΚ
1714 3522 1851 3576 ΤΩΝ

426 3627 1050 3737 ΩΡΙΓΕΝΟΥΣ
1085 3651 1256 3737 ΕΙΣ
1291 3644 1497 3737 ΤΑΣ
1536 3641 2008 3738 ΠΡΑΞΕΙΣ
2045 3649 2268 3738 ΤΩΝ
2299 3647 3006 3736 ΑΠΟΣΤΟΑΩΝ.

1249 3908 1439 4021 EX
1519 3903 2190 4022 OBIGENIS

647 4106 1216 4199 HOMILIIS
1293 4109 1416 4199 IN
1493 4106 1784 4198 ACTA
1852 4099 2741 4196 APOSTOLORU‘M
2832 4080 2978 4183 (δῇ).

315 4353 408 4405 Ἐκ
439 4349 556 4418 τῆς
589 4351 676 4415 εις
702 4349 807 4414 τὰς
845 4348 1095 4417 Πράξεις
1130 4351 1366 4420 ὁμιλίας
1395 4351 1466 4404 δ’.
1578 4379 1584 4385 -

183 4443 327 4498 Ἔδει
357 4440 753 4512 πληρωθῆναι
788 4441 898 4508 τὴν
928 4442 1199 4510 Γραφὴν,
1237 4442 1316 4509 ἣν
1342 4443 1584 4512 προεῖπε
1606 4444 1672 4497 τὸ

125 4536 339 4606 Πνεῦμα
366 4536 433 4589 τὸ
467 4535 644 4603 ἄτιον
669 4532 767 4586 διὰ
795 4535 1090 4604 στόματος
1109 4534 1288 4588 Δαυῒδ
1312 4536 1443 4602 περὶ
1469 4535 1670 4588 Ἰούδα·

181 4650 220 4683 ⁸⁸
256 4650 444 4706 Matth.
485 4663 682 4709 xxvm,
713 4647 802 4702 15.
881 4647 924 4679 ³⁸
961 4644 1098 4701 Gen.
1162 4660 1280 4706 nx,
1320 4645 1410 4700 57.

125 4716 256 4775 Joan.
282 4738 382 4786 vn,
407 4720 502 4777 59.
581 4722 626 4750 ’⁸
666 4717 687 4772 l
719 4719 844 4774 Cor.
875 4733 973 4784 xu,
995 4718 1049 4772 5.
1124 4718 1170 4748 ²¹
1196 4717 1338 4770 Psal.
1376 4732 1509 4780 an,
1544 4718 1598 4772 9.

181 4836 284 4905 (57)
312 4837 505 4892 Codex
537 4835 759 4902 Regius,
782 4832 887 4887 ἀπὸ
913 4831 1006 4885 τοῦ
1030 4833 1088 4905 ἐν
1116 4832 1182 4905 τῇ
1217 4833 1462 4905 -σῄμερον
1495 4833 1676 4905 ἡμέρᾳ

127 4900 548 4978 ἐπαήέλλεταιοῇ
582 4900 813 4978 Ιιξίύιιῃι-
847 4918 944 4972 pro
1005 4900 1180 4972 αὐτῷ⁷
1205 4900 1678 4969 ἀξιώσαντι,’ΐυὲἰό

127 4970 448 5033 scribendum
480 4970 549 5030 αὗ
584 4975 663 5044 τῷ
695 4970 1002 5037 ἀξιώσαντι.

183 5049 282 5118 (38)
308 5050 438 5102 Σὺν
461 5040 734 5118 αὺῖτῷζίιιι
763 5045 949 5118 codice
981 5043 1146 5118 Regio
1177 5044 1325 5118 deest
1357 5040 1473 5095 σύν.

184 5112 285 5186 (59)
313 5121 503 5174 Codex
529 5117 758 5186 Regius,
796 5112 1238 5187 εύτρεπισιζιένος,
1268 5113 1407 5166 ὥστε
1453 5112 1682 5177 εὐτόνως

127 5191 220 5242 κατ’
241 5191 353 5242 inm
362 5229 376 5242 .

321 5208 440 5315 ῙΙ-ἶέιιν
462 5257 669 5322 ἀξίως.
701 5254 862 5309 Deest
888 5255 938 5308 in
961 5255 1147 5310 codice
1175 5253 1366 5323 Regio.

188 5323 292 5398 (61)
316 5329 650 5386 Ambrosius
686 5325 970 5398 ferrarius
1008 5326 1060 5379 in
1085 5325 1191 5398 i_iue
1213 5323 1680 5398 interpretationis

130 5394 220 5454 sua:
243 5394 318 5456 sic
347 5401 621 5454 lectorem
655 5394 950 5462 alloquitur
979 5411 992 5446 :
1049 5413 1068 5445 ι
1095 5395 1290 5450 Lector
1315 5395 1506 5459 amice,
1536 5395 1677 5451 scito

132 5485 201 5522 me
229 5471 279 5525 in
310 5471 415 5525 hoc
441 5469 586 5522 libro
609 5466 868 5520 vertendo
893 5481 1102 5519 summa
1129 5481 1284 5520 usum
1308 5479 1426 5519 esse
1449 5464 1571 5530 (ide,
1609 5481 1673 5520 ac

135 5541 410 5612 diligentia,
437 5548 501 5612 ut
525 5536 668 5612 nihil
705 5549 924 5612 prorsus
950 5536 1021 5589 sit
1067 5537 1423 5612 immutatum
1583 5550 1668 5600 eo,

134 5603 256 5677 quoii
285 5603 482 5666 scribit
515 5603 746 5662 Auctor.
780 5603 1328 5677 Scitogpraatereame
1352 5603 1483 5677 nihil
1521 5605 1672 5660 inve-

140 5675 262 5736 nisse
287 5682 339 5734 in
376 5680 486 5734 hoc
512 5677 679 5741 libro,
725 5676 866 5744 quod
899 5675 1146 5730 videatur
1203 5675 1437 5730 decretis
1472 5684 1676 5730 sancta:

139 5752 304 5807 matris
325 5749 596 5806 Ecclesia:
619 5746 927 5808 adversari;
965 5761 1089 5800 nam
1113 5746 1158 5800 si
1200 5745 1556 5810 invenissem,
1585 5754 1679 5799 aut

139 5818 310 5878 librum
360 5836 474 5877 non
505 5815 816 5880 vertissent,
851 5825 943 5872 aut
987 5816 1163 5873 locum
1203 5814 1503 5881 signassem
1559 5831 1675 5872 sus

2165 4346 2214 4401 Ε
2241 4354 2429 4419 quarta
2459 4344 2676 4398 homilia
2713 4345 2768 4396 in
2798 4345 2948 4397 Acta.

1847 4440 2010 4512 457
2035 4439 2312 4509 Oportebat
2335 4437 2536 4508 impleri
2552 4437 2902 4505 Scripturam,
2919 4452 3075 4506 quant
3093 4435 3340 4504 prwdixc-

1781 4546 1864 4590 rat
1889 4535 2120 4606 Spiritus
2146 4543 2360 4589 sanctus
2381 4549 2474 4602 per
2505 4549 2560 4586 os
2597 4531 2762 4584 David
2782 4531 2847 4584 de
2866 4530 3011 4584 Iuda
3043 4529 3088 4560 ”
3111 4543 3126 4578 :
3160 4529 3212 4581 in
3235 4545 3341 4598 quo

1489 4648 1529 4678 "
1572 4645 1661 4702 Psa

1771 4663 1913 4714 xcw,
1963 4649 2018 4704 8.
2097 4647 2141 4680 “'
2195 4646 2382 4702 Matth.
2435 4646 2612 4710 L58.
2690 4644 2734 4677 ¹⁹
2771 4643 2925 4701 Joan.
2956 4659 3077 4711 xm,
3127 4642 3216 4696 55.
3294 4641 3342 4674 ⁸⁸

1675 4720 1720 4751 ’³
1754 4720 1933 4785 Act.l,
1970 4720 2058 4776 16.

1786 4841 2028 4902 pectum.
2059 4830 2266 4886 Tamen
2300 4832 2483 4887 omnia
2512 4829 2718 4902 judicio
2744 4827 3152 4902 subjecta__esse
3181 4825 3338 4879 velim

1787 4896 2146 4957 sanctissime
2200 4903 2388 4956 matris
2442 4896 2717 4965 Ecclesia},
2773 4911 2827 4952 et
2875 4896 3101 4965 quilibet
3155 4905 3336 4960 caute,

1785 4981 1839 5026 et
1875 4973 2219 5041 cumjudicio
2254 4974 2414 5043 legat.
2455 4991 2473 5023 ι
2506 4972 2684 5043 lngua
2705 4964 2936 5043 solemni
2980 4964 3342 5043 obtestatione

1788 5035 2276 5104 Ferrarii'candor,
2307 5035 2398 5094 Vel
2438 5035 2784 5107 intelligentia
2817 5051 2994 5090 rerum
3050 5035 3204 5107 \jalde
3257 5037 3339 5107 vi-

1790 5114 1986 5166 dentur
2011 5113 2350 5182 requirenda.
2375 5105 2886 5182 Natnpriélcrquatn
2938 5105 3077 5174 quod
3114 5105 3338 5182 paucula

1790 5183 2038 5251 quaedam
2079 5176 2160 5238 {'el
2206 5199 2233 5234 a
2262 5181 2462 5236 Graecis
2489 5181 2725 5251 diSsona,
2752 5179 2832 5229 vel
2871 5190 2992 5230 cum
3041 5176 3337 5244 superiori-

1787 5247 1888 5308 bus
1943 5253 2084 5307 male
2133 5251 2456 5306 cohmrentia
2510 5247 2871 5316 reperiantur,
2927 5261 3046 5316 qua:
3089 5261 3340 5300 nonnun-

1787 5337 1948 5392 quam
1977 5315 2613 5392 duximusremendanda,
2633 5316 2881 5392 consulto
2911 5315 3087 5392 aliqua
3116 5330 3339 5384 perver-

1785 5387 1859 5447 sa!
1891 5394 2147 5448 doctrina:
2183 5391 2302 5445 labe
2333 5404 2577 5458 respersa
2615 5387 2912 5443 detraxisse
2937 5387 3196 5458 videtur;
3233 5399 3333 5458 nec

1781 5465 2039 5533 pauciora
2085 5474 2366 5533 superesse
2403 5455 2593 5533 passus
2645 5467 2747 5533 est,
2777 5472 2920 5533 quae
2946 5455 3332 5533 ab__Ecclesiaa

1779 5526 2010 5588 decretis
2035 5526 2351 5600 non'exiguo
2382 5526 2636 5584 recedant
2675 5526 2975 5600 intervallo.
3032 5526 3160 5600 nge
3201 5539 3332 5600 vero

1777 5605 1891 5659 suis
1919 5612 2099 5660 notata
2151 5594 2282 5656 sun't
2319 5599 2476 5666 locis,
2516 5614 2579 5655 ac
2614 5599 2915 5670 praesertim
2961 5599 3015 5654 in
3061 5594 3340 5666 Origem'a-

1784 5691 1886 5730 1118.

1855 5744 1964 5813 (62!)
2000 5743 2354 5814 Desnmptum
2393 5749 2474 5796 est
2505 5741 2670 5799 hocce
2689 5741 3064 5814 fragmentum
3087 5747 3150 5796 ex
3200 5733 3334 5790 Plii-

1785 5812 1985 5872 locum
2014 5813 2188 5876 capite
2209 5812 2458 5875 septimo.
