3784 6524
456 348 554 403 851

1893 349 2212 408 ORIGENIS

447 455 656 525 psalmo
679 457 745 512 de
777 455 914 514 Juda
943 461 1202 531 scriptum
1225 473 1330 519 est.
1355 465 1564 521 Dixerit
1596 467 1829 523 fortasse
1862 469 2010 536 quis-

2120 468 2172 519 ὲν
2198 458 2241 533 ᾧ
2267 465 2466 536 ψαλμῷ
2492 466 2559 520 τὰ
2589 467 2713 538 περὶ
2757 468 2848 521 τοῦ
2893 469 3061 523 Ἰούδα
3086 470 3397 543 γέγραπται
3430 469 3554 540 (65).
3585 474 3661 526 Ei-

453 548 594 616 piam
618 548 879 619 Spiritum
913 566 1164 610 sanetum
1198 574 1306 612 non
1347 559 1525 628 loqui;
1560 561 1846 617 manifeste
1875 563 2020 615 enim

454 636 760 695 Servatoris
789 658 970 698 sermo
1005 656 1089 701 est
1119 648 1386 703 dicentis:
1414 650 1578 717 Deus,
1608 655 1819 706 laudem
1852 671 2021 708 meam

454 746 516 782 ne
541 733 844 801 reticueris;
875 739 999 807 quia
1029 755 1086 792 os
1109 745 1414 808 peccatoris,
1443 757 1494 796 et
1522 761 1579 798 os
1612 745 1943 814 fraudulenti
1965 746 2020 801 in

453 837 534 874 me
587 835 828 893 apertum
871 839 970 895 est,
1016 841 1071 885 et
1118 847 1236 900 qute
1286 836 1560 906 deinceps,
1621 853 1791 908 usque
1841 839 1908 891 ad
1954 853 2016 892 ea

455 914 613 966 verba
649 932 663 968 :
693 926 747 970 et
787 919 1141 988 episcopatum
1183 923 1297 992 ejus
1343 928 1567 993 accipiat
1613 928 1748 982 alter
1779 930 1844 982 “.
1873 930 2020 996 Quo.

455 1007 614 1059 modo
657 1007 851 1077 igitur,
905 1013 948 1066 si
997 1013 1254 1072 Servator
1303 1027 1386 1072 est
1426 1023 1515 1088 qui
1577 1020 1687 1075 hrec
1737 1021 1887 1085 dicit,
1942 1023 2018 1077 ait

452 1092 644 1151 Petrus
678 1116 692 1150 :
729 1097 1013 1169 Oportebat
1051 1106 1256 1174 impleri
1288 1107 1645 1177 Scripturam.
1687 1130 1841 1184 quam
1880 1131 2018 1184 prte-

451 1188 660 1240 dixerat
683 1187 915 1256 Spiritus
939 1208 1152 1250 sanctus
1189 1215 1278 1264 per
1306 1216 1362 1252 os
1397 1199 1606 1255 David?
1631 1203 1878 1258 Forsitan
1919 1205 2018 1274 igi-

451 1286 542 1329 tur
569 1282 708 1346 quod
746 1280 832 1334 hic
865 1285 1126 1338 docemur
1149 1287 1256 1342 tale
1283 1299 1388 1343 est.
1418 1289 1687 1348 Personas
1716 1294 1867 1364 lingit
1891 1295 2016 1364 Spi-

448 1369 588 1424 ritus
612 1382 833 1426 sanctus
859 1374 908 1427 in
941 1379 1237 1446 prophetis;
1269 1390 1323 1434 et
1350 1383 1396 1437 si
1422 1398 1712 1452 personam
1742 1387 2017 1443 induxerit

448 1459 563 1526 Dei,
595 1479 698 1517 non
731 1475 814 1520 est
841 1467 981 1523 Deus
1009 1472 1098 1540 qui
1128 1471 1389 1542 loquitur,
1422 1475 1517 1530 sed
1544 1475 1781 1548 Spiritus
1795 1491 2016 1537 sanctus

444 1563 508 1603 ex
555 1566 784 1619 persona
842 1556 935 1613 Dei
974 1559 1232 1629 loquitur.
1269 1563 1325 1620 Si
1366 1565 1640 1622 Christum
1685 1570 1963 1625 induxerit
1997 1612 2012 1637 ,

444 1655 548 1694 non
579 1657 662 1696 est
693 1645 943 1704 Christus
972 1651 1063 1720 qui
1099 1652 1362 1722 loquitur,
1400 1659 1494 1712 sed
1527 1657 1764 1729 Spiritus
1793 1673 2012 1716 sanctus

441 1746 504 1784 ex
549 1748 775 1802 persmta
817 1739 1016 1795 Christi
1066 1743 1326 1813 loquitur.
1388 1749 1464 1802 Ita
1517 1758 1570 1803 et
1624 1751 1667 1804 si
1720 1767 2008 1822 personam

2126 575 2215 612 ποι
2240 576 2322 622 τις
2343 557 2428 623 ἂν,
2462 560 2543 612 ὅτι
2578 561 2638 613 οὑ
2665 561 2726 614 τὸ
2751 562 2974 634 Πνεῦμα
3013 562 3076 616 τὸ
3104 565 3258 633 ἅγιον
3289 564 3468 617 λαλεῖ·
3502 566 3662 634 σαφῶς

2121 654 2228 723 γὰρ
2251 653 2345 705 τοῦ
2383 651 2633 724 Σωτῆρος
2661 655 2798 707 εἰσιν
2830 655 2878 708 oi
2922 655 3070 724 λόγοι
3111 656 3361 724 λέγοντος
3382 673 3397 688 ⁸
3441 655 3492 709 '0
3521 658 3659 724 Θεὸς,

2119 743 2234 812 τὴν
2259 745 2498 798 αἴγεσιν
2525 762 2645 815 μου
2683 745 2770 817 μὴ
2814 747 3328 816 παρασιωπήσης·
3363 747 3454 802 ὅτι
3496 753 3661 819 στόμα

2118 838 2487 908 ἀμαρτωλοῦ,
2517 838 2616 892 καὶ
2641 840 2833 908 στόμα
2851 839 3087 904 δολίου,
3113 843 3207 893 ἐπ’
3263 841 3371 910 ἐμὲ
3407 842 3656 913 ἠνοίχθη·

2118 927 2212 980 καὶ
2241 927 2310 981 τὰ
2341 928 2471 998 ἑξῆς
2504 927 2609 992 ἕως
2625 944 2638 958 ·
2663 930 2773 983 Καὶ
2803 929 2917 999 τὴν
2941 931 3288 1000 ἐπισκοπὴν
3305 933 3492 986 αὐτοῦ
3513 933 3659 988 λάϐοι

2117 1019 2336 1088 ἕτερος.
2373 1019 2496 1084 Πῶς
2523 1015 2634 1087 οὖν,
2659 1024 2707 1078 εἰ
2757 1024 2786 1076 6
2831 1024 3022 1095 Σωτήρ
3053 1025 3198 1076 ἐστιν
3224 1026 3253 1078 6
3281 1024 3458 1079 ταῦτα
3489 1024 3656 1094 λέγων,

2118 1112 2282 1184 φησὶν
2307 1115 2335 1167 6
2367 1113 2605 1206 Πέτροςγο
2638 1113 2793 1206 Ἕὸεε
2819 1114 3204 1183 πληρωθῆναι
3250 1115 3367 1184 τὴν
3410 1115 3698 1206 ΓραφὴνᾺ

2117 1203 2197 1272 ἢν
2241 1204 2485 1272 προεῖπε
2528 1205 2594 1258 τὸ
2642 1205 2882 1276 Πνεῦμα
2930 1207 2996 1260 τὸ
3029 1207 3200 1277 ἅγιον
3240 1208 3340 1262 διὰ
3385 1203 3656 1277 στόματοξ

2115 1296 2294 1351 Δαυΐδ
2308 1314 2329 1361 ;
2360 1299 2586 1369 Μήποτε
2607 1293 2698 1353 οὖν
2725 1298 2754 1351 ὃ
2776 1298 3138 1369 διδασκόμεθα
3166 1299 3418 1359 ἐνταῦθα,
3447 1299 3656 1354 τοιοῦτόν

2115 1392 2252 1443 ἐστι.
2315 1391 2727 1461 Προσωποποιεῖ
2751 1391 2811 1443 τὸ
2834 1390 3056 1462 Πνεῦμα
3075 1391 3136 1444 τὸ
3164 1392 3318 1460 ἆγιον
3335 1394 3395 1445 ὲν
3417 1395 3524 1454 τοῖς
3547 1408 3658 1464 προ-

2116 1485 2311 1554 φήταις
2333 1500 2347 1513 ·
2383 1483 2476 1536 καὶ
2505 1482 2599 1536 ἐὰν
2627 1485 3089 1555 προσωποποιήσῃ
3113 1484 3202 1537 τὸν
3225 1484 3379 1549 Θεὸν,
3411 1484 3507 1537 οὐκ
3534 1484 3657 1540 ἔστιν

2114 1574 2143 1626 6
2170 1573 2304 1638 Θεὸς
2329 1575 2358 1626 6
2385 1574 2579 1640 λαλῶν,
2604 1573 2739 1626 ἀλλὰ
2761 1574 2822 1626 τὸ
2859 1574 3082 1645 Πνεῦμα
3110 1575 3170 1628 τὸ
3195 1576 3260 1643 in
3273 1592 3349 1628 ιον
3376 1575 3441 1628 ὲκ
3468 1575 3655 1647 προσὼ-

2115 1683 2218 1719 που
2250 1665 2344 1718 τοῦ
2373 1665 2507 1719 Θεοῦ
2563 1665 2746 1718 λαλεῖ·
2788 1666 2879 1719 καὶ
2932 1665 3027 1720 ἐὰν
3075 1669 3541 1740 προσωποποιήσῃ
3581 1668 3655 1721 τὸν

2113 1755 2368 1827 Χριστὸν,
2390 1756 2490 1809 οὐκ
2524 1755 2669 1808 ἐστιν
2689 1758 2718 1808 6
2744 1756 2976 1828 Χριστὸς
3001 1758 3029 1809 6
3056 1756 3253 1820 λαλῶν,
3275 1757 3413 1810 ἀλλὰ
3437 1758 3496 1809 τὸ
3515 1757 3655 1810 Πνεῦ-

441 1828 716 1894 propheta:
767 1832 1112 1900 exhibuerit,
1172 1838 1255 1891 vel
1303 1839 1462 1908 huius
1507 1852 1598 1898 aut
1628 1844 1770 1898 illius
1798 1847 2003 1915 populi,

2120 1865 2190 1918 μα.
2219 1847 2280 1900 τὸ
2319 1848 2471 1916 ἅγιον
2499 1849 2564 1902 ὲκ
2591 1847 2878 1919 προσώπου
2912 1846 3004 1900 τοῦ
3039 1850 3273 1919 Χριστοῦ
3297 1850 3468 1903 λαλεῖ.
3502 1849 3653 1915 Οὕτω,

440 1932 821 1990 quamcunque
855 1929 1066 1982 tandem
1106 1946 1388 1998 personam
1425 1936 1739 2004 introducit,
1761 1939 2000 2009 Spiritus

2120 1939 2212 1993 κᾶν
2241 1941 2701 2011 προσωποποιήσῃ
2727 1941 2818 1993 τὸν
2845 1943 3153 2012 προφήτην,
3182 1943 3216 2013 ἢ
3240 1942 3332 1994 τὸν
3371 1942 3495 1995 λαὸν
3534 1943 3654 1996 ἐκεῖ·

439 2022 663 2067 sanctus
687 2023 793 2081 est,
823 2019 915 2086 qui
949 2035 1142 2077 omnes
1172 2023 1293 2080 illus
1329 2041 1592 2096 personas
1629 2031 1807 2098 ﬁngit.

2120 2047 2214 2090 θον,
2241 2032 2274 2103 ἢ
2299 2032 2389 2086 τὸν
2413 2032 2538 2086 λαὸν
2562 2031 2772 2096 τοῦτον,
2806 2032 2837 2103 ἢ
2863 2033 2891 2086 ὅ
2936 2050 2990 2086 τι
3023 2034 3223 2104 δήποτε
3251 2037 3650 2106 προσωποποιεῖ,

2105 2123 2166 2176 τὸ
2199 2121 2350 2191 ἆγιον
2378 2122 2601 2194 Πνεῦμά
2629 2124 2746 2177 ἐστι
2777 2124 2837 2176 τὸ
2861 2124 3038 2178 πάντα
3067 2124 3531 2196 προσωποποιοῦν.

439 2270 3632 2337 una“

1431 2483 1856 2574 RUFINI
1933 2487 2677 2581 PRESBYTERI

1774 2676 1868 2732 AD
1905 2677 2308 2737 [IERACLIUM

761 2827 1051 2891 Praefatio
1083 2829 1148 2890 in
1189 2830 1708 2911 Explanationem
1738 2832 2036 2914 Origenis
2065 2853 2263 2917 super
2301 2839 2648 2918 Epistolam
2679 2839 2858 2902 Pauli
2883 2840 2960 2902 ad
2995 2841 3336 2904 Romanos.

511 3143 680 3218 ᾆδε
721 3147 982 3204 Valentem
1025 3171 1104 3208 me
1135 3173 1296 3222 parvo
1320 3158 1618 3214 subvectum
1646 3164 1851 3233 navigio
1873 3181 2021 3219 oram
2053 3165 2328 3237 tranquilli
2362 3165 2558 3220 littoris
2586 3165 2874 3235 stringere,
2915 3172 2966 3218 et
2995 3164 3225 3217 minutos
3261 3165 3326 3217 de
3364 3162 3646 3218 Graecum

436 3243 635 3332 stagnis
655 3245 930 3312 pisciculos
952 3249 1137 3316 legere,
1168 3251 1222 3304 in
1237 3254 1426 3317 altum,
1447 3255 1613 3323 frater
1637 3256 1871 3326 Heracli,
1889 3260 2072 3315 laxare
2111 3264 2222 3316 vela
2245 3263 2534 3332 compellis,
2553 3263 2836 3332 relictoque
2855 3274 3032 3329 apere,
3049 3262 3190 3330 quod
3207 3263 3260 3315 in
3281 3260 3637 3329 transferendis

436 3327 692 3426 {lomiliis
724 3333 1032 3426 ξααηιηηιὶἱ
1066 3341 1201 3393 senis
1232 3343 1506 3411 habebam,
1538 3347 1729 3401 suades
1765 3358 1822 3401 ut
1860 3363 2038 3406 nostra
2075 3371 2190 3408 voce
2212 3327 2510 3424 quindecim
2545 3353 2658 3426 (6i)
2683 3327 2798 3424 ejus
2822 3327 3113 3416 volumina,
3143 3356 3332 3418 quibus
3365 3327 3635 3418 Epistolam

443 3423 601 3517 Pauli
629 3426 696 3477 ad
724 3424 981 3483 Romanos
1006 3431 1279 3499 disseruit,
1323 3437 1636 3503 explicemus
1664 3453 1682 3491 :
1719 3441 1772 3492 in
1805 3444 1991 3511 quibus
2023 3446 2110 3500 ille
2137 3423 2262 3500 dum
2301 3460 2534 3500 sectatur
2567 3423 2804 3516 Apostoli
2837 3463 3068 3514 sensum,
3117 3449 3174 3501 in
3208 3459 3315 3501 tam
3341 3447 3638 3517 profundum

435 3513 654 3581 pelagus
679 3517 918 3584 aufertur
953 3519 1090 3589 (63),
1121 3533 1175 3576 ut
1213 3536 1377 3579 metus
1409 3528 1586 3596 ingens
1631 3531 1700 3583 sit
1733 3531 1860 3585 illuc
1892 3550 2009 3587 eum
2047 3540 2283 3605 sequenti
2338 3538 2470 3607 (66),
2507 3556 2568 3593 ne
2600 3513 2963 3608 magnitudine
2992 3513 3263 3604 sensuum,
3307 3513 3447 3596 velut.
3471 3541 3639 3592 imma—

439 3610 600 3662 nitate
635 3613 956 3705 oppri-matur
976 3618 1260 3672 undarunt.
1302 3620 1434 3674 Tum
1469 3625 1656 3681 deinde
1677 3646 1769 3682 nec
1792 3629 1923 3683 illud
1953 3633 2162 3701 aspicis,
2197 3636 2337 3703 quod
2374 3636 2545 3688 tenuis
2581 3635 2708 3689 mihi
2740 3646 2810 3690 est
2837 3639 3054 3704 spiritus
3085 3638 3154 3690 ad
3195 3637 3510 3705 implendam
3533 3632 3632 3702 ejus

438 3707 548 3797 lant
577 3702 908 3797 magniﬁcam
933 3705 1140 3761 dicendi
1177 3711 1380 3764 tubam.
1416 3712 1584 3783 Super
1614 3735 1791 3773 omnes
1827 3732 1998 3775 autem
2023 3702 2354 3792 di/ﬁcultates
2375 3737 2473 3792 est,
2507 3728 2647 3796 quod
2676 3702 2977 3796 interpolati
3006 3740 3128 3782 sunt
3166 3702 3437 3797 ipsitlibri.
3464 3726 3639 3780 Desunt

435 3793 575 3846 enim
598 3795 711 3891 fere
735 3801 874 3866 apud
901 3803 1133 3856 omnium
1162 3805 1494 3862 bibliothecas
1530 3811 1811 3880 (incertum
1850 3833 1976 3870 sane
2001 3833 2102 3886 quo
2134 3821 2283 3887 casu)
2321 3793 2594 3891 aliquanta
2628 3837 2692 3874 ea:
2728 3793 2841 3890 ipsa
2894 3839 3111 3890 corpore
3143 3793 3449 3887 volumina;
3478 3831 3522 3874 et
3542 3820 3639 3872 hac

435 3888 743 3985 adimplere,
769 3903 939 3985 (atque
974 3894 1027 3948 in
1061 3894 1251 3950 Latino
1273 3916 1423 3966 opere
1457 3903 1710 3972 integram
1738 3907 1850 3976 (67)
1886 3913 2305 3980 consequentiam
2345 3888 2495 3976 dare,
2537 3930 2641 3967 non
2678 3888 2757 3968 est
2786 3915 2885 3968 mei
2919 3888 3137 3985 ingenii,
3179 3917 3292 3977 sed,
3323 3928 3376 3969 ut
3414 3927 3464 3968 tu
3492 3915 3638 3969 credis

433 3981 526 4076 qui
555 3981 666 4034 haec
695 3983 881 4053 exigis,
914 3988 1142 4040 muneris
1167 3987 1396 4055 fortasse
1421 3993 1602 4047 divini.
1622 3996 1789 4051 Addis
1814 4010 2010 4064 autem,
2043 4018 2106 4056 ne
2120 4005 2246 4072 quid
2265 4005 2531 4058 laboribus
2551 4007 2676 4060 meis
2703 4006 2857 4066 desit,
2878 4015 2934 4058 ut
2954 3981 3107 4060 omne
3131 4007 3228 4059 ltoc
3243 4008 3523 4076 quindecim
3543 4005 3637 4071 (08)

436 4075 760 4169 voluminum
788 4095 998 4146 corpus,
1022 4090 1162 4150 quod
1191 4085 1406 4140 (λι-αρσια
1439 4105 1608 4143 sermo
1632 4093 1700 4144 ad
1730 4099 2086 4165 quadraginta
2113 4099 2223 4168 fere
2245 4110 2336 4153 aut
2353 4117 2414 4154 eo
2433 4101 2660 4169 amplius
2683 4101 2848 4154 millia
2869 4116 3110 4153 versuum
3137 4075 3637 4164 produxerit,abbre-

437 4167 586 4263 viem,
609 4178 659 4222 et
685 4172 754 4224 ad
785 4175 976 4235 media,
1009 4177 1052 4228 si
1092 4175 1210 4243 ﬁeri
1230 4190 1415 4245 potest,
1447 4185 1617 4248 spatia
1644 4197 1926 4241 coarctem.
1965 4167 2264 4246 Duraisatis
2300 4167 2545 4263 imperia,
2584 4204 2632 4248 et
2664 4205 2917 4263 tanquam
2958 4195 3022 4246 ab
3054 4211 3113 4248 eo
3134 4195 3226 4263 qui
3255 4197 3458 4261 pondus
3485 4192 3636 4258 operis

437 4260 595 4357 ltujus
626 4263 760 4316 scire
786 4263 937 4328 nolit,
967 4267 1234 4337 imposita.
1266 4271 1555 4344 Aggrediar
1591 4289 1788 4343 tamen,
1821 4284 1868 4336 si
1891 4281 2030 4349 forte
2055 4260 2382 4340 orationibus
2412 4260 2539 4350 tuis,
2567 4303 2685 4357 qua:
2711 4260 2839 4340 mihi
2866 4297 3121 4357 tanquam
3145 4260 3348 4340 ltomini
3370 4285 3634 4353 impossibi-

437 4355 510 4406 lia
532 4354 788 4450 videntur,
819 4359 1089 4420 aspirante
1121 4361 1656 4434 Domino,possibilia
1679 4373 1834 4442 ﬁant.
1870 4374 1972 4429 Sed
2005 4376 2176 4446 ipsum
2195 4376 2336 4446 jam,
2359 4379 2405 4432 si
2441 4354 2666 4448 videtur,
2699 4354 3000 4450 Origenem',
3045 4377 3277 4449 qualiter
3302 4377 3634 4447 pra'fationem

438 4448 664 4514 suscepti
685 4450 854 4518 operis
882 4451 1099 4522 dirigat,
1125 4457 1428 4516 audiamus.
2279 4469 2288 4478 ’

507 4617 557 4653 ³⁸
577 4616 721 4673 Psal.
740 4634 890 4686 cvm,
909 4622 967 4677 2.

513 4758 764 4848 (ἕωέεγ
793 4754 842 4829 ᾧ
867 4762 1106 4848 ,ψοξλμῷ
1140 4764 1211 4848 ea
1252 4769 1384 4837 περὶ
1432 4772 1538 4848 ςτοῦ
1580 4774 1765 4830 Ἰούδα
1803 4777 2007 4848 γέγρα-

444 4829 616 4909 errat.
639 4829 824 4899 Neque
866 4829 918 4909 in
947 4829 1082 4909 hoc
1108 4835 1283 4909 solum
1321 4829 1560 4908 'psalmo,
1606 4829 1697 4900 sed
1734 4829 2007 4903 ’et'ii’i't

444 4902 604 5021 filiam
626 4912 681 4955 et.
705 4918 792 4956 Liv
857 4902 1008 4959 Juda:
1038 4907 1275 4975 nequitia
1325 4902 1380 4964 et
1423 4902 1649 4968 crimina
1683 4902 1999 4983 produntur.

497 4984 705 5026 ns'rtus.

517 5041 630 5160 φρ)
670 5041 741 5094 Ita
790 5043 1030 5110 potiores
1063 5061 1190 5100 mss.
1234 5047 1632 5119 Manuscriptus
1671 5069 1799 5109 vero
1836 5056 2006 5110 codex

447 5107 520 5159 Va
549 5111 828 5170 lis-clarae.
877 5122 932 5166 et
983 5130 1123 5169 unus
1166 5114 1368 5170 Radius
1407 5121 1604 5170 habent
1657 5126 1852 5170 dzcem-
1898 5128 2005 5170 Sed

445 5121 828 5188 satus-clara,
877 5122 932 5166 et
983 5130 1123 5169 unus
1166 5121 1368 5186 Regius
1407 5121 1604 5175 habent
1657 5126 1852 5179 decem.
1898 5128 2006 5182 Sed

440 5181 1004 5262 Jtlstfi'passiodorum
1033 5185 1318 5262 legendum
1351 5190 1564 5262 videtur
1596 5195 1797 5262 viginti.

670 5247 824 5336 Libri
844 5263 1002 5309 antea
1029 5247 1180 5321 editi,
1219 5258 1456 5328 e/fertur.
1479 5261 1580 5318 Ms.
1605 5247 1745 5319 uitus
1768 5262 1997 5336 Regius,

445 5318 692 5385 aﬂ‘ertur,
721 5322 882 5378 male.

515 5387 630 5459 (66)
670 5390 749 5446 Ita
795 5393 1035 5462 potiores
1073 5411 1208 5454 mss.
1242 5399 1386 5457 Editi
1420 5393 1598 5472 vero,
1622 5413 1676 5462 et
1720 5420 1852 5463 mss.
1887 5407 2006 5479 qui-

2089 4779 2499 4851 .d_am,sequi...
2533 4779 2802 4851 opprimar
2841 4777 2935 4851 (al.
2965 4776 3347 4851 opprimantur)
3380 4775 3630 4831 undarum.

2113 4849 2397 4904 Deindene
2421 4851 2553 4903 illud
2578 4850 2786 4918 quidem
2812 4849 3006 4918 aspicis
3019 4885 3034 4909 ,
3061 4858 3167 4900 etc.

2183 4919 2294 4989 (67)
2337 4919 2389 4972 In
2415 4911 2732 4987 quibusdam
2765 4934 2894 4973 mss.
2914 4917 3143 4987 legitur:
3177 4917 3371 4989 Desunt
3395 4915 3518 4969 enim
3541 4911 3632 4981 fere

2119 4987 2212 5057 (al.
2241 4987 2390 5057 pene)
2417 4991 2552 5054 apud
2581 4989 2814 5041 omnium
2854 4988 3206 5042 bibliothecas.
3239 4987 3497 5040 Incertum
3525 4993 3632 5057 sane

2115 5051 2216 5128 quo
2242 5051 2757 5132 casu'aliquanta__ea:
2779 5058 2890 5132 ipso
2913 5073 3139 5132 c_orp_ore_
3153 5057 3416 5110 volumina
3457 5051 3630 5132 δείρᾳ-ου

2109 5125 2336 5190 lianttzr,
2365 5137 2415 5182 et
2462 5125 2574 5204 licet;
2615 5128 2902 5204 adimplere
2936 5127 2991 5179 in
3017 5125 3209 5204 Latino
3239 5134 3482 5204 opere,-e_t
3515 5125 3630 5204 init}:

2109 5213 2277 5266 gram,
2313 5209 2419 5254 etc.
2472 5198 2578 5252 Sed
2613 5199 2813 5252 rectius
2855 5198 3032 5252 caeteri
3074 5211 3203 5251 mss.
3250 5195 3307 5252 et
3346 5195 3468 5252 editi
3505 5198 3554 5244 ut
3587 5195 3630 5239 In

2108 5279 2294 5324 ttostro
2331 5275 2499 5322 textu.

2178 5338 2289 5407 (68)
2332 5337 2407 5391 lta
2432 5350 2571 5407 mss.
2585 5335 2849 5407 plerique,
2873 5347 2928 5390 et
2952 5336 3103 5392 editi.
3133 5336 3325 5393 Cameri
3353 5349 3476 5391 vero
3497 5341 3628 5389 tum

2107 5405 2246 5464 alius
2273 5405 2473 5477 decem,
2508 5405 2597 5463 alii
2617 5406 2910 5462 duodecim.
