  <div class='ocr_page' id='page_1' title='image "/cluster/home/n/w/nwhite01/storage/ocr_20150623/14/hvd.32044024333478/424.png"; bbox 0 0 3784 6582; ppageno 0'>
   <div class='ocr_carea' id='block_1_1' title="bbox 150 437 3418 566">
    <p class='ocr_par' dir='ltr' id='par_1_1' title="bbox 150 437 3418 566">
     <span class='ocr_line' id='line_1_1' title="bbox 150 437 3418 566; baseline 0.016 -52"><span class='ocrx_word' id='word_1_1' title='bbox 150 437 260 515; x_wconf 67' lang='lat'><strong>‘33:</strong></span> <span class='ocrx_word' id='word_1_2' title='bbox 1051 468 1406 527; x_wconf 86' lang='lat' dir='ltr'><strong>COMMENT.</strong></span> <span class='ocrx_word' id='word_1_3' title='bbox 1451 470 1517 524; x_wconf 88' lang='lat' dir='ltr'><strong>IN</strong></span> <span class='ocrx_word' id='word_1_4' title='bbox 1549 471 1764 529; x_wconf 77' lang='lat' dir='ltr'><strong>emsr.</strong></span> <span class='ocrx_word' id='word_1_5' title='bbox 1805 475 1897 529; x_wconf 92' lang='lat' dir='ltr'><strong>AD</strong></span> <span class='ocrx_word' id='word_1_6' title='bbox 1932 477 2096 539; x_wconf 75' lang='lat' dir='ltr'><strong>non.</strong></span> <span class='ocrx_word' id='word_1_7' title='bbox 2125 481 2517 546; x_wconf 62' lang='lat' dir='ltr'><strong>PREFATIO.</strong></span> <span class='ocrx_word' id='word_1_8' title='bbox 3311 507 3418 566; x_wconf 70' lang='lat' dir='ltr'><strong>sat</strong></span> 
     </span>
    </p>
   </div>
   <div class='ocr_carea' id='block_1_2' title="bbox 205 623 3388 690">
    <p class='ocr_par' dir='ltr' id='par_1_2' title="bbox 205 623 3388 690">
     <span class='ocr_line' id='line_1_2' title="bbox 205 623 3388 690; baseline 0.006 -62"><span class='ocrx_word' id='word_1_9' title='bbox 205 623 3388 690; x_wconf 39' lang='lat'><strong>_____________________________~_</strong></span> 
     </span>
    </p>
   </div>
   <div class='ocr_carea' id='block_1_3' title="bbox 346 1006 3203 1101">
    <p class='ocr_par' dir='ltr' id='par_1_3' title="bbox 346 1006 3203 1101">
     <span class='ocr_line' id='line_1_3' title="bbox 346 1006 3203 1101; baseline 0.012 -33"><span class='ocrx_word' id='word_1_10' title='bbox 346 1006 1133 1084; x_wconf 73' lang='lat' dir='ltr'><strong>COMMENTARIORUM</strong></span> <span class='ocrx_word' id='word_1_11' title='bbox 1172 1015 1254 1077; x_wconf 86' lang='lat' dir='ltr'><strong>IN</strong></span> <span class='ocrx_word' id='word_1_12' title='bbox 1311 1015 1767 1078; x_wconf 84' lang='lat' dir='ltr'><strong>EPISTOLAM</strong></span> <span class='ocrx_word' id='word_1_13' title='bbox 1812 1016 1874 1078; x_wconf 90' lang='lat' dir='ltr'><strong>S.</strong></span> <span class='ocrx_word' id='word_1_14' title='bbox 1908 1018 2144 1082; x_wconf 80' lang='lat' dir='ltr'><strong>PAULI</strong></span> <span class='ocrx_word' id='word_1_15' title='bbox 2178 1022 2289 1082; x_wconf 84' lang='lat' dir='ltr'><strong>AD</strong></span> <span class='ocrx_word' id='word_1_16' title='bbox 2327 1024 2722 1090; x_wconf 81' lang='lat' dir='ltr'><strong>ROMANOS</strong></span> <span class='ocrx_word' id='word_1_17' title='bbox 2747 1032 3203 1101; x_wconf 76' lang='lat' dir='ltr'><strong>PREFATIO.</strong></span> 
     </span>
    </p>
   </div>
   <div class='ocr_carea' id='block_1_4' title="bbox 220 1352 3396 1445">
    <p class='ocr_par' dir='ltr' id='par_1_4' title="bbox 220 1352 3396 1445">
     <span class='ocr_line' id='line_1_4' title="bbox 220 1352 3396 1445; baseline 0.009 -39"><span class='ocrx_word' id='word_1_18' title='bbox 220 1352 365 1419; x_wconf 83' lang='lat' dir='ltr'><strong>Quod</strong></span> <span class='ocrx_word' id='word_1_19' title='bbox 407 1355 628 1445; x_wconf 68' lang='lat' dir='ltr'><strong>caeteris</strong></span> <span class='ocrx_word' id='word_1_20' title='bbox 675 1357 901 1425; x_wconf 77' lang='lat' dir='ltr'><strong>apostoli</strong></span> <span class='ocrx_word' id='word_1_21' title='bbox 949 1358 1097 1416; x_wconf 85' lang='lat' dir='ltr'><strong>Pauli</strong></span> <span class='ocrx_word' id='word_1_22' title='bbox 1148 1361 1406 1431; x_wconf 78' lang='lat' dir='ltr'><strong>Epistolis</strong></span> <span class='ocrx_word' id='word_1_23' title='bbox 1434 1363 1716 1420; x_wconf 74' lang='lat' dir='ltr'><strong>&quot;difﬁcilior</strong></span> <span class='ocrx_word' id='word_1_24' title='bbox 1746 1371 1789 1427; x_wconf 80' lang='grc' dir='ltr'>Α</span> <span class='ocrx_word' id='word_1_25' title='bbox 1819 1370 2144 1435; x_wconf 83' lang='lat' dir='ltr'><strong>propositum</strong></span> <span class='ocrx_word' id='word_1_26' title='bbox 2178 1386 2388 1439; x_wconf 85' lang='lat' dir='ltr'><strong>sequor,</strong></span> <span class='ocrx_word' id='word_1_27' title='bbox 2435 1369 2505 1424; x_wconf 87' lang='lat' dir='ltr'><strong>ad</strong></span> <span class='ocrx_word' id='word_1_28' title='bbox 2541 1372 2778 1438; x_wconf 80' lang='lat' dir='ltr'><strong>palmam</strong></span> <span class='ocrx_word' id='word_1_29' title='bbox 2820 1392 3066 1445; x_wconf 69' lang='lat' dir='ltr'><strong>superna:</strong></span> <span class='ocrx_word' id='word_1_30' title='bbox 3111 1380 3396 1436; x_wconf 84' lang='lat' dir='ltr'><strong>vocationis</strong></span> 
     </span>
    </p>
   </div>
   <div class='ocr_carea' id='block_1_5' title="bbox 163 1444 3393 1542">
    <p class='ocr_par' dir='ltr' id='par_1_5' title="bbox 163 1444 3393 1542">
     <span class='ocr_line' id='line_1_5' title="bbox 163 1444 3393 1542; baseline 0.009 -45"><span class='ocrx_word' id='word_1_31' title='bbox 163 1454 364 1512; x_wconf 85' lang='lat' dir='ltr'><strong>putatur</strong></span> <span class='ocrx_word' id='word_1_32' title='bbox 387 1445 458 1500; x_wconf 87' lang='lat' dir='ltr'><strong>ad</strong></span> <span class='ocrx_word' id='word_1_33' title='bbox 485 1444 901 1517; x_wconf 85' lang='lat' dir='ltr'><strong>intelligendum</strong></span> <span class='ocrx_word' id='word_1_34' title='bbox 924 1449 1036 1506; x_wconf 65' lang='lat' dir='ltr'><strong>haec</strong></span> <span class='ocrx_word' id='word_1_35' title='bbox 1054 1466 1174 1520; x_wconf 71' lang='lat' dir='ltr'><strong>qum</strong></span> <span class='ocrx_word' id='word_1_36' title='bbox 1200 1453 1266 1506; x_wconf 91' lang='lat' dir='ltr'><strong>ad</strong></span> <span class='ocrx_word' id='word_1_37' title='bbox 1289 1454 1561 1511; x_wconf 82' lang='lat' dir='ltr'><strong>Romanos</strong></span> <span class='ocrx_word' id='word_1_38' title='bbox 1581 1458 1715 1511; x_wconf 81' lang='lat' dir='ltr'><strong>scri-</strong></span> <span class='ocrx_word' id='word_1_39' title='bbox 1820 1459 1918 1513; x_wconf 89' lang='lat' dir='ltr'><strong>Dei</strong></span> <span class='ocrx_word' id='word_1_40' title='bbox 1954 1462 2008 1514; x_wconf 92' lang='lat' dir='ltr'><strong>in</strong></span> <span class='ocrx_word' id='word_1_41' title='bbox 2049 1460 2264 1516; x_wconf 75' lang='lat' dir='ltr'><strong>Christo</strong></span> <span class='ocrx_word' id='word_1_42' title='bbox 2308 1461 2479 1527; x_wconf 82' lang='lat' dir='ltr'><strong>Jesu;</strong></span> <span class='ocrx_word' id='word_1_43' title='bbox 2521 1473 2574 1517; x_wconf 90' lang='lat' dir='ltr'><strong>et</strong></span> <span class='ocrx_word' id='word_1_44' title='bbox 2601 1473 2723 1533; x_wconf 89' lang='lat' dir='ltr'><strong>post</strong></span> <span class='ocrx_word' id='word_1_45' title='bbox 2745 1465 2848 1519; x_wconf 88' lang='lat' dir='ltr'><strong>hoc</strong></span> <span class='ocrx_word' id='word_1_46' title='bbox 2882 1444 3051 1521; x_wconf 84' lang='lat' dir='ltr'><strong>dicit:</strong></span> <span class='ocrx_word' id='word_1_47' title='bbox 3084 1468 3393 1542; x_wconf 76' lang='lat' dir='ltr'><strong>Quicunque</strong></span> 
     </span>
    </p>
   </div>
   <div class='ocr_carea' id='block_1_6' title="bbox 160 1539 3392 1628">
    <p class='ocr_par' dir='ltr' id='par_1_6' title="bbox 160 1539 3392 1628">
     <span class='ocr_line' id='line_1_6' title="bbox 160 1539 3392 1628; baseline 0.009 -40"><span class='ocrx_word' id='word_1_48' title='bbox 160 1549 233 1604; x_wconf 86' lang='lat' dir='ltr'><strong>pta</strong></span> <span class='ocrx_word' id='word_1_49' title='bbox 254 1547 363 1601; x_wconf 86' lang='lat' dir='ltr'><strong>est,</strong></span> <span class='ocrx_word' id='word_1_50' title='bbox 395 1539 615 1596; x_wconf 89' lang='lat' dir='ltr'><strong>duabus</strong></span> <span class='ocrx_word' id='word_1_51' title='bbox 663 1543 796 1598; x_wconf 87' lang='lat' dir='ltr'><strong>mihi</strong></span> <span class='ocrx_word' id='word_1_52' title='bbox 837 1544 1056 1598; x_wconf 85' lang='lat' dir='ltr'><strong>videtur</strong></span> <span class='ocrx_word' id='word_1_53' title='bbox 1080 1545 1196 1600; x_wconf 85' lang='lat' dir='ltr'><strong>ﬁeri</strong></span> <span class='ocrx_word' id='word_1_54' title='bbox 1236 1560 1304 1602; x_wconf 81' lang='lat' dir='ltr'><strong>ex</strong></span> <span class='ocrx_word' id='word_1_55' title='bbox 1338 1549 1538 1606; x_wconf 87' lang='lat' dir='ltr'><strong>causis.</strong></span> <span class='ocrx_word' id='word_1_56' title='bbox 1573 1549 1709 1613; x_wconf 85' lang='lat' dir='ltr'><strong>Una,</strong></span> <span class='ocrx_word' id='word_1_57' title='bbox 1815 1566 1941 1618; x_wconf 88' lang='lat' dir='ltr'><strong>ergo</strong></span> <span class='ocrx_word' id='word_1_58' title='bbox 1969 1550 2185 1618; x_wconf 77' lang='lat' dir='ltr'><strong>perfecti</strong></span> <span class='ocrx_word' id='word_1_59' title='bbox 2213 1568 2416 1616; x_wconf 82' lang='lat' dir='ltr'><strong>sumus,</strong></span> <span class='ocrx_word' id='word_1_60' title='bbox 2453 1555 2550 1604; x_wconf 86' lang='lat' dir='ltr'><strong>hoc</strong></span> <span class='ocrx_word' id='word_1_61' title='bbox 2581 1557 2896 1610; x_wconf 74' lang='lat' dir='ltr'><strong>sentiamus.</strong></span> <span class='ocrx_word' id='word_1_62' title='bbox 2931 1556 2987 1610; x_wconf 85' lang='lat' dir='ltr'><strong>In</strong></span> <span class='ocrx_word' id='word_1_63' title='bbox 3015 1573 3122 1628; x_wconf 92' lang='lat' dir='ltr'><strong>quo</strong></span> <span class='ocrx_word' id='word_1_64' title='bbox 3150 1539 3392 1618; x_wconf 73' lang='lat' dir='ltr'><strong>ostendit</strong></span> 
     </span>
    </p>
   </div>
   <div class='ocr_carea' id='block_1_7' title="bbox 159 1629 3392 1720">
    <p class='ocr_par' dir='ltr' id='par_1_7' title="bbox 159 1629 3392 1720">
     <span class='ocr_line' id='line_1_7' title="bbox 159 1629 3392 1720; baseline 0.008 -37"><span class='ocrx_word' id='word_1_65' title='bbox 159 1630 282 1700; x_wconf 86' lang='lat' dir='ltr'><strong>quod</strong></span> <span class='ocrx_word' id='word_1_66' title='bbox 309 1629 717 1690; x_wconf 87' lang='lat' dir='ltr'><strong>elocutionibus</strong></span> <span class='ocrx_word' id='word_1_67' title='bbox 757 1635 1028 1690; x_wconf 87' lang='lat' dir='ltr'><strong>interdum</strong></span> <span class='ocrx_word' id='word_1_68' title='bbox 1053 1636 1294 1694; x_wconf 88' lang='lat' dir='ltr'><strong>confusis</strong></span> <span class='ocrx_word' id='word_1_69' title='bbox 1314 1647 1370 1694; x_wconf 90' lang='lat' dir='ltr'><strong>et</strong></span> <span class='ocrx_word' id='word_1_70' title='bbox 1400 1639 1581 1695; x_wconf 88' lang='lat' dir='ltr'><strong>minus</strong></span> <span class='ocrx_word' id='word_1_71' title='bbox 1609 1656 1713 1696; x_wconf 76' lang='grc' dir='ltr'><strong>ει·</strong></span> <span class='ocrx_word' id='word_1_72' title='bbox 1815 1640 2081 1710; x_wconf 85' lang='lat' dir='ltr'><strong>duplicem</strong></span> <span class='ocrx_word' id='word_1_73' title='bbox 2117 1657 2238 1696; x_wconf 88' lang='lat' dir='ltr'><strong>esse</strong></span> <span class='ocrx_word' id='word_1_74' title='bbox 2263 1643 2647 1712; x_wconf 90' lang='lat' dir='ltr'><strong>perfectionem</strong></span> <span class='ocrx_word' id='word_1_75' title='bbox 2677 1664 2688 1700; x_wconf 90' lang='lat'><strong>:</strong></span> <span class='ocrx_word' id='word_1_76' title='bbox 2725 1662 2906 1711; x_wconf 90' lang='lat' dir='ltr'><strong>unam,</strong></span> <span class='ocrx_word' id='word_1_77' title='bbox 2939 1665 3058 1720; x_wconf 75' lang='lat' dir='ltr'><strong>qum</strong></span> <span class='ocrx_word' id='word_1_78' title='bbox 3099 1661 3183 1707; x_wconf 88' lang='lat' dir='ltr'><strong>est</strong></span> <span class='ocrx_word' id='word_1_79' title='bbox 3213 1653 3262 1707; x_wconf 90' lang='lat' dir='ltr'><strong>in</strong></span> <span class='ocrx_word' id='word_1_80' title='bbox 3295 1669 3392 1709; x_wconf 82' lang='lat' dir='ltr'><strong>ex-</strong></span> 
     </span>
    </p>
   </div>
   <div class='ocr_carea' id='block_1_8' title="bbox 159 1722 3388 1812">
    <p class='ocr_par' dir='ltr' id='par_1_8' title="bbox 159 1722 3388 1812">
     <span class='ocr_line' id='line_1_8' title="bbox 159 1722 3388 1812; baseline 0.008 -38"><span class='ocrx_word' id='word_1_81' title='bbox 159 1722 334 1790; x_wconf 84' lang='lat' dir='ltr'><strong>plicitis</strong></span> <span class='ocrx_word' id='word_1_82' title='bbox 358 1723 568 1790; x_wconf 83' lang='lat' dir='ltr'><strong>utitur;</strong></span> <span class='ocrx_word' id='word_1_83' title='bbox 601 1725 733 1792; x_wconf 89' lang='lat' dir='ltr'><strong>alia,</strong></span> <span class='ocrx_word' id='word_1_84' title='bbox 756 1727 899 1796; x_wconf 88' lang='lat' dir='ltr'><strong>quod</strong></span> <span class='ocrx_word' id='word_1_85' title='bbox 928 1730 1258 1797; x_wconf 64' lang='lat' dir='ltr'><strong>quaestiones</strong></span> <span class='ocrx_word' id='word_1_86' title='bbox 1281 1731 1334 1785; x_wconf 90' lang='lat' dir='ltr'><strong>in</strong></span> <span class='ocrx_word' id='word_1_87' title='bbox 1357 1747 1419 1786; x_wconf 84' lang='lat' dir='ltr'><strong>ea</strong></span> <span class='ocrx_word' id='word_1_88' title='bbox 1447 1732 1713 1804; x_wconf 75' lang='lat' dir='ltr'><strong>plurimas</strong></span> <span class='ocrx_word' id='word_1_89' title='bbox 1815 1731 2050 1799; x_wconf 90' lang='lat' dir='ltr'><strong>plelione</strong></span> <span class='ocrx_word' id='word_1_90' title='bbox 2083 1733 2363 1799; x_wconf 88' lang='lat' dir='ltr'><strong>virtutum,</strong></span> <span class='ocrx_word' id='word_1_91' title='bbox 2409 1737 2704 1790; x_wconf 88' lang='lat' dir='ltr'><strong>secundum</strong></span> <span class='ocrx_word' id='word_1_92' title='bbox 2752 1754 2912 1808; x_wconf 86' lang='lat' dir='ltr'><strong>quam</strong></span> <span class='ocrx_word' id='word_1_93' title='bbox 2942 1741 3074 1796; x_wconf 89' lang='lat' dir='ltr'><strong>dicit</strong></span> <span class='ocrx_word' id='word_1_94' title='bbox 3102 1745 3246 1812; x_wconf 90' lang='lat' dir='ltr'><strong>quod</strong></span> <span class='ocrx_word' id='word_1_95' title='bbox 3279 1761 3388 1800; x_wconf 91' lang='lat' dir='ltr'><strong>non</strong></span> 
     </span>
    </p>
   </div>
   <div class='ocr_carea' id='block_1_9' title="bbox 159 1819 3389 1902">
    <p class='ocr_par' dir='ltr' id='par_1_9' title="bbox 159 1819 3389 1902">
     <span class='ocr_line' id='line_1_9' title="bbox 159 1819 3389 1902; baseline 0.008 -38"><span class='ocrx_word' id='word_1_96' title='bbox 159 1823 338 1880; x_wconf 89' lang='lat' dir='ltr'><strong>movet,</strong></span> <span class='ocrx_word' id='word_1_97' title='bbox 363 1823 419 1869; x_wconf 91' lang='lat' dir='ltr'><strong>et</strong></span> <span class='ocrx_word' id='word_1_98' title='bbox 447 1829 546 1870; x_wconf 90' lang='lat' dir='ltr'><strong>eas</strong></span> <span class='ocrx_word' id='word_1_99' title='bbox 576 1819 886 1888; x_wconf 64' lang='lat' dir='ltr'><strong>praecipue,</strong></span> <span class='ocrx_word' id='word_1_100' title='bbox 921 1821 1117 1890; x_wconf 87' lang='lat' dir='ltr'><strong>quibus</strong></span> <span class='ocrx_word' id='word_1_101' title='bbox 1148 1822 1437 1880; x_wconf 89' lang='lat' dir='ltr'><strong>innitentes</strong></span> <span class='ocrx_word' id='word_1_102' title='bbox 1467 1826 1710 1884; x_wconf 69' lang='lat' dir='ltr'><strong>haeretici</strong></span> <span class='ocrx_word' id='word_1_103' title='bbox 1813 1822 1883 1876; x_wconf 90' lang='lat' dir='ltr'><strong>sit</strong></span> <span class='ocrx_word' id='word_1_104' title='bbox 1917 1821 2215 1892; x_wconf 87' lang='lat' dir='ltr'><strong>perfectus;</strong></span> <span class='ocrx_word' id='word_1_105' title='bbox 2251 1835 2305 1880; x_wconf 90' lang='lat' dir='ltr'><strong>et</strong></span> <span class='ocrx_word' id='word_1_106' title='bbox 2333 1825 2518 1892; x_wconf 90' lang='lat' dir='ltr'><strong>aliam,</strong></span> <span class='ocrx_word' id='word_1_107' title='bbox 2565 1843 2686 1882; x_wconf 87' lang='lat' dir='ltr'><strong>cum</strong></span> <span class='ocrx_word' id='word_1_108' title='bbox 2738 1829 2809 1882; x_wconf 92' lang='lat' dir='ltr'><strong>ita</strong></span> <span class='ocrx_word' id='word_1_109' title='bbox 2860 1831 2979 1898; x_wconf 87' lang='lat' dir='ltr'><strong>quis</strong></span> <span class='ocrx_word' id='word_1_110' title='bbox 3033 1832 3268 1902; x_wconf 86' lang='lat' dir='ltr'><strong>proficit,</strong></span> <span class='ocrx_word' id='word_1_111' title='bbox 3329 1845 3389 1890; x_wconf 92' lang='lat' dir='ltr'><strong>ut</strong></span> 
     </span>
    </p>
   </div>
   <div class='ocr_carea' id='block_1_10' title="bbox 159 1909 3383 1993">
    <p class='ocr_par' dir='ltr' id='par_1_10' title="bbox 159 1909 3383 1993">
     <span class='ocr_line' id='line_1_10' title="bbox 159 1909 3383 1993; baseline 0.01 -41"><span class='ocrx_word' id='word_1_112' title='bbox 159 1915 384 1963; x_wconf 68' lang='lat' dir='ltr'><strong>astruere</strong></span> <span class='ocrx_word' id='word_1_113' title='bbox 413 1909 602 1966; x_wconf 65' lang='lat' dir='ltr'><strong>solem</strong></span> <span class='ocrx_word' id='word_1_114' title='bbox 625 1913 769 1982; x_wconf 80' lang='lat' dir='ltr'><strong>quod</strong></span> <span class='ocrx_word' id='word_1_115' title='bbox 802 1914 1225 1986; x_wconf 77' lang='lat' dir='ltr'><strong>uniuscujusque</strong></span> <span class='ocrx_word' id='word_1_116' title='bbox 1247 1927 1522 1987; x_wconf 72' lang='lat' dir='ltr'><strong>gestorum</strong></span> <span class='ocrx_word' id='word_1_117' title='bbox 1548 1936 1710 1978; x_wconf 77' lang='lat' dir='ltr'><strong>causa</strong></span> <span class='ocrx_word' id='word_1_118' title='bbox 1817 1915 2070 1972; x_wconf 85' lang='lat' dir='ltr'><strong>decidere</strong></span> <span class='ocrx_word' id='word_1_119' title='bbox 2100 1931 2204 1971; x_wconf 90' lang='lat' dir='ltr'><strong>non</strong></span> <span class='ocrx_word' id='word_1_120' title='bbox 2237 1919 2428 1988; x_wconf 89' lang='lat' dir='ltr'><strong>possit,</strong></span> <span class='ocrx_word' id='word_1_121' title='bbox 2456 1934 2631 1990; x_wconf 90' lang='lat' dir='ltr'><strong>neque</strong></span> <span class='ocrx_word' id='word_1_122' title='bbox 2665 1931 2961 1977; x_wconf 87' lang='lat' dir='ltr'><strong>retrorsum</strong></span> <span class='ocrx_word' id='word_1_123' title='bbox 2996 1926 3264 1993; x_wconf 83' lang='lat' dir='ltr'><strong>aspicere,</strong></span> <span class='ocrx_word' id='word_1_124' title='bbox 3292 1942 3383 1983; x_wconf 84' lang='lat' dir='ltr'><strong>se-</strong></span> 
     </span>
    </p>
   </div>
   <div class='ocr_carea' id='block_1_11' title="bbox 158 2001 3384 2087">
    <p class='ocr_par' dir='ltr' id='par_1_11' title="bbox 158 2001 3384 2087">
     <span class='ocr_line' id='line_1_11' title="bbox 158 2001 3384 2087; baseline 0.011 -35"><span class='ocrx_word' id='word_1_125' title='bbox 158 2001 328 2056; x_wconf 86' lang='lat' dir='ltr'><strong>nonad</strong></span> <span class='ocrx_word' id='word_1_126' title='bbox 361 2003 707 2070; x_wconf 89' lang='lat' dir='ltr'><strong>propositum</strong></span> <span class='ocrx_word' id='word_1_127' title='bbox 749 2006 969 2078; x_wconf 79' lang='lat' dir='ltr'><strong>debeat,</strong></span> <span class='ocrx_word' id='word_1_128' title='bbox 1007 2009 1102 2063; x_wconf 91' lang='lat' dir='ltr'><strong>sed</strong></span> <span class='ocrx_word' id='word_1_129' title='bbox 1129 2009 1196 2064; x_wconf 86' lang='lat' dir='ltr'><strong>ad</strong></span> <span class='ocrx_word' id='word_1_130' title='bbox 1237 2019 1443 2066; x_wconf 85' lang='lat' dir='ltr'><strong>naturae</strong></span> <span class='ocrx_word' id='word_1_131' title='bbox 1473 2012 1704 2069; x_wconf 87' lang='lat' dir='ltr'><strong>diversi-</strong></span> <span class='ocrx_word' id='word_1_132' title='bbox 1810 2007 2051 2062; x_wconf 72' lang='lat' dir='ltr'><strong>cundum</strong></span> <span class='ocrx_word' id='word_1_133' title='bbox 2099 2023 2262 2077; x_wconf 68' lang='lat' dir='ltr'><strong>quam</strong></span> <span class='ocrx_word' id='word_1_134' title='bbox 2307 2010 2521 2066; x_wconf 68' lang='grc' dir='ltr'><strong>ἀίεεὺθῐ</strong></span> <span class='ocrx_word' id='word_1_135' title='bbox 2565 2028 2582 2066; x_wconf 71' lang='grc' dir='ltr'>ε</span> <span class='ocrx_word' id='word_1_136' title='bbox 2636 2011 2948 2084; x_wconf 73' lang='lat' dir='ltr'><strong>Quicunque</strong></span> <span class='ocrx_word' id='word_1_137' title='bbox 3003 2032 3126 2086; x_wconf 72' lang='lat'><strong>9&#39;90</strong></span> <span class='ocrx_word' id='word_1_138' title='bbox 3168 2019 3384 2087; x_wconf 70' lang='lat' dir='ltr'><strong>perfecti</strong></span> 
     </span>
    </p>
   </div>
   <div class='ocr_carea' id='block_1_12' title="bbox 157 2090 1706 2170">
    <p class='ocr_par' dir='ltr' id='par_1_12' title="bbox 157 2090 1706 2170">
     <span class='ocr_line' id='line_1_12' title="bbox 157 2090 1706 2170; baseline 0.013 -30"><span class='ocrx_word' id='word_1_139' title='bbox 157 2098 296 2144; x_wconf 80' lang='lat' dir='ltr'><strong>tatem</strong></span> <span class='ocrx_word' id='word_1_140' title='bbox 321 2090 542 2159; x_wconf 90' lang='lat' dir='ltr'><strong>referri;</strong></span> <span class='ocrx_word' id='word_1_141' title='bbox 573 2103 628 2149; x_wconf 88' lang='lat' dir='ltr'><strong>et</strong></span> <span class='ocrx_word' id='word_1_142' title='bbox 651 2110 718 2150; x_wconf 78' lang='lat' dir='ltr'><strong>ex</strong></span> <span class='ocrx_word' id='word_1_143' title='bbox 746 2098 937 2166; x_wconf 87' lang='lat' dir='ltr'><strong>paucis</strong></span> <span class='ocrx_word' id='word_1_144' title='bbox 967 2097 1125 2168; x_wconf 84' lang='lat' dir='ltr'><strong>hujus</strong></span> <span class='ocrx_word' id='word_1_145' title='bbox 1159 2100 1412 2170; x_wconf 66' lang='lat' dir='ltr'><strong>Epistola&#39;</strong></span> <span class='ocrx_word' id='word_1_146' title='bbox 1439 2106 1706 2160; x_wconf 90' lang='lat' dir='ltr'><strong>sermoni-</strong></span> 
     </span>
    </p>
   </div>
   <div class='ocr_carea' id='block_1_13' title="bbox 157 2180 1701 2260">
    <p class='ocr_par' dir='ltr' id='par_1_13' title="bbox 157 2180 1701 2260">
     <span class='ocr_line' id='line_1_13' title="bbox 157 2180 1701 2260; baseline 0.012 -25"><span class='ocrx_word' id='word_1_147' title='bbox 157 2180 238 2237; x_wconf 84' lang='lat' dir='ltr'><strong>bus</strong></span> <span class='ocrx_word' id='word_1_148' title='bbox 265 2183 422 2239; x_wconf 88' lang='lat' dir='ltr'><strong>totius</strong></span> <span class='ocrx_word' id='word_1_149' title='bbox 444 2183 752 2256; x_wconf 71' lang='lat' dir='ltr'><strong>Scriptura:</strong></span> <span class='ocrx_word' id='word_1_150' title='bbox 775 2203 1019 2258; x_wconf 88' lang='lat' dir='ltr'><strong>sensum,</strong></span> <span class='ocrx_word' id='word_1_151' title='bbox 1037 2191 1127 2260; x_wconf 85' lang='lat' dir='ltr'><strong>qui</strong></span> <span class='ocrx_word' id='word_1_152' title='bbox 1153 2193 1365 2248; x_wconf 88' lang='lat' dir='ltr'><strong>arbitrii</strong></span> <span class='ocrx_word' id='word_1_153' title='bbox 1395 2195 1701 2253; x_wconf 89' lang='lat' dir='ltr'><strong>libertatem</strong></span> 
     </span>
    </p>
   </div>
   <div class='ocr_carea' id='block_1_14' title="bbox 157 2278 1703 2350">
    <p class='ocr_par' dir='ltr' id='par_1_14' title="bbox 157 2278 1703 2350">
     <span class='ocr_line' id='line_1_14' title="bbox 157 2278 1703 2350; baseline 0.011 -22"><span class='ocrx_word' id='word_1_154' title='bbox 157 2289 443 2331; x_wconf 85' lang='lat' dir='ltr'><strong>concessam</strong></span> <span class='ocrx_word' id='word_1_155' title='bbox 477 2291 510 2331; x_wconf 92' lang='lat' dir='ltr'><strong>a</strong></span> <span class='ocrx_word' id='word_1_156' title='bbox 556 2278 668 2334; x_wconf 87' lang='lat' dir='ltr'><strong>Deo</strong></span> <span class='ocrx_word' id='word_1_157' title='bbox 701 2280 911 2336; x_wconf 88' lang='lat' dir='ltr'><strong>homini</strong></span> <span class='ocrx_word' id='word_1_158' title='bbox 941 2283 1122 2350; x_wconf 88' lang='lat' dir='ltr'><strong>docet,</strong></span> <span class='ocrx_word' id='word_1_159' title='bbox 1143 2295 1410 2342; x_wconf 88' lang='lat' dir='ltr'><strong>conantur</strong></span> <span class='ocrx_word' id='word_1_160' title='bbox 1432 2298 1703 2346; x_wconf 80' lang='lat' dir='ltr'><strong>evertere.</strong></span> 
     </span>
    </p>
   </div>
   <div class='ocr_carea' id='block_1_15' title="bbox 157 2365 1703 2450">
    <p class='ocr_par' dir='ltr' id='par_1_15' title="bbox 157 2365 1703 2450">
     <span class='ocr_line' id='line_1_15' title="bbox 157 2365 1703 2450; baseline 0.012 -31"><span class='ocrx_word' id='word_1_161' title='bbox 157 2365 352 2433; x_wconf 78' lang='lat' dir='ltr'><strong>Propter</strong></span> <span class='ocrx_word' id='word_1_162' title='bbox 378 2371 530 2439; x_wconf 89' lang='lat' dir='ltr'><strong>quod</strong></span> <span class='ocrx_word' id='word_1_163' title='bbox 577 2369 935 2441; x_wconf 86' lang='lat' dir='ltr'><strong>deprecantes</strong></span> <span class='ocrx_word' id='word_1_164' title='bbox 981 2376 1133 2445; x_wconf 88' lang='lat' dir='ltr'><strong>prius</strong></span> <span class='ocrx_word' id='word_1_165' title='bbox 1172 2377 1376 2446; x_wconf 86' lang='lat' dir='ltr'><strong>Deum,</strong></span> <span class='ocrx_word' id='word_1_166' title='bbox 1420 2381 1510 2450; x_wconf 84' lang='lat' dir='ltr'><strong>qui</strong></span> <span class='ocrx_word' id='word_1_167' title='bbox 1557 2382 1703 2437; x_wconf 81' lang='lat' dir='ltr'><strong>docet</strong></span> 
     </span>
    </p>
   </div>
   <div class='ocr_carea' id='block_1_16' title="bbox 157 2460 1698 2538">
    <p class='ocr_par' dir='ltr' id='par_1_16' title="bbox 157 2460 1698 2538">
     <span class='ocr_line' id='line_1_16' title="bbox 157 2460 1698 2538; baseline 0.012 -29"><span class='ocrx_word' id='word_1_168' title='bbox 157 2460 385 2513; x_wconf 75' lang='lat' dir='ltr'><strong>hominem</strong></span> <span class='ocrx_word' id='word_1_169' title='bbox 413 2461 702 2518; x_wconf 74' lang='lat' dir='ltr'><strong>scientiam</strong></span> <span class='ocrx_word' id='word_1_170' title='bbox 734 2465 803 2529; x_wconf 80' lang='lat'><strong>”,</strong></span> <span class='ocrx_word' id='word_1_171' title='bbox 844 2474 898 2519; x_wconf 90' lang='lat' dir='ltr'><strong>et</strong></span> <span class='ocrx_word' id='word_1_172' title='bbox 927 2467 1016 2535; x_wconf 90' lang='lat' dir='ltr'><strong>qui</strong></span> <span class='ocrx_word' id='word_1_173' title='bbox 1043 2469 1134 2523; x_wconf 90' lang='lat' dir='ltr'><strong>dat</strong></span> <span class='ocrx_word' id='word_1_174' title='bbox 1157 2485 1256 2538; x_wconf 92' lang='lat' dir='ltr'><strong>per</strong></span> <span class='ocrx_word' id='word_1_175' title='bbox 1288 2468 1549 2538; x_wconf 85' lang='lat' dir='ltr'><strong>Spiritum</strong></span> <span class='ocrx_word' id='word_1_176' title='bbox 1581 2489 1698 2526; x_wconf 72' lang='lat' dir='ltr'><strong>uer-</strong></span> 
     </span>
    </p>
   </div>
   <div class='ocr_carea' id='block_1_17' title="bbox 157 2548 1700 2624">
    <p class='ocr_par' dir='ltr' id='par_1_17' title="bbox 157 2548 1700 2624">
     <span class='ocr_line' id='line_1_17' title="bbox 157 2548 1700 2624; baseline 0.012 -26"><span class='ocrx_word' id='word_1_177' title='bbox 157 2548 253 2600; x_wconf 80' lang='lat' dir='ltr'><strong>bum</strong></span> <span class='ocrx_word' id='word_1_178' title='bbox 281 2549 555 2616; x_wconf 79' lang='lat' dir='ltr'><strong>sapientiae</strong></span> <span class='ocrx_word' id='word_1_179' title='bbox 579 2552 646 2616; x_wconf 83' lang='grc'><strong>³⁸,</strong></span> <span class='ocrx_word' id='word_1_180' title='bbox 671 2554 874 2624; x_wconf 84' lang='lat' dir='ltr'><strong>quique</strong></span> <span class='ocrx_word' id='word_1_181' title='bbox 907 2555 1173 2612; x_wconf 82' lang='lat' dir='ltr'><strong>illuminat</strong></span> <span class='ocrx_word' id='word_1_182' title='bbox 1206 2575 1408 2614; x_wconf 86' lang='lat' dir='ltr'><strong>omnem</strong></span> <span class='ocrx_word' id='word_1_183' title='bbox 1437 2561 1700 2616; x_wconf 82' lang='lat' dir='ltr'><strong>hominem</strong></span> 
     </span>
    </p>
   </div>
   <div class='ocr_carea' id='block_1_18' title="bbox 157 2642 1700 2721">
    <p class='ocr_par' dir='ltr' id='par_1_18' title="bbox 157 2642 1700 2721">
     <span class='ocr_line' id='line_1_18' title="bbox 157 2642 1700 2721; baseline 0.012 -29"><span class='ocrx_word' id='word_1_184' title='bbox 157 2642 407 2697; x_wconf 80' lang='lat' dir='ltr'><strong>renientem</strong></span> <span class='ocrx_word' id='word_1_185' title='bbox 435 2645 492 2699; x_wconf 88' lang='lat' dir='ltr'><strong>in</strong></span> <span class='ocrx_word' id='word_1_186' title='bbox 524 2646 670 2702; x_wconf 86' lang='lat' dir='ltr'><strong>hunc</strong></span> <span class='ocrx_word' id='word_1_187' title='bbox 700 2647 956 2703; x_wconf 84' lang='lat' dir='ltr'><strong>mundum</strong></span> <span class='ocrx_word' id='word_1_188' title='bbox 985 2651 1050 2717; x_wconf 70' lang='grc' dir='ltr'>π,</span> <span class='ocrx_word' id='word_1_189' title='bbox 1086 2660 1146 2708; x_wconf 90' lang='lat' dir='ltr'><strong>ut</strong></span> <span class='ocrx_word' id='word_1_190' title='bbox 1170 2653 1364 2721; x_wconf 79' lang='lat' dir='ltr'><strong>dignos</strong></span> <span class='ocrx_word' id='word_1_191' title='bbox 1387 2669 1485 2709; x_wconf 86' lang='lat' dir='ltr'><strong>nos</strong></span> <span class='ocrx_word' id='word_1_192' title='bbox 1519 2655 1700 2710; x_wconf 89' lang='lat' dir='ltr'><strong>facere</strong></span> 
     </span>
    </p>
   </div>
   <div class='ocr_carea' id='block_1_19' title="bbox 157 2729 1698 2810">
    <p class='ocr_par' dir='ltr' id='par_1_19' title="bbox 157 2729 1698 2810">
     <span class='ocr_line' id='line_1_19' title="bbox 157 2729 1698 2810; baseline 0.011 -26"><span class='ocrx_word' id='word_1_193' title='bbox 157 2729 378 2802; x_wconf 88' lang='lat' dir='ltr'><strong>dignetur</strong></span> <span class='ocrx_word' id='word_1_194' title='bbox 403 2735 721 2808; x_wconf 76' lang='lat' dir='ltr'><strong>intelligere</strong></span> <span class='ocrx_word' id='word_1_195' title='bbox 746 2739 1067 2810; x_wconf 79' lang='lat' dir='ltr'><strong>parabolas,</strong></span> <span class='ocrx_word' id='word_1_196' title='bbox 1097 2753 1154 2798; x_wconf 89' lang='lat' dir='ltr'><strong>et</strong></span> <span class='ocrx_word' id='word_1_197' title='bbox 1193 2746 1457 2800; x_wconf 89' lang='lat' dir='ltr'><strong>obscuros</strong></span> <span class='ocrx_word' id='word_1_198' title='bbox 1491 2760 1698 2802; x_wconf 89' lang='lat' dir='ltr'><strong>sermo-</strong></span> 
     </span>
    </p>
   </div>
   <div class='ocr_carea' id='block_1_20' title="bbox 158 2826 1694 2905">
    <p class='ocr_par' dir='ltr' id='par_1_20' title="bbox 158 2826 1694 2905">
     <span class='ocr_line' id='line_1_20' title="bbox 158 2826 1694 2905; baseline 0.012 -30"><span class='ocrx_word' id='word_1_199' title='bbox 158 2838 250 2888; x_wconf 89' lang='lat' dir='ltr'><strong>nes,</strong></span> <span class='ocrx_word' id='word_1_200' title='bbox 281 2826 536 2897; x_wconf 91' lang='lat' dir='ltr'><strong>dictaque</strong></span> <span class='ocrx_word' id='word_1_201' title='bbox 559 2832 887 2901; x_wconf 89' lang='lat' dir='ltr'><strong>sapientium</strong></span> <span class='ocrx_word' id='word_1_202' title='bbox 913 2842 969 2890; x_wconf 91' lang='lat' dir='ltr'><strong>et</strong></span> <span class='ocrx_word' id='word_1_203' title='bbox 987 2834 1272 2905; x_wconf 70' lang='lat' dir='ltr'><strong>aenigmata</strong></span> <span class='ocrx_word' id='word_1_204' title='bbox 1295 2836 1362 2901; x_wconf 82' lang='grc'><strong>³⁸,</strong></span> <span class='ocrx_word' id='word_1_205' title='bbox 1387 2836 1459 2890; x_wconf 87' lang='lat' dir='ltr'><strong>ita</strong></span> <span class='ocrx_word' id='word_1_206' title='bbox 1481 2837 1694 2894; x_wconf 88' lang='lat' dir='ltr'><strong>demum</strong></span> 
     </span>
    </p>
   </div>
   <div class='ocr_carea' id='block_1_21' title="bbox 155 2915 1696 2995">
    <p class='ocr_par' dir='ltr' id='par_1_21' title="bbox 155 2915 1696 2995">
     <span class='ocr_line' id='line_1_21' title="bbox 155 2915 1696 2995; baseline 0.01 -29"><span class='ocrx_word' id='word_1_207' title='bbox 155 2915 518 2984; x_wconf 78' lang='lat' dir='ltr'><strong>explanationis</strong></span> <span class='ocrx_word' id='word_1_208' title='bbox 557 2920 817 2991; x_wconf 63' lang='lat' dir='ltr'><strong>Epistolas</strong></span> <span class='ocrx_word' id='word_1_209' title='bbox 849 2923 961 2995; x_wconf 81' lang='lat'><strong>(69)</strong></span> <span class='ocrx_word' id='word_1_210' title='bbox 991 2924 1143 2980; x_wconf 83' lang='lat' dir='ltr'><strong>Pauli</strong></span> <span class='ocrx_word' id='word_1_211' title='bbox 1168 2926 1234 2980; x_wconf 89' lang='lat' dir='ltr'><strong>ad</strong></span> <span class='ocrx_word' id='word_1_212' title='bbox 1268 2925 1540 2982; x_wconf 83' lang='lat' dir='ltr'><strong>Romanos</strong></span> <span class='ocrx_word' id='word_1_213' title='bbox 1563 2942 1696 2982; x_wconf 88' lang='lat' dir='ltr'><strong>con-</strong></span> 
     </span>
    </p>
   </div>
   <div class='ocr_carea' id='block_1_22' title="bbox 157 3005 1694 3086">
    <p class='ocr_par' dir='ltr' id='par_1_22' title="bbox 157 3005 1694 3086">
     <span class='ocr_line' id='line_1_22' title="bbox 157 3005 1694 3086; baseline 0.009 -29"><span class='ocrx_word' id='word_1_214' title='bbox 157 3005 389 3077; x_wconf 84' lang='lat' dir='ltr'><strong>tingemus</strong></span> <span class='ocrx_word' id='word_1_215' title='bbox 415 3012 730 3078; x_wconf 80' lang='lat' dir='ltr'><strong>exordium,</strong></span> <span class='ocrx_word' id='word_1_216' title='bbox 771 3017 1163 3085; x_wconf 70' lang='lat' dir='ltr'><strong>praemittentes</strong></span> <span class='ocrx_word' id='word_1_217' title='bbox 1189 3019 1301 3071; x_wconf 71' lang='lat' dir='ltr'><strong>haec</strong></span> <span class='ocrx_word' id='word_1_218' title='bbox 1332 3032 1450 3086; x_wconf 71' lang='lat' dir='ltr'><strong>quae</strong></span> <span class='ocrx_word' id='word_1_219' title='bbox 1479 3018 1547 3075; x_wconf 86' lang='lat' dir='ltr'><strong>ab</strong></span> <span class='ocrx_word' id='word_1_220' title='bbox 1577 3026 1694 3072; x_wconf 91' lang='lat' dir='ltr'><strong>stu-</strong></span> 
     </span>
    </p>
   </div>
   <div class='ocr_carea' id='block_1_23' title="bbox 157 3096 1692 3179">
    <p class='ocr_par' dir='ltr' id='par_1_23' title="bbox 157 3096 1692 3179">
     <span class='ocr_line' id='line_1_23' title="bbox 157 3096 1692 3179; baseline 0.009 -29"><span class='ocrx_word' id='word_1_221' title='bbox 157 3096 292 3154; x_wconf 90' lang='lat' dir='ltr'><strong>diosis</strong></span> <span class='ocrx_word' id='word_1_222' title='bbox 307 3101 591 3158; x_wconf 84' lang='lat' dir='ltr'><strong>observari</strong></span> <span class='ocrx_word' id='word_1_223' title='bbox 611 3105 806 3171; x_wconf 90' lang='lat' dir='ltr'><strong>solent,</strong></span> <span class='ocrx_word' id='word_1_224' title='bbox 821 3108 964 3177; x_wconf 90' lang='lat' dir='ltr'><strong>quod</strong></span> <span class='ocrx_word' id='word_1_225' title='bbox 985 3108 1200 3162; x_wconf 88' lang='lat' dir='ltr'><strong>videtur</strong></span> <span class='ocrx_word' id='word_1_226' title='bbox 1211 3109 1500 3179; x_wconf 82' lang='lat' dir='ltr'><strong>Apostolus</strong></span> <span class='ocrx_word' id='word_1_227' title='bbox 1515 3109 1567 3163; x_wconf 95' lang='lat' dir='ltr'><strong>in</strong></span> <span class='ocrx_word' id='word_1_228' title='bbox 1586 3109 1692 3165; x_wconf 88' lang='lat' dir='ltr'><strong>hac</strong></span> 
     </span>
    </p>
   </div>
   <div class='ocr_carea' id='block_1_24' title="bbox 159 3185 1687 3268">
    <p class='ocr_par' dir='ltr' id='par_1_24' title="bbox 159 3185 1687 3268">
     <span class='ocr_line' id='line_1_24' title="bbox 159 3185 1687 3268; baseline 0.008 -27"><span class='ocrx_word' id='word_1_229' title='bbox 159 3185 356 3257; x_wconf 85' lang='lat' dir='ltr'><strong>Epistola</strong></span> <span class='ocrx_word' id='word_1_230' title='bbox 394 3192 697 3263; x_wconf 80' lang='lat' dir='ltr'><strong>perfectior</strong></span> <span class='ocrx_word' id='word_1_231' title='bbox 733 3196 899 3252; x_wconf 85' lang='lat' dir='ltr'><strong>fuisse</strong></span> <span class='ocrx_word' id='word_1_232' title='bbox 923 3212 1086 3268; x_wconf 87' lang='lat' dir='ltr'><strong>quam</strong></span> <span class='ocrx_word' id='word_1_233' title='bbox 1114 3199 1166 3253; x_wconf 91' lang='lat' dir='ltr'><strong>in</strong></span> <span class='ocrx_word' id='word_1_234' title='bbox 1204 3200 1436 3254; x_wconf 67' lang='lat' dir='ltr'><strong>caeteris.</strong></span> <span class='ocrx_word' id='word_1_235' title='bbox 1473 3199 1687 3254; x_wconf 88' lang='lat' dir='ltr'><strong>Etenim</strong></span> 
     </span>
    </p>
   </div>
   <div class='ocr_carea' id='block_1_25' title="bbox 157 3282 1684 3360">
    <p class='ocr_par' dir='ltr' id='par_1_25' title="bbox 157 3282 1684 3360">
     <span class='ocr_line' id='line_1_25' title="bbox 157 3282 1684 3360; baseline 0.008 -28"><span class='ocrx_word' id='word_1_236' title='bbox 157 3293 254 3332; x_wconf 86' lang='lat' dir='ltr'><strong>eum</strong></span> <span class='ocrx_word' id='word_1_237' title='bbox 273 3282 496 3349; x_wconf 86' lang='lat' dir='ltr'><strong>primam</strong></span> <span class='ocrx_word' id='word_1_238' title='bbox 525 3286 595 3340; x_wconf 87' lang='lat' dir='ltr'><strong>ad</strong></span> <span class='ocrx_word' id='word_1_239' title='bbox 615 3285 925 3342; x_wconf 85' lang='lat' dir='ltr'><strong>Corinthios</strong></span> <span class='ocrx_word' id='word_1_240' title='bbox 941 3287 1358 3356; x_wconf 89' lang='lat' dir='ltr'><strong>scriberet,erat</strong></span> <span class='ocrx_word' id='word_1_241' title='bbox 1389 3291 1605 3360; x_wconf 90' lang='lat' dir='ltr'><strong>quidem</strong></span> <span class='ocrx_word' id='word_1_242' title='bbox 1632 3291 1684 3344; x_wconf 93' lang='lat' dir='ltr'><strong>in</strong></span> 
     </span>
    </p>
   </div>
   <div class='ocr_carea' id='block_1_26' title="bbox 158 3374 1686 3449">
    <p class='ocr_par' dir='ltr' id='par_1_26' title="bbox 158 3374 1686 3449">
     <span class='ocr_line' id='line_1_26' title="bbox 158 3374 1686 3449; baseline 0.008 -26"><span class='ocrx_word' id='word_1_243' title='bbox 158 3374 330 3443; x_wconf 81' lang='lat' dir='ltr'><strong>magnis</strong></span> <span class='ocrx_word' id='word_1_244' title='bbox 355 3376 711 3444; x_wconf 80' lang='lat' dir='ltr'><strong>profectibus;</strong></span> <span class='ocrx_word' id='word_1_245' title='bbox 735 3377 936 3449; x_wconf 90' lang='lat' dir='ltr'><strong>aliquid</strong></span> <span class='ocrx_word' id='word_1_246' title='bbox 959 3390 1134 3434; x_wconf 89' lang='lat' dir='ltr'><strong>tamen</strong></span> <span class='ocrx_word' id='word_1_247' title='bbox 1163 3380 1230 3435; x_wconf 89' lang='lat' dir='ltr'><strong>de</strong></span> <span class='ocrx_word' id='word_1_248' title='bbox 1268 3396 1326 3437; x_wconf 89' lang='lat' dir='ltr'><strong>se</strong></span> <span class='ocrx_word' id='word_1_249' title='bbox 1361 3381 1508 3437; x_wconf 83' lang='lat' dir='ltr'><strong>velut</strong></span> <span class='ocrx_word' id='word_1_250' title='bbox 1533 3391 1686 3437; x_wconf 84' lang='lat' dir='ltr'><strong>nuta-</strong></span> 
     </span>
    </p>
   </div>
   <div class='ocr_carea' id='block_1_27' title="bbox 157 3467 1685 3540">
    <p class='ocr_par' dir='ltr' id='par_1_27' title="bbox 157 3467 1685 3540">
     <span class='ocr_line' id='line_1_27' title="bbox 157 3467 1685 3540; baseline 0.006 -22"><span class='ocrx_word' id='word_1_251' title='bbox 157 3467 332 3521; x_wconf 83' lang='lat' dir='ltr'><strong>bundus</strong></span> <span class='ocrx_word' id='word_1_252' title='bbox 357 3468 466 3540; x_wconf 73' lang='grc' dir='ltr'><strong>(το)</strong></span> <span class='ocrx_word' id='word_1_253' title='bbox 501 3470 810 3540; x_wconf 86' lang='lat' dir='ltr'><strong>eloquitur,</strong></span> <span class='ocrx_word' id='word_1_254' title='bbox 841 3487 962 3527; x_wconf 89' lang='lat' dir='ltr'><strong>cum</strong></span> <span class='ocrx_word' id='word_1_255' title='bbox 989 3473 1122 3528; x_wconf 89' lang='lat' dir='ltr'><strong>dicit</strong></span> <span class='ocrx_word' id='word_1_256' title='bbox 1152 3492 1166 3529; x_wconf 91' lang='lat'><strong>:</strong></span> <span class='ocrx_word' id='word_1_257' title='bbox 1192 3473 1298 3529; x_wconf 89' lang='lat' dir='ltr'><strong>Sed</strong></span> <span class='ocrx_word' id='word_1_258' title='bbox 1332 3490 1538 3528; x_wconf 87' lang='lat' dir='ltr'><strong>macero</strong></span> <span class='ocrx_word' id='word_1_259' title='bbox 1565 3491 1685 3528; x_wconf 89' lang='lat' dir='ltr'><strong>cor-</strong></span> 
     </span>
    </p>
   </div>
   <div class='ocr_carea' id='block_1_28' title="bbox 157 3563 1684 3636">
    <p class='ocr_par' dir='ltr' id='par_1_28' title="bbox 157 3563 1684 3636">
     <span class='ocr_line' id='line_1_28' title="bbox 157 3563 1684 3636; baseline 0.005 -24"><span class='ocrx_word' id='word_1_260' title='bbox 157 3571 230 3620; x_wconf 69' lang='lat' dir='ltr'><strong>pus</strong></span> <span class='ocrx_word' id='word_1_261' title='bbox 245 3574 423 3625; x_wconf 77' lang='lat' dir='ltr'><strong>meum,</strong></span> <span class='ocrx_word' id='word_1_262' title='bbox 444 3570 495 3616; x_wconf 92' lang='lat' dir='ltr'><strong>et</strong></span> <span class='ocrx_word' id='word_1_263' title='bbox 512 3563 756 3616; x_wconf 80' lang='lat' dir='ltr'><strong>servituti</strong></span> <span class='ocrx_word' id='word_1_264' title='bbox 772 3565 1014 3633; x_wconf 83' lang='lat' dir='ltr'><strong>subjicio,</strong></span> <span class='ocrx_word' id='word_1_265' title='bbox 1034 3581 1096 3619; x_wconf 91' lang='lat' dir='ltr'><strong>ne</strong></span> <span class='ocrx_word' id='word_1_266' title='bbox 1109 3565 1243 3634; x_wconf 80' lang='lat' dir='ltr'><strong>forte</strong></span> <span class='ocrx_word' id='word_1_267' title='bbox 1263 3583 1383 3620; x_wconf 89' lang='lat' dir='ltr'><strong>cum</strong></span> <span class='ocrx_word' id='word_1_268' title='bbox 1406 3567 1525 3620; x_wconf 85' lang='lat' dir='ltr'><strong>aliis</strong></span> <span class='ocrx_word' id='word_1_269' title='bbox 1541 3582 1684 3636; x_wconf 78' lang='lat' dir='ltr'><strong>pra:-</strong></span> 
     </span>
    </p>
   </div>
   <div class='ocr_carea' id='block_1_29' title="bbox 158 3646 1685 3725">
    <p class='ocr_par' dir='ltr' id='par_1_29' title="bbox 158 3646 1685 3725">
     <span class='ocr_line' id='line_1_29' title="bbox 158 3646 1685 3725; baseline 0.009 -31"><span class='ocrx_word' id='word_1_270' title='bbox 158 3646 535 3720; x_wconf 79' lang='lat' dir='ltr'><strong>dicauerim,ipse</strong></span> <span class='ocrx_word' id='word_1_271' title='bbox 554 3651 804 3721; x_wconf 87' lang='lat' dir='ltr'><strong>reprobus</strong></span> <span class='ocrx_word' id='word_1_272' title='bbox 817 3654 1087 3723; x_wconf 73' lang='lat' dir='ltr'><strong>eﬂiciar&quot;.</strong></span> <span class='ocrx_word' id='word_1_273' title='bbox 1112 3653 1216 3709; x_wconf 91' lang='lat' dir='ltr'><strong>Sed</strong></span> <span class='ocrx_word' id='word_1_274' title='bbox 1233 3663 1288 3709; x_wconf 86' lang='lat' dir='ltr'><strong>et</strong></span> <span class='ocrx_word' id='word_1_275' title='bbox 1300 3657 1365 3709; x_wconf 87' lang='lat' dir='ltr'><strong>ad</strong></span> <span class='ocrx_word' id='word_1_276' title='bbox 1381 3655 1685 3725; x_wconf 84' lang='lat' dir='ltr'><strong>Philippen-</strong></span> 
     </span>
    </p>
   </div>
   <div class='ocr_carea' id='block_1_30' title="bbox 158 3735 1683 3810">
    <p class='ocr_par' dir='ltr' id='par_1_30' title="bbox 158 3735 1683 3810">
     <span class='ocr_line' id='line_1_30' title="bbox 158 3735 1683 3810; baseline 0.006 -21"><span class='ocrx_word' id='word_1_277' title='bbox 158 3748 225 3789; x_wconf 83' lang='lat' dir='ltr'><strong>ses</strong></span> <span class='ocrx_word' id='word_1_278' title='bbox 243 3735 391 3808; x_wconf 60' lang='lat'><strong>559</strong></span> <span class='ocrx_word' id='word_1_279' title='bbox 406 3743 678 3805; x_wconf 88' lang='lat' dir='ltr'><strong>scribens,</strong></span> <span class='ocrx_word' id='word_1_280' title='bbox 709 3743 963 3810; x_wconf 87' lang='lat' dir='ltr'><strong>quiddam</strong></span> <span class='ocrx_word' id='word_1_281' title='bbox 995 3742 1047 3797; x_wconf 93' lang='lat' dir='ltr'><strong>in</strong></span> <span class='ocrx_word' id='word_1_282' title='bbox 1075 3759 1134 3799; x_wconf 90' lang='lat' dir='ltr'><strong>se</strong></span> <span class='ocrx_word' id='word_1_283' title='bbox 1159 3745 1335 3800; x_wconf 86' lang='lat' dir='ltr'><strong>minus</strong></span> <span class='ocrx_word' id='word_1_284' title='bbox 1358 3744 1534 3798; x_wconf 88' lang='lat' dir='ltr'><strong>adhuc</strong></span> <span class='ocrx_word' id='word_1_285' title='bbox 1564 3758 1683 3798; x_wconf 87' lang='lat' dir='ltr'><strong>esse</strong></span> 
     </span>
    </p>
   </div>
   <div class='ocr_carea' id='block_1_31' title="bbox 158 3825 1681 3906">
    <p class='ocr_par' dir='ltr' id='par_1_31' title="bbox 158 3825 1681 3906">
     <span class='ocr_line' id='line_1_31' title="bbox 158 3825 1681 3906; baseline 0.007 -29"><span class='ocrx_word' id='word_1_286' title='bbox 158 3825 305 3893; x_wconf 88' lang='lat' dir='ltr'><strong>illius,</strong></span> <span class='ocrx_word' id='word_1_287' title='bbox 355 3847 518 3902; x_wconf 84' lang='lat' dir='ltr'><strong>quam</strong></span> <span class='ocrx_word' id='word_1_288' title='bbox 575 3842 766 3902; x_wconf 90' lang='lat' dir='ltr'><strong>postea</strong></span> <span class='ocrx_word' id='word_1_289' title='bbox 820 3845 1104 3890; x_wconf 87' lang='lat' dir='ltr'><strong>assecutus</strong></span> <span class='ocrx_word' id='word_1_290' title='bbox 1156 3846 1277 3902; x_wconf 90' lang='lat' dir='ltr'><strong>est,</strong></span> <span class='ocrx_word' id='word_1_291' title='bbox 1334 3835 1681 3906; x_wconf 78' lang='lat' dir='ltr'><strong>perfectionis</strong></span> 
     </span>
    </p>
   </div>
   <div class='ocr_carea' id='block_1_32' title="bbox 158 3922 1682 3993">
    <p class='ocr_par' dir='ltr' id='par_1_32' title="bbox 158 3922 1682 3993">
     <span class='ocr_line' id='line_1_32' title="bbox 158 3922 1682 3993; baseline 0.007 -22"><span class='ocrx_word' id='word_1_292' title='bbox 158 3922 371 3986; x_wconf 87' lang='lat' dir='ltr'><strong>ostendit,</strong></span> <span class='ocrx_word' id='word_1_293' title='bbox 390 3938 515 3978; x_wconf 90' lang='lat' dir='ltr'><strong>cum</strong></span> <span class='ocrx_word' id='word_1_294' title='bbox 549 3925 687 3979; x_wconf 90' lang='lat' dir='ltr'><strong>dicit</strong></span> <span class='ocrx_word' id='word_1_295' title='bbox 713 3924 1049 3981; x_wconf 89' lang='lat' dir='ltr'><strong>conformari</strong></span> <span class='ocrx_word' id='word_1_296' title='bbox 1080 3941 1140 3982; x_wconf 90' lang='lat' dir='ltr'><strong>se</strong></span> <span class='ocrx_word' id='word_1_297' title='bbox 1182 3928 1346 3982; x_wconf 88' lang='lat' dir='ltr'><strong>morti</strong></span> <span class='ocrx_word' id='word_1_298' title='bbox 1373 3927 1598 3993; x_wconf 88' lang='lat' dir='ltr'><strong>Christi,</strong></span> <span class='ocrx_word' id='word_1_299' title='bbox 1631 3931 1682 3982; x_wconf 88' lang='lat' dir='ltr'><strong>si</strong></span> 
     </span>
    </p>
   </div>
   <div class='ocr_carea' id='block_1_33' title="bbox 1806 2101 3384 2179">
    <p class='ocr_par' dir='ltr' id='par_1_33' title="bbox 1806 2101 3384 2179">
     <span class='ocr_line' id='line_1_33' title="bbox 1806 2101 3384 2179; baseline 0.006 -24"><span class='ocrx_word' id='word_1_300' title='bbox 1806 2117 2010 2170; x_wconf 85' lang='lat' dir='ltr'><strong>sumus,</strong></span> <span class='ocrx_word' id='word_1_301' title='bbox 2032 2101 2130 2155; x_wconf 81' lang='lat' dir='ltr'><strong>hoc</strong></span> <span class='ocrx_word' id='word_1_302' title='bbox 2156 2103 2464 2157; x_wconf 81' lang='lat' dir='ltr'><strong>sentiamus.</strong></span> <span class='ocrx_word' id='word_1_303' title='bbox 2486 2103 2765 2170; x_wconf 86' lang='lat' dir='ltr'><strong>Quomodo</strong></span> <span class='ocrx_word' id='word_1_304' title='bbox 2790 2119 2918 2176; x_wconf 82' lang='lat' dir='ltr'><strong>ergo</strong></span> <span class='ocrx_word' id='word_1_305' title='bbox 2951 2107 3229 2162; x_wconf 88' lang='lat' dir='ltr'><strong>docebitur</strong></span> <span class='ocrx_word' id='word_1_306' title='bbox 3259 2125 3384 2179; x_wconf 86' lang='lat' dir='ltr'><strong>per-</strong></span> 
     </span>
    </p>
   </div>
   <div class='ocr_carea' id='block_1_34' title="bbox 1808 2189 3374 2270">
    <p class='ocr_par' dir='ltr' id='par_1_34' title="bbox 1808 2189 3374 2270">
     <span class='ocr_line' id='line_1_34' title="bbox 1808 2189 3374 2270; baseline 0.007 -26"><span class='ocrx_word' id='word_1_307' title='bbox 1808 2189 2124 2259; x_wconf 85' lang='lat' dir='ltr'><strong>fectiorjam</strong></span> <span class='ocrx_word' id='word_1_308' title='bbox 2143 2194 2437 2249; x_wconf 89' lang='lat' dir='ltr'><strong>secundam</strong></span> <span class='ocrx_word' id='word_1_309' title='bbox 2468 2197 2534 2248; x_wconf 88' lang='lat' dir='ltr'><strong>ad</strong></span> <span class='ocrx_word' id='word_1_310' title='bbox 2557 2193 2872 2252; x_wconf 85' lang='lat' dir='ltr'><strong>Corinthios</strong></span> <span class='ocrx_word' id='word_1_311' title='bbox 2895 2199 3184 2269; x_wconf 88' lang='lat' dir='ltr'><strong>scripsisse</strong></span> <span class='ocrx_word' id='word_1_312' title='bbox 3208 2216 3374 2270; x_wconf 90' lang='lat' dir='ltr'><strong>quam</strong></span> 
     </span>
    </p>
   </div>
   <div class='ocr_carea' id='block_1_35' title="bbox 1806 2282 3378 2360">
    <p class='ocr_par' dir='ltr' id='par_1_35' title="bbox 1806 2282 3378 2360">
     <span class='ocr_line' id='line_1_35' title="bbox 1806 2282 3378 2360; baseline 0.008 -24"><span class='ocrx_word' id='word_1_313' title='bbox 1806 2282 2083 2352; x_wconf 82' lang='lat' dir='ltr'><strong>primam?</strong></span> <span class='ocrx_word' id='word_1_314' title='bbox 2109 2284 2188 2340; x_wconf 80' lang='lat' dir='ltr'><strong>Ex</strong></span> <span class='ocrx_word' id='word_1_315' title='bbox 2217 2286 2300 2340; x_wconf 89' lang='lat' dir='ltr'><strong>his</strong></span> <span class='ocrx_word' id='word_1_316' title='bbox 2335 2286 2452 2342; x_wconf 89' lang='lat' dir='ltr'><strong>sine</strong></span> <span class='ocrx_word' id='word_1_317' title='bbox 2481 2287 2646 2342; x_wconf 91' lang='lat' dir='ltr'><strong>dubio</strong></span> <span class='ocrx_word' id='word_1_318' title='bbox 2686 2303 2804 2358; x_wconf 72' lang='lat' dir='ltr'><strong>quae</strong></span> <span class='ocrx_word' id='word_1_319' title='bbox 2835 2290 2887 2344; x_wconf 94' lang='lat' dir='ltr'><strong>in</strong></span> <span class='ocrx_word' id='word_1_320' title='bbox 2917 2305 2979 2345; x_wconf 87' lang='lat' dir='ltr'><strong>ea</strong></span> <span class='ocrx_word' id='word_1_321' title='bbox 3005 2293 3203 2360; x_wconf 88' lang='lat' dir='ltr'><strong>scripta</strong></span> <span class='ocrx_word' id='word_1_322' title='bbox 3235 2292 3378 2348; x_wconf 88' lang='lat' dir='ltr'><strong>refe-</strong></span> 
     </span>
    </p>
   </div>
   <div class='ocr_carea' id='block_1_36' title="bbox 1806 2377 3374 2449">
    <p class='ocr_par' dir='ltr' id='par_1_36' title="bbox 1806 2377 3374 2449">
     <span class='ocr_line' id='line_1_36' title="bbox 1806 2377 3374 2449; baseline 0.008 -23"><span class='ocrx_word' id='word_1_323' title='bbox 1806 2383 2019 2440; x_wconf 92' lang='lat' dir='ltr'><strong>runtur,</strong></span> <span class='ocrx_word' id='word_1_324' title='bbox 2051 2391 2174 2431; x_wconf 89' lang='lat' dir='ltr'><strong>cum</strong></span> <span class='ocrx_word' id='word_1_325' title='bbox 2199 2377 2370 2432; x_wconf 89' lang='lat' dir='ltr'><strong>dicit:</strong></span> <span class='ocrx_word' id='word_1_326' title='bbox 2411 2377 2821 2434; x_wconf 84' lang='lat' dir='ltr'><strong>Tribulationem</strong></span> <span class='ocrx_word' id='word_1_327' title='bbox 2865 2382 3118 2449; x_wconf 86' lang='lat' dir='ltr'><strong>patimur,</strong></span> <span class='ocrx_word' id='word_1_328' title='bbox 3149 2384 3240 2437; x_wconf 88' lang='lat' dir='ltr'><strong>sed</strong></span> <span class='ocrx_word' id='word_1_329' title='bbox 3266 2401 3374 2438; x_wconf 91' lang='lat' dir='ltr'><strong>non</strong></span> 
     </span>
    </p>
   </div>
   <div class='ocr_carea' id='block_1_37' title="bbox 1803 2469 3376 2542">
    <p class='ocr_par' dir='ltr' id='par_1_37' title="bbox 1803 2469 3376 2542">
     <span class='ocr_line' id='line_1_37' title="bbox 1803 2469 3376 2542; baseline 0.006 -23"><span class='ocrx_word' id='word_1_330' title='bbox 1803 2469 2550 2538; x_wconf 81' lang='lat' dir='ltr'><strong>angustiamur;aporiamur,</strong></span> <span class='ocrx_word' id='word_1_331' title='bbox 2582 2472 2673 2525; x_wconf 83' lang='lat' dir='ltr'><strong>sed</strong></span> <span class='ocrx_word' id='word_1_332' title='bbox 2698 2489 2799 2526; x_wconf 90' lang='lat' dir='ltr'><strong>non</strong></span> <span class='ocrx_word' id='word_1_333' title='bbox 2833 2475 3376 2542; x_wconf 78' lang='lat' dir='ltr'><strong>exaporiamur;per-</strong></span> 
     </span>
    </p>
   </div>
   <div class='ocr_carea' id='block_1_38' title="bbox 1801 2559 3377 2635">
    <p class='ocr_par' dir='ltr' id='par_1_38' title="bbox 1801 2559 3377 2635">
     <span class='ocr_line' id='line_1_38' title="bbox 1801 2559 3377 2635; baseline 0.006 -24"><span class='ocrx_word' id='word_1_334' title='bbox 1801 2559 2117 2613; x_wconf 89' lang='lat' dir='ltr'><strong>secutionem</strong></span> <span class='ocrx_word' id='word_1_335' title='bbox 2138 2561 2390 2626; x_wconf 81' lang='lat' dir='ltr'><strong>patimur,</strong></span> <span class='ocrx_word' id='word_1_336' title='bbox 2423 2562 2515 2616; x_wconf 87' lang='lat' dir='ltr'><strong>sed</strong></span> <span class='ocrx_word' id='word_1_337' title='bbox 2541 2578 2644 2617; x_wconf 90' lang='lat' dir='ltr'><strong>non</strong></span> <span class='ocrx_word' id='word_1_338' title='bbox 2697 2563 3150 2635; x_wconf 84' lang='lat' dir='ltr'><strong>derelinquimur;</strong></span> <span class='ocrx_word' id='word_1_339' title='bbox 3192 2566 3377 2632; x_wconf 80' lang='lat' dir='ltr'><strong>deiici-</strong></span> 
     </span>
    </p>
   </div>
   <div class='ocr_carea' id='block_1_39' title="bbox 1802 2651 3378 2724">
    <p class='ocr_par' dir='ltr' id='par_1_39' title="bbox 1802 2651 3378 2724">
     <span class='ocr_line' id='line_1_39' title="bbox 1802 2651 3378 2724; baseline 0.006 -22"><span class='ocrx_word' id='word_1_340' title='bbox 1802 2666 1941 2717; x_wconf 89' lang='lat' dir='ltr'><strong>mur,</strong></span> <span class='ocrx_word' id='word_1_341' title='bbox 1965 2651 2057 2705; x_wconf 88' lang='lat' dir='ltr'><strong>sed</strong></span> <span class='ocrx_word' id='word_1_342' title='bbox 2085 2669 2189 2707; x_wconf 91' lang='lat' dir='ltr'><strong>non</strong></span> <span class='ocrx_word' id='word_1_343' title='bbox 2214 2653 2443 2720; x_wconf 87' lang='lat' dir='ltr'><strong>perimus</strong></span> <span class='ocrx_word' id='word_1_344' title='bbox 2480 2670 2501 2720; x_wconf 90' lang='lat'><em>;</em></span> <span class='ocrx_word' id='word_1_345' title='bbox 2536 2670 2740 2724; x_wconf 87' lang='lat' dir='ltr'><strong>semper</strong></span> <span class='ocrx_word' id='word_1_346' title='bbox 2767 2667 2987 2709; x_wconf 89' lang='lat' dir='ltr'><strong>mortem</strong></span> <span class='ocrx_word' id='word_1_347' title='bbox 3025 2655 3155 2710; x_wconf 83' lang='lat' dir='ltr'><strong>Jesu</strong></span> <span class='ocrx_word' id='word_1_348' title='bbox 3180 2658 3378 2711; x_wconf 76' lang='lat' dir='ltr'><strong>incor-</strong></span> 
     </span>
    </p>
   </div>
   <div class='ocr_carea' id='block_1_40' title="bbox 1797 2743 3376 2815">
    <p class='ocr_par' dir='ltr' id='par_1_40' title="bbox 1797 2743 3376 2815">
     <span class='ocr_line' id='line_1_40' title="bbox 1797 2743 3376 2815; baseline 0.004 -21"><span class='ocrx_word' id='word_1_349' title='bbox 1797 2756 1922 2808; x_wconf 84' lang='lat' dir='ltr'><strong>pore</strong></span> <span class='ocrx_word' id='word_1_350' title='bbox 1946 2751 2125 2795; x_wconf 90' lang='lat' dir='ltr'><strong>nostro</strong></span> <span class='ocrx_word' id='word_1_351' title='bbox 2149 2743 2603 2811; x_wconf 81' lang='lat' dir='ltr'><strong>circumferentes,</strong></span> <span class='ocrx_word' id='word_1_352' title='bbox 2631 2754 2687 2797; x_wconf 93' lang='lat' dir='ltr'><strong>ut</strong></span> <span class='ocrx_word' id='word_1_353' title='bbox 2711 2757 2758 2797; x_wconf 85' lang='lat' dir='ltr'><strong>et</strong></span> <span class='ocrx_word' id='word_1_354' title='bbox 2798 2746 2901 2798; x_wconf 81' lang='lat' dir='ltr'><strong>vita</strong></span> <span class='ocrx_word' id='word_1_355' title='bbox 2926 2745 3055 2799; x_wconf 82' lang='lat' dir='ltr'><strong>Iesu</strong></span> <span class='ocrx_word' id='word_1_356' title='bbox 3077 2748 3130 2800; x_wconf 89' lang='lat' dir='ltr'><strong>in</strong></span> <span class='ocrx_word' id='word_1_357' title='bbox 3155 2762 3376 2815; x_wconf 82' lang='lat' dir='ltr'><strong>corpore</strong></span> 
     </span>
    </p>
   </div>
   <div class='ocr_carea' id='block_1_41' title="bbox 1798 2832 3369 2904">
    <p class='ocr_par' dir='ltr' id='par_1_41' title="bbox 1798 2832 3369 2904">
     <span class='ocr_line' id='line_1_41' title="bbox 1798 2832 3369 2904; baseline 0.007 -25"><span class='ocrx_word' id='word_1_358' title='bbox 1798 2838 1978 2882; x_wconf 84' lang='lat' dir='ltr'><strong>nostra</strong></span> <span class='ocrx_word' id='word_1_359' title='bbox 2035 2832 2404 2899; x_wconf 78' lang='lat' dir='ltr'><strong>manifestetur</strong></span> <span class='ocrx_word' id='word_1_360' title='bbox 2435 2832 2504 2889; x_wconf 89' lang='grc'><strong>³³.</strong></span> <span class='ocrx_word' id='word_1_361' title='bbox 2554 2833 2652 2900; x_wconf 88' lang='lat' dir='ltr'><strong>Qui</strong></span> <span class='ocrx_word' id='word_1_362' title='bbox 2687 2848 2814 2902; x_wconf 80' lang='lat' dir='ltr'><strong>ergo</strong></span> <span class='ocrx_word' id='word_1_363' title='bbox 2859 2849 3074 2904; x_wconf 85' lang='lat' dir='ltr'><strong>semper</strong></span> <span class='ocrx_word' id='word_1_364' title='bbox 3124 2847 3369 2890; x_wconf 88' lang='lat' dir='ltr'><strong>mortem</strong></span> 
     </span>
    </p>
   </div>
   <div class='ocr_carea' id='block_1_42' title="bbox 1792 2916 3370 2995">
    <p class='ocr_par' dir='ltr' id='par_1_42' title="bbox 1792 2916 3370 2995">
     <span class='ocr_line' id='line_1_42' title="bbox 1792 2916 3370 2995; baseline 0.005 -23"><span class='ocrx_word' id='word_1_365' title='bbox 1792 2916 1920 2974; x_wconf 84' lang='lat' dir='ltr'><strong>Jesu</strong></span> <span class='ocrx_word' id='word_1_366' title='bbox 1970 2919 2020 2974; x_wconf 92' lang='lat' dir='ltr'><strong>in</strong></span> <span class='ocrx_word' id='word_1_367' title='bbox 2065 2936 2292 2990; x_wconf 90' lang='lat' dir='ltr'><strong>corpore</strong></span> <span class='ocrx_word' id='word_1_368' title='bbox 2323 2939 2422 2978; x_wconf 90' lang='lat' dir='ltr'><strong>suo</strong></span> <span class='ocrx_word' id='word_1_369' title='bbox 2469 2923 2907 2990; x_wconf 77' lang='lat' dir='ltr'><strong>circumferebat,</strong></span> <span class='ocrx_word' id='word_1_370' title='bbox 2945 2942 3216 2995; x_wconf 88' lang='lat' dir='ltr'><strong>nunquam</strong></span> <span class='ocrx_word' id='word_1_371' title='bbox 3260 2928 3370 2980; x_wconf 75' lang='lat' dir='ltr'><strong>uti-</strong></span> 
     </span>
    </p>
   </div>
   <div class='ocr_carea' id='block_1_43' title="bbox 1793 3013 3365 3087">
    <p class='ocr_par' dir='ltr' id='par_1_43' title="bbox 1793 3013 3365 3087">
     <span class='ocr_line' id='line_1_43' title="bbox 1793 3013 3365 3087; baseline 0.006 -23"><span class='ocrx_word' id='word_1_372' title='bbox 1793 3026 1900 3080; x_wconf 87' lang='lat' dir='ltr'><strong>que</strong></span> <span class='ocrx_word' id='word_1_373' title='bbox 1929 3013 1981 3065; x_wconf 91' lang='lat' dir='ltr'><strong>in</strong></span> <span class='ocrx_word' id='word_1_374' title='bbox 2026 3027 2091 3067; x_wconf 93' lang='lat' dir='ltr'><strong>eo</strong></span> <span class='ocrx_word' id='word_1_375' title='bbox 2123 3013 2234 3085; x_wconf 76' lang='lat'><strong>(72)</strong></span> <span class='ocrx_word' id='word_1_376' title='bbox 2264 3015 2684 3084; x_wconf 83' lang='lat' dir='ltr'><strong>concupiscebat</strong></span> <span class='ocrx_word' id='word_1_377' title='bbox 2727 3031 2856 3070; x_wconf 91' lang='lat' dir='ltr'><strong>caro</strong></span> <span class='ocrx_word' id='word_1_378' title='bbox 2903 3016 3165 3072; x_wconf 76' lang='lat' dir='ltr'><strong>adversus</strong></span> <span class='ocrx_word' id='word_1_379' title='bbox 3196 3019 3365 3087; x_wconf 90' lang='lat' dir='ltr'><strong>spiri-</strong></span> 
     </span>
    </p>
   </div>
   <div class='ocr_carea' id='block_1_44' title="bbox 1793 3102 3367 3172">
    <p class='ocr_par' dir='ltr' id='par_1_44' title="bbox 1793 3102 3367 3172">
     <span class='ocr_line' id='line_1_44' title="bbox 1793 3102 3367 3172; baseline 0.003 -16"><span class='ocrx_word' id='word_1_380' title='bbox 1793 3111 1928 3166; x_wconf 92' lang='lat' dir='ltr'><strong>tum,</strong></span> <span class='ocrx_word' id='word_1_381' title='bbox 1955 3102 2048 3154; x_wconf 89' lang='lat' dir='ltr'><strong>sed</strong></span> <span class='ocrx_word' id='word_1_382' title='bbox 2095 3113 2214 3156; x_wconf 90' lang='lat' dir='ltr'><strong>erat</strong></span> <span class='ocrx_word' id='word_1_383' title='bbox 2236 3102 2284 3157; x_wconf 91' lang='lat' dir='ltr'><strong>ei</strong></span> <span class='ocrx_word' id='word_1_384' title='bbox 2313 3104 2587 3170; x_wconf 85' lang='lat' dir='ltr'><strong>subjecta,</strong></span> <span class='ocrx_word' id='word_1_385' title='bbox 2617 3114 2805 3172; x_wconf 89' lang='lat' dir='ltr'><strong>utpote</strong></span> <span class='ocrx_word' id='word_1_386' title='bbox 2837 3105 3157 3160; x_wconf 84' lang='lat' dir='ltr'><strong>mortificata</strong></span> <span class='ocrx_word' id='word_1_387' title='bbox 3187 3107 3254 3159; x_wconf 91' lang='lat' dir='ltr'><strong>ad</strong></span> <span class='ocrx_word' id='word_1_388' title='bbox 3284 3108 3367 3160; x_wconf 82' lang='lat' dir='ltr'><strong>si-</strong></span> 
     </span>
    </p>
   </div>
   <div class='ocr_carea' id='block_1_45' title="bbox 1790 3189 3367 3261">
    <p class='ocr_par' dir='ltr' id='par_1_45' title="bbox 1790 3189 3367 3261">
     <span class='ocr_line' id='line_1_45' title="bbox 1790 3189 3367 3261; baseline 0.003 -13"><span class='ocrx_word' id='word_1_389' title='bbox 1790 3193 2151 3248; x_wconf 88' lang='lat' dir='ltr'><strong>militudinem</strong></span> <span class='ocrx_word' id='word_1_390' title='bbox 2183 3194 2374 3249; x_wconf 89' lang='lat' dir='ltr'><strong>mortis</strong></span> <span class='ocrx_word' id='word_1_391' title='bbox 2399 3193 2619 3249; x_wconf 88' lang='lat' dir='ltr'><strong>Christi.</strong></span> <span class='ocrx_word' id='word_1_392' title='bbox 2657 3189 2885 3261; x_wconf 77' lang='lat' dir='ltr'><strong>Quodsi</strong></span> <span class='ocrx_word' id='word_1_393' title='bbox 2909 3197 3057 3250; x_wconf 88' lang='lat' dir='ltr'><strong>dicat</strong></span> <span class='ocrx_word' id='word_1_394' title='bbox 3086 3197 3240 3252; x_wconf 85' lang='lat' dir='ltr'><strong>nobis</strong></span> <span class='ocrx_word' id='word_1_395' title='bbox 3264 3199 3367 3252; x_wconf 86' lang='lat' dir='ltr'><strong>ali-</strong></span> 
     </span>
    </p>
   </div>
   <div class='ocr_carea' id='block_1_46' title="bbox 1790 3284 3359 3357">
    <p class='ocr_par' dir='ltr' id='par_1_46' title="bbox 1790 3284 3359 3357">
     <span class='ocr_line' id='line_1_46' title="bbox 1790 3284 3359 3357; baseline 0.003 -19"><span class='ocrx_word' id='word_1_396' title='bbox 1790 3285 1913 3354; x_wconf 92' lang='lat' dir='ltr'><strong>quis</strong></span> <span class='ocrx_word' id='word_1_397' title='bbox 1942 3286 2054 3340; x_wconf 71' lang='lat' dir='ltr'><strong>hazc</strong></span> <span class='ocrx_word' id='word_1_398' title='bbox 2092 3284 2410 3339; x_wconf 84' lang='lat' dir='ltr'><strong>verisimilia</strong></span> <span class='ocrx_word' id='word_1_399' title='bbox 2446 3300 2553 3340; x_wconf 89' lang='lat' dir='ltr'><strong>non</strong></span> <span class='ocrx_word' id='word_1_400' title='bbox 2590 3287 2784 3352; x_wconf 90' lang='lat' dir='ltr'><strong>videri,</strong></span> <span class='ocrx_word' id='word_1_401' title='bbox 2817 3287 2943 3357; x_wconf 88' lang='lat' dir='ltr'><strong>quia</strong></span> <span class='ocrx_word' id='word_1_402' title='bbox 2982 3303 3089 3343; x_wconf 89' lang='lat' dir='ltr'><strong>non</strong></span> <span class='ocrx_word' id='word_1_403' title='bbox 3128 3289 3359 3352; x_wconf 85' lang='lat' dir='ltr'><strong>multum</strong></span> 
     </span>
    </p>
   </div>
   <div class='ocr_carea' id='block_1_47' title="bbox 1791 3370 3363 3447">
    <p class='ocr_par' dir='ltr' id='par_1_47' title="bbox 1791 3370 3363 3447">
     <span class='ocr_line' id='line_1_47' title="bbox 1791 3370 3363 3447; baseline 0.004 -18"><span class='ocrx_word' id='word_1_404' title='bbox 1791 3376 2048 3446; x_wconf 89' lang='lat' dir='ltr'><strong>temporis</strong></span> <span class='ocrx_word' id='word_1_405' title='bbox 2083 3377 2224 3430; x_wconf 87' lang='lat' dir='ltr'><strong>inter</strong></span> <span class='ocrx_word' id='word_1_406' title='bbox 2247 3377 2480 3447; x_wconf 89' lang='lat' dir='ltr'><strong>primam</strong></span> <span class='ocrx_word' id='word_1_407' title='bbox 2513 3377 2810 3446; x_wconf 83' lang='lat' dir='ltr'><strong>Epistulam</strong></span> <span class='ocrx_word' id='word_1_408' title='bbox 2846 3379 3010 3433; x_wconf 90' lang='lat' dir='ltr'><strong>fuerit</strong></span> <span class='ocrx_word' id='word_1_409' title='bbox 3055 3394 3119 3434; x_wconf 93' lang='lat' dir='ltr'><strong>ac</strong></span> <span class='ocrx_word' id='word_1_410' title='bbox 3160 3370 3363 3435; x_wconf 51' lang='lat' dir='ltr'><strong>secun-J</strong></span> 
     </span>
    </p>
   </div>
   <div class='ocr_carea' id='block_1_48' title="bbox 1789 3467 3361 3542">
    <p class='ocr_par' dir='ltr' id='par_1_48' title="bbox 1789 3467 3361 3542">
     <span class='ocr_line' id='line_1_48' title="bbox 1789 3467 3361 3542; baseline 0.005 -21"><span class='ocrx_word' id='word_1_411' title='bbox 1789 3467 1935 3534; x_wconf 88' lang='lat' dir='ltr'><strong>dam,</strong></span> <span class='ocrx_word' id='word_1_412' title='bbox 1970 3477 2147 3536; x_wconf 85' lang='lat' dir='ltr'><strong>potest</strong></span> <span class='ocrx_word' id='word_1_413' title='bbox 2201 3477 2257 3523; x_wconf 87' lang='lat' dir='ltr'><strong>et</strong></span> <span class='ocrx_word' id='word_1_414' title='bbox 2284 3484 2352 3524; x_wconf 80' lang='lat' dir='ltr'><strong>ex</strong></span> <span class='ocrx_word' id='word_1_415' title='bbox 2385 3484 2448 3524; x_wconf 84' lang='lat' dir='ltr'><strong>eo</strong></span> <span class='ocrx_word' id='word_1_416' title='bbox 2473 3469 2777 3524; x_wconf 87' lang='lat' dir='ltr'><strong>evidentius</strong></span> <span class='ocrx_word' id='word_1_417' title='bbox 2827 3485 3088 3539; x_wconf 90' lang='lat' dir='ltr'><strong>noscere,</strong></span> <span class='ocrx_word' id='word_1_418' title='bbox 3130 3473 3361 3542; x_wconf 91' lang='lat' dir='ltr'><strong>quodin</strong></span> 
     </span>
    </p>
   </div>
   <div class='ocr_carea' id='block_1_49' title="bbox 1786 3557 3360 3631">
    <p class='ocr_par' dir='ltr' id='par_1_49' title="bbox 1786 3557 3360 3631">
     <span class='ocr_line' id='line_1_49' title="bbox 1786 3557 3360 3631; baseline 0.004 -19"><span class='ocrx_word' id='word_1_419' title='bbox 1786 3559 1961 3629; x_wconf 88' lang='lat' dir='ltr'><strong>prima</strong></span> <span class='ocrx_word' id='word_1_420' title='bbox 1986 3557 2229 3629; x_wconf 75' lang='lat' dir='ltr'><strong>Epistola</strong></span> <span class='ocrx_word' id='word_1_421' title='bbox 2261 3559 2494 3630; x_wconf 89' lang='lat' dir='ltr'><strong>ejectum</strong></span> <span class='ocrx_word' id='word_1_422' title='bbox 2519 3575 2643 3615; x_wconf 89' lang='lat' dir='ltr'><strong>eum</strong></span> <span class='ocrx_word' id='word_1_423' title='bbox 2669 3562 2759 3631; x_wconf 89' lang='lat' dir='ltr'><strong>qui</strong></span> <span class='ocrx_word' id='word_1_424' title='bbox 2790 3561 2970 3618; x_wconf 87' lang='lat' dir='ltr'><strong>fuerat</strong></span> <span class='ocrx_word' id='word_1_425' title='bbox 3008 3563 3199 3619; x_wconf 85' lang='lat' dir='ltr'><strong>incesti</strong></span> <span class='ocrx_word' id='word_1_426' title='bbox 3240 3577 3360 3620; x_wconf 87' lang='lat' dir='ltr'><strong>sce-</strong></span> 
     </span>
    </p>
   </div>
   <div class='ocr_carea' id='block_1_50' title="bbox 1784 3647 3355 3720">
    <p class='ocr_par' dir='ltr' id='par_1_50' title="bbox 1784 3647 3355 3720">
     <span class='ocr_line' id='line_1_50' title="bbox 1784 3647 3355 3720; baseline 0.006 -18"><span class='ocrx_word' id='word_1_427' title='bbox 1784 3647 1897 3704; x_wconf 89' lang='lat' dir='ltr'><strong>lere</strong></span> <span class='ocrx_word' id='word_1_428' title='bbox 1945 3650 2203 3720; x_wconf 88' lang='lat' dir='ltr'><strong>pollutus,</strong></span> <span class='ocrx_word' id='word_1_429' title='bbox 2265 3659 2322 3707; x_wconf 91' lang='lat' dir='ltr'><strong>et</strong></span> <span class='ocrx_word' id='word_1_430' title='bbox 2372 3652 2628 3706; x_wconf 90' lang='lat' dir='ltr'><strong>traditum</strong></span> <span class='ocrx_word' id='word_1_431' title='bbox 2686 3651 2906 3709; x_wconf 69' lang='lat' dir='ltr'><strong>Satanae</strong></span> <span class='ocrx_word' id='word_1_432' title='bbox 2963 3655 3017 3709; x_wconf 91' lang='lat' dir='ltr'><strong>in</strong></span> <span class='ocrx_word' id='word_1_433' title='bbox 3069 3655 3355 3711; x_wconf 90' lang='lat' dir='ltr'><strong>interitum</strong></span> 
     </span>
    </p>
   </div>
   <div class='ocr_carea' id='block_1_51' title="bbox 1783 3741 3357 3818">
    <p class='ocr_par' dir='ltr' id='par_1_51' title="bbox 1783 3741 3357 3818">
     <span class='ocr_line' id='line_1_51' title="bbox 1783 3741 3357 3818; baseline 0.006 -25"><span class='ocrx_word' id='word_1_434' title='bbox 1783 3741 1986 3804; x_wconf 88' lang='lat' dir='ltr'><strong>carnis,</strong></span> <span class='ocrx_word' id='word_1_435' title='bbox 2014 3751 2072 3796; x_wconf 91' lang='lat' dir='ltr'><strong>ut</strong></span> <span class='ocrx_word' id='word_1_436' title='bbox 2095 3742 2316 3810; x_wconf 90' lang='lat' dir='ltr'><strong>spiritus</strong></span> <span class='ocrx_word' id='word_1_437' title='bbox 2344 3742 2524 3796; x_wconf 91' lang='lat' dir='ltr'><strong>salvus</strong></span> <span class='ocrx_word' id='word_1_438' title='bbox 2555 3743 2707 3798; x_wconf 88' lang='lat' dir='ltr'><strong>fieret</strong></span> <span class='ocrx_word' id='word_1_439' title='bbox 2732 3746 2784 3798; x_wconf 92' lang='lat' dir='ltr'><strong>in</strong></span> <span class='ocrx_word' id='word_1_440' title='bbox 2807 3747 2894 3799; x_wconf 90' lang='lat' dir='ltr'><strong>die</strong></span> <span class='ocrx_word' id='word_1_441' title='bbox 2923 3746 3131 3802; x_wconf 91' lang='lat' dir='ltr'><strong>Domini</strong></span> <span class='ocrx_word' id='word_1_442' title='bbox 3164 3747 3357 3818; x_wconf 72' lang='lat'><strong>“(75),</strong></span> 
     </span>
    </p>
   </div>
   <div class='ocr_carea' id='block_1_52' title="bbox 1785 3831 3355 3900">
    <p class='ocr_par' dir='ltr' id='par_1_52' title="bbox 1785 3831 3355 3900">
     <span class='ocr_line' id='line_1_52' title="bbox 1785 3831 3355 3900; baseline 0.006 -16"><span class='ocrx_word' id='word_1_443' title='bbox 1785 3831 1840 3886; x_wconf 91' lang='lat' dir='ltr'><strong>in</strong></span> <span class='ocrx_word' id='word_1_444' title='bbox 1865 3833 2100 3887; x_wconf 91' lang='lat' dir='ltr'><strong>secunda</strong></span> <span class='ocrx_word' id='word_1_445' title='bbox 2117 3831 2285 3900; x_wconf 75' lang='lat' dir='ltr'><strong>&quot;jam</strong></span> <span class='ocrx_word' id='word_1_446' title='bbox 2308 3843 2549 3898; x_wconf 75' lang='lat' dir='ltr'><strong>revocat,</strong></span> <span class='ocrx_word' id='word_1_447' title='bbox 2568 3844 2621 3888; x_wconf 89' lang='lat' dir='ltr'><strong>et</strong></span> <span class='ocrx_word' id='word_1_448' title='bbox 2641 3834 2897 3890; x_wconf 73' lang='lat' dir='ltr'><strong>Ecclesia:</strong></span> <span class='ocrx_word' id='word_1_449' title='bbox 2917 3838 3177 3892; x_wconf 89' lang='lat' dir='ltr'><strong>membris</strong></span> <span class='ocrx_word' id='word_1_450' title='bbox 3203 3854 3355 3893; x_wconf 85' lang='lat' dir='ltr'><strong>asso-</strong></span> 
     </span>
    </p>
   </div>
   <div class='ocr_carea' id='block_1_53' title="bbox 1782 3921 3353 3995">
    <p class='ocr_par' dir='ltr' id='par_1_53' title="bbox 1782 3921 3353 3995">
     <span class='ocr_line' id='line_1_53' title="bbox 1782 3921 3353 3995; baseline 0.003 -18"><span class='ocrx_word' id='word_1_451' title='bbox 1782 3922 1911 3977; x_wconf 88' lang='lat' dir='ltr'><strong>ciat.</strong></span> <span class='ocrx_word' id='word_1_452' title='bbox 1953 3921 2104 3988; x_wconf 84' lang='lat' dir='ltr'><strong>Quod</strong></span> <span class='ocrx_word' id='word_1_453' title='bbox 2136 3924 2324 3992; x_wconf 84' lang='lat' dir='ltr'><strong>utique</strong></span> <span class='ocrx_word' id='word_1_454' title='bbox 2354 3939 2459 3977; x_wconf 90' lang='lat' dir='ltr'><strong>non</strong></span> <span class='ocrx_word' id='word_1_455' title='bbox 2496 3923 2722 3988; x_wconf 86' lang='lat' dir='ltr'><strong>faceret,</strong></span> <span class='ocrx_word' id='word_1_456' title='bbox 2766 3925 2866 3979; x_wconf 91' lang='lat' dir='ltr'><strong>nisi</strong></span> <span class='ocrx_word' id='word_1_457' title='bbox 2902 3941 3160 3995; x_wconf 83' lang='lat' dir='ltr'><strong>processu</strong></span> <span class='ocrx_word' id='word_1_458' title='bbox 3213 3937 3353 3982; x_wconf 88' lang='lat' dir='ltr'><strong>tem-</strong></span> 
     </span>
    </p>
   </div>
   <div class='ocr_carea' id='block_1_54' title="bbox 158 4013 3350 4110">
    <p class='ocr_par' dir='ltr' id='par_1_54' title="bbox 158 4013 3350 4110">
     <span class='ocr_line' id='line_1_54' title="bbox 158 4013 3350 4110; baseline 0.003 -44"><span class='ocrx_word' id='word_1_459' title='bbox 158 4016 374 4077; x_wconf 81' lang='lat' dir='ltr'><strong>quontodo</strong></span> <span class='ocrx_word' id='word_1_460' title='bbox 396 4026 660 4072; x_wconf 85' lang='lat' dir='ltr'><strong>occurrat</strong></span> <span class='ocrx_word' id='word_1_461' title='bbox 682 4019 736 4071; x_wconf 89' lang='lat' dir='ltr'><strong>in</strong></span> <span class='ocrx_word' id='word_1_462' title='bbox 763 4019 1212 4086; x_wconf 84' lang='lat' dir='ltr'><strong>resurrectionem,</strong></span> <span class='ocrx_word' id='word_1_463' title='bbox 1236 4037 1356 4089; x_wconf 70' lang='lat' dir='ltr'><strong>qua?</strong></span> <span class='ocrx_word' id='word_1_464' title='bbox 1386 4029 1460 4074; x_wconf 81' lang='lat' dir='ltr'><strong>est</strong></span> <span class='ocrx_word' id='word_1_465' title='bbox 1483 4037 1514 4072; x_wconf 94' lang='lat' dir='ltr'><strong>a</strong></span> <span class='ocrx_word' id='word_1_466' title='bbox 1541 4037 1682 4075; x_wconf 83' lang='lat' dir='ltr'><strong>mor-</strong></span> <span class='ocrx_word' id='word_1_467' title='bbox 1709 4050 1754 4110; x_wconf 68' lang='grc' dir='ltr'><strong>ο</strong></span> <span class='ocrx_word' id='word_1_468' title='bbox 1787 4015 1932 4084; x_wconf 89' lang='lat' dir='ltr'><strong>poris</strong></span> <span class='ocrx_word' id='word_1_469' title='bbox 1963 4013 2153 4084; x_wconf 88' lang='lat' dir='ltr'><strong>dignos</strong></span> <span class='ocrx_word' id='word_1_470' title='bbox 2181 4015 2231 4068; x_wconf 92' lang='lat' dir='ltr'><strong>in</strong></span> <span class='ocrx_word' id='word_1_471' title='bbox 2261 4029 2326 4069; x_wconf 92' lang='lat' dir='ltr'><strong>eo</strong></span> <span class='ocrx_word' id='word_1_472' title='bbox 2370 4014 2579 4069; x_wconf 84' lang='lat' dir='ltr'><strong>fruetus</strong></span> <span class='ocrx_word' id='word_1_473' title='bbox 2622 4015 2955 4084; x_wconf 76' lang='lat' dir='ltr'><strong>ptenitentiae</strong></span> <span class='ocrx_word' id='word_1_474' title='bbox 3004 4018 3350 4087; x_wconf 85' lang='lat' dir='ltr'><strong>pervidisset.</strong></span> 
     </span>
    </p>
   </div>
   <div class='ocr_carea' id='block_1_55' title="bbox 158 4104 3349 4178">
    <p class='ocr_par' dir='ltr' id='par_1_55' title="bbox 158 4104 3349 4178">
     <span class='ocr_line' id='line_1_55' title="bbox 158 4104 3349 4178; baseline 0.003 -26"><span class='ocrx_word' id='word_1_475' title='bbox 158 4104 308 4159; x_wconf 74' lang='lat' dir='ltr'><strong>tuis”.</strong></span> <span class='ocrx_word' id='word_1_476' title='bbox 339 4105 449 4163; x_wconf 80' lang='lat' dir='ltr'><strong>Non</strong></span> <span class='ocrx_word' id='word_1_477' title='bbox 475 4109 627 4163; x_wconf 86' lang='lat' dir='ltr'><strong>enim</strong></span> <span class='ocrx_word' id='word_1_478' title='bbox 651 4108 878 4174; x_wconf 82' lang='lat' dir='ltr'><strong>diceret,</strong></span> <span class='ocrx_word' id='word_1_479' title='bbox 906 4109 952 4162; x_wconf 88' lang='lat' dir='ltr'><strong>si</strong></span> <span class='ocrx_word' id='word_1_480' title='bbox 971 4109 1252 4177; x_wconf 86' lang='lat' dir='ltr'><strong>quomodo,</strong></span> <span class='ocrx_word' id='word_1_481' title='bbox 1276 4109 1320 4164; x_wconf 89' lang='lat' dir='ltr'><strong>si</strong></span> <span class='ocrx_word' id='word_1_482' title='bbox 1343 4109 1392 4164; x_wconf 92' lang='lat' dir='ltr'><strong>ei</strong></span> <span class='ocrx_word' id='word_1_483' title='bbox 1416 4109 1529 4178; x_wconf 89' lang='lat' dir='ltr'><strong>jam</strong></span> <span class='ocrx_word' id='word_1_484' title='bbox 1556 4118 1682 4164; x_wconf 90' lang='lat' dir='ltr'><strong>tunc</strong></span> <span class='ocrx_word' id='word_1_485' title='bbox 1717 4104 1753 4110; x_wconf 55' lang='grc'>⁷</span> <span class='ocrx_word' id='word_1_486' title='bbox 1789 4115 1844 4159; x_wconf 89' lang='lat' dir='ltr'><strong>et</strong></span> <span class='ocrx_word' id='word_1_487' title='bbox 1875 4107 2015 4174; x_wconf 90' lang='lat' dir='ltr'><strong>quod</strong></span> <span class='ocrx_word' id='word_1_488' title='bbox 2042 4105 2155 4172; x_wconf 87' lang='lat' dir='ltr'><strong>jam</strong></span> <span class='ocrx_word' id='word_1_489' title='bbox 2215 4121 2344 4160; x_wconf 88' lang='lat' dir='ltr'><strong>caro</strong></span> <span class='ocrx_word' id='word_1_490' title='bbox 2393 4107 2699 4173; x_wconf 88' lang='lat' dir='ltr'><strong>interitum,</strong></span> <span class='ocrx_word' id='word_1_491' title='bbox 2755 4122 2913 4176; x_wconf 87' lang='lat' dir='ltr'><strong>quem</strong></span> <span class='ocrx_word' id='word_1_492' title='bbox 2963 4107 3349 4178; x_wconf 82' lang='lat' dir='ltr'><strong>designaverat</strong></span> 
     </span>
    </p>
   </div>
   <div class='ocr_carea' id='block_1_56' title="bbox 161 4197 1684 4270">
    <p class='ocr_par' dir='ltr' id='par_1_56' title="bbox 161 4197 1684 4270">
     <span class='ocr_line' id='line_1_56' title="bbox 161 4197 1684 4270; baseline 0.009 -25"><span class='ocrx_word' id='word_1_493' title='bbox 161 4207 228 4248; x_wconf 89' lang='lat' dir='ltr'><strong>res</strong></span> <span class='ocrx_word' id='word_1_494' title='bbox 251 4197 531 4255; x_wconf 83' lang='lat' dir='ltr'><strong>indubitata</strong></span> <span class='ocrx_word' id='word_1_495' title='bbox 570 4201 872 4255; x_wconf 84' lang='lat' dir='ltr'><strong>videretur.</strong></span> <span class='ocrx_word' id='word_1_496' title='bbox 915 4200 1024 4257; x_wconf 91' lang='lat' dir='ltr'><strong>Sed</strong></span> <span class='ocrx_word' id='word_1_497' title='bbox 1055 4212 1108 4257; x_wconf 91' lang='lat' dir='ltr'><strong>et</strong></span> <span class='ocrx_word' id='word_1_498' title='bbox 1143 4201 1195 4254; x_wconf 90' lang='lat' dir='ltr'><strong>in</strong></span> <span class='ocrx_word' id='word_1_499' title='bbox 1228 4201 1684 4270; x_wconf 86' lang='lat' dir='ltr'><strong>consequentibus</strong></span> 
     </span>
    </p>
   </div>
   <div class='ocr_carea' id='block_1_57' title="bbox 161 4283 1678 4358">
    <p class='ocr_par' dir='ltr' id='par_1_57' title="bbox 161 4283 1678 4358">
     <span class='ocr_line' id='line_1_57' title="bbox 161 4283 1678 4358; baseline 0.009 -24"><span class='ocrx_word' id='word_1_500' title='bbox 161 4283 358 4350; x_wconf 86' lang='lat' dir='ltr'><strong>ejusdem</strong></span> <span class='ocrx_word' id='word_1_501' title='bbox 387 4289 642 4358; x_wconf 76' lang='lat' dir='ltr'><strong>Epistolas</strong></span> <span class='ocrx_word' id='word_1_502' title='bbox 657 4290 774 4346; x_wconf 67' lang='lat' dir='ltr'><strong>haec</strong></span> <span class='ocrx_word' id='word_1_503' title='bbox 797 4291 982 4346; x_wconf 89' lang='lat' dir='ltr'><strong>eadem</strong></span> <span class='ocrx_word' id='word_1_504' title='bbox 1013 4292 1274 4357; x_wconf 88' lang='lat' dir='ltr'><strong>ostendit,</strong></span> <span class='ocrx_word' id='word_1_505' title='bbox 1295 4307 1416 4346; x_wconf 92' lang='lat' dir='ltr'><strong>cum</strong></span> <span class='ocrx_word' id='word_1_506' title='bbox 1442 4291 1640 4346; x_wconf 76' lang='lat' dir='ltr'><strong>dicit“</strong></span> <span class='ocrx_word' id='word_1_507' title='bbox 1665 4313 1678 4348; x_wconf 91' lang='lat'>:</span> 
     </span>
    </p>
   </div>
   <div class='ocr_carea' id='block_1_58' title="bbox 159 4372 1677 4455">
    <p class='ocr_par' dir='ltr' id='par_1_58' title="bbox 159 4372 1677 4455">
     <span class='ocr_line' id='line_1_58' title="bbox 159 4372 1677 4455; baseline 0.008 -29"><span class='ocrx_word' id='word_1_508' title='bbox 159 4372 256 4429; x_wconf 83' lang='lat' dir='ltr'><strong>Non</strong></span> <span class='ocrx_word' id='word_1_509' title='bbox 278 4382 407 4448; x_wconf 85' lang='lat' dir='ltr'><strong>quod</strong></span> <span class='ocrx_word' id='word_1_510' title='bbox 424 4382 543 4450; x_wconf 89' lang='lat' dir='ltr'><strong>jam</strong></span> <span class='ocrx_word' id='word_1_511' title='bbox 558 4392 864 4439; x_wconf 82' lang='lat' dir='ltr'><strong>consecutus</strong></span> <span class='ocrx_word' id='word_1_512' title='bbox 888 4384 1008 4448; x_wconf 86' lang='lat' dir='ltr'><strong>sim,</strong></span> <span class='ocrx_word' id='word_1_513' title='bbox 1037 4393 1126 4436; x_wconf 89' lang='lat' dir='ltr'><strong>aut</strong></span> <span class='ocrx_word' id='word_1_514' title='bbox 1135 4383 1252 4453; x_wconf 88' lang='lat' dir='ltr'><strong>jam</strong></span> <span class='ocrx_word' id='word_1_515' title='bbox 1263 4384 1522 4455; x_wconf 83' lang='lat' dir='ltr'><strong>perfectus</strong></span> <span class='ocrx_word' id='word_1_516' title='bbox 1543 4385 1677 4449; x_wconf 81' lang='lat' dir='ltr'><strong>sim;</strong></span> 
     </span>
    </p>
   </div>
   <div class='ocr_carea' id='block_1_59' title="bbox 160 4476 1679 4546">
    <p class='ocr_par' dir='ltr' id='par_1_59' title="bbox 160 4476 1679 4546">
     <span class='ocr_line' id='line_1_59' title="bbox 160 4476 1679 4546; baseline 0.007 -26"><span class='ocrx_word' id='word_1_517' title='bbox 160 4479 304 4534; x_wconf 68' lang='lat' dir='ltr'><strong>sequor</strong></span> <span class='ocrx_word' id='word_1_518' title='bbox 328 4483 495 4528; x_wconf 88' lang='lat' dir='ltr'><strong>autem</strong></span> <span class='ocrx_word' id='word_1_519' title='bbox 543 4485 599 4528; x_wconf 91' lang='lat' dir='ltr'><strong>ut</strong></span> <span class='ocrx_word' id='word_1_520' title='bbox 631 4476 1085 4542; x_wconf 86' lang='lat' dir='ltr'><strong>comprehendam,</strong></span> <span class='ocrx_word' id='word_1_521' title='bbox 1130 4478 1185 4530; x_wconf 89' lang='lat' dir='ltr'><strong>in</strong></span> <span class='ocrx_word' id='word_1_522' title='bbox 1224 4493 1328 4546; x_wconf 88' lang='lat' dir='ltr'><strong>quo</strong></span> <span class='ocrx_word' id='word_1_523' title='bbox 1356 4486 1402 4530; x_wconf 91' lang='lat' dir='ltr'><strong>et</strong></span> <span class='ocrx_word' id='word_1_524' title='bbox 1443 4492 1679 4542; x_wconf 85' lang='lat' dir='ltr'><strong>compre-</strong></span> 
     </span>
    </p>
   </div>
   <div class='ocr_carea' id='block_1_60' title="bbox 159 4558 1677 4638">
    <p class='ocr_par' dir='ltr' id='par_1_60' title="bbox 159 4558 1677 4638">
     <span class='ocr_line' id='line_1_60' title="bbox 159 4558 1677 4638; baseline 0.009 -30"><span class='ocrx_word' id='word_1_525' title='bbox 159 4558 308 4618; x_wconf 86' lang='lat' dir='ltr'><strong>hensus</strong></span> <span class='ocrx_word' id='word_1_526' title='bbox 335 4582 444 4619; x_wconf 88' lang='lat' dir='ltr'><strong>sum</strong></span> <span class='ocrx_word' id='word_1_527' title='bbox 468 4585 499 4620; x_wconf 92' lang='lat' dir='ltr'><strong>a</strong></span> <span class='ocrx_word' id='word_1_528' title='bbox 522 4566 753 4622; x_wconf 89' lang='lat' dir='ltr'><strong>Christo.</strong></span> <span class='ocrx_word' id='word_1_529' title='bbox 791 4569 1028 4634; x_wconf 86' lang='lat' dir='ltr'><strong>Fratres,</strong></span> <span class='ocrx_word' id='word_1_530' title='bbox 1045 4586 1138 4638; x_wconf 82' lang='lat' dir='ltr'><strong>ego</strong></span> <span class='ocrx_word' id='word_1_531' title='bbox 1171 4586 1251 4624; x_wconf 90' lang='lat' dir='ltr'><strong>me</strong></span> <span class='ocrx_word' id='word_1_532' title='bbox 1266 4572 1376 4636; x_wconf 88' lang='lat' dir='ltr'><strong>ipse</strong></span> <span class='ocrx_word' id='word_1_533' title='bbox 1408 4586 1511 4624; x_wconf 89' lang='lat' dir='ltr'><strong>non</strong></span> <span class='ocrx_word' id='word_1_534' title='bbox 1531 4569 1677 4622; x_wconf 85' lang='lat' dir='ltr'><strong>arbi-</strong></span> 
     </span>
    </p>
   </div>
   <div class='ocr_carea' id='block_1_61' title="bbox 159 4656 1675 4729">
    <p class='ocr_par' dir='ltr' id='par_1_61' title="bbox 159 4656 1675 4729">
     <span class='ocr_line' id='line_1_61' title="bbox 159 4656 1675 4729; baseline 0.005 -26"><span class='ocrx_word' id='word_1_535' title='bbox 159 4658 243 4700; x_wconf 81' lang='lat' dir='ltr'><strong>tror</strong></span> <span class='ocrx_word' id='word_1_536' title='bbox 273 4657 663 4723; x_wconf 82' lang='lat' dir='ltr'><strong>apprehendisse</strong></span> <span class='ocrx_word' id='word_1_537' title='bbox 701 4656 832 4729; x_wconf 86' lang='lat' dir='ltr'><strong>(7i).</strong></span> <span class='ocrx_word' id='word_1_538' title='bbox 870 4658 1023 4725; x_wconf 85' lang='lat' dir='ltr'><strong>Quod</strong></span> <span class='ocrx_word' id='word_1_539' title='bbox 1055 4659 1098 4712; x_wconf 90' lang='lat' dir='ltr'><strong>si</strong></span> <span class='ocrx_word' id='word_1_540' title='bbox 1128 4658 1248 4728; x_wconf 89' lang='lat' dir='ltr'><strong>quis</strong></span> <span class='ocrx_word' id='word_1_541' title='bbox 1280 4667 1433 4728; x_wconf 90' lang='lat' dir='ltr'><strong>putat</strong></span> <span class='ocrx_word' id='word_1_542' title='bbox 1456 4673 1549 4725; x_wconf 87' lang='lat' dir='ltr'><strong>per</strong></span> <span class='ocrx_word' id='word_1_543' title='bbox 1574 4659 1675 4710; x_wconf 83' lang='lat' dir='ltr'><strong>hu-</strong></span> 
     </span>
    </p>
   </div>
   <div class='ocr_carea' id='block_1_62' title="bbox 159 4739 1675 4818">
    <p class='ocr_par' dir='ltr' id='par_1_62' title="bbox 159 4739 1675 4818">
     <span class='ocr_line' id='line_1_62' title="bbox 159 4739 1675 4818; baseline 0.009 -30"><span class='ocrx_word' id='word_1_544' title='bbox 159 4739 395 4798; x_wconf 81' lang='lat' dir='ltr'><strong>militatem</strong></span> <span class='ocrx_word' id='word_1_545' title='bbox 424 4748 653 4814; x_wconf 74' lang='lat' dir='ltr'><strong>dictum,</strong></span> <span class='ocrx_word' id='word_1_546' title='bbox 693 4749 872 4804; x_wconf 87' lang='lat' dir='ltr'><strong>videat</strong></span> <span class='ocrx_word' id='word_1_547' title='bbox 923 4750 975 4803; x_wconf 92' lang='lat' dir='ltr'><strong>in</strong></span> <span class='ocrx_word' id='word_1_548' title='bbox 1020 4749 1481 4818; x_wconf 89' lang='lat' dir='ltr'><strong>consequentibus</strong></span> <span class='ocrx_word' id='word_1_549' title='bbox 1512 4763 1675 4817; x_wconf 87' lang='lat' dir='ltr'><strong>quam</strong></span> 
     </span>
    </p>
   </div>
   <div class='ocr_carea' id='block_1_63' title="bbox 159 4836 1674 4908">
    <p class='ocr_par' dir='ltr' id='par_1_63' title="bbox 159 4836 1674 4908">
     <span class='ocr_line' id='line_1_63' title="bbox 159 4836 1674 4908; baseline 0.008 -24"><span class='ocrx_word' id='word_1_550' title='bbox 159 4842 311 4900; x_wconf 81' lang='lat' dir='ltr'><strong>magna</strong></span> <span class='ocrx_word' id='word_1_551' title='bbox 342 4836 405 4890; x_wconf 85' lang='lat' dir='ltr'><strong>de</strong></span> <span class='ocrx_word' id='word_1_552' title='bbox 432 4839 768 4906; x_wconf 88' lang='lat' dir='ltr'><strong>profectibus</strong></span> <span class='ocrx_word' id='word_1_553' title='bbox 794 4841 906 4895; x_wconf 90' lang='lat' dir='ltr'><strong>suis</strong></span> <span class='ocrx_word' id='word_1_554' title='bbox 939 4849 1222 4908; x_wconf 78' lang='lat' dir='ltr'><strong>meruerat,</strong></span> <span class='ocrx_word' id='word_1_555' title='bbox 1274 4857 1396 4896; x_wconf 91' lang='lat' dir='ltr'><strong>eum</strong></span> <span class='ocrx_word' id='word_1_556' title='bbox 1429 4842 1560 4896; x_wconf 90' lang='lat' dir='ltr'><strong>dicit</strong></span> <span class='ocrx_word' id='word_1_557' title='bbox 1589 4841 1674 4896; x_wconf 81' lang='lat' dir='ltr'><strong>“t</strong></span> 
     </span>
    </p>
   </div>
   <div class='ocr_carea' id='block_1_64' title="bbox 159 4918 1671 5002">
    <p class='ocr_par' dir='ltr' id='par_1_64' title="bbox 159 4918 1671 5002">
     <span class='ocr_line' id='line_1_64' title="bbox 159 4918 1671 5002; baseline 0.007 -27"><span class='ocrx_word' id='word_1_558' title='bbox 159 4918 296 4978; x_wconf 80' lang='lat' dir='ltr'><strong>Unum</strong></span> <span class='ocrx_word' id='word_1_559' title='bbox 319 4942 508 4996; x_wconf 88' lang='lat' dir='ltr'><strong>autem,</strong></span> <span class='ocrx_word' id='word_1_560' title='bbox 533 4948 596 4986; x_wconf 87' lang='lat' dir='ltr'><strong>ea</strong></span> <span class='ocrx_word' id='word_1_561' title='bbox 625 4931 836 5002; x_wconf 84' lang='lat' dir='ltr'><strong>quidem</strong></span> <span class='ocrx_word' id='word_1_562' title='bbox 867 4949 982 5000; x_wconf 73' lang='lat' dir='ltr'><strong>qua:</strong></span> <span class='ocrx_word' id='word_1_563' title='bbox 1016 4942 1152 4984; x_wconf 87' lang='lat' dir='ltr'><strong>retro</strong></span> <span class='ocrx_word' id='word_1_564' title='bbox 1182 4942 1302 4984; x_wconf 86' lang='lat' dir='ltr'><strong>sunt</strong></span> <span class='ocrx_word' id='word_1_565' title='bbox 1334 4930 1635 4985; x_wconf 83' lang='lat' dir='ltr'><strong>obliviscens</strong></span> <span class='ocrx_word' id='word_1_566' title='bbox 1655 4969 1671 4998; x_wconf 92' lang='lat'><strong>,</strong></span> 
     </span>
    </p>
   </div>
   <div class='ocr_carea' id='block_1_65' title="bbox 159 5018 1672 5091">
    <p class='ocr_par' dir='ltr' id='par_1_65' title="bbox 159 5018 1672 5091">
     <span class='ocr_line' id='line_1_65' title="bbox 159 5018 1672 5091; baseline 0.005 -23"><span class='ocrx_word' id='word_1_567' title='bbox 159 5024 191 5065; x_wconf 79' lang='lat' dir='ltr'><strong>et</strong></span> <span class='ocrx_word' id='word_1_568' title='bbox 213 5018 269 5069; x_wconf 88' lang='lat' dir='ltr'><strong>ad</strong></span> <span class='ocrx_word' id='word_1_569' title='bbox 285 5035 341 5072; x_wconf 89' lang='lat' dir='ltr'><strong>ea</strong></span> <span class='ocrx_word' id='word_1_570' title='bbox 364 5038 476 5091; x_wconf 80' lang='lat' dir='ltr'><strong>qua:</strong></span> <span class='ocrx_word' id='word_1_571' title='bbox 497 5025 553 5077; x_wconf 91' lang='lat' dir='ltr'><strong>in</strong></span> <span class='ocrx_word' id='word_1_572' title='bbox 599 5033 723 5077; x_wconf 88' lang='lat' dir='ltr'><strong>ante</strong></span> <span class='ocrx_word' id='word_1_573' title='bbox 757 5034 879 5076; x_wconf 88' lang='lat' dir='ltr'><strong>sunt</strong></span> <span class='ocrx_word' id='word_1_574' title='bbox 919 5040 1000 5077; x_wconf 90' lang='lat' dir='ltr'><strong>me</strong></span> <span class='ocrx_word' id='word_1_575' title='bbox 1033 5024 1333 5088; x_wconf 71' lang='lat' dir='ltr'><strong>extendens,</strong></span> <span class='ocrx_word' id='word_1_576' title='bbox 1385 5023 1672 5078; x_wconf 88' lang='lat' dir='ltr'><strong>secundum</strong></span> 
     </span>
    </p>
   </div>
   <div class='ocr_carea' id='block_1_66' title="bbox 207 5175 1238 5247">
    <p class='ocr_par' dir='ltr' id='par_1_66' title="bbox 207 5175 1238 5247">
     <span class='ocr_line' id='line_1_66' title="bbox 207 5175 1238 5247; baseline 0.01 -20"><span class='ocrx_word' id='word_1_577' title='bbox 207 5175 244 5205; x_wconf 81' lang='lat'><strong><em>“</em></strong></span> <span class='ocrx_word' id='word_1_578' title='bbox 276 5177 402 5232; x_wconf 82' lang='lat' dir='ltr'><strong>Psal.</strong></span> <span class='ocrx_word' id='word_1_579' title='bbox 427 5194 582 5240; x_wconf 76' lang='grc' dir='ltr'>ιιιιι.</span> <span class='ocrx_word' id='word_1_580' title='bbox 611 5181 700 5235; x_wconf 78' lang='grc'><strong>10.</strong></span> <span class='ocrx_word' id='word_1_581' title='bbox 775 5180 866 5234; x_wconf 78' lang='grc'><strong>³⁸1</strong></span> <span class='ocrx_word' id='word_1_582' title='bbox 908 5181 1141 5247; x_wconf 65' lang='lat' dir='ltr'><strong>Comm,</strong></span> <span class='ocrx_word' id='word_1_583' title='bbox 1185 5181 1238 5237; x_wconf 91' lang='lat'><strong>8.</strong></span> 
     </span>
    </p>
   </div>
   <div class='ocr_carea' id='block_1_67' title="bbox 1340 5181 1716 5247">
    <p class='ocr_par' dir='ltr' id='par_1_67' title="bbox 1340 5181 1716 5247">
     <span class='ocr_line' id='line_1_67' title="bbox 1340 5181 1716 5247; baseline 0 -12"><span class='ocrx_word' id='word_1_584' title='bbox 1340 5182 1386 5215; x_wconf 83' lang='lat'><strong>&quot;’</strong></span> <span class='ocrx_word' id='word_1_585' title='bbox 1414 5181 1571 5236; x_wconf 80' lang='lat' dir='ltr'><strong>Joan.</strong></span> <span class='ocrx_word' id='word_1_586' title='bbox 1593 5195 1635 5247; x_wconf 92' lang='grc' dir='ltr'><strong>ι,</strong></span> <span class='ocrx_word' id='word_1_587' title='bbox 1663 5181 1716 5236; x_wconf 91' lang='lat'><strong>9.</strong></span> 
     </span>
    </p>
   </div>
   <div class='ocr_carea' id='block_1_68' title="bbox 1785 4196 3348 4266">
    <p class='ocr_par' dir='ltr' id='par_1_68' title="bbox 1785 4196 3348 4266">
     <span class='ocr_line' id='line_1_68' title="bbox 1785 4196 3348 4266; baseline 0.004 -16"><span class='ocrx_word' id='word_1_588' title='bbox 1785 4196 2075 4265; x_wconf 81' lang='lat' dir='ltr'><strong>Apostolus</strong></span> <span class='ocrx_word' id='word_1_589' title='bbox 2126 4197 2491 4266; x_wconf 89' lang='lat' dir='ltr'><strong>suscepisset,</strong></span> <span class='ocrx_word' id='word_1_590' title='bbox 2548 4208 2772 4266; x_wconf 87' lang='lat' dir='ltr'><strong>peccato</strong></span> <span class='ocrx_word' id='word_1_591' title='bbox 2824 4197 3032 4253; x_wconf 90' lang='lat' dir='ltr'><strong>scilicet</strong></span> <span class='ocrx_word' id='word_1_592' title='bbox 3087 4210 3144 4254; x_wconf 90' lang='lat' dir='ltr'><strong>et</strong></span> <span class='ocrx_word' id='word_1_593' title='bbox 3200 4200 3348 4256; x_wconf 85' lang='lat' dir='ltr'><strong>vitiis</strong></span> 
     </span>
    </p>
   </div>
   <div class='ocr_carea' id='block_1_69' title="bbox 1785 4287 3348 4362">
    <p class='ocr_par' dir='ltr' id='par_1_69' title="bbox 1785 4287 3348 4362">
     <span class='ocr_line' id='line_1_69' title="bbox 1785 4287 3348 4362; baseline 0.004 -22"><span class='ocrx_word' id='word_1_594' title='bbox 1785 4298 2021 4354; x_wconf 86' lang='lat' dir='ltr'><strong>mortua,</strong></span> <span class='ocrx_word' id='word_1_595' title='bbox 2077 4297 2135 4341; x_wconf 93' lang='lat' dir='ltr'><strong>ut</strong></span> <span class='ocrx_word' id='word_1_596' title='bbox 2183 4287 2254 4342; x_wconf 90' lang='lat' dir='ltr'><strong>ita</strong></span> <span class='ocrx_word' id='word_1_597' title='bbox 2305 4288 2521 4342; x_wconf 90' lang='lat' dir='ltr'><strong>demum</strong></span> <span class='ocrx_word' id='word_1_598' title='bbox 2574 4289 2782 4344; x_wconf 84' lang='lat' dir='ltr'><strong>viveret</strong></span> <span class='ocrx_word' id='word_1_599' title='bbox 2827 4288 2934 4344; x_wconf 90' lang='lat' dir='ltr'><strong>Deo</strong></span> <span class='ocrx_word' id='word_1_600' title='bbox 2960 4290 3027 4346; x_wconf 80' lang='grc'><strong>³⁸.</strong></span> <span class='ocrx_word' id='word_1_601' title='bbox 3052 4289 3184 4346; x_wconf 88' lang='lat' dir='ltr'><strong>Cum</strong></span> <span class='ocrx_word' id='word_1_602' title='bbox 3215 4307 3348 4362; x_wconf 82' lang='lat' dir='ltr'><strong>ergo</strong></span> 
     </span>
    </p>
   </div>
   <div class='ocr_carea' id='block_1_70' title="bbox 1786 4379 3345 4452">
    <p class='ocr_par' dir='ltr' id='par_1_70' title="bbox 1786 4379 3345 4452">
     <span class='ocr_line' id='line_1_70' title="bbox 1786 4379 3345 4452; baseline 0.003 -19"><span class='ocrx_word' id='word_1_603' title='bbox 1786 4388 1991 4434; x_wconf 88' lang='lat' dir='ltr'><strong>tantum</strong></span> <span class='ocrx_word' id='word_1_604' title='bbox 2028 4379 2187 4448; x_wconf 89' lang='lat' dir='ltr'><strong>spatii</strong></span> <span class='ocrx_word' id='word_1_605' title='bbox 2213 4379 2398 4445; x_wconf 85' lang='lat' dir='ltr'><strong>fuerit,</strong></span> <span class='ocrx_word' id='word_1_606' title='bbox 2426 4395 2534 4449; x_wconf 91' lang='lat' dir='ltr'><strong>quo</strong></span> <span class='ocrx_word' id='word_1_607' title='bbox 2557 4391 2815 4452; x_wconf 82' lang='lat' dir='ltr'><strong>peccator</strong></span> <span class='ocrx_word' id='word_1_608' title='bbox 2837 4382 3076 4436; x_wconf 83' lang='lat' dir='ltr'><strong>incestus</strong></span> <span class='ocrx_word' id='word_1_609' title='bbox 3113 4382 3345 4438; x_wconf 89' lang='lat' dir='ltr'><strong>salutem</strong></span> 
     </span>
    </p>
   </div>
   <div class='ocr_carea' id='block_1_71' title="bbox 1782 4470 3346 4543">
    <p class='ocr_par' dir='ltr' id='par_1_71' title="bbox 1782 4470 3346 4543">
     <span class='ocr_line' id='line_1_71' title="bbox 1782 4470 3346 4543; baseline 0.003 -17"><span class='ocrx_word' id='word_1_610' title='bbox 1782 4472 2008 4541; x_wconf 84' lang='lat' dir='ltr'><strong>spiritus</strong></span> <span class='ocrx_word' id='word_1_611' title='bbox 2037 4470 2290 4525; x_wconf 86' lang='lat' dir='ltr'><strong>laudabili</strong></span> <span class='ocrx_word' id='word_1_612' title='bbox 2314 4473 2496 4526; x_wconf 89' lang='lat' dir='ltr'><strong>carnis</strong></span> <span class='ocrx_word' id='word_1_613' title='bbox 2521 4472 2741 4527; x_wconf 90' lang='lat' dir='ltr'><strong>interitu</strong></span> <span class='ocrx_word' id='word_1_614' title='bbox 2763 4474 3049 4542; x_wconf 88' lang='lat' dir='ltr'><strong>receperit,</strong></span> <span class='ocrx_word' id='word_1_615' title='bbox 3075 4473 3346 4543; x_wconf 87' lang='lat' dir='ltr'><strong>quomodo</strong></span> 
     </span>
    </p>
   </div>
   <div class='ocr_carea' id='block_1_72' title="bbox 1777 4561 3344 4633">
    <p class='ocr_par' dir='ltr' id='par_1_72' title="bbox 1777 4561 3344 4633">
     <span class='ocr_line' id='line_1_72' title="bbox 1777 4561 3344 4633; baseline 0 -16"><span class='ocrx_word' id='word_1_616' title='bbox 1777 4579 1883 4617; x_wconf 90' lang='lat' dir='ltr'><strong>non</strong></span> <span class='ocrx_word' id='word_1_617' title='bbox 1913 4561 2204 4629; x_wconf 87' lang='lat' dir='ltr'><strong>putandum</strong></span> <span class='ocrx_word' id='word_1_618' title='bbox 2236 4571 2318 4616; x_wconf 91' lang='lat' dir='ltr'><strong>est</strong></span> <span class='ocrx_word' id='word_1_619' title='bbox 2346 4561 2514 4617; x_wconf 89' lang='lat' dir='ltr'><strong>multo</strong></span> <span class='ocrx_word' id='word_1_620' title='bbox 2533 4562 2807 4618; x_wconf 87' lang='lat' dir='ltr'><strong>velociore</strong></span> <span class='ocrx_word' id='word_1_621' title='bbox 2832 4577 2994 4617; x_wconf 84' lang='lat' dir='ltr'><strong>cursu</strong></span> <span class='ocrx_word' id='word_1_622' title='bbox 3025 4562 3344 4633; x_wconf 83' lang='lat' dir='ltr'><strong>Apostolum</strong></span> 
     </span>
    </p>
   </div>
   <div class='ocr_carea' id='block_1_73' title="bbox 1776 4651 3342 4720">
    <p class='ocr_par' dir='ltr' id='par_1_73' title="bbox 1776 4651 3342 4720">
     <span class='ocr_line' id='line_1_73' title="bbox 1776 4651 3342 4720; baseline 0.001 -16"><span class='ocrx_word' id='word_1_623' title='bbox 1776 4668 1896 4720; x_wconf 62' lang='lat' dir='ltr'><strong>quae</strong></span> <span class='ocrx_word' id='word_1_624' title='bbox 1923 4653 2163 4720; x_wconf 81' lang='lat' dir='ltr'><strong>perfeCta</strong></span> <span class='ocrx_word' id='word_1_625' title='bbox 2203 4660 2330 4704; x_wconf 90' lang='lat' dir='ltr'><strong>sunt</strong></span> <span class='ocrx_word' id='word_1_626' title='bbox 2366 4652 2715 4706; x_wconf 86' lang='lat' dir='ltr'><strong>assecutum?</strong></span> <span class='ocrx_word' id='word_1_627' title='bbox 2745 4652 2848 4706; x_wconf 90' lang='lat' dir='ltr'><strong>Sed</strong></span> <span class='ocrx_word' id='word_1_628' title='bbox 2892 4651 2944 4704; x_wconf 91' lang='lat' dir='ltr'><strong>in</strong></span> <span class='ocrx_word' id='word_1_629' title='bbox 2973 4651 3083 4705; x_wconf 87' lang='lat' dir='ltr'><strong>illis</strong></span> <span class='ocrx_word' id='word_1_630' title='bbox 3119 4652 3342 4719; x_wconf 90' lang='lat' dir='ltr'><strong>quidem</strong></span> 
     </span>
    </p>
   </div>
   <div class='ocr_carea' id='block_1_74' title="bbox 1777 4741 3336 4814">
    <p class='ocr_par' dir='ltr' id='par_1_74' title="bbox 1777 4741 3336 4814">
     <span class='ocr_line' id='line_1_74' title="bbox 1777 4741 3336 4814; baseline -0.001 -15"><span class='ocrx_word' id='word_1_631' title='bbox 1777 4745 1877 4799; x_wconf 88' lang='lat' dir='ltr'><strong>iste</strong></span> <span class='ocrx_word' id='word_1_632' title='bbox 1899 4745 2017 4814; x_wconf 83' lang='lat' dir='ltr'><strong>ejus</strong></span> <span class='ocrx_word' id='word_1_633' title='bbox 2047 4744 2210 4798; x_wconf 91' lang='lat' dir='ltr'><strong>fuerit</strong></span> <span class='ocrx_word' id='word_1_634' title='bbox 2231 4744 2507 4810; x_wconf 86' lang='lat' dir='ltr'><strong>profectus</strong></span> <span class='ocrx_word' id='word_1_635' title='bbox 2531 4761 2545 4797; x_wconf 89' lang='lat'>:</span> <span class='ocrx_word' id='word_1_636' title='bbox 2569 4755 2776 4814; x_wconf 86' lang='lat' dir='ltr'><strong>quanto</strong></span> <span class='ocrx_word' id='word_1_637' title='bbox 2805 4741 2915 4814; x_wconf 79' lang='grc'>(74)</span> <span class='ocrx_word' id='word_1_638' title='bbox 2966 4754 3142 4797; x_wconf 89' lang='lat' dir='ltr'><strong>autem</strong></span> <span class='ocrx_word' id='word_1_639' title='bbox 3179 4743 3336 4798; x_wconf 88' lang='lat' dir='ltr'><strong>subli-</strong></span> 
     </span>
    </p>
   </div>
   <div class='ocr_carea' id='block_1_75' title="bbox 1777 4834 3342 4902">
    <p class='ocr_par' dir='ltr' id='par_1_75' title="bbox 1777 4834 3342 4902">
     <span class='ocr_line' id='line_1_75' title="bbox 1777 4834 3342 4902; baseline 0.001 -14"><span class='ocrx_word' id='word_1_640' title='bbox 1777 4838 1915 4890; x_wconf 87' lang='lat' dir='ltr'><strong>mior</strong></span> <span class='ocrx_word' id='word_1_641' title='bbox 1937 4847 1990 4891; x_wconf 92' lang='lat' dir='ltr'><strong>et</strong></span> <span class='ocrx_word' id='word_1_642' title='bbox 2008 4835 2329 4890; x_wconf 90' lang='lat' dir='ltr'><strong>eminentior</strong></span> <span class='ocrx_word' id='word_1_643' title='bbox 2342 4837 2412 4891; x_wconf 91' lang='lat' dir='ltr'><strong>sit</strong></span> <span class='ocrx_word' id='word_1_644' title='bbox 2432 4836 2496 4890; x_wconf 86' lang='lat' dir='ltr'><strong>ad</strong></span> <span class='ocrx_word' id='word_1_645' title='bbox 2519 4835 2786 4890; x_wconf 77' lang='lat' dir='ltr'><strong>Romanos</strong></span> <span class='ocrx_word' id='word_1_646' title='bbox 2812 4835 3067 4896; x_wconf 87' lang='lat' dir='ltr'><strong>scribens,</strong></span> <span class='ocrx_word' id='word_1_647' title='bbox 3084 4848 3148 4887; x_wconf 83' lang='lat' dir='ltr'><strong>ex</strong></span> <span class='ocrx_word' id='word_1_648' title='bbox 3175 4834 3342 4902; x_wconf 80' lang='lat' dir='ltr'><strong>ipsius</strong></span> 
     </span>
    </p>
   </div>
   <div class='ocr_carea' id='block_1_76' title="bbox 1778 4925 3341 4999">
    <p class='ocr_par' dir='ltr' id='par_1_76' title="bbox 1778 4925 3341 4999">
     <span class='ocr_line' id='line_1_76' title="bbox 1778 4925 3341 4999; baseline -0.003 -14"><span class='ocrx_word' id='word_1_649' title='bbox 1778 4929 2034 4999; x_wconf 65' lang='lat' dir='ltr'><strong>Epistolas</strong></span> <span class='ocrx_word' id='word_1_650' title='bbox 2050 4929 2396 4983; x_wconf 88' lang='lat' dir='ltr'><strong>sermonibus</strong></span> <span class='ocrx_word' id='word_1_651' title='bbox 2427 4928 2762 4998; x_wconf 85' lang='lat' dir='ltr'><strong>colligamus,</strong></span> <span class='ocrx_word' id='word_1_652' title='bbox 2796 4929 2846 4980; x_wconf 92' lang='lat' dir='ltr'><strong>in</strong></span> <span class='ocrx_word' id='word_1_653' title='bbox 2865 4941 2970 4994; x_wconf 88' lang='lat' dir='ltr'><strong>qua</strong></span> <span class='ocrx_word' id='word_1_654' title='bbox 2999 4925 3131 4979; x_wconf 90' lang='lat' dir='ltr'><strong>dicit</strong></span> <span class='ocrx_word' id='word_1_655' title='bbox 3160 4941 3175 4976; x_wconf 90' lang='lat'><strong>:</strong></span> <span class='ocrx_word' id='word_1_656' title='bbox 3210 4926 3341 4990; x_wconf 83' lang='lat' dir='ltr'><strong>Quis</strong></span> 
     </span>
    </p>
   </div>
   <div class='ocr_carea' id='block_1_77' title="bbox 1778 5016 3339 5087">
    <p class='ocr_par' dir='ltr' id='par_1_77' title="bbox 1778 5016 3339 5087">
     <span class='ocr_line' id='line_1_77' title="bbox 1778 5016 3339 5087; baseline -0.001 -13"><span class='ocrx_word' id='word_1_657' title='bbox 1778 5037 1870 5074; x_wconf 87' lang='lat' dir='ltr'><strong>nos</strong></span> <span class='ocrx_word' id='word_1_658' title='bbox 1915 5021 2178 5087; x_wconf 83' lang='lat' dir='ltr'><strong>separabit</strong></span> <span class='ocrx_word' id='word_1_659' title='bbox 2219 5038 2251 5076; x_wconf 88' lang='lat' dir='ltr'><strong>a</strong></span> <span class='ocrx_word' id='word_1_660' title='bbox 2302 5022 2558 5074; x_wconf 87' lang='lat' dir='ltr'><strong>charitate</strong></span> <span class='ocrx_word' id='word_1_661' title='bbox 2613 5019 2851 5074; x_wconf 82' lang='lat' dir='ltr'><strong>Christi?</strong></span> <span class='ocrx_word' id='word_1_662' title='bbox 2884 5016 3212 5082; x_wconf 82' lang='lat' dir='ltr'><strong>Tribulatio,</strong></span> <span class='ocrx_word' id='word_1_663' title='bbox 3269 5035 3339 5072; x_wconf 89' lang='lat' dir='ltr'><strong>an</strong></span> 
     </span>
    </p>
   </div>
   <div class='ocr_carea' id='block_1_78' title="bbox 1793 5177 3338 5247">
    <p class='ocr_par' dir='ltr' id='par_1_78' title="bbox 1793 5177 3338 5247">
     <span class='ocr_line' id='line_1_78' title="bbox 1793 5177 3338 5247; baseline 0.001 -15"><span class='ocrx_word' id='word_1_664' title='bbox 1793 5179 1839 5213; x_wconf 76' lang='grc'><strong>³⁸</strong></span> <span class='ocrx_word' id='word_1_665' title='bbox 1878 5178 2038 5233; x_wconf 85' lang='lat' dir='ltr'><strong>Prov.</strong></span> <span class='ocrx_word' id='word_1_666' title='bbox 2083 5196 2122 5243; x_wconf 90' lang='grc' dir='ltr'><strong>ι,</strong></span> <span class='ocrx_word' id='word_1_667' title='bbox 2151 5179 2206 5234; x_wconf 84' lang='grc'><strong>6.</strong></span> <span class='ocrx_word' id='word_1_668' title='bbox 2283 5181 2327 5212; x_wconf 84' lang='grc'><strong>¹⁹</strong></span> <span class='ocrx_word' id='word_1_669' title='bbox 2365 5179 2524 5234; x_wconf 84' lang='lat' dir='ltr'><strong>lCor.</strong></span> <span class='ocrx_word' id='word_1_670' title='bbox 2555 5195 2631 5241; x_wconf 78' lang='lat' dir='ltr'><strong>Ix,</strong></span> <span class='ocrx_word' id='word_1_671' title='bbox 2660 5178 2748 5232; x_wconf 74' lang='lat'><strong>27.</strong></span> <span class='ocrx_word' id='word_1_672' title='bbox 2827 5178 2870 5208; x_wconf 85' lang='grc'>³⁰</span> <span class='ocrx_word' id='word_1_673' title='bbox 2897 5177 3093 5247; x_wconf 84' lang='lat' dir='ltr'><strong>Philip.</strong></span> <span class='ocrx_word' id='word_1_674' title='bbox 3127 5193 3212 5241; x_wconf 88' lang='grc' dir='ltr'>ιιι,</span> <span class='ocrx_word' id='word_1_675' title='bbox 3251 5178 3338 5246; x_wconf 77' lang='grc'>10,</span> 
     </span>
    </p>
   </div>
   <div class='ocr_carea' id='block_1_79' title="bbox 161 5241 1684 5318">
    <p class='ocr_par' dir='ltr' id='par_1_79' title="bbox 161 5241 1684 5318">
     <span class='ocr_line' id='line_1_79' title="bbox 161 5241 1684 5318; baseline 0.005 -19"><span class='ocrx_word' id='word_1_676' title='bbox 161 5241 226 5298; x_wconf 80' lang='lat' dir='ltr'><strong>tt.</strong></span> <span class='ocrx_word' id='word_1_677' title='bbox 269 5247 308 5278; x_wconf 71' lang='grc' dir='ltr'><strong>ιι</strong></span> <span class='ocrx_word' id='word_1_678' title='bbox 333 5249 456 5305; x_wconf 88' lang='lat' dir='ltr'><strong>ibid.</strong></span> <span class='ocrx_word' id='word_1_679' title='bbox 484 5252 573 5318; x_wconf 56' lang='grc' dir='ltr'>ιε,</span> <span class='ocrx_word' id='word_1_680' title='bbox 607 5252 692 5304; x_wconf 70' lang='grc' dir='ltr'><strong>ιδ.</strong></span> <span class='ocrx_word' id='word_1_681' title='bbox 770 5241 1202 5317; x_wconf 72' lang='lat' dir='ltr'><strong>&quot;ibid.t3,t5.</strong></span> <span class='ocrx_word' id='word_1_682' title='bbox 1257 5241 1684 5317; x_wconf 58' lang='lat' dir='ltr'><strong>&quot;Momms</strong></span> 
     </span>
    </p>
   </div>
   <div class='ocr_carea' id='block_1_80' title="bbox 1791 5241 3336 5318">
    <p class='ocr_par' dir='ltr' id='par_1_80' title="bbox 1792 5241 3336 5314">
     <span class='ocr_line' id='line_1_80' title="bbox 1792 5241 3336 5314; baseline 0 -10"><span class='ocrx_word' id='word_1_683' title='bbox 1792 5290 1806 5304; x_wconf 95' lang='lat'><strong>.</strong></span> <span class='ocrx_word' id='word_1_684' title='bbox 1890 5248 1972 5302; x_wconf 73' lang='lat' dir='ltr'><strong>“l</strong></span> <span class='ocrx_word' id='word_1_685' title='bbox 2005 5241 2128 5306; x_wconf 72' lang='lat' dir='ltr'><strong>Cor.</strong></span> <span class='ocrx_word' id='word_1_686' title='bbox 2175 5266 2226 5314; x_wconf 86' lang='grc' dir='ltr'>ν,</span> <span class='ocrx_word' id='word_1_687' title='bbox 2249 5249 2302 5304; x_wconf 87' lang='grc'><strong>5.</strong></span> <span class='ocrx_word' id='word_1_688' title='bbox 2375 5249 2418 5279; x_wconf 82' lang='grc'><strong>³⁸</strong></span> <span class='ocrx_word' id='word_1_689' title='bbox 2441 5247 2485 5302; x_wconf 92' lang='lat' dir='ltr'><strong>ll</strong></span> <span class='ocrx_word' id='word_1_690' title='bbox 2517 5249 2640 5303; x_wconf 87' lang='lat' dir='ltr'><strong>Cur.</strong></span> <span class='ocrx_word' id='word_1_691' title='bbox 2669 5265 2729 5314; x_wconf 91' lang='grc' dir='ltr'><strong>ιι,</strong></span> <span class='ocrx_word' id='word_1_692' title='bbox 2751 5248 2805 5302; x_wconf 85' lang='grc'><strong>8.</strong></span> <span class='ocrx_word' id='word_1_693' title='bbox 2878 5248 2923 5278; x_wconf 81' lang='grc'><strong>³⁸</strong></span> <span class='ocrx_word' id='word_1_694' title='bbox 2954 5241 3112 5303; x_wconf 69' lang='lat' dir='ltr'><strong>llum.</strong></span> <span class='ocrx_word' id='word_1_695' title='bbox 3138 5263 3214 5314; x_wconf 73' lang='lat' dir='ltr'><strong>Vl,</strong></span> <span class='ocrx_word' id='word_1_696' title='bbox 3247 5241 3336 5305; x_wconf 74' lang='lat' dir='ltr'><strong>ii.</strong></span> 
     </span>
    </p>
   </div>
   <div class='ocr_carea' id='block_1_81' title="bbox 212 5389 1069 5461">
    <p class='ocr_par' dir='ltr' id='par_1_81' title="bbox 212 5389 1069 5461">
     <span class='ocr_line' id='line_1_81' title="bbox 212 5389 1069 5461; baseline -0.004 -8"><span class='ocrx_word' id='word_1_697' title='bbox 212 5389 306 5461; x_wconf 60' lang='lat'><strong>(£59)</strong></span> <span class='ocrx_word' id='word_1_698' title='bbox 345 5393 606 5461; x_wconf 65' lang='lat' dir='ltr'><strong>Epistolis.</strong></span> <span class='ocrx_word' id='word_1_699' title='bbox 619 5396 773 5449; x_wconf 89' lang='lat' dir='ltr'><strong>Deest</strong></span> <span class='ocrx_word' id='word_1_700' title='bbox 807 5396 860 5450; x_wconf 92' lang='lat' dir='ltr'><strong>in</strong></span> <span class='ocrx_word' id='word_1_701' title='bbox 890 5396 1069 5451; x_wconf 89' lang='lat' dir='ltr'><strong>editis.</strong></span> 
     </span>
    </p>
   </div>
   <div class='ocr_carea' id='block_1_82' title="bbox 212 5458 1668 5534">
    <p class='ocr_par' dir='ltr' id='par_1_82' title="bbox 212 5458 1668 5534">
     <span class='ocr_line' id='line_1_82' title="bbox 212 5458 1668 5534; baseline 0.005 -22"><span class='ocrx_word' id='word_1_702' title='bbox 212 5458 302 5533; x_wconf 84' lang='lat'><strong>(70)</strong></span> <span class='ocrx_word' id='word_1_703' title='bbox 337 5458 424 5534; x_wconf 76' lang='lat' dir='ltr'><strong>Sic</strong></span> <span class='ocrx_word' id='word_1_704' title='bbox 453 5481 584 5520; x_wconf 89' lang='lat' dir='ltr'><strong>mss.</strong></span> <span class='ocrx_word' id='word_1_705' title='bbox 616 5466 877 5534; x_wconf 89' lang='lat' dir='ltr'><strong>plerique.</strong></span> <span class='ocrx_word' id='word_1_706' title='bbox 916 5467 1056 5521; x_wconf 91' lang='lat' dir='ltr'><strong>Editi</strong></span> <span class='ocrx_word' id='word_1_707' title='bbox 1082 5481 1212 5522; x_wconf 85' lang='lat' dir='ltr'><strong>vero</strong></span> <span class='ocrx_word' id='word_1_708' title='bbox 1251 5475 1306 5522; x_wconf 89' lang='lat' dir='ltr'><strong>et</strong></span> <span class='ocrx_word' id='word_1_709' title='bbox 1333 5479 1438 5525; x_wconf 90' lang='lat' dir='ltr'><strong>ms.</strong></span> <span class='ocrx_word' id='word_1_710' title='bbox 1464 5465 1668 5534; x_wconf 79' lang='lat' dir='ltr'><strong>Regius</strong></span> 
     </span>
    </p>
   </div>
   <div class='ocr_carea' id='block_1_83' title="bbox 159 5531 1424 5602">
    <p class='ocr_par' dir='ltr' id='par_1_83' title="bbox 159 5531 1424 5602">
     <span class='ocr_line' id='line_1_83' title="bbox 159 5531 1424 5602; baseline 0.005 -18"><span class='ocrx_word' id='word_1_711' title='bbox 159 5531 440 5602; x_wconf 52' lang='lat'><strong>0119,1659,</strong></span> <span class='ocrx_word' id='word_1_712' title='bbox 457 5538 521 5590; x_wconf 88' lang='lat' dir='ltr'><strong>de</strong></span> <span class='ocrx_word' id='word_1_713' title='bbox 547 5531 737 5593; x_wconf 73' lang='lat' dir='ltr'><strong>mento</strong></span> <span class='ocrx_word' id='word_1_714' title='bbox 761 5531 814 5590; x_wconf 83' lang='lat' dir='ltr'><strong>ut</strong></span> <span class='ocrx_word' id='word_1_715' title='bbox 846 5537 1223 5601; x_wconf 86' lang='lat' dir='ltr'><strong>mutabundus,</strong></span> <span class='ocrx_word' id='word_1_716' title='bbox 1265 5538 1424 5591; x_wconf 86' lang='lat' dir='ltr'><strong>male.</strong></span> 
     </span>
    </p>
   </div>
   <div class='ocr_carea' id='block_1_84' title="bbox 213 5597 1662 5674">
    <p class='ocr_par' dir='ltr' id='par_1_84' title="bbox 213 5597 1662 5674">
     <span class='ocr_line' id='line_1_84' title="bbox 213 5597 1662 5674; baseline 0.001 -17"><span class='ocrx_word' id='word_1_717' title='bbox 213 5597 304 5674; x_wconf 70' lang='grc'><strong>(71)</strong></span> <span class='ocrx_word' id='word_1_718' title='bbox 340 5604 410 5657; x_wconf 89' lang='lat' dir='ltr'><strong>Ita</strong></span> <span class='ocrx_word' id='word_1_719' title='bbox 426 5597 676 5673; x_wconf 81' lang='lat' dir='ltr'><strong>potiores</strong></span> <span class='ocrx_word' id='word_1_720' title='bbox 709 5621 840 5660; x_wconf 87' lang='lat' dir='ltr'><strong>mss.</strong></span> <span class='ocrx_word' id='word_1_721' title='bbox 867 5616 920 5660; x_wconf 91' lang='lat' dir='ltr'><strong>et</strong></span> <span class='ocrx_word' id='word_1_722' title='bbox 944 5606 1094 5661; x_wconf 90' lang='lat' dir='ltr'><strong>editi.</strong></span> <span class='ocrx_word' id='word_1_723' title='bbox 1128 5597 1255 5661; x_wconf 80' lang='lat' dir='ltr'><strong>Mss.</strong></span> <span class='ocrx_word' id='word_1_724' title='bbox 1300 5622 1426 5660; x_wconf 89' lang='lat' dir='ltr'><strong>vero</strong></span> <span class='ocrx_word' id='word_1_725' title='bbox 1453 5607 1662 5674; x_wconf 86' lang='lat' dir='ltr'><strong>aliquot</strong></span> 
     </span>
    </p>
   </div>
   <div class='ocr_carea' id='block_1_85' title="bbox 1779 5390 3335 5462">
    <p class='ocr_par' dir='ltr' id='par_1_85' title="bbox 1779 5390 3335 5462">
     <span class='ocr_line' id='line_1_85' title="bbox 1779 5390 3335 5462; baseline -0.003 -14"><span class='ocrx_word' id='word_1_726' title='bbox 1779 5395 2024 5458; x_wconf 75' lang='lat' dir='ltr'><strong>festatur.</strong></span> <span class='ocrx_word' id='word_1_727' title='bbox 2057 5394 2166 5458; x_wconf 85' lang='lat' dir='ltr'><strong>Qui</strong></span> <span class='ocrx_word' id='word_1_728' title='bbox 2195 5409 2315 5462; x_wconf 88' lang='lat' dir='ltr'><strong>ergo</strong></span> <span class='ocrx_word' id='word_1_729' title='bbox 2337 5403 2557 5447; x_wconf 88' lang='lat' dir='ltr'><strong>mortem</strong></span> <span class='ocrx_word' id='word_1_730' title='bbox 2594 5390 2726 5445; x_wconf 85' lang='lat' dir='ltr'><strong>Jesu</strong></span> <span class='ocrx_word' id='word_1_731' title='bbox 2769 5391 2824 5444; x_wconf 87' lang='lat' dir='ltr'><strong>in</strong></span> <span class='ocrx_word' id='word_1_732' title='bbox 2864 5407 3084 5460; x_wconf 89' lang='lat' dir='ltr'><strong>corpore</strong></span> <span class='ocrx_word' id='word_1_733' title='bbox 3108 5408 3205 5446; x_wconf 89' lang='lat' dir='ltr'><strong>suo</strong></span> <span class='ocrx_word' id='word_1_734' title='bbox 3233 5394 3335 5446; x_wconf 84' lang='lat' dir='ltr'><strong>cir-</strong></span> 
     </span>
    </p>
   </div>
   <div class='ocr_carea' id='block_1_86' title="bbox 1774 5463 3336 5532">
    <p class='ocr_par' dir='ltr' id='par_1_86' title="bbox 1774 5463 3336 5532">
     <span class='ocr_line' id='line_1_86' title="bbox 1774 5463 3336 5532; baseline -0.001 -13"><span class='ocrx_word' id='word_1_735' title='bbox 1774 5464 2182 5532; x_wconf 79' lang='lat' dir='ltr'><strong>cumferebatur,</strong></span> <span class='ocrx_word' id='word_1_736' title='bbox 2209 5479 2474 5532; x_wconf 85' lang='lat' dir='ltr'><strong>nunquam</strong></span> <span class='ocrx_word' id='word_1_737' title='bbox 2513 5464 2570 5516; x_wconf 90' lang='lat' dir='ltr'><strong>in</strong></span> <span class='ocrx_word' id='word_1_738' title='bbox 2610 5477 2692 5523; x_wconf 82' lang='lat' dir='ltr'><strong>eo.</strong></span> <span class='ocrx_word' id='word_1_739' title='bbox 2722 5473 2828 5516; x_wconf 86' lang='lat' dir='ltr'><strong>etc.</strong></span> <span class='ocrx_word' id='word_1_740' title='bbox 2874 5463 2976 5518; x_wconf 81' lang='lat' dir='ltr'><strong>Ms.</strong></span> <span class='ocrx_word' id='word_1_741' title='bbox 3011 5477 3148 5517; x_wconf 86' lang='lat' dir='ltr'><strong>unus</strong></span> <span class='ocrx_word' id='word_1_742' title='bbox 3178 5463 3336 5517; x_wconf 81' lang='lat' dir='ltr'><strong>habet</strong></span> 
     </span>
    </p>
   </div>
   <div class='ocr_carea' id='block_1_87' title="bbox 1771 5533 2958 5603">
    <p class='ocr_par' dir='ltr' id='par_1_87' title="bbox 1771 5533 2958 5603">
     <span class='ocr_line' id='line_1_87' title="bbox 1771 5533 2958 5603; baseline -0.004 -15"><span class='ocrx_word' id='word_1_743' title='bbox 1771 5535 2058 5603; x_wconf 85' lang='lat' dir='ltr'><strong>utrobique</strong></span> <span class='ocrx_word' id='word_1_744' title='bbox 2087 5533 2565 5603; x_wconf 76' lang='lat' dir='ltr'><strong>mortificationem,</strong></span> <span class='ocrx_word' id='word_1_745' title='bbox 2599 5546 2694 5600; x_wconf 85' lang='lat' dir='ltr'><strong>pro</strong></span> <span class='ocrx_word' id='word_1_746' title='bbox 2717 5547 2958 5586; x_wconf 87' lang='lat' dir='ltr'><strong>mortem.</strong></span> 
     </span>
    </p>
   </div>
   <div class='ocr_carea' id='block_1_88' title="bbox 1843 5601 3333 5675">
    <p class='ocr_par' dir='ltr' id='par_1_88' title="bbox 1843 5601 3333 5675">
     <span class='ocr_line' id='line_1_88' title="bbox 1843 5601 3333 5675; baseline -0.001 -19"><span class='ocrx_word' id='word_1_747' title='bbox 1843 5601 2059 5675; x_wconf 30' lang='lat' dir='ltr'><strong>(73)‘In</strong></span> <span class='ocrx_word' id='word_1_748' title='bbox 2116 5603 2476 5675; x_wconf 38' lang='lat' dir='ltr'><strong>dieHmeini.</strong></span> <span class='ocrx_word' id='word_1_749' title='bbox 2516 5602 2639 5656; x_wconf 70' lang='lat' dir='ltr'><strong>llaec</strong></span> <span class='ocrx_word' id='word_1_750' title='bbox 2674 5607 2860 5675; x_wconf 86' lang='lat' dir='ltr'><strong>_vcrba</strong></span> <span class='ocrx_word' id='word_1_751' title='bbox 2899 5602 3231 5675; x_wconf 66' lang='lat' dir='ltr'><strong>omittuntur</strong></span> <span class='ocrx_word' id='word_1_752' title='bbox 3285 5601 3333 5675; x_wconf 81' lang='lat' dir='ltr'><strong>iu</strong></span> 
     </span>
    </p>
   </div>
   <div class='ocr_carea' id='block_1_89' title="bbox 162 5669 3331 5746">
    <p class='ocr_par' dir='ltr' id='par_1_89' title="bbox 162 5669 3331 5746">
     <span class='ocr_line' id='line_1_89' title="bbox 162 5669 3331 5746; baseline 0.004 -35"><span class='ocrx_word' id='word_1_753' title='bbox 162 5669 376 5746; x_wconf 80' lang='lat' dir='ltr'><strong>omittunt</strong></span> <span class='ocrx_word' id='word_1_754' title='bbox 416 5669 522 5746; x_wconf 77' lang='lat' dir='ltr'><strong>ipse</strong></span> <span class='ocrx_word' id='word_1_755' title='bbox 570 5684 624 5730; x_wconf 88' lang='lat' dir='ltr'><strong>et</strong></span> <span class='ocrx_word' id='word_1_756' title='bbox 665 5684 851 5746; x_wconf 85' lang='lat' dir='ltr'><strong>postea</strong></span> <span class='ocrx_word' id='word_1_757' title='bbox 887 5677 1120 5742; x_wconf 90' lang='lat' dir='ltr'><strong>habent,</strong></span> <span class='ocrx_word' id='word_1_758' title='bbox 1163 5681 1399 5731; x_wconf 88' lang='lat' dir='ltr'><strong>nondum</strong></span> <span class='ocrx_word' id='word_1_759' title='bbox 1430 5669 1663 5730; x_wconf 82' lang='lat' dir='ltr'><strong>arbitror</strong></span> <span class='ocrx_word' id='word_1_760' title='bbox 1771 5669 2121 5728; x_wconf 60' lang='lat' dir='ltr'><strong>libris&#39;antea</strong></span> <span class='ocrx_word' id='word_1_761' title='bbox 2159 5670 2342 5733; x_wconf 86' lang='lat' dir='ltr'><strong>editis.</strong></span> <span class='ocrx_word' id='word_1_762' title='bbox 2375 5681 2429 5746; x_wconf 81' lang='lat' dir='ltr'><strong>et</strong></span> <span class='ocrx_word' id='word_1_763' title='bbox 2460 5673 2512 5724; x_wconf 90' lang='lat' dir='ltr'><strong>in</strong></span> <span class='ocrx_word' id='word_1_764' title='bbox 2538 5688 2641 5728; x_wconf 89' lang='lat' dir='ltr'><strong>ms.</strong></span> <span class='ocrx_word' id='word_1_765' title='bbox 2674 5671 2843 5743; x_wconf 84' lang='lat' dir='ltr'><strong>Regio</strong></span> <span class='ocrx_word' id='word_1_766' title='bbox 2879 5688 3031 5726; x_wconf 90' lang='lat' dir='ltr'><strong>num.</strong></span> <span class='ocrx_word' id='word_1_767' title='bbox 3063 5670 3222 5735; x_wconf 70' lang='lat'><strong>1639,</strong></span> <span class='ocrx_word' id='word_1_768' title='bbox 3242 5672 3331 5725; x_wconf 82' lang='lat' dir='ltr'><strong>sed</strong></span> 
     </span>
    </p>
   </div>
   <div class='ocr_carea' id='block_1_90' title="bbox 162 5741 576 5799">
    <p class='ocr_par' dir='ltr' id='par_1_90' title="bbox 162 5741 576 5799">
     <span class='ocr_line' id='line_1_90' title="bbox 162 5741 576 5799; baseline 0.01 -4"><span class='ocrx_word' id='word_1_769' title='bbox 162 5741 576 5799; x_wconf 64' lang='lat' dir='ltr'><strong>comprehendisse.</strong></span> 
     </span>
    </p>
   </div>
   <div class='ocr_carea' id='block_1_91' title="bbox 212 5803 1664 5883">
    <p class='ocr_par' dir='ltr' id='par_1_91' title="bbox 212 5803 1664 5883">
     <span class='ocr_line' id='line_1_91' title="bbox 212 5803 1664 5883; baseline 0.006 -25"><span class='ocrx_word' id='word_1_770' title='bbox 212 5803 302 5883; x_wconf 43' lang='grc' dir='ltr'><strong>(ΖΞ)</strong></span> <span class='ocrx_word' id='word_1_771' title='bbox 331 5811 414 5865; x_wconf 87' lang='lat' dir='ltr'><strong>Sic</strong></span> <span class='ocrx_word' id='word_1_772' title='bbox 459 5829 585 5868; x_wconf 85' lang='lat' dir='ltr'><strong>mss.</strong></span> <span class='ocrx_word' id='word_1_773' title='bbox 611 5813 881 5883; x_wconf 87' lang='lat' dir='ltr'><strong>plerique.</strong></span> <span class='ocrx_word' id='word_1_774' title='bbox 915 5813 1059 5868; x_wconf 84' lang='lat' dir='ltr'><strong>Libri</strong></span> <span class='ocrx_word' id='word_1_775' title='bbox 1111 5829 1238 5869; x_wconf 83' lang='lat' dir='ltr'><strong>vero</strong></span> <span class='ocrx_word' id='word_1_776' title='bbox 1266 5817 1394 5870; x_wconf 89' lang='lat' dir='ltr'><strong>editi</strong></span> <span class='ocrx_word' id='word_1_777' title='bbox 1437 5823 1508 5878; x_wconf 73' lang='lat' dir='ltr'><strong>et,</strong></span> <span class='ocrx_word' id='word_1_778' title='bbox 1533 5830 1664 5869; x_wconf 87' lang='lat' dir='ltr'><strong>mss.</strong></span> 
     </span>
    </p>
   </div>
   <div class='ocr_carea' id='block_1_92' title="bbox 167 5876 1670 5951">
    <p class='ocr_par' dir='ltr' id='par_1_92' title="bbox 167 5876 1670 5951">
     <span class='ocr_line' id='line_1_92' title="bbox 167 5876 1670 5951; baseline 0 -13"><span class='ocrx_word' id='word_1_779' title='bbox 167 5876 338 5938; x_wconf 62' lang='lat' dir='ltr'><strong>quidam</strong></span> <span class='ocrx_word' id='word_1_780' title='bbox 363 5896 377 5933; x_wconf 90' lang='lat'><strong>:</strong></span> <span class='ocrx_word' id='word_1_781' title='bbox 407 5876 924 5951; x_wconf 43' lang='lat' dir='ltr'><strong>sempcr&#39;mors&#39;lesu</strong></span> <span class='ocrx_word' id='word_1_782' title='bbox 954 5885 1006 5938; x_wconf 91' lang='lat' dir='ltr'><strong>in</strong></span> <span class='ocrx_word' id='word_1_783' title='bbox 1043 5901 1257 5941; x_wconf 76' lang='lat' dir='ltr'><strong>corpore</strong></span> <span class='ocrx_word' id='word_1_784' title='bbox 1293 5898 1468 5940; x_wconf 87' lang='lat' dir='ltr'><strong>nostro</strong></span> <span class='ocrx_word' id='word_1_785' title='bbox 1495 5876 1670 5938; x_wconf 83' lang='lat' dir='ltr'><strong>mani-</strong></span> 
     </span>
    </p>
   </div>
   <div class='ocr_carea' id='block_1_93' title="bbox 1773 5741 2621 5799">
    <p class='ocr_par' dir='ltr' id='par_1_93' title="bbox 1773 5741 2621 5799">
     <span class='ocr_line' id='line_1_93' title="bbox 1773 5741 2621 5799; baseline -0.006 0"><span class='ocrx_word' id='word_1_786' title='bbox 1773 5747 2130 5799; x_wconf 87' lang='lat' dir='ltr'><strong>restituuntur</strong></span> <span class='ocrx_word' id='word_1_787' title='bbox 2157 5756 2224 5796; x_wconf 84' lang='lat' dir='ltr'><strong>ex</strong></span> <span class='ocrx_word' id='word_1_788' title='bbox 2251 5741 2462 5795; x_wconf 78' lang='lat' dir='ltr'><strong>czeteris</strong></span> <span class='ocrx_word' id='word_1_789' title='bbox 2489 5757 2621 5794; x_wconf 88' lang='lat' dir='ltr'><strong>mss.</strong></span> 
     </span>
    </p>
   </div>
   <div class='ocr_carea' id='block_1_94' title="bbox 1848 5810 3318 5882">
    <p class='ocr_par' dir='ltr' id='par_1_94' title="bbox 1848 5810 3318 5882">
     <span class='ocr_line' id='line_1_94' title="bbox 1848 5810 3318 5882; baseline 0 -16"><span class='ocrx_word' id='word_1_790' title='bbox 1848 5812 1958 5882; x_wconf 69' lang='grc' dir='ltr'><strong>(Η)</strong></span> <span class='ocrx_word' id='word_1_791' title='bbox 1994 5811 2120 5866; x_wconf 83' lang='lat' dir='ltr'><strong>Mss.</strong></span> <span class='ocrx_word' id='word_1_792' title='bbox 2152 5812 2368 5882; x_wconf 82' lang='lat' dir='ltr'><strong>quidam</strong></span> <span class='ocrx_word' id='word_1_793' title='bbox 2419 5820 2472 5882; x_wconf 76' lang='lat' dir='ltr'><strong>et</strong></span> <span class='ocrx_word' id='word_1_794' title='bbox 2500 5811 2651 5874; x_wconf 88' lang='lat' dir='ltr'><strong>editi,</strong></span> <span class='ocrx_word' id='word_1_795' title='bbox 2683 5818 2960 5881; x_wconf 87' lang='lat' dir='ltr'><strong>quantum.</strong></span> <span class='ocrx_word' id='word_1_796' title='bbox 2995 5810 3196 5868; x_wconf 88' lang='lat' dir='ltr'><strong>Demue</strong></span> <span class='ocrx_word' id='word_1_797' title='bbox 3230 5825 3318 5867; x_wconf 80' lang='lat' dir='ltr'><strong>ms</strong></span> 
     </span>
    </p>
   </div>
   <div class='ocr_carea' id='block_1_95' title="bbox 1776 5879 2706 5944">
    <p class='ocr_par' dir='ltr' id='par_1_95' title="bbox 1776 5879 2706 5944">
     <span class='ocr_line' id='line_1_95' title="bbox 1776 5879 2706 5944; baseline -0.001 -6"><span class='ocrx_word' id='word_1_798' title='bbox 1776 5879 1974 5944; x_wconf 67' lang='lat' dir='ltr'><strong>Regius</strong></span> <span class='ocrx_word' id='word_1_799' title='bbox 2011 5879 2356 5943; x_wconf 62' lang='lat' dir='ltr'><strong>nunt.1639.</strong></span> <span class='ocrx_word' id='word_1_800' title='bbox 2387 5879 2706 5943; x_wconf 76' lang='lat' dir='ltr'><strong>colliqimus.</strong></span> 
     </span>
    </p>
   </div>
  </div>
