3784 6526
472 369 575 426 835

1971 377 2290 436 ORIGENIS
3577 399 3659 456 836

471 491 741 560 angustia,
774 507 840 544 an
886 494 1195 559 persecutio,
1249 513 1316 549 an
1361 498 1545 565 fames,
1579 513 1646 551 an
1680 499 1916 564 auditas,
1951 517 2020 552 an
2053 511 2095 563 Α
2123 503 2352 572 peccati,
2379 503 2445 558 de
2476 505 2732 562 interiore
2754 517 2810 563 et
2843 511 3116 567 exteriore
3138 513 3358 570 homine
3385 531 3397 568 :
3431 532 3542 587 qua:
3566 539 3660 576 stn-

468 583 779 650 periculum,
826 600 896 636 an
938 585 1190 654 gladius?
1217 585 1363 641 Sicut
1398 590 1650 656 scriptum
1693 599 1769 644 est
1813 605 1832 643 :
1884 589 2023 655 Quia

467 683 679 743 propter
700 667 752 728 te
780 685 944 729 morte
962 677 1215 747 efﬁcimur
1245 679 1358 749 (75)
1381 689 1488 732 tota
1522 681 1630 742 die,
1669 681 1914 735 mstimati
1937 699 2026 736 su-

468 780 582 818 mus
603 767 734 820 sicut
765 783 878 822 oves
895 769 1188 823 occisionis.
1219 769 1325 824 Sed
1350 771 1404 823 in
1433 770 1515 824 his
1554 773 1790 825 omnibus
1836 790 2023 842 super-

466 857 721 912 vincimus
759 869 971 929 propter
1017 877 1130 914 eum
1177 863 1264 930 qui
1309 861 1494 915 dilexit
1528 879 1642 917 nos.
1675 863 1859 918 Certus
1907 882 2023 919 sum

466 949 604 1002 enim
635 952 758 1019 quia
789 967 948 1017 neque
970 967 1134 1015 mors,
1165 969 1326 1022 neque
1354 954 1481 1020 vita,
1525 969 1684 1023 neque
1707 955 1899 1024 angeli,
1929 972 2019 1010 ne-

462 1055 562 1108 que
591 1041 934 1106 principatus,
977 1057 1137 1111 neque
1173 1051 1473 1108 potestates,
1525 1060 1687 1112 neque
1723 1047 2018 1114 pra’sentia,

462 1145 626 1199 neque
675 1131 878 1198 future,
932 1149 1094 1203 neque
1137 1135 1320 1199 virtus,
1367 1152 1527 1204 neque
1571 1135 1814 1201 altitudo,
1858 1153 2019 1206 neque

460 1221 807 1290 profundum,
863 1240 1026 1293 neque
1063 1225 1172 1278 alia
1219 1225 1328 1280 ulla
1374 1237 1648 1293 creatura,
1696 1230 1881 1294 poterit
1927 1247 2018 1284 nos

458 1329 704 1380 separare
727 1331 757 1366 a
787 1315 1044 1368 charitate
1067 1315 1183 1380 Dei,
1211 1334 1328 1385 qua:
1344 1328 1418 1372 est
1443 1320 1498 1372 in
1529 1317 1734 1374 Christo
1756 1319 1886 1374 Iesu
1913 1321 2019 1374 Do-

395 1394 404 1403 ’
457 1405 601 1458 mino
633 1416 807 1458 nostro
832 1406 896 1458 ⁸⁷.
932 1406 1218 1462 Veritatem
1254 1411 1369 1464 dico
1395 1411 1448 1464 in
1480 1411 1688 1465 Christo
1707 1451 1722 1476 ,
1745 1429 1847 1466 non
1873 1429 2019 1467 men-

456 1497 582 1560 tior,
617 1499 968 1552 testimonium
995 1502 1123 1554 mihi
1153 1503 1450 1570 per/libente
1493 1505 1806 1558 conscientia
1832 1521 1945 1558 mea
1962 1507 2016 1561 in

454 1587 658 1655 Spiritu
678 1591 942 1644 sancto”.
973 1590 1224 1662 Nunquid
1258 1595 1470 1650 videtur
1490 1597 1601 1668 (76)
1635 1600 1824 1654 eadem
1851 1599 2015 1655 subli-

453 1678 638 1735 mitate
672 1683 868 1737 mentis
909 1684 1113 1740 dixisse
1159 1701 1174 1739 :
1213 1685 1421 1741 Macero
1484 1705 1669 1760 corpus
1709 1705 1914 1757 meum,
1962 1703 2012 1747 et

450 1771 685 1824 servituti
727 1774 972 1844 subjicio,
1019 1795 1082 1831 ne
1110 1777 1244 1845 forte
1277 1795 1392 1832 cum
1429 1779 1549 1834 aliis
1590 1783 2005 1850 prtedicaverim,

2129 595 2252 662 gula
2286 596 2602 665 praedixisse
2628 597 2894 666 subiciat;
2938 601 2991 656 in
3039 603 3126 659 his
3159 606 3306 660 enim
3355 609 3658 669 continentia

2126 681 2312 737 haberi
2366 684 2582 740 videtur
2634 687 2910 756 Epistulae.
2963 691 3117 747 Nunc
3164 697 3303 764 jam,
3357 709 3514 767 prout
3535 704 3657 758 viam

2126 773 2282 828 nobis
2311 774 2572 829 Dominus
2605 780 2820 847 aperire
2848 782 3116 852 dignatur,
3157 786 3224 840 ad
3256 789 3658 858 explanationem

2125 857 2294 927 ipsius
2318 864 2643 930 quantocius
2677 866 2792 938 (80)
2816 884 3192 940 properemus.

2193 950 2372 1006 Prima
2409 955 2566 1010 nobis
2601 964 2832 1027 quaestio
2871 963 2944 1036 de
2975 969 3197 1024 nomine
3229 970 3402 1041 ipsius
3429 967 3572 1030 Pauli
3595 979 3658 1032 vi-

2121 1041 2278 1096 detur
2294 1060 2605 1116 exsurgere,
2626 1063 2722 1105 cur
2748 1051 2793 1107 is
2818 1055 2907 1122 qui
2934 1054 3132 1113 Saulus
3151 1060 3330 1117 dictus
3353 1073 3436 1118 est
3459 1064 3510 1118 in
3530 1066 3657 1122 Acti-

2117 1131 2220 1188 bus
2237 1136 2608 1204 apostolorum
2634 1140 2702 1206 ⁵⁵,
2736 1158 2878 1198 nunc
2905 1144 3103 1204 Paulus
3123 1150 3365 1205 dicatur.
3382 1154 3657 1213 Invenimus
3739 1202 3744 1206 .

2121 1226 2176 1278 in
2204 1225 2499 1296 Scripturis
2523 1231 2720 1288 divinis
2747 1235 3066 1304 quibusdam
3085 1252 3330 1297 veterum
3355 1259 3655 1304 commutata

2119 1318 2396 1383 vocabula,
2443 1329 2502 1375 ut
2543 1338 2609 1377 ex
2637 1324 2839 1380 Abram
2873 1340 3101 1386 vocatus
3157 1333 3228 1387 sit
3281 1333 3571 1398 Abraham.
3601 1357 3655 1396 ex

2118 1407 2270 1462 Sarai
2311 1409 2445 1465 Sara
2475 1412 2542 1479 “,
2577 1425 2632 1468 et
2677 1431 2744 1471 ex
2794 1419 2959 1477 Jacob
2987 1422 3148 1479 Israel
3173 1426 3240 1478 ν’.
3294 1426 3351 1481 In
3380 1428 3656 1499 Evangeliis

2115 1503 2383 1569 quoque“
2397 1518 2462 1558 ex
2483 1504 2704 1562 Simone
2726 1509 2938 1578 Petrus,
2964 1525 3021 1570 et
3041 1517 3134 1571 lilii
3157 1517 3402 1574 Zebedzei
3428 1520 3518 1575 ﬁlii
3537 1525 3656 1577 toni-

2115 1594 2219 1647 trui
2239 1597 2527 1666 nuncupati
2545 1611 2690 1654 sunt.
2711 1601 2813 1658 Sed
2836 1606 2950 1660 hinc
2971 1622 3036 1662 ex
3056 1621 3324 1680 praecepto
3345 1613 3435 1667 Dei
3456 1616 3656 1684 legimus

2115 1681 2254 1739 facta
2287 1703 2301 1738 :
2336 1703 2598 1758 nusquam
2623 1707 2755 1748 vero
2788 1709 2914 1766 erga
2946 1697 3170 1752 Paulum
3222 1681 3528 1760 invenimus
3561 1707 3653 1761 tale

2115 1773 2316 1845 aliquid
2357 1790 2564 1848 gestum
2597 1784 2734 1856 (81).
2785 1787 2860 1843 De
2889 1804 2996 1859 qua
3041 1807 3104 1846 re
3146 1794 3472 1861 quibusdam
3500 1799 3653 1852 visum

448 1859 560 1926 ipse
583 1864 832 1930 reprobus
863 1865 1072 1932 efﬁciar
1101 1867 1169 1933 ³⁸,
1214 1883 1326 1937 qua
1375 1877 1430 1925 et
1473 1871 1565 1926 hic
1592 1872 1759 1926 dicit:
1793 1874 1916 1942 quia
1955 1876 1999 1929 in

2113 1874 2217 1956 est,
2255 1872 2398 1938 quod
2449 1851 2614 1929 Pauli
2634 1851 2998 1947 proconsulis,
3033 1851 3194 1952 quem
3245 1887 3389 1954 apud
3437 1887 3652 1956 Cyprum

452 1948 532 2003 Itis
573 1952 812 2006 omnibus
850 1957 1300 2022 supervincimus;
1345 1967 1401 2014 et
1434 1959 1658 2016 :Certus
1689 1979 1803 2017 sum
1845 1965 2005 2034 enim,

453 2043 579 2112 quia
619 2058 781 2114 neque
823 2063 984 2112 mors,
1036 2065 1196 2120 neque
1223 2053 1351 2117 vita,
1394 2069 1555 2121 neque
1597 2037 1791 2124 angeli,
1846 2074 2008 2124 neque

445 2135 793 2207 principatus,
824 2148 880 2194 et
915 2151 1112 2196 caetera
1151 2159 1272 2213 qua:
1321 2145 1629 2216 descripsit,
1648 2151 1872 2216 poterint
1890 2149 2001 2220 (77)

447 2241 544 2278 nos
564 2243 808 2296 separare
838 2247 869 2283 a
897 2231 1157 2287 charitate
1192 2233 1436 2291 Dei?His
1467 2237 1630 2306 igitur
1655 2239 2007 2310 nobis,prout

444 2317 742 2384 potuimus,
787 2319 852 2374 de
891 2336 1052 2378 sensu
1085 2325 1294 2394 ejus.in
1328 2328 1432 2383 hac
1462 2328 1701 2399 Epistola
1727 2330 1839 2401 jam
1882 2348 2006 2402 per-

442 2405 669 2463 fectiore
697 2413 996 2480 conceptis,
1020 2415 1181 2469 etiam
1217 2417 1345 2472 illud
1391 2419 1533 2474 haud
1566 2421 1795 2476 absurde
1823 2423 2005 2480 admo-

441 2499 712 2567 nebimus,
739 2503 880 2570 quod
908 2503 1120 2558 videtur
1145 2507 1290 2563 hanc
1316 2508 1610 2577 Epistulam
1651 2515 1716 2568 de
1741 2514 2004 2574 Corintho

442 2592 706 2658 scribere,
740 2605 790 2648 et
816 2596 939 2650 aliis
971 2598 1190 2666 quidem
1225 2600 1474 2670 pluribus
1517 2604 1758 2670 indiciis,
1788 2610 2001 2664 eviden-

439 2682 548 2738 tius
596 2695 774 2742 tamen
827 2702 894 2743 ex
932 2705 997 2746 eo
1040 2693 1181 2760 quod
1251 2695 1420 2749 dicit:
1451 2692 1770 2752 Commendo
1827 2712 2000 2756 autem

437 2800 578 2854 vobis
617 2799 840 2856 Phoeben
872 2820 1103 2858 sororem
1127 2815 1362 2862 nostrant
1397 2810 1690 2865 ministram
1723 2813 1997 2879 Ecclesiae,

437 2906 556 2960 quae
606 2901 685 2945 est
733 2890 980 2947 Cenchris
1011 2895 1074 2949 “.
1107 2896 1371 2953 Cenchris
1417 2900 1562 2954 enim
1617 2903 1815 2957 dicitur
1846 2904 1996 2961 locus

434 2979 698 3036 Corintho
727 2983 960 3050 vicinus,
994 2985 1101 3041 imo
1135 2999 1326 3056 portus
1355 2989 1526 3060 ipsius
1547 2991 1813 3049 Corinthi.
1846 2994 1995 3051 Etex

437 3071 542 3125 hoc
570 3088 701 3143 ergo
748 3085 972 3144 apparet
1011 3078 1077 3132 de
1104 3079 1368 3135 Corintho
1385 3081 1605 3150 scripta,
1625 3091 1832 3138 etexeo
1850 3087 1992 3155 quod

438 3159 610 3215 dicit:
647 3161 863 3217 Salutat
910 3181 998 3219 vos
1045 3165 1210 3222 Caius
1266 3171 1449 3239 hospes
1498 3186 1642 3224 meus
1675 3171 1719 3202 “
1747 3187 1762 3226 :
1795 3174 1862 3229 de
1887 3190 1994 3245 quo

433 3249 572 3303 Gaio
626 3252 871 3310 scribens
923 3255 1220 3313 Corinthiis
1270 3271 1704 3331 commemorat,
1761 3265 1994 3323 dicens:

433 3331 649 3389 Gratias
676 3352 772 3406 ago
804 3337 913 3391 Deo
942 3356 1076 3404 meo,
1104 3343 1242 3410 quod
1271 3345 1525 3399 neminent
1567 3359 1794 3402 vestrum
1823 3351 1996 3420 bapti-

433 3425 570 3490 zavi,
630 3427 731 3479 nisi
764 3425 1007 3496 Crispum
1058 3441 1104 3484 et
1147 3430 1428 3490 Gaium“.
1461 3435 1648 3493 Simile
1698 3448 1756 3494 et
1804 3440 2000 3497 deinde

434 3513 601 3567 datur
630 3513 892 3570 indicium
951 3518 1042 3572 ubi
1083 3520 1215 3576 dicit
1246 3541 1260 3578 :
1294 3522 1506 3579 Salutat
1541 3543 1630 3583 vos
1659 3527 1886 3587 Erastus
1909 3549 1999 3586 ar-

430 3602 609 3656 earius
639 3605 863 3660 civitatis
882 3606 927 3638 “
951 3608 1065 3680 (78)
1091 3610 1190 3665 :de
1213 3626 1319 3682 quo
1338 3614 1536 3672 Erasto
1559 3620 1625 3674 ad
1653 3619 1996 3680 Timotheum

430 3693 594 3766 460
619 3701 910 3755 secundam
941 3703 1240 3772 Epistolam
1280 3709 1532 3768 scribens
1561 3712 1698 3770 dixit
1724 3731 1738 3768 :
1769 3715 1994 3774 Erastus

431 3790 680 3844 remansit
708 3790 1034 3853 Corinthi“.
1063 3796 1142 3850 Ex
1170 3799 1368 3868 quibus
1393 3803 1643 3860 omnibus
1673 3807 1852 3878 colligi
1876 3825 1996 3865 cer-

431 3878 644 3935 tissima
671 3882 930 3939 videntur
952 3884 1154 3944 indicta
1187 3891 1330 3960 quod
1381 3894 1447 3948 de
1493 3892 1760 3953 Corintho
1791 3900 1994 3968 scripta

429 3972 520 4026 sit.
564 3973 696 4030 Illud
729 3992 860 4033 sane
880 3994 987 4034 non
1012 3995 1204 4050 parum
1233 3986 1380 4040 cedit
1402 3987 1469 4041 ad
1499 3988 1863 4061 intelligentiae
1887 3993 1993 4049 dif-

427 4064 743 4135 ﬁcultatem,
766 4071 910 4136 quod
935 4073 1103 4129 multa
1130 4074 1195 4131 de
1214 4075 1357 4145 Lege
1383 4077 1552 4151 Moysi
1577 4081 1631 4136 in
1667 4083 1771 4140 hac
1803 4088 1991 4142 eadem

425 4165 786 4213 contexuntur
815 4159 927 4233 (79)
977 4163 1238 4235 Epistola,
1285 4168 1351 4223 de
1382 4173 1670 4228 vocatione
1719 4177 1989 4245 gentium,

427 4248 493 4300 de
527 4247 690 4303 Israel
742 4254 1041 4308 secundum
1075 4271 1315 4325 carnem,
1361 4268 1418 4315 et
1465 4261 1531 4316 de
1560 4261 1724 4319 Israel
1755 4270 1848 4336 qui
1882 4286 1986 4324 non

432 4349 507 4392 est
528 4343 823 4398 secundum
855 4359 1098 4411 carnem,
1132 4348 1199 4403 de
1255 4351 1677 4410 circumcisione
1710 4359 1890 4414 carnis
1934 4369 1988 4416 et

427 4431 627 4497 cordis,
670 4433 736 4486 de
774 4433 894 4506 lege
938 4437 1206 4506 Spirituali
1247 4450 1300 4494 et
1337 4441 1457 4512 lege
1490 4443 1710 4512 litterae,
1749 4448 1816 4503 de
1867 4451 1985 4523 lege

2114 1955 2313 2047 Christi
2341 1959 2464 2016 Iidei
2495 1963 2802 2035 subiecerat
2822 1970 2890 2036 δ’,
2931 1974 3251 2029 vocabulum
3294 1975 3402 2032 sibi
3438 1955 3652 2047 Aposto-

2113 2046 2197 2102 lus
2249 2054 2559 2120 sumpserit,
2590 2059 2813 2114 utsicut
2842 2077 2998 2132 reges
3041 2063 3219 2120 solent
3243 2046 3494 2134 devictis,
3520 2070 3651 2125 verbi

2112 2142 2306 2210 gratia,
2338 2143 2555 2203 Parthis
2602 2147 2858 2219 Parthici,
2908 2163 2964 2210 et
2999 2154 3194 2212 Gothis
3229 2159 3449 2216 Gothici
3495 2164 3652 2218 nomi-

2113 2235 2253 2300 nari,
2282 2236 2356 2290 ita
2388 2247 2442 2292 et
2464 2241 2762 2308 Apostolus
2787 2243 3074 2314 subjugato
3094 2249 3262 2307 Paulo
3292 2251 3488 2308 Paulus
3507 2254 3654 2309 fuerit

2111 2327 2432 2395 appellatus.
2459 2331 2612 2398 Quod
2647 2349 2714 2390 ne
2749 2349 2850 2392 nos
2873 2340 3092 2416 quidem
3123 2358 3514 2416 usquequaque
3535 2363 3653 2402 eva-

2109 2419 2380 2473 cuandum
2409 2434 2684 2491 putamus.
2717 2415 2920 2483 Tamen
2948 2433 3074 2502 quia
3100 2434 3245 2488 nulla
3287 2415 3493 2492 talisin
3519 2439 3653 2494 Scri-

2109 2510 2284 2577 pturis
2322 2511 2522 2567 divinis
2555 2519 2889 2573 consuetudo
2922 2521 3380 2591 deprehenditur,
3409 2529 3652 2600 magisex

2108 2600 2194 2657 his
2221 2618 2340 2672 qua:
2373 2605 2426 2660 in
2477 2609 2724 2678 exemplo
2778 2612 2986 2678 nostris
3035 2626 3203 2683 sunt,
3270 2619 3652 2677 absolutionem

2107 2708 2431 2762 quaeramus.
2469 2697 2784 2757 Invenimus
2811 2703 2977 2773 igitur
3013 2705 3066 2759 in
3088 2707 3390 2779 Scripturis
3422 2714 3654 2784 aliquan-

2109 2805 2192 2850 tos
2233 2796 2399 2863 binis,
2434 2798 2569 2856 alios
2604 2805 2768 2858 etiam
2798 2807 2968 2862 ternis
3000 2822 3126 2864 usos
3167 2823 3291 2865 esse
3333 2813 3649 2874 nominibus.

2105 2897 2166 2941 ut
2212 2887 2573 2958 Salomonem,
2632 2894 2993 2966 eumdemque
3039 2896 3267 2954 Jeddedi
3319 2900 3468 2969 (82);
3499 2901 3654 2958 Sede-

2103 2979 2305 3046 chiam,
2329 2984 2693 3055 eamdemque
2727 2984 3009 3056 Joachim;
3047 2989 3255 3059 Oziam,
3305 2995 3653 3064 eumdemque

2101 3081 2156 3126 et
2184 3073 2436 3129 Azariam
2461 3077 2547 3144 '°;
2583 3078 2822 3150 aliosque
2843 3082 3104 3150 plurimos
3132 3085 3186 3140 in
3215 3085 3422 3156 Regum
3465 3089 3551 3144 vel
3599 3089 3650 3144 in

2099 3163 2350 3222 Iudicum
2377 3167 2548 3237 libris,
2585 3172 2730 3227 binis
2757 3175 3066 3230 nominibus
3095 3178 3344 3234 invenies
3367 3179 3644 3236 vocitatos.

2103 3254 2208 3310 Sed
2237 3272 2336 3313 nec
2368 3258 2654 3330 Evangelia
2697 3263 2917 3331 quidem
2969 3263 3115 3318 hunc
3141 3264 3392 3319 eumdem
3433 3276 3655 3322 renuunt

2099 3365 2330 3406 morem.
2360 3350 2496 3406 Nam
2528 3360 2584 3407 et
2618 3351 2902 3408 Matthteus
2951 3353 3064 3422 ipse
3093 3353 3269 3409 refert
3295 3355 3364 3410 de
3388 3370 3467 3419 se,
3507 3355 3646 3425 quod

2099 3458 2218 3496 cum
2255 3444 2500 3498 transiret
2534 3443 2715 3510 Iesus,
2755 3445 2946 3499 invenit
2972 3447 3252 3514 quemdam
3288 3449 3562 3502 sedentem
3581 3449 3648 3501 ad

2097 3534 2372 3598 telonium,
2397 3533 2708 3590 Matthazum
2750 3537 2958 3591 nomine
2977 3537 3047 3590 δι.
3078 3535 3260 3592 Lucas
3291 3553 3424 3594 vero
3455 3539 3520 3594 de
3560 3552 3648 3594 eo-

2099 3625 2221 3678 dem
2246 3625 2402 3689 dicit,
2437 3627 2564 3695 quia
2608 3641 2732 3680 cum
2765 3627 3020 3683 transiret
3041 3625 3221 3692 Jesus,
3261 3628 3390 3682 uidit
3420 3627 3649 3698 publica-

2097 3732 2222 3770 num
2268 3719 2540 3786 quemdam
2586 3720 2793 3772 nomine
2836 3717 2991 3785 Leui,
3035 3730 3084 3774 et
3122 3721 3260 3774 dixit
3305 3721 3398 3776 ei:
3429 3721 3649 3790 Sequere

2093 3825 2175 3862 me
2189 3809 2258 3864 ⁸¹.
2285 3809 2392 3864 Sed
2421 3820 2472 3862 et
2505 3810 2648 3866 idem
2674 3809 2961 3867 Matthzeus
3000 3812 3051 3866 in
3083 3811 3340 3883 catalogo
3388 3814 3648 3883 apostolo-

2095 3914 2214 3955 rum
2257 3901 2389 3956 dicit
2428 3909 2551 3970 post
2587 3901 2782 3958 multos
2812 3902 2965 3974 (8'5):
3004 3902 3292 3958 Matthwus
3322 3905 3647 3973 publicanus,

2093 4005 2144 4046 et
2173 3989 2408 4046 Iacobus
2441 3992 2669 4061 Alphei,
2714 4005 2760 4047 et
2792 3993 3075 4060 Lebbteus,
3117 4005 3164 4048 et
3211 3994 3400 4050 Simon
3443 3995 3648 4051 Chana-

2093 4100 2240 4138 nteus
2261 4083 2330 4137 ⁸³.
2366 4083 2580 4140 Marcus
2616 4099 2746 4139 vero
2789 4087 2862 4139 ita
2905 4086 3073 4140 refert
3102 4104 3117 4140 :
3149 4085 3439 4142 Matthteus
3477 4089 3649 4156 publi-

2090 4185 2339 4243 canus,et
2360 4174 2605 4240 Thomas,
2631 4185 2680 4230 et
2697 4174 2927 4231 Iacobus
2953 4177 3243 4245 Alphwi,et
3266 4179 3562 4234 'I'haddteus
3579 4179 3648 4233 ".

2091 4267 2252 4322 Hunc
2279 4269 2550 4333 eumdem,
2577 4282 2736 4337 quem
2765 4268 3050 4326 Matthteus
3089 4269 3410 4335 Lebbaeum,
3440 4271 3647 4326 Marcus

2090 4359 2419 4416 Thaddazum
2439 4361 2616 4431 posuit
2640 4361 2772 4432 (84).
2806 4360 2978 4416 Lucas
2995 4376 3124 4416 vero
3153 4363 3226 4416 ita
3255 4363 3437 4433 posuit
3465 4381 3482 4421 :
3511 4362 3648 4418 lot-

2092 4451 2280 4518 thwus,
2305 4450 2554 4516 Thomas,
2588 4451 2844 4514 Iacobus,
2883 4459 2935 4504 et
2968 4451 3142 4505 Iudas
3170 4451 3356 4506 Iacobi
3387 4454 3458 4508 ".
3487 4451 3649 4523 Igitur

427 4521 606 4576 carnis
637 4533 692 4577 et
715 4523 831 4595 lege
856 4528 1243 4597 membrorum,
1281 4531 1349 4584 de
1375 4533 1490 4603 lege
1525 4539 1723 4591 mentis
1767 4549 1823 4594 et
1869 4521 1988 4612 lege
2018 4537 2065 4592 D
2092 4543 2366 4608 eumdem,
2413 4556 2571 4612 quem
2625 4542 2910 4598 Matthzeus
2956 4541 3270 4612 Lebbteum,
3331 4554 3390 4601 et
3440 4546 3648 4600 Marcus

501 4640 544 4713 ξ’
571 4641 726 4696 Rom.
758 4642 969 4713 vnt,35
1011 4657 1132 4712 sqq.
1225 4645 1270 4678 ³⁸
1294 4646 1451 4703 Rom.
1481 4665 1559 4713 ix,
1595 4651 1648 4706 1.

422 4709 468 4782 f3
499 4711 653 4765 Rom.
719 4726 830 4779 xvn,
860 4712 949 4782 25.
998 4781 1003 4782 γ
1053 4709 1171 4768 “Il
1206 4715 1347 4771 Tim.
1402 4733 1474 4782 tv,
1531 4709 1622 4773 20.

422 4779 468 4855 ξιξ
491 4783 655 4855 Marc.
701 4796 812 4855 m_._
830 4781 1040 4855 16,117.
1120 4784 1199 4855 _“
1228 4787 1348 4838 Act.
1383 4779 1502 4855 xui,
1531 4788 1585 4842 9.

422 4850 467 4882 ⁸³
498 4851 626 4906 Luc.
663 4867 718 4916 v,
749 4851 839 4910 27.
913 4851 960 4883 ⁸³
983 4853 1175 4908 Matth.
1212 4869 1270 4920 Χ,
1294 4855 1348 4922 5,
1378 4855 1433 4910 4.

490 4973 602 5044 (75)
639 4973 733 5030 Sic
770 4990 870 5030 ms.
902 4975 1101 5044 Regius
1137 4992 1282 5031 num.
1321 4978 1460 5034 1659
1493 4989 1547 5034 et
1602 4983 1750 5036 editi.
1781 4982 1972 5040 ϐαδιετί

490 4992 602 5044 (ιδ)
639 4992 733 5030 διο
770 4992 870 5030 ms.
903 4992 977 5029 ne
1022 4992 1101 5030 ius
1137 4992 1282 5031 num.
1321 4992 1460 5034 1039
1493 4992 1547 5034 et
1602 4992 1750 5036 editi.
1781 4992 1972 5040 βαδιετί

421 5058 551 5096 vero
603 5059 759 5108 mss.,
789 4992 1228 5121 ‘morti/gcamur;
1265 5057 1320 5101 et
1369 5049 1588 5121 quidam
1643 5053 1803 5120 paulo
1835 5065 1975 5121 post,

421 5129 753 5192 superamus.
789 5113 995 5193 Deinde
1018 5115 1152 5170 editi
1179 5119 1267 5172 hic
1292 5126 1346 5172 et
1373 5113 1516 5172 infra
1553 5113 1778 5187 habent,
1809 5113 1978 5193 a'ngu;

418 5183 520 5234 stia
546 5195 647 5250 pro
667 5184 856 5250 angeli.
882 5230 884 5232 τ
1412 5193 1416 5197 ”

492 5249 760 5333 (κλῇ-ξιξ.
817 5252 1084 5333 plerique,
1111 5255 1408 5333 _videbitur.
1455 5257 1563 5314 Sed
1616 5273 1719 5315 ms.
1772 5260 1979 5333 Regius

422 5318 746 5373 num.’16'59
781 5318 835 5374 ei
862 5318 1011 5386 editi,
1038 5318 1258 5379 videtur.

489 5388 600 5465 (ΞΖ)
640 5388 802 5465 Editi,
832 5393 1044 5465 poterit.
1071 5393 1364 5465 Ms.unus,
1398 5406 1660 5465 poterunt.

456 5454 1043 5553 -(78_&\Genebr‘ardus,
1067 5463 1154 5553 hic
1172 5464 1238 5519 de
1264 5454 1362 5542 suo
1377 5454 1620 5553 addidit,
1646 5470 1675 5522 ὁ
1689 5469 1970 5553 οῐκρνόμρς

421 5526 520 5587 τῖυς
549 5525 759 5590 πόλεως
786 5544 800 5558 ·
841 5543 959 5597 qua:
1008 5525 1173 5586 verba
1224 5539 1325 5590 nec
1375 5535 1429 5589 in
1459 5525 1735 5593 mssfnec
1773 5541 1825 5594 in
1859 5525 1980 5594 εἰιὶὶέ

419 5561 580 5716 inditis
630 5598 997 5667 reperiuntur.
1048 5601 1250 5658 Deinde
1306 5605 1434 5660 editi
1477 5608 1734 5663 omittunt
1789 5611 1982 5679 episto-

440 5679 544 5717 am.

641 5732 1022 5808 Contemntur.
1057 5739 1207 5795 Libri
1230 5741 1382 5808 editi,
1415 5753 1814 5800 connectuntur.

491 5802 605 5873 (80)
641 5804 1196 5880 Quantocius.__Deest
1231 5811 1285 5868 in
1314 5802 1562 5870 omnibus
1591 5830 1722 5874 mss.
1753 5817 1975 5878 nostris.

1530 4859 1578 4892 ”
1607 4857 1774 4916 Marc.
1811 4878 1892 4926 ιιι,
1921 4857 2008 4924 18.

1742 4652 1785 4723 {9
1810 4651 1826 4705 1
1864 4653 1988 4711 Cor.

2125 4658 2218 4712 27.
2293 4658 2337 4690 ⁸ο
2371 4659 2528 4713 Rom.
2555 4675 2666 4722 xvr,
2690 4657 2744 4710 1.
2817 4657 2862 4690 εί
2893 4658 3023 4714 ibid.
3052 4659 3144 4718 25.
3221 4657 3309 4712 “I
3340 4657 3466 4714 Cor.
3496 4674 3530 4720 ι,
3558 4658 3644 4712 11.

1726 4721 1920 4796 ξ’[ᾼςι.
1973 4721 2119 4792 tx,'1
2173 4742 2287 4796 seq.

1705 4790 1752 4822 ⁵ο
1779 4790 1818 4844 ll
1843 4793 1973 4863 Reg.
2007 4790 2105 4861 xu,
2132 4796 2228 4861 25;
2252 4790 2333 4851 Ἰν
2371 4797 2504 4866 Reg.
2541 4814 2671 4862 xxv,
2697 4790 2802 4865 27‘;
2825 4790 2914 4864 xv,
2946 4799 2999 4864 1,
3028 4797 3118 4854 '52.
3192 4801 3237 4831 “
3263 4798 3454 4854 Matth.
3487 4790 3565 4866 ix,
3591 4801 3644 4856 9.

2394 4728 2440 4760 “
2485 4728 2622 4784 Gen.
2650 4741 2782 4793 xvu,
2813 4729 2980 4792 5,15.
3098 4728 3143 4760 "’
3171 4728 3309 4783 Gen.
3349 4744 3513 4793 xxxv,
3558 4727 3645 4783 ιο.

2107 4867 2156 4899 ⁸⁸
2174 4867 2314 4922 Luc.
2347 4883 2426 4933 γι,
2457 4868 2547 4935 15,
2574 4869 2661 4922 16.

2080 4989 2174 5045 sed
2209 4999 2390 5044 exstat
2418 4991 2471 5045 in
2506 4991 2684 5048 editis.

2151 5060 2268 5131 (81)
2309 5061 2398 5114 Sic
2431 5075 2562 5116 mss.
2587 5062 2829 5130 plerique
2859 5069 2913 5115 et
2934 5061 3214 5117 Rabanus.
3251 5061 3398 5117 Editi
3437 5074 3560 5117 vero
3592 5071 3646 5116 et

2082 5145 2216 5184 mss.
2251 5131 2494 5200 quidam,
2526 5135 2629 5184 tale
2646 5133 2770 5199 quid
2793 5142 3014 5200 gestum.

2155 5199 2268 5272 (82)
2311 5199 2388 5253 Ita
2422 5209 2568 5272 recte
2586 5215 2684 5256 ms.
2704 5199 3084 5272 Regius_nu_m.
3117 5199 3357 5272 1659,_in
3386 5214 3644 5272 quocun-

2083 5267 2378 5340 Avenit'cum
2411 5267 2600 5324 Grazco
2626 5271 2712 5338 qui
2739 5267 3124 5340 habetllAReg.
3153 5285 3251 5333 χιι,
3289 5270 3378 5335 25,
3403 5267 3637 5340 Ἲεδδξδξ.

2083 5338 2423 5407 Exemplaria
2447 5337 2653 5407 tamen
2680 5340 2924 5406 quaedam
2947 5337 3133 5393 Greca
3161 5340 3362 5395 habent
3385 5339 3637 5401 Εἰεδιδιά,

2079 5409 2185 5489 alia
2225 5406 2461 5462 ’[εδδιδιά
2480 5418 2578 5489 iet
2614 5408 2740 5489 i_nd_e
2779 5410 2848 5489 tit,
2882 5409 3231 5489 uthplerlique
3262 5425 3409 5489 mss._
3436 5420 3636 5489 post“,

2079 5477 2332 5532 Rabanns
2361 5489 2416 5534 et
2434 5478 2568 5533 editi
2617 5479 2876 5545 habeant,
2923 5478 3011 5531 alii
3041 5477 3222 5544 Idida,
3267 5479 3357 5532 alii
3379 5477 3590 5532 Ididans
3617 5495 3638 5542 ;

2077 5547 2246 5602 editio
2278 5548 2479 5603 Veneta
2507 5547 2848 5616 Didoadiri;
2872 5552 2964 5602 sed
2995 5547 3098 5602 dici
3146 5549 3416 5604 omittitur
3445 5550 3498 5604 in
3521 5549 3638 5616 ple-

2077 5616 2258 5687 risque
2285 5633 2417 5672 mss.
2441 5627 2498 5671 et
2527 5617 2669 5687 apud
2697 5615 3004 5671 Rabanum.

2147 5685 2258 5766 (ἕξ)
2299 5687 2418 5766 Mss-
2449 5685 2656 5766 ριιιίεεὲο
2682 5696 2795 5754 μου
2822 5688 3024 5766 multa:
3300 5755 3312 5766 .

2145 5753 2254 5825 (84)
2293 5753 2461 5826 Alias,
2492 5765 2542 5812 et
2565 5753 2779 5814 Marcus
2822 5755 3141 5814 Thadda'um
3161 5755 3357 5826 posuit.
