3754 6532
526 355 629 410 8'59

1999 347 2320 404 ORIGENIS
3610 369 3679 414 ut!

525 464 970 524 commemoratio
1041 465 1322 520 servitutis
1380 480 1442 519 ac
1518 465 1786 521 libertatis
1856 467 2091 520 assumi-
2120 469 2164 526 Α
2194 463 2482 532 speculum,
2529 471 2579 517 et
2623 464 2679 517 in
2713 463 3082 534 amigmate";
3108 471 3165 520 et
3206 464 3322 521 ideo
3354 466 3515 522 sancti
3543 484 3681 527 senos

526 571 614 615 tur
644 559 803 630 (92)?
833 555 940 613 Sed
986 573 1085 612 nos
1140 573 1362 613 sensum
1401 556 1551 612 Pauli
1599 559 1669 612 ita
1717 557 2089 627 intelligimus,

525 650 666 720 quod
698 663 916 702 servum
957 648 1104 700 dicat
1137 662 1260 702 eum
1301 648 1392 716 qui
1415 645 1583 716 jugali
1618 645 1930 700 conditione
1961 660 2092 700 cou-

527 742 751 796 strictus
781 749 865 794 est
897 758 910 793 :
938 739 1064 808 quia
1111 738 1301 793 mulier
1324 755 1424 792 non
1451 737 1603 791 habet
1635 746 1944 806 potestatem
1970 753 2090 790 cor-

522 833 667 899 poris
700 831 808 893 sui,
829 831 918 884 sed
953 829 1032 885 vir
1075 829 1230 900 ejus;
1265 840 1310 884 et
1341 829 1418 884 vir
1452 846 1555 883 non
1585 829 1739 882 habet
1774 836 2084 899 potestatem

525 926 756 994 corporis
791 925 898 989 sui,
945 924 1033 978 sed
1074 939 1211 978 uxor
1264 926 1380 992 ejus
1398 921 1466 976 ".
1501 921 1730 990 Propter
1762 921 1904 988 quod
1946 928 1999 974 et
2035 918 2088 972 in

529 1016 652 1069 aliis
683 1015 813 1069 dicit
865 1017 932 1068 de
984 1014 1088 1078 eis,
1117 1015 1242 1084 quia
1302 1031 1403 1067 non
1455 1023 1528 1068 est
1561 1012 1796 1066 servituti
1829 1011 2086 1080 subjectus

530 1107 720 1170 frater,
758 1104 834 1158 vel
870 1121 1024 1158 soror
1058 1107 1112 1158 in
1147 1104 1340 1158 talibus
1358 1105 1423 1168 ⁸⁷,
1457 1105 1686 1169 scilicet,
1711 1103 1850 1174 quod
1878 1102 1930 1156 in
1969 1101 2088 1157 aliis

522 1205 616 1244 eos
645 1192 895 1245 servituti
926 1191 1094 1245 sciret
1135 1206 1257 1245 esse
1287 1191 1580 1260 subjectos.
1614 1193 1708 1248 Est
1733 1208 1862 1262 ergo
1895 1206 2086 1246 servus

522 1292 766 1339 vocatus.
793 1283 882 1352 qui
923 1283 975 1336 in
1003 1282 1254 1352 conjugio
1285 1284 1493 1352 positus
1519 1285 1663 1338 venit
1690 1285 1753 1338 ad
1785 1284 2082 1350 Christum,

519 1380 605 1427 cui
648 1371 890 1428 dicitur:
942 1373 1138 1429 Servus
1188 1385 1404 1430 vocatus
1434 1376 1532 1430 es?
1557 1375 1708 1429 Nihil
1741 1375 1812 1429 ad
1857 1385 1906 1427 te
1956 1376 2086 1428 atti-

518 1475 680 1519 neat:
709 1468 798 1520 sed
829 1475 879 1520 et
913 1467 958 1520 si
987 1475 1134 1533 potes
1163 1466 1293 1520 liber
1317 1468 1454 1537 ﬁeri,
1493 1470 1659 1537 magis
1690 1479 1832 1522 utere
1851 1467 1895 1498 ⁸⁸
1920 1485 1935 1534 ;
1956 1469 2083 1536 quia

519 1561 570 1613 in
605 1559 929 1629 conjugibus
960 1558 1185 1613 alterius
1214 1559 1327 1630 (95)
1357 1559 1707 1614 continentia:
1742 1559 1968 1614 libertas
2004 1558 2082 1612 al-

517 1653 615 1706 teri
646 1663 868 1721 generat
890 1652 1187 1722 periculum
1223 1651 1516 1707 castitatis.
1548 1650 1669 1706 Non
1701 1653 1844 1706 enim
1882 1652 2082 1707 debent

516 1744 619 1797 nisi
654 1757 719 1796 ex
771 1759 1040 1798 consensu
1085 1746 1152 1799 ad
1199 1754 1414 1812 tempus
1443 1758 1644 1799 vacare
1672 1744 1905 1798 orationi
1929 1742 1996 1807 ⁸³,
2027 1751 2081 1798 et

519 1833 718 1886 iterum
751 1834 805 1887 in
853 1833 1086 1903 idipsum
1123 1842 1207 1888 est
1240 1833 1643 1899 revertendum,
1676 1847 1742 1887 ne
1773 1847 1866 1888 eos
1911 1841 2080 1887 tentet
2111 1805 2153 1863 Β

515 1924 752 1978 Satanas
798 1933 1022 1994 propter
1058 1924 1514 1980 incontinentiam
1551 1939 1726 1978 suam.
1761 1923 1808 1978 Is
1833 1939 1960 1994 ergo
1985 1925 2077 1994 qui

513 2036 612 2090 pro
662 2036 802 2076 nexu
835 2020 1077 2090 c0njugii
1122 2033 1310 2074 servus
1336 2027 1564 2074 vocatus
1597 2027 1703 2082 est,
1735 2017 1964 2072 libertus
1993 2027 2076 2073 est

512 2112 746 2168 Domini.
784 2113 1036 2168 Libertus
1065 2113 1210 2167 enim
1249 2126 1427 2180 neque
1452 2125 1520 2164 ex
1549 2109 1764 2181 integro
1788 2110 1945 2175 liber,
1974 2125 2076 2164 ne-

515 2219 624 2272 que
663 2220 729 2258 ex
771 2204 983 2274 integro
1023 2217 1214 2258 servus
1261 2211 1344 2255 est
1379 2200 1514 2272 (94).
1539 2201 1595 2256 Si
1648 2201 1700 2255 in
1731 2201 1943 2256 caeteris
1971 2201 2080 2255 vir-

516 2298 723 2351 tutibus
758 2296 899 2350 liber
949 2295 1134 2359 fuerit,
1181 2296 1223 2350 si
1274 2295 1417 2360 ﬁdei,
1456 2295 1749 2363 patientiaa,
1780 2295 2081 2350 misericor-

510 2386 633 2450 diae,
671 2385 892 2453 justitiae
935 2387 1174 2440 tenuerit
1220 2384 1553 2448 libertatem,
1586 2383 1820 2438 libertus
1865 2383 2077 2438 Domini

509 2467 1055 2546 appellaturfutpote
1104 2475 1197 2545 qui
1240 2491 1338 2546 pro
1390 2473 1555 2530 animi
1603 2475 1898 2531 virtutibus
1945 2475 2080 2530 liber

508 2569 600 2633 sit,
628 2577 679 2623 et
709 2583 806 2638 pro
835 2567 1106 2637 conjugali
1141 2567 1463 2624 necessitate
1492 2565 1606 2635 (95)
1637 2565 1712 2620 sit
1741 2580 1950 2621 servus.
1987 2564 2079 2620 Ll-

506 2660 605 2716 her
631 2675 761 2715 vero
805 2669 888 2715 est
927 2660 1018 2730 qui
1074 2659 1194 2713 sine
1242 2673 1412 2713 uxore
1460 2673 1559 2727 per
1588 2657 1879 2728 puritatem
1905 2657 2079 2711 conti-

508 2754 706 2808 nentia:
731 2755 876 2808 venit
905 2754 971 2806 ad
1009 2752 1307 2815 Christum,
1345 2750 1439 2822 qui
1472 2759 1650 2804 tamen
1691 2765 1881 2805 servus
1918 2749 2077 2804 Chri-

494 2845 577 2910 ,sti
612 2845 861 2912 cllicitur,
893 2847 1017 2900 dum
1047 2862 1110 2900 ex
1147 2846 1355 2914 integro
1397 2843 1685 2896 virtutibus
1719 2841 1905 2896 servit.
1937 2839 2078 2895 Pau-

507 2937 594 2992 lus
625 2954 774 3008 ergo,
802 2939 943 2992 sicut
979 2938 1198 3006 quidam
1228 2937 1468 3001 tradunt,
1497 2949 1620 2988 cum
1650 2947 1820 2988 uxore
1853 2940 2075 2988 vocatus

460 3026 462 3028 ’
504 3039 620 3091 est;
653 3028 720 3081 de
753 3041 860 3097 qua
894 3027 1028 3079 dicit
1055 3027 1122 3079 ad
1160 3025 1536 3093 Philippenses
1564 3022 1872 3078 scribens"
1898 3021 2076 3092 :Rog't

2190 571 2252 611 se
2273 571 2392 611 esse
2417 555 2624 619 dicunt,
2657 555 2724 609 ad
2760 555 3221 624 comparationem
3270 556 3412 613 illius
3452 559 3679 626 libertatis.

2189 659 2308 714 quia
2340 644 2474 714 facie
2501 645 2568 698 ad
2597 644 2785 714 faciem
2815 646 3091 701 tribuitur.
3132 645 3233 714 Qui
3269 650 3460 704 etenim
3487 662 3627 720 potest
3647 657 3680 707 in

2189 752 2354 792 carne
2385 737 2508 805 quis
2561 737 2774 807 positus
2825 738 3051 806 adipisci
3101 738 3364 811 integram
3419 739 3680 810 libertatem,

2189 837 2246 880 ut
2269 829 2320 881 in
2341 827 2614 896 nullojam
2637 829 2840 882 serviat
2865 829 3058 884 carni?
3086 829 3241 884 Sicut
3270 846 3368 886 nec
3406 832 3680 901 adoptionem

2190 917 2418 972 ﬁliorum
2446 918 2570 988 quis
2617 917 2669 972 in
2718 932 2944 988 corpore
2974 919 3181 990 positus
3214 921 3414 975 habere
3440 938 3500 976 ex
3527 925 3683 994 integro

2187 1017 2384 1074 potest.
2417 1008 2597 1077 Atque
2631 1010 2835 1063 utinam
2869 1011 2972 1064 hoc
3012 1010 3204 1066 saltem
3237 1012 3466 1067 obtineri
3491 1019 3679 1083 possitin

2186 1100 2295 1153 vita
2343 1101 2670 1166 mortalium,
2725 1111 2783 1156 ut
2829 1117 3019 1158 servus
3043 1103 3167 1172 quis
3200 1102 3400 1159 Christi
3440 1108 3681 1176 exintegro

2187 1193 2279 1247 [lat
2306 1209 2324 1244 ε
2357 1203 2410 1247 et
2442 1208 2545 1247 non
2575 1193 2748 1260 carni,
2781 1210 2884 1248 non
2917 1196 3190 1264 sanguini,
3229 1213 3332 1251 non
3364 1213 3505 1252 vanae
3530 1200 3678 1270 gloria,

2185 1302 2290 1340 non
2333 1286 2638 1355 cupiditati,
2685 1302 2790 1340 non
2831 1289 3092 1353 avaritiae,
3140 1305 3246 1343 non
3296 1292 3584 1356 iracundiae,
3609 1310 3678 1348 non

2184 1377 2428 1444 invidiae;
2453 1378 2544 1432 sed
2561 1378 2652 1447 qui
2684 1378 2782 1433 soli
2809 1377 3048 1445 Christo,
3079 1380 3129 1433 id
3163 1391 3250 1434 est
3285 1384 3523 1438 omnibus
3565 1385 3680 1439 simul

2182 1468 2472 1523 virtutibus
2530 1468 2753 1522 serviat.
2799 1468 2924 1524 Hzec
2958 1471 3026 1524 de
3052 1485 3118 1526 eo
3146 1473 3292 1526 quod
3324 1474 3566 1542 scriptum
3587 1490 3678 1531 est:

2182 1557 2386 1614 Paulus
2417 1575 2596 1614 servus
2627 1559 2756 1614 Jesu
2781 1559 3000 1617 Christi.

2246 1653 2304 1710 2.
2345 1652 2575 1709 Vocatus
2603 1653 2885 1724 Apostolus
2909 1655 2974 1708 ⁷³.
3011 1653 3211 1710 Nomen
3243 1657 3367 1721 hoc,
3400 1661 3451 1712 id
3475 1662 3548 1712 est
3572 1676 3681 1712 roce-

2180 1755 2288 1812 tus,
2315 1747 2442 1817 quia
2472 1747 2538 1802 ad
2561 1762 2749 1802 omnes
2782 1748 3021 1816 pertinet
3052 1749 3142 1819 qui
3170 1749 3222 1803 in
3251 1750 3468 1804 Christo
3489 1753 3678 1814 credunt,

2180 1837 2428 1908 generale
2459 1845 2637 1908 potest
2665 1837 2876 1904 videri;
2907 1840 3003 1894 sed
3031 1840 3406 1908 unusquisque
3443 1845 3678 1896 secundum

2181 1929 2232 1983 id
2261 1929 2404 1998 quod
2435 1930 2489 1983 in
2517 1943 2583 1983 eo
2609 1930 2854 1998 praevidit
2873 1939 2925 1986 et
2955 1929 3114 2000 elegit
3154 1931 3266 2002 (99)
3299 1931 3455 1995 Deus,
3480 1943 3560 1987 aut
3585 1950 3678 2004 apo-

2180 2018 2351 2074 stolus
2409 2028 2654 2086 vocatur,
2711 2027 2804 2072 aut
2852 2021 3137 2090 propheta,
3185 2032 3280 2074 aut
3334 2023 3589 2092 magister,
3617 2035 3712 2078 θυι·

2182 2111 2320 2167 liber
2348 2113 2414 2168 ab
2448 2127 2634 2176 uxore,
2673 2121 2771 2166 aut
2808 2127 2996 2168 servus
3041 2115 3092 2168 in
3129 2113 3398 2183 conjuge;
3433 2125 3484 2169 et
3521 2131 3600 2185 pro
3625 2118 3680 2168 di-

2179 2205 2438 2259 versitate
2490 2205 2677 2274 gratim
2723 2206 3024 2274 completur
3076 2204 3204 2260 illud
3269 2209 3413 2274 quod
3477 2209 3678 2276 scriptum

2179 2295 2548 2351 est"‘:Multi
2602 2307 2726 2352 sunt
2778 2299 2971 2360 vocati,
3019 2299 3174 2364 pauci
3236 2310 3413 2352 autem
3463 2299 3677 2364 electi“).

2180 2385 2470 2442 Sciendum
2509 2399 2689 2442 tamen
2747 2398 2831 2443 est
2885 2389 3026 2458 quod
3080 2389 3340 2458 possibile
3382 2400 3461 2445 est
3495 2392 3677 2458 aliquem

2179 2494 2301 2534 esse
2327 2489 2575 2535 vocatum
2627 2479 2950 2550 apostolum,
2985 2491 3078 2534 aut
3112 2490 3362 2536 vocatum
3397 2484 3677 2552 prophetam,

2178 2581 2272 2627 aut
2295 2581 2540 2626 vocatum
2572 2572 2913 2643 magistrum,
2944 2582 2998 2627 et
3023 2573 3065 2627 si
3099 2572 3398 2642 neglexerit
3434 2576 3677 2628 vocationis

2179 2679 2291 2719 sua;
2317 2664 2568 2734 gratiam,
2613 2663 2866 2717 decidere
2902 2679 2968 2718 ex
3013 2665 3284 2719 eazsicut
3327 2676 3382 2718 et
3426 2663 3589 2726 ludas,
3614 2665 3678 2733 qui

2177 2756 2457 2826 apostolus
2497 2767 2722 2812 vocatus
2753 2763 2857 2819 est,
2889 2766 2944 2810 et
2985 2756 3263 2826 negligens
3298 2757 3576 2812 vocationis
3600 2771 3678 2810 sua

2178 2847 2433 2917 gratiam,
2487 2863 2553 2901 ex
2601 2848 2845 2916 apostolo
2887 2846 3110 2902 etl'ectus
3156 2857 3238 2903 est
3276 2849 3516 2917 proditor
3536 2848 3613 2919 (2).
3635 2848 3680 2901 Ει

2179 2937 2280 2992 fuit
2310 2938 2523 3006 quidem
2549 2947 2774 2992 vocatus
2809 2935 3106 3006 apostolus,
3137 2939 3229 2992 sed
3257 2954 3364 2992 non
3399 2937 3493 2992 fuit
3522 2937 3678 2992 electus

2178 3028 2476 3095 apostolus.
2506 3027 2610 3082 Sed
2634 3038 2691 3082 et
2719 3026 2805 3082 ille
2834 3027 3096 3097 propheta
3130 3028 3220 3098 qui
3255 3030 3309 3083 in
3344 3029 3495 3083 tertio
3514 3027 3678 3097 Regno-

501 3121 659 3172 etiam
701 3126 772 3183 te,
822 3132 1069 3186 germane
1119 3132 1352 3185 compar,
1380 3115 1572 3185 adjuva
1601 3113 1763 3186 462
1790 3113 1910 3166 illas
1933 3127 1952 3166 :
1979 3110 2073 3181 qui
2101 3159 2145 3219 ϐ
2181 3135 2296 3172 rum
2330 3117 2474 3173 libro
2507 3117 2737 3174 refertur
2764 3121 3119 3189 prophetasse
3150 3119 3217 3174 de
3245 3119 3590 3186 Jeroboam",
3614 3133 3682 3173 vo-

502 3211 762 3282 quoniam
796 3213 862 3263 ab
912 3211 1023 3276 ipsa
1068 3223 1132 3264 ex
1183 3223 1447 3262 consensu
1504 3207 1642 3261 liber
1686 3206 1910 3262 effectus
1961 3217 2067 3274 est,

502 3317 722 3358 servum
768 3317 826 3356 se
874 3300 984 3377 (96)
1017 3301 1260 3354 nominat
1307 3299 1530 3354 Christi.
1569 3297 1626 3352 Si
1667 3312 1822 3361 vero,
1858 3306 1916 3352 ut
1944 3297 2067 3354 aliis

502 3397 742 3458 videtur,
769 3393 887 3447 sine
925 3407 1113 3456 uxore,
1142 3390 1493 3445 nihilominus
1538 3389 1630 3461 qui
1664 3389 1801 3444 liber
1840 3401 2066 3445 vocatus

503 3496 608 3550 est,
655 3501 842 3540 servus
884 3495 969 3539 est
1026 3483 1245 3538 Christi.
1300 3482 1439 3548 Quid
1488 3491 1574 3536 est
1614 3490 1798 3536 autem
1848 3497 2067 3536 servum

501 3591 625 3633 esse
639 3577 862 3643 Christi,
890 3576 1154 3646 nisi-quod
1174 3583 1256 3629 est
1272 3589 1487 3629 servum
1513 3588 1633 3628 esse
1653 3574 1800 3628 verbi
1815 3573 1906 3626 Dei
1931 3571 2070 3640 (97),

504 3667 803 3737 sapientiae,
845 3666 1090 3737 justitiaa,
1143 3664 1411 3728 veritatis,
1457 3673 1511 3717 et
1559 3665 1798 3717 omnium
1849 3665 2070 3718 omnino

500 3763 787 3824 virtutum,
823 3775 943 3829 quae
975 3759 1155 3814 omnia
1184 3759 1441 3814 Christus
1475 3759 1597 3814 est?
1631 3758 1736 3812 Sed
1769 3767 1823 3812 et
1851 3757 2066 3823 illud,si

500 3855 733 3919 videtur,
763 3853 819 3908 in
855 3853 956 3908 hoc
984 3853 1103 3907 loco
1133 3853 1418 3920 addamus,
1455 3851 1597 3921 quod
1647 3851 1787 3906 sicut
1815 3853 2066 3915 scientia,

499 3944 620 4018 quin
666 3963 805 4001 nunc
852 3944 1015 4000 datur
1045 3945 1274 4009 sanctis,
1307 3959 1402 4012 per
1432 3943 1709 4012 speculum
1745 3945 1903 3996 datur
1927 3951 1980 3996 et
2013 3941 2064 3994 in

497 4039 781 4108 aenigmate
813 4036 946 4108 (98),
972 4047 1027 4091 et
1054 4038 1361 4106 prophetia,
1390 4044 1444 4089 et
1482 4045 1678 4089 czetera
1711 4034 1848 4088 dona
1888 4032 2065 4102 Spiri-

501 4141 588 4186 tus
646 4131 880 4186 sancti“
918 4144 932 4180 :
966 4130 1036 4182 ita
1088 4138 1143 4183 et
1197 4127 1441 4191 libertas,
1491 4141 1609 4195 quae
1667 4141 1813 4179 nunc
1865 4125 2068 4179 sanctis

501 4231 813 4292 praestatur,
854 4221 1089 4275 nondum
1124 4219 1280 4290 plena
1304 4219 1532 4273 libertas
1555 4228 1659 4282 est,
1691 4219 1784 4272 sed
1810 4217 1954 4271 velut
1977 4233 2066 4284 per

573 4360 619 4392 ⁸⁸
648 4361 667 4414 1
697 4360 819 4414 Cor.
845 4374 943 4417 vn.
979 4359 1034 4412 4.
1079 4360 1124 4391 ⁸⁷
1159 4357 1293 4414 ibid.
1324 4357 1408 4411 l5.
1470 4358 1515 4390 ⁸⁸
1538 4357 1667 4411 ibid.
1720 4357 1810 4411 2L
1854 4357 1897 4389 ⁶⁹
1945 4357 2053 4411 ibid

573 4446 624 4494 ιι,
659 4432 744 4484 12.
830 4432 876 4462 ⁷⁸
908 4429 1067 4484 Rom.
1103 4445 1142 4494 ι,
1164 4431 1213 4483 1.
1313 4428 1359 4460 ’⁸
1391 4427 1580 4481 Matth.
1604 4443 1737 4489 χιιι,
1770 4427 1858 4480 14.
1949 4428 1994 4459 ⁷⁸
2020 4427 2058 4480 ll

2273 4355 2318 4384 ⁷⁰
2348 4355 2544 4420 Philip.
2577 4367 2604 4405 ι’

2191 4441 2243 4494 g.
2273 4439 2386 4484 xm,
2411 4423 2500 4486 24,
2535 4421 2604 4475 25

2160 4442 2243 4486 eg.
2273 4442 2386 4484 XIII,
2411 4442 2500 4486 24,
2535 4442 2624 4475 Ζῧο

503 4446 624 4495 xm,
659 4432 744 4484 12.
830 4432 876 4462 ⁷⁸
908 4429 1067 4484 Rom.
1103 4445 1142 4494 ι,
1164 4431 1213 4483 1.
1313 4428 1359 4460 ’⁸
1391 4427 1580 4481 Matth.
1604 4443 1737 4489 χιιι,
1770 4427 1858 4480 14.

2177 3219 2331 3265 catus
2355 3212 2614 3280 propheta
2665 3208 2801 3276 fuit;
2841 3210 2888 3264 si
2929 3218 3110 3264 autem
3142 3221 3198 3264 et
3226 3210 3455 3276 electus,
3483 3212 3581 3280 ipse
3603 3211 3682 3264 dis-

2176 3302 2370 3362 cutito,
2415 3301 2671 3368 quoniam
2715 3300 2935 3369 quidem
2988 3300 3289 3368 prohibitus
3339 3315 3522 3370 panem
3569 3314 3681 3352 man-

2175 3393 2373 3446 ducare
2395 3392 2449 3445 in
2481 3389 2669 3455 Israel,
2701 3390 3064 3456 manducavit,
3113 3400 3170 3445 et
3210 3391 3553 3461 interemptus
3573 3399 3639 3445 est
3659 3405 3681 3443 ι

2175 3482 2332 3537 leone
2362 3483 2460 3553 (5).
2491 3482 2628 3537 Sunt
2661 3491 2716 3536 et
2747 3480 2900 3535 multi
2930 3485 3108 3537 vocati
3141 3482 3391 3552 magistri
3427 3497 3518 3552 per
3538 3495 3680 3536 omnes

2173 3573 2445 3628 Ecclesiae
2477 3574 2592 3638 Dei,
2623 3583 2680 3627 et
2708 3573 2885 3627 vocati
2937 3573 3216 3637 ministri;
3264 3573 3365 3626 sed
3410 3571 3575 3626 nescio
3613 3569 3679 3637 qui

2175 3664 2229 3719 in
2266 3665 2350 3719 his
2383 3663 2548 3720 electi
2579 3663 2820 3734 magistri
2846 3664 2980 3728 sint,
3014 3673 3071 3716 et
3097 3663 3256 3718 electi
3291 3663 3623 3721 ministri.Sic
3640 3671 3680 3715 et

2176 3767 2305 3829 puto
2330 3771 2450 3813 esse
2486 3759 2746 3826 quosdam
2785 3765 3006 3810 vocatos
3033 3755 3250 3824 quidem
3276 3767 3338 3810 ut
3361 3752 3678 3828 patiantur-(tl

2175 3866 2274 3921 pro
2316 3850 2554 3914 Christo,
2609 3864 2714 3904 non
2760 3858 2938 3903 tamen
2990 3848 3224 3910 electos;
3259 3848 3314 3902 id
3363 3859 3462 3914 est,
3507 3857 3678 3902 vocatos

2177 3952 2464 4014 martyres,
2489 3943 2581 3996 sed
2607 3957 2711 3995 non
2748 3941 2952 3995 electos
2980 3938 3057 4012 (5)
3086 3952 3390 4011 martyres:
3423 3951 3476 3994 ut
3501 3948 3605 3994 sunt
3623 3938 3677 3990 illi

2173 4039 2262 4104 qui
2311 4043 2432 4105 post
2484 4042 2873 4087 tormentorum
2923 4045 3123 4100 agones
3176 4042 3232 4085 et
3281 4045 3568 4092 carcerum,
3599 4041 3675 4080 non

2175 4141 2343 4196 usque
2370 4127 2435 4180 ad
2465 4124 2623 4178 linem
2655 4124 2708 4178 in
2757 4123 3117 4178 confessionis
3154 4124 3436 4176 tolerantia
3469 4121 3677 4191 perdura-

2175 4224 2316 4268 rnnt.
2369 4215 2463 4268 Est
2500 4222 2553 4268 et
2591 4223 2780 4268 vocata
2817 4213 2989 4283 virgo,
3033 4211 3131 4266 sed
3170 4226 3275 4266 non
3333 4212 3494 4268 electa
3536 4211 3674 4276 virgo:

2273 4353 2318 4384 ⁷⁰
2348 4351 2544 4420 Philip.
2577 4367 2650 4422 tv,
2687 4351 2742 4407 ὅ.
2813 4351 2856 4384 ⁷¹
2885 4350 2905 4405 Ι
2934 4350 3060 4407 Cor.
3086 4365 3186 4414 xu,
3211 4349 3244 4404 8
3273 4364 3394 4422 seq.
3465 4351 3506 4380 τ’
3527 4347 3561 4402 ll
3578 4345 3672 4401 Cor.

573 4546 684 4620 (92)
710 4546 806 4602 Ms.
831 4547 1030 4616 Regius
1053 4561 1211 4620 num.
1238 4545 1830 4620 [659.commemorata
1848 4546 2070 4620 servitus
2105 4554 2146 4607 ι)
2187 4612 2216 4620 Α
2246 4541 2359 4620 (97)
2420 4541 2513 4595 Sic
2567 4556 2697 4594 mss.
2744 4539 3006 4608 plerique.
3053 4537 3270 4620 Caneri.
3289 4551 3430 4620 ferro
3466 4543 3515 4620 et
3544 4534 3674 4620 efltlli'.

501 4616 821 4674 ac'libertas
866 4618 1194 4674 assumitur?
1232 4617 1429 4673 Caeteri
1472 4632 1604 4672 mss.
1652 4627 1708 4670 et
1745 4617 1877 4670 editi
1913 4623 1971 4668 ut
2013 4616 2066 4669 in

503 4700 675 4746 textu.

575 4758 688 4830 (93)
731 4757 895 4821 Editi,
924 4756 1099 4830 alteri.
1134 4755 1202 4812 Et
1223 4754 1363 4811 infra
1390 4771 1524 4813 mss.
1555 4755 1772 4826 quidam
1798 4769 1922 4812 cum
1945 4754 2065 4810 edi-

501 4827 610 4894 tis,
642 4827 750 4883 esse
772 4827 1153 4883 reuertendum.

573 4893 690 4971 (94)
738 4898 831 4971 Sic
877 4913 1008 4952 mss.
1061 4895 1254 4959 nostri,
1300 4895 1626 4971 Salodianus
1679 4902 1736 4950 et
1779 4893 2061 4950 Merlinus.

498 4965 882 5027 Genehrardus
913 4983 1065 5033 vero,
1099 4983 1276 5021 servus
1306 4965 1710 5035 estappellatus.

570 5040 680 5111 (95)
706 5040 779 5094 lta
815 5052 1162 5111 omnesmss.
1198 5037 1388 5111 nostri.
1425 5034 1565 5088 Editi
1597 5049 1743 5111 vero,
1778 5050 1872 5111 pro
1894 5034 2066 5086 aetio-

501 5125 564 5161 ne
581 5106 820 5163 'vir'tutis.
851 5109 1055 5162 Deinde
1085 5119 1217 5160 mss.
1252 5106 1451 5174 plures,
1483 5115 1530 5158 et
1558 5122 1650 5173 pro
1676 5106 1850 5174 jugali
1884 5120 2064 5157 neces-

499 5179 670 5239 sitate,
697 5191 800 5231 etc.

569 5248 681 5319 (96)
715 5248 811 5301 Ms.
840 5247 1007 5300 codex
1035 5244 1397 5319 Ebroicensis,
1424 5243 1616 5311 adjuva
1656 5243 1776 5297 illas
1795 5259 1914 5312 qua:
1943 5259 2061 5296 rum

500 5316 614 5382 ipsa
663 5316 816 5380 sunt;
853 5319 976 5383 quia
1025 5331 1140 5368 cum
1171 5316 1279 5382 ipse
1306 5331 1481 5367 servus
1521 5324 1673 5376 esset,
1708 5329 1770 5366 ea:
1799 5329 2056 5366 consensu

499 5387 632 5438 liber
662 5387 894 5455 effectus,
922 5400 1122 5455 servum
1170 5401 1242 5448 se,
1294 5385 1611 5455 etctfiodex
1636 5396 1832 5455 autem
1859 5383 2051 5455 Vallis-

501 5453 764 5517 clara',”et
793 5454 1147 5523 unusltegius
1181 5469 1326 5506 num.
1363 5453 1520 5518 1639,
1552 5453 1745 5522 adjuva
1778 5453 1920 5509 illas.
1947 5453 2051 5517 Qui

499 5541 617 5578 cum
652 5527 762 5592 ipsa
789 5541 852 5577 ex
876 5539 1126 5576 consensu
1156 5524 1284 5575 liber
1315 5523 1528 5590 e/fectus
1573 5535 1672 5585 est,
1694 5535 1800 5576 etc.
1827 5523 1967 5575 Editi
1998 5533 2053 5577 et

501 5594 637 5647 alter
675 5609 772 5648 ms.
807 5593 1006 5663 Regius
1043 5608 1189 5645 num.
1227 5592 1382 5655 1640,
1417 5593 1611 5662 adjuva
1635 5594 1753 5645 illas
1783 5607 1898 5663 qua:
1930 5609 2048 5663 cum

496 5665 609 5730 ipsa
634 5672 774 5718 sunt.
810 5661 905 5716 Ez'
932 5677 1185 5715 consensu
1231 5663 1392 5730 igitur
1419 5661 1511 5732 (at.
1535 5664 1689 5732 deest
1717 5662 1896 5730 igitur)
1926 5661 2056 5714 liber

495 5733 710 5802 eﬂ'ertus
745 5750 972 5793 servum,
1006 5741 1136 5798 etc.;
1167 5739 1259 5787 sed
1293 5731 1494 5788 rectius
1526 5748 1629 5786 IIIS.
1661 5731 1861 5801 Regius
1903 5747 2053 5786 num.

497 5805 655 5864 1611.
685 5806 822 5858 utin
857 5813 1027 5858 textu.

2160 4834 2298 4886 te...,
2333 4835 2382 4879 et
2412 4836 2465 4877 ut
2497 4833 2685 4877 ewtera

2159 5658 2292 5722 pali.

2177 4601 2318 4677 Quid
2342 4601 2422 4666 ἐει
2469 4621 2644 4665 autem
2690 4601 2912 4663 servum'
2933 4625 3042 4663 esse
3074 4608 3313 4662 Christi?
3354 4607 3499 4672 Quod
3520 4614 3582 4657 est
3606 4601 3673 4670 (al.

2175 4687 2343 4740 deest.
2374 4682 2511 4744 quod
2541 4679 2637 4744 est)
2674 4695 2878 4734 servum
2894 4696 3004 4733 esse
3034 4681 3174 4733 uerbi
3206 4677 3323 4748 Dei,
3356 4688 3458 4748 etc.
3550 4737 3560 4748 ο

2230 4754 2346 4826 (98)
2387 4753 2528 4808 Editi
2560 4753 2831 4826 plerique,
2863 4760 2940 4805 est
2976 4764 3070 4818 per
3095 4747 3359 4815 speculum
3393 4745 3445 4796 in
3472 4745 3672 4805 mitigam-

2243 4823 2298 4886 ζ..
2328 4823 2382 4879 et
2412 4836 2465 4877 ut
2497 4833 2685 4877 ewtera
2715 4823 2877 4880 dona,
2911 4831 3014 4874 etc.

2243 4892 2354 4959 (99)
2388 4889 2480 4942 Sic
2536 4902 2634 4940 ms.
2684 4886 2886 4959 Regius
2953 4899 3111 4959 num.
3149 4882 3324 4959 1639._
3355 4880 3533 4959 Crateri
3567 4889 3673 4959 fere

2174 4946 2622 5020 ιιιέε..ἰὶιι1)ιιιιιιε
2655 4966 2708 5011 et
2731 4946 2882 5020 editi,
2913 4953 3160 5022 praevidet
3185 4955 3420 5024 eteligit,
3449 4951 3513 5005 al.
3537 4946 3666 5024 eleg??-

2173 5032 2374 5110 Deinde
2415 5043 2516 5083 ms.
2569 5041 2708 5082 unus
2753 5025 2954 5094 Regius
2986 5040 3131 5076 num.
3156 5023 3315 5087 16M,
3346 5033 3436 5076 aut
3463 5033 3613 5074 seruus
3634 5030 3672 5064 tu

2167 5116 2429 5168 conjugto.
3666 5152 3671 5159 Ι

2239 5170 2314 5238 (1)
2344 5168 2484 5222 Editi
2536 5175 2592 5222 et
2639 5180 2771 5220 mss.
2810 5159 3262 5235 quidaszulti
3318 5159 3500 5224 vocati,
3552 5167 3671 5223 palm

2165 5239 2333 5378 elegi).
2349 5307 2440 5362 Sic
2469 5322 2598 5362 mss.
2639 5313 2693 5360 et
2741 5305 3022 5360 Rabanus.
3057 5300 3202 5356 Editi
3226 5314 3376 5364 vero,
3407 5299 3596 5367 eiectus
3615 5300 3669 5344 est

2161 5382 2340 5447 τινα»άο
2370 5389 2419 5432 et
2447 5379 2705 5447 proditor:

2231 5449 2306 5518 (5)
2339 5431 2416 5500 Ita
2447 5431 2576 5502 inss.
2607 5457 2662 5501 et
2685 5445 2963 5501 Rabanus.
2993 5441 3136 5497 Editi
3169 5454 3317 5504 vero,
3347 5450 3394 5493 et
3424 5431 3673 5492 revertendo

2157 5530 2338 5585 captus
2367 5529 2439 5569 est
2465 5535 2496 5570 a
2524 5521 2691 5570 leone.

2229 5587 2305 5657 (4)
2341 5588 2432 5642 Sic
2462 5603 2595 5643 mss.
2629 5587 2798 5641 nostri
2845 5592 2900 5640 et
2956 5583 3232 5640 Rabanus.
3276 5580 3436 5646 Editi,
3466 5580 3673 5649 putantur

2235 5727 2309 5795 (5)
2345 5725 2586 5850 Sidam:
2619 5728 2827 5782 electos.
2891 5725 3014 5782 llrcc
3057 5725 3428 5782 desiderantur
3456 5720 3506 5774 in
3548 5709 3672 5770 libri!

2240 5815 2318 5850 [Cll
2348 5819 2393 5850 Ct
2419 5811 2527 5850 llis.

2164 5814 2318 5850 ειιιιυιι
2348 5811 2527 5852 ριιιιιδ.
