3754 6542
59 426 147 482 819
788 416 797 427 ’
985 407 1338 475 (ΖΟΜΜῙΕΝΤ.
1374 416 1444 474 IN
1478 416 1600 471 ΕΡιὲ

1743 414 1834 469 ΔΙ)
1871 413 2038 472 ROM.
2078 413 2210 469 LIB.
2250 413 2293 470 1.
2909 470 2917 478 ,
3176 416 3283 472 850

56 556 143 594 nuit
169 535 308 591 dicit
343 555 356 589 :
392 534 493 599 Qui
520 533 922 602 prtcdestinatus
946 548 1021 589 est
1064 535 1237 592 Filius
1270 536 1369 592 Dei
1398 537 1453 589 in
1493 535 1601 590 uir-
1630 538 1681 598 Α
1707 534 1902 602 spiritu
1925 530 2379 587 sanctiﬁcationis
2399 529 2484 585 vel
2510 530 2710 586 divina:
2734 532 2952 587 virtutis
2971 533 3276 589 substantia

57 643 146 683 mte
178 628 461 682 secundum
496 627 743 693 spiritum
777 628 1214 694 sanctiﬁcationis
1247 630 1323 684 ":
1355 628 1473 692 sed,
1495 626 1602 693 Qui
1706 624 2065 687 nominatur;
2116 623 2182 676 de
2234 636 2339 690 qua
2376 620 2504 673 alibi
2540 622 2658 689 ipse
2699 619 2949 679 Salvator
2975 622 3127 687 dicit,
3154 624 3278 689 quia

57 721 323 775 destinatus
348 726 424 768 est
449 713 628 768 Filius
664 714 760 768 Dei
786 713 926 785 (23).
958 713 1022 769 Et
1053 731 1208 771 nemo
1231 725 1383 786 putet
1406 729 1504 768 nos
1534 714 1601 768 de
1704 716 1871 770 tristis
1904 725 1978 768 est
2003 715 2183 768 anima
2214 729 2330 766 mea
2355 729 2514 780 usque
2537 714 2606 764 ad
2638 723 2856 766 mortem
2879 713 2960 774 ἰς
2987 724 3040 766 et
3069 732 3083 768 :
3121 714 3279 768 Nunc
3310 719 3331 739 '

58 818 138 868 hoc
157 822 408 864 sermone
439 807 712 861 curiosius
745 823 910 877 quam
961 823 1049 862 res
1094 808 1317 879 patitur,
1351 821 1602 878 perscru-
1704 804 1885 858 anima
1910 819 2024 856 mea
2056 802 2275 855 turbata
2303 814 2378 855 est
2400 803 2445 832 “
2472 821 2483 856 :
2513 817 2677 871 quam
2707 812 2762 855 et
2793 818 2820 854 a
2849 804 3143 870 semetipso
3183 818 3279 871 pu-

60 904 163 959 tari.
208 900 469 967 Quamvis
500 901 645 955 enim
694 901 749 954 in
800 900 1010 955 Latinis
1056 899 1455 971 exemplaribus
1485 899 1599 969 (24)
1702 896 1834 958 suit,
1871 893 1981 948 imo
2008 908 2129 963 qua:
2156 891 2272 963 (‘29)
2315 908 2488 962 usque
2539 893 2606 945 ad
2652 892 2924 946 infernum
2977 894 3278 954 descendit.

61 993 435 1064 predestinatus
458 991 630 1046 soleat
653 992 908 1056 inveniri,
934 1002 1113 1047 tamen
1139 993 1433 1046 secundum
1456 992 1600 1062 quod
1710 988 1777 1041 de
1805 1001 1911 1056 qua
1942 994 1999 1040 et
2036 984 2238 1038 dicitur
2266 1003 2279 1038 :
2313 982 2437 1037 Non
2473 984 2804 1055 derelinques
2842 986 3073 1038 animum
3111 1001 3280 1038 meant

61 1082 507 1153 interpretationis
552 1081 754 1135 veritas
787 1081 970 1145 habet,
1016 1082 1306 1136 destinatus
1341 1081 1600 1150 scriptum
1704 1077 1762 1130 in
1792 1076 2004 1146 inferno
2031 1075 2099 1130 ".
2131 1076 2353 1131 Certum
2385 1082 2468 1128 est
2489 1074 2635 1127 enim
2662 1074 2786 1143 quia
2815 1075 2926 1128 haec
2959 1089 3065 1128 non
3095 1076 3161 1128 de
3196 1089 3284 1127 se-

62 1184 142 1239 cst,
180 1188 278 1227 non
310 1171 745 1241 praedestinatns.
800 1169 1114 1225 Destinatur
1172 1172 1318 1226 enim
1367 1170 1457 1228 ille
1507 1172 1599 1240 qui
1702 1171 1852 1225 mine
1898 1168 2067 1223 David
2120 1176 2380 1238 generata
2437 1164 2529 1220 sit.
2585 1164 2726 1221 Dicit
2763 1166 2908 1219 enim
2958 1165 3085 1234 quia
3137 1166 3280 1234 quod

60 1264 579 1334 est.pr:edestiuatttr
610 1278 741 1317 vero
769 1263 860 1317 ille
900 1264 992 1332 qui
1039 1264 1277 1317 nondum
1322 1272 1429 1328 est,
1459 1263 1602 1319 sicut
1705 1263 1909 1314 factum
1960 1269 2045 1314 est
2095 1274 2161 1312 ex
2210 1259 2417 1313 semine
2468 1256 2662 1320 David,
2713 1254 3006 1310 secundum
3058 1269 3277 1308 carnem

63 1361 103 1414 lsi
128 1363 181 1413 de
207 1358 402 1429 quibus
427 1355 541 1428 (25)
584 1356 717 1411 dicit
754 1355 1048 1426 Apostolus
1088 1356 1130 1387 "
1177 1375 1190 1411 :
1239 1355 1384 1421 Quos
1424 1366 1600 1409 autem
1701 1366 1785 1410 est
1806 1353 1876 1410 “.
1907 1353 2045 1419 Quia
2101 1366 2233 1422 ergo
2263 1365 2440 1427 neque
2471 1350 2524 1404 in
2555 1364 2623 1404 eo
2648 1350 2792 1418 quod
2832 1348 3129 1403 secundum
3156 1361 3280 1405 car-

64 1455 302 1523 pmcivit,
338 1453 460 1507 illos
516 1462 566 1505 et
614 1452 1031 1521 pra’destinavit.
1077 1451 1328 1507 Prasseiri
1366 1466 1499 1523 ergo
1545 1461 1602 1506 et
1702 1461 1824 1501 nem
1853 1454 1957 1510 est,
1979 1443 2190 1498 videtur
2215 1444 2586 1508 annumerari,
2615 1456 2788 1509 neque
2812 1439 2864 1493 in
2895 1453 2959 1492 eo
2990 1438 3080 1492 ubi
3114 1439 3279 1492 desti-
3326 1442 3329 1445 '

67 1548 403 1619 prudestinari
438 1556 666 1617 possunt
690 1546 768 1599 illi
797 1547 891 1615 qui
917 1545 1159 1601 nondum
1192 1555 1360 1611 sunt;
1392 1545 1481 1601 ille
1504 1559 1601 1599 au-
1703 1547 1863 1593 natur
1882 1537 1996 1608 (30)
2021 1536 2198 1592 Filius
2252 1534 2346 1589 Dei
2375 1534 2429 1587 in
2460 1533 2661 1587 virtute
2704 1532 3000 1586 secundum
3028 1529 3276 1598 spiritum

68 1655 148 1697 tem
172 1641 253 1710 qui
283 1650 390 1706 est,
419 1651 475 1695 et
499 1653 718 1709 semper
748 1648 852 1703 est,
884 1653 992 1693 non
1034 1639 1474 1709 praidestinatur,
1506 1639 1600 1694 sed

1743 1630 2158 1686 tuctilicationis
2204 1630 2282 1694 ³⁵,
2333 1636 2466 1698 puto
2535 1626 2679 1695 quod
2740 1623 3129 1679 consuetudine
3177 1637 3277 1677 sua

67 1735 343 1789 destinatur.
380 1734 507 1788 Haec
543 1734 688 1788 dicta
731 1733 844 1788 sint
871 1748 901 1786 a
938 1733 1094 1787 nobis
1143 1741 1361 1802 propter
1384 1747 1481 1787 eos
1506 1731 1598 1801 qui

67 1830 105 1880 in
128 1827 443 1894 unigenitum
476 1827 673 1882 Filium
706 1825 801 1880 Dei
830 1824 1167 1895 impietatem
1198 1824 1512 1894 loquuntur,
1543 1831 1599 1878 et

1704 1723 2002 1789 Apostolus
2031 1730 2214 1775 utatur
2240 1722 2412 1777 etiam
2443 1720 2496 1774 in
2528 1718 2630 1773 hoc
2652 1718 2791 1783 loco,
2823 1717 3002 1772 sciens
3044 1715 3277 1769 mediam

1703 1830 1918 1885 semper
1953 1828 2075 1869 esse
2106 1816 2349 1868 animam
2381 1812 2526 1866 inter
2555 1809 2809 1880 spiritum
2843 1817 2902 1861 et
2938 1822 3180 1871 carnem,
3222 1815 3278 1861 et
3360 1806 3361 1809 “

68 1920 334 1987 ignorantes
380 1918 750 1985 diﬁ'erentiatn
805 1919 1062 1975 destinati
1101 1927 1157 1973 et
1208 1917 1598 1988 praedestinati,
1631 1903 1674 1959 Β
1704 1908 2055 1979 aullunsere
2078 1922 2141 1962 se
2167 1907 2343 1971 03ml.
2377 1902 2592 1960 θιεῧίθί
2615 1917 2778 1956 unum
2806 1917 2927 1957 cum
2954 1915 3153 1963 came;
3184 1910 3277 1953 θυι

68 2020 348 2080 putanteutn
399 2012 546 2066 inter
599 2026 696 2067 eos
742 2011 859 2081 qui,
902 2026 1027 2064 cum
1065 2018 1193 2066 ante
1227 2025 1332 2064 non
1373 2008 1596 2074 fuerint,

69 2101 391 2173 praedestinati
440 2111 570 2158 sunt
622 2112 682 2156 ut
735 2110 943 2165 essent,
996 2102 1393 2155 numerandum
1441 2119 1454 2155 :
1505 2100 1597 2170 qui

70 2210 293 2264 nunquam
314 2195 741 2264 praedestinatus
762 2202 848 2248 est
874 2200 934 2246 ut
955 2203 1104 2247 esset
1128 2191 1319 2256 Filius,
1348 2194 1440 2248 sed
1462 2209 1600 2248 sein-

71 2286 251 2353 perluit
279 2296 333 2341 et
366 2295 451 2342 est
480 2287 593 2359 (26)
630 2288 772 2343 sicut
808 2295 866 2341 et
901 2284 1084 2341 Pater.
1133 2286 1234 2352 Qui
1282 2300 1413 2355 ergo
1456 2301 1598 2341 sem-

70 2397 140 2447 per
159 2393 250 2447 est,
274 2381 603 2445 destinatur,
630 2390 687 2434 ut
710 2380 970 2445 diximus,
1003 2396 1109 2434 non
1137 2377 1594 2450 p'ratdestinatur;

70 2475 136 2543 qui
154 2483 312 2530 autem
347 2473 799 2544 praedestinatur,
857 2472 1094 2526 nondum
1141 2481 1259 2526 erat
1302 2481 1429 2526 tune
1469 2486 1594 2527 cum

72 2565 521 2630 pradestinaretur,
551 2564 647 2619 sed
684 2565 859 2636 etepit
889 2581 958 2620 ex
989 2574 1252 2633 tempore.
1280 2562 1595 2618 Necessaria

73 2658 194 2725 igitur
240 2659 587 2714 distinctione
640 2658 937 2726 Apostolus
985 2658 1178 2721 utitur,
1233 2672 1356 2711 eum
1399 2658 1495 2727 qui
1527 2672 1595 2712 ex

73 2750 230 2803 semine
251 2747 417 2805 David
440 2751 740 2806 secundum
767 2765 989 2804 carnem
1014 2758 1122 2815 est,
1146 2749 1350 2803 factum
1373 2751 1591 2816 dicens;

73 2855 159 2896 eum
195 2858 310 2898 vero
352 2859 515 2914 quem
564 2844 760 2898 Filium
813 2843 911 2898 Dei
956 2845 1013 2897 in
1067 2844 1259 2903 virtute
1307 2843 1593 2897 secundum

75 2935 264 2998 spiritum
304 2936 754 3004 sanctiﬁcationis
808 2936 853 2968 ‘°
905 2936 1180 3000 nominat,
1242 2935 1591 2990 destinatum.

76 3026 232 3082 Etenim
258 3045 377 3085 eum
407 3031 639 3085 dixisset
666 3027 869 3083 Filium
912 3026 1035 3093 Dei,
1064 3041 1172 3081 non
1197 3024 1475 3096 superﬂuo
1504 3027 1597 3081 ad-

76 3119 189 3187 didit,
215 3122 262 3175 in
295 3122 498 3186 virtute,
522 3121 767 3176 indicans
794 3135 892 3190 per
903 3120 1005 3174 hoe
1020 3118 1163 3188 quod
1180 3119 1485 3174 substantia
1509 3118 1597 3174 Fi-

78 3209 150 3264 lius
170 3212 229 3267 sit
250 3214 538 3268 secundum
565 3212 815 3281 spiritum
843 3209 1315 3267 sanctiﬁcationis.
1342 3210 1594 3267 Christus

78 3299 349 3374 ἵιθθθπιίω
396 3301 494 3357 Dei
548 3302 723 3355 virtus
771 3309 825 3355 et
869 3298 964 3352 Dei
996 3297 1262 3367 sapientia
1292 3297 1497 3352 dicitur
1524 3298 1592 3365 ",

79 3395 141 3460 qui
162 3407 207 3448 et
229 3411 386 3465 vapor
429 3394 650 3447 virtutis
694 3392 810 3457 Dei,
842 3400 899 3445 et
928 3391 1165 3444 tnanatio
1196 3390 1379 3459 gloria:
1407 3388 1596 3444 Omni-

80 3488 259 3552 potenlis
296 3487 614 3556 purissima,
665 3495 720 3539 et
762 3482 1019 3552 splendor
1059 3482 1195 3536 lueis
1246 3490 1486 3547 aeternae,
1538 3494 1596 3536 et

83 3579 213 3650 imago
246 3582 505 3636 bonitatis
538 3578 634 3634 Dei
663 3576 971 3648 appellatur
995 3577 1063 3630 ’°.
1092 3576 1204 3647 (27)
1231 3574 1338 3631 Sed
1369 3575 1595 3645 requiri-

84 3678 160 3735 tur,
186 3673 221 3727 si
245 3674 291 3728 id
321 3673 464 3744 quod
503 3672 570 3727 de
596 3670 809 3727 semine
842 3666 1011 3720 David
1046 3668 1295 3723 nascitur
1324 3665 1464 3736 (28),
1508 3680 1598 3720 se-

85 3765 265 3817 cundum
293 3779 510 3821 carnem
546 3772 655 3827 est,
686 3761 832 3830 quod
861 3773 991 3813 vero
1023 3759 1077 3814 in
1111 3760 1313 3813 virtute
1355 3758 1600 3812 destina-

84 3860 144 3906 tur
165 3858 432 3911 secundum
478 3854 737 3925 spiritum
779 3851 1257 3915 sanctiﬁcationis,
1291 3846 1464 3903 Filius
1505 3848 1600 3904 Dei

85 3947 178 4000 etin
206 3949 492 4003 substantia
530 3947 625 4004 Dei
661 3956 767 4011 est.
794 3945 1065 4019 quomodo
1102 3942 1482 4013 accipiendum
1517 3949 1604 3995 est

87 4038 132 4091 de
154 4040 303 4095 anima
333 4040 487 4104 Iesu.
522 4056 643 4110 quae
683 4042 770 4096 hic
809 4054 1153 4110 nequaquam
1188 4051 1312 4090 cum
1360 4049 1525 4089 carne
1547 4044 1603 4090 et

160 4130 351 4185 “an.
378 4150 413 4198 ι,
444 4132 500 4186 4.
581 4133 622 4163 ³⁷
656 4132 813 4185 lieni.
845 4148 964 4197 \‘lll,
989 4133 1081 4184 ξίε).

89 4194 150 4250 38.
207 4203 244 4232 ²²
275 4194 420 4259 δορὴ.
444 4219 540 4265 xu,
568 4203 658 4256 27.
736 4203 780 4233 ’³
805 4194 1063 4263 Ρδειιζχν,
1094 4200 1180 4253 ll").

90 4267 292 4325 "Matth.
319 4273 503 4338 xtx,6.
584 4275 628 4305 ”
650 4272 812 4328 lCor.
836 4290 874 4337 ι,
896 4271 986 4327 50.

140 4363 224 4436 (Ξὸ)
252 4367 400 4433 Editi,
436 4372 529 4439 qui
572 4370 865 4423 destinatus
908 4378 983 4421 est
1034 4346 1207 4419 Filius
1250 4363 1345 4418 Dei
1390 4367 1444 4416 in
1496 4363 1604 4418 uir-
1635 4365 1681 4422 D

93 4441 183 4491 ιιιε.

141 4505 402 4587 (ἰθΕᾱὶξί,
432 4511 491 4563 in
520 4508 738 4587 Latinis
777 4508 1045 4563 codicibus
1088 4522 1137 4562 et
1186 4504 1597 4575 exemplaribus.

96 4571 242 4632 Deinde
264 4571 517 4634 omittunt
543 4580 851 4633 secundum.

144 4645 230 4712 (9.5)
271 4649 353 4703 Sic
401 4666 508 4704 ms.
563 4650 766 4715 Regius
811 4664 961 4703 num.
1014 4647 1173 4701 16M.
1227 4643 1419 4700 Caeteri
1466 4662 1600 4700 vero

98 4727 207 4777 ωδε..
233 4718 491 4785 Rabanus,
528 4728 585 4774 et
612 4719 763 4781 editi,
796 4720 911 4781 alii,
943 4720 1080 4772 sicut
1112 4723 1175 4772 de
1200 4717 1282 4769 Itis
1314 4716 1379 4770 de
1413 4718 1599 4786 quibus

97 4786 343 4864 (aliquibus
384 4793 588 4864 DllllSSO
612 4789 698 4861 de)
746 4790 897 4855 dicit,
943 4798 1053 4844 etc.
1089 4805 1105 4854 ;
1144 4788 1306 4853 alius,
1358 4788 1494 4840 sicut
1536 4790 1602 4841 de

98 4855 345 4927 quidusdam
373 4861 521 4927 dicit,
554 4869 662 4913 etc.

147 4924 232 4994 (26)
275 4927 345 4982 ita
397 4924 516 4985 nis.
545 4928 747 4998 Regius
794 4947 944 4985 nnm.
993 4927 1124 4983 1611
1173 4946 1189 4996 ;
1239 4928 1423 4983 caeteri
1473 4943 1601 4983 vero

101 5007 213 5057 mss.
239 4998 476 5056 [tabanus
507 5010 561 5055 et
593 5001 721 5055 editi
754 5003 1010 5056 omittttnt
1037 5010 1083 5052 et
1110 5009 1210 5052 est.

148 5066 234 5135 (27)
275 5069 380 5124 Huc
430 5071 773 5126 referendum
819 5072 1036 5125 videtur
1079 5068 1221 5137 quod
1283 5067 1600 5135 Pamphilus

103 5147 254 5210 martyr
282 5140 328 5194 in
359 5141 611 5210 Apologia
642 5157 739 5196 sua
762 5158 828 5197 ex
860 5143 1000 5195 libro
1029 5143 1204 5210 primo
1248 5138 1504 5210 Epistula:
1533 5141 1600 5192 ad

105 5201 316 5290 Romanos
334 5201 671 5290 desumptum
706 5201 1117 5290 commemorat.
1151 5201 1368 5290 Quen-ut
1404 5208 1600 5275 [ortas-

102 5278 153 5350 tis
173 5278 333 5350 aliquis
370 5282 415 5335 si
461 5278 641 5337 Filius
675 5283 910 5337 citat-itas
951 5291 1048 5344 est,
1087 5282 1601 5350 praecipuepropter

103 5343 332 5417 mequod
366 5351 599 5407 Joannes
638 5358 704 5406 ad
753 5352 920 5406 Deum
972 5343 1185 5404 Patrem
1234 5343 1413 5401 retulit
1464 5343 1603 5401 hanc

105 5428 250 5485 taceat,
271 5423 436 5476 dicens
452 5439 470 5476 :
493 5424 629 5489 Quia
651 5423 790 5478 Deus
818 5422 1059 5477 Charitas
1081 5430 1162 5474 est
1179 5418 1241 5543 (ι
1256 5417 1420 5473 Joan.
1440 5433 1518 5482 tv,
1544 5418 1598 5481 8,

108 5481 185 5543 16).
206 5487 294 5543 Sed
330 5509 531 5543 rursum
567 5510 633 5543 ea:
671 5496 787 5543 ima
824 5493 941 5543 eius
989 5491 1173 5543 Euisto
1202 5508 1233 5543 a
1266 5489 1598 5543 proferemus

108 5481 294 5563 dicit:
330 5481 537 5547 για-ειυιῖ
567 5510 633 5548 ex
671 5496 787 5562 ipsa
824 5493 941 5562 ejus
989 5481 1233 5563 Epistoia
1264 5481 1599 5563 proferemus

105 5555 260 5635 etillud
279 5566 408 5635 quod
444 5564 567 5619 ait:
602 5555 946 5626 Ciiarissiini,
999 5555 1291 5635 diligamus
1336 5559 1597 5635 invicem,

107 5629 302 5707 diutinam
328 5633 579 5707 charitas
608 5651 716 5707 ex,
744 5635 852 5687 Deo
893 5631 1165 5707 est_(ibid_
1191 5630 1270 5699 7).
1326 5629 1431 5707 Qui
1478 5643 1599 5707 ergo

108 5694 374 5766 dieiuQuia
410 5704 549 5759 Deus
573 5705 811 5760 charitas
852 5694 957 5768 est,
990 5694 1102 5770 ipse
1148 5694 1336 5754 iterum
1372 5694 1604 5751 charito-

112 5769 182 5815 ιίηι
201 5770 321 5824 docet
353 5790 460 5829 esse
492 5791 556 5829 ea:
585 5775 690 5829 Deo
726 5791 744 5829 :
783 5789 943 5841 quam
967 5771 1275 5826 charitatem
1308 5785 1412 5822 non
1447 5770 1603 5841 credo

114 5841 375 5915 ruentium,
404 5847 503 5899 nisi
532 5837 871 5915 Unigenitunt
896 5840 1099 5915 Filium
1119 5841 1255 5909 ejus,
1277 5842 1411 5915 sicut
1438 5837 1604 5893 Deum

118 5914 162 5955 ετ
180 5904 282 5980 Dea,
308 5904 377 5971 ita
402 5904 703 5975 citaritate'm
730 5932 793 5973 ea:
820 5914 1076 5971 charitatc
1105 5904 1454 5982 progenitum.

1260 4197 1305 4229 ’δ
1331 4195 1488 4251 Rom.
1516 4212 1555 4264 ι,
1579 4197 1634 4251 3.

1704 2002 1917 2058 sociare
1948 2015 2010 2056 se
2041 1998 2285 2069 spiritui,
2318 2007 2378 2052 et
2409 2013 2534 2053 esse
2568 2013 2735 2052 unum
2763 2010 2886 2050 eum
2917 1993 3110 2064 spiritu
3153 2005 3170 2045 :
3206 2005 3274 2045 ex

1700 2107 1833 2163 quo,
1879 2093 1925 2148 si
1966 2092 2185 2158 quidem
2240 2105 2361 2144 cum
2415 2107 2584 2147 carne
2613 2090 2704 2153 sit,
2745 2086 2990 2142 carnales
3027 2083 3276 2159 homines

1702 2185 1879 2248 ﬁant;
1928 2184 1973 2238 si
2022 2197 2157 2238 vero
2193 2197 2318 2237 eum
2354 2182 2572 2251 spiritu,
2612 2178 2906 2251 spiritales.
2963 2177 3030 2231 Et
3070 2176 3275 2230 idcirco

1700 2274 2045 2329 extrinsecus
2067 2287 2186 2327 eam
2227 2287 2333 2326 non
2363 2271 2631 2331 nominat.
2656 2270 2751 2325 sed
2782 2283 3006 2325 carnem
3042 2275 3271 2324 tantum.

1701 2366 1789 2419 vel
1841 2365 2142 2435 spiritum;
2179 2364 2285 2418 scit
2336 2363 2485 2418 enim
2525 2360 2684 2415 alteri
2727 2361 2917 2416 horum
2964 2358 3276 2414 necessario

1702 2458 1940 2512 animam
1976 2459 2280 2522 cohaerere,
2313 2454 2456 2510 sicut
2495 2464 2552 2509 et
2596 2456 2649 2509 in
2684 2453 2772 2509 his
2805 2452 2873 2507 ad
2918 2466 3055 2520 quos
3098 2450 3258 2508 dicit:

1708 2548 1815 2604 Vos
1838 2558 2016 2601 autem
2057 2548 2115 2601 in
2147 2563 2306 2602 carne
2336 2561 2444 2600 non
2473 2546 2616 2611 estis,
2639 2545 2728 2599 sed
2760 2546 2814 2597 in
2846 2543 3036 2610 spiritu
3062 2541 3109 2572 “
3134 2557 3150 2606 ;
3175 2548 3273 2595 et:

1702 2642 1808 2709 Qui
1836 2658 1892 2696 se
1919 2641 2101 2711 jungit
2136 2639 2425 2705 meretrici,
2454 2653 2613 2692 unum
2645 2652 2838 2705 corpus
2882 2643 2959 2689 est
3001 2632 3274 2706 (meretri-

1700 2750 1818 2790 cem
1848 2734 1938 2788 hic
1967 2748 2193 2787 carnem
2237 2730 2322 2784 vel
2370 2743 2568 2798 corpus
2618 2730 2862 2796 vocans),
2888 2726 2980 2796 qui
3012 2734 3188 2780 autem
3220 2739 3279 2779 se

1688 2828 1872 2898 jungit
1901 2825 2151 2888 Domino,
2198 2840 2335 2877 unus
2374 2822 2592 2891 spiritus
2636 2830 2716 2874 est
2744 2820 2813 2874 '7.
2845 2819 2924 2873 Ita
2948 2832 3078 2887 ergo
3107 2817 3273 2871 etiam

1702 2934 1847 2975 nunc
1877 2919 2060 2973 sciens
2096 2916 2163 2970 de
2189 2916 2374 2970 anima
2403 2912 2555 2980 Jesu,
2595 2912 2721 2980 quia
2765 2911 2972 2966 sociata
3018 2908 3272 2971 Domino,

1698 3024 1753 3067 et
1780 3012 2066 3067 cohaerens
2088 3009 2166 3077 ei,
2204 3023 2346 3064 unus
2373 3020 2498 3061 eum
2545 3004 2664 3074 ipso
2712 3003 2890 3058 iactus
2931 3002 3003 3056 sit
3048 3000 3275 3069 spiritus

1699 3104 2178 3168 sanctiﬁcationis,
2236 3115 2346 3156 non
2399 3114 2519 3153 eam
2569 3097 2869 3153 nominavit
2905 3094 3269 3155 extrinsecus,

1701 3216 1767 3256 ne.
1791 3198 2027 3256 solveret
2058 3195 2240 3252 Jesum
2268 3210 2283 3248 :
2311 3194 2464 3258 Quod
2494 3193 2631 3247 enim
2650 3190 2764 3263 (3i)
2806 3188 2948 3242 Deus
2972 3184 3273 3256 conjunxit,

1697 3292 1856 3346 homo
1889 3306 1994 3346 non
2024 3296 2230 3357 separet
2254 3287 2320 3339 ⁸⁸.
2356 3282 2827 3340 Sanctiﬁcationis
2872 3292 3003 3333 vero
3048 3275 3276 3345 spiritus

1700 3384 1903 3439 dieitur
1932 3380 2231 3436 secundum
2275 3380 2376 3433 hoc
2405 3377 2549 3447 quod
2596 3374 2804 3445 praebet
2848 3371 3100 3427 omnibus
3148 3383 3277 3421 san-

1701 3477 1971 3536 etitatent,
2007 3472 2153 3526 sicut
2183 3479 2241 3525 et
2270 3468 2401 3523 alibi
2428 3469 2473 3499 "
2500 3467 2565 3521 de
2595 3480 2661 3520 eo
2703 3463 2964 3533 scriptum
2999 3468 3082 3514 est
3115 3476 3129 3513 :
3168 3455 3275 3523 Qui

1701 3570 1875 3639 factus
1906 3578 1984 3622 est
2014 3563 2275 3635 sapientia
2304 3562 2451 3615 nobis
2478 3577 2509 3613 a
2544 3557 2675 3620 Deo,
2728 3568 2775 3611 et
2801 3555 3041 3625 justitia,
3072 3563 3119 3605 et
3152 3566 3249 3604 seu

1698 3658 1975 3727 cti/icatio,
1998 3667 2044 3709 et
2065 3651 2376 3721 redemptio.
2407 3650 2601 3704 Verum
2636 3654 2940 3701 occurrunt
2969 3644 3127 3698 nobis
3155 3639 3277 3709 qui-

1697 3754 1821 3806 dant
1865 3749 2198 3820 quaestiones
2254 3742 2637 3799 acerbissimas
2684 3747 3089 3795 commoventes
3136 3734 3278 3802 (52),

1697 3841 1972 3913 quomodo
2006 3840 2259 3893 videatur
2300 3835 2552 3892 Christus
2600 3832 2935 3888 descendere
2966 3844 3033 3884 ex
3067 3827 3277 3882 semine

1701 3936 1892 3997 David,
1925 3947 2085 4002 quem
2112 3936 2325 3983 constat
2362 3942 2469 3982 non
2505 3939 2626 3980 esse
2653 3938 2721 3979 ex
2746 3919 2943 3986 Joseph
2975 3927 3185 3984 natum,
3218 3917 3272 3971 in

1698 4046 1858 4101 quem
1890 4025 2089 4093 Joscph
2125 4023 2297 4077 series
2322 4035 2390 4074 ex
2418 4018 2588 4073 David
2633 4012 3013 4069 descendentis
3043 4024 3275 4080 genera-

1162 4129 1203 4159 ¹⁸
1239 4125 1398 4180 Rom.
1444 4141 1485 4190 ι,
1520 4124 1577 4181 4.

1743 4122 1758 4175 |
1797 4122 1923 4176 Cor.
1967 4134 2008 4180 ι.
2029 4115 2119 4171 ⁸24.
2158 4112 2403 4190 “"LSap.
2434 4125 2532 4174 vn,
2556 4109 2649 4190 g5,
2674 4106 2793 4190 ἳςίς.
2818 4104 2885 4190 ﬂ“
2905 4103 3270 4190 Naturane}.

1739 4168 1784 4226 ίδ
2156 4186 2202 4216 ’⁵
2230 4168 2389 4237 Boni.
2422 4168 2530 4243 vni,
2555 4182 2609 4235 υ.
2638 4168 2646 4172 ⁷
2715 4177 2758 4208 ³⁷
2781 4177 2794 4229 Ι
2816 4175 2939 4230 Cor.
2966 4190 3039 4238 vr,
3071 4176 3154 4237 lb,
3184 4168 3272 4225 1Ἰ.

1780 4357 1894 4427 (28)
1927 4349 2425 4427 Nascitur._Dee§t_
2451 4346 2504 4399 in
2546 4354 2702 4427 antea
2744 4339 3123 4427 etlitlis..Panlo
3155 4348 3277 4409 post

1711 4411 2091 4495 ms‘ssplnres:
2118 4420 2295 4474 Filius
2328 4418 2425 4471 Dei
2451 4427 2497 4469 et
2518 4417 2818 4495 substantia
2847 4411 3066 4495 Deinest:

1919 4496 2060 4571 E_dit_i
2090 4504 2145 4547 et
2181 4507 2283 4571 nis.
2313 4502 2473 4553 unus,
2512 4488 2615 4571 into
2643 4500 2768 4554 qua,
2806 4492 2911 4536 etc.
2945 4480 3055 4536 Sed
3092 4479 3276 4534 caeteri

1704 4562 1838 4628 ms‘s.
1866 4562 1920 4622 et
1947 4565 2229 4626 Rabanus,
2260 4562 2366 4613 imo
2389 4573 2514 4626 qua,
2538 4565 2647 4610 etc.

1913 4635 2005 4690 Sic
2027 4620 2236 4707 tnss.‘e't
2267 4620 2523 4707 “abantis
2555 4641 2569 4690 ;
2604 4626 2733 4707 editi
2764 4637 3109 4707 vernamque
3133 4620 3190 4673 in
3214 4636 3274 4701 eo

1703 4691 2105 4771 ubivde'scendit,
2138 4703 2204 4755 de
2230 4717 2336 4770 qua
2369 4700 2606 4771 dicitur;
2634 4695 2748 4750 Non
2780 4691 3125 4771 tierelittques
3159 4691 3276 4742 ani-

1705 4762 1861 4835 niam
1890 4791 2067 4833 meam
2092 4762 2154 4829 in
2183 4762 2399 4827 inl’erno
2430 4766 2608 4839 (Psul.
2662 4783 2751 4830 xv,
2797 4762 2908 4836 ευ).
2942 4763 3272 4822 Destinatur,

1702 4864 1809 4905 εις.
1975 4877 1984 4886 ·

1777 4897 2106 4993 (indgnior.
2142 4914 2305 4993 Deest
2350 4911 2403 4962 in
2449 4906 2632 4962 editis.
2680 4905 2883 4993 Deinde
2908 4915 3024 4993 ιρις..

1705 4973 1853 5045 uuln.
1874 4973 2051 5051 '1639,
2090 4997 2145 5041 et
2200 4984 2476 5042 Rahanus,
2508 4993 2610 5031 non
2639 4973 2871 5045 separat.
2906 4973 3100 5027 Caneri
3136 4985 3269 5021 ntss.

1702 5074 1754 5117 et
1784 5061 1938 5123 editi,
1976 5074 2078 5111 non
2104 5062 2327 5124 separet.

1775 5130 1887 5202 (52)
1915 5114 2080 5202 Editi,
2106 5114 2288 5202 et'nis.
2322 5134 2494 5202 ‘untts,
2532 5115 2772 5202 quaedam
2803 5114 3105 5202 que-stiones
3129 5125 3274 5202 acer-

1703 5187 1913 5254 bissime
1943 5199 2037 5270 (al.
2063 5187 2336 5270 acerrime)
2364 5197 2760 5270 commoventes.
2801 5187 2906 5270 tit-d
2928 5187 3109 5270 C‘eB-lBI‘l
3135 5195 3267 5270 ipss.

1702 5252 2067 5326 et‘Rabat‘tus.
2103 5252 2330 5319 rectius:
2376 5269 2433 5311 nt
2485 5259 2533 5310 in
2589 5265 2761 5311 textu.
2820 5258 3078 5311 Socrates
3125 5252 3270 5326 Hist:

1694 5320 2111 5403 "Rufin,
2143 5350 2265 5402 cap.
2300 5333 2389 5390 52.
2421 5339 2493 5403 att
2516 5345 2528 5380 :
2555 5327 2665 5380 Καὶ
2695 5326 3074 5403 ᾖΩριχένηςβὲ
3102 5329 3159 5380 ὲν
3193 5320 3274 5403 τῷ

1703 5395 1905 5485 aptam.
1934 5395 2261 5485 ντὸμῴίξῶν
2305 5397 2552 5485 statin»:
2600 5395 3117 5485 apdq"'Pmualqvc
3155 5395 3272 5485 eat")

1714 5466 2089 5537 ’Ᾰποὸντόλὸύ
2125 5466 2502 5538 Ἐπιστολὴν,
2529 5468 2844 5540 ἑρμηνεύων
2877 5466 2993 5531 πῶς
3026 5466 3272 5529 Θεοτόκος

1703 5553 1936 5624 λέγεται,
1970 5549 2216 5610 πλατέως
2238 5546 2496 5624 ἐξήτασε.
2659 5551 2705 5624 et
2728 5539 3076 5624 _Origenes“in
3104 5541 3271 5624 primo
3336 5582 3343 5591 .

1705 5607 1841 5680 tome
1880 5607 2407 5679 Cbnnnenta'rioruin
2452 5613 2501 5666 itt
2540 5607 3020 5678 Epistolam’Panli
3060 5610 3127 5661 ad
3168 5607 3257 5661 Ro-

1711 5710 1920 5759 manos,
1947 5704 2207 5761 exponens
2251 5703 2356 5761 qua
2392 5686 2593 5737 ratione
2630 5683 2839 5761 dicatur
2871 5680 3127 5761 φάραξ-9,,
3157 5693 3270 5731 eam

1712 5751 2057 5837 quwstio‘nein
2096 5751 2352 5813 latissime
2379 5753 2898 5837 pertractavitﬁuod
2926 5754 3002 5837 ,τευ
3039 5751 3267 5837 Origene

1712 5819 1815 5894 hoc
1846 5838 1903 5893 iu
1932 5835 2051 5891 loco
2080 5819 2476 5904 pertractatuin
2502 5823 2670 5880 fuisse
2697 5819 2995 5878 verisimile
3026 5828 3131 5876 est.
