3754 6542
396 391 493 445 851

1842 418 2166 476 ORIGENIS

396 502 561 557 tionis
589 505 895 566 adducitur.
926 514 1135 580 Quibus
1166 516 1479 595 Rsccurrere
1507 529 1777 596 quamvis'
1804 536 1973 591 mole—
2001 542 2048 600 Α
2079 536 2185 591 lius
2234 536 2329 593 Dei
2362 538 2432 592 sit
2467 553 2532 594 ex
2590 545 2991 601 resurrectione
3037 560 3405 623 mortuorum,
3439 557 3656 616 diﬂicile

396 605 536 623 ιιι-..η
561 594 629 623 ιιι.
662 602 951 623 -Α-..-.ι--,-
998 604 1074 623 ιι.-
1185 600 1207 612 κ’
1287 613 1318 623 ..

392 605 536 647 Stum
560 594 633 651 sit
661 602 957 657 secundum
995 600 1504 680 "uenerationem,
1527 594 1712 672 tamen
1746 635 1967 691 respon-

378 686 598 741 ‘tletura
629 694 861 761 nostris,
890 698 1033 765 quod
1064 699 1240 755 Maria
1276 720 1401 775 qua:
1430 708 1746 778 desponsata
1768 686 1966 785 Ioseph

390 788 675 851 antequam
724 790 1058 844 convenirent
1100 793 1311 849 inventa
1356 810 1432 852 est
1490 800 1543 855 in
1578 813 1726 857 utero
1771 807 1967 862 habens

389 869 458 926 de
483 870 692 942 Spiritu
736 890 919 934 sancto
968 882 1035 948 ω,
1072 888 1366 943 secundum
1424 892 1596 963 legem
1636 897 1754 951 sine
1802 898 1965 953 dubio

391 966 684 1021 contribuli
723 985 823 1024 suo
845 981 899 1027 et
924 987 1156 1045 cognato
1183 982 1472 1051 conjuncta
1499 995 1600 1041 est.
1632 988 1693 1042 Et
1719 993 1966 1057 quamvis

392 1054 605 1111 dicatur
635 1062 702 1114 ad
743 1077 862 1117 eam
910 1068 977 1121 ab
1021 1072 1233 1145 angelo,
1282 1075 1411 1145 quia
1462 1088 1510 1130 et
1562 1054 1829 1136 Elisaheth
1876 1100 1965 1138 co-

391 1159 553 1214 gnata
589 1160 679 1205 tua
706 1155 869 1210 etiam
895 1160 1009 1226 ipsa
1033 1166 1205 1230 pariet
1225 1165 1397 1234 filium
1420 1169 1476 1222 in
1502 1182 1766 1227 senectute
1790 1192 1888 1229 sua
1916 1177 1962 1209 ³⁸

391 1234 694 1305 (Elisaheth
732 1256 913 1300 autem
939 1264 1029 1334 [ex
1078 1251 1295 1310 ﬁliabus
1335 1255 1517 1312 Aaron
1558 1275 1679 1315 esse
1707 1264 1958 1334 ,dicitur),

390 1338 572 1384 tamen
611 1318 982 1392 allirmatur/a
1028 1345 1236 1398 nostris
1281 1345 1394 1416 (ὅὸ)
1439 1351 1581 1418 quod
1624 1318 1964 1421 cognationis

386 1436 582 1477 nomen
611 1441 715 1479 non
747 1429 921 1484 solum
970 1434 1036 1486 ad
1082 1437 1434 1506 contribules,
1468 1443 1562 1496 sed
1589 1453 1639 1496 et
1672 1445 1737 1497 ad
1773 1462 1962 1502 omnes

383 1512 476 1583 qui
516 1525 638 1570 sunt
672 1533 738 1572 ex
765 1535 967 1590 genere
994 1524 1191 1590 lsrael,
1225 1529 1370 1584 inter
1413 1547 1472 1587 se
1520 1534 1755 1590 invicem
1804 1552 1957 1592 com-

382 1614 632 1672 petenter
657 1613 830 1679 possit
861 1617 1062 1684 aptari,
1116 1618 1257 1673 sicut
1286 1632 1341 1675 et
1373 1622 1513 1676 idem
1547 1628 1826 1694 apostolus
1892 1632 1959 1686 de

382 1695 636 1752 omnibus
674 1700 838 1755 simul
884 1704 1019 1759 dicit
1051 1706 1138 1760 “:
1166 1706 1270 1773 Qui
1322 1724 1442 1764 sunt
1493 1716 1703 1780 cognati
1740 1717 1838 1768 mei
1878 1733 1962 1769 se-

380 1788 618 1841 cundum
662 1805 895 1848 carnem.
941 1793 1069 1849 ﬂare
1125 1797 1347 1866 quidem
1406 1809 1461 1852 et
1512 1802 1619 1856 alia
1666 1804 1750 1859 his
1811 1807 1961 1860 simi-

380 1873 453 1927 lia
488 1874 601 1948 (54)
630 1883 1027 1949 respondeatur
1057 1902 1073 1951 ;
1109 1900 1295 1941 verum
1332 1905 1493 1957 quam
1525 1894 1636 1947 sint
1658 1895 1832 1950 valida
1857 1898 1955 1951 ad-

381 1981 598 2022 versum
631 1972 963 2029 assertiones
985 1989 1173 2030 eorum
1205 1979 1297 2048 qui
1330 1996 1428 2034 nos
1454 1982 1521 2037 de
1545 1983 1950 2056 Scripturarum

384 2060 715 2117 testimoniis
740 2075 1058 2135 perurgent,
1092 2070 1322 2137 probato
1353 2082 1428 2130 ιιιι
1471 2075 1562 2143 qui
1602 2076 1756 2147 legis.
1787 2080 1952 2138 Nobis

384 2158 562 2206 tamen
615 2154 731 2209 haec
775 2156 1127 2230 intelligenda
1163 2164 1456 2218 secundum
1515 2172 1815 2238 spiritalem
1869 2177 1952 2232 vel

382 2240 735 2313 allegorieam
789 2252 1056 2311 rationem
1102 2257 1274 2325 magis
1329 2259 1601 2330 videntur,
1651 2268 1949 2323 secundum

379 2335 525 2426 quod
558 2338 691 2393 nihil
727 2341 888 2398 obest
916 2347 1082 2399 etiam
1118 2354 1262 2415 quod
1305 2351 1507 2423 Joseph
1553 2366 1710 2426 pater
1748 2358 1950 2417 Christi

378 2424 606 2494 dicitur,
649 2446 772 2485 cum
807 2437 1033 2492 omnino
1067 2456 1176 2496 non
1230 2443 1298 2497 sit
1350 2444 1468 2512 ejus
1511 2460 1665 2516 pater
1694 2468 1708 2515 ;
1743 2453 1867 2520 quia
1896 2465 1951 2509 et

380 2515 436 2572 in
467 2524 923 2591 generationibus
948 2545 978 2583 a
1004 2530 1257 2589 Matthan
1287 2515 1523 2593 refertur
1543 2542 1607 2608 ⁸³,
1634 2515 1775 2609 quod
1802 2544 1952 2601 Josa-

376 2611 513 2680 pltat
539 2617 786 2685 genuerit
809 2618 1012 2684 Joram.
1050 2634 1104 2679 et
1131 2624 1312 2682 Joram
1344 2635 1598 2697 genuerit
1635 2636 1860 2705 Oziam;
1895 2642 1945 2695 in

376 2715 570 2771 quarto
626 2718 804 2764 autem
863 2713 1174 2786 Regnorum
1228 2720 1370 2777 libro
1432 2728 1693 2796 scriptum
1754 2743 1838 2787 est
1880 2734 1945 2800 ",

375 2798 520 2861 quod
550 2796 733 2856 Joram
774 2808 1032 2873 genuerit
1078 2808 1394 2880 Ochoziam,
1447 2826 1502 2872 et
1541 2818 1809 2879 Ochozias
1854 2796 1947 2897 ge;

374 2889 554 2943 nuerit
584 2889 733 2959 Joas,
779 2905 835 2949 et
887 2896 1015 2953 Joas
1041 2906 1288 2970 genuerit
1338 2898 1642 2977 Amasiam,
1696 2889 1946 2973 Atnasias

370 2990 504 3033 vero
531 2986 778 3052 genuerit
804 2988 1086 3057 Azariam,
1120 2994 1292 3064 ipsum
1331 3001 1422 3068 qui
1460 3002 1730 3060 interdum
1784 3008 1946 3067 Ozias

373 3072 732 3141 nominatur;
769 3087 824 3132 et
851 3081 1081 3140 Azarias
1127 3084 1402 3146 Joatham.
1452 3093 1551 3149 Hic
1596 3111 1727 3162 ergo
1756 3099 1940 3167 Ozias,

371 3163 466 3231 qui
501 3176 557 3221 et
582 3166 829 3236 Azarias,
858 3186 981 3227 cum
1010 3175 1062 3229 in
1092 3190 1288 3246 quarto
1318 3181 1633 3251 Regnorum
1670 3189 1807 3244 libro
1826 3163 1937 3263 (55)

370 3253 585 3310 dicatur
633 3259 872 3316 Amasite
910 3277 1032 3321 esse
1076 3265 1237 3332 filius,
1282 3286 1312 3325 a
1354 3272 1607 3333 Mattlueo
1629 3278 1772 3337 lora:
1801 3253 1942 3341 ﬁlius

369 3348 652 3416 scribitur,
705 3353 877 3410 tribus
913 3357 965 3412 in
1013 3361 1190 3416 medio
1222 3369 1665 3433 generationibus
1719 3385 1942 3444 praeter-

369 3440 572 3495 missis.
623 3441 788 3534 Cujus
843 3448 919 3501 rei
962 3450 1242 3519 dissertio,
1285 3466 1494 3513 certum
1532 3470 1617 3525 est
1655 3440 1798 3534 quod
1833 3482 1937 3524 non

368 3531 673 3587 secundum
696 3532 1003 3607 historiam,
1049 3542 1142 3596 sed
1187 3545 1486 3601 secundum
1527 3531 1826 3618 spiritalem
1856 3557 1939 3611 in-

367 3619 715 3691 teHigentiam
768 3639 978 3685 constet
1023 3650 1038 3700 ;
1080 3648 1202 3703 qua:
1237 3652 1340 3691 non
1380 3650 1464 3693 est
1497 3642 1654 3697 nobis
1688 3661 1832 3701 nunc
1882 3650 1935 3703 in

369 3714 602 3769 transitu
627 3718 886 3787 pulsanda
915 3738 931 3775 :
961 3723 1012 3777 in
1050 3740 1149 3780 suo
1183 3728 1326 3782 enim
1362 3729 1483 3785 loco
1519 3742 1772 3805 tangetur
1798 3737 1932 3812 (56).

364 3802 585 3861 Interim
615 3810 815 3866 sufﬁcit
839 3813 992 3869 nobis
1019 3816 1085 3870 ad
1108 3832 1202 3873 eos
1219 3802 1678 3890 quiadversantur
1705 3802 1933 3901 respou-

365 3897 515 3964 dere,
574 3903 717 3971 quod
779 3906 923 3961 sicut
970 3906 1128 3966 Jesus
1186 3911 1381 3984 Josepb
1442 3918 1587 3973 ﬁlius
1635 3936 1759 3979 esse
1795 3897 1934 3981 dici-

364 4001 474 4057 tur,
503 4007 570 4048 ex
595 4009 705 4064 quo
736 4014 842 4055 non
871 4010 956 4056 est
983 4015 1274 4072 generatus
1299 4024 1315 4075 ;
1344 4020 1398 4062 et
1422 4008 1584 4066 Ozias
1620 4018 1836 4081 genitus
1864 4035 1931 4075 ex

361 4082 566 4153 Iuram,
590 4102 656 4141 ex
689 4104 795 4158 quo
827 4108 935 4149 non
967 4103 1053 4150 est
1086 4098 1300 4166 genitus
1344 4118 1360 4154 :
1408 4101 1482 4155 ita
1526 4117 1581 4159 et
1609 4120 1677 4161 ex
1720 4112 1931 4167 semine

362 4174 532 4231 David
579 4182 874 4237 secundum
903 4199 1122 4242 carnem
1150 4181 1404 4245 Christus
1427 4205 1605 4261 potest
1643 4200 1834 4267 accipi,
1873 4212 1932 4256 ut

360 4265 622 4337 quidquid
669 4269 832 4343 467
876 4276 1103 4331 rationis
1154 4279 1235 4333 vel
1275 4284 1596 4340 assertionis
1646 4288 1699 4342 in
1745 4265 1926 4347 .loram

357 4359 729 4427 protulerunt,
758 4374 813 4419 et
846 4365 899 4419 in
937 4365 1157 4438 Joseph,
1202 4373 1305 4428 hoc
1335 4384 1390 4429 et
1443 4376 1496 4431 in
1539 4377 1710 4436 David
1752 4387 1927 4441 susci-

357 4451 618 4521 piendum
656 4455 925 4513 dicamus.

2070 643 2178 683 non
2211 637 2294 683 est
2326 631 2609 688 advertere
2633 633 2684 687 ei
2716 636 2804 703 qui
2831 635 3022 708 legerit
3044 639 3176 696 illud
3206 646 3352 714 quod
3385 651 3652 718 scriptum

2069 731 2153 776 est
2186 722 2233 755 ³⁸
2259 738 2273 775 :
2311 722 2537 779 Decebat
2558 727 2696 781 enim
2729 744 2847 781 eum
2865 747 2960 799 per
2979 749 3130 803 quem
3151 739 3359 804 omnia,
3382 751 3433 793 et
3464 741 3523 794 in
3551 759 3652 813 quo

2070 817 2267 877 omnia.
2301 816 2496 872 multos
2519 818 2664 887 ﬁlios
2704 821 2759 875 in
2785 823 3014 892 gloriam
3058 827 3441 897 adducentem,
3467 846 3653 888 attete-

2067 921 2176 959 rem
2206 909 2393 962 salutis
2442 926 2624 963 eorum
2670 928 2763 980 per
2806 915 3072 982 passiones
3116 925 3481 977 consummari
3513 926 3649 996 (31).

2067 999 2217 1055 Finis
2260 1012 2444 1056 autem
2479 1004 2789 1073 passionum
2821 1005 3044 1072 Christi,
3080 1013 3420 1068 resurrectio
3440 1025 3562 1079 est;
3597 1026 3650 1069 et

2065 1092 2191 1162 quia
2228 1104 2350 1162 post
2376 1097 2834 1153 resurrectionem
2883 1098 3028 1152 ultra
3072 1102 3189 1171 jam
3244 1121 3349 1158 non
3397 1107 3649 1174 moritur,

2066 1201 2229 1255 neque
2251 1202 2391 1241 mors
2418 1188 2467 1241 ei
2489 1187 2633 1243 ultra
2653 1190 3012 1244 dominabitur
3026 1192 3146 1226 ³⁷·³⁸
3168 1210 3183 1260 ;
3206 1205 3261 1249 et
3284 1196 3489 1251 iterum
3508 1199 3649 1252 dici-

2066 1287 2172 1340 tur,
2206 1280 2331 1346 quia
2354 1280 2452 1335 etsi
2477 1284 2784 1352 agnovimus
2809 1283 3073 1339 Christum
3099 1290 3388 1343 secundum
3408 1309 3651 1357 carnem.

2063 1370 2155 1421 sed
2182 1385 2322 1423 nunc
2345 1369 2465 1439 jam
2517 1387 2622 1426 non
2666 1377 2903 1427 novimus
2928 1376 2995 1439 ³⁹,
3035 1376 3162 1432 ideo
3194 1395 3361 1435 omne
3387 1386 3537 1452 quod
3567 1396 3650 1440 est

2062 1464 2116 1515 in
2151 1462 2522 1534 Christo,jam
2562 1482 2707 1521 nunc
2758 1466 2928 1524 Filius
2966 1471 3056 1526 Dei
3090 1483 3193 1529 est.
3225 1475 3518 1541 Quomodo
3551 1496 3648 1534 au-

2066 1563 2170 1606 tem
2213 1554 2317 1608 hoc
2355 1563 2411 1608 et
2438 1556 2503 1608 ad
2543 1570 2668 1609 cum
2698 1559 2791 1627 qui
2820 1558 2993 1615 Filius
3027 1563 3116 1618 Dei
3147 1569 3199 1618 in
3231 1568 3439 1621 virtute
3477 1570 3647 1623 desti-

2062 1654 2222 1700 natus
2262 1656 2347 1700 est
2374 1647 2418 1678 ⁶⁰
2455 1648 2749 1713 referatur,
2795 1663 3042 1707 coarctat
3071 1656 3493 1729 intelligentiam
3549 1679 3644 1715 no-

2062 1746 2260 1804 stram,
2322 1739 2425 1793 nisi
2455 1741 2595 1808 quod
2628 1755 2725 1810 per
2756 1741 3185 1802 indissolubilem
3214 1750 3479 1806 unitatem
3510 1752 3645 1807 Ver—

2060 1827 2111 1881 Ιιί
2150 1822 2198 1882 el
2233 1832 2444 1895 carnis,
2480 1832 2663 1885 omnia
2689 1848 2808 1902 qua:
2831 1839 3012 1893 carnis
3048 1851 3176 1895 sunt
3210 1844 3649 1902 ascribunturet

1983 1896 2029 1955 Β
2058 1919 2259 1984 Verbo,
2311 1924 2580 1991 quomodo
2610 1896 2809 1993 etquae
2835 1926 2993 1983 Verbi
3027 1941 3153 1985 sunt
3181 1896 3560 2001 pmdieantur
3588 1896 3641 1992 iii

2058 2030 2243 2069 carne.
2283 2014 2466 2070 Jesum
2515 2032 2667 2085 vero,
2714 2030 2768 2073 et
2797 2020 3096 2089 Christum,
3126 2036 3180 2077 et
3209 2027 3501 2081 Dominum
3558 2031 3643 2085 in-

2060 2109 2306 2161 venimus
2338 2124 2481 2179 saépe
2517 2115 2584 2163 ad
2628 2122 2914 2183 utramque
2946 2125 3195 2170 naturam
3225 2119 3446 2188 referri,
3474 2135 3533 2176 ut
3558 2136 3640 2176 est

2062 2198 2192 2253 illud
2228 2220 2239 2255 :
2273 2199 2426 2254 Unus
2480 2201 2739 2259 Dominus
2790 2217 2969 2261 noster
3005 2208 3163 2263 Jesus
3204 2209 3451 2266 Christus
3481 2254 3499 2278 ,
3549 2232 3645 2283 per

2053 2307 2203 2362 quem
2246 2294 2424 2347 omnia
2453 2294 2534 2363 “;
2582 2305 2636 2350 et
2685 2297 2926 2373 iterum:
2962 2299 3023 2355 Si
3060 2304 3197 2355 enim
3243 2307 3637 2373 cognovissent,

2056 2379 2326 2452 nunquam
2357 2384 2645 2440 Dominum
2674 2370 2968 2457 majestatis
3003 2389 3116 2463 (38)
3147 2370 3541 2462 cruci/ixissent
3569 2397 3635 2452 δ’.

2059 2470 2377 2529 Primitivus
2422 2490 2554 2547 ergo
2603 2477 2689 2532 vel
2738 2480 3115 2549 primogenitus
3142 2501 3207 2538 ea:
3231 2489 3459 2541 mortuis
3498 2490 3639 2543 dici-

2056 2572 2145 2615 tur
2175 2561 2221 2594 "
2248 2561 2516 2621 Christus.
2552 2566 2656 2623 Sed
2700 2572 3087 2638 requirendum
3125 2576 3279 2630 nobis
3318 2588 3430 2643 est,
3460 2581 3503 2632 si
3540 2596 3637 2633 so-

2054 2655 2137 2711 lus
2182 2667 2266 2712 est
2301 2659 2702 2731 primogenitus
2735 2664 2817 2718 vel
2847 2666 3153 2734 primitivus
3194 2684 3257 2722 ex
3288 2666 3553 2731 mortuis.
3580 2685 3636 2726 et

2053 2759 2159 2797 nou
2198 2747 2360 2801 habet
2387 2750 2601 2818 aliquos
2639 2766 2823 2807 secum
2859 2756 3024 2808 etiam
3056 2756 3108 2809 in
3138 2758 3476 2826 primitivatu
3512 2760 3635 2831 (39)

2050 2838 2367 2907 participes.
2401 2842 2467 2895 de
2492 2844 2689 2911 quibus
2711 2844 2841 2900 dicit
2868 2848 3157 2917 Apostolus
3192 2853 3321 2921 quia
3349 2855 3634 2909 suscitauit

2049 2945 2143 2983 nos
2176 2947 2293 2982 cum
2339 2930 2573 2999 Christo,
2615 2936 2881 3007 simulque
2928 2939 3050 3009 fecit
3081 2942 3257 2996 sedere
3296 2944 3353 2997 in
3390 2945 3631 3000 celesti-

2048 3017 2143 3070 bus
2173 3018 2239 3072 “.
2281 3018 2358 3075 Ne
2412 3021 2558 3077 forte
2593 3038 2725 3095 ergo
2768 3036 2823 3080 et
2859 3028 2948 3081 isti
2998 3044 3135 3098 quos
3177 3032 3310 3086 dicit
3349 3037 3633 3090 excitatos

2043 3123 2164 3163 esse
2197 3125 2321 3165 cum
2359 3112 2600 3178 Christo,
2630 3125 2830 3171 etcum
2862 3133 2929 3174 eo
2960 3123 3152 3177 sedere
3189 3122 3242 3176 in
3277 3123 3629 3190 caelestibus,

2046 3211 2101 3257 et
2130 3204 2233 3272 ipsi
2263 3206 2613 3277 primogeniti
2667 3209 2801 3276 sint,
2832 3209 2918 3263 vel
2964 3211 3225 3279 primitivi
3259 3228 3329 3267 ex
3360 3218 3628 3283 mortuis,

2044 3296 2193 3375 sicut
2209 3307 2263 3351 et
2292 3297 2364 3352 illi
2395 3297 2620 3353 fuerunt
2649 3301 2746 3370 qui
2780 3316 2903 3357 cum
2956 3303 3046 3358 illo
3077 3307 3325 3360 suscitati
3371 3322 3499 3362 esse
3539 3312 3628 3365 di-

2041 3398 2263 3453 cuntur,
2296 3405 2419 3444 cum
2455 3403 2791 3446 monumenta
2832 3404 3015 3461 aperta
3041 3405 3186 3460 sunt,
3230 3406 3279 3451 et
3326 3399 3627 3455 multorum

2040 3494 2347 3536 sanctorum
2373 3500 2593 3553 corpora
2623 3497 2983 3554 apparuerunt
3010 3497 3062 3544 et
3086 3490 3322 3561 ingressa
3348 3503 3475 3547 sunt
3502 3495 3623 3565 (‘0)

2038 3571 2093 3622 in
2143 3582 2441 3627 sanctorum
2490 3577 2750 3630 civitatem
2802 3576 2872 3632 ".
2911 3579 2977 3632 Et
3017 3581 3083 3635 de
3130 3580 3213 3634 his
3265 3584 3471 3639 talibus
3501 3586 3619 3641 for-

2041 3663 2199 3716 tassis
2232 3662 2521 3731 Apostolus
2557 3666 2688 3719 dicit
2716 3665 2765 3697 ⁸⁸
2794 3682 2915 3721 esse
2947 3669 3092 3722 illam
3144 3671 3450 3729 Ecclesium
3503 3678 3624 3746 pri-

2036 3752 2372 3819 mitivorum,
2407 3770 2567 3823 quam
2625 3757 2915 3825 ascriptum
2959 3770 3221 3816 memorat
3261 3763 3316 3817 in
3350 3765 3530 3820 etelis.

2111 3846 2165 3902 7.
2222 3846 2330 3901 Per
2355 3865 2510 3919 quem
2558 3852 2850 3918 accepimus
2893 3855 3121 3921 gratiam
3168 3869 3219 3909 et
3247 3860 3617 3923 apostolatuns

2036 3941 2105 3993 ad
2129 3940 2476 3995 obediendum
2500 3940 2623 4009 ﬁdei
2652 3943 2709 3996 in
2738 3947 2975 3999 omnibus
3001 3948 3238 4015 gentibus
3269 3966 3369 4015 pro
3402 3953 3620 4005 nomine

2034 4027 2146 4097 ejus
2175 4030 2238 4084 δ’.
2281 4028 2385 4084 Per
2412 4029 2690 4086 Christum
2723 4035 3002 4104 accepisse
3026 4049 3085 4090 se
3125 4038 3255 4091 dicit
3293 4043 3530 4109 gratiam
3556 4053 3617 4096 et

2033 4120 2426 4187 apostolatum,
2450 4133 2641 4192 utpote
2668 4126 3022 4180 mediatorem
3043 4128 3205 4185 Deiet
3237 4133 3518 4187 hominum
3538 4135 3607 4190 δ’.

2034 4211 2276 4268 Gratiam
2310 4223 2360 4268 et
2390 4217 2758 4284 apostolatum.
2791 4218 2976 4274 Gratia
3016 4223 3082 4277 ad
3123 4221 3369 4279 laborum
3396 4229 3611 4296 patien-

2033 4306 2163 4359 tiam
2213 4308 2499 4367 referenda
2551 4320 2672 4375 est;
2719 4314 3054 4381 apostolatus
3087 4315 3153 4370 ad
3198 4319 3611 4385 prmdicatiouis

2034 4402 2443 4468 auctoritatem,
2475 4404 2602 4471 quia
2650 4414 2706 4459 et
2731 4405 2849 4475 ipse
2879 4407 3130 4463 Christus
3158 4412 3437 4479 apostolus
3468 4414 3608 4469 diei-

2030 4502 2118 4547 tur
2147 4493 2216 4556 ".
2247 4495 2300 4549 id
2327 4505 2411 4550 est
2444 4498 2639 4553 missus
2678 4516 2707 4552 a
2744 4497 2924 4565 Patre,
2956 4501 3157 4571 quippe
3190 4506 3279 4573 qui
3324 4506 3394 4558 ad
3438 4521 3608 4561 evan-

428 4563 481 4626 6.
509 4566 594 4621 Ea:
635 4572 1012 4631 resurrectione
1057 4585 1381 4633 mortuorum
1408 4579 1539 4637 Iesu
1582 4584 1781 4643 Christi
1817 4572 2005 4665 Do—VD
2033 4584 2373 4652 gelizandum
2423 4590 2754 4657 pauperibus
2787 4593 3015 4648 missum
3047 4608 3107 4648 se
3137 4594 3268 4649 diei!»
3288 4596 3357 4649 ⁵⁸.
3406 4596 3603 4656 Omnia

357 4658 489 4713 mitti
517 4659 686 4714 nostri
713 4658 779 4713 ³⁸.
813 4660 1097 4729 Quomodo
1121 4668 1338 4736 quidem
1390 4669 1438 4726 is
1479 4675 1570 4742 qui
1623 4682 1920 4737 secundum

355 4762 577 4805 carnem
617 4751 795 4809 factus
845 4769 965 4811 esse
999 4758 1197 4814 dicitur
1244 4775 1313 4817 ex
1348 4765 1558 4821 semine
1604 4768 1796 4838 David,
1829 4775 1921 4831 Fi-

462 4935 725 5027 rgatt'h‘.
746 4957 787 5006 ι,
976 4943 1016 4973 ³¹
1046 4941 1175 5027 Luc:
1202 4958 1240 5010 ι,
1431 4947 1475 5027 ξ’
1514 4948 1770 5027 Rom._vr,
1793 4957 1847 5011 5.

2084 4964 2183 5015 tth.
2207 4976 2245 5027 ι,
2272 4962 2324 5014 7.

350 5002 405 5064 τ.
427 5002 627 5083 50.52,
650 5010 753 5083 si.
773 5002 781 5006 '
801 5011 860 5083 κει
888 5014 1043 5067 ιιοιιι.
1074 5029 1111 5076 ι,
1140 5015 1194 5066 4.
1227 5002 1238 5010 '
1273 5015 1318 5046 ια
1351 5014 1514 5071 Hebr.
1546 5002 1770 5083 lifts."
1794 5002 1918 5061 ἶῖοεο

349 5086 468 5151 y_ttt_,
500 5080 552 5131 6.
658 5079 902 5151 ‘flCor.
928 5100 987 5140 ιι.
1023 5084 1077 5136 8.
1188 5084 1235 5115 ⁸³
1259 5084 1442 5140 Colos.
1479 5104 1516 5149 ι,
1557 5079 1644 5151 18..

354 5141 398 5174 ⁸⁷
430 5145 588 5204 Rom.
620 5166 657 5216 t,
691 5150 749 5204 5.
838 5152 882 5184 “
910 5153 931 5206 Ι
961 5153 1098 5208 Tim.
1127 5170 1204 5219 ιι,
1245 5156 1301 5211 5.

422 5299 1166 5400 (33)‘§£iti.tgfﬁrmabitur
1221 5335 1268 5400 α,
1290 5321 1512 5400 nostris.
1561 5324 1659 5400 Ms.
1718 5327 1921 5400 Regius

349 5386 503 5492 ιιῗιιιι.
527 5375 699 5498 l161:)9.
732 5375 1094 5449 afﬁrmabitur
1122 5406 1153 5440 a
1179 5390 1366 5454 nobis;
1399 5375 1915 5457 cmiteriﬂt'verownatus‘s:

349 5455 379 5495 ιι
431 5458 483 5494 ιιι
549 5460 613 5498 ex
643 5462 697 5498 u.

344 5455 406 5495 ul
431 5458 483 5494 ιιι
527 5455 697 5499 ιθχιυ.

348 5550 371 5573 .
416 5510 531 5583 (54)
563 5515 728 5578 Editi,
759 5528 807 5571 et
825 5520 939 5574 alia
964 5524 1231 5580 similiter.

417 5583 707 5677 (33.5)nliditi
735 5597 956 5677 etantss.
1006 5597 1175 5677 nostri
1211 5601 1325 5677 fere
1370 5616 1563 5660 omnes
1602 5608 1827 5677 habent,
1858 5614 1913 5666 in

347 5654 499 5737 tertio
528 5654 830 5737 Regnorum
861 5659 1031 5737 libro;
1064 5667 1159 5719 sed
1188 5670 1348 5733 male,

346 5723 400 5776 in
426 5723 778 5801 tertiohtec,
809 5732 901 5783 sed
934 5733 995 5801 in,
1012 5723 1215 5801 quarto
1239 5723 1481 5797 exstare.

417 5793 532 5866 (56)
549 5796 824 5879 _Sic_.rect.e
850 5814 949 5854 ms.
975 5793 1172 5879 Regius
1192 5793 1345 5879 num.
1376 5793 1545 5878 ιδξεις
1571 5820 1748 5872 eteteri
1781 5836 1910 5879 vero

345 5878 481 5927 mss.
510 5875 565 5923 et
597 5867 749 5934 editi,
764 5867 1066 5952 jungetuﬂ
1093 5872 1509 5957 Verisimileest
1533 5867 1910 5968 obganniit;

2032 4692 2162 4745 ergo
2190 4692 2310 4746 qua:
2347 4694 2441 4733 sua
2467 4690 2616 4748 sunt,
2650 4683 2746 4739 dat
2783 4686 2947 4742 etiam
2978 4688 3256 4757 discipulis
3304 4690 3441 4744 suis.
3475 4690 3609 4745 Gra-

2033 4769 2105 4820 tia
2140 4768 2346 4823 dicitur
2385 4770 2581 4826 dill‘usa
2615 4774 2667 4827 in
2701 4773 2861 4832 labiis
2894 4776 3012 4846 ejus
3037 4780 3104 4833 δι.
3136 4778 3235 4832 Dat
3256 4787 3312 4833 et
3337 4781 3601 4847 apostolis

2566 4965 2699 5033 Reg.
2726 4984 2834 5044 vn},
2862 4969 3156 5044 25:31.2;
3194 4988 3310 5039 xtv,
3338 4975 3360 5028 1
3387 4992 3401 5038 ;
3430 4992 3521 5036 xv,
3546 4979 3597 5044 ι,

1946 5030 2103 5086 Rom.
2131 5048 2212 5110 vt,
2242 5033 2295 5086 9.
2345 5034 2480 5110 ’ξ’-1)
2508 5030 2715 5110 (λινξν,
2747 5030 2833 5092 16.
2909 5040 2955 5083 ‘-°
2979 5030 3207 5104 Ιὶοιιιίι,
3233 5030 3308 5097 4.,
3365 5030 3407 5078 δῖ
3474 5030 3597 5110 πίοι-ξ

1749 5096 2016 5168 “Ephes.
2075 5118 2133 5166 ll,
2182 5106 2233 5157 li.

1397 5156 1441 5188 ’θ’
1467 5156 1630 5218 Hebr.
1661 5180 1753 5230 ιιι,
1796 5156 1880 5227 1.’
1922 5156 2132 5227 "Luc:
2164 5156 2330 5240 tv,18.

2342 5105 2387 5137 ⁸⁸
2427 5103 2618 5158 Matth.
2658 5123 2828 5170 xxv",
2858 5110 2948 5166 52.

3065 5112 3109 5142 ⁸⁸
3139 5112 3305 5167 Hebr.
3364 5131 3464 5182 xu,
3505 5116 3597 5174 35.

2434 5176 2478 5206 ⁸¹
2515 5175 2655 5231 Psal.
2690 5195 2830 5245 κων,
2858 5184 2911 5236 5.

2029 5335 2116 5389 his
2166 5336 2490 5392 disseruisse
2537 5346 2684 5393 tomo
2744 5356 2761 5394 ι
2801 5340 3312 5398 Commentariorum
3356 5346 3412 5397 in
3450 5344 3593 5401 Mati

2033 5407 2263 5470 thwum;
2294 5408 2387 5461 sed
2423 5408 2541 5463 haec
2571 5413 2731 5464 modo
2761 5428 2864 5465 non
2900 5426 3132 5466 exstant.

2098 5473 2213 5546 (57)
2245 5475 2385 5529 Editi
2416 5490 2472 5531 et
2502 5494 2600 5532 ms.
2636 5496 2795 5543 unus,
2822 5498 3204 5535 consummare.

2098 5546 2212 5620 (ξε)
2233 5546 2372 5620 Editi
2402 5555 2456 5601 et
2486 5564 2587 5603 ms.
2626 5566 2783 5615 unus,
2808 5553 3009 5620 gloriu'.

2098 5549 2189 5612 (58
2233 5549 2372 5600 Editi
2402 5555 2456 5601 et
2486 5564 2587 5603 ms.
2626 5566 2783 5615 unus,
2808 5553 3009 5620 gloriu'.

2095 5549 2215 5693 (59)
2244 5615 2335 5671 Sic
2367 5633 2498 5672 mss.
2534 5620 2810 5689 plerique;
2844 5623 2971 5676 editi
3002 5637 3129 5675 vero
3170 5632 3225 5676 et
3269 5640 3374 5681 ms.
3409 5643 3585 5693 unus,

2054 5688 2270 5740 rimam.

2016 5701 2337 5827 ΡἪιῗίυὲιο
2381 5773 2513 5813 mss.
2559 5758 2630 5813 At
2671 5775 2803 5816 vero
2836 5761 2985 5825 editi,
3009 5772 3058 5816 et
3085 5763 3250 5816 multa
3280 5776 3584 5821 sanctorum

2017 5841 2237 5893 corpora
2290 5828 2379 5896 qui
2422 5828 2763 5895 dormierunt,
2815 5844 3198 5899 surrexerunt,
3252 5845 3303 5887 et
3359 5840 3577 5908 ingressi

2016 5907 2137 5951 sunt
2145 5936 2169 5967 ,ν
2187 5905 2293 5952 etc.

3548 444 3654 500 852
3752 478 3754 495 ι
