3784 6526
80 444 160 503 855
986 429 1345 491 COMMENT.
1380 425 1447 480 IN
1486 419 1708 477 EPIST.
1750 414 2046 489 AD‘ROM.
2082 412 2213 469 LIB.
2252 411 2290 467 ῐ.

3171 397 3277 453 854

82 568 167 621 suis
187 561 397 634 gratiam
427 600 444 625 ,
493 574 618 615 cum
652 572 758 629 qua
805 556 1115 612 laborantes
1164 552 1389 606 dicant:
1419 545 1602 599 Abun—
1627 543 1675 599 Α
1703 537 1936 594 riuthios
1959 533 2178 604 quide'n
2203 530 2257 585 in
2289 525 2464 597 prima
2496 532 2552 580 et
2576 521 2836 585 secunda,
2861 527 2918 574 et
2945 517 3012 571 ad
3030 514 3273 576 Galatas,
3320 558 3323 563 .

1860 628 1938 634 -_
1985 627 1997 634 -
2086 626 2098 634 .
2278 630 2288 634 _
2386 618 2401 634 .
2454 615 2825 634 ...νηρηη-,Μ
2864 609 3118 634 ,εὴ-,κη-
3147 608 3253 634 an,

81 608 248 712 “80:8
274 669 387 709 vero
433 668 598 720 quam
629 608 804 704 0;"...
843 649 926 702 illi
957 644 1194 700 laboravi
1227 658 1245 697 :
1276 657 1381 696 non
1429 648 1607 692 autem
1704 639 1761 685 et
1807 630 1873 683 ad
1902 626 2192 696 Ephesios,
2238 630 2296 677 et
2335 618 2403 674 ad
2450 615 2829 720 Philippenses
2862 609 3118 664 similiter
3146 608 3279 661 scri-

84 702 168 817 e;o,
199 702 647 814 sednqratijaWD'ei—
685 702 885 794 mecum
931 740 999 791 ⁸³.
1030 738 1098 791 Et
1124 736 1248 805 quia
1281 735 1348 789 de
1378 732 1496 800 ipso
1525 728 1610 783 di-
1705 722 1787 779 bit
1816 721 1882 774 ⁸⁸.
1909 720 1991 774 Ad
2029 717 2381 773 Colossenses
2426 724 2555 764 vero
2582 707 2646 770 ⁸⁷,
2689 702 2875 758 Gratia
2908 703 3128 817 uobisrm
3174 710 3282 798 pax

84 787 168 810 νυ,
199 787 276 801 ..κ
346 787 487 797 ...--..
535 787 635 798 ...η
687 787 884 794 ..-η-η-
985 787 998 791 -
1030 787 1096 791 _-
1131 787 1246 805 τη
1400 787 1415 800 _

82 787 190 894 ct’um
217 787 338 891 est:
370 834 644 888 Habentes
676 834 838 902 igitur
870 829 1181 897 Pontiﬁcem
1210 837 1258 880 et
1301 821 1607 893 Apostolum
1707 830 1740 868 a
1779 812 1890 866 Deo
1926 809 2085 863 Patre
2110 815 2290 861 nostra
2328 802 2495 865 dicit;
2532 808 2587 854 el
2621 812 2728 852 n0n
2761 794 2929 857 add“.
2957 801 3003 845 ει
3053 787 3282 843 Ποθηίηο

84 926 374 997 confessionis
405 936 610 979 nostra:
638 921 911 978 Christum
938 922 1008 987 ⁸³,
1039 921 1129 975 dat
1177 915 1461 985 discipulis
1494 913 1608 969 suis

83 1020 360 1089 apostolatus
388 1016 784 1086 dignationem,
819 1022 876 1066 ut
904 1021 960 1067 et
1004 1012 1106 1080 ipsi
1148 1008 1456 1065 elﬁciantur
1478 1021 1610 1075 apo-

85 1111 175 1166 stoli
202 1110 307 1164 Dei.
335 1107 527 1175 Neque
551 1108 695 1161 enim
731 1117 942 1175 gentes,
979 1118 1099 1173 quae
1139 1110 1297 1157 erant
1345 1099 1535 1153 aliena:
1575 1115 1609 1152 ιι

85 1208 342 1255 testamento
389 1199 516 1263 Dei,
565 1208 617 1252 et
663 1197 1061 1252 conuersatione
1094 1192 1265 1248 Israel
1292 1191 1364 1258 “,
1386 1190 1610 1245 credere

86 1299 282 1361 poterant
309 1288 628 1359 Evangelio,
652 1286 756 1341 nisi
792 1300 889 1355 per
915 1286 1144 1354 gratiam
1179 1295 1300 1350 quae
1338 1278 1610 1348 apostolis

86 1385 220 1439 fuerat
255 1385 409 1447 data,
446 1395 545 1450 per
589 1393 748 1448 quam
796 1374 1218 1447 praedicantibus
1251 1370 1507 1442 apostolis
1554 1369 1607 1423 in

87 1475 206 1528 ﬁdem
227 1471 441 1527 obedire
460 1470 670 1526 dicitur
685 1467 889 1537 "(41),
912 1476 965 1521 et
989 1465 1043 1519 in
1065 1479 1280 1520 omnem
1318 1472 1521 1518 terram
1544 1462 1609 1515 de

87 1566 258 1619 nomine
282 1563 482 1619 Christi
514 1577 682 1618 sonus
710 1561 898 1629 gratia:
927 1572 1116 1612 eorum
1146 1564 1609 1611 commemoratur

88 1657 245 1710 exiisse
272 1654 337 1721 “,
364 1655 439 1708 ita
475 1662 538 1707 ut
565 1653 635 1707 ad
668 1666 761 1708 eos
798 1651 891 1721 qui
919 1648 1104 1703 Roma:
1134 1657 1259 1704 sunt
1281 1645 1609 1714 perveniret,

88 1751 134 1799 ad
152 1761 268 1815 quos
297 1747 372 1800 ait
395 1743 695 1814 Apostolus
724 1763 737 1797 :
773 1740 843 1796 In
868 1741 1057 1812 quibus
1087 1740 1214 1795 estis
1254 1746 1303 1791 et
1334 1753 1420 1791 vos
1444 1734 1611 1790 uocati

85 1837 179 1889 teni
220 1835 403 1889 Christi
440 1834 512 1888 ³⁷.
548 1833 748 1888 Paulus
779 1842 1007 1887 vocatus
1056 1829 1339 1901 apostolus
1388 1828 1606 1891 dicitur,

1709 916 1887 959 nostra
1916 901 2045 956 .Iesu
2072 897 2305 954 Christo.
2349 895 2430 947 Ad
2472 888 2990 945 Thessalonicenses
3016 897 3151 936 vero
3175 882 3286 951 pri-

1710 1013 1795 1053 ma
1827 998 1901 1051 ita
1930 994 2095 1049 habet
2129 991 2174 1023 ⁶⁸
2208 1011 2220 1045 :
2246 987 2432 1043 Gratia
2474 982 2618 1037 uobis
2645 989 2694 1034 et
2722 994 2848 1046 pax,
2871 974 3040 1047 468
3066 981 3122 1028 et
3146 969 3285 1026 nihil

1710 1090 1880 1143 ultra.
1914 1086 1969 1141 In
1998 1083 2236 1141 secunda
2278 1094 2410 1133 vero
2435 1095 2448 1132 :
2477 1072 2665 1129 Gratia
2695 1072 2861 1134 vobis,
2897 1081 2941 1121 et
2972 1082 3076 1133 pan:
3121 1083 3151 1117 a
3177 1064 3283 1118 Dea

1712 1180 1877 1236 Patre
1904 1188 2103 1241 nostra,
2141 1187 2189 1230 et
2219 1172 2442 1227 Domino
2479 1166 2606 1221 Jesu
2639 1164 2848 1219 Christo
2874 1162 2939 1215 ⁸⁸.
2976 1160 3060 1213 Ad
3095 1156 3287 1211 Timo-

1712 1273 1897 1327 theum
1939 1270 2112 1338 prima
2147 1273 2200 1321 et
2249 1259 2529 1318 secunda:
2566 1255 2779 1318 Gratia,
2821 1248 3197 1313 misericordia
3238 1252 3288 1297 et

1711 1380 1816 1434 pars
1838 1381 1869 1416 a
1910 1335 2020 1416 Deo
2055 1357 2236 1420 Patre,
2273 1364 2317 1407 et
2344 1350 2550 1407 Christo
2583 1347 2712 1402 Jesu
2744 1344 2971 1398 Domino
3008 1349 3188 1394 nostra
3216 1335 3287 1387 ⁷⁸.

1711 1428 1791 1509 Ad
1815 1454 1995 1508 Titum
2020 1466 2149 1505 vero
2174 1449 2218 1478 “
2248 1436 2882 1506 :Cratia,misericordia
2910 1443 2959 1488 et
3000 1448 3105 1500 pax
3122 1448 3153 1484 a
3177 1428 3289 1484 Deo

1714 1545 1899 1610 Patre,
1935 1555 1984 1598 et
2012 1542 2221 1599 Christo
2248 1539 2376 1594 Jesu
2399 1534 2674 1591 Saluatore
2703 1539 2906 1584 nostro.
2943 1526 3012 1581 Et
3038 1522 3292 1594 quamvis

1714 1640 1982 1695 curiosior
2024 1636 2269 1691 videatur
2309 1625 2680 1699 hujuscemodi
2720 1619 3054 1683 observatio,
3107 1627 3287 1671 tamen

1714 1734 1805 1804 qui
1849 1731 1982 1787 nihil
2016 1731 2251 1785 otiosum
2298 1722 2470 1780 credit
2513 1732 2636 1775 esse
2672 1717 2727 1771 in
2752 1711 3050 1782 Scripturis
3072 1707 3290 1773 divinis,

1646 1824 1653 1829 ’
1714 1802 1877 1883 etiam
1908 1826 2103 1881 horum
2127 1815 2466 1877 differentias
2503 1820 2559 1867 et
2594 1808 2941 1865 diversitates
2962 1819 3067 1858 non
3101 1802 3293 1856 inanes

87 1927 336 1981 etttomani
369 1926 554 1981 vocati
585 1926 829 1996 quidem,
863 1939 972 1978 non
1026 1935 1206 1978 tamen
1233 1922 1490 1993 apostoli,
1518 1921 1611 1977 sed
1644 1904 1686 1959 Β
1716 1918 1948 1988 putabit.

87 2020 219 2074 vocati
254 2020 423 2074 sancti
484 2020 541 2075 in
586 2018 952 2076 obedientiam
986 2017 1134 2072 ﬁdei.
1177 2015 1255 2070 De
1300 2014 1614 2070 diversitate

89 2121 222 2164 autem
245 2117 562 2164 vocatorum
586 2108 698 2178 jam
731 2107 981 2175 superius
1010 2103 1248 2158 diximus
1278 2102 1438 2171 (41‘).

136 2200 178 2255 8.
224 2199 475 2255 Omnibus
505 2200 598 2270 qui
627 2207 749 2253 sunt
786 2196 964 2251 Roma
1008 2195 1213 2250 dilectis
1266 2193 1363 2247 Dei
1392 2232 1408 2258 ,
1442 2192 1618 2263 gratia

88 2294 194 2347 rotis
228 2305 274 2347 et
311 2310 417 2360 prta:
445 2311 483 2349 α
532 2293 642 2347 Deo
676 2291 837 2346 Patre
883 2301 1084 2356 nostro,
1116 2300 1165 2343 et
1213 2288 1440 2343 Domino
1488 2285 1619 2340 Jesu

90 2382 252 2440 Christe
294 2384 359 2437 ⁵⁸.
410 2384 737 2439 Benedictio
785 2383 903 2437 haec
951 2381 1103 2451 pacis
1148 2379 1263 2450 (42)
1310 2389 1365 2435 et
1406 2379 1616 2450 gratias,

92 2493 212 2535 uuam
251 2476 339 2532 dat
385 2477 613 2533 dilectis
664 2477 757 2532 Dei
807 2476 875 2530 ad
927 2488 1067 2544 quos
1099 2473 1291 2529 scribit
1340 2471 1621 2541 apostolus

92 2566 258 2632 Paulus.
290 2578 416 2639 puto
451 2570 603 2640 quod
637 2583 742 2623 non
775 2567 845 2623 sit
876 2568 1056 2621 minor
1084 2581 1252 2636 quam
1306 2562 1412 2618 fuit
1462 2564 1623 2617 bene-

91 2662 217 2716 dictio
238 2661 344 2717 Noe
376 2662 432 2716 in
479 2661 611 2717 Seni
645 2670 702 2716 et
742 2660 794 2714 in
835 2659 1066 2729 Japheth
1096 2659 1168 2723 ⁸⁹,
1219 2672 1338 2727 qua:
1372 2670 1470 2725 per
1500 2653 1624 2720 Spi-

93 2751 216 2805 ritum
246 2753 463 2825 impleta
515 2759 601 2807 est
627 2766 754 2821 erga
789 2765 884 2805 eos
912 2751 1007 2819 qui
1054 2749 1273 2804 fuerant
1300 2746 1568 2801 benedicti
1605 2764 1617 2799 :

91 2845 297 2900 similiter
345 2856 402 2900 et
426 2860 497 2901 ea
552 2845 607 2898 in
656 2860 762 2915 qua
795 2843 1116 2899 benedictus
1146 2850 1233 2895 est
1278 2839 1553 2895 Abraham
1590 2853 1620 2892 a

89 2931 435 2993 Melchisedech
473 2937 553 3013 ⁸⁸,
584 2945 638 2990 et
682 2934 851 2991 Jacob
884 2950 913 2989 a
952 2943 1111 3004 patre
1157 2947 1256 2986 suo
1290 2931 1440 2986 lsaac
1464 2932 1530 2994 ³⁸,
1566 2941 1622 2985 et

89 3023 319 3078 duodecim
347 3026 686 3095 patriarchae
716 3039 824 3094 qua
858 3023 1258 3078 benedicuntur
1286 3037 1314 3075 a
1349 3030 1500 3091 patre
1525 3036 1623 3075 suo

90 3112 216 3168 Israel
242 3116 315 3185 ";
351 3116 436 3172 vel
491 3116 803 3171 benedictio
838 3113 1010 3185 Moysi
1048 3114 1161 3185 (45)
1195 3130 1303 3183 qua
1349 3112 1627 3168 benedixit

92 3206 326 3261 duodecim
373 3208 563 3262 tribus
613 3206 779 3260 Israel
808 3206 875 3258 ⁸³.
922 3202 1039 3258 Non
1088 3220 1218 3276 ergo
1254 3205 1339 3258 his
1369 3203 1627 3257 omnibus

90 3294 350 3353 inferiorem
383 3300 537 3354 duco
564 3297 678 3369 (44)
708 3298 851 3352 hanc
876 3296 1114 3369 Apostoli
1165 3296 1624 3360 benedictionem,

92 3404 164 3451 qua
191 3390 454 3445 benedixit
478 3389 761 3444 Ecclesias
789 3389 1016 3443 Christi.
1039 3389 1124 3444 Ait
1169 3390 1313 3444 enim
1345 3397 1398 3441 et
1420 3389 1533 3457 ipse
1557 3388 1625 3443 de

94 3492 136 3530 se
156 3476 234 3533 “:
264 3479 402 3535 Puto
429 3482 578 3535 enim
620 3480 746 3548 quia
787 3488 836 3533 et
865 3495 958 3547 ego
1004 3477 1269 3547 Spiritum
1300 3478 1396 3532 Dei
1434 3477 1622 3535 habeo.

92 3569 129 3619 lu
162 3571 345 3638 Spiritu
392 3587 535 3642 ergo
575 3572 669 3626 Dei
701 3571 894 3626 scribit
930 3569 1216 3638 Apostolus
1251 3577 1307 3624 et
1341 3570 1394 3623 in
1420 3568 1624 3637 Spiritu

92 3660 335 3716 leaedicit.
372 3661 486 3717 Per
535 3662 714 3731 ipsum
744 3676 874 3731 ergo
924 3660 1188 3730 Spiritum
1220 3660 1628 3715 benedictiones

92 3750 265 3818 capient
289 3751 343 3806 hi
371 3751 469 3822 qui
516 3750 917 3806 benedicuniur
952 3753 1019 3805 ab
1052 3749 1330 3819 Apostolo,
1363 3750 1410 3803 si
1446 3759 1628 3821 tamen

92 3839 203 3909 digni
235 3844 340 3915 (45)
372 3845 732 3899 inveniantur
763 3857 924 3914 super
953 3857 1090 3912 quos
1111 3842 1291 3896 veniat
1317 3842 1628 3897 benedictio

92 3934 193 3996 rius.
222 3936 467 4007 Alioquin
521 3937 621 3991 [iet
663 3935 796 3990 illud
844 3936 987 4004 quod
1032 3936 1295 4005 scriptum
1326 3944 1412 3992 est
1439 3937 1484 3968 °'
1518 3953 1532 3990 :
1566 3934 1627 3991 Si

93 4026 212 4090 luerit
247 4030 311 4081 ibi
342 4029 495 4098 ﬁlius
521 4029 696 4097 pacis,
732 4044 838 4097 pax
864 4036 1036 4082 uestra
1083 4028 1250 4081 veniet
1276 4044 1435 4097 super
1458 4044 1577 4082 eum
1606 4046 1627 4095 ;

91 4120 150 4173 sin
176 4133 354 4189 autem,
388 4141 503 4194 pax
530 4132 706 4178 vestra
731 4123 801 4176 ad
822 4137 911 4175 vos
946 4130 1253 4177 revertetur.
1284 4119 1440 4187 Quod
1490 4122 1629 4176 scri-

92 4220 205 4276 ptum
233 4225 472 4289 estergo
504 4217 576 4272 de
607 4228 762 4285 pace,
792 4213 895 4269 hoc
931 4224 987 4269 et
1013 4213 1081 4268 de
1120 4216 1295 4283 gratia
1342 4212 1457 4278 (iet,
1498 4215 1626 4284 quia

92 4308 273 4371 gratiam
297 4310 462 4366 simul
490 4325 621 4366 cum
649 4323 779 4376 pace
801 4306 1095 4376 coniungit.
1123 4304 1413 4360 Sciendum
1449 4314 1626 4362 tamen

93 4407 169 4459 est.
195 4402 326 4470 quod
359 4404 479 4457 haec
503 4400 755 4472 Apostoli
801 4399 1141 4454 consuetudo
1173 4398 1471 4463 scribendi,
1518 4415 1625 4454 non

1787 2009 1843 2063 9.
1883 2004 2126 2060 Primum
2158 2004 2368 2075 quidem
2408 2002 2611 2072 gratias
2648 2012 2747 2067 ago
2785 1994 2895 2049 Deo
2925 2007 3039 2044 meo
3077 2004 3167 2056 per
3195 1985 3294 2040 Je-

1719 2116 1834 2155 sum
1887 2097 2161 2153 Christum
2198 2112 2292 2164 pro
2333 2088 2572 2147 omnibus
2622 2088 2810 2150 vobis,
2860 2083 3109 2155 quoniam
3162 2077 3293 2140 ﬁdes

1718 2203 1889 2246 vestra
1926 2187 2278 2243 annuntiatur
2314 2185 2372 2237 in
2419 2184 2660 2237 universo
2703 2176 2899 2232 mundo
2924 2173 2993 2227 ".
3025 2168 3293 2238 Quoniam

1720 2283 1785 2336 ad
1813 2279 2073 2350 quosdam
2101 2276 2348 2330 scribens
2376 2271 2695 2342 Apostolus,
2729 2267 2861 2321 dicit
2894 2278 2991 2335 pro
3041 2258 3296 2313 omnibus

1720 2388 1778 2427 se
1806 2370 2009 2442 gratias
2056 2383 2217 2441 agere
2252 2366 2389 2435 (46),
2432 2365 2572 2420 sicut
2623 2371 2678 2417 et
2712 2374 2855 2415 nunc
2881 2358 2947 2411 ad
2977 2354 3293 2417 Romanos;

1721 2466 1791 2517 ad
1815 2462 1952 2517 alios
1982 2476 2110 2516 vero
2141 2459 2390 2515 scribens
2420 2456 2627 2526 gratias
2659 2452 2877 2523 quidem
2901 2449 3035 2517 agit,
3060 2446 3157 2501 sed
3187 2458 3297 2499 non

1723 2554 1876 2609 addit
1908 2551 2043 2622 (47),
2072 2567 2168 2620 pro
2202 2549 2486 2610 omnibus;
2519 2546 2826 2599 observans
2874 2538 3120 2593 invenies
3152 2532 3296 2604 quod

1722 2648 1814 2703 ubi
1838 2647 1971 2701 dicit
1997 2662 2092 2715 pro
2122 2639 2362 2694 omnibus
2391 2654 2452 2693 se
2490 2636 2696 2705 gratias
2740 2647 2924 2704 agere,
2965 2628 3150 2697 culpas
3180 2625 3292 2679 ali-

1724 2753 1860 2809 quas
1904 2749 2105 2807 graves
2127 2742 2220 2788 aut
2250 2730 2447 2801 probra
2475 2729 2530 2781 in
2556 2740 2651 2791 eos
2676 2741 2781 2779 non
2812 2726 3108 2789 exaggerat
3135 2717 3250 2788 (48)
3275 2735 3293 2784 ;

1725 2832 1815 2886 ubi
1853 2840 2039 2884 autem
2084 2832 2239 2882 notat
2287 2821 2505 2890 aliquos
2535 2819 2619 2874 vel
2645 2818 2844 2888 arguit,
2893 2833 3002 2873 non
3052 2815 3205 2871 addit
3232 2815 3300 2868 ad

1727 2924 2025 2996 gratiarum
2065 2904 2333 2974 actionem
2360 2912 2499 2985 (49),
2529 2910 2672 2981 quod
2691 2925 2786 2979 pro
2825 2909 3067 2963 erunibus
3095 2906 3302 2977 gratias

1728 3024 1873 3085 agat,
1901 3013 2044 3067 sicut
2077 3020 2133 3065 et
2152 3009 2218 3062 ad
2248 3004 2567 3062 Corinthios
2590 3000 2637 3033 ⁷³
2662 3000 2747 3056 vel
2774 3000 2841 3055 ad
2861 2999 3213 3056 Colossenses
3231 2997 3299 3054 ⁷⁸.

1727 3110 1812 3163 Ad
1842 3106 2069 3164 Galatas
2092 3116 2224 3157 vero
2250 3101 2295 3132 ⁷⁸
2336 3098 2559 3171 omnino
2585 3110 2688 3151 nec
2721 3096 2874 3165 ponit
2894 3095 3190 3163 gratiarum
3217 3106 3305 3146 ac-

1732 3200 1956 3261 tionem,
1983 3194 2130 3265 quod
2152 3207 2249 3248 eos
2296 3190 2529 3245 miratur
2568 3198 2675 3241 tam
2704 3189 2808 3241 cito
2839 3185 3125 3241 transferri
3147 3185 3212 3238 ab
3240 3200 3304 3238 eo

1731 3292 1820 3362 qui
1864 3289 2061 3345 uocauit
2092 3301 2210 3353 eos,
2246 3285 2304 3338 in
2339 3281 2491 3337 aliud
2536 3280 2904 3349 Evangelium.
2939 3278 3119 3332 Prima
3171 3292 3303 3348 ergo

1732 3401 1837 3439 vox
1883 3382 2073 3452 incipit
2101 3397 2129 3434 a
2170 3377 2475 3450 gratiarum
2498 3376 2715 3430 actione
2747 3373 2885 3446 (50).
2918 3374 3097 3444 Agere
3121 3384 3304 3427 autem
3380 3374 3381 3379 ‘

1735 3480 1847 3534 Deo
1870 3476 2098 3547 gratias,
2136 3473 2241 3527 hoc
2270 3480 2356 3525 est
2386 3467 2721 3524 sacriﬁcium
2763 3466 2938 3520 laudis
2965 3464 3163 3520 oﬂ‘erre
3190 3480 3206 3530 ;
3250 3471 3306 3518 et

1733 3573 1857 3627 ideo
1885 3570 2058 3634 addit,
2091 3566 2192 3621 Per
2225 3565 2408 3619 Iesum
2439 3560 2732 3625 Christum,
2775 3559 2923 3614 velut
2958 3573 3056 3629 per
3078 3555 3308 3612 Pontili-

1732 3681 1849 3719 cent
1884 3676 2163 3731 magnum.
2192 3659 2418 3728 Oportet
2441 3657 2584 3711 enim
2612 3655 2756 3708 scire
2796 3668 2918 3706 eum
2961 3652 3051 3721 qui
3085 3649 3196 3702 vult
3223 3647 3310 3701 oi-

1732 3754 1879 3810 l'erre
1932 3752 2264 3808 sacrilicium
2302 3750 2411 3803 Deo
2436 3787 2452 3812 ,
2501 3746 2646 3815 quod
2679 3758 2777 3814 per
2813 3758 3004 3797 manus
3038 3739 3311 3809 pontiﬁcis

1734 3848 1892 3902 debet
1936 3844 2137 3900 olierre
2165 3842 2234 3895 ⁷⁸.
2272 3840 2380 3895 Sed
2419 3849 2476 3894 et
2525 3840 2628 3892 hoc
2666 3836 2810 3905 quod
2840 3835 2996 3900 dixit,
3028 3832 3139 3885 Deo
3170 3847 3309 3893 meo,

1735 3953 1843 3994 non
1874 3947 1959 3993 est
1988 3936 2163 3990 otiose
2185 3929 2587 4001 accipiendum.
2618 3926 2734 3981 Non
2768 3926 2912 3980 enim
2946 3940 3047 3978 vox
3081 3924 3183 3978 ista
3215 3938 3312 3992 po—

1736 4040 1838 4086 test
1868 4044 1989 4085 essc
2014 4028 2117 4083 nisi
2149 4036 2487 4090 sanctorum,
2514 4036 2743 4093 quorum
2774 4016 3160 4093 Deusdicitur,
3194 4015 3311 4070 sic-

1736 4131 1795 4176 ut
1825 4122 1968 4177 Deus
1996 4120 2291 4183 Abraham,
2324 4116 2407 4171 vel
2474 4089 2650 4177 lsaac,
2674 4112 2759 4165 vel
2786 4089 2957 4165 Iacob
2977 4109 3043 4161 ".
3068 4106 3183 4161 Non
3210 4121 3309 4175 po-

1738 4224 1844 4268 test
1879 4212 2163 4266 Dominum
2197 4211 2363 4263 Deum
2386 4222 2542 4262 suum
2574 4204 2759 4259 dicere
2783 4202 2830 4256 is
2853 4200 3145 4255 cuiventer
3169 4196 3315 4252 Dens

1734 4316 1820 4360 est
1844 4306 1910 4370 ⁷⁸,
1949 4312 2043 4359 aut
2079 4303 2166 4358 cui
2192 4302 2421 4357 avaritia
2452 4299 2598 4354 Deus
2623 4307 2732 4363 est,
2756 4306 2854 4350 aut
2878 4293 2963 4349 cui
3000 4291 3172 4364 gloria
3200 4304 3312 4344 ste-

1735 4399 1864 4463 culi,
1888 4408 1942 4452 et
1972 4409 2169 4465 pompa
2203 4394 2413 4457 mundi,
2446 4400 2540 4445 aut
2579 4388 2820 4460 potentia
2856 4399 3037 4441 rerum
3081 4381 3316 4438 caduca-

93 4501 186 4556 erga
206 4506 387 4549 omnes
420 4492 496 4548 ab
538 4506 609 4547 eo
644 4498 897 4547 servatur
928 4487 1221 4544 Ecclesias.
1251 4489 1385 4544 Nam
1411 4490 1480 4545 ad
1527 4490 1629 4548 Co-
1660 4490 1706 4545 D
1737 4506 1855 4544 rum
1902 4491 2043 4543 Deus
2070 4499 2173 4543 est.
2225 4486 2496 4556 Quidquid
2545 4487 2690 4539 enim
2723 4480 3098 4550 unusquisque
3143 4486 3306 4543 supra

155 4629 230 4684 “l
256 4631 381 4687 Cor.
414 4647 516 4694 xv,
546 4630 639 4686 10.
726 4631 773 4664 ⁸⁸
804 4632 969 4687 Hebr.
1009 4638 1087 4694 tu,
1117 4630 1168 4695 l,
1193 4628 1250 4694 4,
1282 4629 1370 4686 l4.

92 4702 254 4761 1,18.
354 4705 404 4736 ⁸⁷
429 4704 603 4757 Rom.
636 4717 690 4767 t,
738 4701 794 4756 6.
888 4701 934 4734 ⁵⁸
960 4701 1090 4755 ibid.
1120 4701 1175 4753 7.

1466 4631 1513 4663 “
1543 4633 1745 4702 Ephes.
1773 4646 1832 4702 ρ,
1868 4628 1955 4702 12.

1278 4700 1324 4731 ⁵⁸
1347 4698 1486 4759 Gen.
1509 4698 1603 4767 rx;
1620 4704 1709 4767 96,
1734 4700 1825 4757 27.

2549 4624 2597 4656 ⁸⁸
2633 4621 2780 4676 Psal.
2829 4633 2957 4673 xvnt
2983 4655 2998 4679 ,
3030 4613 3103 4679 5;
3153 4610 3312 4664 Rom.

2050 4628 2097 4659 "
2138 4626 2295 4680 Rom.
2330 4642 2366 4690 ι,
2397 4624 2452 4679 5.
2549 4624 2597 4656 ⁸⁸
2633 4624 2780 4676 Psal.
2829 4633 2957 4673 xvnt
2983 4655 2998 4679 ,
3030 4624 3103 4679 5;
3156 4624 3312 4664 ttom.

2050 4713 2136 4751 en.
2172 4712 2286 4751 xiv.
2316 4696 2404 4751 19.
2432 4694 2525 4749 20.
2628 4694 2672 4726 ⁶¹
2705 4691 2841 4748 Gen.
2885 4702 3053 4751 xxvtt.
3098 4681 3188 4747 28,
3223 4679 3314 4751 29.

1930 4699 1973 4730 ⁸ο
2001 4696 2136 4752 Gen.
2172 4712 2286 4763 xiv,
2316 4696 2404 4760 19,
2432 4694 2525 4749 20.

94 4750 260 4840 ‘jYGen.
288 4790 438 4834 xux.
467 4750 690 4836 5,
745 4750 797 4804 δ
829 4750 1199 4835 Deut—:xxxui,
1231 4770 1284 4830 6.
1317 4750 1485 4840 εὲεῇῗ
1512 4750 1601 4829 iri

1794 4750 1882 4833 vn,
1914 4750 2029 4825 40;
2083 4750 2127 4803 “
2151 4750 2285 4840 1;ch
2310 4782 2369 4840 x_,
2465 4765 2566 4840 __“
2591 4764 2613 4818 ι
2640 4764 2778 4840 (ἶυνἒ
2800 4779 2839 4831 ι,
2867 4762 2944 4840 5.,
2962 4754 3150 4840 [1299
3180 4767 3218 4840 ξ,

94 4834 230 4897 Galat.
267 4860 305 4909 I,
339 4845 408 4902 '5;
448 4834 703 4912 Epheso,
735 4842 802 4907 2;
836 4842 1029 4908 Philip.
1063 4858 1099 4901 ι.
1124 4834 1191 4894 2.
1258 4840 1302 4871 ⁸⁷
1339 4834 1549 4898 Cdloss.
1576 4860 1615 4909 ι,

95 4906 124 4957 ll
158 4910 280 4969 Tim.
312 4931 350 4969 ι.
377 4915 436 4968 2.
520 4913 568 4944 '“
604 4912 710 4966 Tit.
736 4929 775 4969 ι.
803 4912 856 4966 4.
978 4912 1023 4943 ⁷³
1060 4910 1213 4965 Rom.
1243 4926 1282 4969 ι.
1314 4909 1369 4963 8.
1402 4966 1405 4969 .
1483 4914 1529 4946 ⁷³
1561 4914 1623 4969 Ι(

1794 4842 1866 4893 "'l
1896 4840 2088 4894 Thess.
2114 4855 2148 4899 ι,
2171 4837 2226 4892 2.

1805 4953 1818 4969 .
1853 4910 1909 4965 4.
2004 4911 2052 4942 ⁷⁸
2078 4910 2226 4964 Color

1650 4930 1734 4971 or.
1778 4930 1818 4978 t,
1853 4930 1909 4965 4.

95 4906 124 4957 ⁸1
158 4906 350 4977 Tum),
377 4915 436 4968 2.
500 4906 568 4944 ’⁷⁸
604 4906 710 4966 Tit.
736 4929 775 4979 ι,
803 4912 856 4966 4.
978 4906 1023 4943 ⁵¹²
1060 4910 1213 4965 Rom.
1243 4926 1282 4972 t,
1314 4909 1369 4963 8.
1402 4966 1405 4971 ,

94 4989 189 5047 nu,
212 4982 264 5037 3.
337 4985 382 5015 ⁷⁷
416 4982 606 5039 Exod.
632 4987 799 5046 ιιι,ο6.
872 4983 919 5014 ⁷⁸
948 4980 1149 5051 Philip.
1172 4995 1255 5045 ut,
1292 4980 1379 5035 19.

144 5093 237 5163 (41)
265 5093 365 5148 Ms.
392 5108 543 5149 unus
576 5092 776 5160 Regius
804 5108 963 5163 num.
993 5090 1154 5158 1641,
1190 5090 1318 5159 ﬁdei
1351 5090 1637 5147 obedirent.

95 5160 429 5234 Alter'Regius
466 5180 632 5234 rium.
659 5163 817 5224 1659,
843 5166 899 5218 in
931 5162 1090 5234 ﬁdem
1115 5163 1326 5234 obedire
1359 5163 1635 5234 dicuntur.

94 5230 249 5288 Ceteri
279 5230 438 5302 niss.,
464 5232 729 5289 Rabanus
769 5244 825 5288 et
855 5230 1011 5298 editi,
1041 5232 1099 5287 in
1134 5230 1297 5300 ﬁdem
1324 5232 1535 5286 obedire
1557 5235 1642 5286 di—

95 5314 444 5445 αιῗὶξῗλνίἀε
470 5388 665 5443 supra,
691 5387 851 5445 num.
876 5371 930 5426 2.

2898 4819 2944 4859 ἰδ
2974 4824 2996 4876 l
3021 4823 3162 4878 Tim.
3185 4819 3314 4884 t,2;

2331 4837 2375 4869 ⁸³
2398 4837 2437 4891 ll
2465 4835 2661 4890 Thess.
2682 4851 2719 4897 ι,
2749 4833 2803 4886 2.
2898 4833 2944 4859 ⁷⁰
2974 4833 2996 4876 l
3021 4833 3162 4878 'l‘tm.
3185 4835 3222 4884 ι,
3243 4833 3314 4882 2;

2331 4923 2344 4945 ι
2407 4907 2440 4945 κ
2554 4906 2601 4937 ἰδ
2633 4904 2807 4945 natat-
2843 4918 2879 4945 ι-
2922 4897 2976 4945 6.
3069 4891 3115 4922 ⁷⁸
3148 4890 3316 4945 Hebr.

2004 4911 2052 4942 ⁷⁵
2078 4897 2286 4964 Coloss.
2329 4923 2370 4976 ι,
2407 4907 2459 4961 5.
2554 4906 2601 4937 ⁷⁸
2633 4904 2808 4962 Galat.
2843 4918 2881 4967 ι,
2922 4897 2976 4951 6.

1749 5091 1952 5146 Deinde
1989 5090 2144 5155 editi,
2174 5085 2572 5159 quifbenedixit
2602 5083 2799 5146 tribus,
2833 5087 2937 5134 etc.
2976 5073 3087 5132 Sed
3132 5074 3318 5131 caeteri
3378 5089 3386 5097 '

1746 5178 1877 5217 mss.
1907 5172 1959 5215 et
1986 5158 2245 5215 Rabanus
2269 5167 2329 5213 ut
2356 5158 2406 5210 in
2441 5164 2611 5210 textu.

1821 5229 1933 5303 (44)
1967 5231 2117 5303 Editi
2141 5240 2196 5281 et
2219 5244 2321 5282 ms.
2349 5225 2678 5303 unus_,d_ifo,
2699 5219 2884 5303 male.

1965 5302 2063 5355 Ms.
2087 5300 2283 5367 Regius
2314 5313 2461 5365 num.
2484 5292 2644 5368 {652,
2665 5287 2709 5346 si
2738 5287 3110 5368 nanind‘igniﬁ

1843 5356 1932 5442 to)
1961 5373 2061 5424 Ms.
2092 5356 2291 5439 stagnis
2320 5356 2469 5424 nuru.
2499 5356 2656 5427 1659,
2681 5363 2914 5433 quando.
2941 5356 3146 5415 Deinde
3164 5356 3324 5424 editi,

133 5440 573 5521 .(ﬂiﬂabanus',
593 5455 650 5498 et
682 5441 1029 5521 ms._Regius_
1050 5457 1202 5521 num.
1229 5442 1386 5508 l639,
1411 5441 1644 5521 Benedif
1748 5440 2179 5521 semperngratias
2210 5452 2384 5505 agere,
2411 5446 2518 5521 etc.

94 5512 171 5563 nio
207 5523 372 5591 autem
400 5512 578 5580 pacis,
621 5522 736 5591 etc.
777 5512 1315 5591 Deindeuidemmsz,
1340 5523 1466 5582 puto
1505 5513 1644 5591 quod

97 5594 173 5633 non
192 5581 251 5653 sit
276 5585 453 5638 minor
474 5601 543 5637 ea
567 5599 687 5653 qua:
710 5582 811 5653 fuit
844 5583 1135 5636 benedictio
1154 5583 1217 5653 in
1247 5581 1368 5637 sem
1386 5592 1433 5636 et
1454 5581 1523 5635 in
1540 5581 1645 5635 Ja-

96 5650 234 5734 phelli,
262 5650 652 5734 quoniamper
682 5650 1099 5734 Spiritum,.e_tc.
1118 5651 1256 5734 “sed
1293 5653 1478 5734 caeteri
1512 5669 1642 5707 mss.

96 5730 135 5792 ει
163 5722 280 5777 editi
313 5734 373 5778 ut
414 5724 471 5777 in
531 5732 710 5787 textu,
746 5722 852 5777 nisi
894 5723 1037 5792 quod
1065 5722 1199 5776 editi
1242 5724 1500 5790 habeant,
1527 5739 1647 5791 qua:

98 5787 226 5864 “aut
253 5808 350 5864 nso
375 5809 547 5864 quam
567 5793 684 5848 άαι-

153 5860 624 5935 145)Ἠε.ἰἰθείιιε
648 5877 799 5919 num.
834 5861 996 5932 1659,
1044 5861 1402 5918 benedictione
1451 5860 1645 5934 Moysi.

1819 5502 1931 5584 (47)
1954 5502 2116 5584 Editi,
2144 5502 2318 5578 agere,
2349 5505 2438 5584 sed
2462 5521 2565 5558 non
2595 5502 2825 5557 addidit.

1821 5576 1935 5654 (48)
1965 5581 2128 5654 Editi,
2157 5576 2248 5631 aut
2271 5576 2593 5654 probranon
2615 5583 2911 5654 eataggeret.

1819 5643 1932 5722 (49)
1965 5643 2132 5722 Editi,
2163 5643 2501 5722 non—ud‘didit
2539 5647 2832 5722 gratiarum
2862 5643 3144 5722 actionem.

1822 5712 1932 5804 (βυ)
1972 5721 2064 5776 Sic
2090 5712 2223 5776 mss.
2257 5725 2310 5773 et
2343 5714 2625 5771 Rabanus.
2657 5716 2727 5769 At
2750 5714 2906 5781 editi,
2934 5713 3004 5768 ad
3029 5712 3332 5784 gratiarum

1750 5806 2031 5848 actionem.
