3754 6592
378 444 482 500 835

1833 443 2154 500 ORIGENIS

3547 443 3657 496 835

375 576 578 620 cetera
612 565 760 624 colit.
793 565 894 620 hoc
925 565 998 618 illi
1040 566 1177 619 Dens
1224 576 1324 621 est.
1365 566 1472 622 Sed
1505 566 1784 623 videmnus
1820 568 1946 636 quid
1978 573 2022 627 Α
2056 567 2169 634 ipse
2205 567 2462 622 Dominus
2503 567 2718 622 dicebat
2754 567 2819 619 ad
2861 565 3268 621 Samaritanam
3306 565 3604 619 mulierem
3639 584 3654 617 :

375 669 458 712 est
507 675 606 728 pro
639 675 746 727 quo
775 659 1068 729 Apostolus
1098 662 1301 729 gratias
1353 663 1460 731 agit
1508 662 1614 718 Deo
1645 679 1762 718 suo.
1806 661 1950 728 Quo-

378 750 550 812 niam,
599 751 798 818 inquit,
838 751 968 818 fides
1005 763 1178 804 vestra
1222 755 1578 806 annuntiotur
1615 755 1672 806 in
1710 755 1949 806 universo

375 842 594 898 mundo.
639 841 705 894 In
734 843 974 896 universo
1025 844 1219 895 mundo
1266 844 1308 896 si
1343 843 1668 913 simpliciter
1715 843 1951 910 accipia-

378 949 516 1001 mus,
563 936 666 990 hoc
697 935 910 991 videtur
959 936 1245 1005 designare
1291 936 1430 1006 (51),
1482 939 1623 1005 quod
1675 939 1728 991 in
1767 937 1951 990 multis

376 1021 510 1077 locis
560 1025 766 1091 mundi,
815 1024 919 1079 hoc
951 1033 1036 1078 est
1081 1034 1238 1078 terrm
1276 1026 1461 1092 huius,
1493 1042 1681 1079 eorum
1715 1027 1805 1095 qui
1839 1026 1950 1078 Ro-

375 1128 476 1169 mae
502 1124 628 1168 sunt
659 1115 794 1170 ﬁdes
821 1125 877 1170 et
905 1116 1096 1186 religio
1129 1118 1471 1185 praedicetur.
1503 1118 1560 1172 Si
1597 1133 1749 1181 vero,
1789 1127 1847 1169 ut
1899 1119 1950 1170 in

377 1207 678 1266 nonnullis,
711 1209 874 1261 etiam
928 1209 981 1261 in
1035 1208 1134 1261 hoc
1189 1209 1309 1263 loco
1358 1212 1592 1264 mundus
1639 1211 1954 1278 designatur

375 1298 468 1362 qui
502 1312 566 1350 ex
600 1298 740 1351 coelo
784 1308 999 1351 constat
1045 1308 1099 1351 et
1145 1309 1310 1357 terra.
1346 1309 1508 1367 atque
1534 1301 1785 1354 ou‘mibus
1831 1318 1953 1369 quae

379 1388 434 1442 in
465 1389 547 1441 eis
581 1400 728 1451 sunt,
764 1398 941 1455 potest
969 1389 1134 1443 etiam
1168 1389 1295 1442 illud
1337 1390 1560 1461 intelligi
1609 1393 1750 1460 quod
1784 1395 1953 1446 virtu-

375 1491 474 1543 tes,
511 1480 578 1534 de
602 1482 799 1548 quibus
825 1481 1028 1536 dicitur
1056 1483 1183 1551 quia
1232 1483 1488 1551 gaudium
1534 1484 1757 1537 habeant
1800 1502 1955 1554 super

371 1589 475 1626 uno
509 1587 780 1641 peccatore
810 1576 1170 1643 paenitentiam
1212 1586 1400 1645 agente
1439 1577 1511 1640 '9,
1559 1577 1731 1632 multo
1783 1579 1954 1648 magis

371 1668 438 1720 de
465 1666 825 1722 conversione
853 1683 1072 1736 quoque
1117 1677 1171 1722 et
1211 1670 1316 1722 [ide
1363 1668 1734 1724 Romanorum
1771 1671 1954 1725 Izrten-

371 1770 481 1822 tur,
528 1761 913 1814 nuntiantibus
959 1761 1061 1813 sibi
1116 1762 1326 1831 angelis
1375 1762 1485 1816 illis
1527 1764 1616 1832 qui
1652 1764 1955 1817 ascendunt

369 1861 425 1906 et
457 1853 796 1908 descendunt
834 1854 899 1907 ad
937 1854 1132 1908 Filium
1170 1855 1407 1909 hominis
1430 1857 1520 1909 '9'.
1557 1856 1620 1909 Et
1670 1857 1770 1926 ipsi
1807 1859 1950 1910 enim

2066 656 2214 711 Venit
2259 664 2391 712 liora
2437 657 2571 729 (54),
2633 667 2682 710 et
2733 673 2871 710 nunc
2911 668 3008 723 est,
3059 657 3272 727 quando
3307 659 3413 708 reri
3461 661 3658 707 adora-

2055 762 2191 805 tores
2237 751 2538 806 adorabunt
2599 750 2814 804 Patrem
2864 752 2918 805 in
2967 751 3157 819 spiritu
3207 760 3256 801 et
3305 751 3533 800 ueritate
3584 748 3655 799 “.

2055 845 2159 900 Sed
2213 844 2410 898 Paulus
2468 859 2574 898 non
2623 843 2796 897 solum
2850 845 3038 896 adorat
3083 843 3140 895 in
3193 841 3414 906 spiritu.
3455 855 3652 892 verum

2053 948 2106 989 ct
2167 936 2405 990 deservit
2472 935 2526 989 in
2582 936 2809 1004 spiritu.
2871 932 3005 986 Nam
3063 933 3293 986 adorare
3363 931 3494 1000 quis
3554 946 3654 997 po-

2057 1039 2160 1083 test
2193 1036 2247 1082 et
2283 1028 2400 1082 sine
2425 1027 2659 1092 allecto;
2695 1025 2969 1079 deservire
3019 1038 3146 1077 vero
3186 1023 3306 1090 ejus
3354 1031 3440 1074 est
3480 1036 3650 1087 quem

2053 1120 2379 1183 constringit
2417 1116 2662 1172 allectus.
2716 1116 2963 1170 Deservit
3005 1129 3134 1182 ergo
3177 1110 3477 1178 Apostolus
3515 1111 3652 1171 Deo,

2056 1230 2159 1266 non
2195 1213 2246 1265 in
2277 1226 2531 1280 corpore,
2565 1224 2741 1278 neque
2769 1211 2819 1262 in
2847 1209 3053 1268 anima,
3085 1206 3178 1259 sed
3204 1207 3260 1256 iu
3301 1203 3538 1256 meliore
3563 1204 3651 1254 sui

2055 1315 2230 1374 parte,
2257 1306 2409 1358 idest
2432 1305 2483 1356 in
2512 1302 2729 1371 spiritu.
2759 1300 2881 1354 Haec
2900 1301 3043 1353 enim
3069 1297 3170 1350 tria
3191 1311 3316 1350 esse
3346 1299 3402 1348 in
3423 1294 3654 1347 homine

2054 1399 2301 1463 designat
2333 1397 2400 1450 ad
2425 1393 2946 1449 Thessalonicenses
2971 1389 3244 1452 scribens,
3264 1403 3392 1442 cum
3415 1387 3650 1440 dicit”:

2054 1486 2126 1541 Ut
2160 1489 2425 1556 integrum
2469 1500 2661 1554 corpus
2700 1493 2952 1545 uestrum,
2983 1490 3030 1534 et
3063 1480 3245 1532 anima
3276 1521 3290 1542 ,
3323 1489 3376 1532 et
3419 1479 3652 1545 spiritus

2053 1580 2109 1633 in
2150 1579 2236 1632 die
2281 1577 2497 1631 Domini
2526 1575 2694 1629 nostri
2733 1573 2863 1626 Jesu
2894 1570 3093 1625 Christi
3122 1584 3387 1624 servetur.
3428 1570 3495 1621 Et
3547 1569 3651 1621 Da-

2057 1670 2159 1724 niel
2205 1670 2377 1724 dicit:
2417 1668 2656 1721 Laudate
2682 1707 2697 1729 ,
2738 1666 2958 1730 spiritus
3007 1673 3052 1715 et
3103 1665 3295 1716 animte
3339 1663 3648 1729 justorum,

2055 1765 2340 1816 Dominum
2365 1763 2432 1815 ’⁸.
2474 1759 2765 1828 Apostolus
2790 1772 2922 1825 ergo
2953 1756 3155 1823 ubique
3197 1753 3458 1823 spiritum
3508 1768 3652 1821 βπε-

2057 1853 2182 1917 lert,
2208 1864 2264 1907 et
2300 1852 2547 1920 repudiat
2581 1865 2800 1903 carnem
2855 1848 2940 1901 vel
2974 1863 3094 1916 qum
3123 1846 3305 1898 carnis
3344 1854 3500 1898 sunt.
3537 1843 3649 1897 De-

370 1945 643 1998 mirautur
690 1948 754 2000 de
799 1948 1159 2001 conversione
1184 1948 1448 2016 gentium,
1481 1957 1534 2002 et
1567 1949 1709 2016 quod
1746 1950 1797 2003 in
1831 1966 1949 2004 om-
1983 1923 2025 1975 Β
2055 1946 2224 2013 nique
2255 1954 2310 1998 et
2343 1941 2479 2012 legis
2512 1943 2679 2009 ipsius
2704 1941 2954 2008 spiritum
2983 1937 3200 1996 laudat;
3229 1937 3476 1989 litteram
3514 1949 3650 1987 vero

370 2052 494 2091 nem
520 2049 722 2092 terram
755 2041 923 2093 exivit
963 2054 1130 2094 sonus
1161 2043 1530 2108 apostolorum
1559 2041 1760 2096 Christi
1798 2041 1945 2096 les".

372 2127 614 2196 Denique
636 2138 689 2180 et
718 2144 920 2199 agones
948 2130 1186 2197 ipsorum
1220 2140 1531 2198 spectantes
1567 2131 1619 2184 in
1659 2132 1760 2184 hoc
1790 2149 1946 2184 llltttl-

369 2223 438 2274 do
474 2221 747 2286 ltetantur,
778 2221 918 2274 sicut
976 2221 1272 2289 Apostolus
1311 2222 1512 2275 dicit”
1539 2239 1553 2275 :
1583 2222 1722 2288 Quia
1748 2235 1949 2290 specta-

370 2310 550 2364 culum
588 2311 718 2380 facti
751 2328 931 2364 sumus
976 2313 1098 2365 huic
1127 2312 1344 2376 mundo,
1374 2322 1420 2364 et
1459 2313 1681 2381 angelis,
1711 2326 1757 2367 et
1783 2315 1946 2366 homi-

369 2401 548 2455 nibus.
597 2399 782 2454 Potest
817 2412 995 2454 tamen
1030 2411 1086 2454 et
1116 2403 1190 2454 ita
1221 2401 1473 2470 intelligi,
1504 2404 1648 2471 quod
1685 2403 1814 2457 [idos
1846 2405 1945 2457 ista

370 2507 533 2560 quam
576 2491 805 2545 Romani
848 2492 1050 2546 habent
1080 2533 1095 2556 ,
1136 2493 1254 2562 ipsa
1299 2496 1598 2561 eademque
1633 2495 1721 2561 sit,
1752 2507 1806 2549 et
1843 2513 1944 2550 non

368 2583 495 2643 alia,
529 2599 692 2653 quam
722 2599 845 2652 qum
885 2585 935 2636 iu
989 2584 1245 2639 universo
1284 2586 1486 2638 mundo
1512 2588 1865 2640 ammntiatur
1895 2598 1947 2641 et

368 2677 635 2739 creditur,
675 2693 795 2746 qua:
819 2692 922 2730 non
953 2679 1126 2731 solum
1153 2679 1205 2730 in
1241 2688 1405 2739 terra.
1437 2679 1531 2732 sed
1558 2681 1720 2732 etiam
1753 2681 1805 2733 iu
1836 2695 1946 2735 cte-

367 2772 435 2825 lis
464 2771 794 2839 praedicatur
827 2789 840 2824 :
871 2772 998 2839 quia
1032 2770 1192 2826 Jesus
1235 2771 1550 2841 paciﬁcavit
1594 2787 1688 2840 per
1727 2773 1947 2841 sangui~

368 2881 491 2920 nem
519 2881 672 2918 suum
710 2880 814 2918 non
839 2865 1014 2918 solum
1035 2881 1154 2932 quae
1184 2865 1236 2918 in
1265 2865 1430 2918 terris
1462 2875 1610 2925 sunt.
1639 2865 1731 2918 sed
1756 2875 1806 2918 et
1825 2882 1946 2933 qua:

366 2959 420 3012 in
477 2959 631 3012 ctelis
658 2959 736 3023 9‘;
788 2971 843 3012 et
883 2959 934 3012 iu
985 2959 1202 3013 nomine
1237 2960 1357 3028 ejus
1404 2974 1542 3026 genu
1591 2959 1811 3012 ﬂectunt
1839 2975 1942 3011 non

367 3052 540 3104 solum
595 3053 906 3113 terrestria,
951 3052 1045 3106 sed
1084 3063 1139 3104 et
1182 3051 1424 3105 coelestia
1455 3059 1504 3105 et
1543 3051 1752 3105 inferna
1781 3051 1847 3104 ⁸³.
1881 3050 1946 3103 Et

366 3141 472 3195 hoc
501 3153 586 3197 est
627 3141 682 3193 in
740 3141 995 3194 universo
1041 3141 1244 3195 mundo
1285 3141 1442 3203 Iidem
1488 3141 1813 3210 praedicari,
1850 3158 1944 3210 per

366 3247 530 3300 quam
563 3231 742 3286 omnis
778 3231 1010 3284 mundus
1042 3231 1113 3284 sit
1141 3231 1254 3301 (52)
1286 3232 1538 3285 subditus
1584 3233 1691 3287 Deo
1726 3233 1794 3285 ⁸³.
1829 3233 1941 3288 Ob-
1971 3266 2013 3322 Ο

365 3327 692 3382 servandum
721 3341 854 3379 sane
883 3333 968 3378 est
991 3327 1116 3394 quia
1138 3326 1204 3378 ad
1241 3327 1340 3379 hoc
1369 3328 1512 3393 quod
1537 3327 1694 3394 dixit,
1720 3330 1943 3396 primum

364 3420 600 3488 qtidem,
630 3434 738 3473 non
777 3418 1036 3482 reddidit,
1068 3419 1220 3472 verbi
1253 3421 1450 3487 gratia.
1478 3430 1535 3473 ιιι
1565 3421 1770 3475 diceret
1799 3442 1811 3476 :
1848 3421 1947 3477 Se-

366 3511 549 3566 cundo
583 3523 761 3564 autem
785 3528 800 3576 ;
827 3511 924 3564 sed
960 3519 1016 3563 ut
1064 3512 1417 3578 praediximus
1457 3512 1525 3566 de
1553 3512 1947 3569 elocutionibus

367 3606 553 3660 minus
599 3604 805 3667 ﬁnitis;
849 3604 950 3655 nisi
985 3602 1126 3656 forte
1158 3604 1406 3656 videatur
1441 3605 1493 3657 in
1540 3619 1604 3658 eo
1639 3607 1788 3660 reddi
1824 3622 1944 3660 cum

367 3698 542 3751 dicit:
583 3694 720 3748 Nolo
758 3706 932 3748 autem
956 3712 1041 3748 vos
1068 3697 1335 3762 ignorare,
1368 3695 1565 3764 fratres
1591 3696 1661 3748 ⁸⁵.

439 3789 528 3844 10.
556 3787 723 3841 Testis
756 3788 894 3840 enim
921 3788 1049 3840 mihi
1085 3798 1158 3840 est
1200 3787 1365 3850 Deus,
1413 3788 1500 3840 cui
1541 3788 1712 3841 servio
1753 3789 1806 3841 in
1838 3789 1946 3857 spi-

366 3882 477 3934 ritu
507 3896 643 3943 meo,
687 3881 742 3932 in
787 3877 1072 3948 Evangelia
1105 3876 1237 3931 Filii
1263 3879 1377 3948 ejus
1405 3878 1472 3933 ⁸⁵.
1507 3878 1648 3933 Deus
1676 3882 1830 3935 teStis
1863 3889 1947 3936 est

365 3977 570 4031 sanctis
586 3975 723 4033 suis,
750 3974 873 4042 quia
901 3983 956 4026 et
987 3973 1086 4042 ipsi
1132 3981 1294 4026 testes
1337 3983 1464 4027 sunt
1491 3974 1608 4040 Dei,
1647 3977 1942 4030 secundum

366 4067 508 4132 quod
535 4066 662 4120 dicit
706 4065 962 4132 propheta
987 4062 1138 4135 (55):
1182 4064 1349 4118 Erilis
1378 4067 1506 4120 mihi
1548 4076 1724 4133 testes,
1766 4077 1819 4121 et
1848 4085 1944 4137 ego

368 4159 540 4220 testis,
564 4159 691 4210 dicit
733 4156 983 4210 Dominus
1005 4157 1071 4209 ³⁸.
1102 4155 1208 4210 Sed
1241 4167 1296 4210 et
1325 4157 1580 4212 Salvator
1612 4161 1678 4212 ad
1704 4160 1946 4228 discipu-

366 4252 452 4303 los
485 4249 615 4303 dicit
643 4249 687 4280 ⁸⁷
719 4267 733 4300 ς
769 4249 932 4300 Eritis
975 4249 1100 4300 mihi
1153 4257 1306 4301 testes
1341 4249 1396 4301 in
1449 4247 1770 4314 Jerusalem,
1815 4260 1864 4303 et
1891 4253 1944 4304 in

365 4337 636 4399 Samaria,
664 4348 710 4390 et
739 4338 794 4388 in
816 4338 1060 4390 omnibus
1078 4338 1272 4402 ﬁnibus
1290 4347 1465 4402 terrte,
1490 4339 1790 4392 secundum
1817 4339 1944 4392 illud

367 4430 508 4498 quod
539 4429 798 4496 scriptum
823 4438 909 4482 est
925 4428 972 4460 ³⁸
1011 4443 1025 4481 :
1053 4429 1157 4492 Qui
1187 4429 1454 4498 confessus
1479 4430 1638 4497 fuerit
1673 4431 1728 4483 in
1766 4447 1868 4493 me,
1896 4442 1945 4484 et

367 4537 462 4591 ego
509 4522 797 4588 conﬁtebor
845 4523 899 4574 in
937 4538 996 4573 eo
1043 4537 1221 4574 coram
1265 4520 1430 4576 Patre
1475 4540 1607 4578 meo.
1653 4523 1945 4578 Videamus

367 4621 548 4666 autem
575 4612 704 4680 quid
736 4621 820 4665 est
845 4612 988 4680 quod
1026 4613 1175 4676 dicit,
1203 4614 1286 4667 cui
1314 4616 1480 4669 servio
1502 4617 1557 4668 in
1584 4616 1772 4684 spiritu
1808 4631 1942 4670 meo.
1972 4616 2025 4675 1)

367 4705 586 4759 Servire
620 4704 672 4757 in
701 4703 895 4772 Spiritu
932 4704 1111 4758 simile
1159 4707 1284 4759 mihi
1328 4706 1544 4760 videtur
1580 4721 1722 4769 esse,
1757 4707 1865 4760 imo
1889 4717 1944 4760 et

364 4796 602 4867 amplius
645 4795 852 4865 aliquid
901 4810 1063 4864 quam
1115 4798 1344 4852 adorare
1383 4799 1434 4851 in
1465 4798 1679 4867 spiritu,
1723 4798 1863 4853 sicut
1889 4809 1944 4852 et

435 4962 484 4993 "
517 4961 652 5018 Luc.
681 4977 772 5022 ιν,
819 4960 908 5014 10.
987 4961 1052 4992 ⁷⁸*
1084 4959 1244 5015 Joan.
1277 4978 1314 5026 ι,
1347 4962 1437 5014 52.

362 5032 410 5063 ³³
433 5031 593 5086 Rom.
621 5048 658 5093 ι,
689 5033 771 5087 15.
848 5030 894 5062 ⁸⁵
925 5030 1053 5083 ibid.
1087 5035 1139 5086 9.

362 5117 417 5166 ν,
442 5101 533 5155 23.
609 5103 655 5134 "
683 5102 822 5155 Dan.
856 5117 937 5163 Ill,
963 5100 1052 5155 86.

363 5173 411 5204 ⁹⁶
441 5171 601 5226 Rom.
635 5187 730 5235 vn,
768 5171 856 5226 14.

1238 5032 1283 5062 ⁸⁸
1308 5033 1430 5086 lsai.
1459 5048 1586 5086 me
1615 5074 1630 5098 ,
1662 5033 1749 5086 l2.

1129 5105 1175 5136 ⁹²
1206 5103 1242 5156 ll
1262 5103 1388 5158 Cor.
1420 5119 1496 5167 ιιι,
1524 5106 1576 5155 6.

931 5172 975 5202 ⁸⁷
1009 5171 1165 5229 Rom.
1198 5189 1315 5239 vm,
1346 5173 1433 5228 l5.

451 5329 593 5404 (5i)
645 5329 746 5385 Ms.
801 5332 1004 5405 Regius
1059 5353 1208 5391 num.
1264 5338 1442 5402 1659,
1503 5343 1601 5393 hoc
1650 5345 1757 5394 vult
1807 5345 1948 5394 desi-

365 5421 553 5545 ῼηῗέἑί
601 5477 771 5542 Alias,
804 5477 890 5530 sit.
939 5477 1005 5530 Et
1035 5477 1199 5542 infra,
1245 5479 1337 5532 sed
1373 5480 1744 5548 prtediximus,
1775 5481 1944 5536 omis-

367 5555 564 5688 εηῶἓλ
595 5615 694 5671 Ms.
721 5631 881 5680 unus,
916 5619 1204 5688 secundum
1244 5622 1384 5688 quod
1414 5621 1544 5674 dicit
1585 5638 1675 5687 per
1722 5622 1944 5688 prophe-

371 5697 502 5759 t_am.
526 5686 594 5741 Et
617 5688 777 5756 paulo
806 5697 929 5756 post
961 5686 1098 5759 alter
1127 5705 1227 5741 ms.
1256 5686 1313 5741 et
1351 5690 1504 5754 editi,
1533 5686 1638 5755 Qui
1673 5686 1942 5759 confessus

373 5757 530 5824 fuerit
575 5774 679 5819 me,
725 5766 774 5811 et
804 5774 895 5826 ego
938 5757 1228 5824 conﬁtebor
1269 5777 1420 5825 eum,
1455 5771 1562 5816 etc.
1604 5761 1712 5817 Sed
1757 5757 1940 5816 exteri

372 5843 504 5879 mss.
542 5839 598 5880 et
619 5827 876 5881 Rabanus
904 5839 963 5880 ut
995 5827 1047 5880 in
1080 5838 1249 5881 textu.
1941 5842 1944 5846 ‘

445 5897 559 5964 (Si)
598 5897 734 5954 Mss.
777 5900 1006 5969 aliquot,
1043 5896 1226 5953 Veniet
1254 5901 1408 5967 hora,
1459 5913 1567 5957 etc.
1619 5899 1768 5956 Alter
1813 5917 1951 5961 ιιιε.ι

1512 4962 1559 4993 ⁸⁰
1599 4962 1614 5014 l
1649 4962 1776 5017 Cor.
1812 4979 1882 5024 Iv,
1915 4965 1967 5019 9.

1530 5048 1586 5064 III
1662 5033 1726 5064 .IC)
1838 5035 1882 5064 R1
1912 5038 1936 5064 Α
1956 5055 1967 5064 ,

1695 5035 1749 5086 2.
1838 5035 2022 5089 "Act.
2058 5053 2094 5096 l,
2131 5035 2183 5089 8.

1689 5104 1733 5134 ⁸³
1765 5103 1923 5158 Rom.
1951 5122 2063 5170 Vlll,
2113 5107 2166 5160 5.

1523 5174 1568 5205 ⁸³
1603 5173 1759 5230 Joau.
1790 5190 1906 5241 vui,
1932 5176 2019 5231 56.

2053 2046 2308 2105 tauquam
2331 2049 2554 2089 carnem
2581 2034 2812 2103 spernit,
2845 2048 2966 2084 cum
3001 2030 3133 2082 dicit
3154 2030 3232 2082 9‘z
3267 2027 3476 2080 Littera
3509 2028 3651 2078 occi-

2051 2131 2162 2190 dit,
2209 2131 2427 2197 spiritus
2476 2144 2598 2181 vero
2655 2129 2908 2196 viviﬁcat.
2962 2125 3070 2180 Sed
3119 2136 3173 2178 et
3219 2142 3341 2177 cum
3387 2123 3533 2177 dicit
3557 2122 3644 2172 "z

2047 2222 2214 2293 469
2244 2221 2452 2275 Etenim
2489 2223 2542 2274 in
2567 2238 2672 2290 quo
2707 2221 3081 2288 inﬁrmabatur
3136 2220 3221 2273 [ex
3260 2235 3350 2285 per
3398 2233 3648 2276 carnem,

2048 2317 2190 2370 Deus
2241 2314 2451 2370 Filium
2506 2332 2660 2368 suum
2706 2316 2919 2368 mittens
2965 2315 3020 2366 in
3061 2313 3413 2367 similitudine
3464 2313 3650 2363 carnis

2048 2410 2269 2478 peccati,
2301 2425 2520 2464 carnem
2573 2409 2728 2478 legis,
2769 2410 2888 2461 sine
2921 2408 3084 2461 dubio
3123 2408 3354 2460 litteram
3391 2406 3539 2474 legis
3569 2407 3648 2457 di-

2048 2504 2143 2556 cit.
2168 2500 2272 2555 Per
2320 2501 2556 2554 litteram
2599 2515 2832 2567 namque
2873 2498 3251 2552 inlirmabatur
3281 2498 3392 2561 lex,
3439 2508 3499 2548 ut
3538 2513 3647 2550 non

2049 2603 2235 2661 posset
2268 2591 2502 2661 impleri.
2537 2590 2673 2656 Quis
2696 2590 2838 2643 enim
2885 2590 3131 2659 impleret
3172 2590 3254 2642 vel
3278 2590 3345 2644 de
3392 2588 3649 2642 Sabbato

2048 2684 2187 2751 quod
2211 2685 2473 2750 scriptum
2500 2694 2582 2737 est
2606 2685 2652 2714 ”
2685 2700 2700 2738 :
2737 2683 2861 2737 Non
2887 2691 2934 2736 te
2960 2683 3183 2734 movebis
3211 2685 3274 2734 de
3313 2681 3435 2732 loco
3467 2692 3565 2732 tuo
3594 2681 3649 2731 ia

2047 2777 2132 2828 die
2159 2773 2514 2829 Sabbatorum
2551 2776 2842 2845 (quomodo
2877 2775 3020 2826 enim
3055 2773 3177 2826 lieri
3218 2779 3463 2839 poterat,
3489 2781 3558 2823 ut
3590 2787 3650 2824 se

2048 2866 2244 2936 aliquis
2273 2868 2491 2936 penitus
2522 2883 2630 2922 non
2664 2876 2904 2921 moveret
2935 2867 3001 2920 de
3034 2866 3152 2919 loco
3181 2865 3350 2918 suoin
3375 2863 3470 2916 die
3501 2862 3647 2915 Sab-

2048 2960 2295 3012 batorum
2318 2957 2386 3028 ?),
2408 2959 2492 3012 vel
2525 2959 2590 3014 de
2625 2959 2834 3028 legibus
2874 2959 3038 3026 lepra:
3067 2957 3120 3010 in
3167 2955 3430 3017 stamine,
3470 2953 3563 3008 vel
3597 2955 3646 3005 in

2049 3051 2284 3120 pariete,
2321 3051 2405 3103 vel
2447 3052 2498 3104 in
2526 3051 2777 3120 pellicula
2807 3059 3010 3104 exortae
3032 3050 3101 3112 °',
3129 3059 3183 3103 et
3213 3048 3361 3102 mille
3390 3047 3498 3100 alia
3527 3046 3648 3116 (55)

2048 3145 2101 3198 in
2151 3143 2348 3212 quibus
2401 3144 2700 3196 secundum
2742 3143 2978 3196 litteram
3023 3151 3273 3211 tanquam
3328 3140 3644 3192 secundum

2048 3250 2268 3289 carnem
2293 3234 2570 3287 intirrnata
2607 3247 2690 3287 εει
2722 3233 2856 3288 lex?
2891 3233 3184 3301 Propterea
3220 3245 3351 3299 ergo
3396 3232 3647 3298 Aposto-

2053 3328 2134 3379 lus
2161 3326 2293 3380 dicit
2314 3325 2381 3390 ",
2415 3327 2544 3392 quia
2575 3325 2660 3378 lex
2691 3325 2981 3393 spiritualis
3012 3335 3106 3377 est.
3140 3322 3240 3390 Qui
3267 3323 3438 3393 igitur
3463 3322 3644 3391 legem

2049 3417 2306 3487 intelligit
2351 3432 2474 3472 esse
2526 3418 2886 3486 spiritualem,
2928 3417 3014 3471 hic
3061 3417 3252 3483 spiritu
3283 3416 3459 3468 servit
3504 3415 3644 3468 Deo.

2054 3508 2204 3564 Unde
2233 3520 2290 3563 et
2320 3510 2454 3563 alias
2486 3511 2620 3563 dicit
2642 3509 2686 3541 ⁸⁷
2718 3530 2730 3563 :
2760 3509 2823 3563 Si
2843 3510 2980 3562 enim
3003 3508 3285 3561 secundum
3314 3523 3534 3559 carnem
3559 3507 3645 3558 ei-

2046 3608 2254 3671 :reritis,
2290 3606 2608 3672 moriemini,
2637 3608 2740 3660 hoc
2762 3615 2865 3668 est,
2909 3606 3201 3659 secundum
3231 3604 3475 3656 litteram
3515 3617 3643 3672 qtae

2048 3700 2246 3752 occidit
2282 3699 2553 3765 ;siautem
2575 3699 2764 3766 spiritu
2784 3710 2930 3750 actus
2958 3698 3131 3750 carnis
3163 3694 3638 3764 mortiﬁcaveritfs,

2046 3792 2247 3845 uivetis.
2291 3791 2698 3860 Requirendum
2730 3804 2860 3844 sane
2903 3799 2986 3843 cst
3025 3790 3070 3842 si
3100 3797 3153 3841 et
3181 3797 3364 3856 patres
3394 3786 3641 3854 antiqui,

2046 3885 2395 3952 patriarclue,
2432 3885 2512 3937 vel
2555 3886 2859 3953 prophetae,
2893 3884 2982 3952 qui
3033 3883 3195 3936 etiam
3252 3880 3353 3948 ipsi
3412 3880 3642 3933 fuerunt

2046 3976 2297 4044 perfecti,
2327 3979 2379 4028 in
2416 3976 2608 4042 spiritu
2642 3977 2753 4029 Deo
2779 3977 3014 4029 servisse
3043 3973 3155 4042 (56)
3183 3972 3446 4026 credendi
3481 3983 3638 4031 sunt,

2047 4068 2177 4136 quia
2202 4075 2258 4121 et
2286 4068 2551 4119 Abraham
2576 4058 2893 4136 desideravit
2927 4075 2988 4117 ut
3010 4065 3199 4118 videret
3233 4063 3370 4114 diem
3394 4061 3640 4122 Domini,

2046 4167 2094 4212 et
2120 4159 2267 4223 vidit,
2297 4169 2345 4210 et
2372 4158 2579 4212 (relatus
2605 4169 2682 4212 est
2706 4159 2753 4190 ’⁸⁸
2781 4175 2796 4223 ;
2845 4167 2899 4212 et
2929 4156 3136 4225 Moyses
3167 4168 3215 4210 et
3258 4154 3412 4207 Elias
3470 4170 3642 4221 appa-

2048 4262 2262 4306 ruerunt
2288 4253 2340 4306 in
2374 4251 2542 4320 gloria
2574 4252 2924 4318 colloquentes
2965 4267 3083 4305 cum
3113 4248 3240 4304 Jesu
3269 4250 3320 4304 in
3353 4257 3544 4302 tuente
3567 4248 3636 4298 ".

2049 4346 2102 4397 ln
2134 4359 2240 4413 quo
2269 4344 2574 4398 ostenditur
2603 4343 2801 4414 Legem
2829 4353 2881 4398 et
2908 4344 3208 4412 Prophetas
3230 4356 3352 4394 cum
3387 4341 3638 4408 Evange-

2049 4436 2135 4490 liis
2157 4451 2483 4500 consonare,
2523 4446 2577 4490 et
2634 4437 2687 4490 in
2742 4437 2930 4490 eadem
2961 4436 3132 4505 gloria
3171 4432 3435 4504 spiritalis
3470 4447 3634 4500 aspc-

2050 4538 2169 4582 ctus
2201 4539 2362 4596 atque
2398 4528 2767 4598 intelligentiae
2807 4528 3094 4597 refulgere.

2123 4622 2212 4678 11.
2254 4621 2530 4685 Quomodo
2561 4623 2675 4674 sine
2716 4622 3104 4674 intermissione
3150 4618 3459 4672 meritoriam
3480 4619 3640 4672 vestri

2054 4713 2190 4780 facio
2233 4729 2436 4780 semper
2483 4715 2538 4766 in
2579 4714 2908 4766 orationibus
2956 4713 3108 4775 meis,
3140 4713 3418 4763 obsecrans
3447 4714 3498 4762 si
3535 4726 3636 4776 quo

2052 4803 2206 4854 modo
2235 4805 2443 4856 tandem
2495 4803 2781 4874 aliquando
2827 4800 3131 4871 prosperum
3176 4802 3278 4853 iter
3327 4799 3553 4882 habeam
3584 4799 3637 4852 in

2047 4966 2088 4996 ⁸¹
2128 4963 2309 5018 Colos.
2344 4981 2380 5019 ι.
2423 4963 2511 5017 20.
2590 4963 2636 4994 ⁸³
2672 4963 2867 5025 Philip.
2891 4978 2949 5025 ιι,
2981 4961 3066 5017 10.
3175 4960 3218 4991 ⁸³
3242 4957 3401 5013 Rom.
3434 4975 3519 5018 ιιι,
3551 4957 3631 5010 l9.

2262 5003 2309 5066 εει
2334 5003 2524 5088 satis.
2640 5003 3131 5094 5'21""5'sz..'.t‘.v,
3155 5003 3412 5084 εδςηετι
3436 5003 3632 5081 ne;

2273 5104 2318 5136 ⁹¹⁶
2341 5104 2511 5158 Exod.
2564 5120 2676 5170 xvr,
2734 5103 2824 5158 29.
2924 5103 2970 5135 θ’
3008 5103 3178 5156 Levit.
3223 5117 3346 5165 xm,
3404 5101 3476 5157 48
3518 5115 3630 5166 seq.

2096 5175 2332 5229 “Matth.
2367 5191 2498 5238 χιιι,
2526 5174 2580 5230 5.

2061 5340 2279 5420 lliuh'er,
2311 5341 2449 5394 venit
2481 5341 2635 5406 hora,
2677 5348 2785 5395 etc.
2826 5339 2937 5394 Sed
2967 5337 3146 5393 caeteri
3176 5350 3304 5389 mss.
3339 5343 3394 5387 et
3417 5335 3550 5389 editi
3582 5345 3632 5386 ut

2058 5420 2388 5551 m(l£€§)ms.ic.
2421 5495 2555 5535 mss.
2591 5480 2857 5550 plerique.
2903 5479 3264 5551 Cazteri__vero
3311 5485 3363 5528 et
3400 5474 3629 5551 editi,”

2053 5546 2234 5672 (multa
2260 5553 2370 5604 alia
2392 5594 2405 5617 ,
2440 5561 2547 5605 etc.
2579 5546 2648 5606 Ει
2682 5546 2843 5622 paulo
2893 5560 3053 5620 post:
3090 5546 3241 5600 Unde
3290 5557 3338 5598 et
3380 5552 3449 5598 ad
3502 5546 3631 5598 alios

2090 5632 2202 5672 icit.

2090 5632 2238 5759 ³ῖέέὶ)
2272 5693 2438 5759 Editi,
2465 5695 2518 5747 in
2547 5692 2734 5760 spiritu
2774 5691 2880 5745 Deo
2921 5690 3059 5744 servi
3103 5705 3212 5742 esse
3247 5687 3372 5758 (ius.
3400 5686 3627 5761 imus,in

2052 5757 2256 5831 Spiritu
2302 5757 2485 5845 sancto
2515 5757 2801 5833 serviesse)
2841 5775 2884 5816 et
2914 5765 3125 5833 gauisus
3163 5757 3263 5822 est,
3291 5769 3398 5813 etc.
3437 5757 3628 5812 Cancri

2053 5850 2183 5889 mss.
2217 5845 2273 5888 ut
2303 5842 2354 5888 in
2390 5842 2563 5889 textu.
