3784 6532
100 445 188 500 857
1043 447 1394 509 COMMENT.
1435 452 1501 508 IN
1543 451 1765 506 EPIST.
1811 454 1901 506 AD
1937 455 2102 512 ROM.
2145 458 2273 513 LIB.
2314 458 2355 514 ἰ.
3232 472 3336 528 858

97 567 344 621 voluntate
404 565 508 618 Dei
547 568 784 620 veniendi
815 569 883 621 ad
936 587 1022 623 vos
1048 572 1089 624 ί.
1132 573 1282 640 Quod
1333 576 1451 630 sine
1496 575 1663 628 intcr-
1693 577 1734 632 Α
1765 590 1939 643 neque
1972 578 2430 632 circumferantur
2451 581 2596 632 omni
2622 589 2783 634 vento
2821 582 3079 638 doctrinm
3110 587 3153 640 ⁸.
3184 588 3337 653 Quod

99 659 335 711 missione
359 672 460 725 pro
497 660 582 714 bis
607 661 802 728 quibus
820 662 1030 728 scribit,
1061 678 1222 720 orare
1253 681 1310 720 se
1329 667 1480 730 dicit,
1510 683 1662 720 man-
1763 684 1882 721 cum
1908 670 1966 722 fit
1991 686 2018 723 a
2050 671 2236 734 Paulo,
2269 682 2322 725 et
2362 671 2478 738 ipse
2521 673 2953 729 consolationem
2991 680 3157 747 capit,
3202 693 3342 749 opus

97 747 191 798 dati
228 746 308 798 sui
335 761 554 802 memor
586 750 821 818 complet
848 767 1012 820 Opere
1037 755 1178 821 quod
1201 771 1450 811 sermone
1473 760 1660 826 prmci-
1761 778 1914 814 suum
1948 763 2162 815 ﬁrmum
2191 773 2246 816 et
2269 764 2464 818 stabile
2514 764 2742 826 Videns;
2788 777 2839 820 ct
2873 768 2947 821 illi
2993 773 3340 830 consolantur

95 838 215 906 pit’.
255 837 394 904 Quia
439 849 625 894 autem
679 843 806 894 dicit
849 845 1140 897 obsecrare
1185 860 1243 899 se
1289 850 1334 900 si
1389 851 1658 916 quomodo
1759 854 1850 922 qui
1876 856 2182 922 apostolicae
2208 857 2396 926 gratia:
2420 859 2714 928 participes
2746 861 2898 914 littnt.

95 932 286 984 tandem
311 931 608 1001 aliquando
641 949 957 1002 prosperum
993 939 1095 993 iter
1117 941 1334 1005 habeat,
1361 951 1418 994 ut
1472 942 1523 994 in
1563 958 1661 996 vo-
1829 947 1917 999 15.
1953 945 2092 999 Nolo
2125 956 2300 1000 autent
2334 966 2418 1001 vos
2448 951 2712 1017 ignorare,
2749 952 2941 1019 fratres
2959 954 3000 1018 9,
3036 954 3160 1022 quia
3204 971 3338 1023 ηερε

93 1022 274 1074 luntate
297 1021 392 1074 Dei
432 1022 618 1076 veniat
649 1023 712 1075 ad
746 1024 1040 1090 Romanos,
1076 1029 1524 1082 considerandum
1572 1038 1657 1082 est
1754 1037 2005 1106 proposui
2029 1039 2204 1092 venire
2228 1041 2295 1091 ad
2328 1057 2414 1094 vos
2439 1041 2508 1109 (et
2557 1044 2854 1109 prohibitus
2885 1062 2997 1096 sunt
3029 1063 3190 1114 usque
3221 1048 3334 1115 “ad-

93 1115 216 1181 quod
268 1115 555 1182 apostolus
591 1115 683 1171 Dei
729 1118 793 1170 ad
827 1133 963 1187 opus
1011 1130 1292 1187 sanctum,
1332 1122 1383 1175 id
1417 1130 1499 1176 est
1519 1136 1654 1191 opus
1753 1130 1874 1201 huc)
1907 1141 1957 1181 ut
1987 1131 2216 1200 aliquem
2245 1132 2473 1198 fructum
2511 1135 2731 1194 habeam
2755 1149 2800 1190 et
2844 1139 2897 1191 in
2927 1140 3091 1206 vobis,
3127 1141 3261 1194 sicut
3287 1153 3333 1196 et

95 1203 376 1272 Evangelii,
416 1205 796 1272 proﬁciscens,
829 1216 1109 1276 exspectat
1138 1210 1307 1264 donec
1332 1212 1589 1265 obsecrati

1839 1223 2032 1274 ca'teris
2053 1223 2312 1291 gentibus.
2347 1224 2548 1280 Gra'cis
2596 1245 2657 1281 ac
2695 1229 2933 1284 barbaris
2961 1271 2976 1294 ,
3013 1233 3333 1299 sapientibus

92 1297 228 1348 nibus
257 1295 519 1364 impetret
547 1313 652 1350 non
683 1299 856 1353 solum
904 1299 1014 1370 (57)
1052 1317 1370 1371 prosperum
1403 1305 1504 1358 sibi
1549 1305 1652 1358 iter
1751 1326 1795 1365 et
1847 1313 2214 1377 insipientibus
2273 1316 2480 1369 debitor
2527 1334 2644 1370 sum
2675 1335 2694 1372 :
2721 1321 2795 1373 ita
2845 1323 2983 1391 quod
3017 1295 3084 1376 inv
3117 1341 3198 1378 me
3233 1337 3329 1391 est,

93 1387 210 1447 lieri,
234 1387 326 1440 sed
353 1399 413 1440 et
442 1388 499 1442 in
529 1389 805 1443 voluntate
839 1391 931 1445 Dei
961 1408 1280 1462 prosperum
1318 1395 1457 1449 ﬁeri.
1495 1395 1649 1452 Unde
1753 1409 2025 1469 promptus
2062 1417 2180 1454 sum
2218 1400 2332 1471 (60)
2369 1414 2417 1456 et
2458 1407 2620 1470 vobis,
2661 1410 2750 1476 qui
2789 1387 2968 1465 Ronan:
2999 1417 3146 1480 estis,
3175 1387 3331 1468 evan;

89 1487 132 1528 et
174 1476 336 1530 multo
388 1479 565 1546 magis
617 1481 793 1542 nobis,
844 1483 1045 1552 quibus
1085 1501 1190 1538 non
1241 1495 1322 1539 est
1351 1487 1434 1539 vel
1467 1489 1650 1556 Operis
1742 1483 1999 1559 'gelizare.
2030 1492 2125 1546 Est
2151 1493 2369 1561 quidem
2397 1505 2449 1549 et
2478 1497 2808 1568 hyperbaton
2841 1504 2890 1555 in
2932 1507 3034 1557 hoc
3062 1507 3211 1568 loro;
3247 1519 3329 1560 est

92 1579 216 1621 tanta
266 1569 350 1624 vel
418 1571 603 1624 meriti
652 1574 1008 1639 conscientia,
1071 1591 1192 1629 cum
1246 1571 1446 1645 aliquid
1485 1592 1584 1648 age

1835 1589 2149 1643 elocutionis
2173 1589 2426 1646 defectio.
2479 1593 2585 1646 Sed
2631 1594 2966 1664 hyperbaton
3019 1597 3120 1649 hoc
3167 1599 3329 1652 modo

89 1659 426 1727 disponimus,
465 1675 497 1713 a
526 1659 638 1716 Deo
689 1662 902 1718 itineris
942 1668 1290 1733 prosperitas
1329 1668 1643 1736 postulanda
1745 1692 2031 1744 possmnus
2067 1679 2292 1734 reddere
2339 1701 2350 1733 ;
2393 1679 2527 1734 Nolo
2568 1693 2750 1736 autem
2787 1700 2882 1738 vos
2915 1685 3188 1752 ignorare,
3220 1685 3328 1740 rm-

88 1762 169 1802 est.
195 1749 328 1804 Puto
353 1760 539 1806 tamen
567 1755 708 1822 quod
735 1757 896 1808 etiam
923 1755 1025 1808 hoc
1055 1757 1224 1809 voluit
1253 1758 1475 1828 intelligi
1501 1760 1644 1827 Apo—
1748 1771 2031 1837 tres,quia
2061 1785 2202 1838 szrpe
2226 1774 2479 1839 proposui
2528 1775 2714 1827 venire
2758 1777 2822 1827 ad
2858 1749 2978 1838 vos,
3007 1785 3064 1828 ut
3092 1777 3325 1846 aliquem

88 1841 249 1907 διοίυε»
277 1844 412 1911 (ἰυίθ
460 1859 570 1897 ηοη
627 1859 840 1910 semper
895 1846 1111 1899 Ῐῑίηθνῖδ
1161 1850 1493 1917 Ρτοδρθνίίθε
1546 1850 1640 1904 Dei
1675 1921 1713 1936 ἢ
1742 1858 1979 1913 fructum
2015 1860 2240 1914 habeam
2269 1862 2401 1915 etin
2437 1864 2604 1924 vobis,
2634 1863 2849 1917 sicutet
2872 1864 2924 1917 in
2956 1867 3168 1920 caneris
3199 1883 3328 1936 gen-

86 1935 328 1990 rolunlate
367 1937 674 2005 perﬁcitur.
705 1939 945 2008 Denique
968 1950 1022 1993 et
1070 1938 1286 1994 Balaam
1319 1942 1420 1995 iter
1454 1941 1641 1996 habuit
1674 1921 1715 1974 Β
1747 1953 1906 2018 tibus,
1941 1951 2146 2006 Grazcis
2177 1966 2241 2006 ac
2292 1953 2542 2006 barbaris
2565 1995 2580 2019 ,
2618 1953 2953 2021 sapientibus
2978 1966 3031 2008 et
3059 1957 3325 2025 insipien-

86 2042 370 2095 prosperum
395 2031 566 2083 eundi
604 2031 670 2083 ad
705 2030 923 2094 Balach,
953 2041 1010 2086 ut
1060 2032 1408 2088 malediceret
1443 2036 1639 2102 populo
1745 2042 1910 2106 tibus,
1937 2053 1994 2097 et
2026 2043 2334 2112 prohibitus
2355 2060 2472 2098 sum
2498 2059 2670 2113 usque
2696 2045 2893 2102 adhuc.
2922 2045 3165 2102 Deiectio
3198 2063 3327 2103 vero

86 2117 217 2172 Israel
243 2121 296 2183 ³;
330 2123 430 2174 sed
468 2137 578 2176 nou
615 2123 712 2177 fuit
739 2124 826 2178 illa
875 2141 940 2179 ex
994 2125 1269 2180 voluntate
1301 2127 1476 2181 divina
1508 2144 1635 2197 pro-
1740 2133 2062 2189 elocutionis
2097 2136 2200 2190 hoc
2225 2137 2386 2190 modo
2415 2136 2820 2204 adituplebitur.
2847 2138 2902 2190 In
2926 2154 2990 2192 eo
3020 2140 3105 2192 ubi
3137 2140 3267 2194 dicit
3307 2157 3322 2192 :

84 2212 303 2278 speritas.
342 2212 414 2267 Et
439 2214 600 2268 multi
626 2215 677 2268 in
715 2219 878 2270 rebus
908 2219 1090 2272 smculi
1117 2219 1388 2288 prosperis
1416 2230 1640 2274 utuntur
1744 2225 1808 2278 lit
1846 2228 1898 2278 in
1927 2229 2131 2279 cwteris
2153 2228 2416 2297 gentibus,
2455 2227 2654 2283 Crwcis
2689 2247 2750 2282 ac
2783 2232 3042 2294 barbaris,
3073 2233 3328 2299 sapienti-

85 2307 422 2372 successibus,
453 2316 510 2360 et
562 2307 840 2364 exsultant
881 2309 937 2365 in
986 2314 1442 2382 prosperitatibus
1471 2315 1630 2376 suis;
1739 2319 1832 2371 bus
1867 2331 1913 2372 et
1955 2321 2360 2387 insipientibus,
2412 2320 2626 2374 videtur
2671 2323 2860 2376 deesse
2897 2325 3104 2392 quibus,
3155 2333 3214 2376 ut
3261 2339 3325 2377 ea

83 2398 151 2447 sed
178 2412 274 2451 non
299 2406 388 2449 est
421 2395 549 2450 talis
597 2400 929 2465 prosperitas
969 2414 1034 2454 ex
1068 2401 1343 2456 voluntate
1376 2402 1497 2466 Dei,
1529 2404 1631 2455 nisi
1736 2423 1855 2476 qua:
1890 2408 2296 2477 subsequuntur
2321 2410 2400 2464 sic
2429 2411 2696 2480 legantur,
2725 2413 2913 2482 quibus
2942 2415 3145 2467 debitor
3164 2433 3325 2483 sum;

83 2505 173 2539 rum
205 2487 304 2540 tale
337 2496 424 2541 cst
476 2503 617 2556 opus
657 2488 872 2544 itineris
924 2493 1130 2558 nostri,
1161 2493 1321 2562 quale
1357 2495 1443 2548 hic
1492 2495 1635 2548 desi-
1734 2512 1788 2555 et
1836 2500 1908 2554 sit
1963 2501 2084 2554 talis
2111 2504 2495 2569 consequentia
2530 2520 2544 2556 :
2585 2503 2739 2560 Sicut
2799 2504 3028 2558 fructum
3067 2507 3240 2562 habeo
3272 2509 3324 2561 in

86 2592 181 2646 gnat
206 2579 524 2649 Apostolus.
1735 2593 1949 2647 czeteris
1979 2595 2252 2663 gentibus,
2285 2595 2490 2650 Graecis
2518 2612 2582 2650 ac
2607 2596 2873 2661 barbaris,
2908 2599 3245 2664 sapientibus
3271 2612 3326 2654 et

135 2693 207 2746 η,
242 2693 497 2746 numero
537 2695 698 2757 ειιῑιη,
742 2693 938 2758 inquit,
965 2695 1138 2750 υίάενε
1173 2713 1281 2759 vos,
1317 2707 1372 2750 αι
1416 2698 1630 2767 aliquod
1738 2685 2146 2753 insipientibus,
2173 2687 2373 2755 quibus
2421 2687 2636 2741 debitor
2684 2705 2826 2750 sum,
2864 2692 2934 2744 ita
2964 2693 3104 2759 quod
3139 2693 3190 2745 itt
3237 2707 3324 2749 me

83 2784 252 2834 tradam
291 2783 436 2836 vobis
459 2783 661 2836 donum
688 2785 928 2852 spiritale
959 2786 1070 2856 (58)
1109 2787 1176 2840 ad
1207 2788 1625 2856 conﬁrmandum
1730 2785 1833 2838 οδιν
1861 2785 2142 2843 Promptus
2181 2791 2301 2829 sum
2351 2777 2512 2829 (“iam
2562 2777 2738 2844 "0M5.
2786 2784 2878 2848 (Ιηί
2925 2781 3113 2834 Βοωαὲ
3164 2784 3318 2845 esus.

81 2877 237 2938 τοκέα
261 2886 359 2940 εει,
390 2875 664 2930 consolari
687 2878 739 2929 in
769 2878 912 2930 vobis
949 2895 1042 2945 per
1080 2895 1216 2942 eam,
1254 2897 1370 2949 qua;
1407 2882 1626 2935 ίηυξεεηι
1729 2869 2122 2937 evangelizare.
2167 2867 2448 2938 Nunquam
2498 2873 2640 2923 enim
2701 2874 2840 2939 apud
2893 2874 3054 2926 ullam
3102 2887 3319 2943 gentem

78 2976 155 3030 est,
181 2967 326 3033 ﬁdem
360 2975 594 3020 vestram
627 2977 781 3036 atque
807 2983 975 3020 meam
1006 2969 1048 3022 ⁸.
1076 2967 1258 3022 Primo
1280 2971 1516 3024 omnium
1545 2973 1627 3025 di-
1728 2961 1917 3014 erubui
1954 2959 2120 3032 470
2136 2960 2432 3028 prtedicare
2465 2961 2838 3032 Evangelium,
2864 2968 2991 3033 quia
3024 2967 3199 3019 virtus
3225 2967 3319 3022 Dei

80 3075 202 3112 scere
230 3059 487 3113 debemus
545 3073 688 3127 opus
735 3074 852 3114 esse
907 3061 1261 3129 apostolicum
1313 3062 1625 3118 desiderare
1726 3062 1811 3106 est
1837 3050 1891 3104 in
1925 3066 1990 3104 eo
2015 3055 2082 3105 ad
2109 3053 2337 3106 salutem
2371 3053 2518 3107 omni
2545 3055 2814 3118 credenti,
2841 3055 3026 3111 Jmheo
3056 3059 3316 3127 primtnn,

82 3152 262 3214 fratres,
289 3151 383 3204 sed
416 3164 528 3204 non
562 3149 726 3202 aliam
774 3149 843 3200 ob
880 3164 1120 3208 causam.
1157 3151 1261 3204 ttisi
1297 3160 1354 3204 ttt
1381 3151 1469 3207 vel
1495 3169 1624 3206 con-
1727 3143 2018 3211 etGraeco;
2047 3145 2170 3215 quia
2202 3147 2250 3198 in
2277 3145 2799 3216 Evangeliojustitia
2828 3149 2919 3202 Dei
2959 3150 3315 3214 revehitur",

81 3242 278 3296 feramus
330 3241 416 3296 eis
472 3241 681 3309 aliquid
725 3241 848 3296 doni
908 3241 1171 3310 spiritalis
1215 3243 1258 3296 si
1313 3247 1622 3311 possumus,
1651 3261 1694 3318 α
1729 3256 1848 3311 qua:
1875 3244 2090 3298 obtecta
2126 3244 2276 3311 prius
2306 3244 2588 3297 velabatur
2613 3244 2664 3296 in
2702 3245 2862 3313 Lege.
2891 3245 3185 3300 Revelatur
3220 3263 3316 3299 au-

79 3334 140 3385 vel
165 3333 203 3385 si
234 3349 336 3388 non
373 3348 693 3401 possumus,
721 3332 818 3401 ipsi
843 3342 900 3386 ut
930 3333 1263 3402 accipiamus
1292 3334 1360 3388 ab
1387 3335 1622 3405 his(59).
1732 3344 1836 3390 tem
1873 3336 1924 3388 in
1954 3337 2038 3389 his
2074 3336 2164 3405 qui
2190 3351 2256 3390 ex
2295 3337 2397 3389 lide
2452 3337 2662 3390 Veteris
2687 3337 3018 3391 Testamenti
3049 3340 3114 3390 ad
3156 3339 3314 3392 {idem

81 3425 178 3479 Siue
209 3425 303 3481 hoc
333 3426 484 3480 enim
531 3439 639 3479 non
693 3436 777 3478 est
825 3425 1103 3495 probabile
1148 3425 1474 3480 desiderium
1525 3428 1627 3480 cir—
1729 3442 1922 3480 novam
1969 3425 2243 3494 Evangelii
2288 3426 2532 3490 veniunt,
2563 3426 2708 3479 sicut
2753 3437 2807 3479 et
2842 3428 2893 3480 in
2937 3427 3194 3495 propheta
3235 3427 3317 3482 di-

78 3517 319 3570 cumeundi
358 3515 592 3572 fratres.
630 3515 782 3582 Quod
839 3526 1021 3570 autem
1081 3515 1234 3579 dicit,
1284 3527 1340 3570 ut
1409 3517 1624 3588 aliquod
1727 3528 1871 3572 ctum
1907 3519 2074 3584 est“,
2105 3519 2228 3586 quia
2271 3518 2476 3587 justus,
2516 3519 2730 3572 etiamsi
2769 3519 2824 3572 in
2867 3518 2986 3587 lege
3013 3521 3189 3574 adhuc
3225 3519 3317 3588 sit,

79 3610 243 3661 tradam
285 3610 428 3663 vobis
452 3609 654 3662 donum
683 3608 953 3676 spiritale,
980 3609 1195 3664 videtur
1239 3609 1481 3662 indicare
1507 3623 1626 3663 esse
1729 3609 1838 3663 Deo
1887 3609 2117 3664 credens
2147 3619 2200 3663 et
2235 3608 2436 3662 famulo
2471 3613 2589 3675 ejus
2635 3609 2826 3679 Moysi.
2851 3627 2915 3664 ea:
2946 3611 3049 3679 [ide
3075 3612 3230 3675 vivit;
3264 3622 3318 3665 et

78 3699 239 3767 a'iquid
261 3701 405 3769 quod
433 3701 641 3753 donum
664 3699 882 3765 quidem
905 3698 996 3763 sit,
1023 3713 1127 3752 non
1156 3707 1332 3752 tamen
1359 3699 1620 3768 spiritale.
1727 3717 1850 3756 cum
1878 3702 1944 3754 ad
1987 3701 2338 3770 Evangelium
2371 3701 2485 3770 (61)
2526 3701 2700 3764 venit,
2732 3718 2794 3755 ex
2830 3702 2934 3756 ﬁde
2977 3701 3138 3771 Legis
3169 3703 3219 3755 in
3257 3705 3316 3755 li-

79 3788 175 3843 Nam
208 3792 403 3845 donum
437 3791 566 3845 ﬁdei
595 3790 712 3844 sine
732 3790 893 3843 dubio
927 3789 1172 3858 spiritale
1202 3801 1309 3853 est,
1341 3801 1395 3843 et
1423 3791 1620 3844 donum
1726 3799 1847 3846 dem
1883 3793 2086 3846 Christi
2119 3793 2399 3860 dirigitur,
2432 3802 2485 3844 rt
2521 3793 2594 3845 ita
2634 3808 2698 3846 ex
2736 3793 2840 3846 lide
2873 3792 2925 3845 in
2963 3795 3120 3845 tidem
3148 3797 3314 3861 proli-

78 3883 343 3948 sapientiaa,
369 3891 426 3937 et
457 3882 730 3947 scientiae,
759 3890 815 3936 et
844 3881 1174 3948 virginitatis
1209 3882 1480 3935 similiter.
1521 3880 1619 3936 Ubi
1725 3887 1818 3940 cit.
1839 3885 2263 3952 Ilaac,qnantum
2300 3885 2366 3937 ad
2403 3885 2790 3952 consequentia
2825 3885 3115 3937 verborum
3148 3885 3315 3947 ipsius

78 3983 214 4026 autem
255 3975 387 4028 dicit
418 3974 490 4028 de
534 3973 738 4041 nuptiis
767 3983 821 4026 ct
862 3973 1176 4042 virginitate
1215 3973 1444 4042 loquens
1477 3989 1490 4026 :
1517 3973 1621 4027 Sed
1722 3978 1962 4046 Apostoli
1992 3977 2243 4047 pertinet,
2275 3977 2415 4029 dicta
2445 3977 2572 4029 sint.
2605 3973 2758 4028 Nunc
2804 3984 2985 4027 autem
3024 3975 3165 4042 quod
3191 3991 3313 4043 spe-

79 4069 390 4137 nuusqttisque
423 4066 699 4136 proprium
723 4067 876 4120 habet
905 4068 1102 4118 donum
1141 4083 1171 4118 a
1198 4067 1326 4131 Deo,
1358 4067 1498 4120 alius
1516 4069 1616 4133 sic,
1724 4079 1838 4124 ctat
1864 4069 1931 4122 ad
1988 4067 2398 4136 intelligentiam
2452 4066 2812 4136 requiramus.
2846 4064 2998 4130 Quod
3047 4066 3144 4131 ait,
3186 4065 3312 4133 quia

77 4159 180 4212 alius
197 4173 364 4214 autem
391 4162 472 4214 sic
495 4161 554 4226 ';
589 4160 788 4214 donum
830 4159 1048 4228 quidem
1077 4157 1208 4212 dicit
1231 4173 1352 4212 esse
1381 4161 1620 4230 nuptias,
1721 4161 2128 4230 sarpe'pmposui
2155 4160 2327 4212 venire
2361 4158 2430 4210 ad
2458 4175 2569 4221 vos,
2602 4157 2928 4210 cbaritatem
2960 4172 3111 4209 suam
3149 4171 3309 4224 quam

77 4253 309 4318 quoniam,
347 4253 496 4307 sicut
529 4252 794 4319 scriptum
827 4260 930 4318 est,
961 4267 993 4304 a
1027 4250 1132 4304 Deo
1173 4261 1388 4320 aptatur
1425 4253 1620 4307 mulier
1722 4270 1849 4324 erga
1903 4253 2179 4307 Romanos
2227 4252 2484 4315 habebat,
2515 4251 2758 4304 ostendit
2806 4250 2943 4319 (62).
2980 4249 3135 4316 Quod
3182 4263 3312 4302 vero

77 4344 216 4409 tiro“;
244 4347 335 4400 sed
377 4360 489 4400 non
527 4344 671 4398 istud
708 4344 910 4397 donum
954 4353 1038 4396 est
1085 4344 1350 4413 spiritale.
1384 4345 1620 4400 Possunt
1720 4345 1947 4407 addidit,
1978 4354 2028 4397 et
2058 4343 2353 4410 prohibitus
2377 4359 2492 4395 sum
2528 4357 2692 4412 usque
2737 4341 2935 4405 adhuc,
2993 4342 3038 4395 si
3090 4341 3309 4411 quidem

78 4444 116 4486 et
135 4437 219 4490 alia
256 4441 426 4492 multa
466 4436 612 4490 dona
639 4435 730 4488 Dei
760 4435 890 4500 dici,
925 4443 984 4488 ut
1012 4436 1218 4490 divitia:
1260 4448 1316 4492 ct
1357 4436 1618 4494 fortitudo
1719 4447 1941 4505 putetur
1969 4451 1999 4488 a
2031 4435 2141 4489 Deo
2175 4434 2500 4504 prohibitus,
2538 4435 2842 4489 ostenditur
2877 4449 2974 4504 per
3008 4433 3112 4488 hoc
3145 4435 3311 4489 etiam

79 4531 296 4595 rorporis,
334 4540 396 4584 ut
429 4530 621 4584 forma:
663 4528 848 4595 decor,
883 4537 942 4582 ut
987 4543 1211 4598 regnum
1262 4537 1540 4586 terrestre.
1572 4533 1614 4585 A
1721 4527 1774 4580 id
1824 4543 1969 4581 cura:
2021 4541 2142 4581 esse
2195 4527 2328 4591 Deo,
2362 4540 2472 4595 quo
2523 4525 2894 4595 unusquisque
2939 4527 3309 4595 apostolorum

80 4617 159 4672 Deo
185 4625 320 4676 enim
354 4624 526 4678 etiam
566 4623 681 4675 lucc
708 4621 1005 4684 donantur,
1052 4621 1194 4675 sicut
1233 4630 1288 4676 et
1315 4621 1503 4678 Daniel
1529 4624 1612 4677 di-
1646 4601 1690 4656 D
1721 4621 1805 4675 vel
1839 4621 2032 4675 debeat
2063 4621 2144 4673 ire
2169 4617 2254 4672 vel
2281 4633 2385 4670 non
2422 4617 2636 4681 debeat,
2662 4627 2716 4671 et
2738 4618 2881 4686 quod
2909 4619 3308 4686 dispensatione

79 4713 160 4764 cit:
186 4713 313 4779 Quia
360 4717 472 4784 ipse
513 4713 642 4783 facit
677 4729 841 4780 reges,
873 4721 922 4764 et
965 4721 1251 4764 commutat
1285 4712 1304 4742 ⁷
1342 4715 1475 4777 ;scd
1508 4729 1614 4768 non
1725 4713 1955 4780 quadam
1998 4710 2118 4763 aliis
2164 4710 2381 4779 quidem
2415 4709 2559 4762 sinat
2605 4708 2887 4778 prtedicari
2934 4707 3043 4777 (65)
3081 4708 3308 4759 verbum

79 4815 173 4857 sunt
194 4807 296 4860 ha'c
333 4807 475 4860 dona
515 4805 803 4873 spiritalia.
855 4803 1008 4857 Beati
1051 4815 1179 4859 sunt
1229 4820 1359 4876 ergo
1390 4805 1463 4858 illi
1497 4808 1617 4875 qui-
1723 4805 1840 4869 Dei,
1872 4803 1992 4857 aliis
2026 4801 2342 4871 prohibeat,
2370 4801 2511 4854 sicut
2549 4811 2600 4853 et
2648 4801 2776 4853 alibi
2806 4799 2934 4853 dicit
2973 4800 3016 4829 "
3052 4796 3160 4851 :Et
3189 4815 3308 4851 cum

81 4894 152 4948 bus
194 4899 484 4967 spiritalem
521 4897 753 4968 gratiam
793 4898 1008 4950 tradere
1053 4896 1167 4950 vult
1211 4897 1500 4966 Apostolus
1547 4898 1614 4952 ad
1721 4905 2044 4951 tentaremus
2089 4894 2167 4947 ire
2218 4894 2274 4946 in
2324 4892 2669 4962 Bithyniam,
2709 4892 2976 4959 prohibuit
3010 4908 3102 4944 nos
3137 4891 3306 4957 Spiri-

80 4992 503 5046 tonlirntationem
543 4990 770 5055 ﬁdei,ut
800 4988 1074 5056 ultrajam
1105 5005 1211 5044 non
1243 4990 1612 5060 sintparvuli,
1721 5000 1805 5042 tus
1846 4986 2014 5051 Jesu;
2071 4994 2127 5040 et
2185 4987 2238 5039 in
2289 4984 2597 5054 Evangeliis
2638 4997 2667 5037 a
2717 4983 2998 5038 Salvatore
3060 4984 3258 5038 dicitur
3289 5002 3313 5043 :_

162 5176 343 5233 'Rom.
382 5193 425 5239 ι,
452 5176 509 5242 9,
555 5175 646 5229 10.
722 5175 742 5204 ⁹
769 5173 788 5226 1
815 5173 991 5244 Thes.
1017 5190 1066 5237 v,
1102 5176 1188 5228 17.
1265 5175 1286 5206 ³
1314 5173 1472 5229 Num.
1510 5192 1645 5240 xxn,

1823 5189 1942 5244 seq.
2022 5171 2057 5244 f
2087 5165 2937 5244 ΒοιῃρΛί,12.,Α⁸.ΙΑ(ῗ.οι’.-ξιιιΞ
3093 5166 3114 5197 ⁸
3145 5165 3313 5244 Prov.

81 5257 166 5314 ιιι,
201 5249 282 5311 ts,
385 5235 576 5300 ’Dan.
619 5259 684 5311 tt,
711 5245 802 5298 2|.
902 5243 924 5274 ⁸
956 5235 1158 5314 Ephes.
1217 5260 1290 5311 tv,
1324 5245 1410 5300 M.
1524 5247 1544 5278 ’

1816 5287 1830 5312 ,
1873 5235 2071 5299 [3-15.
2185 5239 2226 5270 ¹⁰
2250 5238 2409 5293 Rom.
2439 5253 2478 5302 t,
2529 5235 2716 5291 16-18.
2830 5237 2868 5267 ³¹
2897 5235 3100 5291 llabac.
3151 5253 3214 5302 ιι,
3247 5237 3303 5293 4.

83 5310 113 5341 ¹¹
142 5317 240 5371 Act.
270 5310 380 5381 le,
421 5317 475 5371 7.

138 5461 416 5545 (57)‘AliaA,
443 5465 616 5545 Quod
667 5475 933 5520 autem....
991 5466 1433 5545 considerandum
1466 5467 1617 5545 quod
1801 5464 1913 5537 (61)
1948 5465 2030 5518 Ad
2067 5463 2565 5545 Evangeliumnetc.
2603 5461 2694 5545 Sile
2719 5463 3142 5545 mss..pleriqt‘te.
3167 5465 3321 5545 Εᾱίιί-

86 5532 314 5596 Apostolus
356 5537 454 5590 Dei
485 5532 562 5590 ad
612 5553 741 5608 opus
786 5546 1030 5608 sanetum
1076 5535 1351 5608 Evangelii
1397 5532 1504 5608 (al.
1547 5539 1615 5590 ad
1724 5532 1982 5608 vero,"et_
1997 5552 2098 5608 ms.
2132 5532 2304 5608 unus,
2337 5534 2400 5587 de
2431 5532 2718 5604 Evangelio
2755 5534 2925 5600 venit,
2954 5550 3020 5588 ea:
3049 5535 3154 5604 ﬁde
3179 5535 3318 5608 legis.

85 5616 178 5685 opus
211 5617 465 5685 sanetum,
506 5605 651 5676 opus
677 5605 973 5685 Evangelii)
1106 5606 1342 5674 imploret
1387 5606 1478 5676 (al.
1520 5608 1620 5660 im-
1727 5608 1782 5660 in
1804 5605 1916 5685 ﬁde
1943 5605 2165 5685 ΕΙιῄὶξιί³
2197 5614 2301 5660 etc.

86 5671 241 5747 Plrret:
257 5677 335 5747 _al.
369 5671 698 5747 impetraret)
731 5671 848 5728 non'
870 5671 1058 5747 solum,
1086 5671 1190 5732 etc.
1395 5671 1404 5676 ’
1797 5671 1910 5744 (62)
1942 5675 2112 5747 Etliti,
2140 5675 2390 5747 innotuit.

72 5761 78 5778 ι
137 5744 227 5822 (58)
257 5745 417 5829 Editi,
444 5744 650 5829 aliquid
669 5745 954 5815 impertiar
971 5746 1062 5814 (al.
1088 5747 1450 5818 impartiatur)
1477 5748 1617 5801 vobis
1799 5747 1910 5829 (6:5)
1959 5745 2105 5829 Mss;
2133 5745 2311 5829 plttres
2335 5745 2696 5829 ,_pr(§d.icari.
2739 5747 2846 5829 Alii
2885 5761 3016 5829 vero
3055 5756 3108 5802 et
3147 5747 3312 5829 editi,

86 5815 232 5875 gratae
254 5815 575 5882 spiritualis.
1162 5815 1170 5818 ’
1722 5815 2031 5884 prtedicare.
2064 5815 2236 5869 Paulo
2265 5826 2386 5884 post
2423 5817 2584 5880 editi,
2627 5819 2828 5870 (τριετῆ
2868 5827 3042 5872 autem
3083 5818 3310 5884 parabo-

142 5883 426 5950 t59)A|ias,
467 5897 523 5940 ut
556 5887 659 5955 ipsi
689 5886 962 5959 cqpiantus
985 5888 1175 5959 σθω.
1724 5883 1812 5941 lis.
1859 5885 1926 5939 Et
1981 5885 2120 5941 infra
2178 5883 2310 5943 mss.
2356 5887 2599 5958 aliquot,
2641 5890 2709 5942 ad
2765 5888 2898 5942 illud
2949 5883 3210 5959 referatur
3245 5888 3310 5942 de

139 5955 227 6023 (60)
250 5955 530 6028 Promptus
555 5974 691 6012 sum.
721 5955 812 6010 Sic
838 5970 992 6024 11155.;
1020 5957 1175 6024 editi,
1201 5968 1492 6028 promptum
1522 5969 1618 6014 est.
1725 5975 1824 6027 quo
1847 5999 1860 6025 ,
1903 5965 2004 6012 etc.
