3784 6548
423 401 527 455 859

1877 392 2198 449 ORIGENIS

3557 393 3653 448 863

437 517 590 571 l’obis
606 518 875 571 datumest
895 513 1104 566 "nosse
1131 512 1433 581 mysterium
1451 513 1591 582 regni
1616 511 1730 577 Dei,
1750 513 1868 565 aliis
1897 530 1993 564 au—
2021 516 2065 570 Α
2096 513 2283 565 tiosam
2302 549 2316 575 ,
2348 508 2588 563 vendidit
2625 522 2838 572 omnes,
2860 514 2915 562 et
2938 507 3069 563 emit
3105 506 3245 562 illam
3286 521 3445 560 unam
3474 505 3550 572 ἐς
3585 507 3648 559 ita

397 592 521 662 item
552 626 607 662 tn
630 606 917 677 parabolis,
941 615 996 657 ut
1023 603 1251 658 uidentes
1273 619 1376 657 non
1394 605 1623 667 uideant,
1648 616 1695 657 et
1722 605 1993 658 audientes

419 715 525 753 non
575 700 819 752 audiant.
859 695 914 751 Si
951 709 1103 760 vero,
1130 694 1423 763 prohibitus
1446 711 1560 748 sum
1592 711 1753 763 usque
1794 695 1987 758 adhuc,

419 786 489 845 ad
552 786 699 842 illum
755 788 1021 842 referatur
1050 786 1115 839 de
1149 798 1257 853 quo
1285 784 1396 853 ipse
1441 786 1566 839 alibi
1616 786 1838 849 dicit“,
1863 787 1990 855 quia

415 880 685 949 impedivit
729 897 822 934 nos
872 876 1120 942 Satanas,
1158 887 1527 946 competenter
1556 879 1791 932 ostendit
1831 893 1889 932 se
1934 878 1989 931 in

415 973 755 1026 orationibus
792 973 910 1025 sine
958 970 1359 1024 intermissione
1383 979 1613 1035 certare,
1652 978 1732 1036 ut,
1766 970 1990 1024 devictis

417 1062 635 1117 Satanae
670 1064 1085 1131 impedimentis,
1137 1078 1459 1133 prosperum
1497 1063 1603 1116 iter
1651 1062 1767 1130 ejus
1808 1060 1903 1115 fiat
1934 1061 1987 1115 in

415 1153 693 1209 voluntate
726 1155 815 1208 Dei
846 1156 1027 1210 videre
1051 1171 1143 1210 eos
1176 1156 1266 1223 qui
1312 1152 1495 1210 Roma:
1526 1164 1673 1210 sunt.
1706 1152 1989 1208 Desiderat

414 1246 585 1311 enim,
616 1256 672 1300 et
719 1247 771 1300 in
807 1247 1143 1302 oratiOnibus
1180 1250 1473 1302 obsecrare
1524 1263 1625 1301 non
1663 1256 1837 1301 cessat
1868 1244 1984 1298 fru-

411 1346 557 1390 ctum
594 1338 825 1406 aliquem
856 1354 1050 1408 capere
1080 1355 1148 1393 ex
1176 1340 1330 1409 ipsis,
1362 1342 1503 1396 sicut
1527 1356 1591 1394 ex
1625 1339 1838 1393 eteteris
1863 1353 1988 1407 gen—

413 1429 575 1484 tibus.
611 1430 760 1484 Unde
784 1430 927 1485 velut
949 1431 1238 1486 multarum
1269 1432 1579 1487 divitiarum
1609 1432 1834 1500 cupidus
1851 1431 1985 1485 Pau-

408 1520 511 1583 lus,
545 1539 611 1576 ex
644 1523 825 1576 multis
860 1524 1273 1591 rationabilibus
1318 1524 1751 1594 possessionibus
1778 1523 1985 1577 reditus

407 1612 678 1666 desiderat
712 1627 1069 1682 congregare.
1111 1612 1417 1683 Congregat
1438 1611 1644 1667 fructus
1665 1627 1730 1665 ex
1759 1612 1980 1677 Graecis,

325 1698 338 1707 “
406 1715 701 1773 congregat
747 1720 809 1758 ex
858 1705 1107 1759 barbaris
1134 1745 1149 1769 ,
1180 1713 1475 1776 congregat
1523 1719 1585 1761 ex
1621 1705 1979 1775 sapientibus,

404 1795 608 1863 aliquid
636 1801 795 1849 etiam
843 1811 911 1850 ex
954 1796 1331 1864 insipientibus
1371 1795 1666 1866 colligit",
1708 1796 1834 1850 dum
1858 1796 1980 1852 aliis

405 1896 664 1956 tanquam
685 1888 936 1955 perfectis
956 1889 1278 1957 sapientiam
1302 1889 1562 1960 loquitur,
1582 1890 1975 1960 aliistanquam
2008 1874 2051 1929 Β

404 1979 786 2049 insipientibus
822 1980 952 2034 nihil
1006 1980 1154 2034 aliud
1203 1982 1343 2036 scire
1383 1995 1440 2036 se
1485 1981 1638 2047 dicit,
1670 1981 1771 2036 nisi
1820 1981 1978 2035 Chri-

402 2082 544 2125 stum
580 2071 789 2136 Jesum,
823 2080 877 2127 et
902 2074 1045 2128 hunc
1094 2073 1412 2127 crucifixum
1447 2074 1529 2142 ¹⁶;
1564 2076 1688 2130 dum
1739 2074 1875 2130 alios
1909 2091 1975 2131 ex

402 2164 543 2235 Lege
581 2174 635 2220 et
674 2164 960 2234 Prophetis
998 2167 1174 2233 docet,
1222 2168 1359 2223 alios
1393 2169 1562 2239 signis
1594 2180 1650 2224 et
1688 2171 1977 2229 virtutibus

400 2256 610 2311 suadet.
663 2257 863 2311 Verum
912 2259 1012 2313 bos
1072 2275 1259 2314 omnes
1321 2260 1529 2316 fructus
1560 2261 1719 2317 aﬂert
1746 2262 1973 2327 Paulus,

397 2347 525 2414 quia
562 2357 817 2417 tanquam
857 2350 1059 2418 palmes
1080 2350 1256 2405 bonus
1297 2354 1650 2420 permanetin
1686 2356 1793 2410 vite
1821 2370 1970 2421 vera,

394 2452 519 2506 quae
557 2449 641 2492 est
674 2438 956 2507 Christus,
996 2455 1152 2509 quem
1200 2442 1540 2511 frequentius
1584 2444 1745 2500 Pater
1779 2456 1974 2516 purgat

397 2529 656 2598 agricola,
695 2540 748 2586 et
783 2532 904 2586 ideo
940 2534 1172 2588 fructum
1219 2535 1511 2603 plurimum
1551 2536 1707 2591 affert
1738 2538 1801 2591 ".
1829 2537 1969 2592 Pur—

396 2630 486 2686 gat
519 2630 695 2673 autem
723 2638 846 2675 eum
890 2624 942 2676 in
976 2623 1272 2689 laboribus,
1320 2625 1371 2679 in
1416 2626 1879 2695 tribulationibus,
1914 2629 1969 2683 in

395 2713 879 2777 persecutionibus.
926 2715 1064 2770 Sunt
1113 2720 1258 2771 enim
1294 2716 1405 2788 (64)
1439 2718 1527 2771 alii
1577 2718 1845 2789 palmites,
1876 2721 1967 2792 qui

395 2802 447 2853 in
479 2804 591 2858 vite
618 2805 832 2873 quidem
857 2817 1197 2875 permanent,
1216 2807 1452 2863 fructum
1475 2824 1602 2864 vero
1626 2827 1730 2865 non
1753 2811 1965 2879 ferunt,

391 2895 484 2948 sed
515 2899 822 2955 suntaridi.
865 2900 939 2954 Ex
972 2904 1166 2969 quibus
1204 2913 1329 2957 sunt
1358 2904 1431 2957 illi
1468 2904 1556 2973 qui
1596 2905 1814 2960 nomine
1844 2908 1966 2974 qui-

388 2985 511 3039 dem
545 2999 866 3055 permanent
892 2990 943 3044 in
968 2992 1206 3055 Christo,
1239 2992 1496 3060 operibus
1521 3005 1703 3047 autem
1742 3003 1798 3048 et
1827 2994 1966 3049 acti-

388 3076 489 3132 bus
523 3077 842 3147 infructuosi
876 3081 1228 3136 iuveniuntur
1248 3082 1858 3155 etaridi;quidicuntur
1872 3101 1966 3142 ex—

388 3167 494 3221 cidi
526 3182 557 3221 a
591 3168 753 3226 Patre
794 3170 940 3242 (65),
973 3180 1028 3225 et
1080 3172 1132 3226 in
1180 3171 1358 3241 ignem
1401 3176 1563 3230 mitti.
1622 3177 1776 3233 Sient
1818 3180 1959 3233 enim

387 3270 596 3327 primus
625 3229 983 3315 bomo‘Adam
1022 3261 1150 3315 vitis
1181 3229 1426 3331 quaedam
1452 3265 1570 3329 fuit,
1994 3229 2038 3290 c

387 3351 532 3403 mani
564 3354 800 3420 generis,
839 3369 959 3421 quae
1002 3355 1182 3409 attulit
1214 3360 1475 3426 quosdam
1521 3360 1739 3429 quidem
1777 3362 1962 3430 palmi-

385 3448 469 3492 tes
495 3439 821 3506 fructuosos,
849 3454 908 3496 ut
938 3443 1092 3510 Seth,
1143 3446 1315 3510 Enos,
1350 3447 1535 3502 Euocb
1580 3448 1713 3519 (66),
1754 3463 1807 3504 et
1844 3453 1969 3506 reli-

386 3545 523 3598 quos
571 3546 743 3600 usque
793 3534 859 3587 ad
902 3534 1052 3602 Noe;
1086 3537 1224 3592 alios
1274 3548 1454 3594 autem
1518 3539 1882 3596 infructuosos
1913 3553 1967 3597 et

386 3615 633 3683 inutiles,
657 3628 713 3671 ut
745 3618 898 3688 Cain,
937 3631 990 3675 et
1021 3639 1238 3679 onmem
1281 3642 1400 3696 quae
1435 3645 1499 3682 ex
1538 3631 1651 3697 ipso
1685 3643 1962 3701 procreata

384 3720 470 3761 est
492 3710 716 3780 stirpem
757 3728 771 3762 :
812 3714 887 3767 ita
933 3726 988 3770 et
1019 3716 1072 3770 io
1113 3717 1352 3785 Christo,
1390 3723 1596 3789 quiest
1640 3727 1964 3780 novissimus

382 3802 580 3867 Adam,
615 3813 744 3858 sunt
769 3805 986 3875 quidam
1010 3810 1260 3878 palmites
1278 3812 1566 3881 fructuosi,
1600 3816 1746 3870 velut
1768 3818 1821 3871 in
1855 3819 1965 3873 vite

378 3905 507 3945 vera
561 3892 1001 3966 fructilicantes;
1055 3902 1271 3970 quidam
1329 3920 1459 3961 vero
1504 3907 1641 3962 aridi
1692 3921 1748 3964 et
1802 3910 1964 3966 Patre

379 3986 622 4054 agricola
674 3991 982 4049 excidendi.
1018 3991 1124 4047 Sed
1161 4004 1215 4049 et
1256 3995 1385 4050 illud
1417 4000 1814 4055 observandum
1856 4014 1959 4069 est,

379 4079 523 4142 quod
564 4078 821 4148 singulari
869 4098 1098 4138 numero
1140 4088 1429 4154 Apostolus
1478 4091 1744 4147 bonorum
1787 4096 1962 4149 nomi-

380 4178 473 4219 nat
498 4168 749 4237 fructum,
779 4172 924 4225 sicut
949 4182 1004 4227 et
1027 4174 1154 4230 alibi
1183 4176 1263 4233 “z
1295 4177 1528 4236 Fructus
1567 4196 1740 4236 autent
1787 4183 1960 4254 Spiri-

378 4267 461 4310 tus
495 4269 568 4312 est
600 4261 853 4323 charitas,
887 4266 1169 4333 gaudium,
1195 4285 1339 4336 pax;
1370 4287 1534 4340 opera
1566 4286 1745 4328 autem
1775 4276 1961 4331 carnis

376 4362 499 4416 qua:
543 4352 875 4419 exprobrat,
919 4354 1202 4424 pluraliter
1246 4360 1453 4430 profert
1483 4363 1545 4416 ¹⁹.
1575 4364 1726 4430 Quod
1757 4365 1801 4419 si
1837 4367 1961 4435 quis

376 4439 603 4510 objiciat
627 4444 760 4500 illud
794 4449 935 4517 quod
969 4449 1022 4503 in
1047 4450 1265 4509 Psalmo
1285 4457 1544 4527 scriptum
1573 4469 1657 4514 est
1682 4461 1748 4524 ’°,
1785 4459 1960 4514 Labo-

378 4548 458 4639 ζει
487 4536 753 4602 fructuum
778 4548 986 4594 tuorum
1015 4546 1376 4614 manducabis,
1404 4565 1500 4618 pro
1528 4551 1671 4606 bono
1694 4561 1746 4606 et
1772 4552 1956 4624 plura—
1987 4583 2033 4639 Β

376 4623 500 4678 liter
522 4627 724 4683 dictum
754 4647 769 4698 ;
799 4632 1081 4689 sciendum
1105 4647 1188 4691 est
1218 4642 1358 4708 quod
1383 4642 1522 4696 sicut
1550 4644 1593 4698 is
1617 4645 1705 4712 qui
1737 4660 1954 4709 marga-

375 4722 510 4775 ritas
541 4725 919 4793 negotiabatur
944 4728 1055 4800 (o7)
1089 4729 1293 4798 plures,
1324 4734 1604 4789 inveniens
1634 4753 1793 4789 unam
1827 4752 1953 4806 prc-

446 4856 489 4888 ”
525 4856 654 4912 Luc.
687 4876 804 4925 vttt,
834 4863 922 4917 10.

371 4944 429 5004 _v_,
623 4930 711 5004 ﬂ"
742 4934 880 5004 inid.
910 4935 997 4990 l9.
1113 4935 1158 4965 ²⁰
1186 4935 1325 4989 Psal.
1358 4927 1565 5004 esxvn,
1606 4942 1661 4997 2.

363 5082 517 5137 Lvnt,
559 5071 644 5125 1‘2.

368 5258 407 5313 δ
439 5188 553 5311 (6‘4)
585 5191 682 5272 Ms.
716 5207 877 5258 unus,
903 5193 1039 5250 Sunt
1061 5206 1260 5251 autent.
1291 5195 1486 5251 Caeteri
1532 5210 1661 5249 mss.
1693 5204 1748 5251 et
1790 5196 1944 5263 editi,

415 5278 480 5311 un
536 5279 693 5313 enim.

415 5278 502 5311 unt
536 5279 595 5312 en
654 5279 693 5315 ι.

431 5329 551 5401 (ιῑὲῥ)
592 5280 653 5384 :1"
672 5331 854 5387 Patre.
886 5333 1011 5390 Haec
1039 5336 1148 5390 duo
1186 5339 1347 5393 verba
1385 5338 1582 5392 desunt
1612 5338 1665 5391 in
1696 5338 1874 5394 editis.

437 5398 552 5469 (66)
592 5400 797 5457 Enoclt.
822 5403 877 5457 In
909 5407 1068 5459 editis
1097 5408 1460 5462 desideratur.

440 5469 552 5550 (ϐξ)
591 5471 753 5550 Editi,
788 5475 1104 5541 negotiatur.
1141 5477 1347 5534 Deinde
1388 5495 1490 5534 ms.
1525 5492 1688 5544 unus,
1722 5480 1947 5534 venditis

368 5539 609 5593 omnibus
644 5549 790 5602 emit,
821 5539 928 5597 etc.

440 5607 552 5685 (ltiti)
588 5608 811 5685 Eloqui.
837 5613 1000 5675 Editi,
1034 5615 1263 5685 eloquia,
1291 5619 1449 5675 male.

440 5678 553 5748 (tia)
595 5678 747 5746 Quis.
782 5681 943 5737 Deest
970 5688 1021 5738 in
1050 5678 1234 5740 editis.

438 5747 986 5832 (70).¥393Il08,_gt_ti.
1022 5754 1153 5832 Mss.
1185 5756 1390 5832 plures,
1411 5760 1595 5832 quia._
1617 5761 1714 5815 Ms.
1742 5760 1949 5832 Regius

366 5819 684 5883 unita.'1639
718 5831 774 5876 et
801 5819 953 5890 editi,
985 5828 1152 5899 quod.
1183 5819 1387 5887 Deinde
1424 5819 1533 5885 'uis.
1564 5829 1763 5907 Regius
1788 5819 1940 5890 ιιῖιιιι.

1004 4862 1084 4917 “l
1113 4863 1377 4937 Tltes.rtt,
1404 4869 1491 4923 18.
1570 4870 1613 4902 ¹³
1644 4870 1665 4923 ι
1697 4873 1821 4929 Cor.
1849 4889 1909 4937 tt,
1939 4872 2068 4937 2,6.
2145 4871 2190 4903 ¹⁶
2216 4869 2375 4926 Rom.
2406 4886 2497 4937 xv,
2530 4871 2585 4934 9,
2616 4872 2702 4925 lli.

453 4941 563 5010 ,με
622 4941 997 5010 _:'tt:iil;19.
1113 4941 1565 5010 'fﬁPsalacsxvn,
1606 4942 1661 4997 2.
1766 4944 1937 4997 “Mat

2095 4957 2179 5005 tu,
2206 4941 2295 5008 45,
2320 4942 2410 4996 46.

367 5000 416 5032 υ
451 4998 704 5082 ibid._16.
779 5001 824 5033 ιε
861 5003 1020 5059 Rom.
1058 5004 1221 5069 1,16.
1295 5006 1343 5037 ὀ
1382 5009 1483 5063 ιεε..
1537 4998 1624 5082 in,
1662 5015 1713 5067 7.
1790 5015 1833 5046 ’τ
1867 5016 1883 5068 ι
1912 5016 1939 5069 ι

2100 5029 2139 5078 ι,
2165 4998 2294 5067 ’15.’
2348 5016 2394 5045 ³⁸
2421 5014 2579 5069 Rom.
2622 5029 2662 5079 t,
2706 5013 2793 5067 19.

2095 604 2215 669 quis
2255 619 2283 654 a
2314 602 2561 670 pluribus
2592 599 2857 655 fructibus
2900 600 3165 668 incipiens
3191 639 3207 664 ,
3238 596 3306 653 ad
3338 614 3500 652 unum
3538 612 3651 667 per-

2096 694 2345 747 fectionis
2374 693 2597 746 tendere
2624 691 2786 746 debet
2815 691 3070 746 fructum.
3090 690 3492 761 Requirendum
3520 705 3651 742 nunc

2092 796 2175 839 est
2206 785 2475 855 quomodo
2497 784 2785 852 Apostolus
2827 784 3031 839 Grazcis
3060 792 3113 839 et
3138 783 3408 848 barbaris,
3441 783 3651 853 sapien-

2095 877 2236 929 tibus
2284 884 2339 930 et
2374 876 2752 944 insipientibus
2794 875 3009 930 debitor
3049 883 3152 928 est.
3203 874 3343 939 Quid
3394 873 3537 927 enim
3587 872 3651 927 ab

2092 969 2223 1037 ipsis
2248 981 2554 1039 acceperat,
2606 968 2747 1022 unde
2792 968 2871 1023 eis
2914 962 3129 1022 debitor
3169 966 3325 1021 fieret
3355 964 3381 1019 ἳ
3413 965 3650 1020 Arbitror

2091 1062 2319 1117 diversis
2361 1064 2575 1132 quidem
2625 1061 2875 1132 gentibus
2926 1061 3050 1115 inde
3092 1076 3213 1116 eum
3247 1059 3501 1117 eﬂ'ectum
3538 1074 3649 1115 esse

2090 1159 2412 1223 debitorem,
2431 1158 2573 1228 quod
2599 1156 2837 1213 omnium
2865 1156 3105 1229 gentium
3129 1156 3328 1223 linguis
3352 1156 3647 1228 eloqui(68)

2090 1251 2299 1318 accepit
2329 1267 2423 1320 per
2444 1252 2673 1321 gratiam
2696 1250 2933 1321 Spiritus
2959 1249 3152 1312 sancti,
3191 1250 3334 1303 sicut
3363 1257 3417 1303 et
3447 1250 3557 1318 ipse
3577 1252 3650 1305 di-

2086 1344 2160 1395 cit
2192 1356 2206 1393 :
2240 1340 2487 1395 Omnium
2526 1352 2752 1395 uestrum
2793 1341 2957 1410 magis
2980 1340 3171 1410 linguis
3199 1338 3387 1410 loquor
3419 1340 3487 1394 ²².
3521 1340 3647 1407 Quia

2088 1445 2219 1499 ergo
2240 1429 2547 1498 linguarum
2572 1430 2818 1484 notitiam
2851 1445 2955 1482 non
2976 1446 3072 1499 pro
3089 1445 3144 1484 se
3158 1431 3277 1499 quis
3293 1429 3430 1500 (69),
3447 1431 3539 1485 sed
3559 1446 3651 1499 pro

2086 1522 2170 1577 bis
2192 1523 2392 1592 quibus
2418 1522 2820 1591 praedicandum
2862 1534 2947 1577 est
2976 1522 3193 1590 accipit,
3229 1522 3446 1577 debitor
3484 1524 3651 1577 omni-

2084 1612 2185 1668 bus
2207 1613 2312 1668 illis
2338 1612 2566 1668 elIicitur
2593 1630 2821 1684 quorum
2858 1608 3125 1683 accepita
3159 1613 3268 1668 Deo
3290 1612 3489 1683 linguae
3515 1618 3653 1669 noti-

2088 1706 2239 1759 tiam.
2280 1705 2633 1774 Sapientibns
2677 1717 2861 1761 autem
2904 1705 3135 1761 edicitur
3172 1706 3386 1761 debitor
3426 1720 3521 1773 per
3556 1705 3652 1757 hoc

2084 1796 2226 1863 quod
2264 1797 2474 1866 accepit
2509 1798 2833 1868 sapientiam
2868 1798 2922 1851 in
2967 1797 3225 1868 mysterio
3259 1797 3649 1854 absconditam.

2083 1902 2243 1954 quam
2269 1887 2521 1956 perfectis
2552 1898 2606 1943 et
2641 1890 2974 1958 sapientibus
3007 1889 3343 1958 loqueretur.
3378 1887 3650 1952 Quomodo

2084 1987 2262 2030 autem
2309 1989 2363 2032 et
2414 1980 2840 2049 insipientibus?
2875 1981 2929 2035 In
2960 1995 3068 2049 quo
3107 1980 3386 2051 patientia:
3431 1978 3649 2048 gratiam

2083 2078 2138 2121 et
2170 2068 2592 2140 longanimitatis
2623 2073 2848 2141 accepit.
2876 2073 3115 2129 Summze
3144 2071 3347 2126 etenim
3388 2067 3652 2138 patientize

2082 2174 2166 2215 est
2192 2163 2334 2217 ferre
2365 2163 2730 2232 insipientium
2769 2176 2968 2221 motus.
3003 2164 3324 2222 Gratissime
3355 2172 3536 2217 autem
3565 2160 3653 2212 ad-

2082 2252 2212 2307 didit
2256 2254 2306 2307 in
2346 2255 2798 2323 consequentibus
2830 2278 2841 2311 :
2873 2256 2961 2309 Ita
2988 2258 3125 2326 quod
3155 2257 3211 2309 in
3243 2271 3323 2307 me
3359 2262 3435 2306 est
3484 2267 3653 2320 prom-

2079 2354 2196 2412 ptus
2227 2361 2341 2397 sum
2371 2355 2420 2398 et
2438 2346 2575 2399 vobis
2603 2345 3320 2414 euangelizareaPromptum
3347 2358 3404 2397 se
3430 2356 3549 2395 esse
3581 2350 3654 2394 te-

2078 2447 2255 2489 statur
2285 2437 2375 2505 qni
2420 2436 2530 2507 (70)
2565 2446 2618 2490 et
2644 2436 2769 2490 alibi
2819 2436 2953 2490 dicit
3000 2436 3109 2491 :Si
3155 2436 3333 2488 rolens
3386 2438 3484 2488 hoc
3537 2447 3649 2500 ago,

2076 2530 2367 2581 mercedem
2415 2530 2580 2582 habeo
2602 2529 2667 2583 ".
2710 2529 3001 2597 Promptus
3047 2528 3192 2581 enim
3240 2528 3362 2594 quis
3395 2534 3480 2580 est
3534 2539 3653 2594 pru-

2077 2620 2334 2675 dentibus
2366 2621 2531 2690 loqui.
2563 2621 2638 2676 De
2665 2619 3043 2690 insipientibus
3065 2633 3196 2672 vero
3218 2616 3559 2671 sentiendum
3574 2624 3653 2669 est

2076 2712 2206 2766 illud
2243 2715 2384 2781 quod
2418 2711 2590 2765 dicit:
2621 2709 2681 2766 Si
2718 2722 2892 2764 autem
2946 2709 3143 2762 invitus
3181 2707 3509 2777 dispensatio
3530 2704 3653 2757 mihi

2074 2804 2273 2857 credita
2297 2814 2371 2858 est
2397 2820 2416 2869 ;
2440 2815 2490 2857 et
2522 2819 2537 2855 :
2573 2802 2661 2858 Vw
2683 2803 2811 2857 mihi
2839 2811 2915 2856 est
2943 2803 2989 2855 si
3016 2818 3117 2855 non
3151 2799 3650 2869 euangelizarero“.

2146 2896 2233 2951 14.
2274 2895 2395 2950 Non
2423 2897 2563 2950 enim
2617 2896 2861 2949 erubesco
2896 2894 3263 2965 Erangelinm.
3310 2892 3492 2947 Virtus
3519 2893 3651 2945 enim

2074 2987 2171 3041 Dei
2214 2999 2287 3042 est
2337 2989 2391 3040 in
2421 2988 2642 3042 salutem
2696 2986 2840 3040 omni
2886 2986 3115 3039 credenti
3162 2985 3230 3038 ”.
3282 2983 3447 3037 Multa
3491 2983 3647 3056 471

2072 3081 2286 3149 quidem
2319 3080 2519 3150 probra
2553 3079 2811 3133 adversus
2843 3077 3189 3146 Evangelium
3230 3078 3281 3130 in
3329 3077 3484 3130 initio
3519 3091 3653 3143 pra!-

2071 3169 2364 3225 dicationis
2405 3181 2591 3223 exorta
2641 3178 2767 3222 sunt
2797 3186 2810 3221 :
2845 3168 2940 3222 sed
2988 3168 3187 3222 Paulus
3229 3169 3543 3237 patientiam
3567 3169 3655 3221 di-

2071 3262 2276 3316 dicerat
2305 3277 2334 3315 a
2373 3260 2650 3329 prophetis
2686 3260 3035 3313 dicentibus:
3070 3258 3253 3314 Nolite
3283 3261 3426 3314 vinci
3465 3276 3652 3329 oppro-

2070 3354 2196 3407 briis
2223 3369 2422 3413 eorum,
2456 3367 2617 3421 neque
2638 3352 2834 3404 cedatis
2864 3351 3344 3421 spretionibus(7l)
3372 3368 3547 3405 eorum
3561 3347 3647 3417 κς

2069 3457 2123 3500 et
2153 3449 2359 3500 sciebat
2384 3447 2526 3515 quod
2562 3443 2911 3513 Evangelium
2940 3444 3263 3512 praedicaret
3296 3460 3402 3498 non
3432 3446 3486 3498 in
3522 3460 3646 3497 sua—

2067 3539 2221 3592 soriis
2249 3538 2496 3590 humana:
2519 3537 2795 3604 sapientia:
2824 3537 3016 3601 verbis,
3040 3541 3130 3589 sed
3162 3537 3219 3589 in
3249 3538 3444 3589 virtute
3472 3534 3648 3605 Spiri-

2069 3641 2152 3681 tus
2178 3628 2244 3682 ".
2274 3626 2543 3680 Delinicns
2565 3639 2694 3693 ergo
2725 3625 2851 3691 quid
2888 3624 2955 3676 sit
2994 3624 3373 3693 EVangelium,
3400 3637 3648 3693 pronunv

2069 3721 2202 3773 tiat:
2244 3716 2419 3771 Virtus
2458 3718 2617 3782 enim,
2667 3717 2864 3784 inquit,
2902 3715 2995 3770 Dei
3041 3723 3119 3768 est
3158 3718 3216 3768 in
3253 3716 3481 3770 salutem
3508 3716 3647 3768 omni

2067 3813 2320 3874 credenti,
2361 3809 2555 3864 Judwo
2595 3809 2825 3878 primum
2875 3820 2923 3862 et
2966 3804 3151 3860 Graeco
3190 3807 3257 3862 ’⁸.
3303 3807 3458 3875 Quod
3486 3809 3646 3875 dixit,

2066 3908 2232 3960 virtus
2264 3902 2361 3957 Dei
2394 3910 2469 3956 est
2511 3901 2566 3955 in
2604 3900 2870 3964 salutem,
2917 3898 3131 3952 videtur
3159 3902 3456 3956 ostendere
3492 3901 3649 3972 quasi

2065 3995 2136 4049 sit
2168 3993 2348 4060 aliqua
2378 3991 2552 4044 virtus
2582 3988 2677 4042 Dei
2702 4003 2823 4056 quae
2855 4003 2961 4042 non
2989 3989 3062 4044 sit
3086 3987 3151 4042 ad
3170 3989 3429 4055 salutem,
3453 3994 3544 4045 sed
3575 3992 3649 4045 ad

2064 4085 2445 4155 perditionem.
2499 4078 2613 4135 Scit
2648 4080 2850 4151 quippe
2896 4091 2952 4135 et
2985 4082 3039 4135 in
3070 4083 3340 4152 propheta
3387 4084 3645 4152 scriptum

2064 4191 2222 4231 esse:
2252 4175 2319 4229 Et
2357 4192 2537 4243 eruca,
2564 4174 2729 4228 virtus
2759 4174 2874 4247 (Ἰὲ)
2910 4191 3027 4229 mea
3060 4190 3260 4246 magna
3280 4178 3348 4243 ¹⁹;
3378 4186 3433 4233 et
3453 4180 3648 4232 iterum

2064 4269 2118 4322 in
2152 4268 2382 4323 Psalmis
2416 4268 2547 4322 dicit
2579 4284 2593 4321 :
2636 4264 2705 4319 In
2726 4266 2919 4320 virtute
2943 4276 3034 4321 tua
3052 4268 3301 4337 disperde
3332 4268 3453 4323 illos
3484 4269 3550 4336 ³⁶;
3589 4277 3649 4323 et

2063 4363 2186 4418 ideo
2231 4362 2324 4417 hic
2354 4361 2524 4415 dicit:
2570 4357 2752 4414 Virtus
2798 4359 2894 4413 Dei
2944 4361 3002 4413 in
3043 4358 3295 4415 salutem.
3330 4359 3652 4414 Videndum

2062 4468 2146 4509 est
2169 4469 2298 4525 ergo
2322 4468 2391 4508 ne
2414 4453 2555 4508 forte
2576 4465 2799 4527 propter
2820 4454 2954 4508 istas
2978 4452 3243 4507 virtutum
3267 4452 3363 4507 Dei
3391 4451 3649 4507 differen-

2065 4549 2168 4602 tias
2191 4549 2381 4602 dextra
2405 4555 2461 4603 et
2483 4549 2706 4603 sinistra
2736 4547 2791 4602 in
2816 4546 2928 4601 Deo
2950 4545 3277 4615 appelletur,
3312 4554 3373 4600 ut
3398 4546 3564 4599 virtus
3588 4543 3651 4598 in

2059 4642 2291 4694 salutem
2322 4641 2512 4695 dextra
2537 4640 2675 4711 ejus,
2702 4649 2757 4695 et
2778 4640 3025 4695 virtusin
3058 4654 3164 4708 qua
3198 4639 3481 4708 disperdit,
3512 4638 3654 4694 sini-

2060 4744 2170 4787 stra
2207 4735 2445 4789 dicatur.
2484 4733 2590 4792 Sed
2620 4745 2672 4787 et
2698 4732 2829 4787 illud
2861 4732 3257 4787 advertendum
3283 4741 3389 4799 est,
3418 4747 3484 4786 ne
3498 4732 3656 4786 forte

2669 4872 2702 4924 ἰ.
2782 4870 2825 4900 ⁸⁷
2853 4868 3015 4956 1οεψὲ
3043 4869 3373 4956 x-v,_!,lse([.
3450 4867 3492 4901 ⁸⁸
3517 4868 3657 4956 Gal.

2523 4943 2567 4972 ²¹
2600 4944 2614 4995 ι
2641 4945 2769 4998 Cor.
2802 4956 2916 5001 xw,
2953 4941 3037 4993 18.
3153 4939 3199 4970 ’³
3237 4939 3255 4992 l
3283 4940 3413 4994 Cor.
3443 4956 3515 5001 Ix,
3554 4941 3652 4995 17.

2523 5028 2579 5066 n.
2622 5029 2662 5077 ι,
2706 5013 2793 5067 19.
2908 5011 2952 5041 ’⁸
2978 5008 3118 5064 Joel.
3159 5024 3221 5077 ιι,
3250 5009 3343 5064 25.
3421 5011 3464 5041 ⁸ο
3490 5009 3654 5065 Psal.

2055 5194 2216 5260 1659,
2254 5194 2538 5262 Promptus
2573 5195 2711 5247 enim
2733 5195 2944 5262 quidem
2975 5208 3071 5258 est,
3097 5207 3205 5251 etc.
3240 5197 3306 5251 Et
3334 5201 3490 5268 paulo
3518 5215 3662 5268 post

2054 5267 2483 5339 editi.$ciendum
2514 5274 2591 5317 est
2616 5267 2845 5339 illud..._._
2883 5269 2930 5320 si
2962 5277 3135 5321 autem
3171 5267 3660 5339 invito’dispensa-

2055 5341 2126 5390 tio
2156 5340 2259 5389 ista
2286 5336 2486 5391 credita
2509 5343 2585 5388 est
2617 5336 2767 5388 mihi.
2807 5335 2959 5390 Unus
2987 5352 3018 5390 e
3055 5352 3187 5392 mss.
3229 5342 3431 5393 nostris
3451 5335 3661 5397 habet

2051 5409 2248 5473 etiam,
2280 5407 2549 5461 sciendum
2579 5415 2653 5458 est
2685 5406 2858 5471 illud;
2887 5409 2982 5462 sed
3022 5408 3239 5463 caeteris
3288 5425 3420 5463 mss.
3448 5422 3498 5464 et
3534 5411 3661 5468 Ra-

2052 5479 2227 5532 banus
2265 5486 2322 5530 ut
2362 5477 2415 5530 in
2455 5486 2622 5530 textu.

2126 5548 2237 5618 (71)
2282 5545 2374 5602 Sic
2396 5562 2529 5603 mss.
2562 5555 2616 5600 et
2638 5544 2924 5603 Rabanus.
2962 5549 3102 5604 Editi
3135 5563 3285 5615 vero,
3313 5554 3659 5620 persecutio-
3694 5558 3709 5622 ζ

2053 5620 2223 5673 nibus.

2127 5689 2240 5758 (72)
2282 5688 2423 5743 Editi
2454 5698 2509 5742 el
2541 5700 2642 5758 m8.
2672 5702 2834 5747 “Ilus.
2867 5701 2917 5744 et
2949 5693 3051 5744 erit
3081 5693 3267 5757 virtus,
3295 5704 3401 5747 etc.
3431 5692 3669 5751 Deinde

2053 5757 2202 5824 editi,
2229 5762 2283 5812 in
2317 5758 2547 5811 Psalmis
2564 5757 2777 5812 dicitur.
2810 5758 3123 5818 Sed'cartcri
3145 5777 3274 5819 tnss.
3299 5774 3350 5819 et
3380 5762 3670 5828 Rabang

2053 5838 2200 5888 recte
2222 5838 2280 5885 ut
2310 5830 2364 5886 in
2394 5841 2564 5887 textu.
