3784 6526
77 454 154 514 881
358 496 361 499 -
1007 454 1365 513 COMMENT.
1405 455 1471 512 IN
1505 454 1726 514 EPIST.
1764 456 1854 513 AD
1892 458 2059 516 ROM.
2102 458 2230 514 LIB.
2272 460 2313 515 I.
3195 465 3303 520 862

80 575 176 641 quia
197 569 445 625 Christus
494 572 670 626 virtus
706 570 796 625 Dei
839 572 1039 629 dicitur
1083 576 1149 644 ³³,
1193 587 1248 630 et
1273 576 1628 648 Evangelium
1659 580 1708 636 Α
1737 589 1865 632 nent
1892 580 2133 648 quidem,
2176 581 2270 635 sed
2321 578 2374 633 in
2428 576 2691 646 iniustitia
2722 595 2842 635 eam
2881 580 3126 637 detinent
3165 582 3304 655 (79).

78 666 216 716 virtus
240 661 331 717 Dei
358 662 431 719 ³⁹.
468 660 721 718 Christus
742 662 879 718 sicut
909 674 963 720 et
993 666 1096 721 alia
1126 668 1317 736 multa,
1356 670 1430 723 ita
1464 669 1628 724 etiam
1733 672 1938 738 Quibus
1963 675 2127 729 etiam
2156 673 2287 727 dicit
2311 670 2662 739 manifestum
2699 686 2823 726 esse
2855 671 2909 726 id
2936 673 3078 742 quod
3114 682 3303 728 notum

82 751 393 819 Evangelium
429 752 663 824 intelligi
699 755 911 822 debeat,
933 767 989 811 et
1017 757 1156 813 forte
1184 771 1450 815 aeternum
1484 762 1630 832 quod
1730 772 1814 817 est
1840 763 1955 825 Dei,
1985 763 2278 818 ostendens
2307 777 2428 817 esse
2456 761 2660 831 aliquid
2693 758 2787 817 Dei
2821 762 2964 831 quod
2997 769 3183 816 uotum
3210 762 3304 826 sit,

78 845 240 897 dicitur
280 842 646 911 Evangelium
687 845 732 878 ³³
763 847 829 901 de
855 847 971 916 ipso
1017 848 1121 903 dici
1153 849 1495 906 sentiendum
1529 854 1620 910 sit.
1731 864 1786 908 et
1818 854 2022 924 aliquid
2045 854 2161 923 ejus
2188 853 2330 924 quod
2353 854 2593 922 ignotum
2625 852 2716 907 sit.
2756 852 2898 907 Dicit
2918 867 3054 924 ergo
3073 854 3304 911 revelari

81 931 224 991 Omni,
245 930 448 998 inquit.
479 935 732 996 credenti,
757 932 950 990 Iudaeo
972 937 1221 1006 primum,
1257 951 1304 994 et
1335 939 1520 996 erco
1555 942 1624 998 ³⁸.
1732 934 1866 1000 irani
1909 945 2002 1000 Dei
2046 946 2133 1002 bis
2167 947 2259 1015 qui
2305 946 2593 1001 veritatem
2629 948 2682 1002 in
2717 948 3007 1018 iniquitate
3041 948 3305 1004 detinent.

80 1020 215 1073 θωπί
252 1021 435 1088 ιπῖιηο
464 1021 577 1091 (⁷⁷))
609 1023 818 1079 ⁴¹¹¹³ὒ¹¹ε
844 1026 1300 1094 θρρειιαιῑοηίῢιιε
1334 1045 1497 1085 omne
1527 1032 1628 1086 Ιιο-
1731 1038 1859 1105 Qua:
1891 1042 2225 1106 revelantur,
2258 1039 2324 1095 de
2365 1041 2613 1094 obscuris
2642 1050 2696 1094 et
2732 1043 3029 1097 reconditis
3054 1043 3122 1096 ad
3159 1042 3304 1095 noti—

81 1113 244 1164 ¹¹¹ί¹¹¹¹¹¹¹
274 1123 614 1167 εθηευθτθηί
652 1130 842 1184 ἕθηηδι
904 1118 953 1171 id
1004 1129 1107 1184 εει,
1155 1121 1237 1175 Vel
1271 1120 1516 1177 Graecum
1546 1126 1629 1178 di-
1732 1132 1858 1185 tiam
1888 1132 2262 1201 proferuntur.
2295 1133 2427 1200 Quia
2474 1150 2608 1204 ergo
2640 1144 2692 1188 et
2734 1136 2823 1189 hic
2870 1150 2977 1190 non
3008 1135 3307 1206 ignoranti-

81 1215 225 1256 θεηῑθε
258 1218 381 1259 esse
419 1220 898 1291 “"“l‘lquem‘llle.
928 1210 1012 1265 vel
1054 1212 1355 1268 Barbarum
1394 1233 1408 1267 :
1439 1226 1495 1270 et
1543 1217 1627 1270 di-
1733 1224 1830 1277 bus
1856 1223 2161 1291 veritatem,
2191 1225 2285 1279 sed
2313 1226 2620 1280 tenentibus
2640 1241 2782 1290 eam,
2812 1225 2936 1280 licet
2963 1224 3103 1280 male
3119 1234 3309 1281 tenen-

79 1296 261 1348 stinctio
295 1309 500 1349 eorum
546 1298 668 1352 talis
705 1298 922 1366 fuerat,
966 1310 1022 1355 ut
1050 1304 1230 1359 omnis
1270 1306 1360 1373 qui
1406 1305 1628 1364 Graecus
1731 1316 1993 1381 tibus,ira
2020 1317 2111 1370 Dei
2146 1318 2211 1370 de
2239 1316 2377 1371 coelo
2407 1318 2608 1372 dicitur
2643 1319 2893 1384 revelari,
2924 1318 3137 1372 videtur
3159 1317 3305 1385 quod

82 1395 343 1481 lientssfl.
378 1386 661 1481 Barbarus
705 1391 1021 1449 haberetur.
1060 1395 1164 1450 Sed
1198 1398 1368 1453 multo
1414 1402 1629 1454 vel‘iore
1729 1408 1991 1462 rationem
2017 1417 2071 1462 et
2098 1409 2381 1464 scientiam
2420 1418 2481 1464 ut
2525 1410 2660 1463 iram
2702 1409 2796 1463 Dei
2840 1409 2952 1481 (80)
2983 1409 3305 1465 manifesta-

80 1477 391 1531 distinctione
434 1480 612 1534 utitur
644 1481 858 1544 Paulus,
898 1485 1115 1541 Judmos
1141 1489 1317 1556 printo
1346 1490 1553 1557 dicens,
1573 1501 1630 1545 et
1730 1509 1839 1554 tam
1868 1498 2010 1554 dicat
2049 1515 2169 1555 esse
2221 1500 2306 1555 his
2356 1501 2555 1570 quibus
2608 1501 2813 1555 veritas
2850 1477 2985 1554 inuia
3029 1511 3132 1568 est,
3177 1500 3304 1556 licet

80 1570 380 1663 εξ⁰⁵¹¹¹ᾞ⁰⁶¹¹¹¹η
421 1570 666 1633 Gram“.
699 1585 977 1641 POSlTemO
1006 1576 1295 1634 Barbam?»
1325 1581 1625 1637 Cﬂmenim
1728 1606 1848 1646 eam
1890 1592 1944 1646 in
1980 1591 2265 1663 iniquitate
2309 1593 2614 1648 detineant.
2662 1592 2815 1659 Quod
2857 1594 3094 1661 quidem,
3142 1603 3202 1647 ut
3233 1610 3301 1648 ex

78 1658 236 1724 Cruci,
268 1662 403 1753 quia
439 1663 542 1730 ipsi
567 1664 777 1733 legibus
804 1668 1124 1735 utebantur,
1164 1685 1353 1726 omnes
1386 1672 1628 1742 reliqnos
1728 1658 2186 1752 consequenti-bus
2237 1684 2567 1745 declaratur,
2625 1658 2701 1738 de,
2756 1658 3093 1753 sapientibus
3142 1683 3306 1752 hujus

81 1761 298 1843 tanquam
332 1752 464 1808 sine
501 1754 715 1826 legibus
743 1757 989 1813 viventes
1018 1760 1289 1817 Barbaros
1322 1766 1624 1833 appellave-
1730 1770 1939 1838 mundi,
1978 1783 2033 1827 et
2058 1771 2307 1839 eruditis,
2337 1772 2419 1826 vel
2450 1773 2785 1843 philosophis
2820 1752 2924 1828 dici
2963 1774 3301 1843 intelligitur,

80 1842 182 1936 rint,
214 1844 411 1898 merito
446 1844 625 1901 Judaei
658 1849 821 1904 etiam
858 1850 992 1921 ipsis
1031 1854 1234 1909 Graecis
1265 1860 1333 1912 ab
1361 1861 1623 1928 Apostolo
1657 1932 1681 1936 _
1728 1858 1815 1925 qui
1844 1873 1964 1913 cum
2002 1860 2284 1914 veritatem
2335 1870 2388 1914 et
2430 1861 2701 1930 justitiam
2752 1862 2841 1915 Dei
2893 1842 3301 1936 cognovissent,

78 1932 424 2001 praleruutur,
450 1939 583 2006 quia
607 1949 804 1996 etante
837 1942 984 2012 ipsos
1010 1946 1215 2016 legibus
1239 1950 1418 2005 vivere
1442 1967 1621 2021 cmpe-
1654 1932 1696 1987 Β
1726 1966 1828 2003 non
1853 1952 1986 2004 sicut
2004 1950 2170 2005 Deum
2193 1953 2681 2022 magniﬁcaverunt,
2711 1965 2799 2007 aut
2834 1932 3036 2023 gratias
3063 1968 3300 2023 egerunt,

77 2033 196 2089 "ml.
221 2027 453 2097 etleges
489 2044 680 2086 eorum
710 2048 741 2087 a
788 2033 920 2101 Deo,
950 2045 1006 2090 et
1045 2052 1152 2091 non
1187 2040 1255 2093 ab
1291 2039 1619 2108 hominibus,
1726 2044 1816 2096 sed
1849 2056 2169 2098 evanuerunt
2214 2046 2272 2097 in
2304 2046 2713 2114 cogitationibus
2750 2047 2900 2117 suis,
2949 2049 3197 2103 conversi
3232 2050 3301 2103 ad

79 2117 399 2187 promulgatae
424 2130 579 2176 sunt.

1804 2135 1889 2202 ila;
1922 2145 1977 2190 et
1999 2135 2228 2189 dicentes
2259 2152 2314 2189 se
2350 2153 2461 2190 esse
2485 2137 2777 2203 sapientes,
2805 2138 2954 2190 stulti
2986 2138 3116 2206 {acti
3141 2150 3298 2204 sunt,

130 2209 200 2264 I5.
236 2209 472 2269 Iustitia
517 2217 636 2287 (74)
678 2219 816 2273 enim
862 2219 959 2275 Dei
1007 2225 1271 2279 reuelatur
1309 2244 1374 2282 ea:
1418 2228 1525 2298 ﬁde
1567 2230 1620 2283 in

1806 2224 1851 2277 ia
1901 2235 2343 2278 commutarerunt
2380 2224 2605 2294 gloriam
2650 2226 3062 2294 incorruptibilis
3105 2227 3203 2282 Dei
3244 2231 3300 2282 in

75 2301 197 2367 ﬁdem
235 2305 300 2362 ³⁸.
329 2305 564 2362 Jusﬁtia
607 2310 752 2364 enim
795 2311 893 2366 Dei
939 2313 992 2367 in
1024 2314 1314 2386 Evangelia
1353 2319 1623 2373 revelatur
1727 2314 2125 2368 similitudinem
2156 2315 2402 2383 imaginis
2427 2315 2673 2379 hominis,
2700 2327 2745 2369 et
2772 2316 3061 2383 volucrum,
3085 2326 3134 2371 et
3171 2335 3303 2388 qua-

77 2410 149 2462 per
167 2395 211 2450 id
240 2400 397 2467 quod
427 2415 458 2453 a
494 2399 671 2455 salute
702 2402 886 2458 nullus
911 2406 1200 2476 excipitur,
1242 2409 1357 2463 sive
1378 2408 1620 2475 Judams,
1729 2405 2053 2472 drupedum,
2087 2414 2135 2457 et
2176 2406 2490 2473 serpentium
2532 2402 2598 2456 '9.
2640 2403 2698 2457 In
2740 2404 2934 2473 quibus
2990 2407 3151 2459 etiam
3200 2409 3304 2462 hoc

75 2490 162 2542 sive
181 2488 425 2556 Graecus,
469 2494 592 2548 sive
637 2495 910 2551 Barbarus
947 2499 1149 2553 veniat.
1185 2500 1448 2555 Omnibus
1478 2504 1619 2557 enim
1727 2498 1961 2551 ostendit
1992 2496 2301 2564 Apostolus,
2335 2496 2477 2564 quod
2510 2509 2570 2548 ea
2602 2496 2820 2562 quidem
2847 2510 2965 2563 qine
2990 2497 3055 2550 ad
3083 2496 3297 2564 sapien'

75 2596 193 2649 aque
210 2581 463 2639 Salvator
492 2584 668 2641 dicit:
713 2585 892 2643 Venite
930 2592 998 2643 ad
1038 2608 1119 2645 me
1150 2608 1326 2647 omnes
1352 2594 1443 2664 qui
1472 2594 1621 2648 labo-
1731 2598 1811 2642 tes
1851 2588 2032 2643 Steculi
2084 2588 2149 2641 de
2196 2587 2445 2641 veritatis
2490 2589 2717 2642 scientia
2765 2597 3147 2657 pervenerunt,
3191 2586 3302 2643 Deo

75 2673 193 2739 tatis,
212 2687 257 2728 et
283 2679 505 2731 onerati
532 2681 658 2733 estis
685 2680 749 2733 ³⁸.
783 2682 858 2735 De
881 2682 986 2737 ﬁde
1015 2693 1193 2739 autem
1226 2685 1279 2739 in
1320 2685 1477 2740 ﬁdem
1508 2688 1619 2757 jam
1728 2677 2004 2732 revelante
2045 2688 2447 2745 pervenerunt:
2479 2678 2572 2732 sed
2618 2679 2745 2732 dum
2800 2692 2893 2734 aut
2926 2695 3078 2733 vantn
3115 2680 3301 2750 gloria:

75 2767 285 2833 superius
317 2769 569 2824 diximus
594 2770 707 2841 (75)
739 2773 864 2841 quia
899 2782 954 2826 et
993 2775 1143 2844 prior
1162 2778 1389 2845 populus
1428 2779 1481 2832 in
1519 2778 1623 2833 ﬁde
1728 2771 1964 2835 student,
2000 2779 2094 2823 aut
2125 2771 2413 2825 adulantur
2434 2770 2720 2826 erroribus
2746 2774 2997 2838 vetustis,
3025 2783 3118 2826 aut
3153 2784 3300 2828 metu

74 2866 180 2920 erat,
201 2858 318 2925 quia
349 2859 673 2915 crediderat
698 2863 806 2916 Deo
840 2871 895 2917 et
923 2863 1092 2934 Moysi
1132 2865 1333 2922 famulo
1364 2866 1480 2932 eius
1503 2909 1519 2931 ,
1554 2885 1623 2923 ex
1727 2863 2033 2932 principum
2068 2862 2433 2929 rel’renantur,
2475 2865 2844 2919 damnationis
2873 2880 2983 2919 sua:
3029 2863 3127 2934 ipsi
3154 2863 3303 2932 judi-

75 2963 152 3011 qua
174 2950 265 3003 ﬁde
298 2966 455 3007 nunc
487 2953 557 3006 ad
583 2952 738 3007 tidem
765 2954 1041 3026 Evangelii
1072 2959 1308 3013 transiit.
1335 2959 1490 3026 Quod
1523 2976 1620 3015 au-
1726 2969 1820 3009 ces
1866 2955 2044 3020 lium;
2102 2968 2131 3008 a
2172 2956 2370 3024 quibus
2409 2957 2617 3011 veritas
2662 2972 2824 3027 quam
2869 2957 2978 3010 Deo
3023 2955 3301 3011 revelante

73 3051 155 3093 lem
186 3041 310 3096 dicit
353 3057 431 3097 ex
482 3043 799 3099 testimonio
855 3045 1111 3102 Habacuc
1146 3049 1447 3120 prophetae,
1494 3052 1621 3121 quia
1727 3055 2112 3117 cognoverant,
2142 3056 2236 3100 aut
2272 3047 2492 3103 exclusa
2538 3048 2792 3104 libertate
2824 3048 3153 3118 contegitur,
3203 3055 3300 3103 aut

68 3131 209 3199 justus
230 3150 291 3187 es
307 3135 422 3204 ﬁde
444 3135 699 3188 meavivit
728 3135 792 3200 '7;
821 3137 935 3190 sive
967 3138 1011 3192 is
1028 3140 1118 3208 qui
1145 3141 1195 3193 in
1216 3141 1330 3211 lege
1354 3151 1437 3197 est
1460 3142 1619 3197 intel-
1728 3146 1996 3206 gestorum
2029 3137 2313 3206 iniquitate
2346 3139 2671 3209 denegatur.
2697 3136 2773 3192 Ila
2816 3153 2944 3207 ergo
2972 3138 3064 3192 Dei
3094 3138 3174 3191 ira
3215 3138 3300 3190 vi-

73 3224 222 3294 ligitur
246 3225 391 3298 (76),
422 3234 483 3280 ut
513 3226 682 3281 etiam
715 3226 1022 3298 Evangeliis
1065 3233 1281 3297 credat,
1311 3234 1426 3290 sive
1460 3235 1504 3289 is
1526 3218 1618 3304 Qui
1653 3288 1694 3304 η
1728 3228 1885 3281 del-ur
1910 3228 2181 3281 interdum
2217 3227 2379 3300 472
2398 3230 2569 3284 virtus
2591 3230 2725 3298 ipsa,
2749 3246 2868 3300 qua:
2890 3239 3086 3301 praeest
3111 3245 3301 3298 pinna-

74 3320 112 3369 in
134 3317 430 3390 Evangeliis
445 3326 553 3384 est,
586 3328 644 3372 ut
676 3320 841 3373 etiam
868 3317 997 3390 Legi
1025 3324 1211 3377 credat
1234 3334 1288 3378 et
1311 3288 1619 3393 Prophetis.
1647 3288 1695 3351 Ε
1728 3334 1844 3374 rum
1875 3321 2164 3388 ministris,
2192 3333 2380 3392 etquae
2417 3322 2680 3392 supplicia
2712 3323 2873 3376 infert
2897 3324 3298 3390 peccatoribus,

71 3412 276 3465 Alterum
318 3411 474 3467 enim
516 3411 639 3465 sine
686 3411 861 3466 altero
903 3412 1273 3484 integritatem
1310 3431 1417 3471 non
1456 3416 1622 3471 habet
1728 3412 1864 3480 dici;
1891 3414 2033 3467 sicut
2067 3414 2361 3485 signiﬁcari
2397 3416 2652 3469 existimo
2682 3415 2737 3469 in
2768 3430 2836 3468 eo
2867 3414 3009 3484 quod
3044 3413 3298 3479 refertur,

73 3501 184 3555 vitae.
1726 3505 1853 3574 quia
1886 3505 1967 3558 ira
1990 3504 2084 3559 Dei
2110 3514 2480 3559 commoverat
2511 3504 2622 3576 (81)
2648 3505 2814 3559 David
2838 3510 2897 3557 ut
2917 3504 3137 3575 iuberet
3165 3501 3300 3558 Joab

124 3593 199 3647 l6.
232 3594 521 3649 Reuelatur
550 3595 690 3647 enim
713 3593 797 3647 ira
827 3593 921 3649 Dei
951 3595 1015 3649 de
1037 3594 1162 3650 caelo
1187 3596 1299 3665 (77)
1337 3598 1390 3650 in
1417 3614 1619 3653 omnem
1726 3611 2015 3651 numerare
2043 3597 2296 3666 populum
2338 3597 2406 3654 ⁸⁸.
2457 3597 2560 3651 Sed
2595 3608 2650 3649 et
2685 3597 2915 3651 ministri
2947 3597 3063 3663 ejus
3093 3596 3302 3666 signiti-

73 3686 351 3755 impietatem
380 3698 430 3741 et
452 3687 790 3757 iniquitatem
816 3687 1108 3752 hominum,
1148 3691 1237 3758 qui
1268 3695 1533 3744 veritatem
1565 3694 1618 3745 in
1726 3697 1919 3741 cantur
1946 3702 2009 3741 ac
2040 3689 2203 3752 socii,
2237 3688 2289 3742 in
2320 3704 2387 3743 eo
2423 3690 2563 3757 quod
2608 3688 2832 3742 dicitur.
2873 3686 3103 3741 Immisit
3128 3689 3181 3740 in
3212 3704 3299 3741 eos

73 3780 311 3848 iniquitate
338 3763 637 3832 detinent:
665 3788 938 3846 propterea
981 3781 1105 3848 quia
1145 3783 1283 3851 quod
1330 3795 1509 3838 notum
1545 3802 1567 3839 e

1805 3796 1860 3830 ‘m
1901 3777 2096 3845 furoris
2134 3779 2237 3843 sui,
2281 3777 2692 3843 tribulationem,
2729 3787 2776 3829 et
2810 3777 2942 3827 iram
2970 3793 3063 3844 per
3087 3776 3299 3844 angelos

74 3864 164 3929 Dei,
186 3869 535 3938 manifestum
554 3875 633 3921 est
671 3869 725 3920 in
751 3866 882 3920 illis.
917 3868 1054 3922 Deus
1082 3873 1217 3923 enim
1252 3871 1359 3925 illis
1393 3876 1621 3943 manife.
1724 3869 1915 3923 malos.
1955 3869 2228 3922 Interdum
2262 3862 2425 3923 etiam
2456 3869 2622 3936 ipsius
2657 3868 3024 3931 conscientiae,
3053 3883 3174 3921 cum
3204 3869 3299 3920 de-

70 3963 192 4014 stituit
212 3962 276 4017 ³⁸.
296 3964 375 4017 De
400 3963 489 4016 ira
521 3961 618 4015 Dei
650 3961 861 4030 plenius
884 3977 913 4014 a
942 3962 1097 4017 nobis
1120 3963 1172 4016 in
1209 3965 1332 4020 aliis
1361 3966 1495 4022 locis
1531 3969 1614 4022 di-
1725 3964 2039 4031 linquimus,
2067 3961 2268 4017 ultores
2297 3970 2350 4015 et
2390 3961 2633 4014 vindices
2672 3960 2875 4014 stimuli
2916 3960 2997 4012 ira
3028 3959 3298 4027 appellan-

71 4062 185 4105 ctum
209 4064 287 4109 est
319 4053 442 4124 (78)
484 4070 500 4107 :
534 4053 723 4121 paucis
755 4060 935 4106 tamen
961 4052 1124 4106 etiam
1159 4054 1211 4106 in
1253 4058 1502 4124 praesenti
1539 4058 1619 4112 di-
1727 4064 1815 4109 tur
1860 4054 1993 4125 (8‘2),
2032 4055 2180 4107 sicut
2221 4054 2360 4107 idem
2407 4051 2698 4122 Apostolus
2747 4054 2877 4106 dicit
2906 4052 2949 4083 δι
2983 4063 2997 4103 :
3036 4049 3297 4103 Recondis

71 4156 209 4204 retur.
238 4148 411 4220 Igitur
458 4149 542 4203 ira
589 4147 683 4202 Dei
722 4160 867 4203 nunc
905 4147 1139 4202 revelari
1186 4148 1386 4203 dicitur
1423 4164 1531 4203 non
1563 4149 1616 4202 in
1726 4148 1819 4201 tibi
1853 4148 1956 4215 ipsi
1997 4148 2131 4199 iram
2171 4147 2224 4199 in
2250 4147 2336 4199 die
2374 4146 2509 4211 itte;
2536 4155 2589 4200 et
2614 4145 2739 4199 alibi
2778 4164 2791 4199 :
2823 4143 2973 4197 Inter
2998 4160 3052 4196 se
3079 4144 3296 4195 invicem

69 4248 190 4302 parte
210 4240 415 4310 aliqua,
452 4240 552 4294 sed
594 4239 648 4293 in
674 4253 891 4293 omnem
922 4239 1257 4308 impietatem
1290 4249 1345 4295 et
1367 4241 1620 4310 iniquita-
1725 4238 2127 4308 cogitationibus
2157 4238 2547 4302 accusantibus,
2579 4248 2668 4290 aut
2695 4238 2851 4290 etiam
2882 4235 3305 4305 defendentibus,

70 4337 179 4393 tem;
220 4347 317 4387 nec
352 4341 547 4386 tamen
598 4330 652 4383 in
695 4344 884 4385 omnes
933 4331 1213 4395 homines,
1256 4333 1349 4386 sed
1392 4332 1447 4386 in
1500 4333 1619 4387 illos
1721 4332 1776 4385 in
1806 4332 1890 4383 die
1914 4346 2029 4383 cum
2047 4330 2309 4399 judicabit
2333 4329 2474 4384 Deus
2497 4329 2989 4383 occultaltominum
3014 4328 3077 4381 “.
3115 4327 3220 4404 Sed
3246 4337 3301 4380 et

70 4420 184 4475 solos
206 4425 295 4493 qui
329 4424 629 4478 veritatem
654 4421 750 4476 Dei
775 4424 828 4477 in
853 4422 1141 4492 iniquitate
1165 4423 1409 4478 detinent
1434 4439 1448 4477 :
1480 4424 1618 4479 deti-
1724 4424 2083 4477 tribulationis
2113 4422 2196 4478 vel
2227 4423 2539 4477 tentatiouis
2561 4423 2779 4478 alllictio
2810 4423 2890 4477 ira
2925 4422 3018 4477 Dei
3048 4422 3303 4476 nomina-

150 4540 231 4595 ³¹1
269 4541 402 4597 Cor.
459 4558 503 4601 ι,
536 4539 630 4611 24.
672 4540 750 4611 (⁸⁸
778 4539 939 4611 Rom.
966 4556 1005 4609 ι,
1032 4540 1120 4595 16.
1144 4610 1157 4611 γ
1233 4541 1278 4573 ³³
1310 4542 1478 4611 Apoc.
1527 4557 1636 4597 xlv.

1874 4542 1919 4573 "
1945 4541 2102 4597 Rom.
2146 4540 2276 4602 I.I6.
2385 4541 2428 4572 ³⁵
2455 4540 2586 4596 ibid.
2614 4540 2700 4595 I7.
2806 4541 2850 4573 ³⁸
2877 4540 3065 4597 Matth.
3098 4555 3176 4604 XI,

70 4610 100 4643 ε’
121 4611 260 4667 Rom.
282 4628 325 4672 ι.
365 4613 469 4674 17;
584 4609 789 4665 Hahae.
821 4626 886 4675 lt,
908 4610 961 4664 4.
1066 4611 1112 4642 ³⁸
1141 4610 1299 4666 Rom.
1335 4609 1371 4675 ις
1399 4614 1485 4668 18.

68 4682 103 4713 ⁸³
124 4682 238 4738 ibid.
272 4684 365 4738 15.
398 4684 496 4736 I6.

1801 4652 1805 4665 .
1844 4612 2040 4669 ,Ἧι-25..
2142 4611 2240 4665 “ll
2273 4611 2404 4682 Reg.
2433 4626 2580 4680 XXIV,
2612 4613 2663 4675 I,
2691 4612 2748 4669 2.
2856 4611 2899 4642 ’δ’
2934 4611 3091 4665 Rom.
3121 4626 3183 4673 ιι,
3208 4609 3295 4665 15.

223 4723 238 4738 ο
280 4722 365 4748 συ,
406 4722 496 4736 ιν.

121 4797 216 4868 (75)
249 4799 417 4864 1155.,
443 4798 661 4866 primo;
690 4798 969 4865 Rabanus,
1000 4799 1260 4866 primum;
1284 4798 1434 4857 editi.
1456 4800 1615 4852 enim.
1650 4805 1694 4856 ι)
1723 4801 1775 4850 in
1814 4799 2091 4865 iniquitate
2114 4798 2346 4852 detinent
2377 4815 2396 4852 :
2421 4798 2566 4869 quia,
2598 4806 2705 4869 etc.

70 4865 237 4924 Deinde
262 4886 369 4927 ms.
409 4865 580 4931 tinus,
610 4880 897 4936 postremos
927 4865 1204 4932 barbaros;
1232 4870 1384 4927 editi.
1419 4878 1620 4935 poslre-
1747 4937 1765 4938 ί
1801 4869 1910 4935 (78)
1956 4872 2027 4923 De
2065 4871 2143 4922 ira
2178 4872 2269 4924 Dei
2312 4865 2552 4938 loquitur
2578 4867 2842 4936 Origenes
2877 4866 2969 4919 lib.
3010 4882 3065 4920 tv
3098 4865 3296 4938 Contra

68 4955 180 4990 tum
201 4956 317 4992 vero
341 4940 648 5001 barbaros;
675 4940 863 4993 caeteri
893 4955 1019 4993 vero
1041 4955 1173 4993 mss.
1197 4948 1255 4993 et
1283 4938 1546 4992 Rabanus
1565 4949 1623 4992 ut
1729 4937 1935 4991 Celsum
1961 4955 2110 4992 num.
2131 4940 2218 5005 72,
2245 4949 2299 4994 et
2318 4942 2367 4993 in
2386 4936 2660 5006 psalmum
2681 4938 3003 5006 secundum,
3024 4952 3143 5004 pag.
3166 4936 3295 4998 540,

69 5007 108 5058 in
136 5018 297 5062 textu.
1727 5008 1855 5074 541,
1893 5023 2099 5062 necnon
2135 5022 2191 5063 et
2230 5005 2446 5062 homilia
2480 5008 2549 5061 2?.
2586 5008 2637 5061 in
2675 5005 2910 5072 Lucam;
2944 5010 3037 5059 sed
3076 5008 3153 5071 gad
3187 5007 3293 5059 alia

118 5079 215 5147 (74)
253 5079 348 5134 Sic
373 5092 518 5133 mss.
541 5076 612 5130 At
639 5076 790 5142 editi,
821 5077 1043 5132 Iustitia
1067 5080 1202 5132 enim
1238 5077 1335 5132 Dei
1365 5080 1420 5132 in
1453 5077 1623 5133 Eran-
1729 5078 1847 5132 toea
1876 5080 1963 5132 hic
1989 5080 2261 5147 respicere
2283 5081 2517 5142 videtur,
2555 5093 2675 5146 qua:
2716 5077 2872 5147 modo
2907 5092 3011 5127 non
3050 5086 3289 5130 exuant.

67 5146 199 5211 gelio,
224 5160 333 5203 etc.
748 5216 751 5217 ν
1397 5210 1404 5217 _
1804 5148 1916 5217 (79)
1959 5146 2198 5203 Detineat
2235 5149 2461 5214 quidem,
2491 5150 2580 5199 sed
2616 5149 2671 5200 in
2700 5146 2960 5214 injustitia
3007 5162 3122 5197 eam
3154 5147 3292 5199 deti-

122 5219 219 5285 (75)
261 5220 356 5274 Sic
392 5233 537 5273 mss.
586 5216 793 5279 nosui;
837 5217 966 5271 editi
1008 5233 1167 5280 vero,
1211 5210 1437 5271 Justitia
1477 5220 1618 5272 enim
1728 5229 1868 5273 nent.
1898 5210 2030 5273 llaec
2062 5210 2260 5273 omissa
2294 5220 2344 5271 in
2385 5218 2562 5279 editis,
2595 5210 2951 5270 restituuntur
2978 5230 3044 5269 ex
3077 5230 3210 5273 mss.
3239 5226 3295 5271 et

70 5282 141 5337 Dei
166 5282 213 5341 in
240 5306 302 5343 eo
333 5291 612 5343 revelatur
634 5304 699 5340 ea:
739 5287 841 5354 ﬁde
887 5287 941 5341 in
974 5289 1158 5356 ﬁdem,
1204 5291 1336 5341 sicut
1368 5290 1618 5348 scriptum
1726 5289 1968 5342 Rabano.

64 5358 386 5429 estttlustus
402 5366 661 5412 autemea:
683 5352 786 5429 ﬁde
808 5357 929 5429 vivit
953 5352 1133 5425 (Rom.
1164 5374 1199 5420 ι,
1235 5357 1505 5429 I7).-Jam
1527 5375 1619 5412 su-
1797 5359 1910 5429 (80)
1951 5358 2042 5412 Sic
2073 5372 2179 5429 ms.
2205 5370 2350 5429 unus
2377 5355 2581 5423 Regius
2615 5370 2765 5429 num.
2798 5352 2959 5409 1640.
3000 5354 3153 5429 Alter
3186 5354 3292 5412 Rea

70 5427 213 5498 pitius
254 5428 528 5492 diximus,
564 5438 673 5480 etc.
721 5425 888 5479 Paulo
928 5438 1047 5498 post
1088 5444 1188 5481 ms.
1235 5428 1431 5497 Regius
1465 5443 1616 5486 num.
1724 5425 1844 5498 gius
1891 5425 2040 5498 num.
2089 5427 2249 5498 1641,
2295 5429 2579 5498 secundum
2626 5426 2882 5498 rationem
2927 5434 2974 5476 et
3015 5426 3288 5478 scientiam

70 5494 396 5566 lﬁ39habet,
426 5497 647 5566 quando
677 5494 970 5549 crediderat
998 5497 1126 5561 Deo,
1163 5505 1271 5551 etc.
1316 5494 1337 5497 ⁷
1727 5494 1860 5552 iram
1894 5497 2012 5562 Dei,
2042 5508 2149 5553 etc.
2178 5496 2366 5550 Czeteri
2404 5506 2625 5566 tussiet
2654 5495 2929 5566 Rabanus,
2959 5500 3213 5548 rationem
3240 5508 3291 5548 et

122 5565 221 5637 (76)
258 5567 629 5637 Intelligiturg.
655 5566 813 5622 Deest
850 5569 901 5618 in
960 5568 1121 5637 editis
1166 5577 1220 5622 et
1270 5568 1321 5620 in
1371 5567 1619 5635 pluribus
1726 5571 2002 5622 scientiam
2044 5570 2179 5620 iram
2227 5566 2348 5630 Dei,
2384 5576 2487 5620 etc.
2522 5565 2692 5631 Editi,
2737 5565 2944 5619 ratione
2985 5574 3033 5617 et
3068 5566 3294 5627 scientia

70 5635 208 5698 mss;
240 5642 335 5693 sed
393 5635 715 5691 restituitur
762 5653 826 5689 ex
886 5650 986 5691 ms.
1043 5636 1213 5704 Regio
1256 5653 1405 5691 num.
1459 5639 1564 5692 165

639 5650 715 5686 Ltll’
762 5653 826 5689 ex
886 5650 986 5691 ms.
1043 5636 1213 5704 Regio
1256 5653 1405 5691 num.
1459 5638 1616 5693 1659.
1722 5640 1861 5691 iram
1893 5638 2006 5701 Dei,
2033 5645 2133 5691 etc.

70 5706 191 5780 tlter
224 5708 439 5778 Regius
472 5722 623 5759 nunt.
659 5705 817 5769 1641,
852 5706 1014 5759 habet
1040 5703 1238 5760 dicitur
1273 5722 1374 5775 pro
1418 5709 1617 5762 intelli-
1799 5708 1909 5780 (81)
1944 5706 2345 5780 11ςξηίιιιίι1ιιηι,
2380 5705 2519 5780 quod
2548 5704 2634 5780 ira
2666 5703 3152 5780 Dei_com_moverit,
3182 5714 3292 5780 etc.

70 5778 198 5847 gitur.
311 5774 333 5778 ⁷
694 5846 697 5847 ν
1276 5774 1287 5775 ί

1799 5774 1912 5847 (82)
1954 5774 2136 5842 Editi,
2177 5774 2401 5833 ultores
2434 5775 2664 5831 uindices
2719 5774 2918 5829 stimuli
2973 5779 3065 5839 ira:
3113 5775 3293 5846 appete

124 5843 220 5918 (77)
254 5846 350 5902 Sit;
389 5862 535 5901 mss.
573 5864 588 5913 ;
618 5846 749 5903 editi
777 5862 923 5916 vero,
949 5864 1105 5916 super
1150 5861 1353 5918 omnem
1382 5847 1622 5918 impieta-
1725 5843 1929 5911 lantur.
2546 5876 2551 5883 ι
3295 5860 3303 5917 ἦ

73 5921 150 5973 itm
173 5916 216 5975 et
241 5918 578 5997 iniustitiam
610 5921 873 5968 hominum
892 5931 1087 5982 eorum,
1114 5916 1205 5992 qui
1236 5916 1499 5978 teritatem
1528 5921 1619 5974 Dei
3300 5916 3305 5935 ‘
