3784 6558
386 438 493 494 8’13

1861 416 2187 496 pRlGENlS

3544 404 3645 457 86$

387 564 501 619 tur,
541 554 682 607 sicut
714 559 771 605 et
815 548 917 605 Job
958 544 1092 602 dicit
1124 565 1139 601 :
1169 543 1267 599 Ira
1315 554 1493 599 autem
1526 543 1754 598 ‘Domini
1799 553 1873 596 est
1916 543 1971 593 in
2000 546 2047 599 Α
2076 536 2301 589 randum
2326 532 2540 587 videtur
2569 547 2631 587 ex
2672 532 2758 587 his
2791 546 2914 603 quae
2949 546 2978 585 a
3027 529 3313 607 salvatore
3343 525 3600 581 dicuntur
3631 542 3645 576 :

388 659 606 712 corpore
631 658 746 694 meo
770 640 839 694 ⁸³.
869 639 978 692 Cur
1001 644 1179 692 autem
1213 636 1282 690 de
1308 635 1445 690 caelo
1478 651 1620 689 nunc
1654 634 1731 687 ira
1761 632 1969 685 dicitur

390 730 948 788 revelari?Fortassis
1005 730 1072 783 ad
1121 727 1525 783 distinctionem
1576 725 1799 778 alterius
1850 723 1965 787 iraa,

392 842 511 891 qua:
540 842 642 876 non
680 834 759 877 est
792 825 857 874 tle
891 822 1051 885 caelo,
1082 831 1139 874 ut
1166 830 1248 876 est
1279 821 1408 874 illud
1584 836 1597 871 :
1636 815 1818 869 Furor
1842 816 1970 867 dra-

393 930 583 967 comtm
632 916 803 965 rinam
851 930 1054 975 eorum,
1090 926 1133 964 et
1180 913 1330 981 {uror
1360 910 1674 977 serpentium
1706 908 1974 961 insanabi-

397 1008 462 1059 lis
486 1005 551 1060 “.
582 1004 685 1058 Ant
713 1006 851 1058 forte
876 1007 1016 1073 quod
1045 1004 1144 1072 ipsi
1173 1004 1457 1057 adversum
1484 1017 1621 1070 quos
1646 1016 1826 1054 sermo
1843 981 1997 1053 diri?

394 1107 563 1166 grtur,
609 1114 715 1151 nou
764 1099 814 1150 in
862 1096 1189 1166 ignorantia,
1232 1095 1325 1148 sed
1372 1095 1423 1147 in
1458 1093 1686 1147 scientia
1729 1092 1973 1146 veritatis

400 1204 626 1257 peccare
660 1190 935 1250 dicuntur,
962 1189 1083 1242 ideo
1104 1189 1155 1240 in
1189 1202 1283 1241 eos
1319 1187 1385 1240 de
1418 1187 1558 1243 caelo
1591 1199 1752 1255 paena
1782 1183 1976 1254 dirigi.

401 1292 527 1335 tur:
555 1282 677 1334 inde
711 1281 855 1333 enim
891 1294 1184 1349 poenarum
1223 1277 1475 1330 minister
1505 1275 1616 1347 (84)
1649 1276 1844 1346 accipit
1882 1291 1978 1346 po—

401 1383 675 1429 testatem.
706 1372 800 1426 Vel
833 1386 984 1427 certe
1024 1371 1154 1441 quia
1194 1368 1461 1437 spiritalia
1488 1370 1744 1436 nequitia:
1775 1368 1975 1422 adver-

399 1457 517 1518 slim
549 1479 669 1532 qna:
711 1466 868 1537 nobis
894 1473 1171 1518 certamen
1198 1468 1284 1515 est
1316 1459 1384 1525 ",
1419 1461 1473 1515 in
1506 1460 1821 1515 coelestibus
1857 1475 1979 1514 esse

398 1558 670 1621 dicuntur,
697 1565 1095 1626 consequenter
1116 1554 1169 1608 in
1193 1569 1287 1607 eos
1306 1548 1396 1623 qui
1422 1553 1490 1609 ab
1514 1554 1598 1607 bis
1624 1564 1977 1622 superantur,

400 1649 481 1703 ira
517 1648 613 1703 Dei
637 1649 702 1703 de
742 1648 883 1703 caelo
908 1649 1110 1703 dicitur
1147 1647 1380 1715 jaculari
1420 1666 1433 1701 :
1468 1646 1615 1701 velut
1653 1647 1698 1701 si
1736 1646 1981 1699 dicamus

400 1741 523 1808 quia
562 1742 730 1809 ignita
773 1741 826 1794 in
859 1755 952 1795 eos
989 1736 1093 1795 tela
1126 1742 1250 1796 inde
1281 1740 1599 1805 vibrantur,
1632 1746 1689 1792 et
1726 1737 1977 1801 vulnera,

400 1832 676 1901 quibusin
713 1840 933 1903 peccata
963 1845 1191 1889 currunt
1216 1833 1352 1905 (85),
1392 1834 1519 1888 inde
1541 1832 1843 1903 suscipiunt
1881 1849 1896 1886 :
1926 1831 1977 1883 bi

399 1939 533 1979 vero
582 1926 673 1993 qui
729 1926 894 1980 totius
931 1926 1179 1980 veritatis
1217 1935 1469 1995 expertes
1515 1934 1661 1991 sunt,
1711 1925 1859 1979 velut
1892 1923 1980 1992 qui

401 2014 538 2067 nihil
565 2016 801 2069 habeant
832 2031 1124 2072 commune
1162 2034 1285 2072 cum
1311 2017 1455 2071 ctelo
1489 2026 1544 2070 et
1571 2016 1711 2083 luce,
1738 2017 1874 2070 iram
1903 2015 1988 2070 vel

401 2108 660 2161 vitiorum
699 2123 942 2174 suorum,
1010 2111 1470 2190 passionumque,
1527 2108 1611 2163 vel
1658 2111 1985 2172 dmmonum,
2024 2106 2041 2113 ’

402 2198 603 2266 quibus
634 2213 694 2253 se
715 2209 908 2268 sponte
942 2201 1320 2265 subdiderunt,
1345 2198 1650 2270 perferunt.
1685 2199 1752 2254 In
1783 2216 1987 2253 onmem

402 2284 723 2350 impietatem
756 2297 802 2338 et
831 2287 1171 2357 iniquitatem
1201 2289 1494 2353 hominum,
1525 2290 1615 2360 qui
1643 2290 1909 2344 veritatem
1934 2291 1989 2345 in

403 2376 683 2446 iniquitate
722 2379 952 2432 detinent
988 2381 1056 2432 ⁸⁸.
1112 2380 1402 2450 impietas,
1457 2382 1510 2436 in
1562 2383 1730 2436 Dettm
1766 2397 1990 2452 peccare

408 2476 536 2533 est;
570 2468 853 2537 iniquitas,
886 2471 939 2523 in
974 2471 1242 2526 homines.
1283 2472 1339 2527 In
1376 2471 1547 2527 Deum
1572 2488 1701 2544 ergo
1728 2485 1783 2527 et
1813 2474 1864 2526 in
1893 2473 1990 2528 110-

409 2562 583 2616 mines
616 2570 844 2632 peccant
866 2564 956 2632 qui
993 2565 1281 2619 veritatem
1315 2565 1369 2619 in
1403 2564 1691 2635 iniquitate
1725 2567 1986 2622 detinent.

405 2652 579 2720 Quam
620 2656 907 2710 veritatem
954 2658 1245 2727 agnOvisse
1283 2657 1536 2712 credendi
1586 2667 1713 2712 sunt
1742 2657 1991 2713 homines

408 2746 748 2802 naturalibus
790 2759 845 2803 et
879 2763 911 2803 a
941 2749 1053 2802 Deo
1085 2749 1279 2804 animae
1304 2749 1483 2804 insitis
1502 2750 1839 2816 rationibus;
1871 2751 1994 2821 qui-

407 2838 512 2891 bus
550 2846 757 2892 tantum
796 2840 1099 2908 prudentia:
1132 2839 1246 2910 (86)
1275 2855 1595 2895 concessum
1629 2852 1731 2908 est,
1760 2851 1818 2896 ut
1846 2844 1991 2912 quod

412 2938 600 2984 uotum
631 2939 716 2985 est
752 2931 870 2998 Dei,
914 2932 967 2986 id
994 2941 1098 2999 est,
1134 2933 1276 3002 quod
1300 2933 1524 3003 agnosci
1566 2935 1632 2987 de
1670 2935 1781 2987 Deo
1816 2944 1993 3004 potest

406 3034 504 3087 per
525 3021 894 3104 co.ujecturam
918 3030 1196 3083 creaturae.
1219 3038 1283 3077 ex
1304 3023 1387 3077 his
1407 3039 1527 3092 qua:
1556 3024 1725 3079 videri
1760 3033 1994 3095 possunt

410 3113 703 3169 invisibilia
750 3115 869 3183 ejus
905 3126 1285 3185 agnoscerent.
1335 3116 1449 3171 Hoc
1494 3134 1561 3173 ex
1601 3128 1760 3187 pacto
1782 3119 1990 3188 justum

2071 628 2195 697 quia
2237 622 2436 678 Filium
2474 640 2625 677 nemo
2653 624 2811 687 novit,
2847 622 2950 676 nisi
2992 621 3153 674 Pater
3190 642 3206 672 :
3238 633 3404 688 neque
3438 616 3647 670 Patrem

2070 719 2186 790 quis
2225 717 2385 782 novit,
2414 714 2519 769 nisi
2552 714 2745 780 Filius,
2781 724 2829 768 et
2862 714 2949 767 cui
2988 712 3212 766 uoluerit
3246 707 3423 761 Filius
3456 708 3653 761 revela-

2073 829 2128 865 re
2183 810 2248 861 ".
2297 808 2413 863 Non
2458 809 2600 863 enim
2642 807 2941 860 addidisset
2992 806 3128 875 (88),
3182 803 3250 858 Et
3298 803 3386 855 cui
3432 800 3643 854 voluerit

2078 902 2254 957 Filius
2283 901 2533 966 reuelare,
2573 900 2678 953 nisi
2700 899 2869 954 sciret
2892 897 3105 965 aliquos
3127 911 3251 949 esse
3277 893 3478 963 quibus
3507 905 3647 946 reveo

2074 994 2189 1048 lare
2213 992 2361 1047 velit.

2148 1083 2236 1138 17.
2279 1080 2582 1136 Inuisibilia
2611 1081 2748 1135 enim
2777 1079 2893 1149 ejus
2922 1085 3216 1130 acreatura
3243 1072 3458 1137 mundi,
3488 1087 3578 1138 per
3596 1086 3650 1123 ea

2075 1193 2193 1248 qute
2233 1175 2376 1245 facta
2418 1183 2565 1241 sunt,
2603 1173 2868 1229 intellecta
2910 1169 3330 1238 conspiciuntur,
3367 1173 3416 1217 et
3465 1163 3651 1230 sempi-

2078 1281 2227 1323 terno
2252 1272 2367 1338 ejus
2402 1269 2569 1321 virtus
2591 1284 2654 1320 ac
2681 1265 2965 1327 divinitas,
2992 1270 3051 1314 ut
3094 1261 3199 1313 sint
3226 1256 3611 1311 inexcusabiles
3635 1269 3651 1306 :

2079 1361 2201 1431 quia
2226 1376 2344 1413 cum
2365 1357 2723 1428 cognovissent
2753 1354 2947 1417 Deum,
2979 1367 3082 1405 non
3106 1352 3240 1404 sicut
3262 1348 3436 1402 Deum
3463 1345 3655 1413 magni-

2077 1453 2392 1521 ﬁcaverunt.
2434 1457 2527 1503 aut
2563 1450 2764 1517 gratias
2802 1455 3060 1514 egerunt;
3093 1442 3187 1495 sed
3237 1447 3564 1494 evanuerunt
3604 1437 3654 1488 in

2079 1542 2483 1613 cogitationibus
2526 1541 2668 1603 suis,
2709 1548 2757 1592 et
2790 1535 3225 1590 contenebratum
3269 1542 3347 1585 est
3407 1530 3650 1597 insipiens

2081 1651 2172 1687 cor
2191 1650 2394 1687 eorum.
2423 1632 2666 1686 Dicentes
2690 1630 2828 1683 enim
2859 1643 2915 1681 se
2931 1642 3042 1681 esse
3058 1625 3344 1692 sapientes,
3368 1620 3520 1674 stulti
3538 1619 3655 1688 facti

2080 1736 2227 1790 sunt,
2266 1737 2314 1780 et
2344 1712 2751 1778 immutaverunt
2778 1720 3003 1791 gloriam
3035 1712 3454 1783 incorruptibilis
3494 1711 3588 1765 Dei
3608 1712 3659 1763 in

2085 1817 2485 1871 similitudinem
2516 1816 2760 1884 imaginis
2789 1810 3149 1881 corruptibilis
3177 1807 3432 1864 hominis.
3460 1813 3509 1858 et
3525 1804 3661 1856 rotu-

2011 1875 2059 1935 Β
2088 1926 2259 1969 crum,
2302 1918 2351 1963 et
2382 1875 2809 1979 quadrupedum,
2848 1916 2898 1959 et
2936 1875 3258 1972 serpentium
3291 1899 3360 1951 ⁸⁸.
3390 1896 3535 1951 Pette
3558 1894 3659 1961 jam

2090 2005 2155 2056 de
2187 2001 2272 2056 his
2306 1999 2539 2068 singulis
2578 2001 2633 2052 in
2671 1996 3046 2066 superioribus
3085 1994 3381 2047 dissertum
3414 1997 3498 2042 est
3536 1984 3661 2055 (89).

2089 2095 2335 2148 Diximus
2366 2092 2508 2146 enim
2534 2091 2647 2145 haec
2672 2088 2922 2159 quamvis
2952 2085 3018 2141 ad
3049 2099 3239 2140 omnes
3270 2081 3521 2137 homines
3550 2077 3663 2146 qui-

2090 2187 2189 2240 bus
2211 2185 2355 2238 inest
2384 2183 2525 2236 ratio
2549 2179 2836 2243 naturalis,
2861 2179 3101 2233 maxime
3125 2185 3309 2228 tamen
3332 2179 3582 2241 spectare
3601 2168 3663 2221 ad

2090 2280 2365 2350 Sapientes
2390 2277 2549 2345 hujus
2580 2272 2792 2338 mundi,
2829 2281 2887 2326 et
2913 2286 3007 2325 eos
3025 2269 3117 2339 qui
3151 2263 3469 2337 phil050phi
3499 2261 3640 2316 nomi

2090 2380 2313 2437 nantur,
2336 2370 2537 2440 quibus
2559 2366 2827 2437 praecipue
2862 2374 3147 2418 creaturas
3172 2358 3388 2424 mundi,
3418 2366 3474 2410 et
3493 2352 3666 2409 omnia

2091 2479 2210 2535 qua:
2241 2465 2294 2518 in
2342 2477 2407 2518 eo
2446 2462 2586 2516 facta
2630 2468 2776 2523 sunt,
2812 2456 3089 2509 discutere
3134 2450 3428 2519 disciplina
3469 2456 3586 2510 est,
3619 2456 3667 2499 et

2094 2572 2191 2627 per
2218 2557 2332 2610 haec
2358 2569 2477 2622 quae.
2511 2553 2788 2614 videntur,
2816 2564 2878 2601 ea
2902 2562 3026 2617 qua:
3050 2560 3158 2598 non
3184 2542 3442 2597 videntur
3470 2539 3668 2593 ratione

2093 2648 2368 2717 colligere.
2409 2643 2702 2699 Sciendum
2738 2654 2918 2695 tamen
2957 2646 3040 2692 est
3078 2635 3223 2706 quod
3257 2634 3349 2688 hic
3387 2629 3670 2699 invisibilia

2094 2756 2213 2810 qua:
2232 2739 2495 2804 nominat,
2513 2738 2580 2791 de
2603 2733 2871 2790 creaturis
2886 2731 3054 2791 dicit;
3084 2731 3153 2783 de
3181 2727 3385 2797 quibus
3409 2737 3465 2781 et
3497 2726 3548 2778 in
3579 2726 3668 2776 al.o

2095 2832 2215 2887 loco
2255 2831 2395 2886 idem
2425 2827 2716 2898 Apostolus
2743 2823 2968 2879 scribit:
2998 2821 3126 2891 quia
3161 2820 3344 2873 omnia
3374 2833 3467 2885 per
3488 2819 3667 2883 ipsum.

2096 2928 2149 2981 id
2196 2936 2281 2981 est
2310 2939 2406 2994 per
2435 2922 2620 2977 Jesum
2651 2918 2958 2980 Christum,
2990 2915 3136 2985 facta
3166 2918 3317 2975 sunt,
3348 2911 3453 2964 sive
3482 2923 3595 2978 qua!
3622 2908 3671 2957 in

2095 3020 2220 3073 caelo
2246 3028 2391 3081 sunt,
2415 3016 2522 3069 siue
2548 3029 2665 3085 qua:
2688 3013 2744 3065 in
2768 3020 2934 3073 terra,
2969 3006 3197 3062 uisibilia
3228 3014 3274 3057 et
3302 3000 3581 3055 invisibili
3605 2998 3669 3051 ".

2099 3112 2165 3166 Et
2193 3112 2314 3167 ideo
2341 3119 2537 3179 praeter
2578 3122 2641 3161 ea
2686 3119 2804 3173 qua:
2837 3099 3137 3157 invisibilia
3173 3098 3345 3161 dixit,
3383 3092 3568 3148 addit:
3606 3085 3671 3140 Et

410 3205 517 3257 erit
557 3204 825 3272 judicium
871 3206 965 3260 Dei
1001 3208 1168 3261 etiam
1209 3222 1336 3276 erga
1373 3222 1470 3263 eos
1499 3185 1761 3277 qui—ante
1784 3185 1991 3265 adven-
2017 3218 2059 3274 ο
2095 3202 2408 3271 sempiterna
2455 3198 2572 3268 ejus
2613 3198 2798 3261 virtus,
2866 3209 2931 3245 ac
3006 3191 3283 3244 dirinitas.
3325 3185 3514 3241 Virtus
3552 3196 3672 3250 ergo

411 3306 524 3348 tum
551 3296 779 3365 Christi,
803 3313 924 3352 cum
958 3301 1231 3370 potuerint
1258 3302 1421 3354 Deum
1449 3316 1770 3369 agnoscere,
1799 3302 1866 3356 ab
1879 3303 1996 3373 ejus

416 3386 568 3443 cultu
602 3390 962 3457 declinantes,
991 3393 1057 3445 ad
1089 3393 1352 3462 imagines
1386 3392 1664 3447 hominum
1692 3395 1997 3452 adorandus

413 3489 469 3532 et
508 3481 825 3535 animalium
877 3483 1240 3538 diverterunt.
1295 3483 1364 3538 Ut
1421 3485 1567 3540 enim
1622 3487 1895 3551 breviter,
1942 3499 1999 3545 et
2044 3529 2047 3531 -

414 3570 568 3624 omni
597 3570 650 3623 in
678 3586 843 3626 unum
866 3572 1093 3627 collecta
1126 3574 1443 3628 definitione
1472 3574 1735 3639 dicamus,
1766 3578 1997 3632 adorare

416 3662 583 3716 alium
618 3667 930 3735 quempiam
963 3677 1163 3735 praeter
1192 3668 1303 3739 (87)
1335 3666 1577 3733 Patrem,
1608 3677 1664 3722 et
1696 3669 1912 3737 Filium,
1946 3680 2003 3727 et

417 3754 681 3821 Spiritum
709 3766 981 3824 sanctum,
1006 3760 1302 3830 impietatis
1325 3769 1409 3815 est
1434 3760 1663 3831 crimen.
1686 3760 1828 3827 Quia
1852 3765 1994 3834 quod

418 3858 602 3901 notum
632 3859 709 3902 est
755 3849 871 3915 Dei,
908 3851 1245 3920 manifestum
1284 3862 1361 3905 est
1390 3854 1443 3906 in
1486 3851 1593 3906 illis
1622 3865 1642 3903 :
1677 3853 1815 3907 Deus
1858 3854 2000 3907 enint

417 3938 526 3992 i!!is
563 3940 914 4009 manifestavit
941 3941 1007 3996 ⁸⁸³.
1037 3941 1158 3997 Jam
1190 3953 1244 3996 et
1280 3943 1536 4012 superius
1579 3943 1838 4006 diximus.
1871 3946 2001 4014 quia

420 4040 605 4086 notum
628 4043 712 4087 est
749 4034 843 4088 Dei
867 4035 970 4089 hoc
992 4037 1134 4105 quod
1161 4051 1227 4090 ex
1255 4034 1415 4102 hujus
1434 4036 1619 4089 mundi
1652 4051 1997 4105 consequen-

423 4124 493 4176 tia
528 4123 613 4178 vel
640 4125 946 4181 rationibus
962 4127 1182 4196 assequi
1210 4133 1463 4195 possunt,
1483 4128 1627 4182 sicut
1646 4138 1700 4182 et
1720 4129 1835 4198 ipse
1857 4129 2004 4199 Apo-

420 4213 594 4269 stolus
623 4229 688 4269 ex
722 4217 1183 4286 consequentibus
1212 4216 1419 4273 indicat
1442 4217 1510 4284 ⁸⁸,
1543 4220 1729 4275 (licens
1751 4221 2004 4276 invisibi-

420 4305 491 4359 lia
516 4305 636 4376 ejus
660 4322 758 4378 per
787 4322 850 4362 ea
876 4323 998 4378 quae
1031 4308 1170 4363 facta
1200 4319 1329 4363 sunt
1354 4310 1729 4380 contemplari.
1754 4311 2006 4383 Ignotum

423 4412 603 4455 autem
644 4401 737 4456 Dei
786 4402 1199 4474 intelligendum
1241 4414 1325 4459 est
1360 4406 1502 4461 ratio
1540 4407 1867 4463 substantia:
1889 4409 2008 4478 ejus

422 4492 511 4546 vel
534 4505 740 4549 natura:
760 4512 776 4563 ;
794 4494 947 4563 cujus
968 4511 1089 4566 qua:
1109 4497 1179 4552 sit
1209 4494 1532 4568 prOpiietas,
1563 4509 1695 4567 puto
1719 4501 1863 4570 quod
1897 4518 2007 4558 non

2101 3294 2199 3347 Dei
2225 3307 2345 3361 quae
2378 3288 2711 3357 sempiterna
2741 3294 2845 3346 est,
2868 3292 2924 3338 et
2948 3280 3212 3336 divinitas
3243 3292 3368 3346 quas
3404 3274 3672 3333 nibilomi~

2101 3382 2554 3450 nus‘sempiterua
2584 3387 2686 3439 est,
2715 3391 2782 3431 ex
2825 3372 3153 3443 conjecturis
3179 3367 3498 3439 agnoscitur
3528 3378 3671 3418 crea-

2101 3474 2447 3532 turae.Virtns
2472 3482 2552 3526 est
2571 3485 2676 3539 qua
2693 3470 2827 3539 regit
2847 3465 3066 3530 omnia;
3093 3464 3355 3519 divinitas
3379 3475 3484 3530 qua
3515 3456 3674 3528 replet

2100 3571 2379 3626 universa.
2434 3564 2512 3618 Ex
2564 3563 2669 3617 hoc
2711 3574 2840 3629 ergo
2883 3554 3291 3611 inexcusabiles
3336 3553 3522 3607 ﬁunt:
3556 3547 3672 3617 quia

2101 3678 2224 3719 cum
2247 3657 2633 3715 maniiestante
2664 3651 2774 3705 Deo
2808 3648 3162 3719 cognoverint
3202 3645 3318 3717 (90)
3353 3645 3549 3707 Deum,
3579 3656 3673 3694 non

2102 3756 2405 3824 utdignum
2445 3758 2529 3804 est
2558 3746 2866 3810 coluerunt,
2908 3752 3003 3796 aut
3046 3741 3255 3810 gratias
3292 3743 3554 3807 egerunt;
3587 3732 3673 3785 sed

2102 3846 2277 3920 473,
2313 3858 2411 3914 per
2463 3838 2853 3909 cogitationum
2906 3846 3134 3888 suarum
3176 3829 3513 3894 vanitatem,
3546 3826 3666 3878 dum

2104 3915 2309 3992 fortnas
2340 3944 2395 3989 et
2419 3932 2686 3999 imagines
2719 3924 3004 3994 requirunt
3032 3923 3086 3977 in
3118 3922 3252 3989 Deo,
3294 3922 3349 3974 in
3377 3915 3675 3986 semetipsis

2106 4032 2201 4086 Dei
2234 4029 2527 4097 imaginem
2552 4022 2940 4094 perdiderunt,
2961 4026 3016 4074 et
3048 4017 3144 4087 qui
3169 4015 3388 4083 jactare
3411 4029 3470 4068 se
3495 4015 3546 4068 in
3567 4011 3676 4065 luce

2107 4120 2391 4193 sapientiae
2431 4117 2779 4183 videbantur,
2815 4114 2870 4169 in
2911 4109 3217 4185 profundas
3246 4108 3495 4163 stultitiae
3538 4115 3675 4160 tene-

2107 4215 2238 4270 bras
2291 4208 2535 4267 devoluti
2579 4216 2725 4264 sunt.
2764 4205 2907 4273 Quid
2953 4204 3099 4259 enim
3135 4211 3245 4255 tam
3296 4211 3519 4263 tetrum,
3575 4207 3676 4251 tam

2109 4306 2428 4367 obscurum,
2461 4304 2683 4370 tamque
2732 4299 3107 4359 tenebrosum,
3132 4308 3297 4364 quam
3335 4292 3560 4361 gloriam
3590 4287 3677 4342 Dei

2109 4397 2178 4450 ad
2228 4391 2574 4465 corporalem
2617 4399 2674 4444 et
2721 4385 3137 4457 corruptibilem
3192 4384 3447 4439 humanae
3501 4380 3676 4435 formae

2110 4487 2342 4558 elligiem
2367 4494 2600 4547 vertere,
2641 4489 2700 4534 ut
2728 4478 2895 4534 moris
2915 4488 2997 4532 est
3026 4476 3112 4530 bis
3131 4476 3225 4545 qui
3267 4477 3555 4529 simulacra
3598 4489 3677 4525 ve-

424 4583 602 4639 solum
644 4601 742 4642 nos
790 4587 1062 4655 homines,
1105 4592 1199 4646 sed
1229 4599 1283 4645 et
1323 4606 1539 4646 omnem
1587 4568 1755 4647 lateat
1788 4604 2008 4649 creatu-
2039 4583 2085 4640 D
2113 4590 2395 4647 nerantur,
2427 4587 2481 4634 et
2509 4576 2705 4633 divina:
2731 4573 3037 4643 majestatis
3061 4572 3419 4627 eminentiam
3453 4568 3676 4623 volucri-

427 4692 542 4731 ram
580 4687 718 4733 :aut
755 4678 799 4733 si
835 4679 1129 4751 aliquando
1160 4690 1345 4757 tantus
1376 4684 1484 4738 erit
1510 4692 1723 4740 naturae
1760 4688 2005 4742 rationa-

430 4767 522 4821 bili
553 4770 847 4836 prol'eetus,
885 4779 944 4824 ut
973 4771 1027 4825 in
1059 4772 1205 4827 hanc
1238 4787 1460 4842 quoque
1499 4775 1674 4843 possit
1715 4779 2008 4845 pervenire

368 4888 373 4893 -
431 4857 701 4925 n0titiam,
726 4859 820 4914 Dei
841 4868 928 4915 est
950 4876 1132 4917 nosse.
1160 4860 1294 4917 Tale
1318 4861 1465 4928 enim
1493 4863 1696 4934 aliquid
1727 4866 1860 4921 mihi
1878 4882 2005 4937 spe-

534 4997 581 5030 ”
599 4996 702 5054 Job
757 5017 832 5066 vt,
867 5003 924 5057 4.
1028 5003 1078 5035 ⁸⁸
1109 5004 1264 5058 Deut.
1306 5019 1481 5066 χχιιι,
1515 5003 1604 5059 55.

428 5066 476 5105 δ’
504 5066 695 5123 Matth.
725 5088 804 5139 XI,
825 5073 916 5127 27.
991 5074 1038 5106 ⁸ο
1064 5072 1224 5129 Rom.
1249 5089 1291 5138 t,
1326 5074 1418 5130 20.
1495 5074 1539 5107 ⁸¹
1571 5074 1752 5132 Colos.
1782 5066 1929 5144 t,'16.

432 5206 733 5334 ,αὲῗῗξιέξθ
755 5229 886 5268 mss.
920 5215 1062 5271 Editi
1095 5230 1249 5282 vero,
1277 5223 1328 5270 et
1362 5230 1616 5271 venenum
1654 5218 1897 5286 aspidum
1922 5220 2008 5274 in-

434 5349 620 5474 ,ἔξω
645 5350 1099 5425 Editi,magister.
1134 5354 1303 5412 Paulo
1338 5365 1500 5427 post,
1531 5356 1794 5428 spiritales
1824 5360 2007 5431 nequi-

509 5489 623 5631 (8ἥ)
661 5490 825 5575 Ιᾷειίιί,
855 5504 903 5547 et
928 5486 1147 5549 uulnera
1173 5495 1264 5564 qui
1298 5497 1357 5550 in
1385 5507 1596 5564 peccato
1623 5508 1863 5564 currunt,
1902 5508 2013 5553 etc.

512 5560 602 5628 (εδ
667 5563 758 5616 btc
795 5578 984 5619 omnes
1008 5582 1142 5621 mss.
1184 5566 1327 5622 Editi
1362 5581 1510 5631 vero,
1536 5570 1728 5631 quibus
1754 5579 1931 5623 tamen
1957 5569 2013 5622 id

512 5560 623 5631 (86)
667 5563 758 5641 $ic
795 5578 984 5619 omnes
1008 5582 1142 5621 mss.
1184 5560 1327 5622 Editi
1362 5560 1510 5631 vero,
1536 5570 1728 5637 quibus
1754 5560 1931 5623 tamen
1957 5569 2013 5622 id

440 5633 756 5693 prudentia.

513 5700 626 5767 (87)
669 5703 740 5754 Ita
771 5704 919 5760 editi.
956 5705 1053 5776 Ms.
1087 5722 1219 5761 vero
1248 5706 1450 5776 Regius
1477 5723 1625 5761 num.
1656 5705 1817 5770 {639,
1853 5709 2016 5762 alium

441 5782 826 5852 Qtttflt‘l‘Pfﬁier,
865 5786 970 5852 e_t_c.
1007 5775 1203 5852 Caneri
1238 5775 1628 5852 niss.,aliquem
1661 5789 1868 5844 praeter,
1906 5793 2011 5832 etc.

517 5838 626 5909 (88)
661 5838 839 5911 Alias,
877 5844 1009 5899 Non.
1048 5848 1183 5901 enim
1226 5838 1437 5900 adderet
1472 5838 1564 5914 (at.
1600 5838 1828 5917 addidit)
1858 5838 1873 5904 ξ
1909 5848 2017 5906 Sed

1718 5004 1763 5038 ⁴⁵
1793 5006 2071 5076 Ephesm,
2122 4994 2209 5050 ηε

2114 4676 2237 4738 bus,
2267 4681 2321 4725 et
2367 4668 2827 4740 quadrupedibus,
2873 4674 2929 4720 et
2971 4663 3323 4734 serpentibus
3363 4659 3679 4730 exaequare?

2187 4764 2276 4819 l8.
2305 4763 2417 4819 Pro
2445 4763 2644 4832 quibus
2680 4758 2861 4816 causis
2891 4757 3198 4828 justissima
3241 4755 3435 4824 utique
3472 4752 3678 4805 tradidit

2114 4875 2202 4913 eos
2237 4857 2382 4911 Deus
2419 4857 2475 4909 in
2501 4854 2778 4909 desideriis
2814 4852 2994 4906 cordis
3027 4864 3207 4903 eorum
3240 4847 3356 4918 (9|)
3382 4848 3436 4899 in
3465 4845 3678 4898 immuno

2314 4993 2361 5024 "
2384 4990 2540 5047 Rom.
2580 5005 2621 5058 t,
2666 4988 2755 5043 l8.
2860 4987 2906 5018 ⁸⁷
2934 4984 3094 5041 Rom.
3116 5000 3157 5050 t,
3184 4982 3274 5037 19.
3381 4981 3428 5013 ⁸⁸
3453 4976 3679 5036 ibid.20.

2114 5215 2219 5277 cui,
2241 5222 2347 5266 etc.

2469 5291 2600 5355 mss.
2632 5275 2773 5355 Editi
2806 5285 2935 5326 vero
2958 5289 2973 5325 :
2996 5270 3152 5355 Deae
3167 5267 3290 5339 jam
3314 5268 3372 5322 in
3410 5263 3675 5335 superiori-

2118 5348 2213 5410 bus
2239 5348 2302 5406 de
2323 5352 2406 5404 his
2437 5350 2679 5402 omnibus
2713 5348 2911 5399 dictum
2933 5351 3026 5396 est.

2188 5423 2300 5495 (90)
2338 5423 2507 5495 Alias,
2534 5423 2906 5485 cognoverunt.

2349 5492 2441 5545 Sic
2483 5474 2671 5565 {gluttias
2719 5502 2874 5547 tnss.,
2927 5495 3159 5565 QIDOTPI“
3184 5489 3411 5565 .“fnen.
3444 5475 3528 5565 p118
3533 5474 3678 5565 dine

2120 5546 2383 5621 omittunt
2434 5559 2636 5627 utique.
2685 5546 2911 5627 etiuuus
2947 5546 3149 5627 Regius
3184 5546 3678 5627 Italict,in_deside-

2123 5614 2461 5689 ἷίἱὶὶνῖἐόίάίε
2490 5614 2691 5683 eorum.
2729 5626 2867 5679 Editi
2894 5614 3056 5684 vero:
3089 5618 3320 5689 Ρνοριεν
3347 5620 3480 5685 σασα
3512 5614 3677 5689 md?"

2390 5703 2527 5754 Deus
2555 5698 2611 5750 in
2641 5694 2902 5750 desideria
2934 5694 3107 5746 Cordis
3132 5685 3339 5758 eorum,
3377 5693 3558 5745 etc..et
3582 5685 3676 5736 ad-

2122 5779 2255 5833 duut
2281 5773 2444 5827 Amen
2467 5772 2520 5826 in
2555 5769 2661 5824 line
2685 5775 2987 5822 contextus.
