3754 6536
70 411 161 464 865

1003 403 1358 463 COMMENT.
1400 401 1468 456 ΙΝ
1503 398 1722 455 EPIST.
1767 400 1859 455 AD
1891 401 2058 458 R05].
2099 403 2228 458 LIB.
2267 405 2310 460 1.

3203 414 3308 469 866

70 527 257 586 mtiam,
287 532 344 575 ut
367 521 692 575 contumeliis
716 519 944 589 afﬁciant
977 539 1198 589 corpora
1229 539 1325 574 sua
1362 527 1415 574 in
1443 529 1628 574 semetv
1659 513 1705 568 A
1729 515 1927 570 ctionis
1954 517 2285 584 apostolicm,
2326 531 2422 586 per
2459 533 2625 588 quam
2657 519 2834 578 dubiae
2861 536 3070 580 mettles
3105 527 3306 585 offendi

71 619 180 684 ipsis
204 631 222 668 :
254 617 348 682 qui
376 623 828 668 commutaverunt
865 616 1136 668 veritatem
1172 613 1270 666 Dei
1309 614 1362 665 in
1400 611 1621 664 menda-

71 710 212 768 cium,
255 715 302 758 et
355 705 650 769 coluerunt,
703 716 751 759 et
799 707 1090 759 servierunt
1143 715 1402 758 creatura:
1451 703 1622 770 potius

71 817 209 866 quam
227 797 487 866 Creatori,
507 803 596 865 qui
623 809 695 851 est
725 800 1019 851 benedictus
1042 799 1096 850 in
1121 797 1316 850 secula
1334 797 1476 853 ⁸³⁸⁸³.
1493 797 1623 864 Qua:

72 891 284 959 singula,
319 889 730 958 quamvisjuxta
760 889 1018 942 Ecclesia!
1042 887 1197 940 fidem
1223 897 1623 957 consequenter

72 980 330 1048 explanari
376 980 696 1043 videantur,
751 980 894 1046 quod
943 979 1375 1047 praecedentibus
1437 979 1620 1032 causis

72 1077 324 1141 culparum
375 1072 497 1141 jure
525 1080 580 1126 et
614 1071 808 1126 merito
842 1072 1167 1125 deserantur
1223 1086 1254 1125 a
1288 1071 1397 1125 Deo
1432 1072 1484 1125 hi
1525 1073 1615 1140 qui

73 1165 350 1225 veritatem,
379 1177 540 1230 quam
573 1160 681 1214 Deo
707 1159 983 1214 revelante
1024 1172 1386 1228 cognoscunt,
1428 1161 1481 1215 in
1517 1161 1618 1216 ini-

72 1254 257 1318 quilale
286 1250 588 1314 detentant,
615 1259 668 1303 et
692 1264 787 1317 per
813 1250 916 1302 hoc
951 1248 1092 1317 quod
1125 1249 1471 1315 deseruntur,
1505 1262 1616 1304 tra-

72 1346 243 1397 duntur
272 1343 557 1397 desideriis
587 1343 771 1398 cordis
801 1343 916 1405 sui;
949 1357 1180 1410 quorum
1206 1342 1475 1396 desideria
1503 1359 1618 1396 cor-

73 1440 138 1491 dis
175 1438 280 1490 hrec
315 1444 493 1499 erant,
549 1444 609 1489 ut
657 1434 1008 1488 immunditia
1040 1444 1095 1489 et
1123 1435 1471 1489 contumeliis
1507 1432 1616 1486 alii-

72 1540 228 1583 cerent
260 1543 490 1596 corpora
534 1543 629 1581 sua
667 1527 720 1581 in
757 1527 1066 1597 semetipsis
1094 1546 1109 1582 :
1137 1538 1194 1582 et
1233 1530 1377 1598 quali
1407 1530 1612 1598 judicio

72 1638 169 1688 erga
214 1619 510 1673 divinitatis
554 1619 633 1673 usi
683 1628 812 1673 sunt
859 1621 1263 1676 venerationem
1316 1621 1452 1692 (99.).
1483 1621 1609 1675 dum

75 1709 144 1762 Dei
172 1709 590 1776 incorruptibilis
614 1709 840 1776 gloriam
869 1710 932 1762 ad
963 1711 1133 1764 {tedas
1163 1721 1216 1766 et
1243 1711 1491 1781 indignas
1517 1713 1610 1766 dc-

73 1801 245 1853 ductmt
272 1801 552 1854 hominum
592 1799 675 1852 vel
701 1801 1018 1853 animalium
1046 1800 1274 1868 formas,
1317 1803 1409 1856 tali
1440 1805 1606 1857 etiam

71 1906 170 1958 erga
190 1893 504 1960 semetipsos
533 1900 754 1945 utantur
775 1893 917 1959 vice,
950 1903 1008 1946 ut
1037 1893 1389 1947 rationabiles
1430 1895 1612 1947 horni-

72 2000 144 2036 nes
172 1985 344 2036 vivant
375 1999 525 2037 more
553 1984 1006 2038 irrationabilium
1041 1985 1345 2038 helluarum
1382 2001 1396 2038 :
1433 1997 1611 2039 tamen

72 2076 379 2141 requiramus
411 2076 476 2126 ab
519 2076 602 2127 his
642 2075 736 2144 qui
783 2075 947 2127 Deum
978 2078 1181 2129 bonum
1219 2087 1419 2146 negant
1449 2081 1610 2130 etiam

71 2169 235 2233 justum
261 2181 381 2219 esse
421 2165 682 2231 indicem,
713 2168 843 2236 quid
889 2169 1252 2238 respondeant
1283 2170 1348 2221 de
1374 2170 1458 2222 Itis
1489 2185 1609 2238 qua:

73 2259 175 2309 dicit
199 2260 508 2326 Apostolus,
541 2260 680 2326 quod
707 2260 931 2312 tradidit
966 2276 1055 2313 eos
1094 2261 1230 2313 Deus
1255 2261 1308 2313 in
1335 2261 1610 2314 desideriis

71 2352 212 2402 cordis
235 2351 285 2402 in
319 2353 734 2414 intntumlitiam,
770 2362 824 2406 ut
852 2352 1186 2406 contumeliis
1211 2355 1440 2422 aﬂiciant
1493 2369 1609 2405 cor-

70 2458 169 2506 pora
194 2458 302 2494 sua.
340 2440 622 2495 Videbitur
649 2443 793 2495 enim
832 2443 882 2496 in
917 2444 1018 2496 hoc
1043 2459 1146 2496 non
1164 2444 1336 2496 solum
1367 2443 1607 2512 ipsorum

73 2533 200 2594 ratio,
235 2548 353 2600 quze
378 2533 595 2600 penitus
618 2533 941 2596 excluditur,
971 2535 1064 2588 sed
1089 2544 1142 2588 et
1167 2546 1354 2588 nostra
1382 2549 1609 2604 respon-

70 2621 130 2670 sio
150 2621 424 2674 eoarctari.
462 2620 746 2686 Quomodo
775 2622 918 2676 enim
977 2622 1186 2690 justum
1218 2624 1325 2677 erit
1365 2640 1487 2678 eum
1513 2625 1605 2694 qui

70 2709 286 2774 traditur,
314 2713 568 2780 quamvis
596 2727 692 2780 pro
738 2713 979 2782 peccatis
1013 2715 1281 2778 tradatur,
1325 2724 1505 2768 tamen
1539 2715 1606 2768 ad

69 2803 503 2870 concupiscentias
530 2805 690 2866 tradi,
719 2814 773 2857 et
806 2805 872 2858 ad
899 2805 1000 2860 hoc
1031 2807 1190 2870 tradi,
1226 2817 1283 2860 ιιι
1316 2808 1607 2861 immundi-

69 2892 136 2944 tiis
160 2905 207 2944 et
243 2893 703 2961 concupiscentiis
742 2893 941 2947 alliciat
973 2911 1169 2964 corpus
1224 2897 1425 2950 suum?
1453 2898 1606 2952 Sicut

69 2980 181 3032 cnim
209 2982 324 3035 huic
363 2983 479 3050 qui,
506 2983 659 3035 verbi
694 2998 880 3044 causa,
941 2985 1182 3039 tenebris
1243 2987 1479 3040 traditur
1539 2989 1602 3040 ad

70 3085 263 3138 pinnam,
307 3074 564 3140 imputari
598 3088 702 3127 non
738 3084 913 3141 potest
939 3076 1080 3144 quod
1114 3077 1164 3130 in
1213 3076 1445 3131 obscuro
1487 3078 1600 3144 sit;

1722 607 1992 672 videntur,
2023 609 2251 677 aperiat.
2287 608 2626 679 Frequenter
2660 613 2712 666 in
2757 613 3059 685 Scripturis
3093 619 3307 675 inveni-

1724 714 1870 765 mus,
1905 709 1960 754 et
1994 716 2021 753 a
2058 701 2214 754 nobis
2259 716 2402 769 stt-pe
2461 703 2751 758 dissertum
2800 716 2903 771 e5t,
2947 709 3091 778 quod
3143 709 3307 764 homo

1722 790 1970 859 spiritus,
2007 801 2077 846 et'
2115 807 2312 860 corpus
2341 800 2394 846 et
2432 793 2618 848 anima
2667 810 2790 850 esse
2829 798 3064 852 dicatur.
3102 798 3304 854 Verum

1721 895 1844 936 eum
1877 882 2078 936 dicitur
2106 885 2229 952 quia
2257 902 2381 938 caro
2404 890 2728 954 concupiscit
2757 890 3016 944 adversus
3040 893 3304 959 spiritum,

1720 973 1936 1040 spiritus
2001 985 2176 1027 autent
2226 977 2476 1030 adversus
2526 995 2739 1032 carnem
2769 979 2837 1044 ⁸⁸,
2891 983 3066 1035 media
3119 986 3304 1051 procul

1721 1062 1884 1116 dubio
1938 1065 2161 1132 ponitur
2203 1067 2424 1131 anima,
2477 1083 2597 1136 qua:
2624 1070 2708 1123 vel
2760 1072 3047 1127 desideriis
3077 1075 3304 1142 spiritus

1720 1155 2054 1223 acquiescat,
2094 1156 2176 1209 vel
2209 1159 2274 1210 ad
2322 1159 2504 1214 carnis
2553 1163 3022 1230 concupiscentias
3076 1167 3303 1220 incline-

1722 1254 1807 1298 tur
1838 1263 1850 1298 :
1877 1255 1929 1299 et
1961 1246 2006 1301 si
2049 1248 2265 1316 quidem
2295 1264 2354 1303 se
2387 1250 2626 1317 junxerit
2654 1256 2824 1318 carui,
2880 1271 3045 1310 unum
3077 1273 3199 1310 cum
3238 1274 3301 1312 ea

1719 1354 1916 1406 corpus
1981 1341 2032 1392 in
2087 1341 2316 1395 libidine
2352 1353 2404 1396 et
2461 1347 2922 1414 concupiscentiis
2976 1347 3094 1416 ejus
3136 1350 3303 1404 cilici-

1718 1431 1907 1483 tur":
1942 1431 1986 1485 si
2019 1446 2145 1486 vero
2174 1449 2232 1488 se
2271 1436 2562 1489 sociaverit
2607 1438 2852 1506 spiritui,
2903 1447 3040 1494 uu‘ns
3072 1459 3194 1495 cum
3234 1459 3299 1498 ea

1716 1521 1939 1588 spiritus
1993 1524 2116 1579 erit.
2169 1525 2376 1581 Idcirco
2441 1528 2675 1597 denique
2708 1531 2774 1583 de
2830 1531 2916 1584 his
2967 1549 3200 1600 quorum
3235 1551 3295 1590 se

1713 1614 1910 1668 animat
1937 1629 2003 1669 ex
2030 1616 2242 1685 integro
2268 1635 2389 1672 cum
2421 1635 2585 1674 carne
2609 1620 2924 1688 junxerunt,
2947 1625 3079 1680 dicit
3113 1625 3296 1680 Domi-

1714 1721 1816 1759 nus
1864 1707 1922 1759 in
1968 1707 2312 1776 Scripturis:
2363 1711 2485 1764 Jam
2545 1729 2644 1764 rton
2701 1717 3024 1780 permanebit
3077 1721 3296 1785 spiritus

1714 1813 1860 1849 meus
1892 1799 1946 1850 in
1972 1799 2275 1854 horninibus
2309 1803 2444 1865 istis,
2487 1803 2611 1872 quia
2664 1821 2788 1857 caro
2821 1817 2943 1859 sunt
2967 1807 3012 1838 ⁸⁷
3047 1825 3058 1860 :
3093 1811 3158 1862 de
3211 1810 3295 1866 his

1717 1898 1902 1940 autem
1939 1903 2170 1957 quorum
2205 1892 2387 1945 anima
2422 1893 2600 1947 fuerat
2629 1898 2844 1964 spiritui
2879 1899 3110 1963 sociata,
3152 1901 3295 1969 Apo-

1716 1979 1895 2033 smlus
1930 1980 2064 2034 dicit
2095 1998 2111 2036 :
2161 1981 2260 2036 Vos
2293 1997 2468 2037 autem
2502 2003 2602 2039 non
2633 1990 2755 2040 estis
2793 1990 2846 2041 in
2883 2007 3072 2050 carne,
3106 1996 3198 2044 sed
3240 1994 3293 2045 in

1713 2071 1906 2138 spiritu
1925 2071 1990 2124 ⁵⁸.
2029 2071 2168 2126 Sunt
2199 2085 2457 2142 praeterea
2493 2076 2659 2145 (sicut
2697 2080 2747 2132 in
2785 2081 2967 2134 multis
2999 2080 3294 2151 Scripturae

1712 2159 2208 2231 locisinvenimus)
2233 2165 2396 2218 etiam
2434 2168 2718 2237 utriusque
2753 2173 2949 2237 partis,
2986 2173 3065 2223 vel
3091 2173 3294 2224 utrius-

1713 2265 1820 2317 que
1853 2251 1955 2304 via:
1989 2252 2230 2308 fautores
2264 2255 2485 2322 quidam
2522 2267 2575 2310 et
2611 2257 2890 2325 adjutores
2937 2261 3115 2329 angeli
3151 2260 3289 2332 (95).

1717 2341 1856 2396 Nam
1895 2345 2044 2398 carni
2096 2348 2507 2416 concupiscenti
2561 2348 2671 2418 (96)
2727 2352 2988 2406 adversus
3041 2354 3290 2420 spiritum

1711 2431 1858 2487 favet
1887 2436 2166 2504 diabolus,
2205 2448 2268 2528 ei
2289 2440 2466 2508 angeli
2505 2440 2657 2509 ejus,
2702 2450 2758 2495 et
2795 2457 2986 2497 Omnes
3016 2446 3293 2513 spiritales

1712 2527 1966 2593 nequitiae
2007 2531 2059 2580 ιιι
2094 2527 2414 2584 cceleétibus
2439 2531 2506 2596 ",
2526 2533 2818 2599 cunctique
2841 2533 3130 2587 adversum
3155 2551 3292 2603 quos

1710 2618 2018 2673 hominibus
2054 2621 2323 2675 luctamen
2348 2633 2452 2686 est,
2492 2626 2849 2693 principatus,
2881 2636 2932 2677 et
2969 2639 3290 2694 potestates,

1709 2719 1762 2760 et
1785 2711 1964 2762 tnundi
1987 2709 2145 2776 hujus
2164 2721 2398 2766 rectores
2423 2718 2790 2770 tenebrarum.
2812 2717 3138 2771 Econtrario
3159 2735 3292 2776 vero

1709 2800 1922 2868 spiritui
1946 2801 2204 2856 adversus
2227 2819 2445 2858 carnem
2478 2807 2802 2872 decertanti,
2822 2810 3166 2877 animamque
3191 2812 3292 2866 hu-

1709 2908 1940 2954 manam,
1976 2909 2094 2951 qua!
2130 2895 2300 2948 media
2344 2905 2447 2958 est,
2481 2897 2545 2949 ad
2571 2912 2628 2950 se
2659 2912 2913 2953 revocare
2942 2902 3178 2966 conanti,
3204 2903 3289 2955 fa-

1705 2991 1834 3037 vent
1861 2990 1916 3037 et
1947 2981 2205 3051 adjuvant
2233 2984 2404 3052 angeli
2441 2983 2564 3037 boui
2593 3000 2784 3038 omnes
2814 2985 2887 3038 illi
2921 2985 3029 3055 (97)
3061 2987 3127 3040 de
3161 3003 3289 3055 qut-

1700 3075 1802 3130 bus
1836 3072 2096 3127 Dominus
2135 3073 2242 3135 ait,
2280 3074 2404 3141 quia
2440 3074 2613 3142 angeli
2652 3091 2833 3126 eorum
2875 3092 3078 3144 semper
3111 3077 3283 3130 uident

69 3170 109 3213 et
127 3164 202 3230 qui
235 3165 339 3232 igni
369 3165 625 3228 traditur,
652 3165 858 3232 culpari
888 3184 985 3235 pro
1015 3172 1115 3223 hoc
1146 3171 1262 3237 ipso
1292 3187 1396 3224 non
1425 3181 1602 3240 potest
1630 3198 1671 3254 ρ
1702 3169 1890 3238 facient
1917 3163 2100 3218 Patris
2128 3167 2227 3218 mei
2255 3168 2343 3234 qui
2367 3168 2421 3218 in
2443 3167 2585 3220 crelis
2612 3179 2687 3220 est
2712 3184 2728 3230 ;
2760 3175 2813 3220 et
2836 3167 2901 3220 de
2928 3169 3126 3236 quibus
3148 3170 3290 3237 Apoc

71 3266 143 3302 cur
165 3264 366 3316 uratur,
429 3255 501 3308 ita
536 3253 620 3307 his
672 3256 763 3324 qui
813 3258 1099 3313 desideriis
1139 3271 1194 3312 et
1245 3261 1603 3318 immunditiis

71 3345 313 3398 traduntur
340 3357 402 3398 ιιι
425 3349 770 3404 contumeliis
799 3350 1039 3405 alliciant
1081 3367 1308 3422 corpora
1345 3368 1466 3419 sua,
1497 3371 1600 3409 non

70 3433 194 3500 digne
214 3437 484 3490 videbitur
513 3438 788 3507 imputari,
815 3443 858 3495 si
892 3443 944 3495 in
967 3443 1254 3497 desideriis
1283 3455 1337 3498 et
1365 3446 1603 3498 immun-

71 3523 184 3578 ditiis
227 3526 414 3595 positi,
459 3542 690 3598 corpora
743 3546 836 3584 sua
893 3534 1240 3588 contmneliis
1298 3538 1598 3589 maculent.

73 3615 267 3672 Marcion
299 3636 456 3691 ergo,
489 3632 544 3678 et
591 3640 786 3678 omnes
819 3626 910 3694 qui
943 3627 1009 3679 de
1053 3627 1238 3681 schola
1289 3627 1408 3696 ejus
1461 3630 1604 3682 velut

72 3714 364 3781 serpentium
403 3716 645 3784 germina
677 3715 788 3788 (95)
833 3719 1186 3788 pullularunt,
1222 3721 1414 3775 horum
1441 3724 1603 3776 abso-

73 3803 264 3861 lutiones
289 3822 358 3861 ne
395 3818 640 3862 extremo
667 3811 881 3877 quidem
915 3811 1082 3880 digito
1123 3811 1392 3878 attingere
1440 3815 1604 3867 aude-

73 3901 212 3952 tmnt:
241 3901 440 3969 quippe
469 3901 557 3968 qui
591 3910 808 3970 propter
847 3900 1222 3967 hujuscemodi
1273 3905 1602 3972 qumstiones

72 3991 203 4046 Vetus
231 3994 684 4059 lustrumentum,
713 3995 884 4049 sicubi
915 3997 1052 4051 forte
1075 3998 1126 4049 in
1165 4012 1228 4051 eo
1263 3997 1370 4051 tale
1395 3998 1600 4067 aliquid

70 4082 285 4150 legerant,
352 4086 685 4153 abiecerunt.
732 4085 836 4140 Sed
898 4089 1025 4156 quid
1064 4089 1143 4142 eis
1196 4088 1420 4156 proluit,
1480 4105 1600 4142 cum

70 4176 290 4230 siimlibus
307 4179 661 4230 nihilominus
680 4177 811 4231 Novi
840 4177 1184 4232 lnstrmueuti
1208 4180 1602 4249 quau-itionibus

71 4269 391 4326 iii-zelocentur
419 4270 572 4340 (94)?
601 4269 709 4324 Nos
738 4280 917 4324 tamen
949 4271 1038 4338 qui
1079 4287 1243 4325 unum
1297 4272 1467 4326 Deum
1502 4273 1600 4326 bo-

72 4369 166 4405 nutu
202 4369 251 4409 et
276 4357 485 4424 jus'um
518 4357 677 4426 Legis
711 4369 764 4412 et
791 4358 1205 4428 Prophetarum,
1256 4372 1310 4416 et
1357 4361 1599 4432 Evangeo

70 4441 227 4500 liorum
258 4447 478 4503 Patrem
510 4450 712 4505 Christi
739 4450 994 4515 fatemur,
1027 4452 1228 4505 eisdem
1263 4454 1602 4522 explanatio-

1703 3262 1869 3314 stolus
1887 3259 1953 3312 ad
1976 3257 2234 3310 Hebraeos
2267 3258 2341 3311 ait
2361 3259 2405 3289 ⁶⁰
2433 3275 2444 3310 :
2477 3257 2665 3311 Nonne
2697 3276 2872 3312 ontnes
2904 3269 3024 3312 sunt
3052 3261 3283 3312 ministri

1705 3349 1946 3414 spiritus,
1985 3350 2050 3397 ad
2079 3347 2430 3398 ministerium
2468 3347 2612 3398 missi
2641 3359 2851 3413 propter
2882 3364 2969 3401 eos
3007 3350 3097 3416 qui
3127 3350 3288 3402 luere.

1705 3439 1920 3490 ditatem
1962 3439 2176 3506 capiunt
2222 3438 2409 3490 salutis
2439 3437 2518 3490 “‘l
2550 3437 2719 3490 Favet
2758 3447 2815 3491 ct
2851 3438 2964 3506 ipse
3008 3441 3285 3504 Dominus,

1704 3531 1904 3599 quippe
1945 3530 2036 3597 qui
2079 3530 2244 3583 etiam
2287 3531 2525 3582 animam
2554 3542 2708 3582 suam
2745 3532 2897 3598 ponit
2951 3548 3046 3601 pro
3095 3532 3287 3587 ovibus

1704 3623 1817 3676 suis
1841 3624 1906 3675 ".
1941 3622 2045 3675 Sed
2079 3638 2146 3676 ex
2171 3633 2402 3691 utraque
2435 3633 2587 3692 parte
2612 3624 2812 3679 favoris
2844 3625 3129 3690 disciplina
3158 3639 3284 3677 scr-

1707 3725 1883 3767 vatur.
1915 3714 2033 3767 Non
2067 3716 2209 3768 enim
2243 3716 2291 3767 vi
2339 3731 2425 3768 res
2462 3716 2641 3782 agitur
2688 3716 2824 3785 (98;,
2853 3732 3026 3785 neque
3051 3717 3284 3770 necessi-

1707 3815 1815 3859 tate
1843 3807 1895 3859 itt
1927 3806 2158 3858 alteram
2192 3817 2399 3874 partem
2453 3807 2632 3859 anima
2663 3808 3008 3872 declinatur;
3039 3809 3283 3876 alioquin

1704 3915 1804 3953 nec
1853 3898 2010 3966 culpa
2058 3899 2133 3959 ei,
2185 3913 2284 3951 nec
2328 3898 2500 3951 virtus
2531 3901 2940 3964 possetascribi
2970 3917 2984 3964 ;
3015 3915 3114 3952 nec
3155 3900 3280 3954 boni

1704 3991 1896 4044 electio
1929 3990 2232 4058 prtemium,
2264 4004 2364 4043 nec
2422 3989 2720 4044 declinatio
2765 3991 2894 4042 ntali
2954 3990 3281 4058 supplicium

1705 4097 2008 4137 mereretur
2042 4101 2056 4137 :
2093 4084 2187 4137 sed
2221 4091 2472 4134 servatur
2501 4082 2547 4134 ei
2579 4082 2630 4134 itt
2664 4083 2920 4135 omnibus
2948 4083 3170 4136 libertas
3195 4085 3282 4137 sui

1703 4175 1938 4239 arbitrii,
1971 4183 2028 4228 ut
2076 4174 2131 4227 in
2173 4174 2316 4241 quod
2362 4172 2598 4226 voluerit
2651 4171 2816 4244 474
2865 4179 2980 4240 ipsa
3024 4175 3280 4236 declinet,

1703 4267 1847 4320 sicut
1881 4266 2141 4333 scriptum
2169 4273 2251 4316 est
2280 4263 2323 4294 ⁸³
2353 4281 2368 4317 :
2404 4263 2540 4316 Ecce
2572 4265 2724 4332 posui
2753 4276 2872 4317 ante
2913 4262 3100 4331 [aciem
3131 4276 3279 4317 tuam

1703 4359 1862 4412 vitam
1894 4368 1941 4410 et
1977 4365 2218 4417 mortem,
2248 4356 2417 4422 ignem
2464 4365 2515 4407 et
2547 4372 2760 4423 aquam.
2800 4355 2922 4408 Vita
2952 4371 3083 4424 ergo
3117 4357 3280 4409 Chri-

1703 4462 1818 4504 stus
1839 4459 1942 4514 est,
1976 4457 2030 4501 et
2065 4463 2211 4501 mors
2248 4447 2580 4500 novissimus
2614 4447 2885 4510 inimicus,
2915 4448 3006 4516 qui
3043 4458 3126 4500 est
3161 4448 3281 4499 dia-

72 4538 194 4592 nibus
224 4553 273 4595 et
297 4542 350 4594 in
390 4539 537 4597 Novo
583 4551 638 4596 et
674 4542 724 4595 in
775 4541 954 4596 Veteri
988 4543 1192 4597 utimur
1224 4542 1596 4608 Testamento,
1634 4534 1676 4587 D
1709 4541 1882 4594 holus.
1923 4539 2095 4593 liabet
2131 4554 2260 4608 ergo
2301 4539 2355 4590 in
2390 4539 2620 4591 arbitrio
2665 4553 2764 4591 suo
2794 4541 2999 4604 anima,
3037 4541 3080 4593 si
3127 4540 3276 4603 velit,

73 4623 346 4686 invocantes
393 4646 514 4685 eum
548 4631 640 4701 qui
672 4632 850 4702 posuit
897 4633 949 4686 in
983 4632 1114 4686 Sion
1148 4633 1380 4702 lapidem
1423 4634 1597 4688 oll'en-

71 4716 220 4780 tionis,
246 4731 300 4773 et
330 4730 538 4789 petram
563 4723 800 4775 scandali
819 4723 886 4785 ⁸⁵,
925 4733 981 4775 ιιι
1022 4723 1134 4790 ipse
1162 4725 1317 4778 nobis
1359 4740 1454 4792 per
1478 4724 1601 4793 Spi-

73 4809 197 4862 ritum
221 4825 464 4867 sanctum
507 4830 663 4868 suum
703 4815 1051 4869 oﬂ'ensiouem
1081 4825 1136 4868 et
1157 4815 1472 4869 scandalum
1525 4818 1601 4871 le-

123 4903 223 4936 ³¹ο⁵³
250 4906 406 4959 Rom.
449 4924 485 4969 ι,
513 4907 604 4970 24,
633 4907 721 4960 25.
796 4908 841 4938 ⁵⁸
859 4906 1012 4962 Rom.
1042 4924 1115 4968 Ix.
1157 4907 1244 4961 55.

72 4984 161 5045 vin.
183 4975 229 5028 9.
323 4978 373 5008 ⁸⁹
402 4977 594 5045 Ephes.
627 4992 699 5041 vr,
732 4977 816 5029 12.

75 5041 202 5100 lict-li.
239 5063 324 5112 xv,
351 5041 458 5109 1⁸1.⁷
474 5047 557 5099 18.

125 5131 222 5201 (92)
249 5136 376 5196 Mss.
417 5137 802 5191 venerationem
829 5151 847 5189 :
891 5135 1043 5201 editi,
1075 5137 1353 5198 rationem,
1379 5135 1538 5187 male.

125 5203 216 5270 (93)
245 5208 410 5269 Alias,
436 5207 718 5275 gerrimirta.
893 5215 905 5225 °

125 5275 218 5340 (91)
247 5276 344 5330 Ms.
379 5271 536 5340 unus,
595 5286 978 5344 prottocentur:
1010 5272 1170 5340 editi,
1221 5271 1592 5342 prreferantur.

73 5339 225 5398 Ceteri
254 5362 382 5401 mss.
419 5339 657 5408 rectius,
691 5345 1066 5412 prcefocentur.

125 5413 220 5482 (95)
252 5415 385 5470 Sitit!
407 5427 658 5480 pra’terea
681 5410 833 5484 (sicut
865 5417 917 5467 in
949 5410 1445 5484 ntultisScripturte
1467 5411 1594 5466 locis

75 5484 345 5553 invenimus)
384 5489 544 5538 etiant
578 5483 852 5554 utriusque
879 5488 1044 5550 partis
1069 5483 1148 5538 vel
1192 5485 1466 5554 utriusque
1498 5484 1594 5536 via:

75 5556 267 5613 [autores
295 5557 509 5624 quidam
539 5565 588 5609 et
639 5553 912 5623 adjutores
941 5555 1132 5621 angeli.
1163 5553 1368 5623 Ailtl_tlil.
1421 5554 1594 5624 mani:

76 5624 326 5695 [testissime
377 5624 640 5695 Origenes
689 5626 756 5678 ad
803 5635 965 5691 caput
1010 5625 1076 5677 18
1121 5624 1366 5695 epistolae
1416 5623 1592 5695 sancti

76 5687 296 5748 Barnabas
324 5695 390 5749 de
420 5687 628 5749 duabus
653 5695 753 5749 viis
788 5702 844 5748 et
873 5687 939 5748 de
975 5687 1181 5762 angelis
1231 5693 1447 5762 utrique
1495 5693 1593 5746 vite

73 5765 347 5825 pnepositis.

128 5832 220 5903 (90)
246 5833 316 5888 lta
351 5844 493 5890 recte
527 5849 656 5889 mss.
707 5833 970 5904 plerique.
1008 5832 1146 5888 Editi
1178 5847 1305 5888 vero
1333 5841 1387 5886 et
1409 5830 1591 5886 [taba-

946 4979 990 5008 ⁶⁰
1021 4979 1208 5030 Matth.
1238 4993 1391 5041 xvm,
1425 4978 1511 5032 10.

1323 4907 1368 4937 ⁸⁵
1401 4907 1578 4962 Calai.
1609 4909 1754 4971 v,l7.
1850 4908 1896 4938 ⁵⁵
1925 4907 1994 4959 lC

1323 4993 1391 5033 tt.
1425 4978 1511 5032 10.
1613 4979 1827 5033 “Hebr.
1859 4993 1898 5033 ι.
1930 4978 1994 5030 ii

1712 4993 1827 5033 cur.
1859 4993 1898 5043 ι,
1930 4993 2015 5031 ιιι.

1709 4633 1906 4702 eligere
1927 4631 2087 4684 vitam
2105 4631 2396 4689 Christum.
2417 4639 2510 4683 aut
2531 4631 2582 4683 in
2609 4640 2834 4684 mortem
2864 4632 3132 4684 diabolum
3164 4631 3277 4701 (99)

1707 4725 1996 4778 declinare.
2047 4723 2196 4787 Quod
2235 4723 2278 4776 si
2319 4739 2620 4789 agnoscens
2669 4723 2850 4775 anima
2888 4722 3080 4785 Deum,
3115 4721 3276 4774 Chri-

1707 4825 1846 4871 stum
1891 4816 2057 4868 vitam
2093 4829 2245 4868 suam
2277 4813 2582 4881 amplexata
2619 4829 2720 4867 non
2752 4814 2936 4875 fuerit,
2986 4828 3083 4865 uec
3134 4813 3277 4865 sicut

1850 4908 1896 4938 “
1925 4905 2090 4961 lCor.
2117 4921 2190 4966 vt,
2231 4905 2314 4967 16,
2350 4907 2431 4961 17.
2541 4905 2585 4936 ⁵⁷
2609 4905 2738 4958 Gen.
2772 4919 2844 4965 vt,
2875 4904 2928 4956 5.
3042 4903 3087 4933 ⁵⁸
3116 4901 3271 4954 Rom.

2136 4975 2354 5030 “Joan.
2394 4976 2567 5041 x,15.
2683 4973 2728 5004 ⁸³
2769 4975 2920 5026 Deut.
2975 4989 3104 5038 xxx,
3161 4973 3273 5038 i5;

1705 5150 1838 5188 nus:
1870 5133 2009 5187 Nam
2035 5135 2210 5188 carnis
2241 5137 2700 5201 concupiscentiae,
2732 5144 2836 5187 etc.
2869 5133 2962 5187 Ms.
3000 5149 3135 5185 unus
3163 5132 3273 5190 lie-

1703 5207 1819 5274 gius
1855 5221 2002 5274 num.
2039 5207 2196 5267 1640,
2233 5203 2369 5257 Nam
2397 5206 2600 5257 carnali
2624 5204 3078 5273 cancupiscentiw,
3105 5217 3212 5258 etc.

1775 5273 1886 5343 (97)
1919 5273 1993 5326 Ita
2021 5291 2208 5343 omnes
2244 5291 2399 5336 mss.,
2422 5290 2645 5338 utrorum
2683 5291 2819 5327 unus
2851 5279 2997 5328 solus
3022 5276 3190 5332 addit.
3222 5285 3272 5330 et

1703 5342 1980 5412 adjuvant.
2018 5342 2160 5398 Editi
2197 5360 2324 5398 vero
2356 5355 2410 5396 et
2442 5343 2716 5407 Rabanus,
2757 5345 2931 5411 [avent
2973 5346 3146 5413 angeli
3187 5346 3274 5399 lto-

1705 5418 1903 5467 minum
1934 5429 2111 5467 omnes
2155 5415 2256 5476 illi,
2292 5424 2400 5466 etc.
2431 5414 2631 5467 Deinde
2681 5432 2872 5469 omnes
2909 5431 3039 5468 mss.
3069 5426 3123 5466 et
3163 5415 3270 5469 lia-

1703 5484 1924 5557 banus,
1952 5483 2140 5557 [aciem
2177 5482 2572 5557 Patristjestri,
2601 5493 2703 5557 etc.
2735 5484 2838 5557 Sel
2873 5493 3050 5537 tamen
3076 5485 3268 5557 legen-

1704 5554 1830 5606 dum
1878 5554 2089 5607 videtur
2117 5568 2238 5606 cum
2289 5554 2468 5616 editis,
2520 5553 2708 5622 facient
2753 5553 2936 5607 Patris
2984 5555 3104 5620 mei,
3161 5564 3266 5608 etc.

1704 5623 1874 5694 Paulo
1905 5633 2022 5694 post
2051 5623 2303 5677 Rahauus
2329 5634 2382 5676 ct
2412 5625 2536 5676 editi
2566 5627 2821 5694 omittunt
2849 5625 3055 5694 quippe.

1773 5691 1884 5763 (9S)
1925 5692 2022 5746 Ms.
2060 5694 2255 5762 Regius
2287 5711 2434 5748 nunt.
2466 5694 2631 5760 16⁸59,
2670 5693 2793 5748 Non
2824 5691 2961 5748 enim
3005 5695 3140 5748 vires
3170 5707 3244 5762 pa

1699 5764 1852 5816 titur.

1773 5831 1883 5901 (99)
1916 5831 2080 5902 Editi,
2111 5834 2164 5887 in
2191 5844 2405 5889 mortem
2437 5835 2503 5888 ad
2532 5834 2819 5898 diabolum,
2850 5834 3010 5889 male.
