3784 6568
400 398 503 453 867

1845 378 2165 440 ORIGENIS

3552 373 3649 427 868

399 520 570 573 Deum
599 510 1062 584 magnificaverit,
1094 516 1188 564 aut
1219 509 1429 577 gratias
1469 508 1668 577 egerit,
1707 506 1804 560 sed
1846 522 1975 560 eva-
2007 508 2049 563 Α
2081 502 2134 556 in
2160 499 2307 556 omni
2342 497 2635 555 sanctitate
2670 511 2725 553 et
2751 496 2991 567 puritate
3040 511 3347 562 servemus,
3391 510 3501 566 quo
3544 512 3645 552 non

400 607 583 662 nuerit
614 606 668 660 in
705 601 1135 673 cogitationibus
1175 600 1312 663 suis,
1343 607 1398 654 et
1423 597 1713 653 mutaverit
1744 596 1971 665 gloriam

402 696 834 767 incorruptiliilis
876 694 973 750 Dei
1019 695 1074 749 in
1111 691 1516 749 similitudinem
1550 689 1805 759 imaginis
1851 703 1975 742 cor-

401 789 679 860 ruptibilis
730 788 968 843 hominis
996 796 1053 842 et
1080 785 1385 848 volucrum,
1437 790 1491 837 et
1536 780 1974 850 quadrupedum,

402 888 457 931 et
487 878 814 947 serpentium
845 876 911 942 “,
942 887 997 931 et
1038 878 1091 929 in
1128 876 1211 929 his
1232 873 1485 929 omnibus
1521 870 1877 926 declinaverit
1907 872 1974 924 ad

404 982 649 1030 carnem,
689 978 849 1035 atque
883 980 975 1019 eos
1020 966 1113 1035 qui
1168 964 1351 1019 carnis
1403 961 1689 1015 desideriis
1748 959 1973 1015 favent:

407 1059 812 1141 dgreliuquetur
846 1058 964 1112 sine
999 1056 1165 1112 dultio
1199 1065 1255 1110 et
1314 1057 1600 1109 deseretur
1644 1054 1713 1107 ab
1763 1052 1844 1107 eis
1883 1053 1979 1121 qui

407 1167 526 1204 eam
556 1151 741 1204 favore
772 1167 872 1203 suo
901 1160 959 1202 ut
988 1148 1205 1218 spiritui
1235 1147 1558 1216 juugcretur
1610 1146 1926 1199 auimabant
1958 1160 1973 1196 :

408 1252 463 1295 et
484 1243 789 1296 concedent
816 1256 958 1304 eam,
991 1239 1075 1293 vel
1124 1240 1336 1293 tradent
1371 1238 1449 1308 (1)
1481 1237 1767 1291 desideriis
1799 1235 1980 1291 cordis

410 1336 519 1395 sui.
552 1334 747 1404 quibus
770 1332 923 1389 carni
960 1331 1203 1386 sociatur
1231 1338 1285 1382 et
1315 1330 1582 1383 adhaeret.
1621 1327 1806 1397 Neque
1832 1328 1978 1382 enim

410 1427 766 1481 obsistentem
792 1441 912 1478 eam
946 1439 1010 1479 ac
1037 1422 1416 1489 reluctantem,
1452 1424 1521 1476 ad
1547 1436 1608 1475 ea
1642 1435 1761 1490 quae
1788 1419 1984 1489 refugit

412 1535 475 1573 ac
495 1520 696 1589 respuit
729 1520 1077 1571 revocabunt.
1096 1516 1262 1580 Cujus
1294 1516 1367 1569 rei
1390 1514 1711 1584 imaginem,
1733 1511 1780 1567 si
1807 1510 1985 1565 adhuc

412 1610 623 1663 videtur
654 1608 906 1669 obscura,
943 1607 1036 1660 tali
1060 1606 1294 1675 quadam
1324 1607 1505 1671 specie
1554 1604 1982 1659 manifestiorem

416 1703 818 1772 planioremque
850 1701 1156 1754 reddemus.
1194 1698 1468 1753 Pouamus
1498 1714 1618 1753 esse
1644 1696 1858 1766 aliquod
1890 1696 1986 1750 do-

416 1792 697 1855 micilium,
731 1792 784 1846 in
823 1806 930 1860 quo
962 1806 1083 1845 cum
1117 1806 1347 1858 corpore
1380 1799 1436 1842 et
1464 1788 1658 1858 spiritu
1684 1788 1831 1842 velut
1863 1800 1985 1839 cum

2075 592 2254 648 solum
2287 591 2450 662 digna
2481 590 2794 661 angelorum
2835 590 3174 659 ingressibus
3204 588 3359 653 fiant,
3383 602 3567 642 verum
3595 596 3647 642 et

2078 684 2414 738 habitatione
2447 682 2685 753 Spiritus
2712 682 2910 746 sancti,
2955 692 3011 735 et
3043 681 3333 734 mansione
3365 676 3541 733 Patris
3586 694 3647 733 ac

2077 773 2198 828 Filii
2224 774 2314 844 qui
2342 773 2474 827 dicit
2503 773 2569 826 de
2586 788 2650 827 eo
2688 772 2782 843 qui
2810 772 2862 825 in
2893 772 3164 825 mandatis
3189 772 3308 825 suis
3332 778 3646 838 permanet:

2079 863 2191 934 Ego
2252 878 2299 919 et
2351 863 2512 918 Pater
2572 865 2859 927 veniemus,
2900 872 2947 916 et
2993 865 3322 917 mansionem
3355 862 3498 931 apud
3537 878 3647 916 eum

2078 958 2332 1026 faciemus
2356 957 2423 1012 “.

2153 1052 2238 1107 19.
2268 1049 2553 1117 Propterea
2582 1050 2801 1103 tradidit
2830 1048 2947 1103 illos
2978 1047 3118 1103 Deus
3137 1050 3193 1103 in
3216 1049 3489 1117 passiones
3512 1046 3651 1115 igno-

2080 1145 2277 1198 miniae.
2312 1141 2453 1196 Nam
2483 1152 2530 1196 et
2561 1142 2771 1210 femina:
2793 1159 2973 1196 earum
3002 1144 3411 1196 immutaverunt
3439 1147 3652 1191 natura-

2082 1236 2181 1290 lem
2204 1252 2375 1299 usum,
2399 1236 2452 1289 in
2486 1252 2601 1289 eum
2626 1250 2777 1287 usum
2803 1236 2891 1304 qui
2914 1235 2989 1303 (5)
3008 1243 3158 1287 extra
3187 1243 3434 1285 naturam
3455 1240 3552 1284 est.
3579 1229 3655 1283 Si:

2083 1328 2277 1381 militer
2292 1337 2462 1381 autem
2484 1337 2531 1380 et
2556 1323 2797 1386 masculi,
2832 1326 3011 1379 relicto
3034 1323 3268 1378 naturali
3296 1339 3398 1377 usit
3427 1322 3643 1391 femina.

2083 1418 2287 1471 accensi
2320 1426 2439 1470 sunt
2474 1416 2528 1469 in
2566 1417 2887 1469 desiderium
2929 1416 3012 1470 sui
3042 1416 3097 1468 in
3140 1416 3389 1475 invicem,
3436 1412 3646 1466 masculi

2083 1510 2138 1563 in
2183 1509 2441 1562 masculos
2483 1509 2869 1575 turpitudinem
2918 1519 3215 1577 aperantes,
3262 1516 3313 1560 et
3351 1505 3649 1567 mercedem,

2083 1617 2240 1667 quam
2271 1601 2525 1670 oportuit,
2574 1604 2769 1655 erroris
2820 1602 2904 1654 sui
2930 1600 2986 1653 in
3012 1599 3303 1666 semetipsis
3339 1598 3648 1664 recipientes.

2086 1690 2154 1744 Et
2183 1693 2321 1745 sicut
2357 1708 2462 1744 non
2503 1693 2851 1759 probaverunt
2898 1690 3067 1744 Deum
3091 1688 3283 1743 habere
3313 1688 3371 1740 in
3398 1686 3648 1748 notitiam,

2089 1783 2309 1837 tradidit
2348 1783 2466 1837 illos
2497 1783 2638 1837 Deus
2674 1783 2729 1836 in
2770 1782 3043 1852 reprobum
3088 1797 3322 1846 sensum,
3375 1788 3432 1832 ut
3470 1777 3654 1847 faciant

417 1887 628 1939 duobus
656 1884 988 1939 consiliariis
1026 1883 1234 1937 habitet
1259 1883 1475 1947 anima;
1503 1897 1601 1952 pro
1624 1880 1832 1935 foribus
1858 1895 1986 1934 vero
2016 1866 2059 1920 Β
2087 1892 2147 1929 ea
2174 1892 2290 1945 qua:
2312 1893 2416 1929 non
2442 1876 2774 1938 conveniunt,
2811 1873 3032 1943 repletos
3055 1874 3195 1926 omni
3218 1871 3520 1940 iniquitate,
3549 1884 3656 1919 nta-

419 1974 580 2042 hujus
620 1975 877 2029 domicilii
935 1984 1120 2028 astare
1165 1976 1454 2042 pietatem,
1499 1987 1801 2041 omnesque
1864 1986 1986 2026 cum

418 2083 481 2121 ea
507 2067 733 2120 virtutes
769 2083 783 2119 :
818 2081 882 2119 ex
912 2066 1014 2119 alia
1047 2082 1174 2120 vero
1200 2075 1350 2134 parte
1387 2065 1742 2134 impietatem,
1771 2078 1986 2118 omnes-

419 2175 525 2228 que
557 2158 889 2211 luxuriarum
918 2174 981 2212 ac
1006 2157 1289 2211 libidinum
1332 2158 1561 2221 formas,
1594 2166 1648 2210 et
1677 2166 1991 2225 evspectare

422 2251 616 2303 anima:
643 2258 855 2312 nutum,
884 2265 1041 2317 quem
1083 2266 1149 2304 ex
1194 2250 1402 2302 duobus
1444 2265 1541 2316 pro
1570 2248 1778 2302 foribus
1806 2249 1992 2303 obser-

421 2339 673 2411 vantibus
700 2339 921 2392 chorum
949 2340 1216 2393 introduci
1248 2341 1314 2393 ad
1343 2354 1401 2392 se
1424 2338 1888 2406 desideret,quem
1905 2352 1991 2392 re-

423 2429 574 2497 pelli.
599 2426 791 2482 Nounc
822 2430 865 2483 si
893 2430 1105 2499 spiritui
1144 2432 1548 2498 obtemperans,
1581 2440 1638 2483 et
1665 2429 1872 2483 meliori
1896 2443 1991 2482 usa

422 2521 758 2588 consiliario,
776 2522 991 2588 pietatis
1006 2530 1057 2575 et
1085 2522 1357 2591 pudicitiae
1374 2521 1441 2574 ad
1460 2535 1517 2576 se
1534 2522 1844 2575 evocaverit
1860 2521 1993 2574 cho-

422 2628 567 2674 rum,
610 2613 697 2666 ille
746 2614 883 2668 alius
915 2625 1126 2681 spretus
1160 2616 1576 2683 repudiatusth
1600 2614 1676 2684 (Ξ)
1709 2612 1995 2667 discedet?

426 2706 483 2759 Si
520 2721 648 2759 vero
679 2706 861 2760 carnis
886 2723 980 2759 usa
1014 2706 1277 2770 consiliis,
1316 2707 1610 2773 impietatis
1628 2707 1693 2761 ad
1712 2721 1772 2760 se
1795 2717 1850 2760 et
1875 2705 1987 2758 libi-

423 2798 569 2851 dinis
614 2797 977 2851 introduxerit
1027 2805 1290 2861 turmam,
1339 2797 1514 2851 omnis
1558 2796 1665 2849 illa
1690 2797 1995 2851 sanctitatis

424 2898 481 2940 et
516 2889 738 2958 pietatis
781 2904 1009 2954 corona,
1057 2888 1149 2942 cui
1187 2888 1450 2942 malorum
1478 2888 1663 2941 anima
1698 2888 1993 2943 concilium

423 2977 834 3046 praetulit,justa
867 2995 988 3031 cum
1016 2979 1386 3048 indignatione
1417 2979 1648 3041 recedet,
1682 2980 1996 3050 relinquens

420 3087 542 3123 eam
559 3069 840 3124 desideriis
853 3070 1032 3125 cordis
1048 3072 1154 3134 sui,
1176 3081 1233 3124 ut
1251 3072 1323 3143 (5)
1345 3071 1635 3142 ignominia
1652 3082 1706 3128 et
1725 3084 1998 3128 contmno-

2091 1966 2230 2029 litia,
2262 1964 2635 2033 fornicatione,
2674 1966 2929 2035 nequitia,
2958 1962 3424 2033 avaritia;plenos
3448 1959 3656 2020 invidia,

2091 2058 2409 2122 homicidiis,
2433 2058 2786 2122 contentione,
2822 2056 2966 2119 dolo,
2995 2058 3326 2126 malignitate
3357 2072 3378 2121 ;
3420 2070 3658 2107 susurra-

2093 2161 2253 2213 tores,
2280 2150 2674 2211 obtrectatores,
2708 2149 2816 2203 Deo
2847 2149 3085 2213 odibiles,
3118 2146 3552 2211 contumeliosos,
3580 2161 3660 2197 su-

2092 2244 2297 2312 perbos,
2322 2242 2507 2304 elatos,
2541 2242 2833 2294 inventores
2866 2240 3155 2303 malorum,
3207 2241 3520 2308 parentibus
3565 2255 3661 2293 non

2094 2334 2409 2394 obedientes,
2446 2333 2769 2402 insipientes,
2800 2332 3339 2400 incompositos;sine
3367 2333 3658 2400 affectione,

2095 2429 2292 2495 absque
2319 2426 2537 2494 ftrdere,
2571 2428 2683 2480 sine
2707 2426 3093 2479 misericordia.
3130 2426 3235 2491 Qui
3263 2442 3382 2479 cum
3403 2424 3659 2495 justitiam

2098 2519 2193 2574 Dei
2226 2520 2612 2590 cognovissent,
2642 2536 2745 2572 non
2770 2520 3144 2575 intellexerunt
3176 2519 3432 2589 quoniam
3457 2519 3546 2589 qui
3581 2528 3661 2570 ta-

2096 2611 2168 2665 lia
2198 2621 2385 2681 agunt,
2419 2611 2568 2681 digni
2605 2622 2724 2664 sunt
2758 2624 2958 2675 morte;
2992 2627 3095 2664 non
3131 2611 3305 2663 solum
3343 2610 3437 2680 qui
3472 2608 3662 2676 faciunt

2095 2703 2212 2767 illa,
2239 2707 2327 2757 sed
2356 2714 2403 2756 et
2434 2705 2524 2773 qui
2561 2712 2896 2757 consentiunt
2930 2701 3245 2771 facientibus
3269 2703 3341 2759 ".
3390 2700 3662 2770 Propterea

2095 2795 2470 2850 inexcusabilis
2512 2811 2589 2860 es,
2623 2811 2654 2848 υ
2684 2797 2840 2847 homo
2875 2795 3044 2847 omnis
3073 2794 3164 2863 qui
3187 2793 3404 2862 judicas
3426 2807 3447 2847 :
3482 2794 3536 2846 in
3560 2808 3663 2862 quo

2095 2889 2413 2945 enimalium
2432 2888 2669 2955 judicas,
2701 2887 2921 2954 leipsum
2944 2886 3283 2940 condemnas.
3312 2882 3511 2937 Eadem
3538 2884 3661 2937 enim

2096 2984 2232 3053 agis,
2260 2998 2379 3049 quia
2396 2982 2615 3052 judicas
2639 2981 2706 3035 ⁸⁸.
2739 2978 2924 3034 Tertio
2961 2978 3265 3032 invenimus
3303 2977 3383 3046 (6)
3415 2978 3484 3031 ab
3527 2978 3663 3046 Apo-

2098 3074 2236 3128 stolo
2266 3076 2498 3142 positum
2525 3090 2539 3126 :
2576 3070 2819 3124 Tradidit
2861 3070 2983 3124 illos
3012 3068 3175 3124 Deus.
3217 3066 3288 3121 Et
3327 3069 3517 3137 prima:
3542 3066 3659 3137 qui-

423 3164 510 3217 liis
527 3162 935 3232 aﬂiciatcorpus
951 3178 1105 3217 suum
1124 3163 1175 3217 iu
1195 3163 1995 3232 semetipsa,qumcommutavit
2019 3198 2064 3256 α
2098 3165 2220 3219 dem
2251 3163 2563 3218 traditionis
2596 3177 2788 3216 causas
2816 3160 3048 3223 dedit“,
3090 3159 3233 3225 Quia
3261 3175 3381 3212 cum
3404 3161 3661 3228 cognoris-

420 3253 709 3306 veritatem
748 3252 839 3307 Dei
873 3254 925 3307 in
977 3254 1346 3318 mendacium,
1370 3265 1425 3308 et
1456 3255 1808 3310 iutroduceus
1838 3257 1904 3309 ad
1934 3272 1992 3311 se

426 3342 723 3413 impietatis
762 3353 817 3396 et
857 3342 1198 3397 infidelitatis
1246 3342 1321 3415 (4)
1375 3343 1711 3413 principem,
1756 3344 1887 3399 colit
1938 3355 1994 3397 et

424 3436 593 3489 servit
620 3445 800 3503 potius
821 3445 1086 3489 creaturae
1110 3452 1274 3506 quam
1298 3439 1578 3500 creatori,
1603 3438 1693 3505 qui
1727 3447 1809 3492 est
1831 3440 1994 3492 bene-

424 3528 604 3580 dictus
640 3526 697 3580 in
726 3527 947 3582 saecula.
985 3527 1192 3591 Quibus
1226 3542 1356 3581 sane
1385 3542 1448 3581 ex
1470 3530 1652 3582 causis
1685 3529 1861 3583 anima
1893 3531 1995 3583 hu-

428 3633 591 3670 mana
628 3617 758 3669 tanti
785 3615 945 3684 hujus
970 3617 1309 3672 discriminis
1336 3628 1441 3672 tam
1482 3620 1773 3690 ancipitem
1807 3621 1999 3674 subeat

430 3718 655 3772 statum,
696 3725 798 3763 non
845 3720 925 3763 est
970 3711 1261 3778 praesentis
1302 3710 1402 3764 loci
1454 3710 1747 3766 discutere.
1798 3711 1995 3765 Eorum

428 3814 557 3866 ergo
584 3809 667 3851 est
706 3800 1049 3854 contumeliis
1083 3800 1298 3855 allicere
1329 3815 1561 3869 corpora
1600 3817 1720 3865 sua,
1765 3804 1855 3870 qui
1885 3786 1999 3856 ide-

428 3891 667 3945 serviunt
690 3891 1028 3945 simulacris:
1049 3902 1103 3947 et
1131 3907 1323 3947 eorum
1351 3902 1433 3947 est
1454 3893 1634 3948 colere
1660 3905 1995 3959 creaturam,

428 3984 518 4052 qui
553 3984 869 4054 reliquerint
906 3985 1245 4040 Creatorem.
1298 3983 1408 4039 Nos
1443 3998 1623 4038 autem
1664 3985 1754 4053 qui
1795 3987 1997 4040 nullam

431 4086 761 4137 creaturam,
787 4077 879 4130 sed
910 4077 1147 4141 Patrem,
1174 4084 1229 4129 et
1253 4075 1475 4139 Filium,
1502 4086 1556 4129 et
1581 4075 1840 4146 Spiritum
1880 4094 2002 4132 san-

431 4180 577 4221 ctum
609 4168 836 4222 colimus
883 4176 937 4220 et
975 4168 1285 4229 adoramus,
1331 4167 1472 4221 sicut
1512 4183 1620 4223 non
1646 4185 1893 4224 erramus
1944 4172 1996 4225 in

430 4259 605 4323 cultu,
645 4260 718 4314 ita
761 4274 862 4313 nec
892 4258 947 4311 in
986 4259 1196 4312 actibus
1228 4257 1447 4327 quidem
1491 4268 1547 4313 et
1585 4261 2002 4314 conversatione

434 4366 748 4419 peccemus;
780 4364 953 4418 neque
983 4350 1261 4404 imitemur
1283 4364 1379 4404 eos
1397 4349 1487 4419 qui
1515 4350 1862 4405 contumeliis
1888 4350 2002 4405 alli-

435 4445 586 4497 ciunt
625 4458 850 4511 corpora
892 4458 986 4497 sua
1046 4442 1098 4495 iu
1147 4443 1458 4513 semetipsis
1491 4459 1505 4494 :
1538 4443 1632 4497 sed
1674 4445 2001 4513 aSpicientes

2096 3265 2209 3309 sent
2243 3253 2433 3317 Deum,
2454 3270 2556 3306 non
2586 3255 2716 3307 sicut
2740 3251 2901 3305 Deum
2926 3251 3426 3322 magni/imperant,
3456 3261 3542 3303 aut
3557 3267 3663 3319 gra-

2097 3350 2199 3400 tias
2229 3356 2441 3415 egerunt
2464 3362 2482 3410 ;
2513 3345 2601 3398 scd
2618 3351 2939 3398 evanuerunt
2960 3344 3009 3395 in
3039 3341 3446 3411 cogitationibus
3465 3341 3590 3402 suis,
3618 3350 3659 3391 et

2095 3438 2525 3492 contenebratum
2545 3445 2620 3490 est
2640 3436 2894 3497 insipiens
2914 3449 3007 3487 cor
3031 3449 3234 3489 eorum.
3255 3431 3499 3485 Dicentes
3533 3431 3661 3483 enim

2096 3547 2150 3584 se
2169 3547 2279 3583 esse
2297 3532 2581 3598 sapientes,
2594 3529 2739 3583 stulti
2756 3528 2886 3597 factt
2907 3534 3050 3589 sunt,
3066 3536 3114 3578 et
3131 3527 3537 3605 immutat-erunt
3555 3520 3660 3590 glo-

2100 3623 2237 3675 riam
2282 3622 2702 3690 incorruptibilis
2739 3621 2836 3675 Dei
2876 3620 2933 3673 in
2975 3618 3385 3672 similitudinem
3433 3613 3661 3683 imaginis

2104 3713 2466 3781 corruptibilis
2496 3713 2747 3776 hominis,
2772 3719 2822 3765 et
2849 3710 3142 3772 volucrum,
3180 3717 3230 3762 et
3254 3707 3658 3774 quadrupedum,

2100 3818 2145 3859 et
2175 3807 2515 3873 serpentium.
2548 3803 2859 3870 Propterea,
2893 3803 3090 3873 inquit,
3137 3801 3363 3853 tradidit
3403 3816 3488 3853 eos
3536 3797 3659 3851 Deus

2100 3898 2156 3951 in
2183 3897 2463 3950 desideriis
2498 3896 2672 3949 cordis
2695 3912 2877 3948 eorum
2914 3895 2969 3948 in
2997 3893 3392 3947 immunditiam
3413 3930 3429 3955 ,
3462 3900 3515 3943 stt
3550 3906 3661 3941 con-

2102 3988 2333 4042 tumeliis
2359 3990 2588 4058 afficiant
2620 4005 2842 4057 corpora
2864 4005 2962 4041 sua
2985 3988 3040 4041 in
3072 3986 3386 4054 semetipsis.
3419 3982 3661 4037 Secunda

2104 4081 2412 4155 traditionis
2450 4096 2674 4135 causam
2721 4081 2935 4134 videtur
2957 4079 3290 4149 praemittere
3318 4092 3440 4131 cum
3465 4074 3660 4135 dicit",

2103 4177 2226 4244 quia
2259 4185 2707 4229 commutaverunt
2732 4173 3002 4227 veritatem
3040 4172 3136 4225 Dei
3165 4174 3220 4224 in
3253 4171 3595 4228 mendacium,
3619 4179 3659 4219 et

2104 4268 2397 4324 coluerunt.
2439 4278 2487 4320 et
2529 4268 2812 4321 servierunt
2841 4275 3100 4318 creatura:
3138 4264 3312 4331 potius
3336 4278 3488 4332 quam
3513 4259 3658 4314 Crea-

2105 4360 2229 4411 tori.
2263 4357 2567 4425 Pr0pterea,
2595 4359 2693 4423 ait,
2740 4355 2957 4408 tradidit
2988 4354 3108 4408 illos
3142 4354 3280 4407 Deus
3330 4354 3388 4406 in
3416 4352 3660 4421 passiones

2105 4452 2431 4521 ignominiw.
2480 4450 2614 4516 Qure
2667 4460 2844 4502 tamen
2891 4448 3130 4502 secumla
3185 4446 3414 4500 traditio
3461 4445 3658 4512 gravio—

433 4533 575 4601 quod
604 4532 735 4586 dicit
780 4532 1066 4603 Apostolus
1092 4532 1180 4585 “:
1219 4532 1302 4586 An
1341 4533 1554 4586 nescitis
1610 4534 1739 4602 quia
1774 4551 1997 4602 corpora
2029 4532 2075 4591 D
2103 4546 2252 4597 ribus
2306 4542 2518 4610 ﬂagitiis
2576 4542 2787 4594 videtur
2834 4540 3090 4593 obnoxia.
3153 4535 3370 4590 Etenim
3430 4536 3659 4603 feminas.

432 4635 603 4678 vestra
641 4627 869 4678 membra
901 4624 1096 4679 Christi
1141 4628 1301 4681 διιπιῖ
1332 4633 1389 4679 et
1433 4625 1628 4679 iterum
1656 4643 1669 4677 :
1711 4626 1851 4692 Quia
1882 4644 2002 4682 cor-

433 4733 528 4785 pus
552 4726 776 4771 vestrum
802 4717 1050 4785 templum
1079 4726 1152 4769 est
1181 4715 1409 4784 Spiritus
1434 4718 1605 4769 sancti
1628 4732 1648 4769 :
1676 4728 1733 4771 ut
1753 4719 2000 4773 membra

434 4808 658 4872 Christi,
681 4819 734 4863 et
762 4809 1018 4878 templum
1047 4810 1283 4878 Spiritus
1306 4809 1484 4863 sancti
1505 4848 1519 4873 ,
1552 4825 1780 4879 corpora
1813 4821 1995 4865 nostra

541 4921 760 4974 “ﬂatu.
782 4938 821 4982 t,
851 4920 1045 4974 91-24.
1136 4921 1180 4953 ⁸⁸
1210 4919 1228 4971 1
1257 4919 1383 4975 Cor.
1406 4936 1481 4985 \‘t,
1519 4920 1708 4976 15-19.

436 5007 475 5055 t,
497 4991 560 5045 21
586 5006 707 5061 seq.
782 4992 828 5023 ⁷⁸
856 4994 986 5046 ibid.
1019 4991 1089 5044 23
1119 5007 1235 5060 seq.

510 5109 584 5180 (l)
617 5107 751 5180 Mss.
781 5110 1000 5178 quidam
1051 5118 1106 5180 et
1138 5108 1411 5173 Rabauus,
1439 5117 1488 5180 et
1519 5107 1809 5164 concedunt
1856 5127 1994 5179 eam,

436 5178 808 5260 relltradunt,
854 5180 926 5232 al.
995 5178 1227 5243 trahunt,
1291 5188 1398 5249 etc.
1448 5178 1642 5234 Caneri
1693 5195 1823 5236 mss.
1868 5178 1999 5238 editi

439 5258 586 5303 recte
607 5257 664 5301 ut
695 5257 748 5302 in
781 5258 951 5303 textu.

508 5317 703 5391 (2)__Ita
731 5334 859 5373 mss.
878 5329 932 5373 et
957 5318 1235 5373 Rabanus.
1268 5317 1412 5373 Editi
1440 5332 1593 5386 vero,
1615 5319 1756 5375 alius
1784 5321 2002 5391 spiritus

438 5388 767 5455 repudiatus.

509 5456 589 5530 (ὅ)
630 5456 722 5530 Sic
748 5472 879 5511 mss.
903 5458 1077 5530 nostri
1106 5467 1159 5513 et
1191 5457 1468 5515 Rabanus.
1509 5460 1653 5516 Editi
1680 5475 1831 5522 vero,
1860 5476 2002 5530 prte-

439 5526 635 5593 posuit.
661 5526 765 5579 ista
794 5543 910 5580 cum
951 5528 1311 5593 indignatione
1362 5532 1584 5592 recedet,
1615 5542 1663 5585 et
1713 5526 2002 5586 membrum

442 5584 658 5671 Christi,
684 5598 1013 5671 errentplum
1055 5584 1489 5671 Spiritussancti
1517 5584 1834 5671 relinquens,
1881 5618 1996 5654 eam

442 5668 496 5739 in
532 5667 1005 5739 desideriiscardis
1034 5671 1114 5720 sui
1148 5668 1431 5737 permittet,
1462 5681 1542 5738 ut,
1575 5667 1825 5738 etc'.,nisi
1855 5671 1998 5739 quod

445 5735 686 5802 plerique
720 5738 972 5790 amittant
1002 5748 1072 5790 et.

513 5804 591 5876 (4)
628 5806 702 5858 lta
751 5805 882 5860 editi
935 5816 991 5860 et
1044 5821 1173 5861 mss.
1216 5805 1447 5876 aliquot.
1476 5807 1572 5863 Ms.
1620 5825 1747 5867 vero
1798 5809 1995 5879 Regius

2103 4630 2265 4703 475
2304 4632 2496 4700 inquit,
2536 4630 3141 4683 eorumimmutaverunt
3184 4628 3478 4680 naturalem
3504 4640 3661 4683 usum,

2103 4724 2161 4777 in
2224 4739 2341 4777 eunt
2401 4738 2550 4775 usum
2607 4722 2698 4788 qui
2747 4732 2894 4774 extra
2948 4731 3197 4774 naturam
3251 4729 3352 4773 est.
3426 4717 3663 4773 Similiter

2105 4827 2152 4868 et
2185 4816 2429 4874 masculi,
2466 4814 2644 4867 relicto
2685 4811 2917 4866 naturali
2941 4829 3040 4865 usu
3067 4811 3303 4881 femina,
3334 4810 3536 4864 accensi
3552 4817 3659 4862 sunt

1782 4926 1829 4956 “
1856 4925 1991 4985 Joan

2102 4948 2153 4997 v,
2179 4932 2271 4987 ‘23.
2349 4928 2391 4961 ⁸⁷
2416 4928 2573 4983 Boni.
2610 4945 2647 4993 ι,
2678 4928 2750 4982 26
2782 4943 2897 4996 seq.
2976 4926 3020 4957 ⁸⁸
3037 4926 3201 4979 Rotu.
3230 4940 3290 4989 ll,
3317 4924 3370 4980 ί.
3444 4922 3487 4955 ⁶⁹
3514 4922 3659 4976 Rom.

2106 5130 2255 5169 num.
2290 5113 2428 5169 1659
2467 5123 2520 5168 et
2547 5111 2828 5179 Rabanus,
2856 5119 3124 5167 veritatem
3159 5111 3257 5165 Dei
3297 5108 3585 5179 mendacio,
3615 5113 3658 5158 et

2107 5186 2446 5240 introdurens
2477 5184 2545 5236 ad
2579 5200 2634 5236 se
2662 5177 2981 5250 impietatem
3009 5190 3059 5234 et
3084 5181 3453 5249 infidelitatem
3476 5177 3664 5247 (Raba-

2111 5271 2234 5320 nus,
2267 5252 2649 5322 infelicitatem)
2676 5254 2824 5322 colit,
2850 5263 2955 5306 etc.
2984 5251 3136 5322 Alter
3164 5266 3267 5322 ms.
3301 5252 3497 5319 Regius
3525 5260 3660 5322 num.

2113 5314 2271 5387 16H,
2314 5314 2583 5379 veritatem
2623 5314 2716 5377 Dei
2743 5314 3117 5382 inimendacio,
3160 5329 3209 5373 et
3232 5314 3566 5373 introducens
3593 5315 3658 5367 ad

2110 5412 2165 5450 se
2197 5395 2482 5463 impietatis
2512 5394 2729 5447 charum
2763 5402 2811 5444 et
2841 5390 3193 5463 infelicitatis,
3225 5391 3372 5455 colit,
3395 5403 3497 5463 etc.

2109 5486 2119 5517 t
2183 5454 2536 5535 (5)'Editiiet_
2551 5479 2653 5518 ms.
2690 5477 2829 5519 unus
2868 5454 2955 5514 hic
2977 5470 3031 5516 et
3060 5461 3118 5535 in_
3140 5454 3490 5535 sequentibus
3515 5454 3661 5535 hujus

2110 5532 2396 5589 contextus
2441 5533 2665 5604 Vulgata
2703 5542 2967 5598 utuntur;
3026 5532 3123 5586 sed
3160 5532 3347 5587 caeteri
3377 5548 3475 5587 ms.
3512 5537 3568 5583 ut
3606 5532 3658 5579 iu

2113 5617 2279 5660 ιεκιιι.

2181 5673 2255 5745 (6)
2294 5674 2369 5733 lta
2409 5688 2606 5730 omnes
2654 5689 2782 5745 mss.
2816 5672 3099 5745 Rabanus,
3149 5683 3205 5725 et
3254 5673 3422 5729 editio
3452 5667 3659 5725 Veneta.

2110 5742 2303 5800 Cameri
2340 5759 2466 5799 vero
2488 5745 2645 5811 editi,
2676 5742 2774 5798 Ter
2797 5743 3111 5808 inuenimus,
3142 5753 3255 5800 etc.
