3754 6546
70 396 177 450 869

924 379 939 393 '
1035 394 1394 487 conirmr.
1435 393 1501 447 (Ν
1544 389 1761 447 EPIST.
1802 390 1891 443 an
1934 390 2099 446 non.
2129 358 2271 446 .LIB.
2315 391 2357 446 ι.

3241 397 3344 454 870

76 513 125 563 ἰι
176 504 507 567 desiderium
547 513 630 567 sui
667 514 721 567 in
756 514 1001 575 invicem,
1040 514 1261 567 masculi
1308 515 1363 566 in
1399 512 1663 566 masculos
1695 513 1736 569 Α
1769 518 1874 563 tem
1903 508 2153 565 sufficere
2178 525 2241 566 ea
2267 524 2389 580 qua.
2424 508 2492 565 de
2519 509 2831 566 traditionis
2861 512 3043 579 specie
3070 528 3232 585 supra
3261 518 3347 571 di-

71 604 461 669 turpitudinem
492 616 789 673 operantes,
812 614 861 658 et
894 606 1205 669 mercedem,
1226 623 1384 666 quam
1409 605 1660 671 oportuit,

69 701 272 755 erroris
296 701 386 755 sui
422 701 478 755 in
506 702 801 769 semetipsis
834 702 1162 769 recipientes.
1214 702 1417 756 Tertia
1446 715 1662 769 quoque

76 794 402 849 traditionis
455 809 652 848 causas
685 794 907 849 videtur
956 795 1087 848 dare
1134 810 1256 849 cum
1301 794 1432 849 dicit
1467 794 1509 825 '“
1547 791 1660 847 :Et

70 885 203 937 sicut
229 900 344 938 non
367 885 713 953 probauerunt
730 885 904 940 Deum
936 885 1126 940 habere
1155 886 1211 939 in
1246 886 1516 951 notitiam,
1550 897 1663 939 tra-

70 976 207 1031 didit
241 978 373 1033 illas
417 978 556 1033 Deus
593 982 650 1033 in
682 981 961 1049 reprobum
1010 996 1245 1043 sensum,
1273 988 1330 1032 ut
1361 979 1565 1048 faciunt
1598 996 1660 1033 ea

72 1084 188 1134 qua:
218 1085 333 1121 non
363 1072 697 1136 conveniunt,
730 1072 952 1139 repletos
993 1072 1135 1124 omni
1166 1071 1468 1141 iniquitate,
1502 1071 1661 1124 mali-

75 1162 169 1220 tia,
198 1162 533 1229 ea‘terisqne
564 1160 888 1223 sceleribus,
920 1176 1044 1230 qua
1090 1173 1491 1231 consequenter
1523 1179 1659 1217 enu-

76 1260 270 1302 merat.
338 1251 530 1305 Verum
595 1253 975 1307 distinctiones
1031 1254 1151 1309 ista
1208 1270 1499 1309 causarum
1549 1273 1655 1309 non

76 1341 201 1393 inibi
248 1342 506 1395 videntur
535 1344 667 1396 satis
696 1360 998 1413 congruere
1031 1347 1099 1400 ad
1132 1361 1221 1413 ea,
1256 1362 1373 1415 qua
1424 1347 1656 1416 singulis

76 1434 387 1505 quibusque
430 1437 670 1505 subjecta
725 1440 799 1507 (7)
861 1447 1026 1503 sunt,
1076 1440 1327 1494 crimina.
1375 1440 1658 1506 Quomodo

75 1527 215 1579 enim
252 1527 591 1595 turpioribus
635 1528 857 1600 ﬂagitiis
888 1531 1125 1585 traditur
1159 1533 1204 1586 is
1252 1533 1344 1603 qui
1392 1544 1656 1587 creatura

77 1619 263 1684 servit,
278 1622 456 1691 magis
470 1635 630 1690 quam
651 1622 738 1676 ille
750 1624 840 1693 qui
860 1624 1086 1693 gloriam
1109 1623 1538 1694 incorruptibilis
1561 1625 1653 1679 Dei

1765 609 1850 653 cta
1873 609 2021 665 sunt,
2050 600 2323 669 quomodo
2348 597 2489 654 Deus
2508 600 2720 654 tradere
2745 601 2945 655 dicitur
2971 618 3085 669 eos,
3111 620 3341 675 quorum

1765 701 1918 746 actus
1953 700 2007 746 et
2029 692 2270 746 animum
2318 707 2348 745 a
2389 706 2448 747 se
2479 692 2845 747 declinantem
2886 705 2942 749 et
2978 697 3342 766 indulgentem

1766 786 1911 838 vitiis
1942 786 2280 840 abhorrescit
2325 792 2378 837 et
2421 784 2648 848 deserit,
2680 793 2736 839 et
2755 790 2949 841 eadem
2978 800 3225 858 repetere
3255 807 3345 845 suo

1765 877 2026 947 perfluum
2057 888 2207 947 puto.
2242 874 2358 931 Duo
2393 887 2519 931 sunt
2552 894 2683 932 sane
2712 894 2834 947 qua
2876 879 2930 934 in
2966 882 3068 937 hoc
3105 890 3225 936 loco
3259 885 3344 937 in-

1765 973 1933 1041 dicari
1988 986 2136 1035 reor,
2170 986 2401 1041 quorum
2430 971 2664 1025 alterum
2697 974 2973 1044 designari
3013 977 3227 1031 videtur
3273 994 3340 1034 ex

1764 1064 1959 1119 altero.
2013 1064 2236 1115 Certum
2288 1077 2526 1131 namque
2572 1072 2697 1126 est,
2734 1066 2875 1132 quod
2924 1066 2971 1121 si
3012 1083 3339 1136 quemquam

1765 1156 2054 1210 tradiderit
2079 1153 2193 1225 (10)
2225 1152 2370 1208 Deus
2395 1152 2476 1207 vel
2508 1154 2560 1208 in
2594 1155 2865 1212 desideria
2911 1160 3092 1214 cordis
3125 1162 3228 1224 sui,
3257 1159 3341 1217 vel

1763 1248 1818 1302 in
1847 1245 2126 1315 passiones
2174 1245 2503 1316 ignominia,
2546 1246 2630 1299 vel
2664 1247 2715 1300 in
2767 1250 3055 1315 reprobum
3087 1264 3332 1317 sensmn,

1761 1340 2021 1394 continuo
2079 1347 2339 1406 tanquam
2389 1338 2440 1390 in
2499 1348 2644 1392 terra
2697 1340 2931 1408 pessima
2965 1349 3017 1394 et
3068 1345 3340 1411 rcproba,

1760 1431 1940 1485 omnis
1975 1429 2064 1483 illa
2102 1430 2152 1482 in
2186 1444 2251 1482 co
2287 1429 2376 1497 qui
2412 1430 2670 1492 traditur,
2705 1445 2861 1499 seges
2886 1432 3178 1486 criminum
3226 1450 3339 1489 sur-

1760 1532 1871 1594 gat.
1902 1522 1969 1576 Et
2015 1538 2229 1576 rursum
2255 1523 2297 1576 si
2329 1524 2474 1591 quis,
2517 1539 2637 1577 cum
2670 1525 2984 1594 cognoverit
3012 1524 3200 1589 Deum,
3233 1544 3339 1583 non

1760 1614 1897 1668 sicut
1923 1611 2089 1667 Deum
2120 1612 2448 1682 magniﬁcet,
2471 1621 2560 1666 aut
2589 1614 2795 1683 gratius
2821 1623 2963 1683 agat,
2994 1617 3086 1669 sed
3110 1618 3181 1671 sit
3217 1617 3339 1674 talis

81 1715 127 1764 in
161 1712 581 1767 similitudinem
619 1712 872 1781 imaginis
897 1715 1268 1782 corruptibilis
1309 1716 1570 1779 hominis,
1600 1726 1655 1771 et

1814 1705 1976 1758 talem
2029 1719 2125 1774 per
2151 1704 2363 1773 singula
2412 1705 2745 1772 apostolicus
2784 1720 2964 1758 srrino
3008 1706 3337 1775 descripsit,

79 1803 386 1868 volucrum,
415 1814 468 1859 et
493 1805 930 1874 quadrupedum,
984 1815 1039 1861 et
1079 1809 1419 1877 serpentium
1471 1818 1649 1862 muta-

80 1895 192 1947 rit?
224 1896 342 1948 Aut
366 1895 638 1965 quomodo
660 1912 825 1965 Supra
854 1908 1148 1967 utrumque
1175 1899 1371 1953 borum
1407 1900 1553 1953 velut
1575 1899 1652 1971 (8)

77 1987 319 2041 cumini
374 1988 585 2041 cuidam
629 1989 918 2044 traduntur
968 1990 1233 2046 malorum
1290 1993 1346 2048 bi
1399 1994 1489 2063 qui
1545 2009 1652 2047 non

77 2078 447 2144 probaverunt
481 2079 645 2134 Deum
676 2080 881 2136 habere
927 2082 980 2137 in
1014 2085 1308 2139 notitiam?
1345 2084 1500 2141 Unde
1534 2101 1654 2140 ma-

76 2170 152 2240 gis
180 2172 324 2225 mihi
358 2172 613 2228 videntur
638 2191 828 2230 omnes
867 2177 949 2231 ha
987 2193 1189 2241 causa,
1229 2192 1352 2247 qua
1397 2179 1652 2235 traditio-

76 2261 228 2316 nibus
253 2264 491 2334 singulis
521 2266 911 2335 pra-fernntur.
951 2269 1003 2322 in
1040 2285 1205 2324 unum
1239 2275 1649 2336 coacervanda,

76 2364 126 2407 et
174 2371 375 2410 rursus
399 2360 775 2413 \traditionum
820 2361 1031 2431 species
1059 2363 1111 2415 in
1147 2378 1339 2432 unum,
1387 2376 1446 2419 ut
1477 2367 1648 2436 (verbi

76 2456 259 2513 causa)
288 2447 362 2499 ita
396 2446 639 2515 dicamus
675 2465 691 2503 :
726 2448 990 2515 Quoniam
1015 2453 1234 2521 quidem
1264 2454 1511 2511 homines
1533 2473 1652 2511 mn-

78 2546 331 2590 taverunt
361 2537 586 2607 gloriam
636 2539 1070 2609 incorruptibilis
1097 2542 1189 2596 Dei
1232 2544 1285 2597 in
1336 2545 1651 2600 sitnilitudi-

77 2643 187 2680 nem
220 2628 489 2699 imaginis
536 2629 1198 2700 corruptibilishominis,
1233 2643 1287 2688 et
1320 2635 1603 2690 volnerum
1630 2675 1648 2702 ,

79 2730 127 2773 et
171 2722 616 2791 quadrupedum,
648 2733 704 2777 et
755 2724 1088 2792 serpentium
1117 2741 1133 2790 ;
1168 2736 1223 2780 et
1251 2727 1378 2796 quia
1407 2744 1652 2783 commu.

79 2822 331 2868 taverunt
375 2815 667 2870 veritatem
708 2815 803 2869 Dei
853 2815 905 2869 in
939 2818 1319 2883 mendacium,
1354 2829 1411 2874 et
1460 2822 1649 2876 colue—

75 2910 214 2973 runt,
259 2910 321 2956 et
343 2902 647 2956 servierunt
679 2913 947 2958 creatura
975 2906 1153 2974 potius
1182 2923 1345 2977 quam
1376 2910 1645 2977 Creatori,

77 3006 165 3046 nec
193 2993 573 3061 probaverunt
623 2995 790 3049 Deum
837 2993 1043 3070 habere
1090 2996 1144 3051 in
1195 3000 1442 3054 notitiam
1477 3018 1490 3055 :
1524 3018 1646 3072 pro-

74 3092 183 3151 pter
208 3085 333 3138 hac
352 3085 534 3139 omnia
570 3085 793 3140 tradidit
824 3103 919 3142 eos
952 3088 1093 3143 Deus
1124 3090 1176 3145 in
1200 3090 1486 3146 desideriis
1517 3109 1642 3148 cor-

75 3174 150 3227 dis
169 3189 366 3229 eorum
402 3176 456 3230 in
483 3176 907 3244 immunditiam,
940 3190 1000 3235 ut
1038 3184 1382 3240 contumeliis
1403 3184 1642 3241 alliciant

75 3281 299 3335 corpora
334 3283 466 3331 sua;
517 3277 570 3323 et
602 3269 828 3324 tradidit
856 3285 951 3325 eos
986 3271 1039 3326 in
1086 3276 1370 3343 passiones
1404 3278 1639 3347 ignomi-

74 3360 188 3423 nia,
212 3371 275 3414 ut
302 3358 520 3415 femina
540 3375 727 3415 eorum
751 3360 1105 3420 immutarem
1126 3368 1429 3422 naturalem
1460 3385 1637 3434 usum,

77 3451 121 3503 in
147 3467 271 3505 eum
305 3453 397 3521 qui
433 3461 588 3506 extra
626 3467 879 3511 naturam
908 3468 1018 3513 est.
1050 3459 1317 3515 Similiter
1341 3476 1555 3530 quoque
1587 3472 1641 3517 et

76 3544 287 3597 masculi
317 3544 420 3614 (9).
447 3544 637 3600 relicto
661 3548 897 3602 naturali
935 3565 1034 3604 nsu
1080 3550 1317 3616 femina,
1346 3554 1643 3607 accenden-

77 3644 151 3687 tur
179 3636 233 3688 in
269 3634 600 3691 desiderium
638 3639 723 3692 sui
774 3640 1030 3708 invicem,
1072 3646 1303 3699 masculi
1338 3645 1391 3699 in
1427 3661 1639 3699 mascu-

78 3725 147 3779 los
192 3729 587 3797 turpitudinem
637 3741 950 3800 operantcs.
1004 3738 1110 3791 Sed
1160 3748 1209 3793 et
1270 3739 1494 3794 tradidit
1543 3754 1638 3793 eos

75 3815 203 3873 Deus
237 3821 295 3875 in
330 3824 623 3892 reprobum
653 3844 895 3898 sensum,
929 3840 989 3885 ut
1035 3831 1235 3887 faciant
1268 3849 1330 3888 ea
1376 3849 1498 3902 qua
1529 3852 1634 3889 non

74 3912 416 3979 conveniunt,
443 3918 571 3985 quia
602 3930 759 3973 erant
783 3922 975 3991 repleti
1006 3922 1153 3977 omni
1191 3923 1498 3991 iniquitate,
1522 3939 1636 3977 ma-

73 4000 199 4067 litia,
226 4007 582 4076 nequitiaque
611 4020 667 4064 et
699 4012 952 4077 avaritia,
988 4014 1246 4083 plenique
1282 4025 1442 4069 erant
1490 4018 1635 4071 invi-

75 4094 169 4157 dia,
198 4094 537 4164 lemicidiis,
583 4102 958 4169 contentione,
987 4105 1135 4170 dolo,
1167 4114 1224 4160 et
1252 4107 1488 4173 cateris,
1512 4124 1633 4179 qua

74 4186 263 4255 scripta
321 4198 483 4255 sunt,
538 4191 693 4246 malis
742 4210 755 4246 :
802 4198 1004 4264 quique
1050 4211 1173 4250 eum
1244 4200 1632 4265 cognovissent

68 4274 323 4343 justitiam
364 4277 479 4344 Dei,
513 4297 617 4335 non
657 4284 1041 4340 intellexerunt
1074 4287 1216 4342 hanc
1263 4304 1405 4353 esse,
1444 4300 1505 4345 ut
1533 4292 1629 4362 qui

75 4368 189 4422 talia
219 4381 386 4434 agunt
412 4372 557 4441 digni
588 4374 701 4428 sint
726 4386 921 4443 morte,
955 4392 1059 4431 non
1090 4378 1263 4432 solum
1294 4382 1385 4449 qui
1418 4382 1628 4438 faciunt

72 4457 172 4525 illa,
210 4467 307 4514 sed
338 4473 392 4516 et
422 4464 511 4533 qui
546 4469 888 4522 consentiunt
918 4468 1267 4527 facientibus.
1294 4473 1360 4527 Et
1390 4475 1513 4529 ideo
1531 4491 1631 4544 pro

71 4548 148 4605 bis
171 4553 427 4608 omnibus
460 4555 614 4610 malis
658 4558 1059 4615 inexcusabiles
1092 4573 1256 4616 erunt
1285 4605 1300 4628 ,
1331 4565 1457 4617 dum
1492 4566 1631 4622 alios

72 4640 117 4694 in
154 4644 236 4697 his
263 4683 281 4705 ,
311 4659 431 4713 qua
462 4646 560 4712 ipsi
591 4657 756 4717 agunt
783 4688 798 4713 ,
832 4649 1130 4705 sceleribus
1171 4660 1227 4706 et
1253 4652 1523 4721 judicant,
1574 4663 1630 4709 et

70 4736 443 4791 condemnant.
478 4736 550 4792 De
588 4752 646 4793 se
686 4740 834 4793 enim
870 4742 1186 4809 pronuntiat
1232 4744 1377 4812 quis,
1404 4759 1526 4799 cum
1562 4746 1629 4801 de

71 4825 146 4879 bis
172 4844 291 4896 qna
322 4829 439 4896 ipse
464 4829 779 4895 committit,
814 4829 981 4885 alium
1010 4832 1181 4901 punit.
1225 4831 1481 4888 Arbitror
1514 4849 1620 4888 au-

128 4947 170 4979 "
201 4945 360 4999 Rom.
389 4961 428 5008 ι,
459 4944 552 5007 28,
588 4959 702 5014 seq.

154 5040 203 5107 7)
236 5040 507 5109 Subjecta.
552 5039 711 5101 Editi,
746 5038 974 5107 objecta.

150 5110 203 5170 8)
232 5109 401 5166 Velut.
433 5109 597 5174 Etlill,
626 5111 724 5163 vel.

224 5180 360 5262 Brutti
396 5189 450 5233 et
476 5193 615 5262 ‘ntss‘.’
642 5175 1200 5262 .pler‘ique,nsimiliter
1229 5186 1399 5260 autem
1428 5188 1476 5261 et
1505 5196 1618 5261 ma-

68 5247 208 5303 sculi.
242 5248 345 5303 Sed
393 5263 440 5302 et
470 5249 698 5301 tradidit
741 5248 862 5302 illos
906 5247 1048 5303 Deus
1069 5287 1083 5311 ,
1117 5258 1247 5306 etc..
1288 5251 1503 5304 omissis
1533 5251 1619 5303 in-

71 5319 355 5413 Eanﬂediis,
388 5333 507 5388 qua
555 5318 920 5373 restituuntur
967 5334 1033 5375 ex
1088 5333 1190 5372 ms.
1232 5316 1425 5387 Regio,
1464 5335 1615 5375 num.

72 5389 215 5442 1639.

128 5458 233 5528 (10)
261 5457 337 5512 Ita
378 5472 483 5512 ms.
513 5456 711 5528 Regius
739 5472 889 5528 num.
922 5456 1080 5528 1639.
1104 5456 1297 5528 caeteri
1329 5473 1454 5513 vero
1480 5474 1613 5513 mss.

73 5526 264 5593 nostri,
295 5537 350 5582 et
382 5528 551 5581 editio
586 5526 786 5580 Veneta
818 5526 1101 5593 Theophili
1132 5527 1441 5597 Salotliani,
1471 5530 1614 5597 quod

70 5597 107 5646 si
142 5600 346 5665 quidem
386 5597 689 5667 tradiderit,
722 5607 829 5651 etc.
862 5596 969 5650 Alii
1012 5596 1163 5667 e_diti,
1213 5600 1353 5667 quod
1389 5598 1435 5651 si
1462 5596 1614 5666 quem

70 5664 352 5730 tradiderit,
382 5677 489 5723 etc.
520 5666 688 5720 Paulo
733 5676 855 5733 post
885 5681 988 5720 ms.
1026 5664 1234 5736 Regina
1262 5684 1411 5721 num.
1449 5664 1610 5731 1641,

70 5738 223 5788 omnis
261 5736 399 5789 mala
436 5736 490 5788 in
522 5752 674 5788 eo....
719 5751 861 5804 seges
899 5736 1196 5800 criminum,
1229 5747 1333 5793 etc.
1370 5738 1474 5793 Sed
1507 5752 1612 5792 ca-

71 5808 160 5857 tcri
184 5822 311 5863 mss.
348 5818 400 5861 et
426 5807 556 5861 editi
586 5807 721 5860 utin
755 5815 919 5859 textu.

1672 3066 1708 3124 ί

1664 4428 1709 4483 D

1757 1795 1980 1849 dnbinnt
2035 1810 2142 1848 non
2188 1804 2272 1848 est
2320 1792 2693 1862 hujuscemodi
2731 1795 2968 1848 animam
3025 1797 3338 1851 derelictam

1755 1901 1877 1942 esse
1906 1902 1936 1940 a
1966 1883 2099 1945 Deo.
2131 1894 2187 1938 et
2212 1886 2494 1939 traditam.
2521 1883 2712 1955 Neque
2752 1887 2903 1939 enim
2950 1887 3206 1955 possibile
3255 1895 3341 1946 est

1754 1996 1877 2035 cum
1907 1979 1990 2035 his
2024 1979 2180 2033 malis
2215 1979 2589 2033 habitaculum
2633 1995 2757 2034 esse
2786 1978 2916 2042 Deo,
2947 1990 3041 2034 aut
3076 1981 3187 2035 hac
3216 1997 3335 2037 ma-

1754 2071 1802 2125 la
1830 2073 1955 2125 inde
1981 2074 2275 2141 procedere
2308 2071 2398 2126 ubi
2434 2072 2644 2126 habitat
2674 2071 2836 2128 Deus.
2872 2074 3072 2129 Verum
3118 2082 3243 2146 quia
3279 2079 3335 2133 in

1755 2164 1840 2218 bis
1871 2164 2044 2218 tribus
2077 2165 2361 2219 universas
2385 2165 2685 2234 impietatis
2732 2168 2944 2235 species
2983 2184 3337 2227 enumerasse

1756 2257 1975 2310 videtur
2001 2258 2319 2327 Apostolus,
2359 2258 2442 2312 vel
2469 2274 2658 2312 eormn
2701 2260 2797 2328 qui
2839 2261 2978 2315 idola
3013 2264 3223 2327 colunt,
3254 2266 3334 2320 vel

1753 2365 1940 2404 eorum
1974 2350 2066 2419 qui
2097 2360 2365 2405 creatura
2411 2352 2727 2406 deserviunt
2768 2356 2949 2424 potius
2974 2371 3136 2425 quam
3162 2358 3332 2411 Crea-

1754 2442 1882 2505 tori,
1918 2443 2014 2496 sed
2049 2452 2315 2497 eteorum
2346 2443 2436 2511 qui
2468 2458 2572 2497 non
2624 2445 2998 2512 probaverunt
3031 2445 3197 2501 Deum
3238 2448 3335 2502 ha-

1753 2536 1881 2589 bere
1925 2536 1979 2588 in
2030 2535 2281 2589 notitiam
2317 2551 2332 2588 :
2368 2534 2421 2588 in
2454 2550 2684 2602 quorum
2719 2537 2897 2606 primo
2932 2538 3088 2593 titulo
3128 2540 3334 2608 promi-

1750 2642 1881 2682 scue
1919 2628 2139 2696 pagani,
2176 2626 2231 2680 in
2279 2625 2389 2680 alio
2430 2626 2709 2696 sapientes
2730 2643 2919 2683 eorum
2943 2640 2996 2684 et
3022 2630 3332 2700 philosophi

1751 2720 2114 2788 designantur
2151 2736 2165 2773 :
2198 2727 2332 2788 puto
2380 2720 2523 2787 quod
2573 2719 2626 2771 in
2677 2720 2780 2774 hoc
2815 2721 2975 2775 tertio
3024 2722 3333 2778 iudicentur

1750 2811 1992 2868 baretici
2021 2811 2107 2867 vel
2152 2821 2454 2865 creatorem
2489 2810 2660 2865 Deum
2708 2824 2990 2882 negantes,
3035 2814 3115 2867 vel
3148 2815 3332 2870 diver-

1751 2920 1842 2959 sas
1875 2903 2239 2973 blasphemias
2267 2902 2322 2956 in
2369 2901 2657 2957 Excelsum
2705 2903 3010 2972 loquentes.
3067 2905 3239 2975 Igitur
3278 2908 3325 2964 si

1751 2995 1951 3064 singuli
1983 2995 2098 3065 (11)
2133 2996 2338 3063 quique
2374 2994 2593 3055 horum,
2618 3008 2755 3062 quos
2797 3010 2965 3063 supra
3008 2996 3246 3054 diximus
3272 2998 3327 3052 in

1749 3088 1901 3142 cultu
1928 3088 2233 3141 divinitatis
2268 3101 2476 3150 errare,
2500 3086 2697 3140 talibus
2726 3087 2989 3141 malorum
3028 3088 3199 3143 titulis
3226 3090 3323 3145 dc-

1748 3184 2056 3251 signantnr,
2108 3194 2206 3233 nos
2240 3179 2331 3249 qui
2367 3181 2618 3235 videmur
2650 3181 2701 3233 in
2749 3180 2989 3233 Ecclesia
3026 3196 3148 3235 esse
3186 3182 3326 3252 (12),

1749 3280 1804 3326 et
1855 3270 2016 3325 fidem
2075 3278 2280 3323 rectam
2340 3277 2570 3333 tenere,
2621 3268 3030 3322 consideremus
3088 3276 3328 3323 nosmet-

1751 3362 1918 3432 ipsos,
1950 3367 2006 3416 et
2036 3360 2189 3415 omni
2223 3359 2719 3430 circumspectione
2747 3374 3042 3427 pensemus
3087 3374 3153 3413 ne
3186 3360 3326 3414 forte

1747 3455 1865 3510 solo
1891 3456 1959 3509 ab
1995 3455 2082 3509 his
2113 3454 2229 3509 veri
2275 3453 2453 3511 cultus
2486 3454 2707 3507 nomine
2734 3453 2969 3521 separati
2995 3492 3011 3516 ,
3052 3453 3215 3509 rebus
3241 3457 3325 3508 eis

1747 3557 1912 3616 atque
1947 3547 2161 3601 actibus
2194 3545 2488 3600 sociemur.
2518 3543 2741 3598 Certum
2776 3554 2860 3598 est
2888 3545 3032 3601 enim
3074 3545 3197 3613 quia
3223 3546 3325 3614 qui

1747 3638 2125 3709 (verbieausa)
2154 3636 2393 3705 repletus
2421 3644 2505 3689 est
2529 3636 2836 3703 iniquitate,
2869 3635 3099 3701 malitia,
3131 3638 3325 3706 nequi-

1747 3732 1845 3796 tia,
1899 3730 2154 3794 avaritia,
2208 3745 2316 3782 non
2349 3727 2603 3796 probavit
2633 3728 2744 3797 (15)
2804 3728 2968 3782 Deum
3017 3729 3223 3783 habere
3266 3729 3319 3783 in

1744 3821 2016 3886 notitiam,
2064 3829 2118 3873 et
2166 3828 2253 3872 est
2302 3819 2369 3871 de
2417 3831 2643 3870 numero
2684 3832 2871 3870 eorum
2913 3832 3050 3885 quos
3099 3818 3322 3871 tradidit

1743 3910 1887 3965 Deus
1915 3911 1968 3965 in
2019 3910 2314 3979 reprobum
2367 3922 2610 3963 sensum.
2646 3908 2709 3961 Et
2743 3908 2938 3961 iterum
2969 3922 3201 3977 quorum
3240 3908 3319 3961 te.

1741 4005 1921 4067 mina,
1972 4003 2054 4057 vel
2084 4001 2328 4062 masculi.
2368 3999 2556 4055 relicto
2584 3999 2816 4054 naturali
2852 4014 2975 4064 usu,
3011 3999 3319 4052 accendun~

1743 4104 1829 4149 tur
1853 4095 1906 4148 in
1937 4109 2059 4148 eum
2082 4107 2236 4146 nsum
2259 4090 2352 4160 qui
2381 4100 2565 4145 contra
2593 4099 2844 4143 naturam
2868 4097 2971 4153 est,
2996 4098 3205 4142 certum
3233 4099 3319 4142 est

1739 4185 1863 4255 quia
1896 4200 1964 4239 ex
1996 4185 2210 4239 illorum
2240 4197 2466 4237 numero
2489 4191 2615 4236 sunt
2641 4181 2732 4250 qni
2765 4181 3012 4234 serviunt
3044 4189 3314 4235 creatura

1738 4279 1919 4348 potius
1951 4292 2113 4348 quam
2145 4276 2417 4339 Creatori,
2440 4284 2495 4329 et
2526 4289 2662 4343 quos
2697 4273 2916 4328 tradidit
2940 4272 3082 4326 Deus
3110 4271 3163 4325 in
3187 4286 3315 4340 pas-

1738 4372 1917 4425 siones
1944 4370 2268 4438 ignominia.
2310 4366 2417 4421 Sed
2443 4377 2498 4422 et
2531 4369 2575 4423 si
2608 4366 2697 4436 qui
2728 4365 2781 4420 in
2814 4364 3153 4419 immunditia
3182 4377 3317 4420 con-

1740 4464 1979 4518 tumeliis
2014 4461 2253 4515 adiciant
2297 4474 2526 4529 corpora
2575 4474 2709 4522 sua,
2762 4473 2826 4511 ex
2882 4456 2985 4511 illis
3038 4465 3166 4511 sunt
3211 4456 3306 4523 qui

1736 4566 2205 4613 commutaverunt
2232 4554 2455 4623 gloriam
2481 4550 2909 4621 ineorruptibilis
2949 4549 3040 4602 Dei
3079 4548 3130 4602 iu
3164 4548 3315 4602 simi-

1737 4651 2017 4705 litudinem
2066 4650 2320 4718 imaginis
2365 4647 2643 4710 hominis;
2706 4645 2806 4699 nisi
2848 4644 2994 4713 quod
3028 4641 3141 4713 (H)
3186 4657 3314 4709 gra-

1734 4742 1887 4796 viore
1915 4738 2203 4808 sacrilegio
2238 4740 2283 4792 is
2310 4738 2400 4807 qni
2420 4737 2532 4807 jam
2567 4736 2740 4790 fidelis
2765 4745 2869 4798 est,
2902 4733 3158 4802 templum
3188 4731 3306 4795 Dei,

1732 4850 1896 4907 quam
1940 4832 2201 4906 profanus
2230 4832 2407 4887 adhuc
2441 4832 2700 4902 templum
2752 4828 3089 4884 contaminat
3137 4827 3311 4882 idolo-

1821 5038 1908 5105 11)
1936 5039 2077 5094 Editi
2102 5049 2156 5093 et
2189 5054 2289 5093 ms.
2321 5053 2485 5101 unus,
2520 5037 2700 5105 Igitur
2720 5039 2935 5104 singuli.

1824 5106 1910 5176 12)
1949 5110 2110 5175 Etliti,
2142 5110 2198 5162 in
2228 5106 2465 5163 Ecclesia
2515 5109 2672 5175 ﬁdem
2720 5119 2914 5161 rectam
2962 5116 3157 5176 tenere,
3188 5122 3300 5171 etc.

1820 5178 1907 5252 15)
1941 5179 2036 5252 Sic
2063 5195 2196 5234 mss.
2225 5189 2280 5234 et
2308 5178 2580 5252 Rabanns.
2616 5178 2757 5231 Editi
2784 5191 2930 5244 vero,
2963 5179 3284 5252 quia'(uerbi

1722 5248 1902 5317 causa)
1928 5249 2241 5317 repletus....
2264 5266 2366 5302 non
2394 5248 2673 5317 probatur,
2696 5257 2805 5302 etc.

1799 5316 1913 5393 (14)
1943 5321 2019 5393 Ita
2046 5335 2147 5393 ins.
2183 5318 2386 5393 Regius
2412 5333 2560 5393 num.
2610 5317 2779 5393 i639.
2801 5316 3063 5393 Similiter
3094 5330 3150 5376 et
3182 5323 3299 5378 lla-

1724 5388 1921 5454 bantts,
1958 5390 2057 5462 nisi
2088 5389 2235 5462 quod
2266 5388 2507 5450 omittat,
2535 5388 2589 5439 in
2620 5388 3016 5462 similitudinem
3040 5392 3297 5462 imaginis

1724 5462 1977 5532 hominis.
2014 5459 2212 5532 iCateri
2272 5472 2402 5511 vero
2438 5471 2568 5532 mss.
2606 5467 2659 5532 et
2686 5458 2853 5532 editi,
2901 5462 2992 5512 sed
3031 5471 3082 5514 et
3128 5458 3173 5516 si
3208 5466 3300 5532 qui

1721 5530 2057 5585 immunditia
2101 5545 2150 5582 et
2194 5525 2524 5581 contumeliis
2571 5528 2804 5597 afficiant
2853 5538 2979 5595 (ms.
3010 5547 3149 5586 unus
3194 5525 3295 5586 lie-

1720 5601 1864 5671 gius,
1900 5601 1989 5653 sed
2023 5609 2068 5651 et
2097 5600 2282 5671 qui....
2313 5597 2580 5671 afﬁciunt)
2617 5614 2836 5655 corpora
2892 5616 2987 5651 sua
3018 5640 3032 5659 ,
3083 5618 3145 5655 ex
3185 5604 3298 5658 illis

1718 5665 1837 5723 s'unt
1858 5670 2007 5740 (editi
2034 5665 2291 5740 Ot‘lrlllltlltl
2316 5665 2460 5740 sunt)
2492 5669 2581 5736 qui
2602 5672 3296 5739 commttlaverttntgloriam

1722 5736 2136 5808 incorruptibilis
2176 5738 2302 5800 Dei;
2338 5738 2439 5790 nisi
2472 5740 2617 5807 quia,
2688 5760 2756 5791 tt.
