3754 6540
467 337 565 394 871

1954 332 2274 393 ΟΒΙΕΕΝΙδ

3572 347 3647 403 872

464 470 608 510 rum.
636 453 752 509 Non
775 452 945 527 476
971 464 1059 511 est
1089 469 1221 512 sane
1260 460 1669 528 praetereundus
1700 474 1768 515 ne
1803 459 1905 514 iste
1932 460 2046 528 qui-
2073 465 2117 520 Α
2150 456 2387 525 imagine
2419 452 2513 509 Dei
2561 464 2770 521 errant,
2800 454 3023 511 audiant
3048 472 3205 525 quem
3244 458 3388 512 dicat
3412 473 3524 516 esse
3543 464 3650 532 Apo-

466 547 586 599 dem
607 546 941 616 apostolicus
965 561 1165 614 sermo,
1190 548 1240 601 in
1276 566 1384 619 quo
1404 550 1588 605 dicens
1615 549 1751 623 (15),
1784 551 2039 620 quoniam

464 648 915 692 commutaverunt
973 641 1195 711 gloriam
1254 643 1669 711 incorruptibilis
1718 644 1814 697 Dei
1862 644 1919 697 in
1962 646 2039 696 si-

462 729 815 783 militudinem
859 732 1108 801 imaginis
1159 733 1405 800 hominis,
1452 751 1555 789 non
1603 736 1777 789 solum
1818 750 1914 791 eos
1947 736 2039 806 qui

466 818 609 872 idola
662 820 847 883 colunt
898 837 1129 892 arguere
1157 862 1172 887 ,
1226 825 1321 878 sed
1367 835 1420 880 et
1453 826 2042 896 Anthropomorphitas

463 910 850 979 intelligendus
910 925 995 968 est
1045 915 1326 970 confutare
1368 915 1481 988 (16)
1510 956 1523 981 ,
1565 918 1655 987 qui
1698 918 1750 971 in
1799 917 2040 972 Ecclesia

463 1001 627 1068 positi
654 1002 943 1069 imaginem
979 1020 1297 1076 corpoream
1327 1007 1587 1072 hominis,
1617 1008 1709 1062 Dei
1741 1023 1862 1064 esse
1898 1010 2040 1064 ima-

463 1089 643 1158 ginem
671 1092 882 1157 dicunt,
911 1094 1227 1164 ignorantes
1262 1096 1393 1152 illttd
1427 1100 1570 1167 quod
1600 1099 1652 1153 in
1681 1099 1877 1155 Genesi
1906 1100 2043 1154 scri-

462 1192 615 1248 ptum
651 1194 756 1246 est,
786 1186 853 1239 ad
892 1187 1182 1258 imaginem
1218 1189 1311 1244 Dei
1338 1190 1541 1246 factum
1564 1207 1685 1246 esse
1716 1193 1990 1247 hominem
2023 1211 2037 1248 :

464 1272 530 1326 de
558 1289 665 1341 quo
693 1276 913 1330 homine
952 1280 1081 1348 quid
1134 1282 1478 1336 sentiendum
1523 1284 1615 1347 sit,
1667 1285 1734 1337 ab
1782 1283 2042 1354 Aposlulo

463 1362 852 1431 interpretatur
897 1382 1018 1421 cum
1069 1368 1202 1422 dicit
1246 1369 1407 1439 (l7):
1448 1361 1773 1440 Depo'nentes
1822 1384 2040 1427 veterem

456 1453 722 1527 hominem
763 1474 880 1510 cum
910 1460 1117 1515 actibus
1159 1463 1269 1516 suis
1299 1463 1365 1527 τ’,
1408 1473 1457 1517 et
1504 1465 1777 1518 induentes
1810 1482 1996 1519 novum
2022 1504 2039 1531 ,

461 1546 552 1614 qui
589 1549 877 1600 secundum
918 1549 1082 1603 Deum
1127 1563 1335 1606 creatus
1360 1565 1435 1606 est
1466 1554 1533 1608 ⁷³.
1564 1555 1732 1609 Audis
1765 1555 1891 1623 quia
1920 1570 2041 1609 ηιιοο

462 1652 585 1689 vum
645 1637 920 1692 hominem
970 1642 1102 1695 dicit
1162 1644 1461 1698 secundum
1526 1646 1692 1699 Deum
1742 1646 2041 1700 creatum?

466 1724 620 1780 Hunc
648 1737 827 1781 autem
858 1733 1106 1784 eumdem
1154 1748 1349 1786 novum
1391 1734 1688 1799 hominem,
1716 1735 1842 1789 alibi
1880 1735 1926 1767 ⁷³
1952 1738 2039 1790 in-

462 1815 704 1869 teriorem
730 1817 993 1871 hominem
1036 1831 1191 1874 vocat
1217 1839 1229 1874 :
1264 1822 1673 1892 corruptibilem
1703 1837 1835 1876 vero
1867 1824 2037 1889 hunc,

464 1906 619 1973 cujus
639 1907 727 1961 hic
777 1908 1066 1977 imaginem
1122 1913 1365 1980 respuit,
1418 1914 1742 1967 exteriorem
1776 1895 2040 1982 nominat,

464 2013 586 2050 cum
627 1999 799 2054 dicit:
840 2000 980 2054 Nam
1017 2012 1067 2055 et
1109 2006 1153 2057 si
1202 2006 1248 2058 is
1286 2005 1377 2075 qui
1404 2004 1536 2074 foris
1572 2016 1647 2058 est
1677 2007 1832 2058 homo
1860 2016 2041 2059 noster

2143 549 2316 603 stolus
2363 547 2634 603 hominem
2669 550 2761 620 qui
2796 551 2863 605 ad
2911 551 3203 620 imaginem
3234 551 3327 606 Dei
3354 566 3550 608 creatus
3573 570 3647 622 est,

2143 657 2266 696 cum
2297 640 2364 695 ad
2393 638 2750 696 Colossenses
2778 644 2881 696 huc
2911 643 3071 697 modo
3103 643 3289 697 scribit
3323 662 3337 698 :
3379 643 3650 701 Nolitetm-

2142 734 2272 797 tiri,
2324 733 2541 802 inquit,
2574 732 2858 801 spoliantes
2901 749 2987 787 vos
3020 744 3240 788 veterem
3289 735 3529 789 hominem
3566 755 3650 792 cum
3714 732 3715 801 ξ

2141 826 2349 879 actibus
2396 825 2529 887 suis,
2565 833 2614 877 et
2653 824 2928 878 induentes
2967 841 3188 890 novum,
3217 827 3305 892 qui
3343 832 3649 886 renouatsritt

2143 918 2405 987 agnitione
2449 914 2566 985 (18)
2623 915 2907 969 secundum
2943 917 3221 987 imaginem
3278 918 3391 987 ejus
3438 921 3519 987 qui
3545 937 3650 974 cm-

2143 1008 2214 1062 uit
2235 1024 2352 1061 eum
2376 1008 2442 1061 ".
2467 1007 2544 1061 Ex
2573 1009 2772 1076 quibus
2799 1009 3080 1063 evidenter
3104 1009 3360 1075 ostendit,
3394 1012 3521 1079 quod
3544 1013 3646 1066 inte-

2146 1100 2259 1153 rior
2286 1099 2469 1163 homo,
2513 1099 2603 1167 qui
2640 1114 2737 1167 per
2771 1099 3103 1169 agnitionem
3143 1113 3453 1167 renovatur,
3486 1105 3579 1172 ipse
3602 1108 3648 1158 ad
3714 1099 3715 1172 ξ

2145 1190 2438 1257 imaginem
2495 1189 2588 1245 Dei
2634 1201 2853 1244 creatus
2886 1200 2990 1247 est.
3030 1192 3135 1259 Qui
3161 1202 3341 1247 autem
3386 1195 3646 1248 exteriorem

2145 1282 2418 1336 hominem
2447 1322 2462 1345 .
2513 1282 2566 1336 id
2597 1293 2679 1337 est
2709 1298 3031 1354 corporeum
3068 1297 3125 1338 et
3158 1286 3565 1354 corruptibilem,
3603 1291 3648 1341 ad
3714 1292 3715 1363 ᾗ

2144 1374 2432 1444 imaginem
2467 1373 2564 1427 Dei
2596 1390 2718 1429 esse
2741 1377 2948 1441 dicunt,
2986 1392 3107 1430 cum
3136 1378 3220 1432 his
3250 1376 3319 1430 ab
3348 1378 3648 1447 Apostoloso-
3714 1374 3715 1423 ἒ

2142 1470 2377 1531 ciantur,
2405 1468 2498 1536 qui
2528 1472 2997 1522 cbmmutaverunt
3021 1469 3254 1535 gloriam
3288 1472 3650 1538 incorruptibilis

2143 1555 2237 1611 Dei
2271 1559 2323 1612 in
2358 1555 2770 1612 similitudinem
2825 1560 3079 1630 imaginis
3128 1563 3489 1633 corruptibilis
3524 1565 3650 1618 boaii-

2142 1648 2248 1701 nis.
2280 1648 2479 1702 Verum
2509 1650 2749 1717 oportuit
2777 1665 2843 1703 ne
2859 1649 2976 1704 haec
3008 1651 3224 1719 quidem
3251 1654 3305 1706 in
3335 1655 3651 1723 explanatione
3714 1650 3715 1677 λ

2140 1740 2419 1807 apostolici
2463 1741 2734 1796 sermonis
2778 1742 2981 1808 omitti,
3034 1752 3094 1798 ιιι
3138 1753 3193 1799 et
3242 1745 3294 1798 in
3349 1745 3444 1800 hoc
3470 1748 3650 1815 capitulo

2072 1834 2112 1864 υ
2144 1828 2384 1897 Apostoli
2440 1831 2581 1886 sicut
2626 1842 2682 1887 et
2727 1833 2779 1886 in
2826 1835 3038 1889 cmteris
3086 1836 3356 1905 plurimis,
3404 1840 3648 1907 Antliropo-
3714 1850 3715 1857 ‘

2144 1919 2452 1989 morphitze,
2491 1922 2542 1976 id
2577 1930 2662 1976 est
2700 1924 2794 1992 qui
2826 1939 3141 1994 corpoream
3167 1915 3280 2000 (19)
3322 1929 3536 2000 hominis
3559 1931 3652 1983 ima-

2140 2010 2366 2078 ginem,
2423 2013 2517 2068 Dei
2569 2029 2689 2070 esse
2729 2016 3022 2087 imaginem
3079 2020 3289 2085 dicunt,
3332 2021 3577 2075 convictos
3611 2037 3651 2075 te

462 2102 848 2160 corrumpatur,
891 2094 984 2147 sed
1021 2096 1111 2164 qui
1156 2096 1298 2150 intus
1337 2107 1413 2151 est
1448 2107 1729 2152 renovatur
1764 2099 1831 2155 ⁷⁸.
1878 2099 1941 2152 Ει
1983 2100 2039 2154 ut
2136 2110 2192 2155 et
2233 2102 2542 2159 confutatos
2580 2120 2700 2161 esse
2735 2120 3146 2177 cognoscerent.
3192 2110 3301 2165 Sed
3355 2126 3447 2166 nos
3488 2110 3578 2180 jam
3616 2113 3650 2168 ia

460 2183 671 2252 ptanius
720 2184 898 2240 adhuc
948 2185 1066 2253 ejus
1098 2190 1425 2243 sententiam
1475 2191 1653 2246 sciant
1701 2191 1793 2245 isti
1844 2192 1935 2261 qui
1969 2193 2038 2246 de
2136 2193 2224 2249 his
2282 2197 2668 2253 continentiam
2722 2201 2884 2271 primi
2936 2203 3226 2260 voluminis
3271 2206 3627 2262 concludamus.

469 2404 3633 2445 —-————_______________.______________

1545 2642 1909 2734 LIBER
1998 2646 2653 2744 SECUNDUS.

2052 2873 2128 2884 σι..-

2520 2924 2555 2943 ρ

528 3056 583 3112 1.
627 3075 646 3108 ι
679 3054 896 3111 Scimus
922 3064 1104 3110 autem
1125 3055 1381 3126 quoniam
1406 3056 1675 3125 judicium
1706 3056 1802 3113 Dei
1827 3066 1913 3115 est
1947 3073 2030 3114 se-
2056 3070 2102 3127 ρ
2134 3065 2296 3120 corda
2335 3066 2613 3121 hominum
2653 3062 2815 3122 nosse
2842 3068 3011 3126 solius
3041 3069 3132 3125 Dei
3162 3082 3272 3135 est,
3302 3081 3357 3128 et
3386 3071 3557 3126 mentis
3581 3085 3649 3124 sco

457 3149 690 3204 cundum
718 3146 1006 3202 veritatem
1031 3148 1082 3200 in
1110 3161 1205 3201 eos
1234 3149 1325 3216 qui
1360 3146 1487 3200 talia
1527 3157 1693 3217 agunt
1725 3149 1791 3202 ⁷⁷.
1816 3168 1837 3205 ι
1869 3148 2031 3205 Jndi-

457 3240 600 3295 cium
630 3239 847 3309 quidem
897 3238 989 3293 Dei
1041 3239 1337 3292 secundum
1370 3237 1683 3297 veritatem.
1713 3254 1819 3293 non
1854 3242 2028 3294 solum

456 3330 512 3385 in
544 3330 742 3399 eosqui
776 3330 889 3383 haec
917 3337 1087 3397 agunt
1118 3343 1238 3397 qua:
1251 3328 1504 3397 superius
1532 3340 1852 3383 enumerata
1877 3340 2029 3396 sunt,

455 3435 647 3474 verum
679 3430 735 3474 et
759 3421 814 3472 in
835 3434 1026 3474 omnes
1049 3420 1141 3488 qui
1174 3434 1392 3488 quoquo
1413 3420 1572 3475 modo
1601 3420 1725 3476 boni
1753 3423 1882 3492 quid
1913 3440 2033 3478 ma-

458 3509 564 3562 live
616 3508 730 3581 (20)
779 3519 1085 3579 gesserunt,
1119 3510 1546 3577 exspectandum
1586 3521 1671 3566 est
1715 3522 1772 3567 et
1804 3516 2033 3568 creden-

453 3603 603 3658 dum.
628 3602 732 3655 Sed
764 3601 895 3656 illud
929 3610 1012 3656 est
1039 3603 1181 3672 quod
1223 3604 1277 3658 in
1318 3606 1435 3661 loco
1466 3608 1569 3662 hoc
1605 3608 1818 3665 videtur
1843 3620 2033 3667 osten-

452 3695 504 3749 tli
536 3694 697 3764 :quia
726 3694 891 3750 solius
923 3695 1017 3750 Dei
1063 3696 1132 3751 sit
1159 3698 1267 3767 (21)
1298 3701 1598 3756 secundum
1637 3703 1919 3758 veritatem
1941 3705 2034 3774 ju-

452 3791 671 3846 dicium.
740 3791 880 3847 Sunt
932 3793 1078 3848 enim
1134 3796 1378 3864 quaedam
1438 3814 1560 3868 quae
1621 3802 2032 3858 committuntur

451 3900 617 3955 opere
642 3885 859 3955 quidem
889 3886 1064 3948 malo.
1099 3888 1281 3942 animo
1313 3898 1495 3945 autem
1526 3907 1637 3947 non
1676 3895 1817 3949 malo
1849 3911 1861 3947 :
1893 3904 1955 3950 ut
1984 3894 2031 3951 si

452 3985 597 4053 quis,
633 3983 783 4037 verbi
822 3997 1007 4045 causa,
1036 3981 1395 4037 homicidium
1425 3996 1530 4036 non
1562 3981 1843 4038 voluntate
1873 3998 2028 4037 com-

452 4076 681 4131 miserit.
723 4075 790 4129 Et
819 4075 925 4129 alia
958 4074 1093 4128 fiunt
1121 4089 1285 4143 opere
1322 4074 1543 4144 quidem
1580 4074 1756 4137 bono,
1782 4073 1882 4127 sed
1904 4073 2027 4127 ani-

451 4182 541 4222 mo
573 4183 697 4227 non
744 4167 885 4222 bono
911 4182 926 4219 :
952 4178 1012 4220 ttt
1055 4167 1101 4221 si
1139 4167 1264 4236 quis
1294 4165 1754 4228 misericordiam,
1785 4181 1893 4219 non
1929 4180 2026 4234 pro

453 4257 709 4311 mandato
737 4257 828 4312 Dei
862 4255 995 4329 (22),
1029 4257 1124 4311 sed
1175 4267 1234 4312 ut
1283 4258 1534 4312 laudetur
1576 4257 1643 4311 ab
1689 4257 2021 4323 hominibus,

451 4347 635 4402 faciat.
664 4346 781 4401 Alia
811 4363 945 4402 vero
969 4359 1094 4402 sunt
1132 4349 1185 4403 in
1221 4350 1417 4419 quibus
1450 4350 1566 4404 sive
1596 4349 1651 4403 in
1682 4349 1852 4413 bono,
1908 4349 2026 4404 sive

2140 3166 2285 3212 creta
2339 3159 2680 3230 dignoscere,
2711 3163 2913 3219 idcirco
2942 3164 3055 3234 ipse
3083 3165 3232 3219 solus
3262 3166 3461 3234 estqui
3499 3179 3646 3218 secun-

2137 3249 2265 3303 dum
2294 3253 2578 3307 veritatem
2608 3263 2789 3323 potest
2827 3256 3031 3310 habere
3051 3256 3342 3326 judicium.
3377 3256 3475 3311 Sed
3509 3253 3647 3321 requi-
3714 3272 3715 3277 η

2138 3344 2299 3409 ritur,
2327 3344 2370 3397 si
2402 3358 2527 3413 erga
2562 3360 2657 3401 eos
2690 3347 2804 3418 (24)
2833 3364 3060 3414 quorum
3087 3350 3332 3404 remissae
3353 3362 3472 3404 sunt
3496 3347 3647 3414 iniqui-

2138 3444 2276 3490 tates
2307 3453 2403 3507 per
2432 3440 2688 3508 baptismi
2721 3441 2973 3511 gratiam,
3007 3442 3091 3495 vel
3138 3458 3372 3511 quorum
3406 3450 3531 3497 tecta
3552 3446 3645 3491 sunt

2134 3542 2232 3595 per
2263 3532 2638 3598 paenitentiam
2668 3544 2889 3602 peccata
2907 3534 3072 3600 ",vel
3099 3534 3302 3602 quibus
3334 3532 3642 3603 imputandum

2134 3634 2239 3672 non
2274 3632 2357 3673 est
2389 3633 2671 3691 peccatum
2705 3639 2805 3693 per
2836 3625 3082 3696 martyrii
3123 3626 3376 3696 gloriam,
3405 3623 3641 3679 secundum

2130 3711 2420 3764 veritatem
2464 3712 2713 3768 videatur
2742 3715 2883 3769 Deus
2921 3729 3141 3770 servare
3167 3714 3452 3781 judicium.
3481 3711 3643 3767 Veritas
3682 3784 3688 3799 ι

2131 3800 2330 3868 Quippe
2356 3801 2548 3869 judicii
2600 3804 2706 3859 hoc
2743 3806 3003 3874 postulat,
3038 3816 3095 3860 ut
3123 3806 3300 3861 malus
3334 3804 3482 3869 mala,
3507 3812 3551 3856 et
3575 3802 3643 3853 bos

2129 3919 2232 3960 nus
2256 3906 2486 3977 recipiat
2515 3910 2658 3964 bona
2687 3927 2701 3964 :
2734 3920 2789 3965 et
2819 3913 3068 3981 quamvis
3094 3912 3232 3967 dona
3262 3920 3320 3968 et
3349 3909 3541 3980 largitio
3572 3904 3639 3959 Dei

2128 4026 2471 4083 nequaquam
2494 4016 2870 4072 curiositatem
2897 4017 3240 4073 discutientis
3260 4011 3639 4081 admittant(25).

2131 4127 2308 4172 tamen
2358 4121 2523 4173 etiam
2558 4122 2610 4176 in
2643 4123 2750 4177 hoc
2774 4132 2976 4193 quanta
3022 4123 3096 4179 sit
3133 4123 3328 4191 judicii
3354 4121 3462 4190 ejus
3484 4117 3641 4173 veritas

2128 4224 2505 4279 ostendamus.
2556 4224 2872 4283 Communis
2909 4226 3190 4298 professio
3235 4236 3323 4283 est
3357 4228 3535 4281 bonum
3558 4234 3636 4273 non

2129 4327 2327 4384 debere
2383 4332 2561 4399 puniri
2597 4371 2613 4399 ,
2667 4348 2770 4390 nec
2826 4333 3028 4388 tnalum
3086 4333 3349 4403 consequi
3404 4333 3547 4386 bona.
3597 4322 3636 4374 Si

452 4440 509 4495 in
534 4439 696 4505 malo,
727 4440 940 4494 animus
968 4456 1087 4494 cum
1120 4455 1284 4511 opere
1311 4440 1423 4513 (25)
1449 4439 1773 4497 concordat.
1804 4441 1871 4495 Et
1898 4441 2023 4511 quia
2059 4435 2103 4488 D
2129 4436 2250 4501 uuis
2307 4452 2437 4507 ergo
2486 4439 2601 4504 sit,
2643 4438 2794 4494 verbi
2833 4440 3006 4508 gratia
3027 4478 3045 4504 ,
3075 4439 3169 4507 qui
3200 4437 3376 4508 egerit
3402 4424 3639 4503 aliquando

559 4581 606 4615 ⁷²
634 4579 821 4651 (Solos.
865 4578 1047 4651 ιιιηφε
1134 4581 1191 4651 7"
1221 4556 1414 4651 Ephes.
1452 4597 1529 4646 tv,
1556 4580 1647 4635 24.

448 4652 495 4685 "
517 4651 680 4707 Rom.
709 4667 767 4717 tt,
797 4649 851 4704 2.
952 4649 998 4681 ⁷⁸
1029 4649 1171 4704 Psal.
1223 4649 1371 4718 xm,
1402 4667 1443 4717 ι,
1466 4651 1523 4706 2.

520 4789 632 4869 (⁸15)
671 4790 764 4847 Sic
813 4796 963 4869 recte
1009 4804 1117 4869 ms.
1164 4789 1362 4869 Regius
1395 4784 1563 4843 num.
1571 4788 1765 4869 1610,
1814 4785 2012 4869 quibus

446 4858 581 4919 satis
613 4858 965 4917 consentiunt
1024 4860 1204 4914 caeteri
1263 4874 1394 4913 mss.
1450 4869 1505 4913 et
1571 4858 1870 4920 Rabanus,
1907 4858 2009 4911 nisi

444 4936 591 5004 quod
622 4932 710 4986 alii
740 4932 1154 5004 liabeant‘dtcit,
1175 4932 1267 5004 alii
1292 4930 1611 5004 diciturpro
1638 4929 1840 4982 dicens.
1857 4927 2009 5004 _|_Sditi

444 4998 595 5068 vero,
633 5000 1083 5069 prretereundum,
1128 5016 1191 5052 ne
1220 5001 1379 5069 istum
1415 4999 1626 5065 quidem
1663 4998 2009 5069 apostolicum

445 5066 733 5127 sermonem
749 5071 940 5138 (editio
975 5068 1198 5133 Veneta,
1224 5084 1286 5120 ne
1319 5068 1418 5122 iste
1441 5068 1651 5136 quidem
1676 5066 1999 5135 apostolicus

444 5152 638 5208 sermo)
662 5144 715 5194 in
744 5158 847 5209 quo
873 5142 1089 5201 dicitur,
1116 5150 1222 5193 etc.

517 5205 631 5281 (16)
674 5205 767 5264 Sic
799 5226 928 5264 mss.
972 5213 1216 5279 plerique
1267 5216 1322 5281 et
1368 5206 1645 5281 ﬂuitantis.
1679 5205 1818 5260 Editi
1850 5220 2004 5271 vero,

442 5277 534 5335 sed
557 5277 691 5332 inter
711 5277 1272 5347 Antltropomorphitns
1302 5277 1630 5345 intelligendi
1655 5284 1776 5329 sunt
1793 5292 2007 5343 compu-

443 5352 568 5404 tari.
606 5349 707 5402 Ms.
740 5349 940 5418 Regius
982 5365 1129 5402 num.
1174 5348 1313 5403 1640
1340 5388 1355 5410 ,
1395 5351 1484 5400 sed
1535 5350 1670 5401 inter
1700 5347 2005 5415 Aut/trape-

444 5421 732 5487 ntorphitas
761 5419 1129 5487 intelligendus
1151 5429 1226 5473 est
1247 5427 1574 5487 computare.

514 5484 758 5562 (l7)‘lt_a
806 5484 1160 5562 ins.'ltegins
1205 5484 1370 5562 itum.
1416 5487 1574 5562 i639.
1634 5484 1826 5562 Caneri
1877 5498 2008 5562 vero

443 5555 887 5621 ms‘s,Rabanus
916 5567 969 5610 et
999 5555 1151 5622 editi,
1180 5559 1245 5612 de
1281 5574 1386 5628 quo
1426 5559 1636 5611 homine
1673 5555 2002 5628 sentiendum

438 5631 508 5683 sit
548 5632 612 5682 ab
655 5627 826 5700 (editi,
858 5638 905 5680 et
953 5628 1042 5696 ab)
1076 5626 1325 5698 Apostolo‘
1373 5627 1726 5698 interpretari,
1761 5641 1879 5679 cum
1924 5626 2007 5679 di-

441 5712 531 5759 cu.
558 5710 662 5754 etc.
1602 5754 1605 5757 λ

513 5770 623 5840 (18)
655 5767 758 5824 Ms.
801 5766 1002 5838 Regius
1032 5783 1180 5823 num.
1211 5765 1375 5837 1611,
1405 5767 1462 5823 in
1501 5766 1768 5837 agnitione
1800 5763 1927 5835 Dei;
1953 5772 2009 5821 et

1750 4581 1798 4613 “
1827 4577 1987 4636 Rom.
2030 4594 2139 4641 vn,
2192 4571 2284 4626 23o

2387 4572 2433 4603 ⁷⁸
2474 4569 2515 4624 ll
2552 4569 2677 4625 Cor.
2711 4585 2785 4636 tv,
2828 4570 2914 4624 16.
3014 4567 3291 4623 "Coloss.
3349 4582 3427 4632 ιιι,
3478 4563 3523 4625 9.
3571 4553 3634 4611 10-

2121 4778 2287 4841 infra,
2318 4776 2411 4846 qui
2449 4787 2543 4840 per
2569 4769 2889 4846 agnitionem
2917 4766 3016 4821 Dei
3047 4775 3345 4846 renovatur.
3372 4764 3472 4846 Sed
3498 4772 3542 4817 et
3564 4775 3633 4815 ca:-

2122 4850 2223 4905 teri
2262 4838 2392 4900 mss.
2418 4838 2474 4896 et
2507 4838 2638 4895 editi
2672 4839 2960 4907 utrobique
3001 4840 3258 4893 omittunt
3290 4838 3403 4890 Dei.

2192 4918 2302 4989 (19)
2332 4913 2438 4989 ιλιι
2448 4915 2507 4989 ti,
2541 4911 2802 4989 corporei.

2192 4919 2280 4989 (19
2344 4918 2507 4976 Editi,
2541 4918 2802 4979 corporei.
3236 4978 3249 4991 .
3356 4978 3368 4990 .

2189 4918 2302 5060 (20;
2331 4986 2552 5060 Editi,_«
2589 4981 2902 5060 quicunque
2932 4979 3249 5060 modqbom
3280 4975 3633 5060 quidilammrnaf

2114 5045 2240 5125 live,
2273 5045 2296 5110 ί
2337 5066 2443 5110 etc.
2486 5045 2585 5107 Ms.
2607 5045 2832 5125 Regius—
2852 5048 3194 5125 ltﬂllt.n1659_,
3220 5066 3240 5099 ι
3269 5045 3359 5115 qui
3390 5045 3629 5125 quidquam

2114 5120 2240 5185 boni
2286 5127 2531 5198 quidem,
2555 5123 2773 5185 malive,
2808 5140 2827 5174 ι
2859 5129 2966 5173 etc.
2997 5120 3190 5173 Caeteri
3218 5132 3350 5173 vero
3374 5131 3494 5171 mss.
3519 5123 3569 5166 ut
3589 5120 3629 5163 ut

2115 5207 2305 5255 ttostro
2336 5204 2506 5267 textu.
3005 5258 3043 5267 ,,
3091 5259 3103 5267 ,
3337 5255 3373 5267 ..
3393 5255 3425 5267 ..

2187 5268 2336 5340 (21)”
2347 5266 2445 5340 Sic
2485 5276 2675 5340 omnes
2723 5267 2960 5340 mssaet
2992 5255 3465 5340 .Rabanus..l3diti
3495 5265 3629 5340 retu.

2117 5359 2138 5393 ι
2177 5327 2434 5395 ἐωΓίΙΙιιά
2459 5335 2718 5405 quid‘est,
2741 5331 2884 5401 quod
2913 5333 2962 5384 in
2983 5331 3094 5386 hoc
3118 5329 3237 5384 loco
3263 5327 3470 5382 videtur
3485 5333 3608 5379 oeten

2112 5412 2188 5465 di.
2219 5410 2355 5475 Quia
2390 5402 2560 5460 solius
2591 5402 2682 5457 Dei
2715 5404 2804 5466 sit,
2846 5421 2865 5455 ι
2901 5412 3009 5456 etc.

2204 5469 2295 5549 22)
2337 5476 2503 5549 Edit'r,
2538 5493 2558 5527 ι
2598 5489 2705 5528 non
2732 5488 2831 5542 pro
2861 5474 3116 5549 mandato
3142 5470 3233 5525 Dei
3262 5470 3316 5524 in
3342 5469 3492 5523 bono.
3523 5482 3542 5518 ι

2204 5480 2295 5549 22)
2337 5480 2503 5540 Edit'r,
2538 5493 2558 5527 ι
2598 5489 2705 5528 non
2732 5488 2831 5542 pro
2861 5480 3084 5525 mandat

2203 5552 2294 5612 25)
2331 5548 2495 5610 Editi,
2524 5565 2543 5598 ι
2578 5557 2827 5614 corpore,
2869 5560 2888 5593 ι
2924 5541 3084 5599 male.

2181 5480 2298 5695 itif)
2340 5618 2512 5695 Editi.
2534 5635 2567 5695 Δ
2605 5630 2748 5695 ergo
2764 5614 2923 5695 eis.)

2183 5620 2298 5763 ἓξὲξ

2112 5770 2246 5819 tant.
2284 5779 2307 5814 ι

2345 5618 2512 5673 Editi.
2536 5635 2566 5685 _t
2605 5630 2737 5685 ergo
2764 5614 2867 5685 eis.
2904 5632 2923 5665 ι
3570 5669 3582 5685 ε

2340 5676 2599 5745 Rabanﬂs
2632 5676 2698 5742 et-
2710 5684 3041 5742 Salodianus
3063 5724 3080 5754 ,
3122 5697 3421 5757 perperam,
3444 5693 3466 5729 ι
3492 5676 3626 5729 amit-
