3784 6534
48 417 120 469 Si?)
157 452 165 463 ρ
964 421 1317 479 COMMENT.
1361 420 1425 474 IN
1461 418 1685 476 EPIST.
1726 418 1817 472 AD
1853 418 2019 475 ROM.
2066 419 2193 475 LIB.
2239 421 2304 477 ιι.

2844 472 2861 501 ,
3156 431 3261 484 im

48 535 166 607 477
196 536 360 603 mala,
396 551 620 599 certum
648 552 732 598 est
760 542 888 612 quia
926 542 1102 597 malus
1130 549 1418 605 erattunc,
1465 555 1587 593 cum
1617 542 1665 601 Α
1687 537 2030 607 judicaturos
2080 540 2133 593 lii
2184 541 2277 610 qui
2326 556 2558 610 prmesse
2597 543 2782 596 volunt
2812 544 3021 614 populis
3054 550 3258 617 cogita-

50 628 203 697 agehat
228 630 397 685 mala.
426 630 487 687 is
503 649 632 687 vero
655 635 697 688 si
727 635 1118 701 prieteritorum
1143 635 1413 701 pmnitens
1439 649 1590 688 men-

50 729 126 774 tem
151 735 294 775 suam
330 725 594 795 corrigat
625 729 692 779 ad
734 726 893 786 bona,
924 735 977 780 et
1004 726 1144 787 bene
1170 736 1314 795 agat,
1344 725 1481 781 bene
1510 726 1588 779 lo-

50 821 228 880 quatur,
252 813 396 868 bene
426 819 663 885 cogitet,
695 817 831 872 bene
859 818 1020 884 velit;
1057 820 1146 886 qui
1182 820 1297 873 hau:
1324 821 1452 889 agit,
1480 836 1585 874 non

52 906 119 957 [iiii
145 905 350 958 videtur
386 908 597 973 bonus.
630 920 684 964 et
718 911 913 966 merito
945 912 1190 981 recipere
1215 912 1394 967 bona?
1423 911 1588 967 Simi-

51 997 216 1053 literet
241 997 284 1051 si
320 1013 393 1053 ex
427 1001 575 1055 bono
606 1002 727 1070 quis
753 1011 1103 1057 convertatur
1137 1007 1203 1057 ad
1234 1004 1456 1070 malum,
1476 1022 1582 1061 non

48 1091 127 1158 jam
151 1091 328 1149 bonus.
359 1093 519 1159 quod
555 1094 674 1154 iniit.
705 1106 760 1149 et
793 1110 900 1149 non
946 1106 1053 1157 est,
1080 1098 1174 1151 sed
1223 1098 1398 1152 malus
1435 1096 1584 1166 judi~

51 1181 237 1244 cabitur,
262 1181 412 1250 quod
448 1193 557 1238 est.
589 1185 758 1239 Actus
782 1185 927 1240 enim
957 1187 1074 1241 sive
1118 1187 1243 1242 boni
1292 1189 1409 1242 sive
1457 1190 1583 1243 mali

52 1278 361 1339 praetereunt,
400 1274 502 1328 sed
552 1277 848 1330 secundum
897 1277 979 1331 sui
1018 1277 1332 1347 qualitatem
1375 1280 1586 1346 agentis

52 1372 240 1417 mentem
267 1363 674 1433 imaginantur,
717 1376 772 1423 et
802 1369 1064 1433 formant,
1095 1386 1324 1441 eamque
1354 1373 1437 1425 vel
1485 1373 1584 1427 bo-

53 1470 142 1506 nam
171 1454 485 1524 relinquunt
520 1458 603 1510 vel
632 1461 852 1525 malam,
885 1476 976 1515 seu
1003 1476 1193 1530 pinum.
1222 1478 1319 1517 seu
1349 1464 1585 1530 praemiis

52 1546 410 1601 destinaudam.
442 1550 564 1603 Erit
593 1563 723 1617 ergo
746 1552 987 1621 iniquum
1011 1554 1094 1608 vel
1125 1555 1319 1608 bonam
1348 1566 1582 1612 mentem

51 1650 123 1702 pro
143 1636 284 1691 malis
309 1641 490 1707 gestis
519 1641 722 1708 puniri.
746 1643 828 1699 vel
854 1644 1053 1698 malam
1074 1660 1172 1714 pro
1196 1646 1350 1701 bonis
1373 1648 1585 1703 actibus

53 1730 301 1783 munerari.
341 1730 554 1786 Verum
587 1742 647 1786 ut
674 1736 850 1788 adhuc
874 1735 1092 1804 planius
1122 1735 1216 1790 ﬁat
1260 1738 1403 1806 quod
1445 1739 1583 1794 dici-

52 1831 156 1881 mus,
180 1819 437 1874 addamus
461 1823 629 1876 etiam
654 1823 805 1878 haec:
836 1840 1102 1894 ponamus
1126 1843 1247 1885 esse
1272 1829 1505 1883 animam
1527 1830 1581 1884 in

1696 641 1836 684 rent.
1866 630 2033 685 Nemo
2058 647 2190 703 ergo
2215 633 2491 688 existimet
2529 637 2671 704 quod
2700 633 2936 706 eil'ugere
2977 641 3145 706 possit
3170 641 3262 709 ju-

1691 722 1892 778 dicium
1943 722 2057 789 Dei,
2106 724 2251 777 sicut
2292 734 2346 779 et
2394 723 2663 794 Propheta
2705 727 2871 781 dicit:
2910 746 2930 779 ι
2965 727 3085 795 Quo
3114 730 3203 785 ibo
3229 748 3258 785 a

1691 813 1883 883 spiritu
1936 824 2048 879 tuo,
2077 826 2130 870 et
2158 833 2186 868 a
2214 814 2352 869 facie
2387 824 2475 869 tua
2507 830 2615 885 quo
2644 816 2842 886 fugiam
2860 816 2903 849 ⁸¹
2925 818 2988 871 ?i
3025 819 3092 873 Et
3134 824 3258 889 quia

1690 903 1806 958 haec
1838 904 1903 958 ad
1939 920 2035 959 eos
2063 906 2299 960 maxime
2324 905 2581 959 dicuntur
2620 908 2711 977 qui
2764 920 3004 975 prmsunt
3041 909 3262 978 judiciis

1689 994 2013 1064 populorum
2058 993 2194 1066 (27),
2239 995 2445 1051 idcirco
2487 1005 2537 1050 et
2574 997 2699 1051 alibi
2742 999 2894 1065 dicit,
2948 1002 3091 1071 quod
3139 1021 3158 1055 ι
3197 1006 3263 1057 de

1689 1085 1853 1140 domo
1877 1084 1971 1139 Dei
2004 1085 2512 1155 incipietjudicittm
2537 1087 2604 1143 ⁸².
2633 1106 2654 1142 ι
2699 1090 2769 1144 Et
2807 1091 2933 1145 item
2969 1093 3101 1146 alibi
3151 1094 3259 1148 Do-

1689 1175 1868 1230 minus
1907 1176 2074 1230 dicit:
2135 1194 2154 1227 σ
2181 1175 2239 1230 in
2279 1177 2366 1231 liis
2397 1178 2488 1247 qui
2527 1182 2907 1247 approximaut
2941 1183 3072 1236 mihi
3133 1197 3262 1237 san-

1688 1264 1970 1319 ctillcabor
1990 1265 2071 1329 ἰς
2104 1285 2124 1318 ι
2157 1266 2299 1320 sicut
2333 1266 2386 1320 in
2416 1267 2669 1324 Nadabet
2698 1271 2871 1326 Abiud
2908 1284 3117 1341 gestum
3146 1286 3256 1337 est,

1689 1373 1811 1412 cum
1846 1358 2081 1412 alienum
2119 1359 2324 1427 ignem,
2351 1359 2401 1412 id
2426 1368 2510 1413 est
2546 1377 2651 1415 non
2686 1367 2925 1430 sacrum,
2959 1366 3156 1420 divinis
3181 1368 3259 1420 al-

1691 1446 1898 1502 taribus
1925 1447 2263 1503 obtulerunt.
2318 1450 2512 1520 incipit
2569 1466 2700 1522 ergo
2739 1453 3001 1523 judicium
3044 1472 3074 1510 a
3128 1456 3255 1513 ﬁliis

1687 1539 1857 1605 prius.
1894 1557 1913 1589 ι
1939 1539 2234 1609 Flagellati
2266 1542 2411 1596 enim
2444 1542 2617 1597 «Deus
2644 1559 2857 1599 omnem
2890 1562 3048 1616 quem
3067 1549 3117 1602 in
3152 1567 3255 1604 nu-

1689 1645 1897 1685 merum
1926 1632 2116 1700 recipit
2141 1631 2371 1686 liliorum
2390 1631 2457 1685 “.
2488 1651 2507 1685 ι
2532 1631 2753 1699 Verum,
2781 1645 2838 1689 ut
2858 1652 2958 1707 ego
2982 1640 3251 1706 existimo,

1687 1735 1806 1783 nec,
1842 1714 2103 1791 si'posset
2130 1723 2277 1790 quis,
2310 1722 2532 1778 deberet
2560 1724 2695 1779 velle
2727 1724 2961 1797 eﬂ‘ugere
2990 1728 3251 1797 judicium

1688 1811 1806 1866 Dei.
1841 1810 1958 1866 Non
1999 1812 2188 1867 venire
2217 1814 2358 1867 enim
2386 1815 2450 1869 ad
2475 1814 2743 1883 judicium
2782 1817 2896 1882 Dei,
2934 1818 3042 1874 hoc
3078 1831 3161 1875 est
3185 1826 3252 1878 ad

51 1925 127 1977 qua
160 1911 360 1967 habitet
412 1915 691 1986 impietas,
731 1918 1022 1986 injustitia,
1051 1921 1303 1989 stultitia,
1338 1923 1575 1989 luxuria,

1694 1903 2138 1969 emendationem,
2165 1906 2250 1960 vel
2282 1906 2349 1960 ad
2388 1909 2698 1974 sanitatem,
2731 1920 2787 1964 et
2817 1912 3110 1967 remedium
3144 1930 3250 1969 non

50 2009 85 2052 et
118 2002 386 2060 multitudo
419 2007 606 2061 omnis
652 2010 942 2078 maiorum,
989 2012 1185 2081 quibus
1230 2013 1442 2069 scilicet
1482 2017 1582 2069 mi-

52 2092 235 2146 nistram
270 2109 330 2149 se
360 2095 739 2167 famulamque
771 2101 1097 2157 subdiderit.
1150 2104 1303 2169 Quod
1337 2106 1382 2158 si
1415 2105 1467 2158 iu
1494 2121 1581 2160 se-

52 2184 284 2252 metipsam
314 2202 574 2258 regressa
604 2188 717 2260 (26)
757 2190 870 2246 haec
904 2193 1106 2257 anima,
1150 2194 1335 2262 pietati
1369 2209 1577 2258 rursus,

48 2277 85 2320 et
107 2271 373 2330 virtutibus
406 2276 611 2331 mentis
636 2293 749 2332 sua:
768 2279 989 2349 januam
1023 2283 1252 2350 pandat,
1288 2299 1467 2337 nonne
1498 2284 1582 2336 in-

50 2374 195 2426 gressa
229 2361 402 2431 pietas
431 2365 768 2434 impietatem
796 2371 1059 2426 continuo
1105 2374 1374 2441 depeiiet?
1419 2379 1583 2433 Simi-

49 2449 141 2504 liter
164 2455 434 2521 etjustitia
473 2459 794 2528 injustitiam
826 2464 1026 2529 trudet,
1061 2475 1117 2520 et
1142 2467 1405 2535 sapientia
1433 2472 1573 2525 stul-

51 2543 203 2608 titiam,
225 2555 275 2602 et
301 2550 580 2605 sobrietas
617 2551 890 2609 luxuriam
924 2554 1172 2626 iugabit;
1204 2568 1364 2628 atque
1392 2560 1460 2614 ita
1488 2564 1580 2617 de-

47 2634 181 2701 pulsis
207 2652 264 2691 ex
298 2641 602 2711 semetipsa
640 2644 1043 2702 habitatoribus
1094 2649 1364 2717 barbaris,
1421 2654 1581 2709 civile

50 2734 89 2777 et
111 2727 381 2797 legitimum
433 2734 729 2791 virtutibus
773 2739 1036 2808 praebebit
1079 2742 1396 2813 hospitium.
1432 2744 1580 2811 Quo-

50 2818 174 2871 modo
201 2835 326 2889 ergo
344 2823 464 2891 jam
504 2825 720 2894 plenam
755 2829 1047 2886 virtutibus
1088 2832 1326 2887 animam
1368 2834 1577 2902 justum

50 2908 129 2960 erit
154 2909 211 2964 de
233 2912 315 2966 bis
335 2930 577 2983 arguere
600 2932 722 2985 qua:
748 2921 973 2988 gesserit
1005 2938 1128 2977 cum
1166 2925 1400 2979 nondum
1434 2936 1580 2982 esset

49 3000 188 3053 amica
214 3005 495 3071 virtutum,
522 3019 580 3063 et
612 3010 678 3063 de
706 3013 981 3081 impietate
1012 3016 1181 3083 piam,
1211 3016 1278 3071 de
1314 3019 1576 3087 iniustitia

45 3088 219 3161 justam,
251 3097 315 3150 de
346 3098 567 3153 luxuria
607 3103 843 3158 sobriam
875 3108 1279 3163 condemnare?
1308 3109 1420 3166 Hoc
1445 3127 1578 3184 ergo

49 3183 172 3238 modo
198 3187 352 3241 etiam
384 3189 438 3244 in
467 3191 557 3245 his
577 3209 807 3262 quorum
830 3198 1068 3253 remissae
1095 3210 1221 3255 sunt
1240 3183 1575 3272 iniquitates,

50 3283 311 3343 etquorum
366 3286 513 3337 tecta
571 3294 701 3337 sunt
760 3302 978 3354 peccata
1019 3292 1085 3356 ⁷⁸,
1133 3294 1436 3351 credendus
1493 3308 1578 3354 est

51 3364 156 3421 Deus
178 3373 462 3425 secundum
498 3375 783 3432 veritatem
817 3394 1037 3436 servare
1062 3382 1354 3452 judicium.

101 3456 144 3509 Ξ.
190 3478 207 3510 ι
240 3460 537 3519 Existimas
572 3476 758 3522 autem
795 3471 899 3527 hoc
922 3512 937 3536 ,
983 3487 1016 3526 ο
1065 3474 1227 3530 homo
1260 3478 1439 3533 omnis
1485 3482 1577 3551 qui

46 3542 212 3635 iudicas
242 3566 333 3608 eos
365 3555 460 3623 qui
490 3556 620 3609 talia
646 3569 832 3628 agunt,
861 3569 915 3615 et
945 3559 1078 3617 facis
1108 3563 1221 3626 illa,
1252 3567 1377 3635 quia
1411 3578 1463 3621 tu
1496 3542 1576 3624 ἐς.

50 3631 182 3726 fugies
203 3641 456 3707 judicium
488 3644 585 3701 Dei
603 3648 649 3680 ⁸³
671 3649 694 3702 ?
713 3669 731 3700 ι
753 3649 807 3704 Si
836 3653 1017 3706 omnia
1048 3669 1166 3721 quae
1188 3631 1294 3710 Lex
1317 3657 1575 3726 loquitur,

50 3724 115 3779 his
137 3733 212 3798 qui
237 3735 284 3787 in
316 3735 438 3804 iege
481 3750 611 3793 sunt
650 3740 925 3810 loquitur;
963 3753 1018 3798 et
1045 3760 1165 3814 qua:
1202 3724 1573 3818 Evangelium,

53 3817 112 3868 tel
134 3823 398 3891 Apostolus
445 3846 594 3884 nunc
644 3831 904 3901 loquitur,
943 3851 1049 3890 non
1085 3817 1424 3906 principibus
1470 3858 1574 3896 sae.

49 3909 147 3972 culi,
170 3929 259 3968 nec
281 3920 502 3989 regibus
529 3923 737 3989 mundi,
758 3927 850 3980 sed
877 3926 1243 3982 Ecclesiarum
1271 3933 1574 3988 rectoribus

47 4006 92 4049 et
112 4004 418 4076 principibus
467 4010 748 4082 loquitur,
795 4017 878 4071 his
916 4018 1169 4072 videlicet
1205 4021 1297 4090 qui
1325 4020 1574 4088 judicant

53 4103 126 4142 eos
140 4099 214 4164 qui
241 4100 384 4158 intus
415 4113 567 4169 sunt,
597 4106 647 4159 id
672 4117 754 4163 est
789 4109 1084 4177 episcOpis,
1122 4111 1207 4165 vel
1241 4114 1573 4183 presbyteris

48 4191 94 4231 et
116 4187 424 4250 diaconibus.
460 4195 560 4250 His
590 4212 719 4267 ergo
749 4199 881 4253 dicit
917 4216 984 4254 ne
1017 4202 1333 4256 existiment
1382 4220 1442 4258 se
1488 4204 1572 4259 ef-

49 4280 195 4350 fugere
215 4284 474 4352 judicium
506 4287 625 4352 Dei,
665 4290 707 4343 si
741 4305 803 4344 ea
833 4292 1173 4346 committant
1202 4294 1325 4363 ipsi,
1352 4298 1418 4350 de
1447 4299 1570 4365 qui-

50 4370 128 4424 bus
156 4374 276 4429 alios
306 4376 557 4444 iudicant
584 4389 639 4432 et
670 4381 1053 4434 condemnant.
1095 4382 1158 4435 Et
1200 4384 1324 4440 ideo
1362 4396 1576 4453 oportet

49 4474 444 4538 unumquemque
469 4471 537 4525 de
566 4485 664 4523 sua
688 4471 837 4539 prius
864 4472 1195 4526 conscientia
1217 4475 1487 4543 judicare,
1521 4488 1574 4532 et

1683 2009 1892 2048 ventre.

1754 2083 1808 2137 5.
1842 2101 1862 2134 ι
1888 2084 1997 2138 Au’t
2036 2085 2255 2141 divitias
2285 2086 2544 2143 bonitatis
2571 2089 2708 2159 ejus,
2733 2101 2789 2145 et
2818 2093 3248 2159 sustentationis,

1680 2183 1735 2228 et
1768 2176 2044 2243 patientiae
2071 2176 2409 2231 contemnis?
2457 2178 2678 2249 ignoras
2725 2180 2840 2249 (‘28)
2869 2183 3123 2249 quoniam
3159 2187 3255 2238 be-

1683 2267 1919 2337 nignitas
1950 2268 2039 2321 Dei
2072 2269 2137 2321 ad
2176 2270 2550 2337 paenitentiam
2572 2280 2624 2325 te
2645 2271 2963 2327 adducit“?
2986 2293 3005 2325 ι
3026 2275 3253 2332 Divitias

1682 2360 1948 2414 bonitatis
1976 2360 2069 2414 Dei
2118 2360 2210 2416 ille
2243 2376 2540 2429 agnoscere
2580 2371 2776 2431 potest,
2815 2366 2907 2435 qui
2939 2369 3253 2424 considerat
3280 2372 3293 2382 '

1681 2461 1882 2519 quanta
1914 2451 1965 2504 in
1997 2451 2156 2505 terris
2187 2452 2326 2506 mala
2357 2454 2600 2522 quotidie
2637 2456 2890 2512 homines
2932 2472 3144 2529 gerunt,
3197 2473 3253 2517 et

1681 2543 1954 2610 quomodo
1977 2556 2113 2609 pene
2144 2556 2338 2601 omnes
2366 2542 2723 2607 declinantes,
2751 2556 2807 2600 et
2839 2548 2999 2602 simul
3033 2550 3252 2606 inutiles

1681 2630 1807 2684 facti
1845 2629 1913 2694 “,
1964 2630 2129 2683 latam
2179 2642 2236 2685 ct
2295 2632 2589 2701 spatiosam
2620 2636 2937 2702 perditionis
2973 2639 3255 2695 ambulant

1683 2723 1846 2787 viam,
1884 2734 2116 2793 angusto
2137 2725 2260 2778 vita:
2283 2725 2476 2780 itinere
2498 2727 2744 2796 neglecto
2760 2728 2828 2795 ⁸⁷,
2850 2737 2905 2784 et
2931 2740 3110 2787 tamen
3135 2733 3251 2805 (29)

1682 2815 1766 2869 his
1790 2817 2048 2871 omnibus
2081 2819 2246 2871 Deum
2280 2817 2668 2886 producentem
2705 2821 2873 2877 solem
2909 2837 3068 2877 suum
3113 2840 3251 2894 quo-

1679 2909 1828 2973 tidie,
1863 2918 1916 2961 et
1946 2908 2153 2975 pluvias
2195 2910 2598 2964 ministrantem
2627 2911 2713 2977 ⁸³ς
2767 2920 2821 2968 et
2854 2914 2943 2982 qui
2991 2918 3247 2971 conside-

1679 3008 1764 3053 rat
1796 2998 1910 3069 (30)
1927 2998 2113 3065 quanti
2138 3000 2382 3068 quotidie
2437 3001 2489 3054 in
2517 3000 2685 3059 Deum
2708 3004 3104 3075 biaspbemant,
3117 3019 3173 3063 et
3194 3012 3247 3065 in

1678 3090 1874 3144 coelum
1903 3091 2205 3145 extendunt
2232 3092 2444 3161 linguas
2466 3109 2594 3149 suas
2615 3095 2683 3149 δ’.
2702 3093 2820 3149 Jam
2841 3097 2971 3167 quid
2999 3099 3066 3154 de
3093 3099 3249 3155 frau-

1679 3184 1858 3248 dibus,
1897 3187 1964 3239 de
1992 3185 2041 3236 vi
2073 3184 2208 3254 (Si),
2244 3185 2310 3237 de
2337 3186 2568 3250 scelere,
2597 3186 2663 3240 de
2693 3189 2992 3260 sacrilegiis
3044 3202 3100 3246 et
3127 3195 3247 3260 pia-

1679 3276 1817 3330 culis
1853 3277 2069 3329 dicam?
2113 3276 2324 3342 Quibus
2368 3286 2546 3332 tamen
2583 3281 2837 3335 omnibus
2888 3282 2942 3335 in
2986 3282 3088 3338 hoc
3127 3283 3248 3340 loco

1680 3366 1755 3421 illi
1782 3368 2038 3421 videntur
2057 3369 2107 3421 in
2128 3370 2337 3422 scelere
2363 3370 2625 3438 praeferri,
2649 3372 2739 3441 qui
2760 3372 2895 3428 alios
2916 3374 3243 3444 iudicantes,

1679 3460 1780 3527 ipsi
1827 3462 2178 3513 committunt
2220 3476 2340 3530 quae
2376 3462 2429 3515 in
2482 3465 2697 3518 caeteris
2745 3466 2995 3533 puniunt.
3032 3467 3086 3523 Si
3120 3472 3246 3539 quis

1679 3565 1809 3619 ergo
1842 3553 1982 3605 hanc
2018 3552 2317 3606 bonitatem
2350 3553 2469 3616 Dei,
2510 3563 2565 3608 et
2607 3558 3055 3613 sustentationem
3099 3560 3245 3631 ejus.

1677 3654 1730 3695 et
1756 3641 2070 3709 patientiam
2103 3645 2423 3707 contemnit,
2456 3646 2667 3713 ignorat
2707 3647 2851 3716 quod
2895 3662 2992 3716 per
3027 3650 3142 3705 htec
3174 3652 3241 3705 ad

1678 3735 2054 3804 pmnitentiam
2084 3744 2428 3803 provocatur.
2463 3736 2798 3792 Sustentatio
2826 3754 2954 3793 vero
2976 3755 3006 3793 a
3032 3742 3244 3809 patien-

1678 3828 1750 3879 tia
1780 3827 1881 3879 iioc
1903 3827 2119 3879 videtur
2144 3825 2381 3890 dill'orre,
2416 3829 2558 3894 quod
2587 3829 2676 3895 qui
2704 3829 3019 3885 inﬁrmitate
3052 3836 3244 3900 magis,

1686 3935 1847 3988 quam
1899 3919 2180 3987 proposito
2214 3919 2554 3987 delinquunt,
2591 3922 2884 3975 sustentari
2934 3923 3189 3977 dicuntur
3223 3941 3238 3978 :

1679 4013 1772 4081 qui
1807 4026 1937 4066 vero
1976 4011 2237 4078 pertinaci
2291 4019 2471 4065 mente
2522 4014 2670 4066 velut
2720 4015 2996 4070 exsultant
3039 4015 3152 4087 (52)
3187 4018 3238 4072 in

1676 4107 1889 4162 delictis
1921 4108 2052 4171 suis,
2085 4106 2212 4160 ferri
2244 4108 2507 4173 patienter
2539 4109 2748 4163 dicendi
2788 4109 2936 4166 sunt.
2965 4111 3072 4167 Sed
3099 4113 3242 4167 sicut

1676 4201 1856 4253 omnia
1886 4199 1942 4252 in
1974 4212 2224 4252 mensura
2258 4197 2389 4251 fecit
2428 4198 2589 4263 Deus,
2627 4210 2682 4255 et
2715 4202 2975 4268 pondere,
3027 4211 3083 4255 et
3135 4218 3235 4255 nu-

1678 4305 1828 4344 mero
1855 4290 1924 4357 ⁶⁰,
1971 4291 2042 4343 ita
2079 4289 2243 4343 etiam
2298 4290 2574 4358 patientiae
2615 4291 2734 4360 ejus
2790 4304 2939 4347 certa
2989 4307 3241 4350 mensura

1678 4389 1794 4436 est:
1833 4396 1994 4451 quam
2026 4394 2332 4435 mensuram
2358 4381 2690 4436 credendum
2724 4394 2808 4438 est
2831 4399 2954 4439 esse
2987 4399 3242 4439 consum-

1685 4483 1886 4525 matam
1922 4473 2037 4541 (5‘5)
2068 4472 2153 4525 vel
2183 4474 2251 4526 ab
2283 4473 2367 4525 his
2388 4472 2476 4541 qui
2503 4472 2708 4527 diluvio
2733 4476 3032 4543 perierunt,
3064 4475 3147 4529 vel
3174 4478 3243 4530 ab

48 4560 148 4609 tunc
175 4558 279 4626 ejus
309 4576 469 4632 quem
514 4561 744 4629 judicat,
791 4573 945 4633 gesta
982 4564 1273 4620 discutere.
1328 4567 1480 4633 Quod
1527 4570 1572 4623 si
1606 4604 1651 4658 Β
1678 4564 1764 4617 his
1804 4563 1892 4630 qui
1926 4563 1978 4615 in
2012 4561 2261 4617 Sodomis
2292 4564 2498 4618 caelesti
2534 4566 2659 4635 igne
2689 4567 2883 4620 vastati
2916 4576 3062 4620 sunt.
3089 4565 3245 4658 Utide

49 4642 188 4712 ﬁeret,
210 4654 383 4707 omnis
421 4655 643 4725 penitus
686 4654 918 4709 adeundi
955 4655 1177 4711 honoris
1208 4658 1567 4716 ecclesiastici

46 4734 405 4799 abscinderetur
428 4745 678 4808 ambitio,
704 4747 750 4798 si
779 4761 838 4801 se
857 4746 1183 4815 judicandos
1205 4749 1386 4817 potius
1412 4765 1571 4820 quam

106 4852 139 4925 7’
159 4854 448 4925 Psal.:xxt,
485 4863 537 4914 1.

46 4917 179 4994 Febr.
202 4944 297 4994 xu,
323 4931 374 4985 6.
434 4917 446 4925 ’
495 4932 542 4963 ⁸⁸
574 4929 731 4985 Rom.
775 4948 836 4991 tt.
875 4917 930 4986 ιζ

46 4988 99 5045 9ο
150 4997 187 5027 ⁵⁸
382 5017 462 5069 xt,
495 5001 589 5056 21.
668 5001 710 5032 ’³
739 4988 875 5056 Gen.
906 5017 997 5063 xv,
1028 5004 1118 5057 16.

107 5130 322 5216 (ﬁngis.
366 5137 584 5216 Regius
614 5153 760 5216 num.
813 5138 972 5216 {659,
1023 5156 1042 5216 ς
1087 5153 1337 5204 reversa;
1373 5155 1417 5216 Dn
1440 5135 1576 5216 alter

44 5198 395 5273 Vallis-Clarae,
442 5198 498 5264 ἔι
543 5198 995 5274 Genebrardusﬁ
1024 5198 1335 5279 ingressaJ
1379 5205 1571 5260 Cameri

43 5280 405 5355 ωξξε-ριειιῇιί,
440 5297 460 5330 ι
492 5292 761 5355 regressa.
792 5297 811 5328 ι
988 5354 993 5355 7
1368 5345 1380 5355 .
1442 5345 1473 5355 Π

108 5342 193 5416 (η)
241 5345 514 5411 Rabanus,
556 5342 601 5397 ἰ
634 5349 725 5415 qui
764 5354 1032 5416 praesunt,
1084 5358 1140 5400 et
1198 5355 1323 5401 sunt
1362 5345 1572 5416 judices

43 5414 342 5495 pupillorum.
388 5437 409 5473 ι
462 5418 632 5495 Paulo
652 5413 912 5495 ‘post_ms_.
943 5413 1377 5495 _Reg_iusnnum.
1408 5413 1569 5495 165g,

50 5493 67 5522 ι
100 5483 166 5546 qni
205 5484 431 5541 alienum
475 5488 681 5556 ignem.
714 5504 733 5537 ι
784 5486 849 5540 Et
883 5483 1137 5546 infrafin
1178 5486 1286 5540 line
1329 5484 1570 5548 articuli,

43 5560 204 5625 omnes
227 5557 352 5625 editi
373 5558 610 5618 habent,
644 5573 664 5607 ι
699 5570 803 5611 non
831 5557 1133 5625 pervenire.
1170 5575 1190 5608 ι

112 5618 198 5687 (28)
228 5623 354 5680 Mss.
383 5628 511 5686 duo,
544 5644 565 5677 ‹
598 5618 907 5691 ignorans.»
934 5623 1125 5679 Caneri
1153 5621 1576 5691 mss.,Rabanus

45 5694 100 5735 ει
116 5692 226 5765 editi
264 5712 284 5742 ι
309 5699 540 5765 ignoras,
565 5714 583 5746 ι
604 5689 710 5749 etc.
733 5694 979 5765 Moxqms.
1013 5692 1211 5764 Regius
1234 5710 1384 5749 num.
1414 5689 1572 5755 l639,

53 5769 71 5800 ⁸
103 5756 805 5842 divitiasijuippebonitatis
844 5764 960 5842 Dei,
986 5781 1003 5842 ξ
1044 5756 1172 5842 θεῖ..
1194 5834 1208 5842 ⁸
1317 5839 1325 5842 Α
1480 5839 1488 5842 Α
1520 5828 1535 5842 .

118 5828 207 5897 (39)
234 5849 253 5882 ι
283 5828 503 5888 Tamen.
536 5858 554 5884 ι
590 5833 646 5888 In
677 5843 831 5886 antea
872 5834 1031 5887 editis
1061 5833 1419 5898 desideratur,
1442 5839 1495 5886 et
1520 5828 1573 5883 in

381 5927 667 6000 Ριτιιοι.
685 5926 803 5985 Gn.
849 5922 1020 5985 XIV.

615 4861 662 4892 "°
681 4859 836 4915 Rom.
867 4878 929 4923 il,
957 4861 1012 4917 '5.
1086 4864 1128 4894 ⁸¹
1149 4861 1292 4917 Psal.
1312 4878 1581 4926 cxxxvm,
1604 4866 1652 4919 7.

1004 4932 1050 4965 ⁸⁸
1079 4932 1220 4989 Psal.
1260 4948 1363 4998 LII,
1395 4934 1449 4988 4.
1526 4935 1570 4967 ⁸⁷

1697 4934 1797 4989 tth.
1843 4948 1939 4996 vit,
1978 4933 2064 4997 13,
2109 4933 2197 4987 i4.
2272 4934 2318 4966 ⁸⁸
2348 4934 2535 4992 Matth.
2566 4948 2618 4995 v,
2661 4931 2750 4988 45.
2822 4931 2867 4963 ⁸³
2899 4928 3038 4983 Psal.
3068 4942 3239 4995 uxn,

1676 4664 1731 4710 et
1756 4656 1821 4709 de
1857 4655 2194 4710 Amorrhaais
2218 4656 2453 4710 dicitur:
2503 4675 2521 4709 ι
2563 4657 2812 4712 Nondum
2845 4658 2990 4711 enim
3039 4657 3242 4725 repleta

1679 4756 1807 4804 sunt
1851 4745 1966 4816 (δι)
2001 4754 2221 4815 peccata
2263 4746 2703 4802 Amorrhaeorum
2740 4756 2911 4817 usque
2948 4761 3091 4800 nunc
3117 4746 3185 4803 ⁹¹.
3217 4766 3238 4798 ι

1746 4864 1791 4895 ⁸²
1820 4864 1834 4916 Ι
1860 4861 2102 4927 Petr.:v,
2126 4862 2211 4915 l7.
2289 4863 2335 4894 "
2352 4862 2524 4917 Levit.
2557 4878 2609 4923 x,
2633 4861 2689 4916 3.
2761 4861 2808 4893 “
2835 4859 2995 4913 Prov.
3025 4873 3107 4922 lli,
3138 4861 3239 4925 li;

1683 5147 1791 5186 uno
1851 5146 1955 5185 ms.
2004 5130 2189 5200 Regio,
2236 5130 2339 5200 sed
2361 5128 2692 5200 ‘restituilur
2727 5144 2796 5182 ex
2850 5131 3065 5186 cieteris
3102 5147 3235 5192 mss.

1753 5199 1866 5271 ('50)
1896 5201 1988 5254 Sic
2014 5195 2122 5271 mg.
2153 5195 2753 5271 valli57Ciarze.AC;eteri
2784 5214 2912 5252 vero
2950 5216 3106 5269 mss...
3131 5202 3241 5261 ila-

1679 5268 1854 5327 bauus
1876 5282 1931 5325 et
1960 5270 2089 5325 editi
2126 5288 2145 5321 ι
2182 5269 2226 5324 si
2255 5270 2377 5335 quis
2407 5268 2737 5335 consideret,
2768 5286 2787 5319 ι
2822 5279 2927 5322 etc.

1750 5338 1862 5413 (ξι)
1883 5337 1971 5389 Sic
1991 5344 2135 5413 recte
2146 5333 2289 5413 ipss:
2297 5335 2569 5413 plerique.
2589 5333 2737 5413 Εᾱὶιι
2757 5353 2886 5391 vero
2906 5348 2960 5413 et
2983 5357 3085 5413 ms.
3107 5362 3247 5403 unus

1674 5402 1874 5476 Regius
1895 5421 2044 5459 num.
2068 5404 2219 5476 1640.
2241 5422 2259 5453 ι
2276 5403 2346 5476 de
2366 5402 2525 5456 vitiis.
2552 5402 2843 5476 {Datianus
2859 5429 2876 5459 ι
2901 5410 2971 5465 de
2988 5402 3240 5471 divitiisJ

1750 5472 1861 5545 (52)
1887 5476 1959 5528 Ita
1991 5488 2121 5545 mss.
2156 5473 2492 5545 pleriqueet
2513 5472 2671 5545 editi.
2721 5472 2976 5545 Rabanus
3019 5491 3149 5533 vero
3186 5489 3242 5535 ct

1681 5541 1784 5602 ms.
1828 5541 1966 5598 unus
1992 5541 2190 5613 Regius
2222 5554 2373 5594 num.
2398 5541 2554 5613 1641,
2596 5559 2616 5592 ε
2647 5542 2934 5598 insultant.
2967 5566 2986 5598 ι

1754 5613 1866 5687 (3'5)
1894 5616 1984 5670 Sic
2010 5613 2261 5687 Babanus
2284 5622 2337 5664 et
2371 5612 2573 5687 rectius
2601 5613 2820 5682 quidem
2846 5630 3008 5681 quam
3052 5634 3073 5671 σ
3101 5633 3237 5676 con.

1682 5680 1973 5753 sumpiam,
2008 5701 2029 5733 ι
2066 5691 2124 5735 ut
2156 5683 2354 5735 habent
2386 5680 2520 5753 editi
2550 5680 2763 5737 etinss.
2796 5680 2988 5740 noStri.

1754 5751 1865 5825 (33)
1892 5753 2018 5825 M53.
2050 5753 2266 5825 quidam
2303 5769 2322 5800 ‹
2350 5751 2614 5825 completa
2651 5764 2797 5809 sunt.
2830 5774 2848 5806 ι
2883 5756 3079 5813 Cancri
3110 5772 3239 5815 vero

1685 5818 1994 5890 mss.,'cditi
2026 5831 2078 5875 et
2110 5818 2382 5885 Rabanus,
2415 5839 2433 5872 ι
2472 5818 2673 5891 repleta
2708 5835 2884 5878 sunt.»

2845 5915 2924 5977 28
