3754 6554
488 468 593 524 875

1969 466 2290 525 ORIGENIS

3657 480 3742 534 87i-

484 588 614 644 Fert
642 603 772 660 ergo
813 588 956 645 Deus
986 589 1282 660 patienter,
1312 599 1364 646 et
1400 600 1678 660 exspectat
1709 587 2062 656 uniuscujus-
2096 594 2137 650 A
2168 587 2348 643 omnia
2382 602 2502 657 quae
2533 588 2645 657 agit
2674 583 3000 662 digna'sunt
3034 607 3202 663 regno
3233 593 3496 650 cmlorum
3527 613 3542 648 :
3575 606 3632 650 et
3654 597 3741 649 iste

484 699 590 751 que
626 681 1026 752 pmnitcntiam.
1082 681 1188 738 Sed
1238 697 1344 736 non
1396 698 1496 737 nos
1538 681 1800 736 dissolvat
1834 681 1959 750 hoc,
2013 691 2067 736 et

486 774 672 827 tardos
706 773 773 827 ad
803 773 1218 829 conversionem
1247 772 1436 836 faciat,
1476 771 1604 841 quia
1635 786 1826 827 rursus
1846 773 2064 842 patien-

486 867 575 919 tiae
612 843 731 934 ejus
755 873 809 920 et
845 866 1260 921 sustentatiouis
1285 875 1433 921 certa
1471 880 1725 920 mensura
1748 872 1852 919 est.

556 956 612 1010 4.
655 976 674 1009 ‹
718 957 1028 1013 Secundum
1063 956 1320 1011 duritiam
1347 967 1529 1010 autem
1559 965 1729 1021 tuam,
1753 963 1809 1010 et
1834 969 1930 1009 cor
1958 955 2064 1009 im-

487 1049 784 1116 pteniteus,
828 1048 1169 1103 thesaurizas
1209 1048 1304 1102 tibi
1362 1047 1467 1116 ipsi
1520 1047 1659 1101 iram
1714 1046 1768 1101 in
1815 1047 1902 1102 die
1947 1046 2064 1110 irae,

486 1140 654 1212 478
682 1153 737 1196 et
765 1141 1113 1196 revelationis
1158 1139 1293 1208 justi
1323 1139 1515 1210 judicii
1565 1140 1682 1204 Dei,
1731 1141 1822 1209 qui
1879 1140 2068 1196 reddet

487 1235 782 1302 unicuique
817 1233 1111 1288 secundum
1149 1247 1313 1301 Opera
1359 1233 1566 1303 ejus".
1607 1251 1625 1285 ι
1661 1231 1770 1287 Cor
1795 1232 2062 1287 durumin

489 1326 788 1397 Ser‘ipturis
835 1325 939 1380 dici
987 1326 1224 1392 videtur,
1270 1341 1393 1380 cum
1431 1341 1584 1380 meus
1634 1326 1871 1380 humana
1915 1326 2066 1381 velut

490 1434 617 1474 cera
671 1417 876 1488 frigore
911 1417 1215 1488 iniquitatis
1247 1418 1511 1473 obstricta
1544 1418 1884 1488 signaculum
1927 1419 2064 1473 ima-

487 1509 634 1579 ginis
665 1508 860 1565 divina:
895 1520 1001 1563 non
1038 1509 1256 1578 recipit.
1302 1507 1417 1564 Hoc
1461 1510 1602 1564 idem
1633 1509 1760 1564 alibi
1789 1523 1886 1564 cor
1912 1523 2066 1565 cras-

487 1618 608 1658 sum
637 1601 960 1674 appellatur,
988 1602 1134 1658 sicut
1160 1616 1284 1657 cum
1309 1603 1512 1658 dicitur
1543 1602 1693 1671 (55):
1730 1620 1748 1653 ‹
1786 1602 2064 1658 lncrassa-

488 1705 602 1750 tum
639 1703 723 1749 cst
756 1708 850 1749 cor
885 1694 1067 1764 populi
1099 1692 1404 1762 liujusw.)
1439 1693 1790 1750 Contrarium
1830 1708 1960 1748 vero
1982 1704 2064 1749 est

487 1788 625 1841 duro
651 1787 835 1853 molle,
859 1787 1005 1857 quod
1047 1786 1100 1841 in
1138 1787 1436 1856 Scripturis
1468 1801 1563 1841 cor
1585 1800 1844 1840 carneum
1887 1786 2065 1840 norni-

485 1888 647 1933 natur
677 1880 771 1946 ⁰³;
813 1889 868 1934 et
903 1893 1093 1934 crasso
1141 1879 1254 1950 (36)
1301 1879 1516 1943 subtile,
1567 1878 1651 1932 vel
1702 1887 1884 1942 tenue,
1923 1878 2060 1946 quod

483 1969 776 2038 Apostolus
825 1970 1133 2038 spiritalem
1184 1969 1458 2023 hominem
1512 1977 1669 2024 vocat
1695 1967 1740 1999 ³-⁵
1787 1983 1909 2022 eum
1965 1969 2060 2036 qui

483 2062 761 2116 examinat
811 2061 1015 2116 omnia.
1071 2060 1240 2132 lgitur
1273 2076 1400 2117 cum
1434 2061 1559 2130 quis
1592 2060 1698 2115 scit
1739 2075 1862 2130 qua:
1912 2059 2054 2114 bona

484 2164 630 2222 sunt,
658 2163 712 2209 et
741 2170 847 2210 non
879 2155 993 2226 agit
1023 2155 1183 2222 bona,
1234 2170 1332 2224 per
1385 2155 1644 2210 duritiam
1697 2154 1880 2210 cordis
1923 2169 2060 2210 con-

485 2258 748 2317 temptum
779 2246 1026 2301 omnium
1060 2247 1330 2302 bonorum
1364 2248 1565 2302 habere
1612 2249 1916 2304 credendus
1951 2260 2052 2305 est.

483 2338 804 2394 Crassitudo
835 2351 967 2393 vero
995 2338 1179 2393 cordis
1211 2350 1314 2404 est,
1349 2338 1438 2393 ubi
1468 2337 1682 2408 subtilis
1703 2347 1758 2392 et
1801 2339 2059 2408 spiritalis

483 2428 862 2498 intelligentia:
893 2444 998 2485 non
1050 2428 1310 2498 recipitur
1353 2443 1545 2500 sensus
1587 2444 1600 2479 :
1654 2438 1708 2484 et
1736 2430 1807 2483 ita
1833 2445 1929 2486 cor
1957 2431 2059 2485 im-

483 2522 757 2590 paanitens
784 2520 1036 2578 elfectum
1075 2521 1410 2577 thesaurizat
1452 2520 1557 2576 sibi
1591 2521 1690 2588 ipsi
1717 2522 1853 2576 iram
1886 2524 1939 2577 in
1969 2525 2058 2580 die

483 2614 598 2678 irae,
632 2623 687 2668 et
723 2613 1069 2669 revelationis
1099 2613 1232 2684 justi
1274 2613 1464 2684 judicii
1517 2613 1638 2682 Dei,
1685 2618 1810 2672 dum
1858 2617 2059 2670 bonum

483 2720 621 2776 opus
654 2721 764 2762 non
790 2705 974 2775 agitur
1001 2721 1096 2776 per
1125 2705 1383 2761 duritiam
1407 2724 1422 2773 ;
1456 2707 1765 2765 intellectus
1796 2722 1929 2764 vero
1957 2710 2059 2766 bo-

483 2812 584 2852 nus
609 2811 707 2866 per
737 2796 1154 2852 crassitudinem
1177 2797 1358 2852 cordis
1386 2798 1714 2855 excluditur.
1739 2800 1854 2872 (37)
1870 2801 1946 2857 De
1979 2802 2061 2857 ira

487 2898 670 2944 autem
699 2888 795 2944 Dei
830 2897 884 2944 et
911 2889 1184 2958 superius,
1217 2898 1479 2960 quantum
1511 2907 1597 2948 res
1628 2893 1740 2962 pati
1769 2893 1975 2960 voluit,
2006 2903 2063 2950 et

480 2978 538 3034 in
577 2978 698 3035 aliis
736 2979 871 3036 locis
919 2994 1061 3050 saepe
1085 2981 1376 3036 dissertum
1423 2989 1527 3038 est.
1572 2983 1725 3050 Quod
1746 2998 1879 3040 vero
1903 2984 2059 3052 dicit,

495 3091 514 3123 ι
547 3072 908 3130 Thesaurizas
945 3075 1042 3130 tibi
1074 3075 1174 3146 ipsi
1206 3075 1344 3130 iram
1387 3079 1440 3131 in
1471 3077 1558 3132 die
1583 3078 1697 3146 iraa,
1734 3095 1756 3130 ι
1802 3079 2058 3134 conside-

481 3163 711 3219 randum
743 3175 850 3220 est.
885 3164 1203 3221 Thesaurus
1225 3168 1553 3238 appellatur,
1581 3186 1688 3240 quo
1715 3171 1916 3227 diversi
1967 3188 2061 3243 ge-

2171 679 2294 734 talis
2343 680 2656 735 divitiarum
2678 697 2902 737 suarum
2933 685 3220 740 thesauros
3250 686 3435 741 condit
3463 687 3525 740 in
3575 681 3747 741 cmlis.'

2171 770 2251 826 lta
2280 771 2448 842 igitur
2483 773 2914 844 uniuscujusque
2950 775 3188 830 thesauri
3221 791 3512 845 possessor
3536 786 3594 832 et
3629 793 3743 831 con-

2170 863 2314 918 ditor
2345 872 2523 934 potest
2554 863 2692 921 alius
2732 867 2949 934 quidem
3003 867 3263 934 carnalis,
3295 868 3436 924 alius
3469 885 3609 925 vero
3640 875 3742 924 ant-

2168 957 2329 1013 malis
2355 971 2537 1024 nomo,
2567 958 2707 1012 alius
2734 967 2916 1012 autem
2941 959 3240 1028 spiritualis
3269 959 3570 1031 appellari.
3607 959 3741 1015 Nunc

2164 1053 2276 1122 jam
2310 1051 2598 1106 videamus
2622 1066 2742 1121 quae
2769 1061 2852 1106 est
2877 1052 2996 1106 dies
3039 1052 3153 1117 irae,
3189 1067 3351 1123 quam
3385 1053 3478 1109 hic
3528 1054 3741 1122 Aposto-

2169 1143 2255 1199 lus
2302 1140 2586 1210 nominat,
2636 1157 2758 1212 qua:
2807 1151 2987 1198 tamen
3024 1143 3243 1198 facilius
3273 1146 3654 1216 dignoscetur,
3701 1147 3739 1201 si

2169 1233 2237 1287 de
2263 1247 2328 1288 ea
2356 1233 2486 1302 quid
2512 1232 2678 1288 etiam
2707 1232 2930 1304 reliqua
2961 1233 3262 1306 Scriptura:
3293 1236 3548 1292 indicent
3580 1239 3742 1306 requi-

2170 1339 2376 1379 ramus.
2423 1325 2552 1391 Quae
2579 1339 2711 1393 ergo
2757 1327 2826 1380 ad
2864 1340 3107 1396 praesens
3144 1329 3397 1396 exempla
3459 1344 3740 1385 occurrere

2167 1423 2442 1485 poterunt,
2494 1417 2824 1484 aptabimus,
2880 1426 2936 1472 et
2983 1431 3050 1472 ex
3100 1417 3186 1474 his
3220 1433 3342 1489 qua:
3381 1420 3460 1475 sit
3505 1421 3622 1476 dics
3663 1422 3738 1477 ira

2170 1508 2589 1567 monstrabitur.
2625 1509 2902 1580 Scriptum
2929 1519 3014 1566 est
3055 1510 3111 1566 in
3162 1510 3330 1569 Amos
3376 1515 3647 1585 propheta
3669 1519 3734 1567 ’τε

2175 1617 2191 1650 ι
2239 1598 2444 1654 Vze'his
2474 1602 2565 1670 qui
2600 1602 2922 1658 desiderant
2951 1605 3092 1660 diem
3126 1604 3358 1661 Domini.
3403 1605 3482 1662 Ut
3508 1609 3634 1676 quid
3661 1625 3735 1663 ro-

2168 1691 2249 1746 bis
2280 1692 2422 1747 dicm
2449 1692 2707 1747 Domini?
2737 1705 2793 1749 et
2827 1695 2944 1750 hmc
2974 1705 3056 1750 est
3091 1696 3350 1763 tenebrae,
3381 1708 3442 1752 et
3480 1716 3591 1754 non
3635 1699 3728 1753 lux.

2167 1782 2632 1850 Quemadmodum
2689 1787 2735 1839 si
2784 1784 3009 1856 eﬂ'ugiat
3059 1787 3220 1842 homo
3247 1803 3276 1840 a
3307 1788 3456 1844 facie
3487 1789 3667 1852 leonis,
3694 1804 3734 1844 et

2168 1881 2422 1928 occurrat
2453 1874 2500 1927 ei
2530 1889 2712 1938 ursus,
2743 1887 2798 1930 et
2826 1876 2992 1932 intret
3022 1878 3076 1931 in
3108 1880 3328 1932 domum
3360 1893 3553 1940 suam.
3579 1892 3629 1934 et
3653 1897 3730 1934 ex-

2168 1969 2354 2021 tendat
2383 1980 2578 2021 manus
2603 1982 2729 2022 suas
2756 1967 2823 2021 ad
2845 1969 3132 2038 parietem,
3149 1980 3204 2025 et
3225 1972 3483 2026 mordeat
3504 1987 3625 2027 eum
3641 1988 3733 2025 ser-

2162 2078 2318 2134 pens.
2346 2060 2537 2115 Nonne
2564 2063 2804 2117 tenebra:
2829 2071 2957 2118 sunt
2989 2063 3102 2118 dies
3139 2063 3383 2127 Domini,
3422 2077 3481 2120 et
3507 2081 3610 2119 non
3655 2068 3731 2119 lux

2161 2163 2216 2208 et
2245 2153 2418 2220 caligo
2449 2168 2567 2222 qua:
2594 2169 2698 2208 non
2730 2154 3037 2222 resplendet
3065 2156 3088 2209 ?
3116 2174 3134 2207 ι
3201 2157 3310 2210 Sed
3364 2169 3427 2211 et
3461 2158 3581 2212 Joet
3627 2160 3735 2214 dicit

2163 2245 2228 2299 ad
2264 2248 2591 2309 sacerdotes,
2631 2256 2685 2301 et
2712 2262 2809 2303 eos
2829 2249 2918 2317 qui
2947 2249 3105 2302 altari
3141 2250 3470 2304 deserviunt
3493 2253 3545 2283 ι·
3578 2270 3596 2302 ‹
3633 2254 3731 2304 Cla-

2163 2347 2306 2392 mate
2335 2337 2404 2392 ad
2436 2338 2722 2393 Dominum
2754 2339 2871 2393 sine
2899 2339 3233 2395 cessatione:
3253 2339 3369 2394 lleu
3397 2355 3513 2404 me,
3542 2341 3638 2394 heu
3665 2357 3732 2394 mc

2163 2431 2216 2484 iu
2235 2431 2397 2496 diem,
2419 2430 2544 2500 quia
2564 2432 2958 2500 propeestdies
2986 2430 3223 2495 Domini,
3258 2441 3314 2486 et
3344 2433 3500 2486 sicut
3537 2433 3731 2486 miseria

2160 2539 2222 2578 ex
2242 2522 2462 2579 miseria
2479 2522 2690 2578 veniet!
2715 2541 2734 2574 ι
2763 2519 2823 2576 Et
2848 2531 2968 2592 post
2992 2535 3161 2590 pauca
3179 2521 3200 2551 ²
3227 2535 3240 2573 :
3270 2540 3289 2573 ι
3312 2519 3477 2575 Tuba
3503 2522 3670 2576 canite
3691 2523 3730 2572 in

2163 2611 2317 2677 Sion,
2332 2611 2623 2680 praedicate
2639 2611 2691 2666 in
2707 2619 2892 2665 monte
2910 2621 3097 2665 sancto
3116 2624 3252 2672 meo,
3270 2611 3732 2666 etconlundaatur

2161 2718 2354 2760 omnes
2385 2704 2480 2774 qui
2513 2703 2764 2759 habitant
2802 2717 2964 2773 super
3007 2710 3235 2767 terram,
3267 2704 3402 2772 quia
3444 2704 3602 2758 adest
3638 2703 3731 2756 dies

2161 2795 2400 2862 Domini,
2433 2795 2558 2865 quia
2601 2810 2772 2865 prope
2795 2804 2880 2851 est
2917 2795 3032 2850 dies
3066 2796 3420 2848 tenebrarum
3470 2805 3528 2851 ct
3569 2795 3730 2862 caligi-

2162 2888 2269 2953 nis,
2301 2889 2418 2943 dies
2455 2888 2616 2944 nubis
2641 2898 2695 2944 et
2725 2887 2957 2944 nebula.
2993 2887 3144 2942 Sicut
3194 2889 3537 2942 tnatutinum
3580 2888 3727 2943 ell’un-

2161 2981 2322 3034 detur
2366 2993 2530 3050 super
2575 2987 2788 3035 montes
2831 2979 3063 3050 populus
3099 2977 3302 3034 multus
3331 2989 3390 3034 et
3432 2981 3616 3036 furtis.
3661 2979 3727 3035 Si-

2161 3073 2305 3128 milis
2331 3072 2381 3127 ei
2412 3089 2520 3128 non
2571 3072 2670 3126 fuit
2699 3088 2731 3128 a
2777 3073 2997 3138 sarculo,
3033 3083 3089 3128 et
3113 3081 3236 3141 post
3269 3073 3458 3140 ipsum
3491 3090 3598 3128 nou
3645 3076 3727 3128 erit

2157 3179 2334 3235 usque
2363 3165 2416 3220 in
2453 3179 2625 3221 annos
2658 3165 2842 3220 saeculi
2863 3165 3204 3220 saeculorum.
3233 3165 3375 3220 Ante
3402 3166 3585 3234 ipsum
3617 3166 3726 3235 ignis

481 3255 630 3312 neris
660 3271 819 3326 opes,
855 3266 910 3312 et
943 3258 1143 3314 divitiae
1176 3273 1595 3332 congregantur.
1627 3262 1798 3333 Hujus
1829 3267 1882 3320 in
1912 3265 2058 3321 Serio
2085 3287 2134 3349 ο
2163 3273 2515 3324 consumens,
2544 3267 2598 3312 et
2645 3267 2766 3327 post
2800 3258 2976 3327 ipsum
3016 3256 3230 3311 ﬂamma
3278 3271 3550 3312 accensa.
3600 3256 3725 3309 Sicut

483 3349 659 3417 pturis
723 3349 1144 3418 signiticautiam
1211 3352 1481 3422 triplicem
1543 3355 1792 3427 legimus.
1852 3359 2056 3416 Dicitur

481 3440 626 3494 enim
660 3439 714 3494 in
749 3440 1040 3510 Evangelio
1071 3443 1117 3474 ³⁸
1155 3443 1446 3501 thesaurus
1475 3461 1596 3502 esse
1626 3450 1849 3518 quidam
1876 3451 1930 3506 in
1957 3459 2059 3507 ter-

487 3532 580 3600 ris,
617 3532 669 3585 in
700 3547 808 3600 quo
847 3533 1098 3602 prohibet
1133 3535 1390 3591 Dominus
1418 3537 1772 3595 thesaurizari
1801 3559 1814 3594 :
1845 3552 1898 3598 et
1921 3544 2059 3600 alius

485 3624 772 3679 thesaurus
804 3625 854 3678 in
882 3625 1042 3690 caelo,
1075 3625 1128 3679 in
1159 3642 1265 3696 quo
1288 3627 1438 3696 jubet
1459 3629 1646 3686 ﬁdeles
1663 3648 1907 3704 quosque
1929 3650 2059 3704 opes

482 3730 609 3770 suas
656 3717 998 3772 recondere:
1031 3726 1086 3774 et
1128 3719 1220 3774 hic
1250 3735 1395 3775 nunc
1442 3723 1732 3791 Apostolus
1775 3725 1906 3780 dicit
1965 3728 2058 3780 irae

483 3809 792 3866 thesauros.
812 3809 1013 3865 Omnes
1039 3826 1170 3881 ergo
1206 3813 1451 3869 homines
1473 3831 1570 3884 per
1605 3817 1721 3872 hare
1757 3833 1878 3888 qua:
1893 3829 2058 3888 agunt

481 3904 534 3956 iu
562 3903 664 3957 hoc
701 3909 924 3970 mundo,
971 3905 1027 3960 in
1074 3922 1184 3962 uno
1229 3907 1413 3976 aliquo
1456 3924 1521 3963 ex
1565 3911 1686 3966 istis
1724 3913 1898 3968 tribus
1927 3928 2056 3968 cou-

479 4005 708 4064 gregant
759 3998 1068 4054 thesauros.
1119 3999 1226 4052 Aut
1261 4001 1405 4055 enim
1452 4001 1687 4056 inﬁdelis
1737 4014 1822 4058 est
1852 4005 1974 4072 quis
2002 4014 2058 4058 et

478 4087 720 4154 iniquus,
743 4100 799 4143 et
831 4104 926 4158 per
959 4089 1213 4143 duritiam
1245 4091 1446 4154 cordis,
1489 4101 1544 4146 et
1573 4107 1668 4148 cor
1712 4095 2055 4164 imposnitens

482 4181 533 4232 iu
563 4180 818 4235 thesauro
849 4182 943 4234 ira:
972 4191 1126 4235 actus
1161 4197 1299 4237 suos
1329 4185 1595 4238 recondit.
1646 4185 1756 4239 Aut
1805 4195 2055 4243 terrenus

479 4281 582 4337 est,
616 4281 682 4340 et
730 4274 796 4326 de
848 4283 995 4326 terra
1042 4274 1204 4341 sapit,
1244 4289 1307 4328 ac
1341 4277 1409 4330 de
1444 4285 1590 4330 terra
1627 4277 1868 4346 loquitur
1893 4279 1964 4345 ’⁸,
1999 4289 2053 4334 et

480 4378 601 4416 cum
631 4363 682 4417 ei
715 4363 963 4418 attulerit
996 4379 1126 4434 ager
1155 4365 1364 4421 fructus
1400 4367 1617 4432 uberes,
1647 4369 1879 4424 destruit
1926 4370 2053 4425 hor-

477 4469 570 4509 rea
593 4469 712 4520 sua,
739 4465 795 4510 et
817 4454 1022 4524 majora
1036 4455 1346 4523 aadilicat",
1371 4467 1427 4513 et
1453 4459 1786 4514 thesaurizat
1807 4461 1859 4514 in
1887 4469 2050 4516 terra.

479 4548 544 4601 Et
570 4546 659 4602 ille
689 4547 904 4616 quidem
945 4545 1137 4613 durus,
1167 4549 1255 4603 hic
1286 4561 1464 4605 autem
1495 4553 1698 4608 stultus
1723 4554 2049 4623 appellatur.

477 4637 686 4692 Dicitur
709 4639 855 4692 enim
881 4640 949 4692 ad
979 4653 1102 4693 eum
1129 4653 1146 4690 :
1183 4657 1200 4690 ι
1243 4639 1440 4705 Stulte,
1474 4642 1578 4696 hac
1611 4654 1770 4698 nocte
1803 4655 2052 4713 repetent
2083 4639 2126 4694 D
2157 4625 2308 4704 catos
2337 4661 2486 4702 suos.
2523 4665 2540 4696 ι
2575 4644 2640 4698 Et
2669 4652 2789 4713 post
2820 4656 2988 4712 pauca
3012 4641 3032 4671 ⁸
3061 4659 3074 4695 :
3115 4659 3133 4692 ‹
3171 4641 3346 4710 PrOpe
3377 4657 3470 4696 εει
3498 4643 3609 4696 dies
3635 4625 3718 4692 [ιολ

476 4732 575 4785 abs
600 4738 654 4786 te
681 4733 918 4786 animam
943 4740 1111 4796 tuam,
1154 4739 1208 4790 et
1221 4748 1342 4803 qua:
1355 4735 1584 4804 parasti,
1599 4736 1758 4806 cujus
1771 4743 2041 4796 erunt98?»

473 4833 581 4888 Aut
608 4833 825 4904 sapiens
857 4841 964 4897 est,
1003 4841 1057 4888 et
1089 4833 1140 4888 in
1169 4833 1338 4889 Deum
1370 4832 1545 4897 dives,
1574 4832 1705 4888 etin
1740 4832 1904 4887 terris
1930 4847 2046 4885 am-

471 4931 666 4988 bulans
703 4928 820 5000 (3-8)
851 4927 1324 4986 conversationem
1373 4925 1534 4979 habet
1583 4925 1634 4978 iu
1669 4923 1844 4990 cmlis,
1885 4933 2046 4993 atque

2162 3352 2446 3422 paradisus
2478 3351 2792 3406 deliciarum
2821 3351 2926 3405 erit
2959 3360 3102 3405 terra
3142 3360 3268 3404 ante
3301 3349 3509 3406 faciem
3539 3350 3664 3419 ejus,
3686 3359 3727 3402 et

2160 3455 2283 3518 post
2308 3456 2514 3515 tergum
2545 3445 2658 3512 ejus
2673 3460 2894 3514 campus
2914 3444 3219 3499 extermiuii
3251 3442 3391 3513 (39),
3411 3445 3728 3500 etnullusest

2161 3536 2252 3605 qui
2281 3538 2477 3591 evadat
2501 3551 2649 3589 eum.
2683 3535 2840 3590 Sicut
2865 3545 3116 3604 aspectus
3139 3549 3416 3604 equorum
3459 3536 3624 3590 facies
3651 3550 3726 3587 eo-

2161 3645 2313 3692 rum;
2349 3637 2400 3682 et
2426 3628 2565 3682 sicut
2589 3628 2824 3696 equites,
2860 3626 2936 3680 ita
2968 3635 3284 3694 sequentur.
3317 3625 3485 3680 Sicut
3511 3643 3604 3681 vox
3625 3643 3725 3680 cur-

2159 3735 2316 3774 ruum
2339 3734 2502 3788 super
2534 3719 2764 3772 vertices
2795 3716 3056 3771 montium
3087 3715 3381 3774 insilient.»
3418 3716 3528 3772 Sed
3557 3729 3607 3771 et
3631 3732 3725 3771 om-

2159 3812 2252 3866 nia
2284 3813 2336 3866 in
2379 3811 2838 3880 consequentibus
2870 3810 2936 3864 de
2965 3809 3155 3865 eadem
3205 3809 3411 3864 scribit
3459 3826 3626 3879 usque
3669 3809 3722 3860 all

2158 3920 2282 3960 eum
2314 3906 2489 3960 locum
2521 3905 2606 3958 tibi
2637 3903 2812 3958 dicit’
2853 3927 2865 3957 ;
2898 3920 2917 3953 t
2952 3902 3016 3957 Et
3047 3901 3308 3957 Dominus
3355 3904 3520 3958 dabit
3564 3919 3733 3956 voc-eui.

2158 4012 2312 4053 suam
2335 4007 2464 4051 ante
2494 3995 2692 4050 faciem
2720 3995 2935 4049 virtutis
2965 4010 3096 4061 suae,
3137 3995 3267 4065 quia
3296 3997 3504 4066 ingens
3534 4009 3612 4052 est
3631 3997 3731 4048 vai-i

2157 4091 2224 4144 de
2243 4087 2534 4143 multitudo
2553 4095 2859 4142 castrorum
2888 4084 3029 4154 ejus,
3061 4095 3115 4141 et
3143 4085 3322 4141 valida
3353 4103 3531 4159 opera
3561 4088 3729 4141 verbo-i

2157 4197 2278 4237 rum
2329 4183 2461 4249 ejus.
2509 4179 2737 4248 Propter
2788 4179 2931 4248 quod
2981 4191 3176 4248 magna
3206 4187 3289 4233 est
3337 4179 3467 4234 dies
3513 4181 3727 4242 Dominm

2158 4290 2351 4345 magna
2377 4283 2431 4328 et
2459 4272 2652 4328 nobilis
2682 4271 2839 4325 valde
2869 4287 2884 4325 :
2920 4280 2976 4324 et
3018 4270 3142 4339 quis
3177 4269 3282 4325 erit
3328 4269 3567 4326 idoneus
3596 4271 3674 4326 ei?
3697 4255 3725 4324 si

2157 4369 2468 4439 Sophonias
2495 4365 2718 4420 veroita
2747 4364 2879 4419 dicit
2902 4363 2922 4394 "
2945 4381 2958 4417 :
2983 4381 3000 4414 ι
3024 4363 3410 4418 Revereamini
3434 4367 3547 4434 (.50)
3565 4355 3723 4418 alacid

2157 4463 2365 4520 Domini
2402 4461 2514 4525 Dei,
2548 4458 2802 4529 quoniam
2826 4471 2996 4528 prepe
3017 4465 3098 4511 est
3121 4456 3235 4511 dies
3257 4455 3503 4524 Domini,
3525 4467 3576 4512 et
3599 4461 3721 4534 ιπκῆ

2155 4556 2364 4628 paravit
2397 4554 2663 4608 Dominus
2705 4550 2987 4605 victimam
3019 4563 3195 4611 suam,
3235 4551 3609 4605 sanctilicavit
3636 4550 3719 4628 νοτ]

2160 4743 2290 4798 mini
2345 4756 2564 4809 magna,
2613 4751 2782 4807 pmpc
2824 4745 2931 4796 cst,
2965 4743 3020 4789 et
3048 4735 3204 4789 velox
3234 4734 3348 4805 (41)
3385 4736 3569 4790 valde.
3617 4717 3716 4830 “id;

2158 4835 2266 4888 diei
2302 4829 2520 4886 Domini
2561 4843 2775 4894 amara,
2809 4836 2864 4881 et
2898 4826 3031 4880 dura
3071 4825 3246 4894 posita
3295 4835 3404 4892 est,
3446 4839 3505 4882 et
3539 4825 3713 4880 validal

2155 4923 2280 4976 Dies
2312 4922 2427 4988 irae,
2463 4921 2576 4975 dies
2604 4918 2718 4987 illa,
2767 4918 2882 4972 dies
2944 4917 3207 4985 angustia:
3257 4929 3313 4972 et
3359 4895 3712 5006 necessitsttsj

3707 4461 3721 4505 Α

3707 4527 3719 4620 l

3707 4625 3718 4691 l

3707 4713 3716 4830 Ξ

546 5073 590 5104 ⁹¹
617 5071 852 5125 Rom.tt.
885 5069 940 5125 5.
969 5070 1021 5124 6.
1086 5068 1153 5100 "‘
1171 5065 1361 5120 Matth.
1393 5078 1514 5118 xm.
1542 5061 1635 5125 15;
1669 5060 1770 5112 lsa.
1805 5075 1880 5124 vi,
1907 5059 1992 5116 10.

2158 5057 2326 5113 lzech.
2349 5073 2418 5112 xi.
2457 5056 2554 5114 19;
2586 5068 2772 5114 xxxvi,
2801 5054 2892 5108 26.
2951 5056 2997 5088 "
3022 5055 3040 5108 l
3070 5055 3197 5110 Cor.
3225 5073 3283 5115 tt.
3313 5057 3402 5112 15.
3474 5062 3520 5092 ’³
3546 5045 3707 5125 Math

536 5073 590 5142 ,⁸³
617 5071 852 5132 Rom.tt,
885 5069 940 5133 5,
969 5070 1021 5124 6.
1086 5068 1153 5100 ⁸³·
1171 5065 1361 5120 Matth.
1393 5078 1514 5118 xm.
1542 5061 1635 5125 15;
1669 5060 1770 5112 lsa.
1805 5059 1992 5124 vr,10.

473 5157 546 5206 vi,
573 5143 658 5205 l9,
685 5142 773 5194 20.
837 5142 882 5172 "
910 5139 1068 5194 Joan.
1105 5154 1188 5199 ιιι,
1215 5137 1302 5190 51.
1379 5135 1422 5165 ’⁷
1458 5132 1588 5188 Luc.
1610 5147 1704 5193 xtl,
1733 5131 1918 5184 lii-18.
1995 5133 2035 5169 θα

475 5228 510 5247 11
563 5213 654 5247 LA
751 5211 772 5242 ⁸
809 5211 916 5247 ilum
973 5209 1031 5247 ΙιΙ
1136 5207 1158 5238 ι
1186 5206 1426 5247 Snnhnm
1459 5218 1494 5247 1-
1531 5203 1579 5247 7-
1658 5203 1678 5232 ⁵
1709 5201 1839 5247 ibid.
1882 5200 2035 5247 14-ίὲ

2158 5057 2326 5113 lzech.
2349 5073 2418 5112 xi.
2457 5056 2554 5114 19;
2586 5068 2772 5114 xxxvi,
2801 5056 2892 5108 26.
2951 5056 2997 5088 "
3022 5056 3040 5108 l
3070 5056 3197 5110 Cor.
3225 5073 3283 5115 tt.
3313 5057 3402 5112 15.
3474 5062 3520 5092 ’³
3546 5059 3652 5110 Mati
3703 5056 3708 5076 τ

2158 5131 2203 5185 tl.
2232 5129 2322 5184 20.
2397 5127 2441 5158 ’θ
2469 5128 2634 5180 Amos
2663 5139 2716 5188 ν,
2747 5125 2926 5180 18-20.
3006 5129 3023 5158 ί
3053 5127 3190 5184 Joel.
3217 5128 3351 5195 1,“,
3389 5130 3486 5186 i5.
3562 5056 3708 5247 ’1ιῷ

474 5200 676 5274 n,'t-s'.
751 5209 1061 5267 suam“.
1136 5206 1430 5275 ‘Sophon.
1459 5218 1498 5268 1,
1531 5203 1582 5258 7.
1658 5200 2064 5256 l‘ibid.l4-18.

545 5328 656 5397 ('55)
683 5326 772 5382 Sic
795 5342 896 5381 ms.
916 5325 1126 5397 Regius,
1144 5336 1294 5397 num.
1326 5319 1480 5376 1659.
1507 5317 1700 5373 Οῖριθτί
1729 5331 1857 5371 vero
1883 5330 2038 5382 mss.,

472 5394 750 5461 Rabanus,
787 5407 841 5449 et
870 5397 994 5450 editi
1029 5413 1046 5446 ι
1083 5394 1231 5449 dicit.
1267 5411 1286 5444 ι

549 5468 660 5536 ('56)
693 5486 712 5518 ι
739 5455 962 5520 Crasso.
991 5483 1009 5516 ›
1060 5465 1223 5518 Deest
1256 5463 1310 5516 in
1349 5459 1532 5516 editis.
1583 5455 1705 5514 Mox
1732 5470 1835 5512 ms.
1873 5470 2033 5525 unus,

478 5557 499 5592 ι
525 5543 649 5611 quia
682 5537 985 5611 apostolus,
1011 5544 1164 5611 rete.

568 5610 656 5676 57)
693 5599 821 5662 Vide
852 5599 1010 5674 supra
1039 5607 1130 5661 lib.
1162 5622 1200 5670 ι,
1235 5618 1384 5658 num.
1415 5603 1504 5669 18,
1540 5611 1591 5656 et
1624 5599 1719 5654 lib.
1747 5603 2034 5676 tv,_cont‘r_a

568 5615 656 5676 57)
695 5615 821 5662 Vide
852 5623 1010 5674 supra
1039 5615 1130 5661 lib.
1162 5622 1200 5670 l,
1235 5618 1384 5658 num.
1415 5615 1504 5669 18,
1540 5615 1591 5656 et
1627 5615 1719 5654 ιιι).
1747 5615 1821 5662 ιν,
1850 5615 2028 5652 contra

471 5615 706 5738 Celsum,
731 5693 878 5731 num.
917 5678 1003 5737 '72,
1031 5688 1084 5731 et
1111 5677 1164 5730 in
1195 5676 1386 5740 psalm.
1414 5690 1474 5734 ιι,
1508 5687 1716 5726 necnon
1740 5680 1794 5724 et
1838 5669 2028 5740 lminil.

469 5755 541 5808 2'2
583 5755 637 5804 in
665 5750 884 5803 Lucam.
917 5748 1022 5801 Sed
1051 5749 1116 5800 ad
1139 5739 1242 5800 alia
1275 5747 1389 5798 loca
1419 5745 1505 5800 hic
1530 5742 1799 5812 respicere
1822 5739 2034 5794 videtur

471 5827 866 5889 Origencsqua:
900 5833 1173 5890 nuncnou
1206 5824 1478 5890 exstanti“
1541 5883 1557 5890 _
1700 5882 1711 5890 _
1935 5888 1942 5890 Α
2018 5878 2031 5890 ο

541 5882 654 5962 (58)
685 5882 781 5944 Sie'
803 5905 902 5962 ms.
936 5887 1134 5962 Regius
1169 5901 1315 5962 nutu.
1351 5884 1504 5936 11559.
1541 5883 1615 5935 lla
1642 5882 2031 5962 etiamnemteri

474 5951 598 6022 mss.
615 5951 825 6028 e'tediti;
850 5958 949 6016 nisi
969 5951 1111 6028 qtiud
1130 5956 1380 6011 omittam
1400 5966 1508 6007 reti
1534 5963 1657 6009 ante
1677 5972 1693 6002 ι
1721 5952 1773 6007 in
1803 5951 2022 6005 Deuma

2149 5314 2400 5368 Rabanus
2433 5326 2580 5373 vero,
2614 5328 2633 5360 ‹
2665 5318 2759 5362 aut
2781 5309 2825 5363 si
2857 5311 3073 5378 sapiens
3112 5322 3195 5368 est
3236 5314 3291 5369 in
3332 5313 3532 5380 Deum,
3576 5315 3704 5370 dire!

2149 5384 2201 5438 in
2229 5386 2388 5450 terris
2411 5381 2714 5445 amhulans,
2755 5399 2774 5431 ι
2807 5389 2913 5435 etc.
3699 5421 3701 5433 .

2187 5454 2326 5536 “(59)
2361 5454 2663 5577 Siclomues
2691 5465 2821 5505 mss.
2847 5451 2991 5506 Editi
3020 5466 3172 5518 vero,
3209 5473 3228 5506 ι
3263 5466 3436 5525 caput
3467 5453 3700 5525 extermii

2187 5542 2218 5577 Il
2250 5540 2264 5577 ἒ
2301 5543 2318 5576 ι
2359 5540 2443 5577 ma
2467 5539 2517 5577 8ο

2144 5539 2757 5674 ηιηάοὶίῗιῗιῗέεοηάιιιη
2784 5591 2999 5674 videtur
3015 5593 3185 5674 juxta
3202 5595 3516 5674 Scriptura:
3541 5579 3697 5674 exemi

2142 5661 2681 5734 pla'ria'Grzeca,'quze
2713 5666 2893 5742 omnia
2928 5661 3483 5742 feruute-ulatiaioﬂe;
3519 5668 3607 5742 sed
3640 5661 3696 5740 ui

2139 5751 2262 5816 men
2303 5750 2497 5816 _omnes
2536 5750 2667 5792 mss.
2708 5738 2900 5799 nostri,
2943 5744 3000 5788 et
3041 5738 3170 5791 editi
3199 5739 3430 5803 habent,
3463 5757 3482 5789 ι
3519 5738 3694 5805 Rcveri

2145 5815 2338 5861 limini.
2373 5825 2391 5858 ι

2199 5876 2324 5956 ,(41)
2367 5876 2458 5935 Sic
2490 5893 2677 5937 omnes
2720 5896 2853 5940 mss.
2896 5878 3039 5939 Editi
3075 5893 3225 5944 vero,
3268 5897 3289 5930 ί
3339 5889 3392 5934 et
3441 5880 3596 5934 velox
3636 5873 3690 5956 nilE

2141 5961 2258 6003 IIIIS.
2304 5967 2323 6000 ι

3684 5579 3697 5636 J

3684 5649 3696 5740 l

3684 5741 3694 5805 l

3684 5839 3691 5942 l

3687 5947 3689 5989 |

2511 6050 2537 6080 Ο
