3754 6540
98 402 184 457 επ

1019 336 1375 451 ΕΟΜΜΙέΝΤ.
1417 390 1485 446 ΙΝ
1527 389 1745 447 EPIST.
1788 390 1882 445 AD
1918 390 2087 447 ROM.
2131 390 2259 446 LIB.
2303 389 2370 448 ll.

3230 398 3336 450 878

98 532 203 585 dies
228 525 538 582 acerbitatis
561 531 618 578 et
655 522 1002 591 perditionis,
1039 521 1154 577 dies
1198 519 1549 575 tenebrarum
1597 524 1651 569 et
1681 518 1727 574 Α
1757 513 1927 583 ipsius
1956 512 2197 569 defuncti
2250 524 2414 575 sunt,
2451 511 2515 567 ad
2546 516 2691 571 hunc
2724 516 2974 572 ultimum
2996 518 3139 575 diem
3192 520 3339 589 judi-

100 620 348 691 caliginis,
386 619 499 673 dies
526 617 688 671 nubis
715 625 770 670 et
805 617 1037 679 nebulae,
1063 615 1182 670 dies
1213 616 1354 668 tuba:
1395 622 1450 666 et
1496 611 1646 665 clan—

100 716 229 786 goris
257 727 418 778 super
446 712 701 765 civitates
738 709 1000 775 munitas,
1034 718 1091 763 et
1133 723 1297 777 super
1333 721 1518 759 muros
1554 720 1650 759 ex-

101 802 271 857 celsos.
304 801 373 854 Et
418 800 651 854 alliciam
695 798 963 863 homines,
1009 806 1062 852 et
1106 798 1461 853 ambulabunt
1508 799 1650 855 sicut

101 894 229 955 caeci,
271 892 526 962 quoniam
578 892 808 946 Domino
851 903 1255 960 peccaverunt:
1292 903 1350 947 et
1374 891 1647 947 effundam

100 986 396 1056 sanguinem
421 1000 610 1039 eorum
651 985 795 1039 sicut
822 982 1119 1051 pulverem,
1145 993 1203 1038 et
1229 999 1424 1039 carnes
1456 999 1645 1039 eorum

101 1092 147 1133 ιιι
167 1090 416 1133 stercora.
448 1076 653 1130 Aurum
691 1091 903 1142 eorum,
928 1086 982 1131 et
1015 1086 1298 1146 argenturm
1324 1090 1514 1132 eorum
1539 1093 1643 1133 non

101 1174 281 1244 poterit
333 1171 569 1225 liberare
608 1170 803 1235 eos.in
847 1170 935 1224 die
985 1169 1080 1224 ira:
1131 1170 1362 1225 Domini.
1409 1171 1465 1224 In
1524 1171 1648 1241 igne

102 1268 437 1325 aemulationis
466 1267 584 1335 ejus
626 1273 984 1322 consumetur
1032 1265 1211 1321 omnis
1257 1277 1397 1320 terra
1424 1305 1443 1329 ,
1501 1280 1643 1334 quo-

103 1362 222 1415 niam
257 1359 421 1433 579
446 1358 966 1412 consummationem
983 1365 1039 1412 et
1067 1356 1465 1411 festinationem
1486 1356 1649 1411 faciet

104 1469 238 1521 super
262 1467 451 1509 omnes
474 1452 563 1521 qui
588 1451 838 1507 habitant
861 1460 1083 1506 terram.
1108 1469 1127 1501 ι
1143 1450 1311 1505 Isaias
1330 1464 1547 1519 quoque
1574 1451 1648 1505 si-

104 1547 274 1600 militer
308 1552 620 1599 memorat:
658 1561 679 1595 σ
718 1543 858 1599 Ecce
888 1542 1035 1598 enim
1075 1542 1190 1597 dies
1223 1541 1435 1597 Domini
1466 1540 1647 1596 veniet

105 1636 394 1692 insanabilis
414 1634 619 1690 furoris
644 1643 702 1690 et
728 1635 821 1691 irae
849 1674 864 1701 ,
899 1649 1106 1704 ponere
1140 1635 1329 1690 orbem
1361 1643 1520 1689 terra:
1549 1634 1645 1687 de-

103 1742 277 1787 sertum
307 1770 322 1792 ,
369 1738 425 1782 et
455 1738 774 1798 peccatores
827 1730 1055 1799 perdere
1085 1743 1152 1782 ex
1188 1743 1255 1783 eo
1286 1728 1329 1782 ⁸.
1365 1747 1386 1781 ι
1429 1727 1493 1782 Et
1524 1738 1648 1796 post

104 1839 245 1894 pauca
278 1840 291 1878 :
329 1843 351 1875 ι
380 1824 593 1879 leum
626 1824 769 1879 enim
806 1823 990 1877 furore
1017 1822 1373 1887 aceendetur,
1403 1831 1457 1877 et
1491 1832 1638 1877 terra
1674 1860 1715 1913 Β

107 1916 381 1971 movebitur
420 1933 450 1969 a
484 1914 853 1969 fundamentis
869 1913 1004 1976 suis,
1034 1923 1257 1985 propter
1279 1914 1517 1968 furorem
1547 1914 1644 1968 ira:

107 2010 285 2063 Domini
319 2008 561 2063 Sabaoth
592 2047 609 2073 ,
665 2008 722 2061 in
781 2006 871 2061 die
926 2020 1033 2076 qua
1080 2006 1458 2075 supervenerit
1491 2004 1647 2059 furor

104 2102 199 2169 ejus
222 2103 261 2155 '.
294 2119 314 2153 ο
345 2099 449 2155 His
494 2110 576 2155 tot
620 2108 677 2156 et
723 2100 918 2153 talibus
955 2099 1022 2154 de
1055 2099 1142 2151 die
1173 2099 1267 2153 ira;
1318 2099 1647 2154 testimoniis

107 2194 417 2264 congregatis
440 2231 457 2257 ,
486 2202 619 2263 puto
648 2194 796 2263 quod
836 2192 978 2245 ultra
1010 2190 1162 2246 locus
1202 2190 1289 2245 hic
1313 2190 1649 2258 expositione

106 2303 189 2339 non
219 2294 390 2357 egeat.
422 2285 722 2342 Evidenter
751 2286 897 2340 enim
928 2285 982 2338 in
1007 2285 1096 2338 bis
1111 2285 1368 2339 omnibus
1392 2284 1509 2338 dies
1529 2284 1644 2348 ine,

106 2380 322 2433 vindictae
350 2379 475 2434 dies
503 2387 559 2432 et
590 2376 781 2446 jndicii
815 2377 1129 2448 designatur
1172 2376 1309 2447 (42).
1341 2376 1470 2431 lude
1496 2376 1648 2431 deui-

107 2486 191 2540 que
214 2470 275 2526 ad
298 2471 448 2526 diem
482 2471 578 2526 ira
620 2469 774 2524 addit
824 2470 1119 2538 Apostolus
1143 2509 1159 2532 ,
1210 2488 1229 2520 i
1261 2478 1317 2523 et
1350 2468 1649 2523 revelatio-

110 2578 193 2620 ηις.
223 2582 241 2615 ι
293 2563 381 2619 Sic
424 2563 571 2618 enim
605 2563 739 2618 dicit
768 2581 784 2618 :
814 2581 837 2613 ι
876 2559 933 2615 lu
965 2561 1055 2617 die
1082 2563 1177 2616 ira:
1207 2571 1265 2618 et
1300 2560 1648 2617 revelationis

108 2654 413 2723 justijudicii
442 2654 560 2710 Dei.
598 2673 617 2707 ι
654 2654 963 2709 Revelanda
1010 2668 1245 2724 namque
1277 2666 1396 2708 esse
1422 2654 1602 2708 omnia
1629 2693 1645 2718 ,

110 2748 245 2801 etiam
270 2748 321 2802 in
361 2748 658 2820 Evangelio
690 2748 1026 2819 designatur,
1066 2762 1188 2802 cum
1220 2747 1461 2803 dicitur:
1500 2765 1517 2799 ι
1553 2745 1648 2801 Ni-

111 2839 167 2892 hi‘.
192 2841 449 2895 occultum
479 2842 621 2910 quod
656 2854 761 2894 non
794 2841 1214 2905 manifestetur;
1246 2844 1346 2894 nec
1372 2850 1646 2910 opertum,

112 2931 224 2998 quod
255 2946 354 2986 non
380 2930 655 2987 reveletur
676 2931 719 2986 '.
756 2930 920 2986 r'Sed
948 2940 1017 2986 .et
1043 2931 1328 3001 Apostolus
1357 2931 1410 2984 in
1452 2944 1650 2986 conse-

112 3008 367 3091 quentilms
418 3021 580 3092 hujus
634 3021 888 3093 Epistula:
940 3024 1116 3080 dicit:
1155 3042 1172 3075 ι
1214 3021 1649 3093 Cogitationibus

111 3119 471 3186 accusantibus,
510 3126 604 3173 aut
632 3119 797 3173 etiam
829 3117 1267 3184 defendentibus,
1298 3120 1350 3175 in
1380 3121 1491 3185 die,
1522 3135 1646 3175 cum
1674 3190 1678 3194 Δ

109 3208 332 3275 judicabit
361 3209 508 3265 Deus
530 3209 745 3264 occulta
778 3209 1058 3264 hominum
1080 3209 1125 3263 ν.
1164 3228 1184 3262 ι
1225 3209 1281 3265 lu
1318 3224 1431 3281 quo
1458 3209 1646 3280 utique
1674 3200 1718 3258 C

115 3300 313 3355 ostendit
342 3300 555 3357 occulta
577 3300 858 3355 hominum
888 3300 1175 3357 revelantla
1199 3317 1307 3355 non
1340 3303 1442 3358 nisi
1477 3304 1529 3357 in
1563 3304 1650 3359 die

114 3406 195 3457 qua
224 3391 561 3460 judicaturus
591 3401 677 3448 est
729 3392 870 3448 Deus
901 3432 918 3460 ,
968 3391 1112 3447 sicut
1137 3403 1193 3448 et
1237 3393 1303 3447 ad
1335 3394 1650 3449 Corinthios

113 3480 375 3536 evidentius
402 3482 568 3538 dicit:
608 3500 627 3534 ι
646 3480 829 3539 Nolite
854 3493 982 3538 ante
1000 3493 1234 3552 tempus,
1267 3503 1286 3535 ι
1309 3486 1488 3554 inquit
1510 3468 1644 3555 (4'5),

119 3587 137 3621 ι
158 3568 399 3638 judicare,
432 3587 715 3643 usquequo
746 3574 932 3628 veniat
961 3574 1225 3630 Dominus
1250 3614 1266 3638 ,
1294 3575 1389 3645 qui
1428 3584 1484 3631 et
1528 3575 1650 3630 illu-

116 3662 303 3718 minabit
332 3663 542 3719 occulta
578 3666 929 3719 tenebrarum
954 3703 972 3730 ,
1022 3677 1079 3720 et
1110 3666 1485 3721 manifestabit
1517 3681 1648 3722 eon-

115 3752 209 3807 silia
225 3756 459 3809 eordium
491 3756 558 3811 ".
600 3771 620 3806 ι
655 3754 788 3822 Quae
827 3756 1014 3825 utique
1062 3756 1246 3810 omnia
1280 3756 1351 3810 de
1401 3756 1503 3810 hac
1551 3770 1647 3810 ea~

118 3844 210 3900 dem
235 3847 314 3902 die
344 3846 454 3903 dici
482 3846 881 3916 intelliguntur,
916 3847 970 3901 in
1003 3862 1110 3917 qua
1137 3849 1397 3912 tenebrte,
1427 3859 1483 3904 et
1512 3862 1646 3903 mm-

117 3951 205 4001 ror,
237 3948 286 3993 et
329 3938 553 3994 tristitia
587 3937 769 3993 futura
831 3937 1105 4003 dicuntur,
1167 3949 1389 4010 propter
1427 3955 1522 3996 eos
1555 3940 1648 4009 qui

119 4028 266 4085 multis
291 4039 641 4099 peccatorum
671 4029 990 4085 vulneribus
1010 4029 1260 4087 'confossi
1301 4031 1443 4102 ignis
1472 4047 1648 4087 reme-

116 4121 197 4174 diis
236 4123 566 4191 indigebunt.
600 4121 718 4188 Quo
771 4122 827 4177 in
881 4131 1124 4190 tempore
1162 4123 1372 4177 dicetur
1418 4123 1483 4175 ad
1515 4137 1649 4176 san-

118 4223 209 4268 ctos
238 4232 251 4268 :
287 4236 313 4268 τ
336 4217 528 4286 Perge,
554 4216 784 4286 populus
815 4230 988 4279 meus,
1023 4217 1163 4270 intra
1198 4217 1249 4270 in
1271 4220 1647 4286 promptuaria

119 4318 204 4371 tua,
234 4310 415 4366 claude
450 4310 652 4365 ostium
695 4318 867 4373 tuum,
901 4310 1178 4363 occultare
1215 4310 1514 4379 paulisper,
1551 4311 1649 4364 do-

119 4413 196 4452 nec
220 4412 451 4457 transeat
474 4402 628 4457 furor
658 4403 752 4457 ira:
783 4415 916 4455 mea:
958 4400 1023 4454 “.
1068 4421 1087 4452 ι
1116 4401 1171 4454 ln
1199 4401 1401 4469 quibus
1440 4416 1649 4457 sermo-

118 4490 245 4548 nibus
267 4507 477 4564 quantre
507 4494 709 4549 divitia:
731 4493 990 4549 bonitatis
1012 4490 1109 4547 Dei
1137 4494 1502 4560 occultentur,
1521 4511 1648 4564 pro-

116 4590 210 4649 pter
233 4597 316 4639 cos
341 4585 432 4654 qui
462 4584 783 4654 patientiam
815 4584 933 4653 ejus
963 4584 1374 4653 bonitatemque
1402 4597 1645 4640 contem-

119 4685 243 4738 nunt,
292 4676 648 4731 manifestare
709 4691 819 4730 non
852 4690 989 4745 opus
1026 4683 1127 4728 est.
1162 4672 1481 4743 Requiritur
1514 4691 1644 4731 sane

120 4765 447 4834 aquibusdam
481 4783 579 4823 cur
606 4765 722 4822 dies
776 4766 884 4832 hic,
915 4767 981 4820 de
1009 4780 1117 4836 quo
1144 4766 1392 4834 superius
1450 4765 1645 4821 biblio-

119 4856 268 4914 thecas
292 4860 639 4930 propheticas
665 4859 959 4925 movimus,
988 4858 1041 4911 iu
1067 4856 1174 4911 (ine
1199 4856 1387 4910 mundi
1409 4865 1646 4912 statutus

119 4949 188 5014 sit,
213 4962 263 5006 ut
284 4968 470 5008 onmes
495 4951 589 5021 qui
638 4951 708 5006 ab
735 4949 894 5004 initio
941 4948 1126 5003 saeculi
1161 4960 1334 5013 usque
1365 4947 1434 5002 ad
1485 4946 1644 5003 linem

171 5093 189 5124 ⁸
220 5092 306 5149 lsa.
346 5110 444 5149 xm
470 5134 487 5161 ,
530 5094 585 5149 9.

682 5093 702 5123 ⁷
731 5091 866 5146 ibid.
892 5091 980 5144 15.
1057 5090 1080 5123 ⁸
1108 5088 1298 5142 Matth.
1332 5105 1363 5142 χ
1390 5128 1407 5152 ,
1460 5089 1553 5143 26.
1628 5091 1646 5123 ⁸

1799 5104 1837 5143 ι.
1876 5102 1940 5153 ιι,
1982 5086 2072 5154 15,
2110 5084 2198 5140 16.
2276 5081 2510 5139 ὀιϐοι.
2536 5098 2612 5145 iv,
2628 5080 2685 5135 5.

1754 607 1911 661 candi
1954 615 2317 662 reserventur.
2350 606 2516 675 Cujus
2553 609 2627 663 rei
2657 609 2945 664 interiores
2988 627 3187 668 causas
3223 629 3341 667 cet-

1755 710 1866 753 tum
1898 709 1982 754 est
2035 700 2427 754 secretioribus
2477 700 2756 770 mysteriis
2787 703 3023 772 contegi.
3062 720 3082 753 ‹
3130 704 3336 775 Myste—

1752 790 1893 845 rium
1932 809 1950 841 ι
1978 805 2107 845 vero
2140 807 2160 841 ι
2204 790 2346 859 regis
2381 789 2720 845 abscondere
2740 790 2942 846 bonum
2964 802 3051 846 est
3085 792 3149 848 “.
3180 813 3198 845 ι
3229 792 3337 847 Ta-

1753 899 1878 938 men
1910 883 2309 952 explanationis
2334 884 2507 953 gratia
2530 884 2797 951 dicemus,
2830 885 2882 939 in
2909 896 3173 953 quantum
3207 903 3333 957 pos-

1750 973 1907 1027 sibile
1943 983 2026 1027 est
2053 972 2263 1042 paginis
2287 973 2450 1025 verba
2486 973 2855 1029 committere.
2889 974 3041 1029 Multi
3074 986 3201 1031 sunt
3236 978 3330 1045 qui

1750 1079 1817 1119 ex
1856 1065 1961 1120 bac
1994 1064 2101 1119 vita
2129 1065 2392 1120 abeuntes
2425 1103 2440 1130 ,
2478 1064 2561 1118 vel
2611 1066 2878 1120 bonorum
2925 1067 3008 1122 vel
3065 1070 3328 1123 malorum

1749 1164 1872 1224 post
1904 1168 1966 1209 se
1983 1155 2230 1224 quaedam
2268 1155 2475 1209 semina
2511 1154 2866 1224 reliquerunt,
2902 1173 2969 1212 ex
2994 1159 3190 1226 quibus
3229 1159 3323 1227 qui

1748 1254 2040 1314 supersunt
2072 1246 2323 1300 homines
2354 1286 2369 1310 ,
2403 1252 2724 1302 occasiones
2749 1249 2831 1302 vel
2861 1250 3057 1304 salutis
3092 1251 3171 1306 vel
3206 1267 3329 1321 per-

1750 1339 1966 1393 ditionis
1998 1338 2270 1407 accipiunt
2302 1356 2317 1391 :
2370 1337 2522 1393 verbi
2576 1341 2751 1409 gratia
2784 1341 3011 1395 dixerim
3041 1382 3057 1407 ,
3104 1351 3163 1396 ut
3201 1339 3330 1398 sunt

1748 1446 1941 1485 omnes
1972 1432 2062 1500 qui
2098 1446 2294 1501 pravas
2316 1440 2497 1486 sectas
2526 1441 2579 1487 et
2603 1433 2810 1487 alienas
2842 1449 2870 1487 a
2900 1425 3013 1488 Deo
3044 1436 3185 1489 inter
3208 1434 3329 1505 phi—

1748 1522 2005 1591 losophos
2047 1522 2445 1588 condiderunt;
2503 1523 2589 1577 vel
2612 1524 2705 1592 qui
2743 1526 2955 1593 magica
2982 1527 3271 1595 sacrilegia
3308 1534 3359 1594 ,’

1749 1623 1841 1667 aut
1870 1614 1960 1684 qui
1996 1629 2214 1670 errores
2255 1625 2575 1680 astrorum,
2625 1625 2680 1670 et
2752 1617 2969 1672 decreta
3008 1617 3282 1673 tinxerunt
3305 1634 3329 1689 ς

1749 1707 1831 1763 vel
1863 1703 1975 1781 (434)
2011 1718 2165 1763 certe
2209 1708 2303 1778 qui
2358 1708 2499 1777 apud
2534 1724 2631 1763 nos
2660 1720 2912 1765 auctores
2945 1710 3327 1768 haereticorum

1750 1812 1803 1857 et
1838 1794 2126 1869 pravorum
2153 1801 2461 1870 dogmatum
2487 1798 2638 1855 libris
2690 1801 2850 1857 editis
2878 1803 3138 1858 exstitere
3174 1821 3189 1871 ;
3242 1798 3329 1861 vel

1745 1893 1910 1947 etiam
1942 1892 2037 1962 qui
2084 1892 2383 1947 schismata
2425 1892 2479 1947 in
2510 1891 2772 1949 Ecclesiis
2798 1934 2815 1958 ,
2864 1903 2918 1950 et
2952 1895 3215 1951 scandala
3262 1913 3329 1952 ac

1748 1985 2120 2041 dissensiones
2150 1986 2357 2056 operati
2388 1995 2538 2042 sunt.
2569 1985 2609 2042 E
2648 1987 2925 2042 contrario
2956 2005 3085 2044 vero
3114 2001 3330 2059 aposto-

1747 2078 1975 2132 licarum
2004 2077 2308 2132 litterarum
2344 2092 2479 2147 opus
2502 2121 2517 2147 ,
2553 2077 2934 2151 profectusque
2955 2095 3051 2151 per
3075 2081 3176 2136 has
3205 2080 3331 2135 uni-

1749 2183 1919 2224 versae
1956 2168 2236 2234 Ecclesiae,
2267 2175 2321 2222 et
2349 2169 2639 2223 conversio
2653 2169 2718 2223 ad
2748 2168 2937 2233 Deum,
2961 2179 3122 2239 atque
3143 2184 3331 2228 emen-

1749 2259 1895 2314 datio
1931 2259 2094 2314 totius
2145 2259 2329 2313 mundi
2361 2269 2447 2313 est
2483 2258 2617 2328 (45).
2645 2258 2884 2325 Quorum
2913 2261 3157 2315 omnium
3193 2266 3331 2318 cau-

1748 2366 1821 2405 sa:
1855 2366 1964 2405 non
2002 2350 2105 2405 nisi
2132 2364 2252 2405 cum
2286 2351 2458 2419 ipsius
2490 2351 2678 2405 mundi
2715 2351 2820 2405 line
2846 2353 3174 2410 claudentur
3202 2369 3218 2407 :
3273 2356 3331 2410 et

1751 2445 1874 2499 ideo
1901 2461 2007 2501 non
2044 2455 2187 2500 esset
2212 2445 2429 2514 justum
2471 2440 2740 2513 judicium
2772 2445 2890 2510 Dei,
2931 2444 3106 2500 donec
3144 2446 3213 2501 de
3246 2446 3330 2500 hic

1750 2538 1980 2607 singulis
2005 2537 2087 2592 vel
2117 2536 2417 2608 profectus,
2442 2536 2531 2590 Vel
2562 2536 2955 2606 impedimenta
3003 2538 3326 2606 penderent.

1750 2630 1904 2697 Quod
1923 2640 1978 2686 et
2004 2631 2301 2700 Apostolus
2331 2630 2644 2701 significare
2668 2632 2904 2696 videtur,
2932 2648 3056 2686 cuin
3089 2635 3221 2689 dicit
3246 2633 3291 2665 “
3311 2672 3327 2691 .

1756 2744 1775 2777 ι
1809 2725 2176 2791 Quorumdam
2208 2724 2489 2779 hominum
2528 2733 2750 2795 peccata
2808 2719 3099 2780 manifesta
3151 2733 3276 2779 sunt
3308 2764 3325 2788 ,

1750 2815 2111 2885 praecedentia
2149 2816 2217 2868 ad
2268 2813 2579 2883 judicium;
2642 2816 2999 2884 quorumdam
3054 2824 3239 2877 autem
3268 2825 3325 2874 et

1750 2907 2175 2976 subsequuntur.
2228 2926 2247 2961 ι
2299 2904 2419 2961 fam
2459 2919 2587 2960 vero
2627 2907 2674 2961 si
2722 2908 2888 2963 etiam
2920 2916 3076 2963 extra
3128 2924 3328 2980 corpus

1748 3000 1910 3068 positi
1945 2999 2029 3055 vel
2054 3001 2253 3066 sancti,
2278 3002 2369 3071 qui
2404 3017 2526 3054 cum
2557 3000 2779 3055 Christo
2817 3011 2964 3065 sunt,
3006 3011 3176 3072 agunt
3225 2995 3329 3058 ali-

1752 3093 1903 3162 quid,
1935 3103 1989 3149 et
2016 3093 2268 3149 laborant
2298 3089 2396 3167 pro
2429 3096 2589 3150 nobis
2624 3095 2690 3148 ad
2717 3092 3130 3149 similitudinem
3163 3109 3329 3164 anget

1753 3189 1950 3253 lorum,
1983 3186 2076 3257 qui
2130 3187 2327 3243 salutis
2397 3197 2596 3242 nostra:
2650 3184 2950 3242 ministeria
2985 3196 3325 3256 procurant:

1750 3281 1835 3336 vel
1868 3296 2082 3335 rursum
2114 3291 2432 3348 peceatores
2456 3280 2620 3334 etiam
2666 3278 2766 3350 ipsi
2814 3287 2968 3333 extra
3005 3295 3199 3351 corpus
3227 3295 3327 3352 po-

1751 3372 1837 3427 siti
1860 3374 2026 3441 agu‘nt
2056 3370 2256 3440 aliquid
2277 3372 2575 3425 secundum
2594 3370 2930 3440 propositum
2960 3370 3161 3425 mentis
3189 3384 3327 3439 suae,

1751 3464 1820 3518 ad
1850 3461 2165 3534 angelorum
2221 3461 2572 3518 nihilominus
2628 3461 3036 3518 similitudinem
3073 3462 3327 3517 sinistro-

1752 3569 1897 3619 rnm,
1928 3567 2051 3608 eum
2077 3551 2278 3621 quibus
2306 3562 2361 3607 et
2388 3553 2441 3607 in
2473 3563 2741 3607 internum
2770 3554 2951 3624 ignem
2978 3555 3224 3610 mittendi
3248 3555 3319 3610 di-

1750 3657 1949 3701 cuntur
1975 3661 2005 3699 a
2028 3644 2247 3700 Christo
2282 3644 2424 3711 “"3,
2460 3646 2731 3701 habeatur
2759 3656 2813 3699 et
2838 3648 2940 3702 hoc
2968 3661 3185 3718 quoque
3204 3646 3322 3718 (46)

1751 3742 1894 3795 inter
1927 3739 2143 3794 occulta
2186 3739 2302 3802 Dei,
2340 3752 2439 3793 nec
2486 3738 2749 3793 chartula:
2785 3741 3173 3794 committenda
3204 3756 3327 3812 my-

1750 3832 1938 3887 steria.
1983 3830 2270 3886 Sutﬂciant
2320 3830 2422 3883 ista
2454 3830 2520 3884 de
2559 3830 2649 3883 die
2694 3830 2794 3882 ire
2837 3839 2890 3884 et
2951 3830 3324 3887 revelationis.

1750 3925 1905 3979 Nunc
1934 3924 2280 3992 requiramus
2311 3921 2380 3975 de
2411 3918 2559 3989 justo
2581 3920 2792 3988 judicio
2823 3919 2938 3987 Dei,
2989 3922 3041 3974 in
3070 3936 3177 3990 quo
3205 3922 3335 3978 red-

1736 4017 1840 4087 ,det
1867 4015 2159 4083 unicuique
2182 4013 2481 4068 secundum
2512 4027 2677 4082 opera
2723 4027 2841 4068 sua.
2895 4013 2963 4067 Et
2992 4014 3170 4083 primo
3206 4013 3327 4082 qui~

1749 4110 1873 4163 dem
1927 4106 2294 4162 excludantur
2324 4104 2564 4158 literetici
2595 4145 2612 4168 ,
2653 4104 2742 4173 qui
2797 4105 2982 4160 dicunt
3012 4107 3189 4160 bonas
3236 4105 3326 4160 vel

1751 4200 1921 4255 malas
1948 4200 2254 4253 animarum
2288 4209 2554 4263 naturas;
2587 4207 2640 4250 et
2677 4198 2899 4252 audiant
2932 4201 3061 4267 quia
3092 4213 3197 4251 non
3222 4214 3326 4268 pro

1750 4303 1941 4346 natura
1969 4290 2265 4359 unicuique
2320 4289 2484 4354 Deus,
2511 4290 2604 4344 sed
2631 4304 2733 4358 pro
2767 4291 3024 4358 operibus
3051 4294 3169 4345 suis
3199 4293 3325 4347 νων

1752 4387 1861 4441 det.
1904 4383 2154 4439 Secundo
2190 4383 2242 4437 in
2276 4381 2394 4437 loco
2420 4384 2764 4438 aediﬁcentur
2796 4383 3010 4444 lideles,
3041 4400 3106 4439 ne
3136 4394 3325 4452 putent

1754 4477 1857 4531 sibi
1894 4477 1998 4530 hoc
2024 4476 2201 4529 solum
2232 4472 2479 4528 sufﬁcere
2523 4489 2683 4543 posse
2732 4475 2876 4543 quod
2927 4476 3194 4543 credunt;
3231 4477 3324 4532 sed

1753 4569 1929 4624 sciant
1950 4566 2157 4637 justum
2209 4563 2473 4632 judicium
2504 4567 2596 4621 Dei
2654 4567 2878 4621 reddere
2912 4568 3202 4637 unicuique
3230 4584 3321 4627 se-

1752 4661 1989 4716 cundum
2023 4675 2186 4729 opera
2212 4674 2332 4713 sua.
2371 4659 2513 4713 Sane
2550 4660 2808 4728 quoniam
2831 4658 2961 4713 dicit
2986 4660 3039 4714 in
3069 4661 3171 4714 hoc
3199 4674 3324 4721 esse

1746 4757 1951 4826 justum
1974 4754 2236 4824 judicium
2263 4753 2380 4818 Dei,
2410 4761 2469 4807 ut
2495 4754 2785 4822 unicuique
2818 4752 3006 4806 reddat
3026 4751 3320 4805 secundum

1749 4865 1913 4920 opera
1943 4862 2040 4901 sua
2072 4846 2207 4918 (47),
2231 4848 2559 4902 videbuntur
2588 4860 2925 4916 nequaquam
2950 4860 3048 4914 pro
3077 4846 3180 4899 hoc
3204 4860 3322 4899 ser-

1752 4957 1910 4999 mone
1938 4940 2152 4998 excludi
2190 4955 2351 5011 posse
2376 4940 2608 5010 gentiles
2630 4979 2649 5006 ,
2695 4938 2741 4994 s'i
2799 4938 2940 4995 forte
2965 4948 3016 4992 et
3060 4938 3161 5006 ipsi
3193 4937 3320 4995 boni

2833 5080 2873 5112 ¹¹
2898 5077 3007 5135 lsa.
3033 5095 3183 5150 xxvn,
3228 5080 3333 5139 20.-

122 5160 153 5190 ¹¹
174 5162 286 5218 Tob.
316 5181 410 5232 xu,
435 5157 487 5217 ‘7.
565 5164 609 5196 ¹³
636 5162 655 5217 1
684 5160 824 5216 Tim.
854 5177 889 5214 v
912 5200 929 5229 ,
969 5160 1061 5215 26.
1140 5159 1256 5191 ⁸⁸·¹⁸
1286 5157 1482 5214 Matth.
1526 5175 1656 5225 xxv,
1689 5161 1782 5215 41.

172 5299 265 5371 (ΔΞ)
298 5304 386 5358 Sic
420 5319 553 5359 mss.
577 5304 902 5373 pleriquect
944 5300 1221 5373 Rabanus.
1250 5301 1570 5373 Editivero,
1593 5310 1648 5357 et

122 5381 199 5439 ms.
221 5370 346 5428 unus
367 5370 750 5439 Regius'num.
784 5370 947 5438 16H,
986 5387 1005 5423 ι
1036 5371 1155 5426 dies
1182 5373 1275 5427 irae
1296 5382 1353 5426 et
1372 5371 1644 5439 vindictae,

120 5438 409 5513 diesjudicii
443 5438 809 5513 designatur.)

174 5510 269 5584 (45)
291 5531 311 5584 r
329 5512 525 5584 luquit.
550 5510 585 5566 ι’
595 5515 755 5570 Deest
778 5517 830 5568 in
847 5515 1031 5577 editis,
1046 5524 1101 5569 et
1113 5512 1421 5568 restituitur
1435 5524 1505 5584 εξ
1517 5527 1649 5584 mss.

175 5574 267 5661 (fit)
300 5574 454 5644 Editi,
496 5582 755 5639 Rabanus
790 5595 848 5640 et
887 5600 989 5641 ms.
1019 5574 1236 5655 Regius
1285 5597 1438 5638 nunt.
1487 5582 1648 5646 1659,

175 5661 332 5706 nttnnt
358 5673 375 5704 ι
404 5656 486 5710 vel
510 5674 556 5709 ι.

122 5659 332 5706 omittunt
358 5673 375 5704 ι
404 5659 486 5709 vel
510 5674 527 5709 ι
542 5694 556 5708 .

176 5717 270 5789 (55)
300 5741 317 5773 ι
349 5725 442 5779 Est
473 5745 492 5778 ι
532 5735 650 5792 post
682 5742 700 5776 ι
744 5725 914 5780 totius
940 5724 1124 5778 mundi
1152 5765 1168 5790 ,
1207 5740 1228 5775 ι
1264 5722 1535 5776 omittitur
1591 5721 1645 5774 in

127 5788 272 5857 editis,
298 5803 351 5846 et
383 5795 434 5850 in
467 5788 739 5864 plerisque
773 5811 902 5851 mss.
942 5788 1164 5850 nostris.
1207 5793 1462 5847 Rabauus
1509 5792 1647 5846 hanc

133 5869 276 5917 vocem
300 5866 445 5933 ponit
474 5876 594 5937 post
621 5884 640 5918 ι
667 5867 1092 5935 apostolicarum
1118 5864 1420 5920 litterarum
1452 5875 1640 5933 opus»

1750 5300 1850 5354 Ms.
1887 5298 2085 5369 Regius
2121 5311 2268 5351 nnm.
2304 5293 2465 5358 1659,
2494 5309 2514 5345 t
2560 5291 2729 5347 totius
2762 5290 2948 5347 mundi
3001 5288 3317 5346 manifesta-

1751 5372 1938 5425 bitur:
1975 5381 2225 5433 quorum,
2265 5385 2285 5418 ι
2311 5375 2420 5420 etc.

1821 5438 1936 5508 (46)
1967 5438 2064 5493 Ms.
2098 5450 2240 5508 usus
2263 5478 2279 5501 ,
2317 5452 2336 5485 ‹
2390 5435 2695 5508 habeantur
2749 5441 2805 5488 et
2833 5433 2967 5508 hinc
2995 5444 3211 5508 quoque
3236 5471 3251 5495 ,
3286 5447 3309 5486 ι

1751 5504 1857 5565 etc.
1892 5504 1998 5563 Sed
2023 5507 2203 5562 caeteri
2235 5520 2390 5569 mss.,
2420 5504 2672 5559 [tabanus
2699 5514 2755 5559 et
2779 5505 2912 5559 editi
2944 5511 3000 5557 ut
3025 5504 3076 5558 in
3101 5511 3269 5557 textu.

1825 5579 1934 5650 (47)
1969 5577 2168 5650 r_S:_tue
2194 5576 2449 5650 quoniam
2479 5575 2610 5629 dicit
2639 5574 2832 5650 in_ltoc
2861 5588 2982 5629 esse
3002 5575 3204 5650 justum
3223 5571 3314 5640 ju—

1754 5644 1956 5704 dicium
1998 5646 2115 5709 Dei,
2156 5655 2217 5699 ut
2263 5646 2557 5712 unicuique
2594 5644 2783 5699 reddat
2824 5646 3118 5698 secundum
3152 5655 3313 5712 opera

1754 5734 1873 5775 sua.
1904 5738 1924 5770 ι
1956 5717 2080 5771 llaec
2114 5711 2491 5770 desiderantur
2522 5714 2753 5769 inlibris
2788 5724 2945 5767 antea
2972 5713 3153 5775 editis,
3186 5711 3313 5765 etin

1753 5805 1857 5843 ms.
1889 5788 2057 5856 Regio
2092 5802 2241 5839 nunt.
2284 5786 2442 5844 1659,
2474 5799 2682 5839 necnon
2710 5786 2850 5853 apud
2881 5783 3192 5847 ltabanum;
3222 5782 3315 5834 sed

1753 5860 2116 5915 restituuntur
2150 5872 2216 5911 ex
2246 5858 2458 5910 caeteris
2490 5871 2617 5910 mss.
