3754 6550
403 423 506 479 8'79

403 630 493 685 lud
520 630 663 698 quod
696 629 748 682 in
786 628 1068 684 Ezechiele
1095 630 1353 698 scriptum
1384 637 1468 682 est
1490 666 1506 690 ,
1534 627 1659 681 huic
1688 625 1975 681 sententia:

402 721 619 775 videtur
648 719 949 774 adversari.
980 720 1121 774 Dicit
1152 721 1294 775 enim
1328 739 1341 774 :
1379 738 1399 771 ι
1437 719 1571 775 Cum
1601 722 1867 775 averterit
1914 734 1977 776 se

400 812 582 885 justus
613 829 642 867 a
674 813 884 882 justitia
919 827 1041 877 sua,
1072 820 1119 866 et
1159 812 1351 866 iecerit
1400 812 1741 880 iniquitatem
1780 826 1978 867 secun-

408 917 534 970 dum
566 928 758 968 omnes
800 913 1117 982 iniquitates
1145 926 1284 981 quas
1313 910 1442 966 fecit
1490 910 1734 981 iniquus,
1789 923 1979 965 omnes

401 1007 627 1075 justitia:
662 1006 778 1076 ejus
825 1020 960 1075 quas
989 1004 1118 1059 fecit
1173 1018 1278 1059 non
1296 1002 1895 1057 commemorabuntur
1923 1002 1975 1056 in

408 1100 557 1168 lapsu
592 1098 709 1167 ejus
741 1114 848 1168 quo
878 1099 1061 1166 lapsus
1089 1106 1169 1151 est
1195 1113 1210 1160 ;
1245 1096 1341 1150 sed
1370 1097 1421 1149 in
1450 1097 1689 1165 peccatis
1723 1093 1835 1169 (48)
1867 1096 1979 1149 suis

407 1208 528 1262 quae
558 1194 818 1261 peccavit,
856 1192 908 1245 in
940 1191 1075 1262 ipsis
1112 1190 1372 1245 morietur
1402 1190 1467 1242 ιθ.
1489 1185 1726 1242 »Ειθιιίιη
1748 1189 1790 1243 si
1845 1187 1978 1243 nihil

407 1301 472 1341 ex
499 1285 707 1356 justitia
735 1283 887 1355 justi,
918 1297 1043 1338 cum
1090 1282 1268 1352 lapsus
1304 1280 1507 1348 fuerit,
1544 1282 1935 1337 memorabitur
1958 1323 1973 1345 ,

407 1376 678 1447 quomodo
722 1375 1013 1444 unicuique
1049 1375 1243 1430 reddet
1290 1376 1434 1430 Deus
1480 1377 1778 1430 secundum
1809 1389 1975 1444 Opera

396 1468 547 1555 .sua?
578 1466 683 1523 Sed
711 1467 990 1522 videamus
1026 1481 1093 1521 ne
1120 1465 1260 1522 forte
1288 1466 1685 1522 absolutionem
1720 1466 1801 1521 sui
1835 1468 1888 1521 in
1916 1481 1977 1522 se

409 1560 525 1630 ipse
554 1572 734 1614 sermo
762 1558 978 1613 divinus
1003 1557 1288 1623 inveniat,
1344 1560 1388 1614 si
1443 1560 1790 1615 observemus
1840 1572 1979 1629 quo-

408 1664 569 1717 modo
593 1661 855 1733 scriptum
902 1671 983 1717 est
1018 1661 1161 1731 quod
1185 1660 1353 1734 580
1384 1661 1559 1717 dicit:
1600 1679 1619 1714 ι
1654 1661 1788 1717 Cum
1823 1676 1979 1715 avero

409 1771 504 1811 sus
530 1755 692 1811 fuerit
722 1752 900 1822 justus
927 1768 955 1807 a
980 1753 1191 1824 justitia
1230 1767 1349 1817 sua,
1391 1771 1410 1804 ι
1458 1761 1513 1808 et
1539 1767 1648 1807 non
1705 1749 1983 1807 suffecerit

407 1861 533 1900 eum
555 1845 769 1900 dicere:
794 1862 814 1896 ‹
838 1844 975 1899 Cum
995 1857 1218 1899 aversus
1231 1841 1437 1899 fuerita
1451 1842 1660 1914 justitia
1684 1856 1779 1897 sua
1808 1840 1974 1913 (49);»

1835 412 1995 472 ORlG

2105 409 2159 467 IS
3523 416 3606 473 εευ
3700 414 3701 471 ζ

402 534 609 607 aliquid
645 543 962 605 operentur,
1006 545 1061 589 ct
1103 535 1443 590 emendatius
1474 541 1656 603 agant.
1685 532 1789 587 Sed
1820 532 1971 588 et‘il~
2000 537 2045 594 Α
2077 531 2336 598 tentione,
2365 538 2420 586 et
2443 529 2535 601 qui
2565 526 2813 584 diﬂidunt
2852 529 3075 599 quidem
3105 531 3318 585 veritati
3367 531 3493 603 (5'5),
3534 535 3610 587 oh-
3700 522 3701 537 ¹

2082 632 2388 693 temperant
2422 632 2601 679 autem
2651 622 2954 693 iniquitati,
2987 622 3072 676 ira
3102 630 3152 675 et
3202 622 3529 693 indignatio:
3568 637 3610 680 et

2081 715 2362 771 tribulatio
2408 723 2462 769 et
2488 714 2736 785 angustia
2786 715 2841 768 in
2876 728 3092 768 omnem
3138 712 3377 766 animam
3416 713 3611 770 hominis
3700 726 3701 747 π

2078 807 2356 878 operantis
2384 806 2608 874 malum,
2639 804 2817 861 Judaei
2858 804 3120 874 primum,
3148 814 3206 858 et
3234 803 3412 859 Graeci
3438 822 3452 859 :
3475 806 3607 875 gloria

2079 909 2281 962 autem,
2314 907 2369 953 et
2397 899 2590 965 honor,
2621 906 2676 952 et
2704 912 2809 967 pax
2844 897 2989 951 omni
3028 898 3277 966 operanti
3310 898 3514 962 bonum,
3537 896 3608 951 lu-

2080 991 2196 1045 daao
2229 989 2486 1059 primum,
2513 998 2569 1044 et
2593 989 2808 1044 Graeco.
2841 988 2958 1044 Non
2989 989 3134 1043 enim
3172 1002 3513 1056 personarum
3534 1002 3604 1041 ac-
3700 1010 3701 1013 η

2079 1081 2257 1152 ceptio
2278 1089 2360 1137 est
2390 1080 2530 1151 apud
2559 1080 2726 1134 Deum
2754 1082 2856 1134 ⁸⁸.»
2888 1078 3287 1147 Quaerentibus,
3321 1080 3502 1148 inquit,
3522 1080 3610 1149 glo-

2082 1175 2240 1239 riam,
2266 1182 2321 1228 et
2342 1173 2627 1240 honorem,
2656 1186 2710 1228 et
2732 1173 3220 1241 incorruptionem,
3251 1185 3350 1241 pro
3375 1171 3610 1241 boniope-
3700 1206 3701 1217 η

2080 1268 2156 1322 ris
2179 1266 2440 1338 patientia
2465 1266 2575 1320 vita
2598 1276 2801 1321 retenta
2827 1265 3066 1330 dabitur,
3095 1279 3202 1319 non
3229 1264 3403 1320 solum
3428 1263 3608 1329 Sudais,
3700 1292 3701 1297 η

2080 1364 2277 1433 quibus
2306 1363 2509 1418 credita
2531 1361 2787 1417 videntur
2847 1360 3059 1429 eloquia
3090 1360 3185 1414 Dei
3234 1360 3303 1423 ³³,
3347 1359 3609 1413 εθάαθιὶειιι
3700 1382 3701 1385 η

2080 1456 2304 1519 Graacis,
2331 1454 2680 1525 quiajustum
2707 1463 2791 1509 est
2821 1453 2912 1510 Dei
2939 1452 3285 1524 judicium,et
3308 1465 3414 1504 non
3440 1459 3610 1505 tantum

2080 1547 2382 1605 Judaeorum
2406 1548 2547 1603 Deus
2577 1555 2684 1612 est,
2717 1546 2813 1602 sed
2837 1554 2892 1602 et
2923 1545 3164 1615 gentium
3198 1544 3268 1599 “.
3295 1542 3386 1597 [iis
3409 1557 3525 1598 vero
3540 1543 3611 1612 qui
3692 1578 3701 1593 .

2081 1657 2180 1712 per
2203 1644 2609 1697 contentionem
2641 1639 2838 1693 mentis
2874 1637 3011 1710 (54),
3043 1646 3098 1692 et
3130 1636 3300 1691 animi
3335 1636 3611 1706 pravitatem

2082 1732 2303 1790 veritati
2330 1748 2437 1789 non
2485 1732 2732 1796 credunt,
2783 1730 2882 1786 sed
2934 1729 3279 1799 iniquitatem
3332 1736 3609 1797 sequuntur,

2087 1824 2335 1879 redditur
2376 1823 2456 1877 ira
2506 1830 2562 1877 et
2594 1820 2929 1893 indignatio,
2964 1818 3243 1874 tribulatio
3280 1826 3335 1873 et
3364 1818 3610 1888 angustia,

410 1936 884 2001 sed-addiderit:
928 1961 947 1995 ι
979 1942 1044 1998 Ει
1076 1942 1269 1999 fecerit
1309 1912 1645 2012 iniquitatem
1685 1912 1983 1997 secundum

2105 1932 2195 1973 ton
2232 1919 2412 1971 solum
2444 1916 2656 1987 gentili,
2689 1915 2781 1970 sed
2815 1922 2869 1967 et
2897 1912 3106 1974 Judazo.
3128 1912 3254 1982 quia
3295 1926 3398 1964 nun
3424 1920 3495 1965 est
3520 1923 3612 1979 pero

410 2053 600 2092 omnes
626 2035 944 2108 iniquitates
967 2051 1106 2106 quas
1151 2034 1282 2091 fecit
1314 2036 1551 2106 iniquus.
1585 2054 1605 2088 ι
1662 2034 1720 2090 In
1765 2049 1873 2106 quo
1900 2034 1982 2090 vi-

410 2131 570 2184 dclur
597 2128 832 2184 latenter
854 2127 1159 2193 huiusmodi
1189 2127 1485 2184 inseruisse
1518 2127 1850 2183 intellectum
1871 2168 1887 2193 ,
1926 2136 1986 2181 ut

410 2222 455 2276 si
482 2220 623 2277 forte
656 2234 760 2275 non
791 2218 1090 2275 secundum
1123 2234 1313 2275 omnes
1340 2219 1655 2289 iniquitates
1689 2236 1825 2291 quas
1853 2219 1986 2275 fecit

413 2312 653 2382 iniquus,
683 2309 873 2366 fecerit
899 2309 1098 2381 justus,
1136 2326 1242 2366 non
1267 2326 1459 2365 omnes
1481 2311 1706 2380 justitiae
1752 2311 1870 2381 ejus
1901 2312 1970 2366 de
2007 2363 2010 2367 .

413 2414 673 2470 memoria
716 2411 1032 2467 auferantur
1059 2430 1075 2479 ;
1108 2413 1153 2466 si
1180 2426 1312 2490 vero
1344 2426 1534 2467 omnes
1563 2411 1877 2480 iniquitates
1909 2412 1987 2468 fe-

412 2508 710 2575 ceritquas
737 2505 957 2573 iniquus
998 2504 1109 2576 agit
1164 2502 1323 2575 (50),
1374 2514 1502 2559 tunc
1538 2504 1753 2559 demum
1793 2519 1987 2561 omnes

406 2590 637 2666 jnstitia:
691 2597 743 2651 in
795 2597 948 2667 lapsu
991 2595 1109 2666 ejus
1143 2596 1209 2651 de
1262 2596 1523 2660 memoria
1562 2598 1983 2654 subtrahuntur.

418 2690 545 2745 time
569 2689 818 2761 quamvis
869 2687 1224 2743 occultaverit
1276 2687 1331 2742 in
1390 2687 1694 2757 Scripturis
1748 2689 1989 2761 Spiritus

413 2792 636 2838 sanctus
660 2789 881 2854 propter
913 2782 1015 2838 hos
1042 2780 1132 2851 qui
1157 2780 1376 2836 divitias
1398 2780 1657 2837 bonitatis
1688 2791 1743 2837 et
1778 2785 1988 2853 patien-

416 2877 504 2930 tia:
549 2874 667 2945 ejus
698 2883 1072 2938 contemnunt,
1104 2890 1211 2929 non
1265 2884 1445 2929 tamen
1475 2875 1695 2945 penitus
1725 2874 1985 2930 abstulit:

413 2966 539 3035 quia
570 2974 627 3020 et
683 2965 974 3021 thesaurus
1012 2965 1067 3019 in
1117 2981 1248 3037 agro
1297 2966 1648 3022 absconditus
1707 2982 1813 3021 non
1862 2966 1988 3036 qui-

415 3059 540 3112 dem
573 3058 642 3113 ab
670 3059 921 3113 omnibus
961 3059 1258 3123 invenitur,
1292 3075 1360 3114 ne
1409 3059 1570 3114 facile
1617 3060 1905 3128 diripiatur
1936 3067 1991 3112 et

412 3158 602 3218 pereat
630 3167 644 3202 :
676 3151 951 3204 invenitur
985 3160 1167 3206 tamen
1197 3166 1227 3204 a
1251 3151 1632 3221 prudentibus,
1660 3151 1752 3220 qui
1780 3150 1992 3221 possint

416 3243 516 3309 ire,
551 3253 606 3297 et
637 3242 871 3296 vendere
904 3242 1084 3298 omnia
1118 3257 1236 3311 qua:
1266 3242 1488 3305 habent,
1524 3251 1577 3297 et
1594 3255 1776 3297 emere
1799 3257 1987 3313 agrum

416 3345 646 3400 illum”.
666 3343 731 3398 Et
751 3344 863 3399 haec
878 3359 1013 3413 ergo
1028 3345 1275 3412 quamvis
1298 3342 1614 3399 abscondita
1640 3343 1813 3397 sintin
1840 3344 1988 3398 Scri-

417 3437 610 3503 ptnris,
655 3436 796 3491 sicut
827 3436 1089 3504 scriptum
1120 3436 1268 3489 est"
1301 3452 1315 3488 :
1363 3454 1382 3486 ι
1425 3433 1598 3501 Quam
1632 3449 1825 3502 magna
1852 3434 1989 3488 mul-

419 3529 593 3582 titudo
624 3528 922 3582 dulcedinis
956 3538 1061 3581 tute
1088 3567 1106 3591 ,
1162 3528 1419 3595 Domine,
1458 3541 1620 3598 quam
1656 3526 1989 3580 abscondisti

419 3621 734 3675 timentibus
763 3629 814 3674 te
843 3621 857 3674 l
897 3639 915 3672 ι
944 3628 1122 3691 tamen
1152 3620 1499 3674 inveniuntur
1524 3619 1591 3674 ab
1622 3619 1726 3683 his,
1761 3620 1852 3689 qui
1884 3635 1988 3673 non

418 3719 844 3787 solumjustum,
894 3720 989 3775 sed
1025 3719 1187 3774 etiam
1228 3720 1421 3773 homnn
1469 3734 1589 3774 esse
1642 3721 1806 3773 Deum
1861 3716 1992 3785 legis

418 3822 473 3866 et
510 3815 916 3882 prophetarum,
943 3829 1011 3869 ex
1043 3814 1129 3869 his
1160 3813 1273 3886 (51)
1321 3830 1440 3883 quae
1478 3813 1532 3866 in
1584 3812 1991 3880 Scripturarum

420 3913 677 3984 mysterio
708 3919 831 3967 sunt
863 3907 1133 3964 occultata
1156 3947 1171 3973 ,
1203 3907 1522 3960 defendunt.
1554 3904 1627 3958 Ex
1666 3903 1865 3973 quibus
1901 3917 1996 3955 ne-

420 4006 648 4062 cessitas
666 4004 846 4071 exegit
868 4017 1036 4071 pauca
1049 4000 1357 4080 patefacere
1373 4000 1546 4069 gratia
1567 3995 1679 4067 (52)
1695 3996 1995 4065 exponendi

420 4096 772 4166 apostolicum
802 4108 1132 4156 sermonem,
1157 4107 1263 4161 quo
1292 4092 1369 4145 ait
1399 4109 1413 4144 :
1452 4107 1470 4142 ι
1498 4088 1633 4144 Justi
1655 4090 1843 4159 jndicii
1873 4088 1990 4155 Dei,

421 4190 517 4261 qui
556 4190 751 4243 reddet
781 4187 1071 4255 unicuique
1110 4186 1405 4239 secundum
1433 4197 1595 4252 opera
1632 4196 1750 4236 sua.
1798 4201 1818 4234 ι

492 4305 547 4359 5.
578 4321 597 4354 ι
634 4302 728 4356 His
755 4300 971 4370 quidem
1018 4298 1109 4367 qui
1162 4295 1458 4351 secundum
1505 4294 1818 4365 patientiam
1866 4294 1992 4348 boni

421 4395 624 4465 operis,
658 4393 884 4464 gloriam
911 4432 926 4458 ,
985 4399 1042 4445 et
1086 4390 1349 4443 honorem
1376 4426 1391 4452 ,
1427 4396 1482 4441 et
1531 4385 1993 4454 incorruptionem

424 4508 693 4571 quaerunt,
724 4497 892 4550 vitam
921 4501 1178 4548 aeternam
1211 4508 1227 4546 :
1260 4490 1346 4547 his
1386 4502 1565 4545 autem
1621 4490 1712 4559 qui
1744 4504 1808 4545 ex
1865 4503 1993 4542 con-

498 4621 541 4655 ¹⁹
573 4618 765 4673 Ezech.
788 4613 1048 4678 “111,24.
1121 4611 1368 4667 “Matth.
1399 4626 1519 4673 xui,
1556 4610 1640 4662 41.
1683 4610 1725 4642 ¹¹
1748 4606 1896 4677 Psal.
1924 4606 2147 4668 xxxii).
2198 4608 2241 4678 ’ξ
2268 4606 2428 4678 Rom.
2459 4622 2521 4669 ιι,
2542 4604 2573 4657 7
2625 4619 2738 4674 seq.

2085 2024 2343 2065 sonarum
2376 2009 2625 2077 acceptio
2672 2007 2812 2077 apud
2852 2006 3042 2060 Deum.
3090 2003 3218 2058 Hac
3243 2004 3454 2073 quidem
3478 2018 3611 2072 quan-

2087 2110 2198 2156 tum
2260 2103 2328 2154 ad
2382 2114 2695 2155 sermonum
2760 2097 3010 2153 ordinem
3072 2105 3302 2166 spectat.
3362 2093 3459 2149 Sed
3502 2107 3611 2147 nunc

2087 2208 2206 2263 qua:
2247 2193 2316 2246 ad
2366 2192 2679 2247 interiorem
2741 2205 2959 2245 sensum
2997 2188 3272 2258 pertinent
3299 2186 3609 2256 requiramus.

2091 2300 2110 2334 ι
2146 2280 2261 2345 llis,
2312 2281 2507 2349 inquit,
2566 2279 2657 2345 qui
2695 2294 2792 2348 per
2836 2277 3154 2347 patientiam
3197 2276 3328 2331 boni
3379 2276 3552 2345 operis.
3595 2292 3609 2325 ι

2090 2371 2245 2439 Quod
2296 2372 2467 2426 dicit:
2538 2388 2557 2420 ι
2596 2367 3075 2424 Patientiamboni
3141 2369 3346 2438 operis,
3392 2385 3411 2420 ι
3467 2376 3613 2422 osten-

2088 2465 2168 2519 dit
2197 2464 2436 2518 laborem
2475 2461 2765 2532 quemdam
2802 2469 2856 2516 et
2883 2473 3085 2528 agones
3131 2460 3414 2515 imminere
3442 2458 3516 2512 his
3534 2456 3604 2527 qui

2088 2558 2289 2612 bonum
2324 2570 2461 2625 opus
2487 2553 2668 2609 facere
2693 2553 2900 2608 volunt.
2937 2571 2958 2603 ‹
3000 2551 3298 2607 Luctamen
3326 2562 3405 2607 est
3432 2570 3450 2604 ι
3477 2550 3607 2612 enim,

2090 2651 2308 2704 sicutet
2348 2647 2489 2703 idem
2531 2645 2825 2716 Apostolus
2854 2644 2987 2699 dicit
3035 2646 3081 2677 ’⁸
3106 2686 3121 2709 ,
3164 2663 3183 2696 ι
3244 2659 3352 2699 ιιοιι
3405 2643 3615 2697 adversus

2091 2757 2313 2797 carnem
2332 2749 2400 2795 ‘et
2447 2741 2787 2809 sanguinem,
2829 2740 2924 2794 sed
2948 2740 3206 2794 adversus
3235 2737 3557 2807 principatus,
3575 2740 3615 2783 et
3700 2738 3701 2741 ‘

2090 2840 2412 2901 potestates,
2435 2841 2490 2887 et
2540 2833 2723 2886 mundi
2752 2833 2918 2902 hujus
2971 2840 3258 2896 rectores;
3293 2848 3311 2880 ι
3343 2844 3452 2897 qua:
3473 2826 3612 2880 omnia
3700 2828 3701 2875 i

2090 2923 2233 2979 bono
2270 2926 2420 2993 operi
2455 2924 2808 2979 adversantur
2834 2942 2847 2978 :
2875 2933 2932 2980 et
2963 2922 3084 2978 ideo
3112 2921 3375 2991 patientia
3413 2931 3614 2973 necessa-

2095 3016 2171 3070 ria
2201 3026 2305 3080 est,
2330 3016 2457 3086 quia
2490 3016 2753 3085 scriptmn
2781 3025 2864 3071 est
2900 3016 2947 3048 “
2982 3033 2995 3070 :
3038 3034 3057 3067 ι
3088 3014 3144 3069 In
3173 3023 3357 3068 vestra
3405 3008 3613 3081 patientia

2094 3109 2390 3177 acquiretis
2413 3108 2626 3163 animas
2651 3116 2886 3162 vestras.
2920 3126 2938 3158 ι
2976 3105 3276 3161 Videamus
3311 3102 3611 3172 autemquod

2094 3200 2226 3254 dicit
2247 3214 2381 3269 opus
2405 3199 2630 3253 bonum.
2667 3198 2924 3254 Dominus
2954 3200 3005 3253 in
3039 3199 3332 3267 Evangelio
3355 3199 3414 3253 de
3441 3210 3497 3250 ea
3522 3210 3610 3249 tuu-

2016 3292 2060 3350 C
2095 3294 2248 3361 liere,
2284 3308 2406 3361 qua:
2430 3293 2765 3347 alabastrum
2796 3292 3056 3362 unguenti
3087 3291 3314 3361 pretiosi
3359 3288 3612 3343 eil‘udilsu-

2098 3400 2193 3454 per
2218 3394 2382 3454 caput
2403 3383 2544 3454 ejus,
2580 3382 2897 3450 pronuntiat
2921 3381 3048 3451 quia
3075 3398 3094 3431 ι
3136 3379 3288 3450 Opus
3319 3381 3498 3436 bonum
3519 3390 3614 3443 opev

2097 3478 2213 3529 rata
2244 3485 2330 3530 est
2360 3476 2411 3529 in
2444 3492 2528 3528 me
2552 3476 2620 3540 ’⁷,
2654 3494 2673 3527 ι
2707 3475 2999 3544 designans
3047 3474 3187 3543 quod
3234 3474 3329 3543 qui
3357 3473 3504 3526 verbo
3544 3466 3612 3521 Dei

2099 3577 2435 3637 unguentum
2473 3566 2860 3636 superfuderit,
2918 3566 2970 3620 id
3005 3573 3090 3619 est
3120 3604 3136 3630 ,
3183 3567 3280 3634 qui
3338 3578 3484 3634 opera
3520 3573 3610 3613 cum

2099 3661 2266 3712 verbo
2291 3658 2602 3721 sociaverit,
2632 3657 2722 3712 ille
2742 3672 2881 3727 Opus
2920 3656 3120 3711 bonum
3148 3665 3418 3725 cperetur.
3449 3651 3611 3706 Odera-

2100 3760 2185 3805 tus
2220 3765 2455 3819 namque
2479 3749 2709 3804 efﬁcitur
2757 3750 2905 3804 omni
2968 3758 3364 3819 unguentorum
3399 3743 3612 3799 suavitate

2094 3842 2334 3911 repletus
2371 3856 2577 3905 sermo,
2625 3857 2749 3896 cum
2788 3840 2954 3896 fuerit
2989 3855 3154 3909 opere
3201 3850 3260 3895 et
3310 3830 3610 3903 actibus(55)

2098 3942 2409 3988 exornatus.
2446 3929 2601 3985 Nunc
2657 3929 2786 3998 quid
2816 3939 2899 3984 est
2947 3929 3172 3999 gloriam
3223 3940 3281 3982 ct
3312 3921 3613 3989 incorruptio-

2099 4037 2219 4077 nem
2250 4036 2512 4091 quazrere,
2547 4022 2891 4092 requiramus
2919 4021 3056 4092 (56).
3088 4020 3344 4075 Multisin
3371 4017 3489 4070 locis
3508 4010 3613 4067 Scri-

2098 4126 2268 4185 ptura:
2291 4124 2496 4168 sancta:
2525 4114 2593 4166 de
2625 4114 2796 4184 gloria
2847 4114 3111 4168 scribunt.
3144 4110 3276 4165 Nam
3305 4112 3355 4165 in
3389 4107 3542 4162 Exodo
3564 4102 3612 4153 de

2099 4207 2281 4280 Moyse
2302 4208 2502 4262 dicitur
2538 4207 2607 4271 ³⁸,
2636 4207 2778 4276 quod
2831 4222 2953 4262 cum
2991 4206 3347 4261 descenderet
3372 4201 3432 4254 de
3453 4203 3609 4253 monte.

2101 4301 2436 4370 gloriticatus
2463 4300 2533 4353 sit
2560 4299 2740 4353 vultus
2771 4298 2909 4365 ejus.
2947 4298 3061 4350 Ilnc
3087 4305 3339 4351 retexens
3381 4283 3611 4361 Apostolus

2103 4394 2169 4447 ad
2195 4393 2506 4448 Corinthios
2538 4392 2672 4447 dicit
2703 4410 2717 4445 :
2765 4411 2785 4443 ι
2820 4391 2974 4458 Quod
3006 4392 3049 4445 si
3088 4387 3436 4443 ministerium
3464 4375 3611 4435 muttis

2105 4488 2156 4540 in
2187 4485 2385 4540 litteris
2414 4484 2702 4539 formatum
2731 4485 2783 4537 in
2809 4483 3099 4554 lapidibus,
3135 4481 3334 4535 factum
3358 4485 3434 4533 est
3462 4474 3508 4528 in
3528 4469 3612 4541 g|0~

2820 4602 2868 4633 ’³
2901 4601 3062 4656 Rom.
3092 4615 3175 4664 ιιι,
3211 4597 3270 4652 '2.
3340 4595 3385 4628 "
3413 4592 3520 4647 ibid.
3543 4585 3611 4640 29.

425 4694 472 4728 "
494 4672 701 4764 Ephes.
726 4702 799 4752 τι,
830 4672 940 4739 12(
992 4684 1038 4715 ¹⁶
1059 4684 1190 4738 Luc.
1224 4698 1338 4745 ut,
1360 4682 1444 4735 19.
1508 4672 1566 4712 ⁷³⁷
1600 4675 1794 4734 Matth.
1830 4693 1978 4743 xxvi,

2105 4721 2115 4734 .
2193 4677 2240 4709 ³⁸
2267 4676 2440 4729 Exod.
2486 4672 2718 4740 χιιινί
2777 4672 2868 4728 29.

497 4827 612 4897 (48)
643 4823 745 4879 Ms.
776 4822 978 4897 Regius
1010 4835 1157 4897 num.
1190 4817 1329 4872 1610
1351 4836 1417 4897 ,_c
1460 4833 1564 4871 non
1602 4832 1996 4897 commemora-
2030 4821 2074 4875 Ι)

426 4887 631 4954 buntur
661 4915 675 4964 ;
708 4896 801 4949 scd
823 4887 883 4964 1ιῖ
916 4892 1063 4964 lapsu
1082 4889 1201 4959 ejus
1225 4903 1333 4964 quo
1366 4887 1550 4964 lapsus
1578 4900 1692 4964 est,
1710 4900 1765 4942 et
1796 4889 1849 4964 in
1875 4904 1998 4953 pec-

427 4968 604 5033 c'alis,
648 4957 673 5018 ι’
721 4975 827 5017 etc.
864 4963 941 5017 Ita
971 4957 1154 5014 etiam
1202 4959 1375 5033 editi_,
1409 4957 1509 5033 nisi
1552 4958 1693 5027 quod
1742 4961 1999 5033 omittunt

436 5056 473 5090 ι.
495 5027 609 5093 sed.
656 5055 675 5088 ι
702 5035 897 5089 (Σιιεῑθνὶ
926 5046 1055 5086 vero
1086 5043 1217 5084 mss.
1242 5037 1298 5081 ct
1329 5027 1586 5083 Rabanus
1622 5030 1823 5082 rectius
1855 5042 1911 5080 ut
1943 5028 1995 5080 in

431 5118 602 5173 textu,
636 5106 776 5174 quod
805 5102 1433 5174 sequentia_nt_onstrant.
1468 5096 1672 5174 Deinde
1708 5098 1995 5174 mss.__pl_eo

432 5166 621 5247 riquei;
658 5166 918 5247 Rabanu's
948 5181 1017 5247 et.
1040 5169 1193 5247 editi,
1233 5186 1253 5219 ι
1282 5168 1646 5247 Dicent-enini
1678 5183 1691 5222 :
1717 5166 1773 5222 Si
1802 5166 1992 5247 nihil,»

431 5237 537 5299 etc.
571 5237 676 5300 Sed
707 5246 907 5299 rectior
929 5241 1140 5296 videtur
1173 5240 1332 5295 lectio
1356 5254 1455 5293 tus.
1477 5237 1631 5306 Regii
1660 5253 1809 5291 num.
1839 5237 1993 5301 1659,

438 5337 455 5368 ι
500 5316 707 5368 Etenim
733 5311 778 5366 si
801 5310 955 5377 nihil,
984 5326 1002 5358 ›
1023 5316 1126 5362 etc.

470 5442 475 5453 ,
508 5384 617 5457 (41))
644 5384 761 5457 «‘Et
794 5399 896 5457 non
921 5375 1197 5457 suffecerit
1232 5378 1568 5457 eumdicere
1597 5394 1611 5431 :
1666 5375 1800 5457 Cum
1832 5390 2000 5457 aver-

434 5446 528 5510 sus
557 5446 720 5509 fuerit
744 5468 773 5505 a
802 5450 1011 5518 iustitia
1049 5465 1166 5504 sua.
1198 5466 1216 5499 ι
1251 5448 1461 5503 Omissa
1489 5449 1608 5518 btet:
1633 5456 1757 5501 sunt
1786 5447 1854 5518 iu_
1885 5446 1999 5511 ple-

437 5527 622 5593 risque
651 5514 830 5577 editis.
869 5519 1061 5593 Cajteri
1095 5519 1413 5593 editi_,‘_tnss.
1451 5517 1716 5593 plerique_
1734 5525 1791 5593 et
1820 5514 2000 5593 Raba-

434 5584 558 5660 nus',
593 5614 613 5645 ‹
645 5604 697 5646 et
726 5608 830 5646 non
856 5589 1126 5660 suﬂiceret
1160 5606 1196 5660 r_
1216 5584 1528 5660 (ErasmusL
1547 5584 1839 5660 (suffecit)
1872 5600 1996 5639 cum

434 5656 837 5720 diceret....sed
857 5657 1063 5713 addidit
1127 5656 1231 5724 (al.
1256 5657 1446 5721 addit),
1489 5657 1555 5710 Et
1573 5656 1760 5711 fecerit
1779 5669 1992 5708 omnem

434 5735 759 5803 impietatem
788 5771 801 5793 ,
832 5751 850 5783 ι
886 5730 958 5803 al.
980 5746 1007 5803 _c
1040 5742 1253 5780 omnem
1281 5728 1648 5803 iniquitatem,
1683 5744 1717 5803 i_
1738 5724 1999 5803 etcased

437 5796 640 5858 rectius
673 5805 874 5857 habere
904 5800 1121 5855 videtur
1147 5812 1247 5852 ms.
1279 5796 1478 5867 Regius
1510 5814 1660 5852 nunt.
1700 5796 1915 5852 1659M
1943 5797 1998 5851 in

436 5886 619 5930 nostro
647 5883 812 5929 textu.

2177 4813 2353 4884 (50)},
2381 4812 2573 4884 Agit.)
2612 4811 2762 4865 Hanc
2801 4808 3283 4884 voceni_otnittttttt
3333 4796 3610 4884 ntellegitis

2105 4869 2516 4939 nu‘nt.'1659"et
2548 4882 2821 4936 Rabanus.
2849 4880 2949 4933 Ms.
2988 4876 3188 4945 Regius
3226 4869 3503 4929 nunt.th
3535 4870 3608 4918 ha-

2102 4955 2210 5016 bet,
2248 4971 2267 5003 ι
2299 4954 2451 5007 facit.
2486 4971 2505 5004 ι
2537 4951 2734 5006 Caeteri
2771 4964 2897 5002 cum
2926 4948 3106 5008 editis,
3142 4964 3161 4997 ι
3196 4948 3327 5014 agit.
3365 4961 3393 5010 ι,

2172 5008 2287 5096 (Ξ1)
2324 5021 2415 5078 Sic
2437 5016 3148 5096 onmes_mss._Editi.vero,
3181 5008 3451 5085 pe'rperam
3478 5025 3491 5062 :
3518 5021 3535 5054 ι
3570 5008 3609 5053 ει

2098 5087 2487 5164 prophetarum
2526 5090 2853 5164 testimoniis
2881 5102 2946 5140 ex
2977 5087 3084 5164 his,
3117 5105 3145 5144 ,›
3180 5099 3287 5140 etc.
3471 5140 3589 5164 dm:

2172 5152 2286 5234 (52)
2326 5163 2401 5216 Ita
2426 5155 2579 5225 editi,
2603 5169 2658 5215 et
2682 5160 2882 5214 rectius
2897 5158 3116 5234 quidem
3138 5173 3295 5224 quam
3318 5164 3439 5205 mss.
3455 5152 3607 5234 nostri,

2100 5224 2192 5304 qui
2221 5224 2410 5287 omnes
2438 5224 2667 5304 habent,
2694 5247 2713 5281 ι
2746 5224 2929 5299 pauca,
2944 5228 3251 5295 patefacere
3280 5224 3562 5291 exponenti.
3588 5226 3602 5257 ι

2105 5302 2264 5365 utins,
2301 5320 2322 5353 σ
2359 5302 2778 5367 exponentibus.
2821 5318 2839 5351 ι
2872 5306 2979 5351 etc.
3130 5367 3138 5368 ί
3452 5356 3481 5368 ,Α
3519 5351 3546 5368 _,

2177 5363 2291 5444 (55)
2322 5363 2466 5427 Editi
2490 5410 2507 5434 ,
2547 5390 2566 5422 ι
2604 5380 2660 5425 et.
2704 5371 2793 5444 qui
2832 5383 2937 5422 non
2982 5367 3333 5435 acquiescunt
3366 5363 3564 5416 veritati.
3589 5365 3603 5393 ι

2104 5444 2208 5498 Sed
2228 5443 2417 5498 omnes
2449 5456 2577 5495 mss.
2611 5450 2669 5495 ut
2705 5443 2757 5494 in
2782 5447 2967 5493 nostro
2994 5448 3166 5491 textu.
3454 5496 3480 5508 ν,

2176 5514 2289 5584 (54)
2324 5512 2648 5584 Ms._Regius
2675 5526 2825 5565 num.
2857 5507 3019 5574 1641,
3042 5526 3061 5558 ι
3089 5522 3192 5584 per
3213 5502 3605 5584 contemptionem

2099 5577 2316 5638 mentis.
2355 5601 2375 5635 ι
2411 5577 2604 5637 ϐωιέιί
2637 5596 2766 5635 vero
2796 5596 2923 5633 mss.
2953 5589 3008 5632 et
3037 5578 3165 5631 editi
3194 5586 3252 5629 ut.
3284 5577 3333 5628 iu
3359 5579 3502 5624 textu.

2177 5654 2290 5724 (55)
2322 5652 2415 5707 Sic
2442 5666 2575 5706 mss.
2604 5662 2659 5705 et
2686 5650 2963 5706 Rabanus.
2996 5647 3140 5702 Ed‘ti
3180 5660 3325 5711 vero,
3359 5659 3378 5693 ι
3416 5649 3465 5693 ιιι
3490 5640 3609 5701 opt)!“

2105 5732 2183 5777 tet
2206 5724 2436 5784 actibus,
2470 5741 2489 5774 ι
2524 5733 2633 5776 etc.
2981 5788 2993 5790 ᾼ
3166 5787 3212 5790 __
3389 5778 3435 5790 Α,
3512 5772 3537 5790 _.

2179 5793 2291 5865 (56)
2327 5794 2404 5846 Ita
2426 5778 2767 5865 Rabanuset
2811 5805 2915 5865 ms.
2952 5787 3341 5865 Vallis-Clarae.
3388 5778 3606 5865 Sicet‘if":

2108 5851 2212 5921 ms.
2226 5851 2429 5934 Regius
2450 5878 2601 5918 num.
2617 5860 2779 5927 1641,
2799 5862 2903 5917 nisi
2920 5860 3066 5931 quod
3088 5860 3300 5914 omittat
3324 5873 3342 5905 ι
3364 5851 3601 5919 ιιυωιειω
