3784 6538
144 449 224 506 881
1089 448 1450 505 COMMENT.
1488 448 1557 503 IN
1587 447 1804 504 EPIST.
1843 448 1934 502 AD
1972 447 2138 504 ROM.
2181 449 2312 504 LIB.
2353 448 2419 504 ll.

3283 455 3388 509 98%

145 574 208 625 ria
237 589 251 637 ;
307 570 383 624 ita
420 577 485 625 ut
509 585 619 625 non
655 579 877 641 possent
901 569 1183 626 intendere
1212 570 1308 627 ﬁlii
1342 571 1508 626 lsrael
1537 572 1589 625 in
1625 570 1705 624 fa-
1734 575 1782 632 Α
1809 572 1934 641 quia
1969 589 1988 623 ι
2013 572 2207 635 homo,
2249 586 2370 626 cum
2400 571 2452 625 in
2486 572 2692 625 honore
2735 581 2904 635 esset.
2935 587 3042 625 non
3081 573 3386 648 intellexit;

142 665 256 718 ciem
282 660 484 733 Moysi,
523 671 748 732 propter
777 661 1006 732 gloriam
1041 663 1221 719 vultus
1253 663 1398 734 ejus,
1428 670 1551 733 quae
1572 663 1704 719 abo—

143 756 296 818 letur;
327 765 543 822 quanto
602 754 776 824 magis
831 754 1195 810 ministerium
1227 755 1465 826 Spiritus
1510 756 1616 811 erit
1649 756 1704 810 in

144 844 329 911 gloria!
399 845 460 899 Si
497 846 648 900 enim
709 845 762 899 in
817 845 1127 902 ministerio
1177 847 1543 902 damnationis
1587 847 1705 915 glo-

145 937 209 988 ria
235 933 340 1006 (57)
366 945 491 998 est,
527 945 734 1004 quanto
784 939 955 1008 magis
999 939 1300 994 abundabit
1341 939 1705 994 ministerium

141 1027 338 1095 iustitia:
365 1027 422 1080 in
449 1027 668 1097 gloria?
697 1048 715 1080 ι
745 1027 812 1083 Ει
845 1039 965 1098 post
985 1045 1154 1100 pauca
1186 1031 1376 1086 addit:
1411 1051 1430 1084 ι
1467 1031 1576 1087 Nos
1609 1049 1706 1087 au-

148 1126 236 1170 tem
281 1131 476 1172 omnes
512 1120 748 1173 revelata
791 1119 932 1174 facie
978 1121 1208 1192 gloriam
1241 1122 1455 1177 Domini
1507 1140 1707 1195 specu-

146 1209 313 1272 lantes,
343 1209 400 1263 in
435 1211 684 1264 eamdem
723 1211 1013 1282 imaginem
1046 1213 1158 1284 (58)
1192 1213 1648 1270 transformamur
1676 1233 1706 1272 a

146 1301 292 1370 gloria
327 1302 379 1355 in
420 1303 652 1371 gloriam
710 1315 966 1374 tanquam
1015 1323 1045 1359 a
1099 1308 1309 1362 Domini
1337 1309 1542 1378 Spiritu
1574 1309 1640 1363 ".
1679 1328 1700 1362 ι

145 1393 368 1462 Estergo
399 1395 654 1462 quaedam
690 1397 858 1467 gloria
891 1397 1186 1450 secundum
1215 1400 1555 1466 Apostolum,
1588 1415 1708 1470 qua:

145 1499 236 1538 non
257 1484 619 1553 glorificatur,
649 1497 707 1540 ut
733 1487 817 1540 illa
839 1503 961 1556 qum
993 1488 1042 1540 in
1071 1488 1218 1542 vultu
1244 1487 1417 1560 Moysi
1446 1490 1566 1558 fuit,
1586 1506 1706 1561 quze

145 1575 318 1629 dicitur
347 1591 476 1632 esse
508 1580 811 1644 destructa,
860 1595 979 1649 qua:
1038 1578 1200 1650 Legis
1246 1581 1426 1637 littera
1479 1583 1706 1654 intelligi

143 1677 318 1736 p0test,
361 1669 575 1724 habens
604 1672 824 1739 quidam
871 1675 1100 1744 gloriam
1160 1685 1575 1745 pra-ceptorum,
1609 1679 1704 1731 sed

142 1776 242 1829 quae
270 1761 575 1831 glorificari
608 1781 714 1818 non
767 1768 958 1834 possit.
995 1767 1089 1822 Est
1123 1778 1177 1823 et
1225 1769 1330 1821 alia
1366 1768 1557 1838 gloria,
1585 1783 1707 1838 qum

141 1859 404 1918 permanet
451 1861 508 1905 et
566 1852 901 1923 glorificatur
969 1857 1021 1911 in
1087 1857 1325 1912 Christo.
1373 1859 1506 1913 Cum
1558 1862 1702 1913 enim

1808 671 2160 733 comparatus
2211 672 2295 716 est
2338 662 2602 730 jumentis
2646 661 3054 730 insipientibus,
3085 672 3140 717 et
3194 664 3389 720 similis

1808 757 1985 813 factus
2029 765 2115 810 est
2169 754 2273 809 illis
2297 755 2407 806 ³⁸.»
2475 753 2681 820 Quaerit
2727 769 2854 824 ergo
2915 753 3064 809 illum
3126 755 3387 811 honorem

1809 868 1975 923 quem
2008 851 2240 906 habebat
2271 846 2383 921 (60)
2413 857 2708 919 antequam
2737 859 3152 918 compararetur
3175 849 3391 917 jumen-

1811 945 1881 998 tis
1915 941 2327 1011 insipientibus,
2353 940 2406 994 id
2438 947 2523 993 est
2567 938 2716 993 illum
2755 954 2918 1008 quem
2946 939 3180 993 habebat
3211 939 3263 992 in
3297 953 3389 1008 pa-

1810 1035 2012 1104 radiso,
2043 1041 2335 1102 antequam
2357 1039 2628 1101 peccaret,
2660 1034 2920 1086 honorem
2953 1047 3062 1100 quo
3084 1030 3172 1086 Dei
3199 1047 3388 1086 vocem

1809 1126 2122 1182 merebatur
2150 1124 2360 1188 audire,
2406 1125 2668 1178 honorem
2703 1136 2813 1191 quo
2839 1122 3076 1190 paradisi
3120 1121 3389 1177 fructibus

1808 1230 1863 1275 et
1897 1219 2042 1288 ligno
2066 1218 2193 1272 vitae
2219 1216 2526 1270 fruebatur.
2556 1214 2662 1270 Sed
2690 1226 2745 1269 et
2769 1215 2896 1268 illud
2920 1216 3062 1284 quod
3093 1214 3224 1267 dicit
3247 1216 3390 1281 Apo-

1809 1311 1980 1366 stolus
2013 1328 2026 1364 :
2062 1326 2082 1360 ς
2110 1309 2343 1364 Reddite
2394 1307 2644 1363 omnibus
2689 1307 2908 1370 debita;
2962 1307 3047 1361 cui
3101 1308 3387 1368 honorem,

1810 1405 2070 1458 honorem
2096 1401 2162 1466 ³⁷,
2199 1419 2217 1450 ι
2251 1401 2318 1454 ad
2371 1401 2472 1454 hoc
2506 1400 2636 1453 mihi
2680 1400 2954 1468 respicere
2994 1398 3226 1453 videtur.
3279 1398 3390 1467 Ego

1808 1495 1953 1548 enim
1984 1492 2063 1546 sic
2089 1490 2336 1561 intelligo
2361 1490 2623 1544 honorem
2649 1491 2893 1544 debitum
2922 1490 3071 1544 reddi
3108 1490 3215 1544 Deo
3245 1489 3402 1558 (61),,

1809 1587 1854 1642 si
1888 1583 2032 1656 quod
2066 1585 2298 1637 debetur
2326 1581 2562 1646 jnstitiae
2593 1581 2878 1645 reddatur,
2911 1590 2967 1635 et
3004 1579 3137 1636 nihil
3176 1596 3240 1635 ex
3271 1579 3391 1648 ejus

1809 1687 1963 1746 parte
1996 1673 2273 1742 iniustitiae
2299 1673 2671 1727 concedatur:
2721 1673 2974 1726 similiter
3007 1680 3061 1727 et
3089 1673 3302 1726 veritati
3337 1673 3385 1725 si

1810 1780 1930 1834 qum
1961 1779 2056 1818 sua
2089 1773 2212 1817 sunt
2245 1761 2320 1814 ita
2349 1762 2674 1827 reddantur,
2710 1771 2770 1814 ut
2807 1761 2940 1814 nihil
2966 1776 3032 1816 ex
3061 1762 3180 1830 ejus
3218 1761 3391 1830 parti-

1811 1857 1913 1910 bus
1939 1856 2224 1910 mendacio
2253 1855 2594 1924 relinquatur
2623 1871 2636 1906 :
2665 1854 2946 1922 sapientiae
2967 1869 3204 1923 quoque,
3230 1863 3285 1906 et
3305 1855 3393 1904 in-

139 1945 458 1999 asceudisset
482 1949 538 2000 in
565 1957 808 2002 montem
843 1964 965 2002 cum
993 1949 1154 2003 Petro
1182 1990 1197 2012 ,
1251 1959 1306 2004 et
1359 1949 1565 2004 Jacobo
1594 1993 1608 2017 ,
1652 1959 1706 2005 et
1737 1940 1780 1994 Β
1813 1951 2101 2011 nocentiae,
2141 1948 2483 2016 bonitatique
2505 1949 2550 2000 si
2571 1949 2642 1999 ita
2671 1947 3098 2016 reddamusque:
3123 1963 3217 1999 sua
3240 1955 3388 2008 sunt,

139 2035 326 2093 Joanne
351 2077 368 2102 ,
423 2039 856 2096 transformatus
885 2057 1008 2097 esse
1041 2044 1094 2096 in
1139 2043 1369 2113 gloriam
1423 2045 1703 2098 scribitur.

143 2145 158 2177 ι
187 2127 247 2181 Et
272 2138 403 2184 tunc
439 2142 836 2200 apparuerunt,
879 2152 898 2184 ι
926 2133 1123 2203 inquit,
1169 2152 1187 2185 ι
1228 2133 1442 2206 Moyses
1477 2145 1530 2187 et
1565 2135 1709 2189 Elias

138 2222 498 2292 colloquentes
537 2240 663 2278 cum
689 2241 753 2280 eo
782 2227 848 2282 ³⁰.
883 2245 901 2278 ι
942 2227 1042 2280 Per
1068 2228 1213 2297 quod
1241 2229 1707 2296 ostenditur,quia

141 2316 256 2386 legis
301 2326 359 2370 et
413 2318 806 2386 prophetarum
864 2320 1040 2390 gloria
1090 2330 1222 2374 tunc
1276 2322 1548 2389 apparuit,
1584 2336 1708 2374 cum

139 2406 374 2462 Christus
406 2407 612 2463 fuisset
641 2411 1064 2466 transformatus
1105 2413 1158 2466 in
1206 2412 1380 2483 gloria
1406 2451 1424 2478 ,
1481 2423 1539 2466 ut
1566 2413 1710 2466 illius

139 2502 292 2569 gloria
322 2501 632 2556 illuminata
662 2503 947 2572 prophetia
971 2514 1025 2560 et
1054 2504 1162 2568 lex,
1223 2515 1408 2559 amoto
1441 2505 1709 2560 velamine

142 2595 342 2662 littera,
379 2597 720 2667 intelligatur
777 2599 829 2652 in
862 2601 1077 2670 spiritu.
1131 2601 1332 2654 Verum
1367 2602 1494 2670 quia
1555 2611 1610 2656 et
1657 2603 1706 2658 in

140 2689 308 2746 Exodo
364 2691 574 2746 dicitur
630 2693 673 2724 ³⁸
726 2693 893 2762 gloria
955 2695 1047 2749 Dei
1088 2696 1329 2763 replesse
1382 2697 1707 2752 tabernacu—

140 2782 235 2835 lum
285 2785 630 2852 testimonii;
677 2798 734 2841 et
785 2788 981 2841 iterum
1014 2789 1066 2846 in
1125 2789 1468 2843 dedicatione
1524 2793 1707 2861 templi

139 2872 281 2943 481
309 2875 674 2930 nihilominus
695 2877 1038 2933 descendisse
1056 2877 1226 2948 gloria
1256 2879 1371 2941 Dei,
1389 2889 1444 2933 et
1469 2881 1710 2948 replesse

141 2965 341 3015 domum
375 2964 553 3030 fumo,
586 2965 836 3034 caligine,
859 2975 915 3020 et
946 2966 1112 3030 nube,
1140 2967 1192 3019 in
1227 2982 1334 3035 quo
1384 2969 1567 3037 utique
1593 2971 1707 3038 ipsa

142 3055 315 3109 adesse
347 3053 447 3110 Dei
495 3059 788 3127 praesentia
835 3057 1151 3128 designatur
1175 3060 1220 3090 ³⁸
1249 3074 1264 3112 :
1304 3059 1392 3113 illa
1423 3060 1475 3113 in
1505 3061 1588 3115 his
1612 3078 1710 3131 pu-

142 3147 285 3200 tanda
313 3155 403 3204 est
428 3148 537 3202 dici
559 3148 698 3219 (ὅδ’)
713 3149 906 3219 gloria,
930 3153 996 3204 de
1018 3165 1123 3219 qua
1147 3151 1440 3218 Apostolus
1463 3154 1709 3208 scribens

141 3238 197 3292 ad
227 3238 486 3294 Hebraeos
514 3240 652 3295 dicit
676 3241 743 3294 de
771 3239 932 3305 Filio,
973 3243 1100 3310 quia
1149 3243 1221 3296 sit
1250 3261 1268 3294 ι
1303 3243 1561 3310 splendor
1591 3245 1708 3315 glo-

141 3331 240 3398 riae,
271 3341 326 3386 et
349 3333 534 3402 imago
557 3347 816 3400 expressa
844 3333 1162 3388 substantia:
1190 3336 1308 3404 ejus
1335 3335 1404 3388 ³³.
1431 3333 1564 3389 »Ρθιι
1585 3352 1709 3404 quae

138 3425 226 3479 hoc
259 3424 578 3479 declaratur
603 3423 740 3494 (59),
789 3425 962 3496 ipsum
1012 3424 1215 3480 fontem
1260 3427 1448 3497 gloria:
1492 3426 1708 3482 Patrem

139 3517 254 3581 dici,
278 3531 344 3572 ex
365 3533 478 3587 quo
509 3517 773 3587 splendor
799 3519 984 3588 gloria:
1013 3517 1184 3575 Filius
1211 3532 1528 3590 generatur,
1552 3522 1710 3590 cujus

138 3612 549 3682 participatione
580 3627 776 3669 omnes
822 3622 1087 3668 creaturae
1131 3614 1362 3684 gloriam
1391 3616 1594 3671 habere
1625 3618 1710 3670 di-

136 3717 370 3764 cuntur:
405 3709 552 3764 sicut
599 3708 666 3762 de
724 3709 809 3763 his
853 3709 942 3778 qui
998 3725 1064 3763 ex
1119 3710 1525 3764 resurrectione
1562 3721 1708 3777 sunt,

135 3801 384 3856 scribitur
409 3819 426 3856 :
469 3819 489 3853 ι
568 3801 686 3855 Alia
717 3799 888 3870 gloria
913 3801 1065 3868 solis,
1089 3802 1194 3854 alia
1221 3801 1390 3870 gloria
1416 3803 1580 3866 lunae,
1601 3804 1708 3858 alia

136 3892 292 3959 gloria
319 3894 634 3950 stellarum.
667 3893 837 3948 Stella
868 3909 896 3947 a
925 3895 1078 3950 stella
1127 3895 1305 3951 differt
1337 3897 1390 3952 in
1413 3895 1583 3966 gloria
1605 3897 1702 3950 “.i

137 3983 272 4041 lianc
316 4001 452 4055 ergo
497 3987 754 4056 gloriam,
779 4002 898 4056 qua:
919 4002 983 4042 ex
1034 3989 1439 4044 resurrectione
1482 3999 1586 4054 est,
1615 3993 1706 4059 qui

137 4079 434 4144 requirunt,
486 4088 544 4134 et
601 4078 891 4143 honorem,
943 4086 994 4132 et
1045 4080 1531 4150 incorruptionem,
1574 4081 1708 4136 illud

136 4169 240 4224 sine
271 4171 442 4226 dubio
467 4171 756 4226 invenient
782 4171 926 4240 quod
952 4173 1215 4241 scriptum
1245 4182 1369 4227 est:
1406 4191 1427 4223 ι
1461 4172 1710 4227 Semina-

136 4269 213 4314 tnr
239 4277 441 4332 corpus
473 4263 528 4316 in
567 4263 890 4331 ignominia,
915 4276 1101 4335 surget
1137 4265 1188 4318 in
1221 4265 1391 4335 gloria
1422 4283 1436 4331 ;
1468 4267 1709 4320 semina-

136 4362 213 4407 tur
240 4355 292 4408 in
315 4354 699 4423 corruptione,
731 4365 913 4424 surget
955 4355 1008 4408 in
1058 4357 1470 4426 incorruptione
1495 4357 1562 4412 ³⁸.
1597 4376 1615 4408 ι
1645 4357 1710 4411 Ει

137 4445 245 4498 ideo
284 4445 587 4516 inquisitor
619 4444 780 4515 hujus
808 4447 1017 4514 glorize,
1046 4456 1102 4501 et
1152 4448 1402 4516 honoris,
1433 4459 1489 4504 et
1529 4450 1708 4504 incor-

138 4538 396 4605 ruptionis
431 4553 533 4609 per
565 4540 890 4608 patientiam
925 4538 1052 4592 boni
1085 4541 1270 4608 operis
1305 4541 1473 4595 vitam
1519 4557 1711 4596 conse-

1812 2049 1874 2095 ut
1902 2041 2038 2094 nihil
2066 2056 2132 2094 ex
2150 2057 2340 2096 eorum
2369 2039 2552 2102 bonis,
2579 2038 2660 2091 vel
2687 2038 2955 2103 stultitiae,
2981 2039 3062 2094 vel
3080 2039 3391 2108 calliditati,

1809 2132 1895 2187 vel
1937 2132 2158 2187 n'talitite
2186 2132 2584 2202 permittamus.
2621 2131 2758 2185 Cum
2797 2131 2970 2196 enim,
3005 2132 3152 2185 verbi
3185 2132 3386 2199 gratia,

1813 2225 1866 2278 in
1898 2223 2197 2292 judicando
2235 2224 2319 2278 vel
2350 2239 2642 2292 personam
2677 2225 2915 2292 potentis
2968 2223 3268 2292 acceperis,
3308 2223 3392 2278 vel

1813 2334 1911 2387 pro
1938 2317 2097 2370 amici
2127 2317 2303 2386 gratia
2353 2331 2472 2384 qua:
2517 2327 2645 2370 sunt
2689 2331 2820 2370 vera
2853 2316 3247 2386 suppresseris.
3279 2332 3390 2370 non

1815 2411 2105 2466 reddidisti
2139 2409 2401 2463 honorem
2447 2407 2688 2463 debitum
2722 2407 2972 2475 justitiaz,
3005 2424 3104 2462 nec
3144 2407 3390 2474 veritati,

1811 2507 1904 2558 sed
1954 2503 2304 2558 dehonorasti
2354 2500 2649 2569 justitiam,
2680 2511 2735 2554 et
2783 2500 2962 2554 fecisti
3002 2500 3391 2556 contumeliam

1812 2595 2027 2648 veritati
2055 2612 2070 2648 :
2104 2602 2157 2647 et
2187 2608 2310 2645 cum
2341 2591 2593 2646 Christus
2637 2590 2709 2644 sit
2731 2589 2966 2659 justitia,
2993 2602 3048 2645 et
3074 2592 3392 2646 sanctifica-

1815 2691 1919 2752 tio,
1977 2696 2030 2741 et
2085 2687 2289 2741 veritas
2315 2685 2383 2751 ³⁸,
2417 2685 2528 2739 eris
2579 2684 2775 2737 similis
2820 2684 2927 2738 illis
2975 2686 3066 2753 qui
3111 2684 3390 2739 Christum

1812 2779 2061 2847 colaphis
2095 2777 2435 2840 ceciderunt,
2465 2783 2519 2828 et
2547 2775 2640 2843 qui
2673 2775 2726 2828 in
2761 2774 2956 2830 faciem
2989 2775 3105 2845 ejus
3128 2790 3395 2845 conspue-

1816 2879 1962 2933 runt,
1989 2879 2044 2924 et
2071 2869 2162 2937 qui
2191 2869 2244 2922 in
2265 2867 2476 2921 calamo
2510 2873 2675 2935 caput
2697 2867 2814 2936 ejus
2845 2868 3238 2935 percutientes,
3265 2881 3394 2922 ver-

1816 2961 1904 3015 tici
1933 2961 2047 3029 ejus
2075 2961 2452 3030 imposuerunt
2475 2963 2720 3034 spineam
2751 2976 3011 3015 coronam
3040 2959 3108 3012 ³³.
3130 2959 3262 3025 Quis
3287 2973 3391 3013 au-

1815 3067 1920 3109 tem
1956 3058 2131 3110 honor
2175 3057 2290 3128 (69.)
2324 3058 2530 3127 estqui
2577 3058 2660 3113 his
2691 3059 2945 3112 omnibus
2989 3057 3283 3111 virtutibus
3319 3059 3391 3111 ah

1813 3147 2032 3200 homine
2065 3148 2317 3212 debetur,
2366 3147 2417 3200 in
2452 3147 2761 3218 Evangeliis
2807 3147 3118 3213 edocemur,
3172 3146 3392 3200 dicente.

1817 3241 2042 3294 Domino
2073 3239 2116 3271 ⁵ο
2143 3257 2156 3292 :
2201 3259 2219 3291 ι
2252 3239 2323 3294 Ut
2352 3255 2544 3296 omnes
2589 3240 2954 3296 honorificent
2995 3238 3220 3302 Filium,
3247 3238 3392 3293 sicut

1818 3331 2182 3386 honorificam
2222 3330 2464 3386 Patrem.
2498 3349 2519 3383 ι
2551 3330 2889 3386 Honorilicat
2917 3345 3050 3400 ergo
3089 3329 3307 3384 Patrem
3337 3340 3394 3385 et

1815 3423 2036 3487 Filium,
2063 3422 2154 3492 qui
2182 3423 2444 3478 honorem
2471 3424 2696 3492 dignum
2729 3433 2785 3478 et
2810 3421 3053 3476 studium
3089 3421 3268 3476 defert
3297 3436 3397 3476 sa-

1816 3517 2055 3584 pientiae,
2085 3527 2137 3571 et
2158 3515 2407 3585 justitiae,
2427 3526 2480 3570 et
2509 3517 2744 3579 veritati,
2768 3517 3136 3584 omnibusque
3165 3514 3248 3569 his
3270 3529 3395 3584 qua:

1813 3622 1936 3660 esse
1984 3607 2244 3660 dicuntur
2275 3606 2545 3660 Christus.
2588 3606 2702 3661 Hoc
2745 3621 2877 3675 ergo
2930 3607 3091 3661 modo
3142 3613 3396 3673 quaerunt

1812 3696 2070 3766 gloriam,
2093 3707 2150 3750 et
2179 3697 2466 3761 honorem,
2499 3707 2556 3750 et
2594 3698 3087 3767 incorruptionem,
3109 3697 3200 3764 qui
3233 3695 3394 3748 festi-

1815 3795 1945 3841 nant
1997 3787 2063 3841 ad
2098 3795 2355 3842 mternam
2396 3787 2585 3841 vitam.
2629 3788 2736 3842 Sed
2766 3797 2823 3842 et
2874 3788 3212 3856 incorruptio
3258 3784 3392 3856 quid

1813 3878 2040 3943 indicet,
2081 3879 2190 3932 cito
2221 3879 2476 3943 sciemus,
2508 3881 2554 3934 si
2581 3881 2725 3949 quod
2751 3879 2801 3934 ei
2832 3881 3168 3934 contrarium
3201 3889 3286 3934 est
3310 3879 3390 3933 di-

1813 3976 2136 4029 scutiamus.
2201 3973 2542 4043 lncorruptio
2595 3973 2931 4029 contrariam
2998 3973 3394 4027 habetcorru-

1813 4068 2074 4136 ptionem.
2097 4066 2386 4135 Correptio
2417 4065 2627 4120 duobus
2662 4066 2837 4120 modis
2870 4064 3120 4119 accidere
3144 4063 3346 4117 dicitur
3377 4085 3390 4118 :

1813 4158 2213 4227 corporaliter,
2255 4169 2312 4211 et
2362 4157 2702 4226 spiritaliter.
2751 4156 3123 4227 Corporaliter
3167 4155 3391 4225 accidit,

1813 4265 1939 4304 cum
1983 4251 2229 4305 evenerit
2264 4249 2394 4303 illud
2444 4251 2587 4319 quod
2633 4250 2901 4319 scriptum
2951 4261 3076 4304 est:
3125 4268 3144 4300 ‹
3175 4249 3232 4304 Si
3267 4251 3394 4318 quis

1816 4341 2072 4411 templum
2104 4342 2196 4396 Dei
2231 4342 2564 4410 corruperit.
2586 4351 2903 4412 corrumpet
2936 4342 3085 4396 illum
3110 4343 3254 4398 Deus
3274 4341 3343 4395 δι.
3366 4360 3387 4394 ι

1815 4433 2146 4504 Spiritaliter
2176 4448 2325 4499 vero,
2350 4449 2477 4488 cum
2528 4433 2657 4488 illud
2700 4435 2962 4490 acciderit
3004 4436 3148 4504 quod
3195 4435 3396 4488 nihilo-

1817 4528 1994 4579 minus
2030 4525 2319 4594 Apostolus
2358 4527 2491 4580 dicit
2532 4525 2617 4577 ":
2651 4541 2672 4575 ι
2711 4525 2914 4581 Vereor
2949 4537 3132 4580 autem
3162 4540 3228 4579 ne
3255 4526 3398 4580 sicut

137 4633 308 4696 ηυίιυι-
357 4643 653 4687 πίει-πεπυ,
687 4631 887 4686 verum
920 4634 1048 4702 quia
1081 4635 1149 4687 de
1188 4634 1382 4705 gloria,
1417 4647 1477 4689 ιη
1531 4637 1711 4706 1,οιυε.
1742 4657 1787 4712 D
1815 4633 2040 4684 serpens
2064 4619 2226 4673 Evam
2255 4619 2471 4674 seduxit
2498 4629 2697 4675 astutia
2728 4621 2944 4684 sua,sic
2976 4628 3398 4686 corrumpantur

139 4735 265 4787 mus,
303 4725 687 4790 discussimus,
712 4726 989 4780 videamus
1018 4726 1150 4794 quid
1176 4737 1231 4780 et
1274 4729 1451 4782 honor
1486 4729 1706 4795 indicet,

138 4814 250 4879 quia
285 4817 378 4886 qui
436 4817 507 4872 ad
540 4827 804 4871 aeternam
841 4818 1005 4870 vitam
1057 4819 1338 4884 festinant,
1385 4836 1491 4874 non
1533 4822 1709 4876 solum

141 4906 384 4976 gloriam,
437 4909 535 4964 sed
583 4918 640 4964 et
685 4908 948 4964 honorem
999 4922 1270 4982 quaerunt.
1308 4911 1584 4980 Scriptum
1628 4924 1712 4969 est

1817 4728 2010 4766 sensus
2035 4713 2214 4770 ,vestri
2254 4730 2283 4765 a
2324 4712 2677 4782 simplicitate
2711 4712 2857 4774 fidei,
2886 4726 3007 4778 qua:
3029 4721 3112 4764 est
3146 4712 3198 4763 in
3230 4709 3396 4763 Chri-

1819 4819 1904 4862 sto
1932 4805 2080 4861 Jesu.
2117 4825 2136 4858 ι
2176 4805 2236 4861 Si
2267 4807 2388 4876 quis
2429 4821 2558 4872 ergo
2587 4808 2654 4860 ab
2678 4805 2766 4858 his
2789 4821 2908 4875 quae
2940 4818 3104 4872 supra
3157 4801 3403 4858 diximus

1821 4903 2088 4957 manserit
2119 4917 2349 4971 corpore
2372 4911 2428 4956 et
2457 4902 2646 4970 spiritu
2685 4900 3053 4965 incorruptus,
3079 4896 3182 4950 iste
3208 4895 3396 4950 incor-

201 5095 244 5124 ³³
271 5093 312 5147 ll
344 5097 472 5148 Cor.
504 5063 593 5156 ιιι,
627 5092 743 5157 ’ἵν-9,
777 5093 863 5147 18.
901 5095 945 5126 ³⁸
977 5095 1169 5150 Matth.
1191 5112 1325 5159 xvii,
1355 5098 1472 5151 1-5.
1519 5099 1560 5130 ³¹
1598 5097 1706 5152 Exn

1880 5140 1892 5158 .
1922 5097 2010 5152 5'2.
2089 5097 2132 5127 δ’
2160 5096 2198 5149 11
2226 5095 2402 5150 Paral.
2431 5109 2523 5155 vn,
2557 5093 2607 5144 1.
2685 5090 2729 5120 ³³
2753 5089 2918 5142 llebr.
2949 5105 2985 5153 ι,
3021 5089 3072 5141 5.
3152 5087 3196 5119 ³⁸
3223 5087 3239 5140 I
3269 5091 3396 5146 (ζον,

140 5177 220 5219 XV.
247 5165 336 5218 41.
413 5164 460 5195 ³⁸
485 5165 618 5218 ibid.
656 5163 745 5216 4'2.

139 5233 178 5261 “
202 5233 358 5290 Joan.
384 5251 436 5296 v,
465 5234 559 5288 25.
640 5235 683 5264 “
714 5237 732 5289 Ι
761 5234 884 5290 Cor.
917 5252 1000 5301 ιιι,
1035 5238 1120 5290 l7.
1197 5239 1242 5269 ’⁵⁸
1275 5239 1317 5292 ll
1340 5239 1466 5292 Cor.
1503 5255 1582 5306 xi,
1619 5241 1672 5292 5.

139 5388 330 5471 Castori
356 5408 489 5448 vero
505 5409 658 5471 _mss.
685 5405 741 5450 et
777 5397 950 5471 editi,
988 5413 1008 5448 ι
1037 5396 1190 5452 Nunc
1237 5397 1452 5466 quidem
1484 5397 1712 5466 gloriam

139 5470 190 5512 et
213 5465 685 5536 incorruptionem
712 5467 1070 5536 requiramus.
1111 5485 1130 5518 ι

171 5530 316 5609 ⁹(57)
337 5530 455 5609 his.
478 5533 686 5609 Regius
713 5530 874 5609 ιιυίιι.
903 5536 1061 5602 16M,
1097 5556 1116 5590 ‹
1159 5538 1218 5594 Si
1276 5538 1422 5594 enim
1469 5538 1718 5594 ministe-

139 5606 686 5676 riunrdamnationis
712 5606 764 5660 in
799 5607 972 5676 gloria
1001 5618 1104 5664 est.
1136 5625 1156 5661 ι

202 5671 444 5747 (ﬁglMs.
473 5676 674 5746 Regius
696 5671 843 5730 nuni.
867 5677 1026 5740 l639,
1050 5697 1068 5728 ι
1093 5679 1280 5733 eadem
1299 5678 1558 5747 imagine.
1584 5689 1718 5734 ietc.

207 5742 343 5814 (58°)
373 5748 464 5798 Sic
499 5742 694 5801 omnes
723 5762 849 5801 mss.
870 5747 1009 5800 Editi
1042 5764 1198 5813 vero,
1227 5752 1374 5804 «Dei.
1404 5742 1436 5801 ἶ
1461 5749 1716 5805 Babanus

135 5819 180 5862 et
219 5814 391 5884 editio
416 5815 619 5869 Veneta
658 5817 942 5884 Theophili
969 5818 1269 5882 Salodiani,
1303 5841 1319 5871 ι
1340 5822 1466 5874 diei.
1494 5840 1513 5872 ι

205 5882 316 5956 (59)
332 5884 409 5941 lta
424 5882 850 5944 editi.hlss.verb
865 5889 1335 5961 nostri,d’erquze
1354 5893 1464 5946 haec
1483 5892 1582 5961 (αι.
1616 5886 1717 5940 Per

823 5165 869 5195 ³⁸
901 5163 1041 5218 Psal.
1079 5183 1265 5229 χιι-ιιι,
1298 5169 1382 5220 15.
1459 5168 1502 5199 ³⁷
1533 5169 1695 5224 Itoni.
1731 5186 1856 5234 xm,
1893 5170 1945 5222 7.

2023 5168 2065 5198 as
2111 5173 2291 5220 ιω)...
2344 5181 2382 5227 ι,
2425 5162 2513 5215 50,
2593 5160 2635 5191 ⁸⁹
2664 5159 2829 5216 Mare.
2874 5175 2965 5224 xv,
3031 5162 3112 5227 17,
3160 5162 3248 5226 18,
3313 5168 3398 5218 19.

1821 5413 1940 5468 quae
1968 5399 2042 5467 et)
2069 5397 2392 5468 detlaratur.
2421 5393 2748 5468 i_Rabari_i_is,
2771 5411 2788 5444 ι
2820 5392 2924 5468 Per
2944 5407 3068 5461 qua:
3103 5395 3397 5468 declarat.»

1896 5462 2058 5539 (60)}
2080 5468 2250 5534 Quem
2301 5464 2548 5539 habebat.
2585 5481 2604 5514 ι
2643 5462 2768 5519 Ilico
2805 5466 3002 5520 desunt
3035 5468 3103 5521 ,ιιι
3131 5467 3316 5534 editis,
3350 5480 3404 5524 et

1825 5535 2187 5595 restituuntur
2212 5553 2280 5590 ex
2304 5535 2559 5588 omnibus
2587 5548 2720 5588 mss.

1899 5609 2008 5678 (6|)
2045 5625 2064 5657 ι
2099 5609 2225 5663 Deo.
2253 5625 2274 5678 »ν
2305 5603 2588 5678 Omittitur
2630 5605 2681 5658 in
2726 5605 2914 5678 editis,
2952 5614 3009 5658 et
3039 5606 3091 5660 in
3126 5606 3405 5678 plerisque

1831 5675 1996 5739 mss,
2019 5678 2114 5730 sed
2150 5677 2453 5732 restituitur
2478 5691 2547 5729 ex
2577 5690 2710 5729 mss.
2747 5675 2917 5746 Regio
2946 5691 3098 5746 num.
3134 5676 3294 5731 £659.

1897 5749 2008 5820 (69-)
2044 5748 2134 5801 Sic
2164 5764 2294 5801 mss.
2324 5749 2514 5820 nostri.
2546 5746 2689 5820 liditi
2731 5745 2880 5808 vero,
2913 5745 3013 5820 a_l.,
3058 5765 3076 5797 ι
3105 5747 3276 5812 Quem
3317 5765 3408 5803 au-

1830 5815 1932 5874 tem
1987 5815 2276 5883 honorem;
2311 5840 2327 5868 ι
2371 5815 2467 5880 aL,
2507 5837 2525 5869 ι
2549 5817 2681 5882 Quis
2710 5829 2912 5890 .autem
2940 5817 3228 5884 honorem,
3257 5837 3274 5869 ι
3307 5821 3404 5883 al..

1833 5914 1851 5946 ι
1878 5891 2012 5957 Quia
2045 5898 2228 5944 autem
2266 5891 2548 5944 honorem.
2571 5907 2596 5940 ι
