3754 6540
341 452 446 510 883

1791 446 2112 507 ORIGENIS

3510 456 3613 512 88‘

344 573 656 643 ruptionem
698 580 945 643 quzerere
988 571 1211 635 dicitur,
1246 586 1353 642 quo
1394 568 1608 626 scilicet
1651 583 1749 640 per
1788 570 1934 624 hanc
1960 577 2009 634 Α
2037 569 2284 625 cusativo
2323 569 2662 641 protulisset,
2698 569 2744 625 si
2777 571 2830 626 id
2862 571 2928 625 ad
2972 572 3248 627 reddentis
3282 571 3376 624 Dei
3426 588 3613 644 perso-

344 665 713 719 nhservantiaa
763 666 1256 734 incorruptionem,
1290 664 1438 719 illam
1481 676 1604 730 qua:
1646 678 1714 717 ex
1751 678 1932 718 resur-

344 759 587 814 rectione
611 770 694 814 est
719 759 1179 827 incorruptionem
1204 758 1461 828 consequi
1485 756 1603 827 (65)
1635 766 1929 812 mereatur.

347 852 489 919 Quid
550 861 731 907 autem
800 852 961 907 detur
1007 851 1122 907 lure
1173 852 1579 922 requirentibus
1626 851 1930 907 videamus.

351 965 370 996 ς
399 943 544 1010 Vita,
569 962 588 996 ι
643 943 851 1012 inquit,
906 962 924 995 ι
948 951 1153 998 aeterna
1182 958 1199 997 :
1230 962 1252 995 ι
1311 943 1401 997 illa
1439 944 1507 998 de
1539 959 1645 1013 qua
1674 942 1933 998 Salvator

346 1036 527 1099 docet,
558 1048 685 1089 cum
717 1034 850 1087 dicit
882 1049 896 1087 :
937 1052 956 1085 ι
986 1032 1112 1088 Haec
1142 1042 1225 1088 est
1257 1043 1438 1088 autem
1477 1033 1586 1087 vita
1609 1042 1838 1099 :cterna,
1872 1043 1934 1088 ut

347 1132 682 1195 cognoscant
709 1131 762 1178 te
792 1125 965 1178 solum
998 1138 1188 1177 verum
1236 1124 1427 1187 Deum,
1459 1132 1517 1179 et
1537 1139 1698 1195 quem
1731 1125 1930 1179 misisti

344 1212 528 1268 Iesum
571 1213 844 1269 Christum
873 1213 940 1267 “.
970 1232 989 1265 ι
1036 1212 1139 1268 Per
1195 1215 1343 1284 quod
1405 1214 1648 1269 ostendit
1680 1215 1734 1269 in
1779 1216 1931 1286 agni-

347 1305 496 1361 tione
522 1306 637 1371 Dei,
660 1317 714 1360 et
740 1305 944 1360 Citriin
975 1303 1125 1371 Jesu,
1148 1305 1274 1359 vita;
1302 1316 1520 1360 :cternaa
1551 1320 1773 1360 manere
1798 1305 1931 1360 sub-

347 1395 628 1449 stantiam.
668 1395 889 1465 Agnitio
919 1410 1050 1449 vern
1079 1395 1171 1450 Dei
1204 1397 1475 1464 quomodo
1507 1395 1696 1449 haberi
1732 1395 1927 1465 possit,

345 1486 609 1542 docemur
660 1487 716 1541 in
757 1485 1010 1550 Psalmis,
1035 1501 1159 1540 cum
1193 1485 1397 1542 dicitur
1430 1486 1475 1517 “
1509 1505 1523 1540 :
1565 1504 1583 1537 ι
1622 1485 1842 1554 Vacate,
1876 1496 1932 1544 et

347 1580 628 1648 agnoscite
650 1580 907 1649 quoniam
941 1594 1042 1650 ego
1072 1595 1191 1634 sum
1221 1578 1384 1634 Deus.
1409 1598 1428 1631 ι

418 1672 474 1730 6.
500 1690 519 1725 ι
544 1673 641 1729 His
664 1684 844 1730 autem
872 1674 961 1743 qui
990 1688 1056 1727 ex
1076 1672 1449 1738 contentione,
1484 1683 1537 1727 et
1567 1672 1659 1741 qui
1685 1671 1932 1728 diiiidunt

347 1761 564 1829 quidem
598 1764 843 1829 veritati,
867 1764 1245 1833 obtemperant
1279 1773 1464 1817 autem
1509 1762 1814 1831 iniquitati,
1848 1763 1928 1817 ira

347 1863 405 1908 et
442 1855 766 1925 indignatio,
794 1855 1072 1911 tribulatio
1119 1864 1175 1910 et
1225 1854 1477 1924 angustia
1501 1854 1564 1908 ⁸⁸.
1600 1874 1619 1907 ι
1656 1856 1755 1922 Qui
1793 1856 1927 1910 sim-

348 1946 567 2015 pliciter
599 1949 714 2002 hare
742 1948 965 2018 accipit,
990 1948 1240 2003 sufficere
1260 1948 1436 2003 credit
1466 1949 1532 2003 ad
1566 1950 1924 2014 intellectum,
1962 1975 2003 2028 Β

347 2039 647 2095 secundum
694 2039 812 2111 (64)
857 2055 921 2096 ea
952 2055 1072 2109 quae
1102 2056 1265 2111 supra
1315 2042 1460 2096 dicta
1491 2050 1654 2105 sunt,
1703 2042 1931 2097 reddere

352 2133 519 2186 Deum
553 2132 846 2203 unicuique
878 2133 1176 2186 secundum
1204 2146 1370 2200 opera
1396 2149 1493 2188 sua
1529 2149 1546 2186 :
1579 2133 1759 2195 idest,
1792 2133 1932 2187 sicut

347 2224 479 2288 illis,
514 2224 604 2293 qui
637 2238 736 2293 per
774 2222 1095 2294 patientiam
1146 2223 1274 2276 boni
1306 2223 1486 2293 operis
1532 2233 1784 2293 quaarunt
1813 2224 1930 2292 glo-

345 2317 486 2370 riam
512 2316 651 2385 (65),
668 2326 723 2371 et
750 2316 1235 2384 incorruptionem,
1252 2316 1419 2369 vitam
1442 2315 1619 2369 reddit
1644 2325 1929 2383 :eternam;

349 2410 424 2463 ita
454 2418 511 2464 et
562 2408 682 2462 istis
708 2408 802 2476 qui
834 2422 900 2462 ex
928 2409 1280 2463 contentione
1308 2405 1563 2461 difﬁdunt
1590 2408 1807 2477 quidem
1835 2422 1931 2463 vc-

348 2501 522 2565 ritati,
549 2502 933 2569 obtemperant
979 2508 1161 2555 autem
1208 2498 1512 2570 iniquitati,
1545 2500 1680 2554 iram
1713 2510 1769 2555 et
1791 2500 1931 2555 iudi-

347 2589 683 2660 gnationem,
719 2589 1125 2646 tribulationem
1154 2601 1209 2647 et
1240 2592 1549 2660 angustiam
1577 2592 1790 2646 reddat.
1826 2592 1929 2647 Sed

347 2682 441 2752 qui
471 2681 527 2737 in
555 2682 870 2753 apostolicis
898 2683 1116 2750 litteris,
1140 2698 1238 2753 per
1269 2698 1406 2753 quas
1438 2682 1549 2756 (66)
1572 2683 1826 2739 Christus
1847 2685 1931 2739 lo-

343 2778 555 2846 quitur,
601 2776 711 2831 iota
744 2790 935 2844 unum,
982 2786 1076 2831 aut
1122 2793 1289 2832 unum
1340 2777 1553 2847 apicem
1599 2791 1705 2832 non
1754 2776 1932 2833 credit

344 2865 582 2920 otiosum
608 2865 676 2931 ιι,
705 2866 1044 2922 asseverabit
1077 2881 1187 2921 non
1238 2881 1339 2936 per
1376 2882 1621 2922 errorem
1668 2868 1932 2937 Apostolo

343 2957 643 3026 contigisse
666 2966 725 3011 ut
754 2959 850 3013 tali
869 2958 1142 3014 locutione
1173 2970 1438 3021 uteretur,
1458 2960 1649 3015 dicens
1672 2960 1715 2993 ⁸⁷
1743 2980 1756 3015 :
1786 2976 1805 3012 ι
1827 2960 1929 3028 Qui

348 3051 538 3106 reddet
585 3051 676 3107 bis
712 3050 957 3120 quidem,
988 3052 1080 3121 qui
1105 3065 1202 3119 per
1226 3051 1549 3120 patientiam
1593 3052 1722 3108 boni
1746 3054 1931 3123 operis

346 3141 575 3213 gloriam
616 3151 670 3196 et
684 3143 946 3197 honorem
962 3152 1208 3211 quzcrunt
1220 3185 1235 3211 ,
1252 3146 1421 3200 vitam
1436 3142 1601 3218 ‘82
1615 3155 1892 3201 :eternam.
1906 3162 1926 3196 ι

347 3233 446 3290 llis
468 3247 599 3290 vero
626 3237 718 3305 qui
742 3250 809 3291 ex
828 3239 1173 3292 contentione
1205 3239 1587 3308 obtemperant
1631 3236 1927 3312 iniquitati,

2040 679 2166 718 nam
2209 664 2419 721 referre
2468 665 2756 719 voluisset.
2788 664 2941 732 Quod
2971 676 3026 721 et
3070 667 3124 721 in
3161 667 3286 721 aliis
3319 665 3615 735 Scriptura:

2038 754 2174 810 lucis
2199 755 2457 811 similiter
2486 756 2808 827 intelligitur
2834 757 3141 826 designari,
3178 760 3325 813 sicut
3356 759 3410 811 itt
3443 760 3617 828 primo

2038 845 2178 901 libro
2207 846 2552 917 Regnorum,
2577 847 2668 902 ubi
2689 847 2825 902 dicit
2855 848 3146 903 Dominus:
3177 867 3197 900 ι
3227 848 3618 904 Gloriticantes

2035 951 2122 990 me
2174 936 2515 1007 gloriﬁcabo,
2574 947 2891 1007 spernentes
2918 951 3023 991 .me
3068 946 3397 1006 spernentur
3413 935 3482 989 “.
3510 954 3531 986 ι
3565 935 3616 988 In

2035 1040 2142 1095 quo
2178 1027 2465 1081 evidenter
2497 1027 2808 1082 ostenditur
2857 1028 3042 1082 dicere
3088 1027 3354 1082 Dominus
3386 1042 3487 1081 eos
3527 1028 3614 1095 qui

2033 1119 2378 1190 glorificandi
2414 1129 2565 1187 sunt,
2590 1135 2689 1190 per
2721 1136 2782 1176 se
2814 1120 3228 1190 glorificandosf;
3263 1121 3330 1177 de
3367 1121 3457 1176 his
3493 1136 3617 1174 vero

2034 1212 2126 1281 qui
2157 1211 2442 1280 spernendi
2488 1221 2636 1278 sunt,
2666 1226 2771 1266 non
2828 1211 3083 1267 retulisse
3127 1211 3194 1265 ad
3225 1226 3310 1277 se,
3331 1212 3432 1266 sed
3460 1212 3616 1265 abso-

2034 1305 2144 1359 lute
2172 1304 2397 1372 dixisse,
2425 1304 2552 1375 quia
2584 1315 2932 1376 spernentur.
2970 1304 3025 1360 Si
3066 1306 3210 1360 enim
3243 1312 3301 1360 ut
3346 1308 3494 1361 bona
3526 1319 3617 1374 per

2034 1397 2386 1464 semetipsum
2415 1395 2750 1466 prtestat,ita
2781 1406 2836 1450 et
2863 1395 3001 1450 maia
3028 1412 3127 1466 per
3146 1395 3507 1465 semetipsum
3537 1413 3619 1452 re-

2036 1487 2298 1541 tribueret
2329 1485 2494 1554 Deus,
2516 1501 2859 1556 consequens
2881 1495 3023 1550 erat,
3046 1495 3105 1540 ut
3128 1502 3236 1556 quo
3261 1487 3430 1541 modo
3456 1487 3614 1550 dixit,

2038 1597 2058 1630 ι
2095 1578 2486 1635 Gloriticantes
2527 1594 2613 1635 me
2662 1578 3046 1650 glorificabo,»
3108 1579 3182 1633 ita
3234 1578 3453 1633 diceret
3488 1598 3503 1633 :
3556 1578 3617 1633 Et

2035 1679 2356 1739 spernentes
2414 1685 2500 1725 me
2538 1686 2814 1742 spernant.
2848 1670 2958 1727 Sed
2999 1670 3152 1726 etin
3207 1670 3316 1723 alio
3355 1670 3483 1725 loco
3526 1686 3616 1740 per

2034 1763 2355 1831 prophetam
2389 1763 2565 1820 simile
2596 1763 2728 1832 quid
2758 1763 2973 1818 videtur
3005 1762 3217 1818 ostendi
3250 1765 3305 1817 in
3352 1778 3447 1828 eo,
3478 1764 3615 1833 quod

2037 1854 2090 1908 hi
2122 1855 2213 1924 qui
2237 1864 2371 1909 eunt
2399 1857 2451 1909 in
2483 1856 2660 1925 ignem
2690 1853 2832 1925 (68),
2866 1872 2975 1911 non
3009 1871 3037 1909 a
3073 1856 3202 1924 Deo,
3227 1855 3324 1911 sed
3356 1871 3388 1908 a
3421 1867 3620 1912 semct-

2034 1948 2166 2018 ipsis
2214 1964 2337 2002 eum
2376 1948 2660 2004 inveniant
2704 1964 3018 2015 accensum,
3048 1952 3189 2005 sicut
3227 1952 3367 2006 dicit
3410 1949 3613 2007 Isaias:

2041 2058 2059 2091 t
2095 2040 2170 2095 Ite
2203 2040 2257 2094 in
2290 2041 2498 2096 lumine
2529 2043 2671 2113 ignis
2709 2043 2897 2108 vestri,
2947 2053 3004 2098 et
3052 2042 3271 2097 ﬂamma
3305 2042 3427 2114 (69)
3458 2058 3616 2113 quam

2032 2132 2360 2187 accendistis
2388 2132 2455 2188 ⁸³.
2495 2152 2514 2185 ι
2572 2133 2638 2187 Et
2691 2144 2752 2189 ut
2800 2135 2978 2190 adhuc
3034 2135 3496 2201 planiorhorum
3528 2138 3619 2190 tiat

2033 2223 2308 2288 dissertio,
2333 2224 2607 2280 addentur
2632 2226 2799 2280 etiam
2824 2227 2940 2282 haec
2970 2240 2986 2278 :
3020 2226 3073 2281 Si
3105 2228 3226 2297 quis
3250 2238 3453 2283 contra
3483 2243 3615 2298 pra:-

2033 2325 2248 2383 ceptum
2300 2317 2498 2373 medici
2533 2319 2767 2388 sumptis
2810 2318 3078 2374 malorum
3117 2319 3370 2376 ciborum
3414 2323 3613 2383 succis,

2034 2417 2089 2463 et
2113 2410 2357 2477 corporis
2380 2411 2596 2465 turbata
2636 2413 2918 2481 temperie,
2946 2412 3032 2467 vel
3062 2412 3242 2470 febres
3276 2413 3364 2469 vel
3414 2413 3620 2484 quosli-

2032 2500 2122 2554 bet
2185 2499 2555 2567 hujuscemodi
2609 2502 2907 2559 incurrerit
2958 2505 3197 2570 morbos,
3246 2515 3475 2560 certum
3537 2517 3617 2560 est

2032 2594 2176 2663 quod
2236 2610 2344 2649 non
2389 2610 2486 2665 per
2535 2596 2825 2659 medicum,
2866 2597 2960 2653 sed
2993 2612 3092 2668 per
3130 2597 3614 2668 intemperantiam

2033 2700 2186 2740 suam
2217 2695 2425 2755 pestem
2478 2687 2758 2758 languoris
2808 2690 3118 2757 acceperit;
3150 2690 3198 2744 si
3232 2703 3366 2745 vero
3423 2688 3620 2745 medici

2032 2790 2304 2849 pracepta
2345 2782 2661 2837 custodiens
2710 2781 2762 2835 in
2814 2782 3080 2853 sospitate
3110 2781 3398 2851 perduret,
3431 2781 3619 2850 utique

2030 2885 2131 2940 per
2157 2872 2430 2928 medicum
2464 2874 2676 2929 dicetur
2698 2874 2902 2930 habere
2932 2875 3165 2945 gratiam
3201 2872 3616 2931 sanitatis.ﬂoc

2032 2977 2162 3033 ergo
2188 2965 2349 3020 modo
2380 2975 2782 3036 consequenter
2808 2964 3082 3023 videbitur
3111 2965 3256 3024 Deus
3280 2967 3404 3037 ipse
3429 2982 3531 3038 per
3559 2980 3619 3022 se

2030 3057 2261 3113 reddere
2292 3058 2585 3129 unicuique
2627 3060 2928 3115 secundum
2953 3072 3115 3130 opera
3156 3074 3277 3127 sua,
3311 3074 3445 3130 quas
3480 3061 3614 3115 bona

2031 3158 2160 3205 sunt
2191 3168 2206 3204 :
2250 3150 2390 3206 mala
2420 3164 2600 3207 autem
2632 3153 2820 3209 venire
2853 3153 3223 3223 intelligentur
3251 3167 3363 3208 non
3417 3167 3451 3206 a
3488 3153 3613 3214 Deo,

2031 3242 2128 3297 sed
2152 3258 2218 3297 ex
2245 3245 2497 3313 pessimis
2526 3246 2963 3316 intemperantiae
2985 3247 3183 3312 succis,
3212 3255 3267 3301 et
3298 3245 3481 3301 cruda
3497 3260 3615 3316 pra.

344 3339 456 3380 non
489 3326 649 3392 dixit,
683 3329 819 3381 iram
843 3338 891 3382 et
914 3329 1358 3400 indignationem,
1390 3338 1451 3384 ιιι
1488 3341 1542 3385 et
1571 3329 1677 3386 hoc
1720 3329 1928 3385 refera-
1954 3346 1999 3404 ο
2030 3333 2198 3389 vitate
2236 3344 2538 3406 gestorum.
2559 3336 2761 3392 Verum
2809 3339 2991 3393 ethoc
3022 3339 3197 3408 ipsum
3231 3340 3381 3409 quod
3427 3342 3564 3396 dixit
3596 3357 3610 3393 :

346 3430 437 3475 tur
459 3421 527 3476 ad
556 3438 575 3471 ι
603 3422 814 3486 reddet,
845 3440 865 3473 ι
911 3423 1054 3490 quod
1085 3423 1335 3493 superius
1381 3423 1624 3490 dixerat;
1662 3425 1756 3480 sed
1805 3425 1880 3480 ait
1908 3444 1924 3481 :

350 3529 371 3564 ι
395 3512 481 3567 Ira
513 3521 569 3567 et
604 3513 930 3583 indignatio,
980 3514 1260 3570 tribulatio
1311 3525 1367 3573 et
1412 3516 1685 3587 angustia.
1721 3536 1740 3570 ι
1775 3517 1930 3575 Unde

347 3604 441 3673 qui
469 3603 736 3673 spiritalis
763 3614 867 3670 est,
917 3615 973 3661 et
1006 3606 1259 3677 intelligit
1286 3608 1417 3677 quid
1461 3608 1698 3678 Spiritus
1737 3609 1930 3679 loqua-

346 3706 439 3752 tur
468 3696 585 3769 (67)
615 3697 668 3751 in
703 3698 890 3766 Paulo,
917 3700 1053 3755 dicit
1082 3715 1188 3755 non
1217 3700 1335 3756 hate
1356 3700 1673 3772 Apostolum
1702 3716 1802 3772 per
1828 3702 1929 3756 im-

344 3789 621 3860 peritiam,
661 3791 761 3845 sed
792 3805 887 3861 per
914 3791 1155 3847 divinam
1206 3793 1455 3864 peritiam
1489 3793 1924 3862 conscripsisse:

344 3881 559 3938 scilicet
591 3892 650 3938 ut
679 3898 778 3954 per
816 3884 929 3940 haec
961 3887 1274 3941 ostenderet
1305 3900 1368 3941 ea
1419 3884 1638 3954 quidem
1684 3900 1804 3961 qua:
1842 3900 1930 3941 se-

345 3975 588 4030 cundum
642 3975 956 4045 patientiam
1009 3976 1137 4031 boni
1178 3977 1361 4046 operis
1400 3976 1771 4047 quaerentibus
1813 3975 1930 4045 glo-

345 4066 486 4121 riam
517 4075 574 4121 et
618 4067 1084 4136 incorruptionem
1138 4068 1417 4123 reddenda
1456 4077 1602 4133 sunt,
1630 4082 1730 4137 per
1760 4068 1925 4123 Deum

348 4158 525 4227 reddi,
553 4159 605 4215 id
633 4169 715 4215 est
758 4163 929 4215 vitam
977 4170 1239 4216 aeternam
1268 4178 1282 4215 :
1315 4175 1379 4216 ea
1412 4176 1545 4216 vero
1572 4176 1694 4230 quae
1734 4176 1929 4218 conse-

343 4262 590 4322 quuntur
617 4266 712 4307 eos
734 4254 824 4322 qui
858 4265 956 4321 per
980 4252 1387 4307 contentionem
1433 4250 1679 4307 difﬁdunt
1708 4254 1925 4322 quidem

345 4343 593 4410 veritati,
644 4343 1021 4414 obtemperant
1077 4359 1206 4399 vero
1259 4345 1558 4415 iniquitati,
1596 4360 1703 4400 non
1752 4361 1783 4400 a
1816 4346 1927 4401 Deo

347 4437 491 4503 dari,
515 4437 675 4508 cujus
694 4438 834 4493 dona
887 4440 1071 4508 utique
1099 4441 1504 4509 permanentia,
1534 4449 1589 4495 et
1618 4440 1737 4509 ipso
1764 4439 1924 4508 digna

347 4537 523 4583 sunt:
556 4529 650 4584 sed
705 4543 776 4584 ex
826 4532 1212 4601 consequentia
1255 4541 1531 4603 gestorum
1578 4546 1799 4585 suorum
1840 4531 1926 4587 his

345 4626 443 4694 qui
476 4636 773 4695 operantur
806 4627 1033 4693 malum,
1082 4629 1164 4683 ira
1196 4638 1251 4685 et
1290 4628 1615 4699 indignatio,
1647 4628 1924 4684 tribulatio

2045 3443 2064 3478 t
2097 3426 2198 3492 Qui
2252 3442 2319 3482 ex
2375 3429 2724 3484 contentione
2778 3429 3034 3485 diffidunt
3085 3430 3304 3500 quidem
3365 3433 3611 3496 veritati,

2030 3518 2410 3589 obtemperant
2462 3528 2645 3576 autem
2699 3521 3041 3589 iniquitati,»
3093 3520 3469 3577 indiscussum
3510 3537 3611 3577 non

2031 3609 2373 3666 omittamus.
2405 3611 2462 3666 lu
2497 3612 2582 3667 his
2619 3612 2765 3667 enim
2805 3612 3034 3683 singulis
3066 3613 3359 3683 languores
3387 3614 3611 3683 quidam

2032 3705 2228 3758 animae
2254 3705 2322 3759 ab
2369 3703 2627 3776 Apostolo
2673 3706 3048 3777 designantur,
3082 3721 3311 3777 quorum
3345 3706 3613 3761 medelam

2036 3795 2222 3850 nullus
2274 3797 2534 3864 inveniet,
2578 3800 2680 3855 nisi
2732 3801 2883 3867 prius
2923 3800 3237 3855 morborum
3291 3797 3613 3869 cognoverit

2034 3902 2256 3944 causas.
2286 3889 2355 3944 Et
2390 3890 2519 3946 ideo
2559 3892 2614 3945 in
2665 3892 2864 3947 divinis
2906 3891 3210 3962 Scripturis
3257 3892 3615 3962 azgritudines

2032 3980 2235 4036 animm
2269 3993 2632 4038 numerantur
2663 3995 2718 4039 et
2747 3985 2982 4040 remedia
3010 3985 3424 4048 describuntur,
3472 3994 3529 4037 ut
3559 3982 3613 4036 hi

2031 4076 2128 4144 qui
2168 4088 2228 4128 se
2271 4075 2589 4145 apostolicis
2637 4078 2979 4133 subdiderint
3023 4077 3330 4145 disciplinis
3374 4076 3612 4146 (70),ex

2031 4164 2117 4220 his
2150 4180 2269 4235 qua:
2308 4166 2512 4236 scripta
2544 4175 2674 4222 sunt
2708 4169 2907 4239 agnitis
2946 4167 3298 4238 languoribus
3346 4167 3494 4232 suis,
3523 4181 3613 4219 cu-

2031 4257 2132 4313 rati
2163 4258 2378 4328 possint
2398 4260 2655 4314 dicereu
2686 4258 2894 4325 Lauda,
2926 4259 3108 4313 anima
3132 4273 3272 4325 mea,
3296 4257 3611 4320 Dominum,

2029 4351 2121 4421 qui
2144 4362 2305 4406 sanat
2326 4367 2517 4407 omnes
2540 4351 2833 4423 languores
2878 4363 2999 4407 tuos
3017 4351 3087 4405 '°.
3119 4369 3138 4403 ι
3176 4350 3327 4405 Unus
3370 4365 3512 4420 ergo
3547 4364 3611 4404 ex

2031 4442 2252 4497 caeteris
2286 4444 2481 4499 anima:
2537 4444 2786 4513 languor,
2809 4453 2866 4498 et
2891 4444 3110 4513 quidem
3141 4442 3441 4511 pessimus,
3482 4456 3610 4497 con-

2030 4535 2203 4589 tentio
2242 4550 2368 4591 esse
2401 4535 2745 4605 intelligenda
2775 4547 2879 4604 est,
2908 4549 3004 4605 per
3041 4550 3202 4606 quam
3258 4549 3427 4589 omne
3482 4548 3610 4605 opus

2031 4643 2256 4699 pravum
2292 4629 2523 4700 geritur.
2553 4629 2660 4684 Per
2694 4631 2839 4684 hanc
2879 4630 3117 4685 baareses
3160 4638 3492 4692 nascuntur,
3517 4641 3609 4695 per

345 4716 671 4785 etangustia
697 4717 824 4781 erit,
853 4718 1155 4773 secundum
1177 4733 1239 4774 ea
1271 4733 1392 4788 quae
1417 4720 1927 4775 thesaurizavernnt
1957 4720 2003 4776 Β
2032 4718 2171 4775 hanc
2195 4719 2518 4786 schismata,
2559 4729 2615 4774 et
2640 4719 2823 4775 omnia
2858 4720 3117 4776 scandala
3145 4720 3199 4774 in
3230 4718 3500 4775 Ecclesiis
3522 4734 3609 4790 ge-

344 4807 603 4878 sibiipei.
628 4806 765 4864 Nam
816 4809 1007 4879 utique
1057 4808 1203 4864 sicut
1246 4809 1320 4865 ibi
1361 4827 1382 4861 ι
1421 4810 1588 4864 vitam
1618 4820 1874 4866 aeternam
1900 4829 1919 4862 ι

340 4913 477 4955 casu
499 4901 816 4959 accusativo
846 4901 1169 4972 pratuierat,
1200 4901 1278 4957 ita
1323 4910 1380 4957 et
1405 4902 1495 4958 hic
1531 4902 1667 4957 iram
1698 4913 1755 4958 et
1783 4903 1925 4959 indi~

344 4992 681 5060 gnationem,
711 4993 1235 5065 tribulationemque
1251 5006 1307 5050 et
1334 4995 1637 5065 angustiam
1674 5010 1805 5051 casu
1830 5010 1922 5050 ac-

409 5116 455 5151 “
480 5118 637 5174 Joan.
665 5133 796 5185 xvu,
825 5120 879 5182 3.

417 5324 530 5396 (63)
583 5324 660 5398 lta
709 5340 839 5381 mss.
875 5327 1147 5398 plerique,
1194 5327 1325 5382 editi
1376 5324 1743 5398 etltabanus.
1791 5326 1923 5383 Mss.

346 5410 479 5450 vero
509 5397 755 5467 quidam.
794 5413 815 5446 ι
840 5396 938 5466 per
963 5396 1104 5453 hanc
1131 5397 1564 5462 observantiam,
1595 5396 1771 5463 illam,
1803 5410 1925 5467 qua

346 5468 856 5536 “resurrectione
887 5478 991 5536 est,
1021 5470 1304 5536 consequi,
1329 5486 1348 5520 ι
1388 5475 1495 5521 etc.

347 5534 529 5659 magi)
586 5553 605 5586 ι
639 5533 1016 5591 Secundum.)
1053 5533 1216 5594 Deest
1258 5541 1312 5594 in
1369 5553 1500 5593 mss.
1551 5536 1721 5608 Regio
1765 5555 1918 5595 num.

418 5624 506 5661 ου.

416 5674 532 5743 (6⁵5)
565 5673 730 5752 Editi,
764 5692 784 5726 ι
808 5676 1061 5752 credunt,
1089 5678 1171 5732 vel
1191 5691 1439 5752 quaerunt
1461 5682 1710 5752 gloriam.
1736 5700 1756 5733 ι
1784 5680 1914 5738 Mss.

344 5758 536 5798 omnes
566 5746 851 5810 omittunt,
884 5764 904 5796 t
924 5746 1282 5805 credunt.vel.
1318 5769 1338 5801 ι

414 5816 531 5882 (66)
585 5814 657 5868 Ita
690 5814 1089 5873 Geuebrardns.
1136 5820 1242 5873 Sed
1286 5822 1467 5875 caeteri
1512 5823 1639 5877 editi
1679 5834 1737 5878 et
1778 5837 1911 5877 mss.

347 5887 517 5956 nostri
546 5900 756 5951 omnes,
797 5904 816 5937 ι
842 5902 938 5956 per
962 5902 1114 5956 quos.
1152 5907 1170 5940 ι

417 5955 529 6035 (67)
546 5956 645 6013 Ms.
670 5955 874 6034 Regius
900 5955 1047 6013 nutu.
1076 5959 1236 6026 1659,
1275 5978 1291 6011 t
1318 5963 1461 6040 quod
1486 5959 1717 6038 Spiritus
1741 5964 1917 6039 loqui.
1960 5966 1967 5970 ’

2031 4817 2321 4878 nerantur,
2358 4812 2487 4867 dum
2536 4812 2593 4867 hi
2623 4813 2716 4882 qui
2760 4812 2905 4881 apud
2953 4812 3281 4881 semetipsos
3310 4811 3609 4879 prudentes

2032 4912 2185 4967 sunt,
2212 4912 2268 4957 et
2294 4904 2348 4957 in
2388 4914 2686 4975 conSpectu
2717 4920 2815 4962 suo
2846 4904 3125 4976 sapientes
3144 4905 3214 4971 ",
3250 4900 3609 4987 quidquid

2032 4996 2214 5052 buerit
2247 5012 2346 5067 pro
2375 4997 2495 5067 lege
2523 4996 2827 5055 defendunt
2855 5017 2871 5055 :
2910 5008 2965 5057 et
2990 5000 3116 5055 inde
3158 4999 3219 5053 iit
3252 5009 3311 5052 ut
3337 4995 3608 5052 diﬂidatur

855 5122 879 5197 ξ.
975 5120 1035 5197 _‘_‘
1054 5119 1201 5197 Psal.
1232 5120 1479 5197 va,_ll_.
1557 5121 1607 5197 ’ξ
1634 5119 1791 5197 Rom.
1818 5121 1929 5197 tt,__l

2134 5122 2180 5155 ⁸⁸
2205 5122 2398 5180 Matth.
2430 5138 2484 5190 ν,
2515 5124 2604 5180 18.
2679 5123 2724 5157 ⁸⁷
2756 5125 2916 5181 Rom.
2946 5139 3009 5190 ιι,
3038 5122 3093 5192 6,
3126 5124 3181 5181 7.
3254 5122 3302 5155 ⁸⁸
3326 5124 3345 5180 Ι
3371 5121 3511 5197 Reg.
3545 5138 3603 5187 ιι,

344 5187 435 5243 50.
500 5189 545 5221 ⁸⁸
583 5189 689 5248 lsa.
725 5205 781 5254 ι..
810 5191 897 5246 Η.
974 5190 1023 5223 ⁸⁰
1052 5190 1196 5247 Psal.
1226 5195 1324 5258 ett,
1351 5191 1408 5257 2,
1437 5191 1492 5244 ὅ.
1567 5191 1610 5223 ⁸¹
1643 5191 1750 5246 lsa.
1781 5206 1834 5256 v,
1861 5192 1952 5245 2t.

2030 5337 2144 5400 tur,
2168 5345 2188 5379 ι
2225 5336 2333 5383 etc.
2364 5328 2519 5384 Alter
2543 5328 2742 5400 Regius
2779 5346 2931 5386 num.
2985 5330 3145 5397 1640,
3182 5348 3200 5382 t
3236 5330 3329 5399 qui
3369 5330 3604 5400 Spiritus

2026 5397 2338 5479 loquatur,»
2372 5408 2478 5456 etc.
2509 5397 2828 5457 Sed'czeteri
2858 5416 3013 5469 mss.,
3036 5397 3290 5457 Rabanu's
3312 5410 3368 5456 ct
3395 5397 3526 5454 editi
3548 5412 3604 5453 ut

2024 5478 2079 5524 tn
2118 5478 2289 5525 textu.
2678 5514 2684 5518 -

2098 5540 2214 5614 (68)
2248 5540 2351 5597 Ms.
2384 5543 2589 5614 Regius
2612 5558 2764 5599 num.
2793 5542 2953 5611 1659,
2989 5562 3012 5614 ε
3041 5543 3184 5611 quod
3219 5541 3391 5611 iniqui
3414 5549 3601 5614 eunte;

2024 5609 2080 5692 in
2110 5609 2355 5692 ign’etnq
2398 5609 2591 5670 Cteteri
2635 5630 2766 5670 vero
2795 5609 2952 5680 mss.,
2985 5609 3241 5667 Ra‘banus
3282 5609 3337 5667 ei.
3376 5612 3505 5667 editi
3542 5619 3601 5664 u‘.

2024 5684 2077 5735 in
2105 5692 2295 5755 nostro
2322 5684 2501 5741 textu.
2810 5753 2843 5755 _
3348 5752 3371 5755 ,,

2094 5752 2207 5823 (69)
2245 5753 2323 5809 Ita
2350 5772 2485 5812 mss.
2526 5766 2580 5813 et
2625 5755 2781 5811 editi.
2809 5753 3067 5810 Rabanus
3113 5768 3267 5818 vero,
3304 5773 3322 5806 ι
3346 5752 3446 5821 Ite,
3478 5752 3594 5816 illu-

2019 5823 2226 5879 minate
2255 5827 2410 5892 ignes
2434 5837 2671 5893 vestros,
2699 5836 2754 5882 et
2780 5826 3074 5888 flammam,
3106 5847 3124 5877 ι
3156 5834 3261 5880 etc.

2092 5895 2204 5967 (70)
2239 5893 2650 5966 Ccuebrardus,
2689 5918 2708 5950 ι
2732 5895 3035 5971 discipulis,
3068 5918 3085 5949 ο
3125 5898 3284 5953 male.
