3754 6576
368 420 473 475 887

1813 417 2138 477 ORIGENIS

3550 421 3659 476 888

368 551 504 604 quos
542 518 662 607 ipse
692 536 825 594 dicit
852 538 905 592 in
932 537 1143 593 occulto
1170 536 1385 596 Judaeos
1419 537 1487 605 ",
1521 549 1689 595 restat
1716 549 1776 596 ut
1802 540 1956 597 ϐιω-
1984 551 2031 608 Α
2062 542 2114 596 ἰη
2171 542 2290 598 loco
2343 550 2617 613 ponuntur
2652 543 2732 611 hi,
2764 562 2785 597 ι
2814 545 2906 614 qui
2957 559 3024 600 ex
3065 543 3441 604 contentione,
3482 542 3663 615 ωδ

369 644 463 684 cos
500 632 735 703 gentiles
783 632 903 687 illos
927 633 1074 687 dicat
1100 672 1115 697 ,
1143 632 1235 701 qui
1284 633 1525 689 nondum
1582 630 1950 692 crediderunt.

372 720 479 777 Sed
515 723 787 791 quomodo
821 723 1112 793 Apostolus
1140 732 1346 778 tantam
1376 739 1524 793 spem
1550 724 1804 795 gentibus
1825 742 1959 781 non-

370 815 501 869 dum
553 817 903 871 credentibus
951 817 1135 888 ponit,
1180 833 1303 873 cutn
1348 818 1723 874 ecclesiastica
1769 804 1983 889 regula.

370 906 629 963 videatur
659 911 944 979 obsistere,
979 927 1100 982 quae
1132 913 1327 968 statuit
1357 922 1418 967 ut
1453 931 1473 965 ι
1514 914 1619 968 nisi
1651 914 1773 984 quis
1800 929 1961 968 rena-

375 1008 462 1054 tus
500 1001 663 1056 fuerit
696 1017 762 1056 ex
810 1018 950 1071 aqua
1000 1014 1055 1058 et
1082 1003 1285 1073 Spiritu
1320 1016 1511 1060 sancto
1534 1044 1550 1070 ,
1585 1020 1692 1059 non
1732 1023 1752 1057 ι
1789 1006 1959 1074 possit

380 1106 401 1140 ι
431 1093 658 1150 introire
679 1095 732 1149 in
755 1110 980 1165 regnum
1005 1097 1265 1152 cmlorum
1295 1096 1339 1130 "
1367 1115 1383 1162 ;
1422 1117 1441 1147 ι
1472 1108 1526 1152 et
1551 1099 1747 1152 iterum
1764 1096 1957 1152 Petrus

379 1183 434 1238 in
465 1185 694 1240 Actibus
725 1187 1091 1255 apostolorum
1122 1189 1188 1243 de
1227 1187 1451 1243 Christo
1500 1189 1822 1258 pronuntiat
1871 1189 1956 1243 di-

380 1289 514 1339 cens
548 1293 564 1330 :
604 1295 625 1329 ι
661 1276 847 1346 Neque
876 1279 1019 1333 enim
1068 1288 1152 1333 est
1198 1279 1343 1334 aliud
1376 1279 1543 1334 ullum
1602 1295 1798 1334 nomen
1852 1282 1955 1335 sub

379 1371 554 1432 cado.
599 1373 653 1427 in
686 1388 793 1443 quo
839 1384 1087 1443 oporteat
1117 1389 1218 1431 nos
1257 1377 1443 1433 salvos
1486 1377 1601 1432 lieri
1635 1378 1727 1432 7’?
1763 1396 1783 1430 ›
1814 1377 1960 1446 Quo-

380 1463 540 1517 modo
566 1476 695 1533 ergo
726 1464 815 1518 hic
849 1475 1040 1535 gentes
1063 1465 1250 1536 gloriae
1269 1508 1284 1533 ,
1313 1477 1369 1522 et
1395 1467 1620 1523 honoris
1641 1509 1657 1531 ,
1705 1477 1761 1523 et
1802 1468 1955 1536 pacis

380 1555 619 1609 secundo
656 1564 779 1625 post
814 1553 1033 1612 Iudaeos
1080 1557 1200 1613 loco
1226 1560 1522 1630 participes
1552 1560 1690 1616 facit
1716 1562 1808 1616 7'?
1847 1561 1953 1617 Sed

380 1647 662 1702 videamus
703 1663 772 1705 ne
809 1648 949 1703 forte
981 1651 1065 1703 illa
1098 1668 1219 1722 qua:
1247 1652 1387 1708 solet
1414 1655 1632 1710 bonitas
1652 1663 1706 1709 et
1730 1655 1956 1712 dulcedo

381 1741 473 1796 Dei
515 1742 775 1799 abscondi
824 1744 879 1799 in
930 1745 1239 1816 Scripturis
1277 1749 1482 1803 sanctis
1507 1791 1522 1815 ,
1552 1749 1757 1817 aliquid
1791 1750 1953 1805 etiam

380 1833 471 1888 hic
496 1835 752 1890 moliatur
772 1838 1068 1892 occultum.
1104 1839 1239 1894 Tres
1273 1841 1401 1895 mihi
1434 1842 1536 1896 hoc
1567 1841 1619 1895 in
1658 1841 1778 1897 loco
1805 1843 1954 1898 ordi-

2061 646 2116 690 et
2140 636 2233 706 qui
2258 635 2501 692 difﬁdunt
2529 638 2752 708 quidem
2778 638 3021 703 veritati,
3050 639 3441 705 obtemperant
3467 644 3660 689 auram

2061 726 2376 799 iniquitati;
2416 746 2436 781 ι
2474 729 2673 800 quibus
2708 748 2727 781 ι
2768 730 2847 785 ira
2883 742 2937 785 et
2986 730 3326 801 indignatio,
3366 729 3664 783 tribulatio

2059 826 2118 871 et
2142 819 2391 887 angustia
2424 817 2471 851 '°
2507 838 2525 870 ι
2553 819 2842 887 imminet;
2889 821 2940 875 id
2978 831 3085 887 est,
3124 820 3271 875 omni
3297 821 3503 873 anima:
3522 835 3653 885 ope-

2060 911 2200 963 ranti
2237 908 2348 981 (8i)
2381 910 2613 977 malum,
2650 911 2837 967 Judmo
2871 913 3140 983 primum,
3175 924 3233 967 et
3278 910 3498 966 Graeco.
3564 909 3662 964 llis

2058 1012 2238 1056 autem
2270 1002 2473 1057 eisdem
2514 1004 2678 1059 etiam
2723 1004 2990 1059 bonorum
3048 1004 3344 1059 retributio
3394 1002 3576 1058 tertio
3605 1002 3660 1055 in

2060 1095 2180 1149 loco
2218 1095 2333 1164 pari
2361 1111 2483 1150 cum
2515 1096 2863 1153 distinctione
2891 1098 3247 1167 promittitur,
3300 1111 3430 1151 cum
3480 1095 3658 1148 dicit:

2063 1204 2084 1236 ι
2123 1184 2309 1241 Gloria
2355 1194 2572 1253 autem,
2610 1197 2665 1243 et
2711 1189 2922 1252 honor,
2967 1197 3022 1243 et
3068 1204 3174 1258 pax
3207 1188 3356 1241 omni
3390 1186 3659 1257 aperanti

2059 1273 2285 1343 bonum,
2315 1275 2503 1332 διιόωο
2529 1278 2762 1347 primum
2796 1288 2848 1332 et
2868 1278 3059 1334 Graeco
3082 1278 3154 1333 ⁸⁸.
3188 1297 3208 1329 ι
3247 1277 3439 1344 Quod,
3470 1289 3535 1331 ut
3556 1291 3661 1345 ego

2058 1383 2258 1440 capere
2293 1384 2535 1440 possum,
2567 1375 2633 1427 de
2659 1370 2887 1437 Judmis,
2916 1383 2969 1427 et
2998 1373 3255 1443 gentibus
3281 1372 3444 1435 dicit,
3481 1372 3657 1425 utris-

2058 1474 2164 1529 que
2191 1463 2430 1515 nondum
2460 1452 2829 1517 credentibus.
2873 1461 3061 1516 Potest
3093 1464 3240 1517 enim
3274 1461 3394 1516 fieri
3420 1502 3442 1530 ,
3482 1472 3545 1514 ut
3576 1461 3658 1514 ve!

2058 1565 2125 1605 ex
2150 1551 2237 1604 bis
2272 1547 2362 1620 q'ui
2398 1551 2450 1605 in
2485 1550 2629 1623 Lege
2655 1561 2820 1618 sunt,
2870 1553 2914 1607 si
2951 1554 3072 1622 quis
3116 1552 3483 1621 persuasione
3535 1553 3661 1620 qui-

2058 1641 2179 1695 dem
2228 1641 2506 1698 communi
2566 1642 2679 1715 (82)
2725 1642 2942 1699 Christo
2987 1658 3093 1713 non
3149 1643 3362 1707 credit,
3390 1652 3659 1712 operetur

2059 1744 2238 1790 llllllen
2271 1739 2412 1807 quod
2445 1738 2645 1792 bonum
2668 1747 2776 1804 est,
2801 1737 3066 1809 justitiam
3096 1749 3300 1805 teneat,
3334 1740 3655 1794 misericor-

2055 1828 2199 1883 diam
2222 1830 2433 1901 diiigat,
2458 1831 2763 1886 castitatem
2788 1842 2843 1887 et
2862 1833 3253 1888 continentiam
3283 1844 3501 1898 servet,
3532 1850 3650 1887 mo-

382 1938 479 1979 nes
538 1924 734 1981 fecisse
775 1929 1348 1999 videturApostolus.
1388 1931 1573 1987 Primo
1618 1933 1760 1988 enim
1825 1934 1957 1988 dicit
1986 1920 2031 1980 Β
2059 1922 2288 1978 dcstiam
2331 1922 2720 1995 lenitatemque
2751 1924 3062 1990 custodiat,
3089 1933 3256 1995 atque
3295 1939 3470 1978 omne
3516 1940 3654 1989 opus

380 2015 451 2070 de
504 2016 610 2085 bis,
673 2036 692 2070 ι
731 2020 824 2089 qui
876 2023 1171 2078 secundum
1213 2024 1532 2092 patientiam
1585 2024 1713 2080 boni
1773 2026 1955 2095 cperis

379 2106 632 2175 gloriam,
660 2121 715 2164 et
740 2113 1027 2180 honorem,
1051 2124 1106 2169 et
1129 2116 1591 2185 incorruptionem
1620 2127 1894 2187 quaerunt,
1928 2137 1948 2172 ι

378 2200 521 2266 quod
557 2201 688 2271 ipsis
722 2206 899 2260 reddit
937 2206 1080 2262 Deus
1121 2226 1141 2256 σ
1187 2209 1353 2263 vitam
1396 2220 1656 2264 mternam
1681 2210 1750 2267 '".
1789 2231 1811 2264 ι
1855 2211 1957 2266 Pa-

380 2292 625 2348 tientiam
661 2306 860 2358 autem
915 2299 1037 2353 boni
1067 2301 1250 2369 operis
1307 2302 1358 2354 in
1419 2302 1525 2355 illis
1571 2316 1695 2358 esse
1742 2315 1953 2359 certum

380 2384 866 2456 cquuiagoncs,
917 2400 975 2443 et
1002 2393 1302 2445 certamina
1357 2392 1636 2459 perferunt
1691 2396 1950 2459 pietatis:

381 2476 528 2541 quod
574 2491 741 2545 supra
788 2481 1144 2549 exposuimus
1189 2483 1471 2538 evidenter
1516 2486 1582 2540 de
1625 2485 1955 2545 Christianis

382 2566 489 2620 dici
525 2565 665 2639 (78),
710 2571 851 2640 apud
895 2588 1032 2642 quos
1083 2582 1355 2644 martyres
1400 2576 1555 2631 ﬁniit.
1600 2577 1869 2633 Probatur
1902 2581 1952 2634 id

381 2656 547 2711 etiam
588 2673 686 2726 per
735 2662 838 2716 hoc
883 2666 1025 2732 quod
1057 2663 1316 2721 Dominus
1369 2668 1502 2722 dicit
1552 2668 1620 2722 ad
1652 2670 1951 2737 apostolos,

383 2749 508 2816 quia
536 2767 557 2802 ι
599 2751 1007 2809 tribulationem
1051 2757 1326 2814 habebitis
1371 2759 1425 2814 in
1471 2761 1574 2816 hoc
1619 2764 1853 2829 mundo,
1899 2774 1955 2819 et

380 2842 616 2896 mundus
646 2845 1014 2913 gratulabitur
1035 2890 1051 2915 ,
1082 2864 1178 2905 vos
1202 2858 1383 2905 autem
1409 2852 1661 2921 lugebitis
1689 2855 1737 2886 "
1772 2872 1787 2909 :
1829 2875 1849 2909 ι
1897 2865 1956 2911 et

381 2930 587 2987 addidit
611 2945 735 3002 post
762 2951 934 3005 pauca
970 2957 983 2993 :
1015 2958 1038 2993 ι
1080 2940 1136 2994 In
1168 2942 1427 3010 patientia
1479 2954 1656 2999 vestra
1701 2947 1953 3016 acquire-

378 3020 449 3075 tis
488 3023 699 3079 animas
745 3038 957 3083 vestras
985 3030 1058 3084 '°.
1108 3049 1128 3082 ι
1188 3031 1629 3088 Christianorum
1685 3050 1816 3106 ergo
1868 3047 1955 3092 est

378 3127 686 3180 pressuram
716 3119 826 3187 pati
855 3119 909 3174 in
940 3121 1044 3175 hoc
1078 3123 1307 3186 saeculo,
1355 3134 1412 3179 et
1461 3125 1684 3196 lugere,
1717 3144 1950 3197 quorum

377 3214 460 3260 cst
491 3207 600 3261 vita
640 3218 868 3266 aeterna.
896 3212 961 3267 Et
987 3215 1067 3268 vis
1115 3217 1259 3272 scire
1302 3220 1445 3287 quod
1497 3220 1695 3276 nullius
1725 3232 1808 3277 est
1843 3224 1951 3278 vita

2059 2014 2171 2086 (83)
2199 2015 2399 2070 bonum
2432 2025 2711 2086 Operetur,
2744 2017 2832 2072 hic
2859 2018 3071 2072 etiamsi
3102 2019 3270 2070 vitam
3316 2032 3428 2072 non
3481 2016 3652 2070 habet

2056 2118 2316 2163 aeternam
2339 2152 2354 2173 ,
2389 2110 2514 2178 quia
2558 2110 2790 2164 credens
2819 2108 2921 2163 soli
2944 2124 3074 2163 vero
3106 2109 3240 2173 Deo,
3262 2124 3377 2163 non
3410 2109 3650 2162 credidit

2056 2213 2109 2255 et
2134 2201 2275 2256 Filio
2300 2201 2417 2270 ejus
2449 2199 2580 2256 Jesu
2623 2201 2846 2255 Christo
2885 2215 3045 2269 quem
3083 2200 3268 2265 misit,
3308 2202 3652 2268 tamen’glo-

2058 2293 2139 2347 ria
2161 2308 2386 2363 operum
2408 2294 2551 2364 ejus,
2581 2302 2631 2347 et
2659 2308 2787 2362 pax,
2815 2304 2870 2347 et
2893 2293 3067 2347 honor
3087 2292 3287 2361 poterit
3308 2308 3421 2346 non
3446 2293 3656 2361 perire.

2058 2383 2162 2439 Sed
2187 2394 2242 2439 et
2274 2383 2497 2440 Graecus
2523 2424 2538 2450 ,
2566 2384 2620 2438 id
2650 2393 2735 2439 est
2758 2383 2980 2454 gentilis
3001 2424 3017 2449 ,
3063 2385 3107 2439 si
3135 2399 3261 2438 cum
3294 2382 3418 2453 (84)
3477 2381 3651 2451 legem

2056 2494 2162 2542 non
2195 2478 2413 2542 habeat,
2444 2481 2559 2548 ipse
2615 2477 2719 2533 sibi
2765 2486 2850 2533 est
2887 2477 2996 2545 lex,
3035 2479 3334 2532 ostendens
3356 2493 3503 2547 opus
3524 2475 3658 2546 legis

2058 2570 2112 2624 in
2153 2570 2316 2625 corde
2349 2586 2447 2625 suo
2464 2571 2532 2636 3’,
2574 2579 2628 2624 et
2647 2571 2879 2625 naturali
2920 2571 3132 2625 ratione
3176 2572 3472 2635 immotus,
3512 2571 3654 2624 sicut

2056 2662 2302 2716 videmus
2346 2661 2633 2716 nonnullos
2679 2663 2733 2716 in
2782 2663 3057 2731 gentibus,
3108 2661 3509 2729 veljustitiam
3564 2671 3645 2715 te-

2057 2764 2200 2817 neat,
2237 2753 2320 2808 vel
2342 2754 2647 2808 castitatem
2672 2762 2873 2821 servet,
2909 2754 2993 2807 vel
3018 2754 3397 2823 prudentiam,
3436 2763 3647 2822 tempe-

2057 2846 2326 2909 rantiam,
2379 2844 2814 2914 modestiamque
2865 2844 3179 2899 custodiat:
3214 2844 3322 2898 iste
3347 2843 3485 2898 licet
3522 2842 3653 2896 alie-

2056 2954 2158 2993 nus
2191 2954 2220 2991 a
2254 2940 2362 2992 vita
2390 2936 2641 2999 videatur
2659 2944 2887 3002 aeterna,
2915 2936 3043 3005 quia
3075 2951 3180 2991 non
3200 2936 3383 2990 credit
3408 2934 3650 2999 Christo,

2056 3041 2111 3085 et
2145 3031 2353 3084 intrare
2381 3045 2488 3085 non
2530 3029 2706 3098 possit
2737 3029 2790 3082 in
2822 3043 3049 3099 regnum
3079 3029 3369 3091 caelorum,
3408 3028 3545 3098 quia
3573 3043 3653 3081 re-

2056 3131 2215 3177 natus
2258 3138 2362 3175 non
2400 3130 2485 3176 est
2528 3136 2596 3176 ex
2639 3135 2779 3191 aqua
2803 3131 2859 3175 et
2907 3120 3115 3189 Spiritu
3164 3120 3235 3186 ⁸³,
3289 3120 3525 3174 videtur
3576 3130 3652 3172 ta-

2058 3231 2180 3270 men
2212 3214 2323 3286 (85)
2358 3214 2505 3284 quod
2538 3228 2636 3284 per
2666 3215 2781 3268 haec
2810 3228 2933 3284 quae
2958 3214 3213 3267 dicuntur
3244 3212 3315 3267 ab
3354 3213 3647 3282 Apostolo.

375 3309 607 3365 aeterna,
656 3301 761 3357 nisi
811 3303 930 3371 ejus
979 3306 1071 3374 qui
1125 3308 1317 3361 credat
1365 3311 1417 3363 in
1453 3309 1776 3368 Christum?
1811 3315 1951 3370 Audi
1979 3289 2020 3344 θ
2058 3309 2325 3364 bonorum
2351 3321 2575 3376 operum
2604 3305 2831 3377 g'Ol'iam
2857 3346 2874 3371 ο
2920 3316 2975 3360 ει
3013 3306 3274 3360 honorem
3303 3345 3319 3370 ο
3360 3314 3425 3358 ει
3460 3320 3647 3375 βδεοω

377 3387 680 3446 Salvatoris
713 3392 881 3463 ipsius
909 3410 1096 3451 vocem
1130 3397 1408 3455 evidenter
1439 3400 1494 3454 in
1529 3400 1836 3474 Evangeliis
1864 3405 1953 3463 de-

377 3485 685 3555 signantem
722 3509 735 3542 :
770 3508 791 3540 ι
831 3488 956 3544 Haec
1001 3499 1085 3545 est
1123 3501 1305 3546 autem
1337 3494 1447 3549 vita
1477 3504 1716 3563 aeterna,
1760 3507 1819 3553 ut
1859 3515 1949 3554 co-

378 3584 649 3643 gnoscant
700 3587 752 3633 te
801 3579 973 3634 solum
1002 3596 1189 3636 verum
1232 3582 1433 3651 Deum,
1465 3594 1521 3641 et
1552 3602 1711 3656 quem
1748 3589 1946 3645 misisti

374 3665 564 3722 Jesum
595 3668 872 3726 Christum
899 3673 964 3727 τ’.
997 3693 1016 3725 ι
1073 3672 1264 3730 Omnis
1300 3690 1433 3745 ergo
1467 3678 1561 3749 qui
1597 3694 1703 3734 non
1732 3684 1954 3750 agnovit

375 3757 596 3816 Patrem
630 3763 806 3817 solum
839 3778 1024 3820 verum
1053 3765 1245 3834 Deum,
1285 3777 1341 3824 et
1368 3769 1562 3824 Filium
1599 3770 1736 3839 ejus,
1765 3771 1950 3829 Jesum

376 3850 677 3918 Christum,
709 3855 919 3911 alienus
943 3867 1025 3912 est
1046 3858 1114 3913 ab
1140 3860 1447 3916 aeternitate
1471 3862 1618 3917 vitaz.
1651 3862 1776 3918 "me
1803 3866 1950 3919 enim

376 3940 489 4010 ipsa
509 3944 715 4014 agnitio
734 3956 791 4000 et
811 3945 944 4003 ﬁdes
957 3949 1064 4003 vita
1089 3964 1212 4006 esse
1235 3950 1550 4021 designatur
1578 3963 1804 4009 aeterna.
1854 3954 1952 4009 Est

375 4035 539 4107 igitur
558 4038 763 4107 primus
802 4041 915 4111 (79)
941 4041 1029 4097 hic
1070 4042 1511 4099 Christianorum
1548 4044 1719 4111 locus,
1751 4048 1953 4117 quibus

372 4138 474 4194 per
497 4129 816 4195 patientiam
855 4131 984 4186 boni
1025 4134 1209 4203 operis
1247 4134 1513 4203 gloriam,
1563 4144 1618 4192 et
1663 4139 1948 4205 honorem,

375 4227 433 4273 et
463 4219 930 4291 incorruptionem
962 4228 1331 4294 quaerentibus
1362 4230 1473 4284 vita
1517 4241 1722 4286 :eterna
1758 4233 1952 4289 redde-

375 4320 465 4366 tur
496 4312 566 4379 ⁷⁸,
595 4314 681 4369 illa
708 4316 827 4372 sine
858 4318 1020 4373 dubio
1047 4321 1139 4389 qui
1167 4322 1301 4377 dicit
1328 4339 1343 4375 :
1385 4342 1405 4375 ι
1437 4323 1549 4395 Ego
1569 4341 1687 4380 sum
1719 4327 1828 4392 via,
1860 4343 1951 4383 ve-

380 4404 537 4469 ritas,
565 4415 622 4479 et
644 4407 752 4461 vita
780 4409 849 4463 ".
890 4429 909 4462 ι
938 4410 994 4464 Ιιι
1022 4410 1242 4468 Christo
1266 4424 1468 4479 autem,
1493 4417 1585 4485 qui
1616 4418 1724 4471 vita
1749 4426 1948 4473 aeterna

375 4505 480 4562 est,
513 4497 776 4553 bonorum
803 4500 1043 4556 omnium
1082 4514 1165 4558 est
1209 4504 1491 4573 plenitudo
1517 4506 1653 4580 (80).
1698 4508 1949 4566 Secundo

2056 3400 2291 3469 perdere
2320 3399 2537 3469 penitus
2570 3413 2676 3452 non
2707 3398 2897 3467 possit.
2953 3395 3009 3450 Si
3045 3394 3190 3450 enim
3222 3395 3546 3449 secundum
3589 3408 3647 3445 ea

2056 3508 2176 3563 qua:
2208 3493 2262 3546 in
2310 3491 2687 3561 superioribus
2716 3488 3102 3554 disseruimus,
3150 3488 3369 3541 videtur
3400 3488 3650 3557 Aposto-

2055 3587 2139 3642 ius
2166 3586 2530 3641 condemnare
2552 3582 2818 3653 gentiles,
2866 3596 2934 3636 ex
2964 3596 3031 3636 eo
3076 3580 3217 3651 quod
3267 3579 3517 3634 naturali
3568 3579 3646 3632 in-

2057 3677 2354 3749 telligentia
2378 3692 2503 3732 cum
2533 3673 3124 3747 cognovisseutDeum,
3162 3686 3267 3726 non
3287 3671 3440 3725 sicut
3470 3670 3645 3725 Deum

2055 3770 2537 3841 magnilicaverunt
2549 3766 2619 3833 “,
2635 3767 2904 3837 quomodo
2922 3780 3028 3819 non
3047 3774 3300 3833 putamus
3310 3763 3463 3834 quod
3478 3764 3643 3817 etiam

2055 3860 2370 3915 collaudare
2400 3874 2494 3914 eos
2518 3859 2724 3928 possit,
2755 3864 2810 3910 et
2857 3857 3054 3911 debeat
3075 3896 3091 3921 ,
3120 3856 3164 3910 si
3196 3855 3291 3924 qui
3346 3854 3406 3909 in
3438 3854 3527 3909 his
3553 3868 3647 3908 eo-

2053 3962 2377 4022 guoscentes
2405 3951 2598 4016 Deum,
2644 3949 2785 4004 sicut
2816 3948 2983 4003 Deum
3035 3947 3429 4018 magnilicent?
3469 3946 3645 4001 Dubi-

2054 4046 2155 4099 tari
2209 4045 2374 4114 igitur
2432 4059 2538 4099 non
2582 4053 2712 4113 puto
2764 4043 2908 4112 quod
2956 4041 3003 4095 is
3044 4041 3135 4110 qui
3170 4056 3267 4111 pro
3300 4039 3448 4095 malo
3474 4056 3643 4111 apere

2053 4137 2405 4192 condemnari
2433 4136 2748 4201 meruisset,
2786 4136 2926 4190 idem
2956 4134 3000 4188 si
3029 4145 3287 4204 cperatus
3314 4143 3467 4188 esset
3502 4150 3643 4203 opus

2052 4230 2253 4284 bonum
2285 4227 2422 4300 (86),
2454 4229 2891 4283 remuneratione
2917 4227 3040 4282 boni
3078 4228 3261 4296 operis
3306 4226 3509 4297 dignus
3552 4228 3645 4281 ha-

2053 4323 2294 4377 beretur.
2328 4323 2488 4379 Vides
2516 4323 2660 4377 enim
2693 4320 3303 4390 dieentemApostolum
3332 4318 3476 4391 (87),
3506 4320 3638 4390 quia

2059 4431 2079 4465 ι
2117 4429 2309 4469 omnes
2352 4430 2450 4470 nos
2492 4423 2640 4469 stare
2677 4424 2895 4484 oportet
2926 4424 3056 4467 ante
3115 4412 3352 4467 tribunal
3405 4412 3639 4474 Christi,

2054 4518 2115 4564 ut
2158 4518 2403 4580 reportet
2457 4513 2831 4582 unusquisque
2869 4509 3090 4578 propria
3140 4505 3387 4575 corporis
3412 4544 3431 4572 ,
3473 4514 3640 4575 prout

445 4662 492 4694 '°
528 4660 687 4735 Brom.
725 4680 786 4735 ιι,
821 4663 911 4721 29.
987 4666 1030 4696 τί
1070 4662 1226 4722 Joan.
1271 4683 1353 4731 ιιι,
1385 4671 1437 4725 5.
1514 4673 1559 4705 ⁷³
1597 4645 1926 4734 Act.lv.12.

2111 4673 2239 4726 iom.
2273 4670 2444 4735 ",10.
2519 4671 2566 4704 ⁷⁵
2599 4672 2730 4726 ibid.
2764 4671 2816 4725 7.
2890 4668 3099 4726 "Joan.
3121 4668 3349 4735 xvt,20.
3426 4666 3477 4699 ⁷⁸
3495 4665 3636 4723 an.

374 4749 488 4806 χιι,
520 4734 634 4806 l_9._
683 4736 726 4766 ⁷⁷
743 4732 899 4789 Joan.
934 4751 1067 4806 xvn.
1091 4737 1144 4806 5.
1222 4741 1267 4772 ⁷⁸
1292 4740 1448 4795 Rom.
1482 4758 1542 4806 ιι,
1576 4742 1629 4800 7.

374 4805 460 4859 15.
538 4804 584 4836 ⁸³
604 4804 762 4862 Joan.
790 4821 871 4872 tu,
909 4806 964 4861 ὅ.
1032 4805 1079 4838 ⁸*
1104 4805 1258 4864 Rom.
1286 4824 1324 4877 ι,
1348 4810 1437 4866 ⁸21.

1726 4742 1920 4799 7’Joan

2132 4744 2188 4798 6.
2265 4743 2310 4775 ⁸⁸
2349 4742 2507 4796 Rom.
2550 4758 2611 4808 ιι,
2649 4742 2703 4807 8,
2735 4744 2790 4797 9.
2867 4742 2911 4772 ⁸⁸
2935 4742 3071 4796 ibid.
3107 4741 3200 4795 10.
3273 4741 3321 4770 ⁸⁸
3366 4738 3506 4793 ibid.
3546 4738 3633 4799 14,

444 4896 559 4973 (78)
585 4897 746 4964 Editi,
772 4918 790 4949 ι
821 4900 964 4968 quod
992 4914 1157 4973 supra
1186 4900 1426 4958 diximus
1449 4911 1503 4959 et
1529 4904 1943 4973 exposuimus...
1979 4907 2022 4962 ι)
2054 4899 2247 4973 thteri
2281 4914 2411 4953 vero
2441 4899 2573 4973 editi
2594 4908 2650 4953 et
2672 4913 2780 4953 ms.
2805 4897 3093 4965 unus;al.,
3123 4916 3141 4950 ι
3171 4897 3583 4967 commonitus;
3611 4919 3631 4952 ι

373 4969 514 5041 apu_d
547 4984 684 5038 quos
716 4981 987 5041 martyres
1023 4971 1272 5026 iuerint:
1316 4991 1336 5024 ι
1409 4974 1502 5028 sed
1565 4969 1754 5030 oiunes
1808 4989 1939 5029 mss.

372 5049 429 5115 et
462 5038 808 5115 Rabanusut
845 5038 915 5115 in
932 5049 1103 5115 textu.
1141 5041 1348 5115 Deinde
1381 5059 1513 5115 mss.
1544 5046 1811 5115 plerique,
1843 5044 1943 5097 lia-

372 5108 549 5185 banus
573 5119 629 5165 et
651 5112 853 5185 editi,__r
884 5110 1156 5185 Probatur
1182 5132 1202 5164 ι
1229 5112 1332 5185 (al.
1356 5133 1375 5165 ι
1401 5108 1730 5185 Ρνοιιὶιιιιιιτ)
1762 5125 1941 5185 autem

372 5180 746 5255 etiam,_r__e_tc.
800 5181 915 5255 Sed
959 5183 1165 5255 rectior
1192 5184 1407 5255 videtur
1449 5186 1613 5239 lectio
1646 5180 1750 5239 ms.
1786 5184 1939 5255 Regii

376 5249 713 5319 num.i659,
752 5271 770 5303 ι
802 5251 1062 5319 probatur
1087 5254 1139 5306 id
1169 5254 1354 5315 etiam,
1387 5273 1405 5306 ι
1442 5264 1553 5310 etc.
1853 5299 1867 5317 .

444 5316 557 5389 (79)
592 5320 668 5374 lta
716 5316 870 5388 editi,
912 5332 969 5377 et
1012 5322 1095 5393 sic
1125 5323 1424 5393 legendum
1461 5326 1695 5380 videtur.
1739 5316 1943 5380 Omnes

374 5399 557 5512 :alllell
589 5405 722 5447 mss.
746 5393 920 5448 nostri
948 5401 1005 5448 et
1036 5390 1317 5460 Rabauus,
1342 5407 1455 5451 «est
1483 5396 1646 5466 igitur
1674 5395 1945 5466 plurimus

392 5473 482 5512 uc.
504 5477 524 5512 ι
551 5470 657 5512 etc.

392 5473 482 5522 uc,
504 5477 524 5512 ι
551 5470 657 5516 etc.

443 5529 556 5607 (80)
604 5532 775 5607 Alias,
828 5551 849 5584 ι
894 5534 1164 5589 bonorum
1210 5538 1387 5593 omnis
1432 5548 1514 5592 est
1562 5535 1868 5607 plenitudo,
1918 5557 1937 5590 ι

372 5601 503 5654 editi
536 5601 837 5657 emittuntr
861 5614 967 5659 est.
1001 5624 1022 5657 ι

444 5671 558 5750 (8.1)
582 5670 681 5729 Ms.
712 5671 914 5750 Regius
949 5691 1101 5730 num.
1125 5677 1298 5750 Δ1639,
1337 5696 1358 5729 ι
1390 5678 1539 5732 omni
1574 5677 1782 5750 homini
1813 5694 1943 5750 ope-

370 5744 539 5810 ranti,
589 5763 608 5795 ι
654 5754 764 5799 etc.
800 5744 907 5799 Sed
956 5747 1140 5802 caeteri
1172 5744 1300 5804 mss.
1347 5758 1401 5803 et
1432 5750 1560 5804 editi
1602 5758 1659 5802 ut
1691 5749 1743 5803 in
1774 5744 1944 5803 textu.

371 5810 648 5887 Haliartus,
676 5830 984 5884 perperam,
1013 5834 1032 5867 ι
1063 5820 1210 5871 omni
1245 5820 1298 5873 in
1333 5836 1418 5873 me
1460 5822 1730 5887 operanti,
1769 5840 1785 5871 ι
1836 5831 1943 5875 ctc.

442 5884 553 5954 (3:!)
592 5886 681 5942 Sic
718 5902 851 5944 mss.
892 5887 1161 5960 plerique,
1193 5888 1450 5946 Rabanus
1496 5884 1549 5945 et
1595 5884 1941 5946 Salodiauus.

2052 4971 2148 5033 al.,
2178 4988 2198 5022 ι
2227 4970 2617 5025 communitus.
2643 4987 2664 5020 ι

2124 5039 2235 5114 (δεῇ)
2278 5058 2298 5114 ς
2334 5037 2504 5110 Opus.
2538 5039 2643 5114 »_|n
2676 5037 2846 5114 editis
2877 5038 3164 5114 omittitur.

2123 5106 2239 5182 (84)
2278 5111 2352 5182 Ita
2382 5106 2508 5165 'ms.
2558 5108 2770 5182 Regius
2815 5109 3172 5182 ιιιιιιιιίϐὅῑ).
3214 5106 3634 5182 ᾹΙιθιγΙιθείυε

2054 5177 2371 5235 ιιιιιιι.’1641
2409 5183 2595 5245 habet,
2626 5177 2773 5234 (sed
2797 5181 2918 5234 etsi
2946 5177 3168 5234 Graecus
3313 5180 3407 5244 qui
3430 5177 3586 5245 cum,
3608 5201 3627 5233 ι

2052 5261 2157 5306 etc.
2200 5251 2391 5306 Caeteri
2428 5266 2588 5317 mss.,
2617 5249 2875 5304 Babanus
2918 5259 2974 5305 et
3004 5249 3156 5313 editi,
3203 5265 3223 5300 ι
3265 5249 3360 5303 sed
3387 5258 3445 5303 et
3482 5249 3633 5305 Gr:-

2052 5337 2150 5374 cus
2292 5324 2384 5389 qui
2419 5337 2563 5386 cum,
2596 5343 2615 5373 ι
2649 5332 2757 5378 etc.

2123 5390 2235 5464 (85)
2269 5387 2744 5464 «Tamett.rDeest
2774 5395 2825 5446 in
2846 5391 3008 5464 editis
3025 5400 3076 5446 et
3107 5392 3159 5444 in
3172 5387 3455 5464 plerisque
3477 5407 3591 5447 mss
3616 5432 3632 5455 ,

2051 5476 2261 5584 Becuon
2293 5476 2347 5519 et
2383 5465 2522 5533 apud
2558 5463 2840 5518 Babanum
2867 5479 2883 5528 ;
2910 5463 3005 5517 scd
3053 5463 3362 5516 restituitur
3386 5476 3459 5515 ex
3494 5464 3630 5516 duo.

2090 5548 2153 5584 us
2186 5550 2318 5584 mss.

2090 5548 2153 5587 US
2186 5550 2318 5589 mss.

2127 5603 2241 5677 (86)
2270 5603 2489 5677 Editi”
2526 5605 2667 5677 idem
2697 5603 2743 5658 si
2770 5613 3033 5677 operatur
3059 5604 3283 5677 bonum;
3315 5620 3335 5653 ι
3364 5600 3441 5677 ita
3466 5603 3631 5656 etiam

2057 5672 2337 5739 Rabanus,
2372 5676 2465 5744 qui
2498 5676 2700 5729 omittit
2746 5694 2764 5726 ι
2810 5672 2979 5729 idem.
3027 5694 3046 5725 ι
3109 5673 3208 5728 Ms.
3247 5672 3455 5744 Regius
3479 5689 3608 5726 num

2060 5745 2217 5811 1659,
2262 5765 2282 5798 ι
2314 5743 2455 5800 idem
2488 5749 2534 5800 si
2573 5757 2899 5814 operaretur
2939 5746 3165 5799 bonum.
3221 5764 3240 5796 ι
3296 5743 3403 5798 Sed
3443 5756 3628 5800 caten

2056 5832 2186 5871 mss.
2225 5829 2283 5871 ut
2312 5818 2364 5869 in
2397 5827 2584 5871 nostro
2607 5826 2778 5871 textu.

2127 5888 2242 5959 (87)
2275 5891 2352 5945 lta
2395 5904 2528 5945 mss.
2584 5887 2831 5958 plerique
2875 5896 2930 5943 et
2966 5886 3244 5942 Rabanus.
3298 5885 3624 5942 Salodianus
