3754 6542
60 408 182 465 889

1039 413 1399 473 COMMENT.
1440 414 1506 473 IN
1542 374 1770 473 Ἐὶιετ.
1812 415 1904 471 ιιι)
1942 414 2112 473 non.
2153 416 2281 471 LIB.
2322 415 2388 470 ιι.

3238 416 3345 474 ειν)

57 529 279 597 gessit,
331 529 446 586 sive
490 528 715 597 bonum,
764 530 880 588 sive
925 535 1124 591 malum
1166 539 1234 592 ⁸⁸.
1262 560 1281 591 ι
1335 539 1463 593 Inde
1519 537 1666 593 deni-
1694 543 1741 600 Α
1767 555 1863 609 per
1892 541 2010 597 haec
2041 540 2347 597 evidentior
2382 539 2478 594 ﬁat
2506 536 2821 609 explanatio
2862 539 3137 608 quomodo
3172 538 3342 594 .luda-i

59 632 182 687 que
209 627 300 672 est
329 619 474 688 quod
500 629 557 675 et
583 621 637 675 iu
674 622 777 678 hoc
809 622 928 679 loco
969 626 1246 699 subiungit
1277 647 1292 684 :
1330 647 1349 680 ι
1377 629 1492 685 Νοιι
1514 633 1661 686 ειιὶιιι

59 724 446 778 personarum
488 713 735 783 acceptio
772 724 856 770 est
886 718 1027 787 apud
1074 720 1238 774 Deum
1273 723 1339 777 ⁸⁸.
1370 742 1389 774 ι
1417 724 1568 791 Quod
1607 726 1653 780 si

61 800 255 856 adhuc
282 803 380 857 tibi
417 803 638 859 dubium
668 807 904 876 videtur,
928 811 1053 865 audi
1091 823 1144 867 et
1172 813 1362 870 Petrus
1388 816 1515 885 quid
1548 818 1661 890 (88)

62 891 119 979 in
156 890 401 947 Actibus
420 895 780 963 apostolorum
809 901 1141 967 pronuntiet,
1165 920 1287 959 cum
1313 907 1380 961 ad
1407 909 1660 979 gentilem

58 975 392 1033 Cornelium
428 979 619 1037 fuisset
641 983 959 1054 ingressus:
1003 1009 1022 1042 σ
1049 975 1431 1063 Compertum,
1464 998 1659 1068 inquit,

64 1069 253 1123 habeo
291 1073 441 1139 quod
476 1071 617 1129 Deus
646 1091 1003 1145 personarum
1032 1097 1286 1154 acceptor
1310 1103 1414 1142 non
1440 1100 1540 1157 est,
1567 1095 1660 1148 sed

64 1159 119 1211 in
162 1163 326 1258 omni
368 1162 503 1225 loco,
541 1175 597 1220 et
632 1166 695 1220 in
726 1171 872 1223 omni
903 1185 1088 1244 gente,
1119 1178 1209 1244 qui
1246 1168 1379 1233 facit
1404 1182 1657 1241 volunta-

66 1256 178 1299 tem
210 1256 362 1346 e-j‘us,
392 1263 646 1346 acceptus
677 1266 763 1312 est
791 1259 841 1314 ei
864 1261 931 1316 ⁸⁷.
972 1283 991 1315 ι
1032 1265 1140 1319 Sed
1171 1266 1334 1338 objici
1381 1273 1538 1330 nobis
1564 1291 1661 1346 po-

64 1348 177 1391 test
210 1339 352 1395 illud
378 1345 521 1413 quod
552 1346 815 1407 Dominus
850 1353 903 1407 in
942 1355 1237 1425 Evangelia
1269 1362 1436 1419 dicit:
1480 1386 1498 1419 ι
1525 1339 1655 1424 O'm-

64 1430 150 1483 nis
178 1432 279 1498 qui
311 1436 485 1489 credit
533 1437 587 1491 in
636 1455 743 1505 me,
795 1460 901 1500 non
931 1447 1286 1516 iudicabitur.
1333 1456 1433 1525 Qui
1472 1456 1654 1516 autem

66 1540 177 1578 non
202 1529 419 1628 .credit,
459 1531 571 1599 jam
616 1534 892 1599 judicatus
930 1551 1037 1609 est,
1079 1546 1204 1613 quia
1239 1563 1343 1603 non
1396 1554 1572 1607 credit
1601 1556 1654 1609 in

66 1621 303 1713 nomine
335 1621 598 1713 unigeniti
635 1624 757 1680 Filii
795 1627 886 1683 Dei
909 1629 977 1684 ⁸⁸.
1010 1650 1030 1684 ι
1063 1631 1170 1689 Sed
1195 1636 1475 1696 videamus
1517 1658 1656 1713 quo-

67 1707 235 1761 modo
266 1724 377 1762 non
400 1710 711 1779 iudicamur
736 1718 829 1787 qui
849 1722 1124 1778 credimus
1141 1724 1383 1794 Christo,
1416 1741 1477 1786 ut
1510 1707 1655 1787 scia-

64 1813 185 1854 mus
218 1805 501 1870 quomodo
550 1816 606 1861 et
683 1809 771 1864 ille
809 1811 923 1879 jam
970 1813 1249 1883 judicatus
1295 1820 1364 1874 sit
1396 1823 1490 1890 qui
1544 1839 1649 1879 non

1770 632 1967 701 primo,
2019 630 2215 686 deinde
2249 628 2424 685 Graeci
2478 636 2758 698 ponuntur
2799 628 2870 683 ab
2917 628 3199 697 Apostoio.
3235 627 3344 686 Sed

1770 734 1951 780 tamen
1974 725 2026 778 in
2044 722 2526 791 arbitrio‘legentis
2548 722 2623 777 sit
2639 719 3008 790 proharequa:
3029 718 3174 774 dicta
3193 729 3337 774 sunt.

1764 817 1877 872 Nos
1892 826 2072 872 autem
2093 817 2247 887 plura
2265 814 2592 871 adduximus
2617 815 2670 869 in
2694 821 3011 879 tractatum,
3040 828 3106 867 ne
3124 813 3256 881 quid
3278 816 3344 868 de

1762 909 2004 980 Apostoli
2032 924 2195 964 sensu
2220 909 2584 964 indiscussum
2603 907 2917 976 relinquere
2939 905 3272 960 videremur.

1832 1001 1998 1075 ωε
2026 1001 2083 1056 8.
2129 1020 2148 1053 ι
2182 1001 2502 1067 Quicunque
2555 999 2703 1054 enim
2754 999 2873 1054 sine
2904 999 3026 1068 lege
3076 1011 3342 1067 peccave-

1762 1105 1909 1159 runt,
1938 1096 2055 1149 sine
2080 1093 2197 1163 lege
2223 1093 2582 1162 ebperibunt,
2602 1100 2657 1145 et
2679 1098 2951 1160 quotquot
2980 1091 3032 1142 in
3068 1087 3189 1157 lege
3218 1103 3347 1155 pec-

1761 1195 2046 1252 caverunt,
2079 1201 2177 1255 per
2209 1184 2379 1256 legem
2401 1183 2818 1252 jutlicabuntur.
2845 1180 2961 1235 Non
2993 1181 3139 1236 enim
3189 1180 3345 1233 audi-

1761 1289 1906 1335 tores
1939 1279 2073 1349 legis
2098 1278 2232 1348 justi
2264 1287 2389 1333 sunt
2426 1277 2566 1345 apud
2596 1275 2789 1338 Deum,
2820 1276 2913 1330 sed
2947 1274 3181 1328 factores
3207 1272 3343 1342 legis

1755 1372 2201 1443 justilicabuntur
2225 1370 2292 1424 ".
2331 1389 2349 1422 ι
2403 1369 2536 1423 Cum
2580 1368 2728 1421 dicat
2778 1366 3073 1436 Apostolus
3110 1379 3204 1418 eos
3247 1363 3338 1432 qui

1757 1466 1875 1520 sine
1903 1466 2018 1535 lege
2044 1471 2425 1534 peccaverunt,
2463 1462 2585 1516 sine
2621 1459 2738 1526 lege
2781 1458 3076 1527 perituros,
3106 1455 3340 1524 requiri-

1759 1559 1899 1613 ritur
1936 1569 2117 1612 utrum
2148 1558 2217 1612 de
2258 1556 2374 1610 sola
2412 1554 2583 1625 Moysi
2621 1553 2739 1625 lege
2785 1552 3196 1619 intelligendum
3247 1548 3336 1609 sit,

1757 1664 1823 1703 an
1846 1658 1902 1704 et
1930 1649 1995 1703 de
2027 1648 2142 1719 lege
2189 1647 2415 1712 Christi,
2447 1644 2533 1699 vel
2564 1645 2727 1698 etiam
2772 1645 2839 1696 de
2872 1653 3193 1710 quacunque
3234 1640 3339 1691 hu-

1756 1757 1915 1798 mana
1941 1741 2058 1812 lege
2085 1741 2184 1796 sub
2205 1756 2312 1809 qua
2336 1748 2791 1807 utrumquemque
2817 1732 3126 1789 mortalium
3155 1731 3339 1786 vivere

1755 1833 2040 1905 contingit,
2076 1832 2218 1902 quod
2250 1831 2546 1888 secundum
2580 1830 2752 1898 ipsam
2780 1826 3018 1895 judicari
3040 1824 3217 1891 possit
3243 1824 3336 1891 qui

64 1893 269 1993 ξξείξίι·
322 1894 724 1967 Numquidnam
777 1910 1038 1971 llum“us
1099 1909 1190 1978 (Ιυί
1252 1913 1545 1969 “unde?”
1598 1918 1651 1970 in
1685 1894 1728 1948 Β
1758 1927 1811 1980 in
1838 1940 1899 1980 ea
1931 1893 2160 1993 peccat:
2200 1937 2269 1975 an
2312 1921 2403 1991 qui
2428 1930 2585 1973 extra
2603 1893 2793 1973 solam
2828 1914 3000 1987 Moysi
3030 1913 3202 1982 legent
3230 1921 3338 1975 est,

64 1986 320 2055 Christo,
352 1998 411 2044 et
454 2001 581 2059 post
614 1992 719 2046 hoc
767 1994 1144 2062 homicidium,
1198 2000 1283 2054 vel
1323 2003 1650 2059 adulterium

64 2082 435 2146 commiserit,
482 2092 575 2137 aut
617 2082 812 2138 falsum
862 2087 1244 2144 testimonium
1289 2093 1510 2159 dixerit,
1560 2107 1654 2152 aut

62 2170 274 2248 aliquid
304 2172 614 2247 hujusmudi
648 2176 905 2245 gesserit,
937 2192 1059 2246 quae
1088 2193 1475 2252 nonnunquam
1506 2186 1653 2242 vide-

62 2286 178 2325 mus
210 2272 514 2347 admittere
542 2272 708 2327 etiam
747 2268 961 2341 ﬁdeles,
992 2271 1119 2344 quia
1153 2288 1253 2343 pro
1282 2275 1366 2330 bis
1394 2275 1505 2347 jam
1541 2294 1649 2334 non

57 2359 403 2429 indicabitur
450 2361 543 2431 qui
596 2362 831 2417 credidit
877 2364 930 2418 in
989 2363 1213 2422 Christo
1251 2364 1275 2418 ἲ
1316 2364 1538 2422 Certum
1566 2379 1652 2425 est

61 2448 172 2501 haec
196 2447 395 2502 omnia
424 2449 615 2503 venire
648 2450 715 2505 ad
742 2451 1011 2520 judicium
1044 2463 1140 2521 ;et
1174 2456 1298 2513 ideo
1325 2458 1409 2513 sic
1441 2458 1647 2514 intelli-

63 2542 277 2612 gendus
310 2553 400 2599 est
433 2543 643 2599 Domini
682 2558 865 2601 sermo
897 2560 1060 2617 quem
1092 2549 1243 2615 dicit,
1282 2570 1302 2604 ι
1343 2551 1449 2620 Qui
1474 2555 1652 2609 credit

62 2634 113 2688 in
146 2651 260 2702 me,
297 2652 407 2691 non
433 2636 790 2709 judicabitur,
817 2659 837 2694 ι
874 2641 1002 2711 quia
1035 2647 1330 2698 secundum
1361 2649 1466 2703 hoc
1504 2649 1649 2717 quod

64 2729 301 2783 credidit
325 2745 433 2783 non
461 2729 803 2799 iudicabitur
834 2735 988 2803 quasi
1023 2735 1340 2792 incredulus
1371 2747 1427 2794 et
1458 2740 1649 2797 inﬁde--

64 2818 260 2876 lis:de
292 2821 510 2877 actibus
558 2839 691 2880 vero
739 2826 854 2881 suis
904 2826 1024 2882 sine
1075 2828 1241 2883 dubio
1280 2830 1642 2896 indicabitur.

63 2910 137 2967 lta
177 2928 320 2983 ergo
349 2926 404 2970 et
441 2915 534 2971 ille
570 2916 684 2987 jam
711 2918 992 2988 judicatus
1047 2930 1131 2975 est
1175 2924 1268 2994 qui
1307 2939 1414 2978 non
1450 2926 1643 2993 credit,

64 3008 366 3062 secundum
425 3009 533 3065 hoc
578 3011 722 3080 quod
778 3028 887 3067 non
932 3015 1199 3082 credidit;
1242 3027 1295 3071 et
1344 3018 1486 3072 sicut
1526 3034 1650 3073 cre-

68 3098 238 3165 denti,
283 3101 331 3154 si
372 3101 717 3158 extrinsecus
768 3105 981 3174 peccati
1033 3107 1238 3177 aliquid
1286 3110 1644 3179 commiserit,

63 3192 206 3247 salva
238 3192 376 3256 ﬁde,
404 3194 667 3263 judicium
706 3206 894 3251 manet
936 3214 952 3254 :
1001 3199 1073 3253 ita
1126 3208 1182 3255 et
1222 3218 1326 3256 non
1372 3205 1639 3273 credenti,
1671 3234 1715 3293 ο

68 3284 108 3337 si
157 3285 295 3354 quid
330 3285 462 3341 boni
504 3288 688 3358 operis
733 3291 987 3358 gesserit,
1036 3305 1262 3364 excepta
1305 3295 1643 3366 infidelitate,

66 3377 445 3432 remuneratio
484 3395 590 3435 non
641 3378 864 3450 peribit.
911 3384 1024 3440 Nisi
1077 3385 1218 3441 forte
1265 3389 1389 3457 quis
1442 3390 1646 3462 aliquid

67 3484 224 3535 grave
258 3479 320 3524 et
363 3469 703 3529 intolerabile
750 3475 883 3530 velit
925 3478 1188 3547 objicere,
1237 3489 1300 3534 ut
1339 3482 1488 3536 dicat
1521 3500 1642 3538 eum

67 3561 148 3626 qui
178 3572 411 3632 peccat,
439 3566 860 3633 computandum
884 3566 988 3623 non
1019 3586 1138 3626 esse
1164 3573 1303 3628 inter
1322 3550 1643 3646 credentes;

65 3655 182 3720 quia
211 3654 260 3708 si
291 3655 483 3709 credat
505 3657 650 3725 quis,
687 3674 794 3714 non
827 3674 1017 3730 peccat
1045 3679 1060 3718 :
1086 3664 1129 3721 si
1160 3682 1292 3721 vero
1336 3680 1545 3737 peccat,
1578 3686 1645 3726 ex

67 3746 162 3802 hoc
190 3747 323 3818 ipso
355 3759 620 3819 arguatur
644 3756 791 3821 quod
826 3771 930 3811 non
966 3758 1174 3814 credat.
1206 3758 1313 3816 Sed
1342 3763 1456 3817 haec
1478 3778 1644 3834 quam

66 3840 190 3893 dura
237 3841 321 3896 sit
370 3844 642 3898 sententia
681 3848 819 3904 nulli
858 3851 1173 3919 ambiguum
1226 3865 1378 3923 puto.
1434 3857 1646 3925 Quotus

66 3934 203 3989 enim
252 3935 496 4004 quisque
538 3938 848 3996 invenietur
897 3943 951 3997 in
993 3945 1177 4009 terris,
1211 3947 1303 4017 qui
1354 3947 1427 4003 ita
1479 3951 1643 4006 vitam

68 4038 213 4080 suam
246 4026 418 4083 libret
447 4028 582 4102 (89),
612 4040 671 4085 ιιι
694 4032 746 4087 in
778 4034 929 4091 nullo
949 4038 1164 4105 penitus
1187 4039 1465 4112 delinquat
1489 4042 1512 4095 ?
1537 4045 1643 4099 Sed

66 4127 114 4170 et
154 4117 408 4175 Joannes
454 4121 748 4191 Apostolus
800 4127 855 4181 in
909 4128 1150 4197 Epistola
1212 4147 1311 4188 sua
1364 4135 1646 4192 evidenter

67 4210 218 4265 etiam
244 4212 568 4280 opinionem
605 4215 915 4285 bujusmodi
946 4231 1118 4288 notat,
1163 4237 1285 4278 cum
1322 4224 1495 4282 dicit:
1533 4246 1553 4278 ‹
1584 4227 1642 4283 Si

68 4303 178 4369 quis
211 4304 355 4357 dicit
387 4304 513 4372 quia
553 4317 839 4374 peccatum
887 4325 996 4365 non
1045 4312 1230 4379 habet,
1279 4315 1367 4370 hic
1410 4312 1644 4373 mendax

66 4402 231 4455 est,et
257 4394 468 4450 veritas
504 4396 559 4452 in
591 4413 656 4454 eo
679 4414 785 4455 non
818 4411 900 4456 est
926 4402 1150 4457 “°.—Si
1181 4411 1365 4459 autem
1386 4405 1647 4462 conﬁtea-

69 4501 181 4541 ιιιιιι·
229 4499 462 4558 peccata
528 4503 735 4559 nostra,
799 4494 1062 4550 habemus
1125 4497 1448 4553 advocatum
1500 4500 1643 4570 apud

1752 2015 1969 2072 etiamsi
2011 2016 2111 2069 sub
2164 2013 2345 2082 aliqua
2404 2011 2521 2081 lege
2565 2011 2736 2074 vivat,
2768 2007 2917 2062 velut
2968 2014 3123 2061 extra
3161 2005 3335 2075 legem

1752 2108 1985 2178 positus,
2020 2122 2142 2160 cum
2178 2104 2507 2175 peccaverit,
2533 2093 2741 2172 p'ereat.
2781 2099 2913 2155 Nam
2944 2106 3001 2153 et
3041 2098 3158 2168 ipse
3199 2110 3336 2163 apo-

1751 2201 1923 2256 stolus
1951 2198 2170 2260 Paulus,
2210 2213 2333 2252 cum
2365 2196 2497 2251 dicit
2523 2210 2583 2250 se
2620 2194 2707 2250 his
2741 2193 2832 2262 qui
2864 2192 2985 2247 sine
3025 2191 3143 2260 lege
3183 2197 3335 2251 sunt,

1751 2292 1905 2361 quasi
1929 2291 2048 2345 sine
2073 2289 2189 2357 lege
2211 2303 2351 2353 esse,
2372 2298 2427 2341 et
2455 2287 2644 2341 addit:
2672 2304 2692 2337 ι
2712 2284 2845 2339 Cum
2869 2284 3058 2352 utique
3080 2282 3199 2336 sine
3220 2280 3337 2348 lege

1752 2399 1859 2438 non
1902 2396 2103 2447 essem,
2140 2381 2233 2436 sed
2284 2381 2336 2435 in
2360 2380 2476 2449 lege
2510 2393 2688 2434 essem
2720 2375 2923 2432 Christi
2949 2374 3019 2440 ⁸³,
3050 2393 3071 2427 ›
3100 2374 3339 2427 ostendit

1752 2490 1812 2530 se
1841 2474 2056 2542 quidem
2092 2474 2143 2527 in
2182 2471 2299 2542 lege
2347 2470 2517 2542 Moysi
2551 2485 2659 2525 non
2697 2483 2841 2532 esse,
2870 2481 2995 2523 esse
3027 2477 3205 2520 tamen
3235 2463 3336 2517 sub

1750 2568 1888 2640 lege.
1922 2568 2031 2623 Sed
2054 2576 2109 2621 et
2139 2566 2411 2633 humanm,
2457 2573 2520 2619 ut
2546 2563 2809 2626 diximus,
2850 2562 3016 2630 leges,
3056 2560 3100 2614 si
3132 2559 3199 2613 ad
3234 2560 3337 2613 hoc

1753 2662 1931 2731 ipsum
1959 2658 2201 2728 reputari
2233 2656 2483 2722 debeant,
2509 2654 2689 2708 videto
2721 2653 2855 2724 (90).
2894 2649 3166 2705 Naturalis
3203 2661 3340 2703 vero

1752 2753 1860 2815 lex,
1882 2767 2003 2822 qua:
2019 2750 2383 2805 communiter
2407 2748 2657 2802 omnibus
2680 2744 2988 2808 hominibus
3014 2743 3177 2805 inest,
3200 2754 3335 2795 cono

1749 2841 2100 2898 siderandum
2136 2849 2221 2895 est
2264 2838 2311 2893 si
2342 2853 2532 2892 omnes
2571 2852 2711 2907 pene
2764 2835 2927 2889 faciat
2959 2835 3012 2887 in
3062 2833 3177 2903 lege
3200 2846 3333 2902 pec-

1749 2946 1901 2997 care,
1934 2931 2077 2986 sicut
2114 2928 2166 2983 in
2210 2927 2675 2996 consequentibus
2718 2924 2855 2980 dicit
2896 2942 2912 2980 :
2953 2941 2972 2975 ‹
3019 2923 3153 2979 Cum
3185 2922 3331 2977 enim

1750 3033 1961 3095 gentes,
1998 3036 2118 3090 qua:
2158 3020 2330 3092 legem
2371 3034 2478 3074 non
2511 3018 2735 3084 habent,
2761 3017 3083 3071 naturaliter
3107 3029 3227 3083 quae
3256 3014 3336 3068 le-

1749 3117 1832 3188 gis
1852 3122 1980 3171 sunt
2000 3113 2291 3178 faciunt,hi
2326 3114 2498 3185 legem
2530 3125 2638 3165 non
2667 3110 2930 3165 habentes
2953 3108 3053 3175 ipsi
3080 3106 3181 3162 sibi
3206 3115 3335 3160 sunt

1751 3208 1864 3273 lex,
1893 3206 1984 3276 qui
2013 3207 2311 3263 ostendunt
2339 3220 2474 3276 opus
2505 3204 2642 3274 legis
2670 3204 2933 3273 scriptum
2974 3203 3028 3255 in
3072 3200 3333 3255 cordibus

1749 3302 1865 3356 suis
1886 3300 1989 3355 θδ.»
2024 3298 2137 3354 Nisi
2168 3314 2265 3354 eos
2291 3296 2429 3353 forte
2461 3297 2707 3353 dicamus
2736 3307 2890 3352 extra
2915 3297 3086 3367 legem
3104 3293 3331 3364 positos,

1748 3393 1838 3462 qui
1867 3406 2045 3461 neque
2069 3391 2290 3462 scriptis
2311 3391 2539 3462 legibus,
2571 3405 2746 3460 neque
2772 3388 3121 3448 conscientia,
3153 3393 3208 3439 et
3235 3398 3335 3438 co-

1748 3483 2103 3554 gitationibus
2130 3482 2371 3554 propriis
2400 3480 2924 3550 reprehendentibus
2943 3492 3002 3532 se
3023 3485 3077 3531 et
3099 3490 3334 3546 arguen-

1750 3578 1897 3632 tibus
1921 3583 2137 3647 parent.
2164 3574 2446 3643 Quomodo
2475 3583 2657 3629 autem
2690 3570 2982 3645 dicit(9t):
3013 3589 3032 3621 ι
3057 3570 3334 3639 Quotquot

1748 3669 1802 3724 in
1856 3669 1973 3738 lege
2026 3676 2432 3739 peccaverunt,
2469 3681 2568 3735 per
2619 3665 2792 3736 legem
2828 3662 3271 3739 iudicabuntur?
3307 3680 3326 3712 ι

1749 3735 1951 3831 Utique
1986 3735 2077 3831 qui
2109 3760 2163 3813 iu
2194 3759 2311 3827 lege
2351 3758 2551 3814 Christi
2583 3768 2687 3824 est,
2736 3772 2836 3826 per
2865 3756 3041 3825 legem
3076 3735 3278 3809 Christi
3311 3771 3329 3819 ;

1747 3863 1799 3907 et
1826 3853 1917 3922 qui
1946 3853 2000 3906 in
2033 3853 2151 3922 lege
2186 3850 2381 3921 Moysi,
2414 3865 2511 3919 per
2539 3837 2730 3920 legem.
2756 3847 2926 3918 Moysi
2956 3847 3330 3916 iudicabitur;

1747 3961 1922 4014 neque
1953 3944 2044 4014 qui
2083 3945 2185 3999 sub
2220 3944 2336 4013 lege
2380 3943 2581 3997 Christi
2624 3950 2729 4005 est,
2755 3943 3005 4011 quamvis
3030 3940 3192 3994 etiam
3226 3938 3330 4007 legi

1747 4038 1918 4109 Moysi
1942 4036 2188 4092 subditus
2229 4037 2497 4102 videatur,
2524 4033 2757 4106 judicari
2799 4044 2976 4088 tamen
3029 4032 3329 4086 secundum

1746 4148 1864 4187 eam
1893 4130 2168 4201 putandus
2204 4138 2288 4186 est
2329 4143 2429 4183 cur
2463 4143 2568 4182 non
2601 4126 2672 4182 sit
2713 4126 3091 4187 circumcisus,
3117 4123 3196 4177 vel
3234 4138 3332 4177 cur

1747 4225 2043 4280 Sabbatum
2075 4238 2180 4277 non
2218 4231 2423 4276 servet.
2453 4220 2605 4288 Quod
2628 4228 2683 4274 et
2711 4219 2755 4274 si
2782 4219 2935 4286 juxta
2958 4217 3130 4287 legem
3161 4215 3327 4287 Moysi

1749 4313 2022 4383 putandus
2050 4320 2134 4367 est
2156 4311 2413 4382 judicari.
2459 4308 2757 4365 secundum
2791 4309 2894 4363 hoc
2927 4308 3071 4378 quod
3106 4307 3187 4360 lex
3215 4305 3330 4375 spi-

1749 4405 1962 4460 ritualis
1994 4412 2099 4470 est,
2129 4403 2488 4474 judicabitur.
2542 4400 2658 4455 Hoc
2689 4409 2772 4456 est
2798 4401 2943 4456 enim
2978 4416 3083 4454 non
3115 4398 3333 4453 audito-

1749 4511 1865 4550 rem
1899 4496 2055 4566 legis,
2097 4497 2190 4550 sed
2237 4494 2494 4549 lactorem
2522 4491 2830 4561 iustiﬁcari.
2864 4491 3017 4558 Quod
3045 4506 3175 4546 vero
3202 4506 3330 4561 gra-

69 4576 303 4645 Patrem,
331 4580 518 4637 Jesum
537 4583 766 4653 justum,
801 4587 893 4656 qui
921 4598 1114 4643 exorat
1139 4604 1236 4658 pro
1268 4591 1508 4660 peccatis
1543 4609 1642 4647 no—
1674 4575 1720 4631 Ῐ)
1748 4588 1899 4644 viore
1925 4587 2192 4641 sententia
2223 4587 2432 4655 percuti
2463 4584 2678 4640 videtur
2713 4584 2760 4640 is
2787 4585 2875 4653 qui
2909 4586 3028 4639 sine
3064 4584 3179 4655 lege
3204 4601 3327 4653 pec-

71 4671 187 4724 stris
207 4671 285 4724 ”.
318 4690 337 4723 ι
360 4672 487 4728 llaec
526 4691 657 4745 ergo
697 4691 726 4729 ει
763 4678 920 4732 nobis
951 4679 1004 4732 in
1034 4679 1136 4732 hoc
1168 4679 1306 4745 loco,
1342 4691 1506 4751 prout
1538 4698 1638 4751 po-
1678 4719 1690 4737 .

74 4765 290 4831 luimus,
327 4766 575 4821 discussa
602 4779 753 4831 sunt.
779 4770 1258 4825 considerantibus
1290 4772 1456 4827 etiam
1506 4773 1640 4828 illud

72 4858 199 4922 quod
240 4858 381 4912 dicit
412 4859 743 4929 Apostolus:
781 4878 800 4913 ι
844 4862 928 4916 An
973 4861 1282 4918 Judmorum
1320 4865 1462 4920 Deus
1512 4875 1638 4920 tan-

73 4949 215 5003 tum?
266 4949 467 5007 Nonne
494 4962 551 5006 et
580 4955 821 5023 gentium
844 4955 868 5008 ?
889 4954 1004 5009 lmo
1034 4965 1090 5011 et
1123 4955 1363 5026 gentium
1391 4957 1434 4989 ⁹¹
1466 4974 1481 5024 ;
1515 4975 1534 5009 ι
1581 4966 1640 5011 ιιι

133 5103 178 5180 '_'
205 5105 402 5161 llCor.
441 5123 497 5180 v.
531 5108 596 5165 10
689 5111 736 5141 ⁸⁸
768 5109 929 5165 Rom.
970 5127 1032 5176 ll,
1057 5112 1148 5179 ~il.
1228 5112 1273 5145 ⁸⁷
1311 5113 1437 5167 Act.
1470 5128 1523 5179 ι,
1567 5112 1660 5180 54,

69 5172 108 5201 “
141 5174 294 5230 llum.
337 5194 425 5244 ιιι,
448 5179 538 5234 29.
616 5180 663 5213 "
693 5180 851 5235 Rom.
880 5197 942 5247 ιι,
973 5172 1064 5247 12,
1095 5182 1184 5239 1⁸5.
1253 5182 1301 5216 ⁵³
1336 5172 1612 5251 ΙΟοι-.ἰι,
1639 5172 1729 5239 ﬁl.

75 5351 230 5421 tero,
269 5339 782 5421 ¢_.videns_dicente
809 5342 1124 5421 Apostolo_:
1174 5364 1194 5398 ι
1241 5345 1428 5421 czeteri
1473 5346 1633 5421 editi,

80 5404 240 5486 anilide
272 5412 494 5486 dicente
515 5411 798 5486 _Apostol0,
844 5404 871 5465 ι’
903 5430 1034 5470 mss.
1067 5415 1194 5481 duo,
1240 5434 1260 5467 ο
1296 5415 1458 5471 Vides
1489 5404 1634 5470 enim

77 5476 276 5535 dicente
301 5476 584 5549 Apostolo.
623 5501 643 5534 ι

279 5549 374 5632 Sic
401 5566 533 5632 mss.
564 5553 841 5632 plerique,
850 5554 1128 5632 .ltabanus
1149 5565 1206 5611 et
1231 5555 1404 5613 editio
1425 5556 1635 5632 Veneta

76 5616 363 5693 §alodiani.
390 5616 592 5693 Caeteri
617 5616 750 5678 vero
776 5624 909 5679 editi
936 5632 992 5681 et
1020 5639 1124 5681 ms.
1157 5641 1322 5693 unus,
1360 5645 1379 5678 ι
1422 5625 1553 5681 audi
1582 5636 1638 5681 et

77 5685 283 5761 Petrum
307 5691 494 5761 quid,»
526 5703 632 5748 etc.
665 5710 683 5746 :
722 5693 887 5747 male.

135 5759 351 5842 ςξθηιὲι
381 5777 487 5842 ms.
519 5778 658 5817 unus
689 5763 1069 5842 Begiqsnum.
1109 5766 1265 5842 lGMl
1290 5777 1347 5842 et
1393 5766 1639 5842 plerique

79 5829 442 5887 cditi.Ca:teri
479 5847 609 5887 vero
632 5829 1070 5900 mssJR‘abanus
1099 5847 1155 5892 et
1183 5839 1351 5895 editio
1398 5829 1637 5903 'Vene'ta,

1749 4680 1976 4747 caverit,
1993 4680 2247 4749 quoniam
2271 4680 2548 4749 periturus
2574 4679 2979 4749 pronuntiatur,
2994 4693 3115 4731 cum
3147 4677 3330 4742 utique

1745 4781 1802 4827 et
1828 4771 2182 4827 miseratione
2205 4772 2385 4843 aliqua
2418 4771 2613 4840 dignus
2631 4771 2905 4832 videatur,
2932 4771 3024 4840 qui
3063 4767 3331 4835 adjutorio

1747 4879 1854 4919 non
1889 4880 2021 4920 usus
2042 4875 2128 4919 est
2176 4863 2334 4934 legis,
2365 4863 2645 4918 videamus
2679 4877 2746 4915 ne
2772 4860 2899 4929 quid
2943 4861 3159 4919 iterum,
3192 4864 3250 4909 ut
3278 4855 3329 4908 in

1746 4957 1961 5012 caeteris
1990 4955 2297 5020 docuimus,
2330 4955 2530 5011 divina:
2552 4954 2808 5010 bonitatis
2834 4951 2923 5005 hic
2949 4950 3137 5017 lateat,
3168 4961 3331 5019 quam

1708 5113 1800 5168 '55.
1877 5114 1925 5146 ⁸⁸
1944 5113 2103 5169 Joan.
2141 5130 2221 5175 ιιι,
2247 5113 2334 5168 l8.
2408 5110 2668 5168 "lJoan.
2692 5128 2733 5178 ι,
2767 5111 2821 5168 8.
2892 5108 3159 5165 "lJoan.
3187 5124 3254 5171 tt.
3278 5111 3330 5166 1.

1809 5184 1859 5217 ⁸⁸
1883 5184 2042 5242 Rom.
2067 5200 2128 5250 tt,
2161 5185 2251 5251 14,
2279 5183 2371 5238 15.

1745 5363 1765 5397 ι
1798 5346 2027 5399 liberet:
2058 5365 2076 5398 ι
2105 5344 2263 5400 male.

1816 5414 1928 5487 (90)
1963 5415 2094 5487 Mss.
2124 5415 2238 5469 fere
2285 5420 2564 5487 omnes_et
2586 5411 2743 5487 editi,
2770 5428 2791 5460 ι
2815 5423 2920 5463 non
2953 5409 3131 5487 video.
3170 5427 3189 5460 ι
3226 5410 3324 5487 So-

1740 5481 1954 5567 lus-ms.
1989 5485 2190 5556 Regius
2229 5500 2356 5537 num
2407 5483 2568 5548 i639,
2600 5501 2620 5534 ι
2659 5483 2870 5548 videto,
2905 5499 2925 5533 ι
2957 5481 3099 5550 quod
3133 5481 3333 5536 rectius

1742 5556 2177 5704 Vligllujtltanms.
2209 5623 2426 5704 Degius
2452 5638 2607 5704 num.
2645 5620 2968 5704 .1639;_Ali‘i'
3007 5630 3190 5704 autem
3223 5618 3330 5673 duo

1747 5689 1880 5752 mss.
1909 5689 2113 5765 'ltegii,
2148 5713 2167 5746 ι
2210 5689 2317 5761 Qui
2342 5703 2522 5749 autem
2551 5693 2757 5765 dicit.)
2790 5692 2889 5746 Ms.
2925 5689 3325 5765 Vallis-Clam,

1755 5785 1772 5817 ι
1818 5767 1971 5832 Quod
2009 5762 2190 5819 autem
2221 5765 2373 5818 dicit.
2408 5784 2427 5817 ι
2463 5765 2641 5819 Editio
2685 5762 2915 5824 Veneta,
2953 5779 2971 5813 ι
3010 5762 3111 5828 Qui
3147 5771 3326 5832 autem

1751 5830 1990 5902 diceris;
2031 5855 2049 5889 ι
2086 5836 2266 5891 caeteri
2300 5851 2429 5892 vero
2475 5835 2642 5901 ed'iti,
2679 5854 2697 5886 ι
2746 5834 2845 5901 Qui
2888 5842 3069 5887 autem
3117 5830 3272 5885 ilicis.
3302 5846 3325 5881 ι
