3784 6560
402 426 498 480 891

1815 416 2136 474 (tRlGENlS
2225 391 2238 402 ’

3551 407 3655 461 892

400 558 612 612 semper
647 540 930 598 abscondit
968 542 1282 598 timentibus
1317 555 1375 596 se
1411 543 1476 594 ⁸⁸.
1507 541 1784 597 Fortassis
1827 542 1970 595 enim
2001 544 2046 599 Α
2077 545 2245 591 terata
2277 535 2330 588 in
2354 547 2420 589 eo
2453 532 2699 587 videatur
2724 537 2779 586 et
2805 530 3026 594 abolita,
3047 530 3111 585 de
3142 530 3246 586 isto
3270 537 3458 600 potest
3485 528 3651 580 videri

401 636 474 688 ob
504 636 605 688 hoc
637 635 740 688 sibi
774 633 886 704 (92)
933 634 1342 702 propensiorem
1378 647 1564 688 curam
1619 647 1718 702 pro
1759 633 1844 686 his
1881 633 1975 702 qui

401 733 634 790 pereunt
663 724 844 778 inesse
877 725 992 792 ipse
1019 723 1278 779 Dominus
1309 725 1360 778 in
1387 723 1678 793 Evangelio
1710 724 1972 789 ostendit,

399 831 524 869 cum
572 815 704 870 dicit
751 817 876 884 quia
918 835 936 867 ‹
989 817 1134 871 venit
1161 815 1327 870 Filius
1366 817 1599 869 hominis
1643 829 1884 884 quaerere
1923 823 1979 869 et

400 906 612 961 sztlvare
641 909 783 976 quod
815 909 1050 976 perierat
1079 907 1144 960 ³⁸.
1179 926 1198 959 ι
1224 908 1289 960 Ει
1318 909 1510 960 iterum
1545 907 1675 962 dicit
1698 908 1742 937 ⁸⁷
1765 925 1778 960 :
1803 925 1822 957 ι
1862 906 1974 959 Non

401 1013 522 1050 sum
581 1001 778 1052 missus
839 999 938 1052 nisi
989 999 1054 1052 ad
1112 1014 1241 1054 oves
1288 1014 1407 1068 qua:
1452 1000 1735 1067 perierunt
1783 998 1976 1052 domus

402 1088 588 1144 Israel.
627 1108 645 1140 ι
684 1091 746 1144 Et
791 1090 954 1144 David
983 1091 1181 1144 dicit"
1217 1105 1232 1146 :
1272 1109 1290 1141 ι
1325 1089 1509 1144 Erravi
1547 1091 1684 1143 sicut
1715 1091 1977 1158 ovisper-

401 1179 538 1240 dita,
572 1179 788 1245 require
841 1194 1054 1233 servum
1105 1187 1276 1235 tuum.
1310 1197 1330 1230 ι
1364 1179 1469 1234 Sed
1502 1185 1555 1233 et
1598 1179 1650 1232 in
1685 1179 1975 1247 Evangelia

401 1269 659 1322 drachma
687 1271 797 1338 (95)
827 1286 944 1337 qua:
987 1271 1241 1340 perierat,
1282 1273 1543 1325 mundata
1575 1272 1734 1326 domo
1763 1272 1972 1324 inveni-

404 1368 497 1410 tul‘
525 1374 554 1412 a
582 1362 806 1416 muliere
828 1362 904 1426 ’9;
936 1373 988 1415 et
1016 1364 1224 1430 jgaudet
1257 1371 1409 1429 pater
1435 1377 1599 1430 super
1630 1361 1739 1415 filio
1764 1360 1975 1429 iuniore

399 1452 718 1518 pmnitente,
749 1454 840 1521 qui
875 1472 893 1503 ι
937 1463 1178 1508 mortuus
1213 1454 1409 1517 fuerat,
1441 1464 1495 1507 et
1525 1455 1758 1518 revixit;
1793 1455 1971 1520 peric-

398 1553 506 1607 rat,
530 1554 585 1599 et
608 1546 856 1599 inventus
885 1557 964 1599 est
985 1547 1026 1610 ί,
1050 1564 1069 1597 ι
1096 1547 1270 1615 magis
1289 1560 1450 1614 quam
1479 1559 1641 1614 super
1665 1562 1729 1600 eo
1750 1546 1841 1614 qui
1870 1560 1972 1599 non

397 1636 640 1702 perierat
677 1652 774 1690 nec
803 1637 1050 1691 inventus
1083 1648 1167 1692 est
1189 1637 1323 1704 (91).
1357 1636 1455 1703 Qui
1483 1637 1668 1703 junior
1703 1636 1865 1699 filius,
1918 1647 1978 1690 ut

397 1738 498 1792 ego
553 1726 809 1791 arbitror,
852 1727 1017 1780 etiam
1069 1727 1236 1795 ipsam
1273 1725 1571 1780 naturalem
1619 1725 1730 1794 jam
1767 1726 1978 1794 fugerat

398 1813 568 1883 legem
607 1816 719 1886 (95)
756 1834 768 1868 :
805 1817 906 1872 hoc
938 1819 1079 1870 enim
1120 1819 1335 1872 videtur
1373 1818 1598 1871 indicari
1626 1818 1677 1870 in
1725 1831 1789 1871 eo
1833 1818 1976 1887 quod

2079 630 2280 684 dictum
2310 628 2449 695 quod
2489 627 2606 680 sine
2632 625 2748 694 lege
2780 633 2994 693 pereat;
3032 623 3360 690 iudicandus
3397 634 3530 674 vero
3561 635 3656 689 per

2079 717 2245 787 legem
2275 718 2486 771 dicatur
2518 716 2563 770 is
2593 717 2682 785 qui
2710 715 2811 769 sub
2841 715 2958 782 lege
3002 715 3150 776 vivit,
3180 713 3302 782 quia
3331 721 3387 767 et
3423 713 3656 780 Aposto-

2077 808 2160 863 lus
2193 809 2235 839 ¹⁰
2262 817 2597 872 contestatur
2643 820 2856 860 omnem
2885 806 3368 860 circutncidentem
3397 817 3481 868 se,
3514 803 3652 872 quod

2079 901 2289 955 debitor
2313 901 2382 953 sit
2408 900 2671 953 universa:
2703 900 2836 970 legis
2870 899 3144 953 faciendze.
3173 951 3176 953 ,

2146 992 2201 1046 9.
2251 1011 2268 1043 ι
2313 993 2444 1046 Cum
2479 992 2624 1046 enim
2674 1001 2863 1061 gentes
2888 1005 3010 1060 qua:
3062 989 3234 1059 legem
3272 1003 3380 1042 non
3429 987 3650 1051 habent,
3695 987 3700 1008 τ

2077 1079 2400 1134 naturaliter
2429 1094 2548 1149 quae
2586 1079 2724 1149 legis
2774 1089 2903 1135 sunt
2947 1077 3172 1146 faciunt,
3210 1079 3264 1132 hi
3315 1077 3432 1148 (98)
3483 1078 3651 1145 legem

2077 1188 2182 1226 non
2244 1173 2527 1239 habentes,
2579 1172 2677 1242 ipsi
2725 1172 2829 1228 sibi
2865 1181 2990 1226 sunt
3037 1171 3119 1226 lex
3157 1187 3170 1223 :
3212 1172 3307 1242 qui
3357 1171 3653 1226 ostendunt

2077 1277 2214 1330 opus
2246 1261 2381 1331 legis
2411 1263 2671 1332 scriptum
2723 1263 2778 1316 in
2821 1262 3074 1318 cordibus
3107 1263 3247 1325 suis,
3281 1262 3650 1317 testimonium

2079 1353 2335 1406 reddente
2363 1353 2441 1406 eis
2474 1353 2824 1418 conscientia,
2859 1362 2914 1408 et
2954 1353 3092 1408 inter
3131 1352 3299 1425 586
3325 1367 3388 1407 se
3421 1353 3652 1406 invicem

2078 1443 2506 1510 cogitationibus
2541 1442 2941 1508 accusantibus,
2981 1454 3075 1496 aut
3109 1445 3274 1497 etiam
3306 1441 3651 1497 defendenti-

2076 1535 2178 1590 bus
2203 1533 2338 1604 (39),
2373 1535 2425 1589 in
2479 1536 2565 1589 die
2592 1550 2714 1590 cum
2756 1533 3021 1601 iudicabit
3045 1534 3188 1588 Deus
3227 1534 3446 1589 occulta
3482 1534 3652 1587 homi-

2079 1628 2537 1691 num,secundum
2562 1626 2908 1694 Evangelium
2938 1641 3137 1693 meum,
3162 1643 3261 1699 per
3285 1625 3477 1682 Jesum
3502 1625 3653 1681 Chr'-

2079 1729 2224 1772 stutn
2253 1719 2318 1774 “.
2353 1737 2372 1771 ι
2407 1719 2625 1773 Certum
2663 1730 2747 1775 est
2779 1720 2920 1789 quod
2952 1729 3136 1789 gentes
3180 1735 3300 1789 qua:
3335 1719 3513 1786 legem
3548 1733 3650 1772 non

2080 1811 2316 1876 habent,
2352 1811 2670 1866 naturaliter
2701 1825 2819 1882 qua:
2845 1812 2979 1881 legis
3026 1821 3152 1868 sunt
3184 1812 3370 1865 facere
3419 1825 3529 1864 non
3559 1824 3651 1877 pro

395 1909 733 1976 consumpsit
767 1919 972 1978 partem
1024 1919 1262 1979 paternae
1312 1908 1626 1963 substantiae
1676 1924 1797 1978 quae
1847 1925 1972 1963 eum
2005 1893 2047 1947 Β
2077 1901 2330 1956 Sabbatis
2361 1902 2444 1958 vel
2478 1902 2788 1958 Neomcniis
2821 1905 3089 1968 dicantur,
3114 1902 3198 1956 vel
3221 1901 3519 1955 sacrificiis
3540 1915 3653 1970 qua:

399 2000 771 2068 contingebat,
803 2002 1034 2072 vivendo
1065 2001 1360 2056 luxuriose.
1399 2001 1504 2055 Sed
1531 2009 1584 2055 et
1611 2001 1664 2054 in
1692 2000 1974 2057 Ezechiele

394 2090 656 2156 pr0pbeta
696 2092 716 2121 ²
749 2091 1058 2154 pastoribus
1113 2091 1426 2160 imputatur
1450 2130 1465 2155 ,
1517 2090 1660 2160 quod
1697 2091 1972 2146 inﬁrmum

395 2194 499 2232 non
533 2179 998 2250 colligaverint,et
1029 2183 1173 2250 quod
1203 2183 1440 2251 perierat
1487 2198 1591 2236 non
1619 2182 1970 2252 qumsierint;

393 2276 450 2320 et
483 2277 604 2337 post
631 2284 798 2337 pauca
824 2271 938 2339 ipse
963 2272 1219 2326 Dominus
1243 2273 1374 2326 dicit
1403 2291 1455 2325 ει
1490 2272 1555 2327 Ει
1581 2273 1724 2341 quod
1753 2273 1965 2342 periit,»

395 2359 596 2427 inquit,
629 2377 649 2410 ι
686 2376 786 2430 ego
821 2363 1091 2431 requiram
1122 2361 1164 2416 ³.
1206 2380 1225 2414 ι
1260 2361 1639 2417 Verumtamen
1684 2361 1973 2418 observan-

303 2477 306 2480 -
393 2450 522 2503 dum
547 2458 630 2503 est
666 2455 808 2519 quod
841 2451 894 2505 in
951 2452 1036 2506 his
1087 2452 1340 2507 omnibus
1382 2468 1664 2522 nusquam
1698 2454 1839 2509 Deus
1869 2453 1969 2508 ali-

394 2556 554 2610 quem
583 2543 779 2597 dicitur
809 2545 1133 2612 perdidisse,
1161 2545 1256 2599 sed
1283 2545 1650 2615 unusquisque
1681 2561 1745 2601 ex
1772 2562 1830 2602 se
1857 2547 1967 2616 pati

394 2631 498 2684 hoc
521 2633 664 2699 quod
702 2633 863 2699 perit,
910 2640 968 2685 ut
1001 2634 1068 2692 in.
1101 2633 1204 2688 hoc
1245 2634 1362 2703 ipso
1393 2634 1513 2688 ait:
1552 2651 1572 2686 ι
1607 2635 1734 2689 Sine
1769 2635 1885 2707 lege
1915 2645 1970 2690 et

391 2722 636 2787 peribunt
665 2740 678 2784 ;
704 2741 722 2773 ι
752 2733 834 2776 et:
877 2723 1070 2778 «Venit
1097 2723 1265 2780 Filius
1294 2725 1528 2780 hominis
1553 2741 1793 2796 qumrere
1826 2727 1980 2796 quod”

389 2813 628 2880 perierat
658 2815 700 2878 δ,
753 2835 771 2868 ι
809 2831 914 2871 non
974 2820 1119 2886 quod
1165 2819 1478 2888 perdiderat
1512 2836 1524 2872 :
1564 2829 1618 2872 et
1664 2838 1681 2870 ι
1720 2820 1784 2872 ad
1837 2835 1967 2875 oves

391 2905 632 2972 perditas
682 2907 872 2961 domus
915 2906 1174 2975 israel‘,»
1217 2925 1322 2965 non
1358 2925 1491 2979 quas
1536 2911 1866 2979 perdiderat.
1903 2911 1966 2964 Et

386 3009 510 3047 eum
539 2996 653 3066 ipse
676 2997 936 3053 Dominus
967 3001 1100 3055 dicit
1136 3016 1150 3047 :
1188 3019 1204 3052 ι
1243 3001 1465 3061 Omnes.
1503 3020 1521 3052 ι
1557 3002 1754 3072 inquit,
1783 3021 1802 3053 ι
1831 3017 1966 3073 quos

389 3088 588 3142 dedisti
630 3091 786 3155 mihi,
821 3093 1064 3156 servavi,
1115 3102 1170 3147 et
1216 3093 1394 3149 nullus
1425 3109 1492 3148 ex
1536 3097 1614 3148 eis
1639 3097 1802 3164 periit
1831 3096 1851 3126 °
1884 3113 1898 3157 ;
1941 3114 1958 3146 ι

385 3192 494 3231 non
521 3179 656 3232 dixit
681 3198 694 3233 :
717 3179 930 3234 Nullum
962 3196 1028 3236 ex
1060 3182 1126 3236 iis
1158 3183 1390 3252 perdidi.
1429 3183 1573 3237 Sane
1613 3185 1782 3239 sicubi
1821 3185 1963 3239 Deus

385 3269 614 3337 perdere
641 3271 862 3338 dicitur,
893 3288 990 3340 pro
1035 3276 1324 3342 reprobarc
1355 3275 1465 3346 (96)
1505 3278 1675 3348 magis
1720 3279 1962 3331 invenies

387 3359 618 3423 dictum,
651 3361 797 3414 sicut
820 3377 942 3414 cum
973 3361 1102 3415 dicit
1137 3384 1148 3417 :
1182 3381 1199 3414 ι
1235 3362 1461 3418 l‘erdam
1513 3367 1833 3434 sapientiam
1882 3383 1968 3421 sa-

387 3448 678 3518 pientium,
709 3460 762 3503 et
804 3451 1138 3506 intellectum
1171 3454 1518 3522 prudentium
1555 3458 1911 3524 rcprobabo".
1944 3477 1961 3508 ι

385 3541 542 3605 Quod
589 3551 770 3595 autem
817 3543 967 3607 dicit,
1009 3545 1135 3613 quia
1169 3563 1186 3596 t
1229 3556 1493 3615 quotquot
1527 3548 1579 3600 in
1623 3547 1739 3616 lege
1775 3563 1969 3618 pecca-

385 3642 602 3694 verunt,
628 3649 726 3700 per
769 3633 940 3700 legem
979 3634 1387 3702 judicabuntur,
1429 3657 1448 3689 ι
1486 3639 1697 3694 intuere
1724 3657 1790 3695 ne
1829 3639 1969 3696 forte

385 3727 683 3779 secundum
709 3725 977 3783 vindictas
1001 3731 1114 3794 bas,
1141 3745 1262 3800 quas
1292 3731 1343 3785 in
1360 3731 1500 3801 Lege
1529 3735 1746 3802 scripta:
1771 3744 1901 3787 sunt
1922 3734 1966 3799 ",

388 3817 585 3883 quibus
613 3819 911 3886 agebantur
935 3818 1163 3888 judicia,
1191 3821 1279 3876 ubi
1311 3821 1558 3890 lapidari,
1596 3823 1677 3878 vel
1710 3823 1762 3876 in
1791 3825 1967 3892 ignem

391 3909 650 3972 tradi,ve|
683 3911 959 3966 civitatem
995 3910 1186 3981 refugii
1217 3913 1386 3978 adire,
1406 3912 1491 3967 vel
1525 3914 1629 3967 alia
1654 3913 1966 3982 huiusmodi

391 4000 500 4068 pati
518 3999 841 4067 iubeantur:
863 4001 932 4054 ita
965 4000 1038 4054 sit
1060 4002 1388 4072 etjudieium
1408 4003 1679 4058 futurum:
1709 4009 1965 4075 quoniam

386 4089 602 4158 quidem
619 4100 821 4161 typo,et
836 4092 1037 4147 umbra:
1053 4093 1354 4148 caelestium
1369 4093 1642 4150 deservire
1657 4095 1679 4126 ’
1712 4096 1970 4151 dicuntur

384 4180 440 4235 hi
455 4183 545 4250 qui
559 4184 657 4235 sub
675 4183 791 4252 lege
807 4194 952 4250 sunt;
967 4199 1033 4239 ne
1049 4184 1185 4240 forte
1201 4187 1361 4240 simili
1379 4189 1609 4256 quadam
1626 4188 1832 4242 ratione
1848 4205 1974 4259 aga-

386 4280 478 4324 tur
491 4273 652 4324 etiam
672 4272 909 4327 futurum
934 4274 1197 4344 judicium
1215 4276 1265 4329 in
1283 4291 1376 4330 eos
1390 4278 1479 4346 qui
1494 4279 1828 4348 prmvaricati
1851 4280 1966 4333 fue-

387 4359 494 4413 rint
517 4360 714 4430 legem.
755 4363 890 4418 Cum
932 4379 1060 4436 ergo
1088 4366 1329 4421 diversas
1349 4367 1400 4420 in
1428 4367 1720 4436 Seripturis
1737 4369 1968 4424 diciela-

387 4454 558 4507 ruerit
591 4454 754 4523 leges,
791 4457 835 4511 si
865 4458 984 4526 quis
1023 4459 1074 4512 in
1113 4468 1317 4524 tantum
1345 4475 1534 4514 omnes
1564 4460 1660 4514 has
1688 4459 1966 4531 refugerit,

2080 1995 2131 2048 in
2167 1995 2283 2065 lege
2314 1996 2516 2065 scripta
2550 2003 2693 2050 sunt.
2732 1995 2846 2049 Non
2871 1997 3016 2051 enim
3051 1999 3164 2050 haec
3194 1994 3280 2048 lex
3317 1994 3371 2048 in
3400 1993 3653 2047 cordibus

2076 2088 2315 2156 gentium
2357 2090 2560 2157 scripta
2591 2098 2673 2144 est
2706 2090 2780 2160 (l)
2809 2103 2824 2142 :
2860 2089 2953 2143 sed
2985 2089 3088 2144 hoc
3120 2097 3204 2141 est
3249 2087 3398 2156 quod
3453 2082 3650 2140 sentire

2075 2177 2396 2230 naturaliter
2422 2187 2646 2246 possunt
2681 2195 2694 2230 :
2731 2180 2877 2235 verbi
2921 2180 3117 2247 gratia,
3170 2192 3238 2232 ne
3265 2176 3649 2239 homicidium,

2075 2285 2143 2323 ne
2170 2267 2494 2324 adulterium
2524 2269 2744 2335 faciant,
2780 2287 2846 2326 ne
2877 2269 3148 2336 furentur,
3184 2286 3251 2324 ne
3274 2267 3476 2321 falsum
3507 2271 3652 2321 testi-

2074 2361 2316 2415 monium
2344 2362 2525 2416 dicant
2555 2378 2571 2425 ;
2601 2371 2662 2417 ut
2693 2362 2958 2417 honorent
2979 2371 3186 2430 patrem
3220 2369 3275 2414 et
3326 2368 3648 2421 matrem,et

2075 2451 2266 2504 borum
2295 2451 2512 2506 similia.
2536 2450 2804 2507 Fortassis
2834 2460 2888 2506 et
2914 2453 3056 2521 quod
3091 2437 3232 2506 Deus
3265 2467 3406 2504 unus
3437 2461 3647 2503 creator

2073 2542 2146 2596 sit
2183 2543 2445 2609 omnium,
2482 2543 2742 2612 scriptum
2779 2552 2863 2600 est
2901 2546 2952 2598 in
2973 2544 3226 2598 cordibus
3253 2544 3523 2610 gentium.
3547 2541 3652 2594 Ma-

2071 2632 2155 2699 gis
2189 2641 2369 2686 tamen
2402 2633 2535 2688 mihi
2559 2634 2806 2689 videntur
2834 2635 2967 2698 haec,
3000 2649 3119 2703 qua:
3154 2633 3206 2686 in
3242 2634 3412 2687 corde
3455 2633 3649 2699 scripta

2071 2725 2344 2790 dicuntur,
2391 2739 2514 2780 cum
2571 2725 2896 2795 evangelieis
2944 2725 3152 2795 legibus
3200 2726 3521 2788 eonvenire,
3565 2723 3647 2776 ubi

2069 2826 2263 2871 cuncta
2306 2817 2373 2872 ad
2417 2818 2720 2872 naturalem
2777 2817 3089 2871 referuntur
3136 2817 3476 2885 aequitatem.
3517 2815 3646 2882 Quid

2069 2911 2212 2964 enim
2257 2911 2329 2963 ita
2362 2911 2697 2965 naturalibus
2727 2911 2974 2967 sensibus
3010 2911 3347 2980 proximum,
3377 2924 3541 2978 quam
3590 2917 3647 2960 ut

2067 3015 2188 3069 qua:
2213 3001 2517 3056 noluntsibi
2545 3001 2946 3067 fieribomincs,
2975 3003 3086 3056 hare
3115 3015 3181 3055 ne
3204 2999 3411 3053 faciant
3437 2999 3556 3053 aliis
3576 2999 3649 3052 "?

2066 3091 2195 3162 Legi
2219 3107 2349 3147 vero
2378 3091 2544 3164 Moysi
2580 3094 2912 3148 concordare
2931 3091 3017 3146 lex
3056 3091 3323 3146 naturalis
3348 3093 3645 3146 secundum

2068 3185 2336 3251 spiritum,
2366 3200 2470 3239 non
2518 3186 2813 3239 secundum
2859 3185 3095 3238 litteram
3128 3193 3330 3253 potest.
3358 3181 3498 3236 Nam
3533 3196 3645 3250 quae

2066 3275 2170 3328 erit
2205 3274 2257 3328 in
2300 3275 2399 3328 hoc
2439 3274 2791 3343 intelligentia
2835 3272 3130 3338 naturalis,
3163 3272 3314 3327 verbi
3363 3272 3560 3341 gratia,
3589 3281 3646 3322 ιιι

2066 3376 2254 3420 octava
2291 3366 2378 3420 die
2406 3367 2528 3435 quis
2559 3365 2915 3421 circumcidat
2948 3364 3233 3430 Infantem,
3257 3375 3353 3418 aut
3381 3380 3506 3416 cum
3541 3364 3643 3416 lino

2068 3457 2230 3511 simul
2262 3474 2329 3513 ne
2355 3457 2475 3512 lana
2513 3467 2746 3525 texatur,
2777 3457 2861 3512 vel
2885 3473 2951 3512 ne
2982 3458 3101 3526 quis
3134 3458 3187 3512 in
3237 3457 3327 3511 die
3375 3455 3640 3511 Novorum

2070 3549 2448 3604 fermentatum
2493 3549 2697 3618 aliquid
2742 3551 2867 3604 edat
2894 3550 2937 3580 ¹³
2965 3549 2988 3602 ‘l
3017 3549 3146 3615 Quae
3197 3564 3324 3603 cum
3359 3548 3646 3618 aliquoties

2065 3641 2449 3709 objecissemus
2481 3638 2704 3704 Iudaeis,
2749 3649 2804 3694 et
2831 3639 3169 3709 exigerentus
3201 3639 3279 3709 (2)
3330 3648 3391 3693 ut
3442 3641 3483 3691 si
3521 3639 3642 3704 quid

2069 3731 2122 3784 in
2162 3730 2246 3784 bis
2269 3730 2517 3784 utilitatis
2545 3741 2710 3793 esset,
2739 3730 3112 3790 ostenderent,
3154 3730 3368 3782 scimus
3401 3744 3494 3782 cos
3547 3731 3642 3779 hoc

2067 3823 2243 3875 solum
2303 3822 2628 3892 respondere
2658 3819 2872 3887 solitos,
2921 3820 3046 3888 quia
3079 3821 3148 3872 ita
3176 3821 3352 3873 visum
3384 3821 3457 3873 sit
3495 3819 3644 3887 legis-

2067 3913 2249 3967 latori.
2277 3912 2387 3968 Nos
2411 3926 2537 3966 vero
2561 3911 2651 3981 qui
2683 3913 2796 3966 haec
2819 3913 3000 3966 omnia
3048 3911 3418 3978 spiritualiter
3452 3911 3642 3964 intelli-

2068 4007 2237 4074 genda
2275 4004 2563 4069 sentimus,
2606 4003 2810 4058 idcirco
2853 4013 2908 4056 et
2957 4018 3059 4058 non
3107 4005 3413 4068 auditores,
3441 4003 3533 4057 sed
3562 4003 3640 4054 fa-

2069 4108 2247 4152 etores
2298 4095 2435 4165 legis
2484 4094 2861 4164 iustificandos
2901 4095 2944 4125 “
2984 4094 3255 4148 credimus
3285 4134 3302 4157 ,
3353 4111 3464 4149 non
3513 4095 3641 4162 legis

2069 4188 2368 4242 secundum
2419 4188 2678 4252 litteram,
2713 4169 2833 4256 quas
2864 4188 3045 4256 utique
3087 4202 3186 4256 pro
3220 4189 3304 4240 sui
3347 4187 3643 4255 impossibi-

2069 4277 2220 4332 litate
2265 4293 2371 4332 non
2403 4288 2583 4348 potest
2631 4281 2831 4332 habere
2881 4277 3164 4339 factorem,
3221 4279 3318 4331 sed
3349 4279 3638 4332 secundum

2070 4363 2340 4434 spiritum,
2371 4382 2468 4436 per
2496 4384 2655 4438 quem
2680 4368 3017 4422 solummodo
3045 4366 3254 4437 impleri
3292 4367 3380 4422 lex
3429 4369 3635 4436 poterit.

2071 4457 2184 4513 lloc
2201 4468 2284 4513 est
2309 4475 2440 4530 ergo
2461 4475 2594 4529 Opus
2617 4460 2772 4527 legis,
2797 4458 2938 4526 quod
2961 4458 3125 4512 etiam
3171 4466 3368 4526 gentes
3417 4458 3640 4527 Aposto-

387 4551 446 4594 ut
476 4543 638 4597 etiam
675 4547 936 4601 naturalis
964 4552 1076 4618 ipsa
1112 4549 1218 4614 lex,
1245 4565 1364 4620 qum
1380 4551 1506 4604 nulli
1537 4550 1648 4605 fere
1671 4553 1964 4624 dcest(97),
2000 4571 2043 4628 ι)
2073 4550 2155 4605 lus
2181 4551 2311 4605 dicit
2342 4551 2567 4620 implere
2591 4549 2910 4604 naturaliter
2935 4562 3110 4616 posse.
3136 4545 3274 4600 Cum
3301 4548 3448 4600 enim
3481 4559 3637 4617 agunt

384 4635 468 4688 vel
491 4649 588 4704 per
614 4637 890 4704 duritiam,
917 4641 997 4694 vel
1021 4656 1116 4709 per
1145 4643 1558 4698 crassitudinem
1604 4645 1783 4700 cordis
1827 4646 1965 4700 obli-

449 4773 496 4806 ”
524 4774 662 4829 Psal.
692 4791 819 4840 xxx,
840 4778 930 4833 ‘20.
1005 4780 1049 4810 "
1080 4779 1208 4833 an.
1239 4796 1350 4842 nx.
1375 4780 1460 4834 l0-

380 4847 403 4877 ’
429 4843 620 4900 Ezeeb.
649 4862 835 4907 xxxiv,
869 4849 920 4902 4.
1000 4849 1018 4879 ³
1040 4851 1172 4903 ibid.
1205 4850 1288 4903 l6.

383 4931 495 4979 χχι,
534 4931 665 4969 xxu.
743 4921 762 4949 ’
793 4918 1088 4982 "t‘bl'.\'lll,
1112 4920 1165 4971 5.
1244 4919 1286 4949 ὀ
1321 4919 1495 4974 Galat.
1541 4935 1591 4984 v,
1621 4923 1673 4976 5.

386 4984 481 5048 ll;
513 4985 682 5039 Exod.
714 5003 809 5055 xu,
831 4987 918 5052 15,
954 4989 1044 5043 19.
1088 4993 1093 4996 ’
1126 4990 1168 5019 ³⁸
1194 4989 1350 5043 Rom.
1381 5005 1442 5051 ll,
1477 4990 1563 5044 l5.

474 5100 564 5162 92)
609 5119 628 5152 ι
663 5101 797 5155 Sibi.
839 5121 858 5154 ι
888 5102 944 5156 1η
975 5103 1136 5158 editis
1176 5103 1462 5158 omittitur.

477 5171 567 5237 95)
611 5172 703 5226 Sic
733 5187 835 5226 ms.
872 5172 1071 5242 Regius
1103 5189 1251 5228 num.
1284 5175 1420 5230 1659
1446 5184 1500 5229 et
1536 5173 1813 5228 Rabanus.
1839 5174 1954 5228 Cae-

379 5243 818 5312 teriiveroAntss.
866 5252 921 5296 et
967 5244 1117 5307 editi,
1153 5262 1172 5296 ι
1208 5259 1330 5297 mna
1370 5264 1387 5296 ι
1433 5261 1530 5312 pro
1557 5264 1575 5295 ι
1615 5245 1889 5297 drachma.
1929 5262 1948 5295 ι

461 5309 574 5379 (94)
607 5327 627 5360 ‹
658 5309 1013 5384 Magisquam
1040 5329 1204 5383 super
1222 5330 1286 5368 eo
1308 5314 1400 5383 qui
1433 5309 1541 5368 non
1560 5313 1814 5384 perierat,
1853 5328 1952 5368 nec

381 5382 634 5436 inventus
657 5391 795 5434 est.»
819 5381 944 5436 llasc
976 5384 1027 5436 in
1059 5381 1389 5438 anteaeditis
1417 5381 1872 5444 desiderantur,et
1897 5385 1948 5437 in

381 5453 656 5520 plerisque
701 5468 832 5505 mss.
855 5467 1074 5523 necnon
1122 5453 1262 5523 apud
1315 5455 1633 5522 Rabanum,
1668 5457 1762 5509 sed
1789 5455 1947 5508 resti-

383 5531 608 5572 tuttntur
639 5537 705 5575 ex
741 5522 952 5576 duobus
995 5538 1122 5576 mss.

457 5594 565 5663 (95)
607 5595 695 5648 Sic
732 5595 901 5672 codex
939 5595 1302 5672 Vallis-Clara:
1339 5607 1393 5652 et
1443 5598 1550 5653 duo
1589 5599 1760 5672 Regii.
1804 5602 1956 5660 Salo-

383 5663 578 5736 dianus
614 5681 714 5736 pro
759 5685 775 5715 ι
824 5665 1032 5736 fugerat
1063 5684 1094 5736 ί»
1139 5667 1267 5735 legit
1310 5688 1327 5717 ‹
1376 5663 1727 5736 suggeram")
1772 5677 1953 5728 caeteri

383 5733 532 5803 editi,
569 5755 586 5782 ι
627 5732 936 5803 fregerat.)
965 5732 1144 5788 Codex
1183 5732 1311 5789 vero
1350 5732 1693 5794 Ebroicensis
1734 5752 1788 5795 et
1815 5759 1954 5798 unus

385 5800 604 5878 lli-gius,
653 5823 669 5852 ι
717 5800 880 5878 etiam
917 5803 1085 5870 ipsam
1116 5807 1414 5878 naturalem
1440 5807 1547 5874 jam
1583 5810 1809 5878 adeptus
1839 5815 1954 5868 fuc-

385 5857 691 5941 ratulegetn.
715 5891 752 5932 )
788 5857 1059 5938 Ιξιιιιειίιιιε,
1096 5895 1112 5926 ι
1151 5857 1812 5944 etiam

1537 4782 1578 4812 ⁹⁷
1606 4781 1794 4837 Matth.
1827 4801 1914 4848 xv,
1937 4784 2030 4838 24.

1367 4851 1387 4880 ’⁵
1416 4850 1664 4915 Luem,
1705 4854 1790 4906 l0.
1865 4857 1885 4886 ⁵
1920 4855 2112 4909 Matth.
2143 4870 2227 4912 xv.
2257 4855 2345 4908 ‘25.
2419 4849 2862 4910 "Joan.xvn.l%.

1369 4921 1495 4972 alat.
1541 4935 1591 4984 ν,
1621 4923 1673 4976 5.
1752 4925 1792 4955 “
1824 4924 2262 4990 liorn.tt,lvl—l6.
2342 4925 2384 4957 ¹²
2413 4921 2548 4978 Tob.
2581 4937 2654 4986 tv,
2689 4920 2770 4973 l6.
2850 4920 2860 4947 ¹

2072 4659 2190 4716 qua:
2219 4643 2357 4712 legis
2391 4652 2538 4707 sunt,
2573 4660 2591 4693 ι
2635 4641 2833 4710 scripta
2871 4660 2887 4691 ι
2927 4639 3138 4694 videtur
3178 4637 3263 4693 lex
3301 4639 3356 4692 in
3388 4639 3636 4694 cordibus

2773 4779 2817 4809 ⁹⁹
2850 4778 2977 4832 Luc.
3010 4779 3106 4838 xv',
3155 4776 3212 4831 8.
3326 4779 3341 4807 ί
3382 4777 3507 4831 ibid.
3542 4778 3628 4833 21.

2776 4849 2839 4877 ΔΩ
2937 4848 2957 4877 τ
2996 4848 3010 4877 Ι
3039 4849 3146 4877 l‘nn
3193 4861 3206 4877 ι
3255 4845 3323 4877 10
3420 4849 3441 4877 8
3470 4848 3608 4877 Uva“!

2850 4889 2862 4902 .
2937 4848 3012 4910 ’,Ι
3039 4849 3163 4901 Cor.
3193 4861 3230 4908 ι,
3255 4845 3342 4901 19.
3420 4849 3441 4877 ⁸
3469 4848 3631 4900 Exod.

2850 4919 2890 4950 ’³
2919 4918 3094 4973 Levit.
3114 4933 3212 4988 xtl,
3233 4919 3296 4986 5;
3318 4917 3470 4972 Deut.
3501 4933 3630 4981 χιιι,

2107 4785 2152 4816 ⁸⁸
2183 4784 2501 4838 Psal.cxvnt
2523 4823 2538 4847 ,
2573 4780 2692 4836 176.

2342 4925 2384 4957 ²²
2413 4921 2548 4978 Tob.
2581 4937 2654 4986 tv,
2689 4920 2770 4973 16.

2069 5095 2294 5150 turalem
2333 5095 2440 5162 iam
2480 5093 2654 5146 fuerat
2689 5089 2879 5160 legem.
2919 5107 2936 5140 ι

2133 5171 2244 5241 (96)
2285 5172 2361 5223 Ita
2399 5169 2685 5241 llabanus,
2738 5169 2881 5236 quod
2941 5177 3144 5223 rectius
3199 5168 3422 5241 videtur
3474 5184 3628 5239 quam

2066 5257 2085 5290 ι
2118 5237 2233 5309 pro
2257 5241 2416 5303 bono,
2453 5257 2471 5290 ›
2505 5249 2563 5292 ιιι
2596 5237 2774 5292 ferunt
2802 5252 2991 5292 omnes
3023 5251 3152 5291 mss.
3195 5239 3373 5294 nostri
3405 5249 3458 5294 et
3481 5237 3626 5295 editi.

2129 5310 2242 5377 (97)
2279 5309 2451 5374 Alias,
2481 5326 2500 5358 ι
2539 5309 2734 5370 defert,
2772 5327 2790 5358 ι
2829 5310 2991 5362 male.

2129 5380 2242 5452 (98)
2281 5381 2445 5444 Editi,
2471 5397 2488 5429 ι
2529 5378 2833 5448 ejusmodi;
2865 5396 2885 5430 ι
2911 5388 2964 5432 et
3007 5385 3212 5446 postea,
3249 5395 3270 5428 ι
3301 5380 3626 5436 conscientia
3711 5381 3713 5423 ι

2055 5450 2316 5519 ipsorum.
2360 5469 2380 5502 ι
2610 5517 2617 5519 Α
2821 5470 2831 5478 ·

2126 5521 2242 5603 (99)
2280 5519 2482 5603 Editi,¢
2505 5517 2892 5587 cogitationum
2916 5516 3321 5584 accusantium,
3356 5520 3623 5575 autetiam

2054 5591 2474 5646 defendentium.
2511 5607 2530 5640 ι

2125 5661 2198 5731 (1)
2241 5661 2334 5714 Sic
2365 5669 2510 5731 recte
2543 5674 2674 5715 mss.
2695 5660 2800 5713 duo
2828 5658 3211 5729 Regii.Caateri
3247 5676 3376 5720 vero
3397 5669 3451 5716 et
3472 5660 3622 5723 editi,

2058 5749 2079 5782 ι
2123 5729 2322 5784 dicitur
2350 5729 2568 5796 scripta.
2589 5748 2608 5780 ι

2125 5801 2202 5868 (‘2)
2234 5801 2306 5854 Ita
2340 5815 2467 5854 mss.
2498 5798 2638 5874 Editi
2671 5813 2822 5863 vero,
2857 5800 2927 5856 al.
2960 5816 3336 5874 «urgeremus,
3357 5823 3376 5856 ι
3406 5801 3476 5857 al.
3511 5800 3622 5856 tiu!

2056 5874 2419 5944 εριοιιιυδ,ιειι
2459 5887 2477 5921 ι
2509 5872 2902 5942 ingercrcmus.
2940 5889 2960 5923 ι
