3784 6526
53 472 124 529 893

55 596 190 638 eorum
231 594 257 634 a
287 580 414 645 Deo,
456 592 477 630 ι
537 590 643 631 non
693 582 1022 639 atramento,
1061 574 1157 629 sed
1216 570 1422 642 Spiritu
1468 568 1560 623 Dei
1593 568 1639 624 A

53 677 125 728 uti
154 674 204 727 ".
235 692 252 725 ι
277 671 422 738 Quod
474 680 657 724 autem
707 668 861 734 dicit,
898 684 918 718 ι
968 667 1021 721 in
1055 666 1345 729 cordibus,
1384 682 1405 716 ι
1452 679 1560 718 non

54 776 110 821 est
133 765 388 835 putandum
437 761 567 831 quia
603 761 655 815 in
688 759 934 814 membro
961 758 1228 827 corporis,
1273 756 1417 825 quod
1466 770 1563 810 cor

55 859 322 928 appellatur,
363 855 449 908 lex
499 855 701 922 scripta
748 851 985 906 dicatur.
1032 849 1186 906 Unde
1234 850 1381 905 enim
1429 864 1560 904 caro

56 962 118 1005 aut
144 959 293 1004 tantos
341 947 645 1016 prudentia:
691 959 885 1001 sensus
931 945 1104 1013 possit
1149 944 1423 1004 emittere,
1466 951 1560 995 aut

56 1055 161 1097 tanta
204 1038 463 1094 memorias
540 1037 880 1107 receptacula
940 1036 1224 1092 continere
1278 1034 1356 1105 (5)
1397 1034 1423 1088 ?
1454 1033 1560 1089 Sed

56 1133 264 1189 sciendum
292 1141 372 1186 est
416 1130 736 1184 rationalem
771 1130 968 1183 anima:
1013 1128 1271 1182 virtutem
1323 1140 1420 1182 cor
1468 1140 1559 1181 so—

55 1229 129 1281 lere
148 1224 410 1279 nominari.
445 1227 632 1294 Atque
666 1222 741 1294 (4)
770 1221 1078 1277 testimonio
1102 1235 1248 1277 same
1278 1221 1561 1276 conscien-

56 1318 114 1369 tia:
148 1316 207 1368 uti
248 1312 536 1382 Apostolus
586 1314 724 1367 dicit
759 1328 875 1378 eos,
904 1310 993 1381 qui
1029 1310 1360 1380 descriptam
1387 1309 1561 1364 conti-

54 1416 142 1462 nent
164 1407 207 1459 in
226 1405 476 1461 cordibus
518 1405 717 1473 legem.
757 1403 917 1458 Unde
954 1401 1321 1458 necessarium
1350 1400 1563 1456 videtur

55 1500 275 1563 discutere,
306 1498 433 1567 quid
460 1498 607 1553 istud
634 1497 707 1553 sit
734 1494 879 1566 quod
906 1495 1291 1551 conscientiam
1331 1495 1563 1565 Aposto-

57 1593 288 1645 lusvocat:
316 1591 573 1645 utrumne
594 1589 699 1643 alia
734 1589 806 1645 sit
831 1589 1011 1659 aliqua
1043 1585 1367 1652 substantia,
1397 1600 1560 1655 quam

55 1700 134 1750 cor,
161 1684 231 1737 vel
255 1684 451 1738 anima.
495 1683 625 1738 Haec
677 1683 822 1738 enim
867 1682 1201 1737 conscientia
1240 1679 1320 1751 (5)
1351 1688 1407 1734 et
1433 1677 1559 1733 alibi

55 1776 214 1843 dicitur,
229 1776 345 1845 quia
371 1776 760 1846 reprehendat,
784 1790 891 1829 non
916 1773 1362 1843 reprehendatur,
1393 1780 1448 1825 et
1472 1770 1561 1840 ju-

54 1869 152 1923 dicet
181 1868 462 1932 hominem,
488 1882 597 1922 non
644 1868 760 1935 ipsa
788 1866 1085 1936 judicetur,
1125 1863 1264 1918 sicut
1296 1863 1373 1916 ait
1399 1859 1560 1915 Joan-

54 1975 150 2016 nes:
181 1979 198 2011 ι
244 1959 296 2015 Si
331 1959 699 2023 conscientia,
730 1977 750 2010 ι
788 1958 1001 2026 inquit,
1053 1973 1072 2007 ι
1112 1963 1298 2011 nostra
1340 1952 1418 2024 (6)
1455 1967 1562 2007 non

54 2052 342 2119 reprehendat
369 2066 494 2117 nos,
557 2050 808 2105 ﬁduciam
844 2049 1105 2105 habemus
1146 2047 1212 2101 ad
1248 2046 1417 2100 Deum
1440 2045 1502 2098 “.
1538 2063 1558 2097 ι

54 2142 97 2196 Et
118 2145 278 2198 iterum
316 2144 432 2212 ipse
465 2140 671 2198 Paulus
701 2142 825 2196 alibi
873 2141 1007 2196 dicit
1034 2141 1098 2208 '7,
1134 2140 1261 2209 quia
1298 2154 1319 2190 α
1357 2138 1563 2208 gloria-

54 2238 271 2292 tionostra
320 2236 437 2290 haec
486 2244 596 2301 est,
645 2233 1013 2289 testimonium
1048 2230 1402 2287 conscientia:
1462 2246 1562 2284 no-

53 2333 153 2379 stra.
185 2345 201 2378 ι
246 2324 376 2392 Quia
430 2340 572 2393 ergo
615 2333 818 2378 tantam
866 2321 983 2390 ejus
1033 2322 1191 2377 video
1229 2321 1562 2385 libertatem,

52 2431 131 2483 quae
152 2417 194 2470 in
218 2418 362 2473 bonis
404 2417 631 2487 quidem
662 2416 831 2486 gestis
859 2415 1089 2484 gaudeat
1117 2428 1351 2484 semper,
1390 2421 1446 2467 et
1469 2426 1567 2468 ex-

53 2507 179 2573 sultet,
207 2509 255 2562 in
291 2507 447 2564 malis
478 2522 615 2563 vero
642 2521 748 2562 non
788 2517 1070 2577 arguatur,
1118 2506 1212 2561 sed
1250 2506 1420 2576 ipsam
1456 2504 1568 2559 ani-

54 2614 152 2651 mam
186 2599 261 2654 cui
288 2600 556 2665 cohaeret,
592 2599 974 2669 reprehendat,
1002 2608 1058 2653 et
1086 2606 1300 2668 arguat,
1330 2595 1567 2651 arbitror

53 2692 149 2757 quod
174 2691 274 2761 ipse
317 2693 387 2748 sit
448 2692 706 2760 spiritus,
740 2692 832 2760 qui
884 2693 952 2747 ab
999 2689 1260 2761 Apostolo
1281 2704 1402 2746 esse
1441 2704 1564 2745 cum

53 2785 175 2837 anima
199 2784 407 2850 dicitur,
436 2784 746 2841 secundum
772 2785 917 2854 quod
946 2785 998 2838 in
1030 2783 1404 2854 superioribus
1436 2782 1567 2837 edo-

53 2877 220 2944 cuimus,
250 2877 392 2932 velut
451 2876 784 2948 paedagogus
836 2877 885 2933 ei
934 2878 1157 2947 quidam
1196 2877 1455 2939 sociatus,
1512 2884 1567 2930 et

53 2981 196 3035 rector,
223 2983 276 3027 ut
303 2986 420 3026 eam
461 2975 533 3025 de
566 2969 889 3026 melioribus
920 2978 1155 3037 moneat,
1180 2970 1264 3024 vel
1293 2970 1363 3025 de
1396 2968 1567 3038 culpis

53 3064 234 3132 castiget,
257 3072 309 3117 et
335 3071 534 3133 arguat
560 3077 575 3127 ;
604 3062 670 3116 de
703 3077 810 3131 quo
832 3071 887 3117 et
929 3062 1061 3119 dicit
1087 3062 1403 3132 Apostolus,
1441 3064 1567 3133 quia

54 3168 211 3208 tnemo
232 3155 329 3210 scit
358 3154 649 3209 hominum
683 3168 802 3222 qua:
848 3163 976 3208 sunt
1026 3154 1283 3221 hominis,
1312 3155 1417 3209 nisi
1457 3155 1569 3224 spi-

53 3245 145 3300 ritus
170 3248 410 3312 hominis,
439 3247 542 3317 qui
574 3246 629 3300 in
670 3247 786 3314 ipso
808 3255 891 3301 est
914 3246 956 3278 ³⁸
983 3262 998 3312 ;
1035 3265 1054 3300 ι
1104 3254 1156 3301 et
1186 3247 1302 3315 ipse
1328 3246 1403 3303 sit
1433 3262 1566 3303 con-
1594 3271 1637 3329 ρ

51 3338 231 3393 scientia!
249 3340 501 3410 spiritus,
526 3340 595 3394 de
617 3353 724 3408 quo
767 3338 941 3394 dicit’:
990 3355 1009 3389 ι
1048 3336 1169 3408 Ipse
1214 3337 1448 3408 Spiritus
1484 3348 1565 3394 te-

49 3432 291 3488 stimouium
319 3433 500 3489 reddit
520 3432 737 3503 spiritui
760 3441 947 3487 nostro
972 3430 1036 3486 ι’.
1054 3450 1072 3483 ι
1106 3430 1329 3486 Etforte
1344 3430 1433 3485 hic
1453 3430 1568 3501 ipse

49 3524 215 3591 spiritus
235 3534 335 3592 est,
365 3526 460 3596 qui
504 3525 747 3579 cohaeret
795 3524 1080 3578 animabus
1115 3522 1421 3593 iustorum,
1448 3535 1568 3590 quae

52 3616 119 3669 sibi
141 3617 185 3671 in
218 3618 469 3673 omnibus
512 3615 836 3670 obedientes
882 3614 1124 3682 iuerint;
1161 3623 1218 3669 et
1266 3612 1396 3675 ideo.
1433 3613 1568 3668 scri-

49 3716 151 3775 ptum
173 3718 281 3765 est:
322 3728 342 3763 ς
395 3708 673 3772 Laudate,
706 3705 930 3776 Spiritus
961 3714 1017 3759 et
1041 3704 1235 3759 animae
1260 3703 1558 3773 iustorum,

50 3798 268 3857 Dominum
286 3804 353 3862 ὀ,
392 3821 411 3854 ι
442 3801 506 3856 Si
538 3814 672 3856 vero
710 3799 1026 3853 inobediens
1056 3798 1104 3852 ei
1133 3797 1313 3851 anima
1343 3806 1398 3852 et
1431 3810 1565 3851 con-

51 3898 182 3946 tumax
211 3891 388 3959 fuerit.
415 3890 704 3947 dividetur
725 3889 794 3943 ab
824 3903 888 3942 eo
918 3895 1041 3957 post
1068 3900 1376 3951 excessum,
1404 3893 1459 3941 et
1480 3900 1568 3940 se-

46 3981 277 4045 parabitur.
311 3981 379 4037 Et
405 3992 637 4052 propter
656 3980 757 4033 hoc
779 3987 909 4047 puto
942 3978 1144 4032 dictum
1169 3991 1286 4031 esse
1311 3977 1366 4031 in
1393 3975 1568 4030 Evan-

50 4067 146 4133 gelia
166 4070 221 4125 de
249 4072 388 4127 malo
411 4070 603 4127 villico
655 4068 755 4137 (7),
782 4068 908 4137 quia
937 4085 956 4118 ι
983 4066 1191 4121 dividet
1221 4082 1344 4121 eum
1383 4065 1569 4120 Domi-

48 4158 557 4231 uus,etpartem‘cjus
584 4173 709 4214 cum
751 4156 1056 4212 inﬁdelibus
1096 4165 1260 4225 ponet
1288 4157 1356 4206 ²¹.
1394 4172 1414 4205 ι
1450 4154 1569 4223 Ipse

49 4249 234 4308 fortassis
251 4262 328 4309 est
350 4253 610 4324 spiritus,
632 4251 700 4304 de
730 4264 838 4318 quo
866 4248 1126 4317 scriptum
1149 4256 1249 4308 est,
1278 4245 1403 4315 quia
1432 4262 1451 4296 ι
1488 4244 1572 4299 in-

47 4345 349 4414 rormptibilis
393 4354 485 4401 est
513 4344 738 4413 spiritus
782 4342 834 4396 in
874 4340 1183 4396 hominibus
1224 4341 1291 4394 “.
1324 4356 1344 4391 ι
1385 4338 1454 4393 Ει
1481 4353 1569 4394 se-

48 4438 222 4491 cundum
251 4437 454 4510 eaquae
482 4436 739 4506 superius
766 4434 1025 4500 diximus,
1062 4433 1187 4503 quia
1224 4432 1481 4488 dividitur
1507 4446 1571 4487 ac

46 4541 266 4594 separatur
292 4532 370 4602 (8)
403 4531 477 4585 ab
509 4529 693 4583 anima
730 4527 1058 4597 peccatrice,
1092 4535 1151 4580 ut
1175 4524 1263 4579 illa
1293 4539 1417 4579 cum
1449 4524 1573 4577 inti-

1592 1927 1637 1984 Β

882 434 889 439 ’
930 451 1290 521 COMMENT.
1332 447 1401 505 IN
1441 443 1661 502 EPIST.

1703 443 1794 499 AD
1832 441 2000 500 ROM.
2036 439 2166 495 LiB.
2203 437 2269 492 ll.
3135 433 3244 490 891

1737 565 1824 619 10.
1866 563 2021 617 Nunc
2049 560 2331 614 videamus
2353 555 2496 625 quod
2526 554 2771 624 sequitur
2795 567 2809 605 :
2849 568 2869 602 ι
2916 548 2984 604 Et
3013 550 3153 604 inter
3182 564 3243 604 se

1666 657 1894 713 invicem
1935 648 2359 722 cogitationibus
2382 646 2789 711 accusantibus,
2823 654 2917 697 aut
2949 643 3113 696 etiam
3144 643 3244 694 de-

1662 746 2005 803 fendentihus
2029 745 2083 799 in
2106 742 2213 808 die,
2241 740 2645 810 cnmjndieahit
2667 738 2809 791 Deus
2835 734 3039 789 nsculta
3069 733 3246 788 homi-

1662 855 1788 894 num
1819 836 2111 894 secundum
2141 833 2492 902 Evangelium
2524 844 2724 893 meum,
2744 843 2839 897 per
2865 826 3051 882 Iesum
3084 824 3247 879 Chri—

1661 936 1801 982 stum
1824 926 1889 981 “.
1928 944 1948 978 ι
1988 925 2212 979 Rectum
2257 921 2524 993 judicium
2571 918 2661 973 Dei
2705 933 2824 972 esse
2853 917 2976 986 quis
3007 915 3242 976 dubitet,

1661 1018 1751 1073 ubi
1801 999 2189 1080 accusatores,
2224 1023 2282 1069 et
2324 1012 2641 1068 defensores
2689 1010 3016 1063 adhibentur
3052 1014 3108 1060 et
3164 1013 3246 1058 te-

1661 1109 1819 1165 stes?
1843 1109 1907 1162 Et
1930 1107 2150 1178 quidem
2177 1106 2245 1161 de
2272 1105 2379 1159 hoc
2400 1103 2552 1172 justo
2578 1100 2669 1155 Dei
2695 1098 2901 1169 judicio
2940 1111 3040 1152 nos
3068 1095 3246 1151 Immi-

1662 1213 1759 1255 nes
1787 1198 2068 1268 capiamus
2092 1195 2423 1266 exemplum,
2461 1208 2560 1248 nec
2591 1201 2843 1262 putemus
2864 1202 3104 1257 unquam
3128 1186 3248 1239 sine

1663 1302 1971 1358 accusante,
1996 1298 2052 1345 et
2093 1288 2437 1351 defendente,
2476 1298 2531 1340 et
2562 1286 2790 1339 testibus
2816 1283 3021 1353 justum
3052 1278 3245 1334 haberi

1662 1396 1818 1453 posse
1851 1381 2127 1450 iudicium.
2158 1378 2365 1435 Deinde
2404 1377 2692 1432 videndum
2747 1383 2832 1429 est
2871 1371 3146 1443 quomodo
3185 1369 3244 1423 in

1662 1473 1749 1529 illa
1773 1475 2007 1536 die,cum
2025 1471 2291 1541 indicabit
2313 1469 2456 1524 Deus
2479 1467 2691 1524 occulta
2719 1467 3017 1528 hominum,
3035 1462 3246 1532 cogita-

1660 1567 1837 1622 tiones
1863 1564 2027 1637 487
2060 1564 2143 1619 vel
2193 1561 2529 1618 accusabunt
2579 1559 2843 1623 animam,
2899 1554 2986 1610 vel
3048 1553 3241 1607 dcl'en-

1660 1660 1811 1719 dent,
1845 1672 1951 1711 non
1986 1642 2176 1725 utique
2206 1653 2314 1709 illa:
2345 1652 2706 1723 cogitationes
2733 1664 2856 1720 qua:
2886 1660 3015 1703 tunc
3049 1657 3240 1709 erunt,

1660 1752 1758 1806 sed
1780 1751 1898 1805 ista:
1931 1763 2055 1819 quae
2093 1761 2237 1803 nunc
2271 1754 2399 1802 sunt
2445 1746 2501 1800 in
2546 1746 2723 1800 nobis.
2776 1742 2908 1797 Cum
2954 1741 3098 1794 enim
3125 1741 3244 1792 sive

1663 1842 1824 1905 bona,
1872 1840 1989 1895 sive
2035 1837 2176 1892 mala
2206 1833 2736 1905 cogitamus,vvelut
2766 1831 2820 1885 in
2856 1830 3001 1884 ceris
3029 1827 3129 1901 (9),
3166 1828 3243 1881 ita

1664 1932 1716 1986 in
1743 1932 1906 1987 corde
1932 1938 2117 1985 nostro
2141 1939 2250 1983 tam
2277 1928 2541 1982 bonarum
2571 1939 2734 1995 quam
2798 1924 3061 1977 malarum
3089 1919 3238 1989 cogi-

1668 2026 1932 2082 tationum
1967 2034 2112 2079 notre
2136 2023 2385 2092 quaedam
2432 2030 2489 2076 et
2533 2017 2814 2089 signacula
2847 2016 3243 2083 relinquuntur,

1665 2132 1784 2188 qua:
1809 2118 1861 2171 in
1892 2115 2107 2171 occulto
2133 2129 2279 2169 nunc
2307 2112 2549 2182 pectoris
2578 2111 2773 2179 posita,
2818 2109 2871 2162 in
2899 2107 2990 2161 illa
3018 2107 3105 2160 die
3151 2119 3246 2159 re-

1664 2208 1837 2264 velari
1869 2208 2124 2263 dicuntur
2155 2219 2186 2257 a
2240 2204 2392 2258 nullo
2432 2201 2559 2266 alio,
2610 2200 2711 2254 nisi
2744 2201 2811 2253 ab
2860 2213 2926 2253 eo
2960 2198 3053 2268 qui
3095 2196 3243 2250 solus

1665 2307 1843 2368 potest
1868 2296 2077 2353 occulta
2105 2294 2386 2349 hominum
2437 2294 2579 2348 scire
2608 2309 2623 2347 :
2655 2307 2887 2361 quorum
2940 2292 3242 2360 signorum,

1667 2389 1753 2444 vel
1777 2403 2003 2458 quarum
2034 2395 2284 2441 notarum
2317 2399 2515 2438 causas
2545 2398 2649 2436 non
2680 2382 2852 2436 latere
2882 2381 3048 2434 Deum
3076 2381 3240 2433 etiam

1646 2490 1855 2535 nostra
1883 2476 2219 2533 conscientia
2255 2472 2678 2529 contestabitur.
2734 2471 2885 2538 Quod
2948 2479 3129 2524 tamen
3156 2468 3245 2535 ju-

1666 2573 1886 2637 dicium,
1922 2568 2218 2624 secundum
2253 2565 2609 2633 Evangelium
2636 2563 2788 2617 Pauli
2824 2561 2950 2633 (hoc
2977 2560 3245 2631 est,quod

1669 2660 1869 2717 Paulus
1903 2659 2213 2730 annuntiat)
2245 2674 2342 2730 per
2364 2657 2546 2712 Jesum
2573 2657 2851 2711 Christum
2890 2655 3003 2710 ﬁet.
3034 2672 3052 2706 ι
3084 2654 3246 2707 Pater

1666 2755 1812 2808 enim
1856 2754 2128 2807 neminem
2168 2751 2401 2821 judicat,
2444 2749 2541 2803 sed
2577 2762 2739 2803 omne
2781 2746 3047 2817 judicium
3094 2744 3246 2798 dedit

1668 2842 1804 2898 Filio
1833 2842 1897 2897 “.
1936 2860 1957 2894 ι
1989 2839 2231 2901 Marcion
2280 2848 2485 2901 tamen,
2537 2846 2592 2891 et
2620 2850 2812 2891 omnes
2867 2834 2959 2904 qui
3015 2833 3246 2888 diversis

1588 2944 1592 2949 ‘
1667 2932 1939 3006 ﬁgmentis
1986 2932 2173 2987 varias
2224 2930 2581 2984 introducunt
2624 2927 2926 2980 animarum
2997 2933 3244 2987 naturas,

1667 3026 1771 3080 hoc
1790 3039 1859 3078 ex
1884 3022 2002 3075 loco
2029 3019 2372 3090 apertissime
2419 3017 2793 3080 confutantur,
2837 3029 2958 3069 cum
3000 3029 3029 3068 a
3069 3013 3241 3067 Paulo

1668 3114 1866 3170 dicitur
1906 3112 1952 3144 “
1984 3111 2128 3167 Deus
2173 3111 2384 3166 occulta
2425 3108 2706 3162 hominum
2756 3106 3129 3176 judicareper
3154 3100 3243 3158 Je-

1669 3220 1787 3260 sum
1814 3202 2087 3259 Christum
2134 3217 2149 3254 :
2189 3212 2243 3256 et
2272 3200 2580 3256 ostenditur
2631 3209 3076 3264 unumquemque
3135 3207 3244 3247 non

1671 3307 1882 3353 naturae
1905 3293 2211 3365 privilegio,
2262 3293 2358 3349 sed
2390 3290 2628 3361 propriis
2680 3286 3102 3358 cogitationibus
3153 3296 3244 3340 ac-

1672 3396 1939 3455 cusatum,
1973 3385 2058 3441 vel
2093 3394 2435 3450 excusatum,
2463 3381 2810 3439 conscientia:
2839 3392 2952 3436 suae
2996 3377 3250 3433 testimo-

1672 3481 1764 3536 nio
1778 3478 2156 3550 iudicandum.

1743 3614 1833 3670 ll.
1871 3629 1892 3664 ι
1929 3611 1988 3667 Si
2032 3620 2213 3671 autem
2262 3619 2317 3665 tu
2348 3607 2566 3664 Judaeus
2595 3604 3022 3677 cognominaris,
3076 3611 3133 3659 et
3159 3617 3248 3658 re—

1672 3700 1906 3771 quiescis
1946 3702 2000 3755 in
2041 3699 2181 3769 lege,
2216 3708 2272 3754 et
2320 3696 2572 3768 gloriaris
2619 3698 2672 3749 in
2704 3695 2838 3758 Deo,
2881 3702 2938 3747 et
2963 3692 3250 3760 cognoscis

1672 3792 2002 3848 voluntatem
2034 3792 2171 3859 ejus,
2210 3797 2266 3844 et
2306 3791 2509 3859 probas
2547 3785 2790 3851 utiliora,
2818 3785 3118 3838 instructus
3147 3795 3248 3848 per

1673 3882 2263 3955 iegem,etconﬁdiste
2304 3880 2499 3935 ducem
2564 3890 2682 3933 esse
2738 3888 3026 3936 caecorum,
3063 3872 3246 3926 lumen
3321 3894 3326 3907 ι

1673 3991 1862 4034 eorum
1899 3976 1992 4046 qui
2026 3976 2081 4028 in
2138 3974 2379 4028 tenebris
2404 3980 2553 4038 sunt,
2612 3969 2940 4024 eruditorem
2982 3965 3247 4032 insipien-

1676 4072 1832 4138 tium,
1877 4069 2196 4139 magistrum
2265 4063 2585 4127 infantium,
2649 4060 2943 4115 habentem
3015 4056 3247 4111 formam

1676 4161 1917 4219 scientia:
1947 4169 2003 4215 et
2027 4157 2278 4213 veritatis
2305 4157 2358 4210 in
2388 4154 2527 4224 lege.
2572 4151 2673 4217 Qui
2702 4164 2832 4205 vero
2869 4151 3031 4204 doces
3059 4146 3248 4211 alium,

1676 4255 1908 4322 teipsum
1940 4263 2046 4303 non
2089 4247 2296 4300 doces:
2326 4243 2421 4313 qui
2467 4241 2732 4312 prazdicas
2784 4253 2891 4294 non
2928 4236 3247 4301 furandum,

1675 4345 1880 4400 furaris
1909 4360 1922 4395 :
1956 4340 2048 4411 qui
2105 4339 2239 4392 dicis
2274 4351 2378 4389 non
2431 4331 2839 4396 mmehandum,
2909 4327 3248 4383 mtecharis:

1675 4436 1769 4507 qui
1818 4432 2154 4489 abominaris
2208 4428 2372 4495 idola,
2403 4427 2751 4497 sacrilegium
2789 4424 3127 4479 committis:
3157 4419 3250 4489 qui

1679 4531 1730 4583 in
1763 4529 1877 4597 lege
1904 4512 2193 4594 gloriaris,
2212 4536 2310 4592 per
2345 4518 2855 4591 praevaricationem
2913 4515 3049 4586 legis
3080 4514 3247 4569 Deum

46 4614 202 4674 delibns
232 4620 472 4690 accipiat
503 4626 741 4686 partem,
778 4621 955 4686 potest
990 4612 1242 4669 similiter
1281 4613 1365 4669 bis
1395 4613 1565 4683 aptari

1715 4620 1999 4674 ehonoras.
2030 4615 2238 4670 Nomen
2273 4614 2421 4668 enim
2455 4612 2549 4665 Dei
2580 4626 2675 4680 per
2699 4623 2796 4663 vos
2831 4607 3243 4675 blasphematur

44 4709 195 4765 etiltud
221 4713 357 4781 quod
389 4712 604 4767 dictum
632 4717 717 4763 est
743 4724 759 4760 :
798 4725 817 4758 ι
851 4706 1022 4760 Erunt
1049 4704 1154 4758 duo
1178 4705 1230 4758 in
1256 4718 1406 4772 agro,
1436 4717 1565 4758 unus

1715 4720 1816 4766 iter
1843 4718 2053 4779 gentes,
2117 4708 2259 4762 sicut
2292 4707 2560 4775 scriptum
2603 4713 2688 4757 est
2723 4702 2790 4754 ’⁷.
2828 4720 2847 4753 ι
2880 4699 3246 4765 Quemadmo—

46 4812 311 4868 assumetnr,
357 4813 416 4858 et
451 4817 600 4857 unus
649 4798 987 4868 relinquetur
1020 4813 1033 4848 :
1062 4804 1117 4850 et
1165 4796 1286 4848 dua:
1333 4793 1403 4847 ad
1458 4807 1565 4847 mo-

1716 4819 1802 4857 nm
1835 4803 1888 4857 in
1948 4800 2248 4868 Scripturis
2301 4797 2636 4868 propheticis
2659 4793 3107 4857 observavimus,
3140 4803 3247 4843 non

45 4894 136 4959 lam,
165 4911 258 4951 una
287 4902 637 4958 assumetur,
680 4899 736 4945 et
767 4904 873 4944 una
918 4888 1261 4957 relinquetur
1278 4885 1347 4939 ”.
1386 4904 1405 4938 ι
1449 4884 1565 4941 Haec

1715 4897 1851 4953 nium
1900 4895 2130 4951 dicentis
2176 4908 2467 4964 personant
2512 4891 2747 4945 latenter
2793 4896 2846 4942 et
2879 4885 3061 4939 subito
3095 4896 3248 4938 com-

45 4982 159 5040 deeo
182 4988 316 5056 quod
343 4988 625 5058 scriptum
653 4994 737 5040 est
770 4999 788 5038 :
827 5000 848 5034 ι
880 4979 1273 5038 Testimonium
1315 4978 1565 5035 reddente

1715 4989 1895 5055 tutari,
1939 5002 2129 5044 verum
2170 4995 2226 5041 et
2271 5000 2460 5041 eorum
2511 4984 2575 5037 ad
2622 4995 2758 5052 quos
2805 4991 3008 5041 sermo,
3066 4975 3151 5030 vel
3185 4974 3254 5029 de

43 5080 336 5137 (οηωίθηιίθο
385 5100 408 5135 ι
712 5104 715 5105 ν
1675 5079 1877 5149 quibus
1912 5093 2094 5135 sermo
2124 5079 2187 5132 tit
2209 5094 2224 5146 ;
2250 5075 2403 5133 verbi
2441 5073 2641 5145 gratia,
2676 5080 2734 5124 ut
2763 5085 2913 5125 nunc
2968 5082 3038 5121 ex
3067 5065 3252 5121 Patris

92 5217 164 5274 "l
195 5219 316 5279 Cor.
359 5236 449 5286 ιη,
488 5219 547 5273 '5.
625 5217 670 5249 ’⁸
697 5214 911 5286 Ιίιίοειη.
950 5229 1038 5277 rtt,
1079 5213 1229 5286 gr.__
1255 5212 1301 5286 ξῖ
1337 5208 1565 5286 ll_Cor.t

1715 5253 1725 5268 .
1769 5214 1845 5286 ᾖε
1881 5211 2056 5286 Ιῼρῖ.
2086 5228 2147 5277 rt,
2185 5211 2274 5286 ll_.

43 5284 104 5342 86.
146 5271 337 5346 iILiic'.
358 5271 574 5356 ἶῖίμίϐ.
642 5288 688 5319 ¹¹
715 5285 836 5342 Job.
867 5271 1045 5349 mut,
1071 5284 1125 5339 8.
1162 5271 1231 5313 ’⁸⁵
1253 5281 1443 5335 Matth.
1478 5296 1565 5337 nt

1717 5326 1731 5346 ,
1753 5285 1842 5339 41.
1918 5283 1964 5314 ’δ
1993 5271 2323 5348 llorrt.tt,15,
2341 5281 2428 5337 16.
2494 5277 2541 5311 ’³
2572 5277 2728 5335 Joau.
2760 5288 2816 5341 v,
2846 5271 2937 5327 22.

43 5367 85 5419 ιι,
104 5358 172 5414 l6.
238 5361 283 5394 ιτ
307 5362 443 5417 una.
481 5360 554 5414 i7
581 5372 701 5427 seq.

89 5472 149 5543 (ὅ)
182 5475 269 5532 Sic
296 5476 431 5533 editi
486 5474 736 5544 plerique
776 5481 831 5528 et
877 5485 1006 5529 mss.
1047 5468 1390 5544 duo.Caeteri
1438 5483 1570 5529 vero

42 5540 140 5595 mss.
163 5556 212 5599 et
235 5548 406 5601 editio
440 5540 672 5608 veneta,
703 5560 723 5593 ι
760 5550 853 5595 aut
891 5550 1037 5595 tanta
1084 5540 1358 5593 memoriae
1412 5553 1567 5593 rece-

42 5614 205 5689 Placula
250 5614 605 5689 convenire?
627 5631 647 5664 ι
685 5611 959 5689 “abantis,
1000 5629 1018 5662 ι
1053 5619 1148 5665 aut
1182 5619 1333 5664 tanto
1366 5624 1572 5663 mento-

42 5682 108 5733 τίεε
133 5688 466 5752 receptaculo
501 5682 836 5746 convenire?
869 5700 888 5734 ›

91 5752 151 5831 μ)
191 5747 413 5827 «Atque.
431 5774 468 5831 ιΔ
492 5753 821 5831 Restituitur
844 5765 1028 5831 es‘ms.
1050 5748 1221 5817 Regio
1254 5747 1568 5831 numJﬁSﬁ,

43 5821 107 5884 liii
146 5820 320 5893 postea
377 5826 551 5880 habet
601 5824 741 5878 sicut
789 5831 843 5876 et
894 5823 1170 5884 llabanus,
1202 5838 1219 5871 ι
1261 5820 1571 5893 testimonia

45 5887 159 5951 δειλαί
174 5896 553 5965 conscientiae,
581 5913 600 5947 ι
635 5903 741 5949 etc.
769 5894 959 5949 (ἐκειρτὶ
996 5908 1124 5948 tnss.
1160 5899 1214 5945 ct
1247 5890 1442 5960 cditi,r
1481 5887 1567 5949 Tc-

2349 5209 2394 5242 ¹⁹
2418 5209 2574 5265 Rom.
2608 5220 2727 5268 vin,
2754 5203 2839 5258 16.
2918 5201 2964 5232 ¹⁰
2994 5198 3127 5254 Dan.
3162 5212 3250 5265 Ill,

2349 5281 2421 5323 I6,
2494 5277 2541 5311 ³³
2572 5277 2728 5323 .lnan.
2760 5288 2816 5323 ν.
2846 5271 2937 5323 22.
3013 5271 3061 5302 ³⁸
3093 5268 3250 5323 Rom.

3141 5284 3253 5323 om.

1672 5466 1931 5526 stimonio
1957 5478 2091 5520 sane
2129 5460 2497 5526 conscientiae,
2528 5477 2547 5510 ι
2568 5466 2698 5519 etc.,
2729 5452 2935 5526 omisso
2965 5470 2984 5505 ι
3018 5460 3200 5522 atque.
3226 5464 3252 5498 ι

1769 5538 1822 5590 5)
1865 5524 2462 5587 «ConscientiaaDeest
2486 5527 2541 5581 in
2566 5533 2723 5581 antea
2747 5524 2929 5589 editis.

1769 5598 1824 5661 6)
1867 5604 2148 5658 «Nostra.»
2180 5599 2237 5651 ln
2269 5600 2433 5653 editis
2461 5598 2751 5651 omittitur.

1745 5670 1825 5747 (7)
1868 5676 2025 5747 Editi,
2058 5690 2077 5722 ‹
2104 5671 2318 5747 iudicet:
2365 5685 2385 5720 ι
2419 5670 2580 5722 male.

1748 5735 1824 5815 (8)
1866 5745 2006 5800 Editi
2025 5783 2039 5806 ,
2075 5735 2396 5815 (dividetur
2425 5752 2490 5791 ac
2516 5735 2881 5815 separabttur.
2912 5751 2942 5789 ι

1755 5809 1831 5888 (9)
1867 5817 2034 5881 Alias,
2070 5832 2087 5864 ι
2126 5809 2340 5865 caeteris
2371 5824 2384 5860 :
2418 5826 2435 5860 ι
2461 5809 2621 5865 male.

2804 5990 2831 6013 1
