3754 6542
498 422 606 479 895

500 555 755 610 persona,
787 554 932 594 nunc
962 554 1030 594 ex
1074 538 1221 607 Filii,
1257 538 1345 595 vel
1403 540 1645 612 Spiritus
1687 540 1887 605 sancti,
1933 558 2080 597 nunc

500 631 663 685 etiam
694 647 763 686 ex
791 646 1023 701 persona
1067 632 1371 703 prophetae,
1423 643 1521 688 aut
1549 633 1781 688 aliorum
1807 650 2074 702 quorum-

499 723 632 779 libet.
666 724 848 793 aliqua
879 725 1169 792 dicantur;
1228 736 1287 779 et
1327 740 1474 781 nunc
1504 725 1728 795 quidem
1781 741 1964 782 sermo
2009 727 2074 781 ad

499 813 852 872 lsraeliticam
884 829 1124 888 gentem,
1158 834 1305 874 nunc
1330 820 1397 873 ad
1429 830 1650 874 exteras
1679 820 1953 883 nationes,
1986 829 2077 873 aut

501 908 567 962 ad
593 924 766 978 reges,
800 919 853 964 et
876 910 944 964 ad
971 912 1120 966 mille
1143 911 1279 967 alios
1314 912 1617 979 dirigatur:
1654 915 1726 966 ita
1759 913 1891 967 mibi
1923 913 2076 967 vide-

501 1011 589 1054 tur
615 1003 778 1055 etiam
830 1003 944 1057 lucc
985 1005 1052 1058 ad
1104 1003 1381 1059 Romanos
1408 1002 1521 1074 (10)
1560 1005 1761 1074 scripta
1792 1020 1911 1059 esse
1951 1004 2080 1071 Epi-

498 1092 662 1153 stola.
694 1103 752 1147 ut
786 1094 1057 1148 interdum
1107 1105 1162 1149 et
1197 1096 1429 1151 dicentis
1451 1111 1682 1166 persona
1725 1104 1988 1160 mutetur,
2023 1104 2078 1148 et

499 1183 789 1252 aliquando
815 1186 1032 1255 quidem
1069 1185 1267 1241 Paulus
1296 1187 1595 1258 spiritualis
1629 1187 1907 1257 loquatur,
1937 1186 2081 1241 sicut

499 1275 554 1330 in
614 1276 799 1332 multis
846 1277 1100 1347 Epistolaa
1133 1278 1298 1345 locis;
1361 1278 1655 1349 aliquando
1704 1290 1831 1331 vero
1881 1276 2079 1332 Paulus

496 1370 758 1435 carnalis,
794 1371 961 1437 sicut,
996 1371 1147 1426 verbi
1176 1372 1373 1441 gratia,
1412 1386 1535 1425 cum
1563 1370 1699 1425 dicit
1728 1385 1743 1422 :
1778 1389 1797 1422 ι
1833 1370 1944 1439 Ego
1974 1386 2073 1424 au-

498 1470 605 1516 tem
631 1463 868 1517 carnalis
910 1478 1029 1519 sum
1067 1464 1415 1519 venundatus
1466 1462 1568 1518 sub
1608 1472 1834 1533 peccato
1862 1462 1930 1530 ²⁸,
1962 1480 1981 1513 ι
2021 1468 2106 1516 υιο

492 1557 816 1609 ostendetur
848 1554 984 1629 (ll),
1015 1572 1137 1611 cum
1180 1557 1247 1610 ad
1278 1555 1454 1624 ipsum
1485 1554 1663 1611 locum
1683 1595 1698 1618 ,
1732 1553 1966 1608 Domino
1997 1555 2081 1608 di-

495 1647 727 1717 rigente,
790 1648 1120 1703 venerimus.
1179 1646 1458 1702 lnterdm'n
1509 1661 1640 1702 vero
1692 1648 1754 1700 lit
1803 1654 2078 1700 eteorum

496 1754 765 1807 personae,
812 1740 878 1792 ad
919 1754 1056 1809 quos
1094 1754 1280 1794 sermo
1325 1749 1432 1803 est,
1490 1738 1866 1803 commutatio,
1916 1740 1987 1793 ita
2022 1747 2079 1792 ut

494 1846 641 1884 nunc
672 1832 739 1885 ad
774 1846 989 1886 omnem
1039 1831 1407 1885 Romanorum
1457 1831 1674 1885 dicatur
1726 1830 2022 1884 Ecclesiam
2058 1846 2072 1882 :

492 1943 517 1973 ηε
551 1922 773 1977 Gratias
804 1938 905 1994 ago
958 1922 1069 1977 Deo
1125 1938 1248 1977 meo
1290 1938 1388 1992 per
1432 1921 1615 1976 Jesum
1652 1921 1926 1977 Christum
1977 1936 2075 1991 pro

484 2021 747 2075 oumibus
793 2021 972 2086 vobis,
1028 2020 1153 2090 quia
1211 2020 1341 2074 fides
1395 2028 1582 2075 vestra
1634 2020 1990 2073 annuntiatur
2021 2019 2074 2072 in

492 2113 751 2167 universo
782 2112 987 2167 mundo
1012 2114 1107 2179 ",:
1153 2132 1173 2166 ι
1213 2113 1266 2168 in
1296 2112 1419 2166 aliis
1454 2126 1586 2166 vero
1613 2128 1720 2166 non
1751 2113 1818 2165 ad
1854 2125 2073 2165 omnem

492 2206 815 2269 Ecclesium,
851 2206 947 2260 sed
981 2207 1048 2259 ad
1099 2221 1317 2261 omnem
1372 2206 1463 2273 qui
1515 2204 1729 2273 judicat
1776 2204 1976 2270 alium,
2019 2211 2075 2258 et

493 2301 609 2368 ipse
638 2299 768 2353 facit
794 2314 856 2354 ea
885 2314 1006 2368 qua:
1043 2299 1096 2352 in
1126 2299 1252 2353 aliis
1278 2300 1631 2363 condemnat,
1666 2308 1833 2354 etest
1859 2299 2077 2355 inexcu-

491 2393 701 2448 sabilis.
739 2392 894 2446 Nunc
925 2400 1103 2445 autem
1135 2406 1309 2459 neque
1337 2392 1404 2444 ad
1439 2390 1759 2456 Ecclesiam,
1804 2405 1977 2459 neque
2007 2392 2073 2445 ad

490 2498 616 2537 eum
647 2484 737 2553 qui
779 2480 988 2550 judicat
1015 2480 1078 2535 ﬁt
1120 2495 1301 2535 sermo
1351 2482 1474 2547 hic,
1506 2481 1557 2535 in
1594 2498 1701 2551 quo
1734 2483 1869 2537 dicit
1902 2501 1916 2537 :
1952 2502 1972 2535 r
2015 2483 2074 2539 Si

494 2587 676 2629 autem
711 2585 763 2628 tu
816 2573 1035 2630 Judaeus
1077 2574 1503 2643 cognominaris,
1556 2584 1608 2629 et
1673 2576 1969 2644 requiescis
2020 2576 2075 2630 itt

493 2666 631 2737 lege,
672 2676 727 2719 et
760 2666 1013 2737 gloriaris
1061 2658 1116 2719 in
1152 2664 1283 2729 Deo,
1336 2674 1390 2719 et
1421 2666 1704 2735 cognoscis
1740 2665 2075 2721 voluntatem

491 2758 634 2826 ejus,
673 2776 691 2809 ι
723 2768 776 2812 et
798 2768 1016 2822 caetera,
1045 2772 1218 2827 usque
1255 2757 1322 2811 ad
1369 2772 1492 2812 eum
1522 2758 1699 2813 locum
1730 2775 1745 2812 ε
1781 2776 1801 2811 r
1838 2758 1907 2814 Et
1930 2758 2077 2828 judi-

493 2855 639 2908 cahit
664 2854 805 2923 quod
834 2867 899 2907 ex
935 2860 1128 2904 natura
1179 2860 1263 2905 est
1306 2850 1651 2920 praeputium,
1692 2849 1864 2920 legem
1918 2850 2079 2920 peril-

490 2948 659 3009 ciens,
716 2955 793 3010 te,
846 2946 941 3015 qui
992 2961 1089 3015 per
1152 2945 1426 3011 litteram,
1485 2953 1543 2998 et
1598 2943 2078 2998 circumcisionem

490 3040 880 3108 prmvarirator
908 3053 965 3092 es
991 3037 1145 3107 legis.
1180 3056 1199 3089 ι
1238 3037 1397 3092 Sicut
1428 3037 1480 3090 in
1520 3035 1818 3105 Scripturis
1842 3036 2081 3105 prophe-

492 3130 615 3184 ticis
646 3129 932 3198 vigilanter
955 3136 1176 3198 oportet
1221 3128 1508 3182 intendere
1536 3141 1660 3182 eum
1706 3126 1799 3196 qui
1835 3127 1965 3199 vult
1992 3125 2079 3179 in-

1976 419 2137 478 ORIG
2146 421 2299 479 ENIS

3599 431 3658 487 896

2110 552 2153 605 Α
2183 546 2442 615 scriptum
2479 552 2561 598 est
2593 562 2606 597 :
2644 564 2661 596 ι
2695 541 2857 609 Iuda,
2906 553 2957 599 te
3012 540 3305 599 laudabunt
3351 542 3533 600 fratres
3576 550 3657 602 lui:

2182 654 2376 693 manus
2411 649 2514 692 true
2540 652 2705 706 super
2728 638 2952 691 dorsum
2984 636 3326 690 inimicorum
3367 645 3571 691 tuorum.
3592 645 3658 691 tia-

2180 734 2324 789 tulus
2350 733 2524 789 leonis
2549 732 2687 788 Iuda
2723 732 2793 798 η,
2829 752 2849 784 ο
2878 740 2934 788 et
2977 740 3197 798 caetera,
3234 744 3354 801 quae
3390 731 3440 786 in
3480 730 3657 786 Saluto

2178 842 2291 881 rem
2323 827 2606 881 Dominum
2630 828 2949 896 prophetata
2977 835 3122 881 sunt.
3180 827 3349 898 Igitur
3376 825 3418 881 si
3450 826 3659 882 claruitde

2181 917 2501 973 dillerentiis
2552 933 2931 988 personarum,
2986 930 3042 975 et
3084 921 3206 989 quis
3240 934 3364 975 vere
3390 921 3455 974 sit
3491 917 3659 979 ludens,

2178 1011 2301 1080 quis
2334 1021 2513 1066 autem
2544 1010 2659 1066 solo
2706 1012 2926 1066 nomine
2971 1012 3408 1081 cognominetur,
3459 1011 3660 1065 videamus

2179 1118 2300 1170 quae
2325 1103 2392 1158 ad
2422 1105 2565 1157 hunc
2592 1102 2685 1173 qui
2713 1118 2774 1158 se
2804 1100 2973 1171 iactat
2996 1117 3115 1157 esse
3139 1100 3405 1166 Judaeum,
3426 1110 3475 1155 et
3498 1114 3660 1165 nonest,

2179 1209 2360 1250 sermo
2405 1193 2739 1264 apostolicus
2788 1194 2952 1254 dicat.
2980 1194 3083 1260 Tu,
3140 1193 3341 1263 inquit,
3397 1194 3479 1263 qui
3510 1190 3658 1248 ludens

2179 1287 2605 1358 coguominaris,
2640 1296 2695 1342 et
2719 1302 2936 1342 omnem
2969 1286 3067 1340 tibi
3101 1287 3345 1357 requiem
3376 1283 3426 1339 in
3471 1284 3579 1353 legis
3611 1285 3662 1337 lit-

2178 1385 2292 1431 tera
2328 1376 2583 1443 collocas,
2612 1386 2668 1433 et
2696 1378 2952 1447 gloriaris
2979 1378 3030 1431 in
3060 1377 3173 1432 Deo
3210 1386 3463 1445 tanquam
3487 1375 3559 1445 qui
3581 1390 3661 1444 por-

2183 1468 2257 1521 tio
2288 1468 2407 1538 ejus
2435 1468 2531 1533 sis,
2558 1477 2611 1523 et
2642 1469 2728 1522 cui
2780 1483 3104 1523 concessum
3133 1468 3206 1523 sit
3245 1468 3385 1522 scire
3410 1467 3660 1519 voluntatem

2180 1554 2296 1623 Dei,
2332 1565 2386 1612 et
2416 1557 2559 1612 velut
2584 1559 2847 1628 probandi
2891 1558 3294 1631 guarusjactas
3319 1566 3370 1612 te
3400 1557 3523 1611 scire
3558 1569 3661 1624 posse

2180 1659 2233 1704 et
2272 1651 2589 1707 discernere
2635 1667 2757 1722 quae
2788 1652 2898 1706 sint
2932 1652 3171 1716 utiliora,
3220 1660 3278 1706 et
3322 1648 3660 1711 dill‘erentia,iu

2180 1751 2240 1795 ut
2291 1757 2399 1797 non
2452 1744 2627 1799 solum
2656 1761 2776 1814 qua:
2806 1746 2919 1800 sint
2973 1744 3111 1799 bona
3140 1746 3306 1809 scias,
3365 1741 3659 1796 veruutetiam

2179 1852 2298 1903 quae
2326 1836 2436 1891 sint
2475 1837 2698 1891 meliora
2723 1835 2891 1909 488
2924 1847 2980 1891 et
3022 1838 3240 1892 utiliora
3271 1837 3542 1897 discernes,
3577 1847 3660 1885 cou-

2108 1899 2148 1953 Β
2181 1899 2303 1982 tidis
2332 1946 2547 2000 quoque
2577 1931 2724 2000 quod
2745 1899 3065 1999 possis
3096 1946 3218 1984 esse
3247 1942 3497 1983 caecorum
3521 1942 3531 1977 :
3554 1924 3660 1978 nimi-

2180 2037 2300 2074 rum
2328 2037 2395 2076 ex
2428 2021 2533 2077 illis
2552 2038 2611 2077 es
2642 2022 2871 2078 ducibus
2899 2025 2963 2077 de
2986 2022 3182 2091 quibus
3209 2021 3424 2075 dicebat
3448 2017 3660 2072 Dominus:

2184 2132 2203 2165 ι
2233 2114 2374 2169 Caeci
2410 2126 2536 2168 sunt
2556 2116 2722 2171 duces
2752 2129 3042 2170 cmcorum.
3073 2114 3268 2169 Caecus
3298 2119 3464 2165 autem
3491 2108 3528 2162 si
3569 2121 3662 2160 caeco

2176 2204 2433 2260 ducatum
2485 2216 2741 2276 praestet,
2798 2207 2958 2262 ambo
3014 2207 3068 2260 in
3122 2205 3335 2259 foveam
3386 2197 3658 2255 caduut’h

2177 2298 2411 2353 Contidit
2438 2314 2569 2370 ergo
2601 2300 2791 2354 ducem
2813 2314 2873 2355 se
2901 2314 3022 2353 esse
3043 2312 3337 2360 caecorum,
3362 2293 3519 2346 lumen
3539 2302 3664 2341 eorum

2178 2406 2395 2460 quoque
2423 2391 2516 2461 qui
2549 2392 2601 2447 in
2638 2392 2873 2447 tenebris
2899 2400 3042 2446 sunt.
3081 2388 3187 2446 Sed
3216 2400 3273 2445 et
3303 2388 3369 2442 ad
3396 2385 3509 2438 istos
3526 2378 3664 2434 nihilo.

2181 2486 2360 2543 minus
2392 2484 2658 2540 Dominus
2707 2484 2881 2540 dicit:
2913 2501 2931 2534 ι
2971 2482 3029 2536 Si
3076 2492 3263 2536 autem
3320 2479 3436 2545 lux,
3461 2474 3667 2544 quxiute

2178 2587 2283 2641 est,
2311 2577 2547 2633 tenebrae
2573 2584 2719 2644 sunt,
2751 2577 2885 2646 ipsas
2943 2576 3180 2631 tenebrae
3209 2582 3423 2644 quanta:
3447 2575 3551 2625 sunt
3578 2565 3664 2614 “lt

2179 2667 2475 2722 Conlidunt
2504 2676 2684 2722 tamen
2722 2668 2868 2736 quod
2898 2667 3204 2723 eruditores
3230 2666 3341 2720 sint
3362 2656 3666 2729 insipientium.

2179 2771 2235 2812 et
2260 2758 2500 2826 magistri
2537 2756 2852 2826 infantium,
2885 2768 3144 2825 tauquam
3174 2756 3270 2825 qui
3305 2769 3369 2809 ex
3409 2751 3524 2821 legis
3547 2746 3665 2801 littera

2182 2851 2412 2905 fortnam
2464 2851 2712 2906 scientia:
2750 2861 2807 2906 ct
2855 2852 3105 2906 veritatis
3149 2848 3471 2919 acceperint.
3513 2843 3563 2897 Et
3586 2838 3665 2906 quia

2181 2942 2299 2998 hac
2332 2942 2659 3013 profitentur
2714 2942 2958 3012 quidem,
3010 2957 3115 2995 non
3168 2949 3350 2993 tamen
3380 2950 3493 2990 vere
3526 2938 3668 2991 tenent,

2180 3036 2316 3091 dicit
2361 3036 2429 3091 ad
2479 3051 2575 3091 eos
2605 3034 2891 3105 Apostolus
2922 3051 2936 3086 :
2977 3053 2995 3085 σ
3031 3033 3132 3100 Qui
3192 3047 3328 3101 ergo
3364 3030 3509 3083 doces
3541 3025 3667 3079 alium.

2185 3131 2414 3200 teipsum
2439 3146 2545 3185 non
2569 3130 2763 3186 doces:
2792 3138 2842 3182 et
2868 3128 2957 3198 qui
2987 3126 3251 3198 praedicas
3280 3140 3382 3177 non
3404 3119 3665 3176 furandum.»

493 3223 850 3292 telligentiam
904 3237 1095 3277 eorum
1144 3234 1265 3290 qua:
1320 3219 1526 3289 scripta
1581 3228 1709 3273 sunt
1745 3232 1961 3285 capere,
1992 3216 2076 3269 vel
2106 3234 2151 3297 ο
2185 3232 2238 3278 ιιι
2267 3223 2558 3278 adventum
2588 3232 2645 3277 et
2695 3220 3040 3292 praesentiant
3078 3217 3311 3280 Christi,
3357 3229 3468 3284 qua:
3489 3211 3670 3265 universo

490 3316 814 3379 dicentium,
866 3313 949 3369 vel
993 3314 1059 3367 ad
1093 3327 1252 3383 quos,
1289 3313 1377 3367 vel
1414 3312 1483 3367 de
1524 3312 1722 3379 quibus
1771 3326 1956 3366 sermo
1992 3312 2074 3376 lit,

492 3409 740 3479 personis
795 3406 907 3478 (12)
941 3422 955 3458 :
990 3406 1059 3459 ita
1117 3420 1261 3459 nunc
1320 3404 1372 3458 in
1406 3403 1647 3474 Epistula
1702 3407 1767 3456 ad
1801 3402 2078 3458 Romanos

491 3501 761 3570 agendum
790 3499 920 3553 mihi
954 3498 1189 3553 videtur.
1221 3496 1329 3551 Sed
1353 3497 1638 3551 videamus
1663 3495 1774 3564 jam
1805 3510 1926 3566 qua:
1951 3505 2079 3550 sunt.

492 3608 614 3663 quae
642 3592 775 3647 dicit
802 3591 1097 3661 Apostolus
1122 3592 1189 3645 ad
1222 3606 1345 3645 eum
1380 3590 1472 3661 qui
1518 3591 1940 3659 cognominatur
1977 3589 2076 3644 Ju-

492 3688 662 3745 daeus.
714 3686 897 3741 Primo
944 3700 1180 3755 namque
1218 3684 1319 3740 hoc
1349 3685 1754 3739 observandum
1788 3693 1892 3751 est,
1931 3684 2073 3753 quod

493 3792 599 3831 non
642 3776 776 3830 dixit
822 3776 889 3830 de
936 3790 1001 3831 eo
1031 3794 1046 3830 :
1082 3794 1101 3828 r
1138 3775 1195 3830 Si
1237 3783 1418 3830 autem
1453 3784 1505 3829 tu
1554 3794 1571 3827 ι
1598 3773 1817 3830 Judqu
1840 3790 1930 3841 es;
1956 3776 2074 3838 sed,

496 3886 516 3919 ι
554 3866 771 3923 .lndrens
809 3869 1218 3936 cognominaris
1247 3884 1264 3922 :
1302 3887 1321 3921 ι
1355 3867 1482 3937 quia
1516 3882 1622 3922 non
1657 3868 1798 3921 idem
1841 3878 2076 3922 estesse

490 3960 757 4028 Judaeum,
817 3972 872 4017 et
933 3961 1308 4033 cognominari
1360 3959 1631 4016 Judaeum.
1696 3958 1813 4030 Ipse
1870 3960 2073 4014 etenim

492 4054 695 4111 Paulus
732 4056 890 4110 docet
922 4055 973 4109 in
999 4053 1485 4123 consequentibus,
1516 4053 1661 4121 quod
1696 4068 1823 4108 vere
1855 4051 2076 4108 Judteus

492 4152 564 4202 sit
596 4149 683 4201 ille
715 4149 805 4216 qui
839 4167 857 4198 ι
892 4148 945 4202 in
972 4147 1188 4202 occulto
1225 4167 1243 4199 ι
1281 4147 1642 4201 circumcisus
1670 4154 1754 4199 est
1777 4145 2073 4199 circumci-

493 4242 647 4296 sione
672 4242 877 4305 cordis,
910 4241 1001 4310 qui
1037 4259 1056 4291 ι
1098 4240 1319 4309 spiritu,
1354 4256 1458 4293 non
1501 4241 1680 4294 littera
1721 4258 1739 4290 ι
1775 4239 1947 4311 legem
1979 4256 2078 4293 cu-

493 4335 680 4395 stodit,
714 4354 733 4386 ι
770 4332 930 4401 cujus
956 4333 1072 4387 laus
1104 4348 1213 4387 non
1249 4348 1318 4387 ex
1353 4333 1688 4397 hominibus,
1732 4333 1825 4387 sed
1858 4348 1924 4387 ex
1962 4333 2076 4388 Deo

493 4435 598 4481 est.
642 4445 661 4477 ι
696 4425 797 4493 Qui
826 4434 1005 4478 autem
1046 4442 1066 4476 ι
1097 4424 1149 4478 in
1181 4423 1490 4490 manifesto,
1524 4425 1578 4479 in
1614 4439 1813 4478 carne»
1842 4424 2077 4479 circum-

495 4519 642 4573 cisus
680 4527 787 4581 est,
821 4518 993 4585 legem
1039 4518 1107 4572 ad
1163 4518 1265 4572 hoc
1296 4517 1595 4571 observans
1625 4524 1684 4569 ttt
1726 4516 1979 4571 videatur
2009 4517 2076 4570 ab

497 4611 841 4674 hominibus,
886 4610 990 4664 iste
1031 4625 1138 4663 non
1181 4617 1265 4664 est
1316 4624 1482 4673 vere,
1523 4610 1619 4663 sed
1661 4611 2078 4679 cognominatur

493 4702 735 4757 Judtens.
790 4701 864 4756 De
909 4702 996 4757 bis
1047 4703 1191 4755 enim
1226 4711 1281 4756 et
1316 4703 1431 4771 ipse
1477 4702 1772 4770 Apostolus
1822 4703 1955 4757 dicit
1983 4704 2072 4759 '°:

499 4813 521 4847 ι
560 4795 752 4849 Videte
794 4794 1268 4849 circumcisionem
1317 4808 1333 4848 :
1389 4808 1489 4847 nos
1542 4794 1686 4848 enim
1735 4809 1923 4849 sumus
1969 4795 2079 4849 cir-

455 4907 461 4913 ·
491 4888 782 4953 cumcisio,
811 4886 899 4956 qui
933 4885 1131 4955 spiritu
1159 4884 1270 4940 Deo
1303 4885 1594 4939 servimus.
1627 4903 1645 4937 ι
1681 4884 1787 4939 Sed
1815 4893 1870 4939 et
1903 4884 2072 4940 Joan-

495 4995 595 5034 nes
629 4979 682 5033 in
723 4978 1046 5049 Apocalypsi
1085 4979 1153 5033 de
1178 4978 1504 5048 quibusdam
1547 4978 1619 5032 ita
1648 4977 1783 5031 dicit
1812 4976 1856 5008 ³¹
1887 4997 1899 5031 ;
1931 4995 1949 5027 ι
1974 4975 2080 5042 Qui

496 5074 688 5127 dicunt
719 5087 779 5127 se
813 5087 935 5127 esse
971 5070 1214 5133 .lndteos.
1256 5079 1312 5124 et
1339 5085 1449 5124 non
1492 5078 1619 5124 sunt
1652 5083 1667 5122 :
1707 5087 1728 5122 ι
1755 5084 1893 5138 quos
1913 5068 2079 5123 etiam

502 5178 524 5211 ι
562 5162 628 5215 de
677 5177 947 5233 synagoga
984 5160 1221 5227 Satanae,
1257 5180 1276 5213 ι
1313 5175 1436 5218 esse
1484 5161 1827 5231 pronuntiat.
1887 5159 2083 5214 Scien-

499 5252 627 5304 dum
663 5261 843 5307 tamen
871 5263 973 5319 est,
998 5254 1142 5322 quod
1176 5255 1280 5309 iste
1303 5254 1396 5323 qui
1427 5271 1446 5305 r
1480 5254 1533 5308 in
1561 5251 1780 5308 occulto
1820 5272 1840 5307 ι
1869 5260 1924 5306 et
1956 5265 2082 5307 vere

498 5342 722 5398 Jutlmus
759 5357 863 5411 est,
896 5347 964 5400 ab
994 5346 1088 5401 illo
1115 5345 1249 5401 Jmla
1289 5344 1613 5401 vocabulum
1649 5346 1851 5410 trahat,
1881 5345 1949 5399 de
1974 5362 2083 5416 quo

574 5434 620 5466 ⁸⁸
645 5434 801 5504 Βοιι)ζ
833 5449 930 5498 vn,
968 5434 1055 5489 Η.
1130 5436 1175 5466 ³³
1204 5434 1430 5504 Rom.t,
1464 5436 1517 5489 8.
1594 5434 1639 5465 ³⁰
1669 5433 1867 5504 Philip.
1913 5450 1994 5500 tu,
2020 5435 2077 5499 2,

507 5504 595 5561 Η.
676 5504 722 5535 ³⁵
754 5502 946 5559 Matth.
998 5520 1069 5571 v1,
1109 5505 1202 5560 25.
1282 5506 1328 5537 ³⁵
1358 5503 1503 5560 Psal.
1550 5519 1699 5571 mv,
1751 5502 1839 5561 il.

501 5574 547 5606 ⁸³
588 5572 747 5628 Joan.
786 5589 841 5639 v,
874 5576 967 5630 46.

583 5672 699 5739 (10)
723 5672 815 5727 Sic
848 5686 1041 5727 omnes
1083 5687 1217 5727 mss.
1272 5671 1415 5727 Editi
1455 5685 1608 5736 vero,
1642 5689 1663 5722 ι
1689 5676 1798 5726 hoc
1828 5672 1988 5725 modo
2020 5671 2086 5724 ad

506 5743 801 5798 Romanos.
838 5761 858 5795 ο

579 5813 692 5882 tll)
730 5814 805 5867 ita
835 5827 968 5866 mss.
1008 5812 1147 5866 Editi
1177 5828 1327 5874 vero,
1361 5832 1380 5862 α
1418 5813 1788 5867 ostendemus.
1826 5830 1844 5863 ι

579 5880 694 5956 (l2)
719 5884 817 5941 Ms.
852 5883 1050 5954 Regius
1084 5900 1233 5939 num.
1272 5885 1430 5947 1659,
1464 5903 1482 5933 ι
1515 5897 1798 5952 personas.
1832 5901 1850 5932 ι
1884 5880 2080 5937 Caneri

1918 5505 1963 5536 ³⁶
1985 5504 2188 5561 Jeretu.
2229 5503 2489 5573 aug—l7.
2565 5505 2609 5535 "’
2638 5505 2802 5569 Osee,
2844 5521 2902 5571 tt,
2944 5503 3032 5570 l9,
3073 5506 3165 5559 20.

2180 3315 2382 3369 mundo
2423 3313 2647 3382 ellulsit,
2683 3334 2702 3366 ι
2744 3314 2946 3370 furaris
2973 3331 2991 3369 :
3021 3315 3113 3383 qui
3148 3313 3287 3367 dicis
3324 3326 3425 3365 non
3472 3306 3671 3362 merchan-

2177 3405 2328 3467 dum,
2366 3424 2387 3458 ι
2426 3407 2479 3461 in
2510 3421 2840 3477 synagogam
2875 3406 3057 3478 populi
3096 3405 3192 3461 Dei
3249 3400 3548 3459 adulterium
3571 3412 3672 3449 com-

2180 3497 2373 3561 mittis,
2399 3513 2711 3554 sermonem
2742 3498 3005 3554 doctrinte
3042 3512 3279 3567 pravum
3310 3508 3364 3553 et
3393 3490 3670 3552 adulterinum

2178 3591 2226 3646 ei
2259 3591 2626 3660 superduceus
2660 3610 2673 3645 :
2702 3600 2758 3645 et
2800 3590 3040 3646 collocas
3077 3605 3198 3644 eam
3229 3607 3353 3645 cum
3389 3590 3506 3658 legis
3551 3587 3669 3638 lium

2178 3703 2297 3757 quae
2342 3681 2477 3739 foris
2524 3692 2631 3749 est,
2678 3696 2800 3737 cum
2858 3682 3125 3751 scriptum
3177 3682 3248 3737 de
3300 3696 3364 3736 ea
3416 3681 3558 3749 legas,
3589 3678 3671 3745 qui:

2182 3796 2201 3830 ι
2239 3777 2416 3833 omnis
2454 3774 2621 3846 gloria
2669 3774 2792 3829 [ilice
2842 3773 2986 3844 regis
3034 3773 3370 3829 intrinsecus
3396 3774 3478 3824 πε
3527 3790 3543 3821 ι
3571 3780 3611 3821 et
3630 3766 3673 3818 ad

2178 3884 2342 3939 quam
2390 3867 2524 3938 legis
2569 3880 2669 3936 per
2728 3866 3053 3935 prophetam
3111 3864 3461 3920 nihilominus
3488 3861 3672 3915 dictum;

2183 3982 2203 4015 ι
2238 3961 2351 4016 Nisi
2381 3962 2595 4015 occulte
2618 3957 2923 4021 audieritis,
2960 3957 3198 4026 plorabit
3226 3957 3406 4010 anima
3429 3963 3574 4008 vestra
3592 3949 3638 4000 “.
3661 3966 3672 3994 ι

2178 4054 2281 4122 Qui
2328 4068 2459 4124 ergo
2516 4066 2681 4120 negas
2717 4050 3130 4113 mmehandum,
3167 4060 3280 4104 tam
3334 4063 3487 4119 grave
3528 4041 3677 4098 εάυιιε.

2180 4148 2325 4205 rium
2348 4144 2661 4207 committis,
2695 4153 2757 4198 ut
2785 4142 3151 4198 adulterinum
3191 4155 3411 4195 sensum
3438 4136 3675 4192 introducas

2178 4242 2244 4293 ad
2275 4215 2395 4293 eam
2426 4238 2493 4292 de
2525 4251 2630 4305 qua
2661 4236 2870 4290 dictum
2900 4235 3040 4305 legis
3069 4251 3099 4289 a
3137 4238 3251 4291 Deo
3287 4252 3301 4288 :
3337 4252 3355 4285 r
3392 4233 3491 4302 Ego
3522 4240 3564 4282 te
3587 4223 3675 4280 mihi

2177 4327 2521 4398 desponsabo
2547 4328 2601 4380 in
2626 4326 2731 4381 ﬁde
2753 4336 2811 4381 et
2843 4326 3218 4380 misericordia
3258 4325 3323 4379 ³⁷.
3363 4343 3381 4375 ι
3411 4322 3501 4388 Qui
3537 4314 3678 4371 abomi-

2179 4421 2326 4476 naris
2361 4419 2520 4484 idola,
2551 4419 2898 4487 sacrilegium
2925 4418 3245 4482 committis,
3281 4432 3460 4470 verum
3488 4410 3675 4479 templum

2182 4513 2301 4579 Dei,
2352 4513 2493 4581 quod
2540 4520 2622 4565 est
2649 4511 2901 4566 Christus
2943 4510 3122 4573 Jesus,
3154 4509 3385 4563 violans.
3426 4504 3574 4560 Salvis
3601 4499 3677 4569 (l5)

2109 4586 2153 4640 D
2181 4607 2327 4660 enim
2357 4604 2613 4673 templum
2646 4605 2741 4659 Dei
2768 4603 2913 4673 quod
2948 4604 3000 4657 in
3030 4603 3206 4657 tribus
3242 4601 3433 4656 diebus
3462 4593 3679 4651 res-ascita.

2186 4710 2298 4753 tum
2322 4707 2405 4754 est
2422 4700 2468 4732 ³⁸
2492 4699 2558 4752 iis
2579 4698 2670 4767 qui
2695 4698 2944 4752 credunt.
2983 4694 3090 4750 Sed
3120 4705 3175 4751 et
3199 4695 3292 4764 qui
3316 4711 3378 4749 ex
3406 4693 3510 4760 lege
3528 4698 3572 4741 et
3594 4698 3679 4752 pro-

2183 4792 2362 4860 phetis
2386 4804 2693 4846 sermonem
2726 4789 3003 4843 Christum
3049 4786 3479 4854 pronuntiantem
3526 4779 3679 4833 furatur

2182 4892 2238 4941 et
2280 4882 2539 4948 occultat,
2591 4896 2659 4937 ne
2714 4882 2948 4951 populus
2977 4882 3167 4936 audiat
3189 4888 3246 4935 et
3288 4879 3484 4939 credat,
3519 4868 3681 4928 sacrile-

2182 4977 2329 5049 gium
2364 4976 2677 5042 committit,
2705 4984 2762 5029 et
2795 4990 2923 5029 vere
2963 4974 3057 5029 Dei
3095 4969 3549 5041 templum-violat.
3579 4964 3678 5015 Idem

2183 5084 2399 5139 quoque
2428 5068 2517 5123 hic
2542 5069 2635 5138 qui
2667 5067 3087 5137 cognominatur
3117 5066 3335 5122 Judzeus
3354 5106 3370 5131 ,
3398 5072 3452 5119 et
3476 5057 3680 5131 gloriatur

2185 5162 2239 5216 in
2272 5162 2453 5217 littera
2483 5159 2641 5232 Legis
2673 5160 2871 5233 Moysi,
2908 5161 3299 5230 praevaricator
3321 5156 3471 5228 Legis
3500 5147 3682 5218 arguitur

2184 5270 2308 5308 cum
2344 5270 2449 5309 non
2495 5254 2671 5309 credit
2699 5253 2941 5308 Christo.
2986 5253 3044 5306 Si
3095 5253 3240 5307 enim
3270 5250 3504 5306 crederet
3544 5236 3683 5307 Μοῐδίν

2186 5345 2439 5400 crederet
2485 5344 2675 5412 utique
2722 5343 2873 5404 huic.
2923 5343 2991 5398 de
3039 5357 3145 5410 quo
3202 5340 3408 5411 Moyses
3436 5333 3615 5402 scripsit
3638 5326 3682 5374 “.

2111 5435 2165 5491 5.
2242 5434 2285 5467 ³¹
2321 5437 2487 5505 Apoc.
2509 5435 2668 5495 111,9.
2746 5436 2789 5465 "
2824 5433 2959 5489 Gen.
3001 5432 3225 5503 xux,8,
3255 5432 3309 5486 9.
3385 5430 3427 5459 ³³
3448 5425 3605 5481 Matth.
3624 5432 3685 5475 ιτ.

2116 5523 2188 5554 m.
2229 5522 2349 5554 xui-
2402 5506 2489 5554 17.
2565 5505 2609 5535 ³⁸⁷
2638 5505 2802 5554 Osee.
2845 5521 2902 5554 ll-
2944 5503 3032 5554 19-
3073 5506 3165 5554 20.
3260 5503 3306 5534 ³⁸
3353 5498 3499 5554 Joal.
3545 5486 3685 5554 ".19.

2196 5684 2326 5724 mss.
2357 5678 2411 5722 et
2436 5670 2589 5733 editi,
2619 5687 2641 5720 r
2676 5671 2942 5733 personis.
2976 5690 2994 5723 ι

2266 5738 2378 5811 (l3)
2408 5740 2481 5795 Ita
2515 5757 2617 5798 ms.
2653 5735 2853 5810 Regius
2887 5758 3034 5797 num.
3068 5740 3222 5798 16⁸59.
3246 5735 3432 5796 thtcri
3460 5744 3569 5788 vero
3592 5739 3684 5779 ut»-

2190 5824 2245 5867 et
2275 5812 2430 5878 editi,
2460 5830 2479 5864 ι
2523 5812 2765 5869 Solvisti.
2798 5831 2819 5865 ι
2866 5866 2871 5871 ,
