  <div class='ocr_page' id='page_1' title='image "/cluster/home/n/w/nwhite01/storage/ocr_20150623/14/hvd.32044024333478/457.png"; bbox 0 0 3784 6540; ppageno 0'>
   <div class='ocr_carea' id='block_1_1' title="bbox 493 414 602 472">
    <p class='ocr_par' dir='ltr' id='par_1_1' title="bbox 493 414 602 472">
     <span class='ocr_line' id='line_1_1' title="bbox 493 414 602 472; baseline -0.018 0"><span class='ocrx_word' id='word_1_1' title='bbox 493 414 602 472; x_wconf 78' lang='lat'><strong>899</strong></span> 
     </span>
    </p>
   </div>
   <div class='ocr_carea' id='block_1_2' title="bbox 1944 387 3741 456">
    <p class='ocr_par' dir='ltr' id='par_1_2' title="bbox 1944 387 3741 456">
     <span class='ocr_line' id='line_1_2' title="bbox 1944 387 3741 456; baseline -0.008 0"><span class='ocrx_word' id='word_1_2' title='bbox 1944 392 2269 456; x_wconf 74' lang='lat' dir='ltr'><strong>ORIGENIS</strong></span> <span class='ocrx_word' id='word_1_3' title='bbox 3651 387 3741 442; x_wconf 75' lang='lat'><strong>900</strong></span> 
     </span>
    </p>
   </div>
   <div class='ocr_carea' id='block_1_3' title="bbox 494 506 3743 590">
    <p class='ocr_par' dir='ltr' id='par_1_3' title="bbox 494 506 3743 590">
     <span class='ocr_line' id='line_1_3' title="bbox 494 506 3743 590; baseline -0.009 -1"><span class='ocrx_word' id='word_1_4' title='bbox 494 534 713 589; x_wconf 83' lang='lat' dir='ltr'><strong>laudem</strong></span> <span class='ocrx_word' id='word_1_5' title='bbox 752 531 917 587; x_wconf 87' lang='lat' dir='ltr'><strong>habet</strong></span> <span class='ocrx_word' id='word_1_6' title='bbox 948 546 1054 586; x_wconf 90' lang='lat' dir='ltr'><strong>non</strong></span> <span class='ocrx_word' id='word_1_7' title='bbox 1101 544 1168 585; x_wconf 78' lang='lat' dir='ltr'><strong>ex</strong></span> <span class='ocrx_word' id='word_1_8' title='bbox 1226 525 1562 590; x_wconf 87' lang='lat' dir='ltr'><strong>hominibus,</strong></span> <span class='ocrx_word' id='word_1_9' title='bbox 1596 523 1691 579; x_wconf 85' lang='lat' dir='ltr'><strong>sed</strong></span> <span class='ocrx_word' id='word_1_10' title='bbox 1721 536 1785 576; x_wconf 80' lang='lat' dir='ltr'><strong>ex</strong></span> <span class='ocrx_word' id='word_1_11' title='bbox 1825 520 1934 575; x_wconf 83' lang='lat' dir='ltr'><strong>Deo</strong></span> <span class='ocrx_word' id='word_1_12' title='bbox 1968 540 1982 577; x_wconf 89' lang='lat'><strong>:</strong></span> <span class='ocrx_word' id='word_1_13' title='bbox 2015 530 2070 575; x_wconf 91' lang='lat' dir='ltr'><strong>et</strong></span> <span class='ocrx_word' id='word_1_14' title='bbox 2099 521 2145 576; x_wconf 80' lang='grc' dir='ltr'><strong>Α</strong></span> <span class='ocrx_word' id='word_1_15' title='bbox 2172 517 2360 587; x_wconf 97' lang='lat' dir='ltr'><strong>possit.</strong></span> <span class='ocrx_word' id='word_1_16' title='bbox 2392 513 2621 584; x_wconf 78' lang='lat' dir='ltr'><strong>Dignius</strong></span> <span class='ocrx_word' id='word_1_17' title='bbox 2649 525 2779 583; x_wconf 87' lang='lat' dir='ltr'><strong>ergo</strong></span> <span class='ocrx_word' id='word_1_18' title='bbox 2807 517 2863 565; x_wconf 92' lang='lat' dir='ltr'><strong>et</strong></span> <span class='ocrx_word' id='word_1_19' title='bbox 2886 509 3195 567; x_wconf 77' lang='lat' dir='ltr'><strong>evidentius</strong></span> <span class='ocrx_word' id='word_1_20' title='bbox 3233 506 3585 578; x_wconf 89' lang='lat' dir='ltr'><strong>intelligitur,</strong></span> <span class='ocrx_word' id='word_1_21' title='bbox 3614 511 3743 577; x_wconf 89' lang='lat' dir='ltr'><strong>quod</strong></span> 
     </span>
    </p>
   </div>
   <div class='ocr_carea' id='block_1_4' title="bbox 495 614 2068 682">
    <p class='ocr_par' dir='ltr' id='par_1_4' title="bbox 495 614 2068 682">
     <span class='ocr_line' id='line_1_4' title="bbox 495 614 2068 682; baseline -0.01 -1"><span class='ocrx_word' id='word_1_22' title='bbox 495 627 626 682; x_wconf 85' lang='lat' dir='ltr'><strong>alibi</strong></span> <span class='ocrx_word' id='word_1_23' title='bbox 654 626 787 682; x_wconf 90' lang='lat' dir='ltr'><strong>dicit</strong></span> <span class='ocrx_word' id='word_1_24' title='bbox 813 625 864 658; x_wconf 72' lang='lat'><strong>“</strong></span> <span class='ocrx_word' id='word_1_25' title='bbox 901 642 918 681; x_wconf 83' lang='lat'><strong>:</strong></span> <span class='ocrx_word' id='word_1_26' title='bbox 964 642 982 676; x_wconf 78' lang='grc' dir='ltr'>ι</span> <span class='ocrx_word' id='word_1_27' title='bbox 1029 621 1218 679; x_wconf 77' lang='lat' dir='ltr'><strong>Videte</strong></span> <span class='ocrx_word' id='word_1_28' title='bbox 1251 617 1723 678; x_wconf 80' lang='lat' dir='ltr'><strong>circumcisioncin</strong></span> <span class='ocrx_word' id='word_1_29' title='bbox 1756 634 1768 667; x_wconf 93' lang='lat'><strong>:</strong></span> <span class='ocrx_word' id='word_1_30' title='bbox 1801 628 1899 667; x_wconf 85' lang='lat' dir='ltr'><strong>nos</strong></span> <span class='ocrx_word' id='word_1_31' title='bbox 1924 614 2068 667; x_wconf 89' lang='lat' dir='ltr'><strong>enim</strong></span> 
     </span>
    </p>
   </div>
   <div class='ocr_carea' id='block_1_5' title="bbox 496 712 2072 788">
    <p class='ocr_par' dir='ltr' id='par_1_5' title="bbox 496 712 2072 788">
     <span class='ocr_line' id='line_1_5' title="bbox 496 712 2072 788; baseline -0.008 -9"><span class='ocrx_word' id='word_1_32' title='bbox 496 738 687 779; x_wconf 84' lang='lat' dir='ltr'><strong>sumus</strong></span> <span class='ocrx_word' id='word_1_33' title='bbox 721 720 1093 782; x_wconf 87' lang='lat' dir='ltr'><strong>circumcisio.</strong></span> <span class='ocrx_word' id='word_1_34' title='bbox 1146 719 1238 788; x_wconf 93' lang='lat' dir='ltr'><strong>qni</strong></span> <span class='ocrx_word' id='word_1_35' title='bbox 1291 715 1485 784; x_wconf 91' lang='lat' dir='ltr'><strong>spiritu</strong></span> <span class='ocrx_word' id='word_1_36' title='bbox 1537 712 1647 767; x_wconf 90' lang='lat' dir='ltr'><strong>Deo</strong></span> <span class='ocrx_word' id='word_1_37' title='bbox 1678 713 1969 777; x_wconf 90' lang='lat' dir='ltr'><strong>servimus,</strong></span> <span class='ocrx_word' id='word_1_38' title='bbox 2016 721 2072 767; x_wconf 89' lang='lat' dir='ltr'><strong>et</strong></span> 
     </span>
    </p>
   </div>
   <div class='ocr_carea' id='block_1_6' title="bbox 498 808 2072 878">
    <p class='ocr_par' dir='ltr' id='par_1_6' title="bbox 498 808 2072 878">
     <span class='ocr_line' id='line_1_6' title="bbox 498 808 2072 878; baseline -0.007 -8"><span class='ocrx_word' id='word_1_39' title='bbox 498 831 607 870; x_wconf 90' lang='lat' dir='ltr'><strong>non</strong></span> <span class='ocrx_word' id='word_1_40' title='bbox 657 816 712 870; x_wconf 94' lang='lat' dir='ltr'><strong>in</strong></span> <span class='ocrx_word' id='word_1_41' title='bbox 765 830 930 870; x_wconf 88' lang='lat' dir='ltr'><strong>carne</strong></span> <span class='ocrx_word' id='word_1_42' title='bbox 980 814 1322 870; x_wconf 87' lang='lat' dir='ltr'><strong>conﬁdimus.</strong></span> <span class='ocrx_word' id='word_1_43' title='bbox 1369 832 1389 866; x_wconf 72' lang='grc' dir='ltr'><strong><em>ι</em></strong></span> <span class='ocrx_word' id='word_1_44' title='bbox 1426 810 1577 876; x_wconf 69' lang='lat' dir='ltr'><strong>Haec,</strong></span> <span class='ocrx_word' id='word_1_45' title='bbox 1630 817 1688 863; x_wconf 91' lang='lat' dir='ltr'><strong>ut</strong></span> <span class='ocrx_word' id='word_1_46' title='bbox 1725 808 1939 878; x_wconf 80' lang='lat' dir='ltr'><strong>Opinor,</strong></span> <span class='ocrx_word' id='word_1_47' title='bbox 1989 813 2072 861; x_wconf 90' lang='lat' dir='ltr'><strong>est</strong></span> 
     </span>
    </p>
   </div>
   <div class='ocr_carea' id='block_1_7' title="bbox 500 898 2071 976">
    <p class='ocr_par' dir='ltr' id='par_1_7' title="bbox 500 898 2071 976">
     <span class='ocr_line' id='line_1_7' title="bbox 500 898 2071 976; baseline -0.008 -15"><span class='ocrx_word' id='word_1_48' title='bbox 500 906 850 962; x_wconf 85' lang='lat' dir='ltr'><strong>circumcisio</strong></span> <span class='ocrx_word' id='word_1_49' title='bbox 865 921 1030 976; x_wconf 89' lang='lat' dir='ltr'><strong>quam</strong></span> <span class='ocrx_word' id='word_1_50' title='bbox 1056 903 1315 973; x_wconf 80' lang='lat' dir='ltr'><strong>prodesse</strong></span> <span class='ocrx_word' id='word_1_51' title='bbox 1331 903 1463 959; x_wconf 86' lang='lat' dir='ltr'><strong>dicit</strong></span> <span class='ocrx_word' id='word_1_52' title='bbox 1489 900 1806 971; x_wconf 86' lang='lat' dir='ltr'><strong>Apostolus,</strong></span> <span class='ocrx_word' id='word_1_53' title='bbox 1826 899 1870 953; x_wconf 90' lang='lat' dir='ltr'><strong>si</strong></span> <span class='ocrx_word' id='word_1_54' title='bbox 1897 898 2071 966; x_wconf 80' lang='lat' dir='ltr'><strong>legem</strong></span> 
     </span>
    </p>
   </div>
   <div class='ocr_carea' id='block_1_8' title="bbox 500 989 2072 1067">
    <p class='ocr_par' dir='ltr' id='par_1_8' title="bbox 500 989 2072 1067">
     <span class='ocr_line' id='line_1_8' title="bbox 500 989 2072 1067; baseline -0.006 -16"><span class='ocrx_word' id='word_1_55' title='bbox 500 998 816 1053; x_wconf 84' lang='lat' dir='ltr'><strong>custodias:</strong></span> <span class='ocrx_word' id='word_1_56' title='bbox 851 1012 959 1052; x_wconf 91' lang='lat' dir='ltr'><strong>non</strong></span> <span class='ocrx_word' id='word_1_57' title='bbox 995 997 1166 1067; x_wconf 89' lang='lat' dir='ltr'><strong>legem</strong></span> <span class='ocrx_word' id='word_1_58' title='bbox 1194 996 1406 1059; x_wconf 59' lang='lat' dir='ltr'><strong>litteras,</strong></span> <span class='ocrx_word' id='word_1_59' title='bbox 1445 995 1601 1061; x_wconf 87' lang='lat' dir='ltr'><strong>cujus</strong></span> <span class='ocrx_word' id='word_1_60' title='bbox 1630 992 1815 1061; x_wconf 87' lang='lat' dir='ltr'><strong>utique</strong></span> <span class='ocrx_word' id='word_1_61' title='bbox 1835 989 2072 1044; x_wconf 83' lang='lat' dir='ltr'><strong>circnm-</strong></span> 
     </span>
    </p>
   </div>
   <div class='ocr_carea' id='block_1_9' title="bbox 430 1081 2071 1156">
    <p class='ocr_par' dir='ltr' id='par_1_9' title="bbox 430 1081 2071 1156">
     <span class='ocr_line' id='line_1_9' title="bbox 430 1081 2071 1156; baseline -0.006 -11"><span class='ocrx_word' id='word_1_62' title='bbox 430 1110 436 1120; x_wconf 90' lang='grc'><strong>·</strong></span> <span class='ocrx_word' id='word_1_63' title='bbox 501 1090 763 1146; x_wconf 90' lang='lat' dir='ltr'><strong>cisionem</strong></span> <span class='ocrx_word' id='word_1_64' title='bbox 796 1090 852 1145; x_wconf 93' lang='lat' dir='ltr'><strong>in</strong></span> <span class='ocrx_word' id='word_1_65' title='bbox 885 1105 1051 1145; x_wconf 89' lang='lat' dir='ltr'><strong>carne</strong></span> <span class='ocrx_word' id='word_1_66' title='bbox 1082 1104 1187 1142; x_wconf 86' lang='lat' dir='ltr'><strong>non</strong></span> <span class='ocrx_word' id='word_1_67' title='bbox 1229 1087 1447 1156; x_wconf 89' lang='lat' dir='ltr'><strong>recipis,</strong></span> <span class='ocrx_word' id='word_1_68' title='bbox 1476 1086 1569 1140; x_wconf 91' lang='lat' dir='ltr'><strong>sed</strong></span> <span class='ocrx_word' id='word_1_69' title='bbox 1603 1085 1775 1153; x_wconf 80' lang='lat' dir='ltr'><strong>legem</strong></span> <span class='ocrx_word' id='word_1_70' title='bbox 1827 1081 2071 1151; x_wconf 87' lang='lat' dir='ltr'><strong>spiritus,</strong></span> 
     </span>
    </p>
   </div>
   <div class='ocr_carea' id='block_1_10' title="bbox 502 1170 2071 1252">
    <p class='ocr_par' dir='ltr' id='par_1_10' title="bbox 502 1170 2071 1252">
     <span class='ocr_line' id='line_1_10' title="bbox 502 1170 2071 1252; baseline -0.01 -14"><span class='ocrx_word' id='word_1_71' title='bbox 502 1184 802 1239; x_wconf 89' lang='lat' dir='ltr'><strong>secundum</strong></span> <span class='ocrx_word' id='word_1_72' title='bbox 831 1198 995 1252; x_wconf 87' lang='lat' dir='ltr'><strong>quam</strong></span> <span class='ocrx_word' id='word_1_73' title='bbox 1015 1179 1423 1236; x_wconf 82' lang='lat' dir='ltr'><strong>circumcideris</strong></span> <span class='ocrx_word' id='word_1_74' title='bbox 1442 1177 1628 1232; x_wconf 88' lang='lat' dir='ltr'><strong>corde.</strong></span> <span class='ocrx_word' id='word_1_75' title='bbox 1662 1193 1681 1225; x_wconf 74' lang='grc' dir='ltr'>ι</span> <span class='ocrx_word' id='word_1_76' title='bbox 1707 1173 1907 1228; x_wconf 83' lang='lat' dir='ltr'><strong>Littera</strong></span> <span class='ocrx_word' id='word_1_77' title='bbox 1928 1170 2071 1226; x_wconf 92' lang='lat' dir='ltr'><strong>enim</strong></span> 
     </span>
    </p>
   </div>
   <div class='ocr_carea' id='block_1_11' title="bbox 503 1266 2074 1348">
    <p class='ocr_par' dir='ltr' id='par_1_11' title="bbox 503 1266 2074 1348">
     <span class='ocr_line' id='line_1_11' title="bbox 503 1266 2074 1348; baseline -0.01 -13"><span class='ocrx_word' id='word_1_78' title='bbox 503 1280 728 1344; x_wconf 88' lang='lat' dir='ltr'><strong>occidit,</strong></span> <span class='ocrx_word' id='word_1_79' title='bbox 762 1279 991 1348; x_wconf 82' lang='lat' dir='ltr'><strong>spiritus</strong></span> <span class='ocrx_word' id='word_1_80' title='bbox 1021 1276 1489 1341; x_wconf 83' lang='lat' dir='ltr'><strong>autemviviﬁcat,</strong></span> <span class='ocrx_word' id='word_1_81' title='bbox 1530 1292 1550 1326; x_wconf 72' lang='grc' dir='ltr'><strong><em>ι</em></strong></span> <span class='ocrx_word' id='word_1_82' title='bbox 1591 1270 1718 1343; x_wconf 89' lang='lat' dir='ltr'><strong>quia</strong></span> <span class='ocrx_word' id='word_1_83' title='bbox 1750 1278 1804 1324; x_wconf 92' lang='lat' dir='ltr'><strong>et</strong></span> <span class='ocrx_word' id='word_1_84' title='bbox 1843 1268 1930 1324; x_wconf 80' lang='lat' dir='ltr'><strong>lex</strong></span> <span class='ocrx_word' id='word_1_85' title='bbox 1981 1266 2074 1320; x_wconf 91' lang='lat' dir='ltr'><strong>Dei</strong></span> 
     </span>
    </p>
   </div>
   <div class='ocr_carea' id='block_1_12' title="bbox 511 1356 2075 1430">
    <p class='ocr_par' dir='ltr' id='par_1_12' title="bbox 511 1356 2075 1430">
     <span class='ocr_line' id='line_1_12' title="bbox 511 1356 2075 1430; baseline -0.006 -12"><span class='ocrx_word' id='word_1_86' title='bbox 511 1385 532 1418; x_wconf 72' lang='grc' dir='ltr'>ι</span> <span class='ocrx_word' id='word_1_87' title='bbox 555 1367 955 1422; x_wconf 81' lang='lat' dir='ltr'><strong>nomrelertun</strong></span> <span class='ocrx_word' id='word_1_88' title='bbox 973 1373 1276 1420; x_wconf 88' lang='lat' dir='ltr'><strong>atramento</strong></span> <span class='ocrx_word' id='word_1_89' title='bbox 1304 1363 1533 1430; x_wconf 87' lang='lat' dir='ltr'><strong>scripta,</strong></span> <span class='ocrx_word' id='word_1_90' title='bbox 1571 1381 1590 1413; x_wconf 72' lang='grc' dir='ltr'><strong><em>ι</em></strong></span> <span class='ocrx_word' id='word_1_91' title='bbox 1626 1360 1721 1415; x_wconf 84' lang='lat' dir='ltr'><strong>sed</strong></span> <span class='ocrx_word' id='word_1_92' title='bbox 1758 1360 1928 1427; x_wconf 85' lang='lat' dir='ltr'><strong>digito</strong></span> <span class='ocrx_word' id='word_1_93' title='bbox 1959 1356 2075 1423; x_wconf 87' lang='lat' dir='ltr'><strong>Dei,</strong></span> 
     </span>
    </p>
   </div>
   <div class='ocr_carea' id='block_1_13' title="bbox 508 1449 2075 1527">
    <p class='ocr_par' dir='ltr' id='par_1_13' title="bbox 508 1449 2075 1527">
     <span class='ocr_line' id='line_1_13' title="bbox 508 1449 2075 1527; baseline -0.004 -18"><span class='ocrx_word' id='word_1_94' title='bbox 508 1460 599 1527; x_wconf 87' lang='lat' dir='ltr'><strong>qui</strong></span> <span class='ocrx_word' id='word_1_95' title='bbox 630 1469 715 1511; x_wconf 91' lang='lat' dir='ltr'><strong>est</strong></span> <span class='ocrx_word' id='word_1_96' title='bbox 745 1457 972 1525; x_wconf 90' lang='lat' dir='ltr'><strong>spiritus</strong></span> <span class='ocrx_word' id='word_1_97' title='bbox 1003 1454 1143 1522; x_wconf 84' lang='lat' dir='ltr'><strong>ejus,</strong></span> <span class='ocrx_word' id='word_1_98' title='bbox 1184 1476 1202 1508; x_wconf 75' lang='grc' dir='ltr'>ι</span> <span class='ocrx_word' id='word_1_99' title='bbox 1234 1457 1291 1509; x_wconf 84' lang='lat' dir='ltr'><strong>et</strong></span> <span class='ocrx_word' id='word_1_100' title='bbox 1320 1469 1425 1507; x_wconf 91' lang='lat' dir='ltr'><strong>non</strong></span> <span class='ocrx_word' id='word_1_101' title='bbox 1479 1454 1531 1507; x_wconf 94' lang='lat' dir='ltr'><strong>in</strong></span> <span class='ocrx_word' id='word_1_102' title='bbox 1572 1451 1774 1506; x_wconf 88' lang='lat' dir='ltr'><strong>tabulis</strong></span> <span class='ocrx_word' id='word_1_103' title='bbox 1825 1449 2075 1517; x_wconf 83' lang='lat' dir='ltr'><strong>lapideis,</strong></span> 
     </span>
    </p>
   </div>
   <div class='ocr_carea' id='block_1_14' title="bbox 507 1538 2076 1612">
    <p class='ocr_par' dir='ltr' id='par_1_14' title="bbox 507 1538 2076 1612">
     <span class='ocr_line' id='line_1_14' title="bbox 507 1538 2076 1612; baseline -0.01 -5"><span class='ocrx_word' id='word_1_104' title='bbox 507 1551 604 1607; x_wconf 90' lang='lat' dir='ltr'><strong>sed</strong></span> <span class='ocrx_word' id='word_1_105' title='bbox 638 1553 691 1603; x_wconf 90' lang='lat' dir='ltr'><strong>in</strong></span> <span class='ocrx_word' id='word_1_106' title='bbox 725 1549 920 1603; x_wconf 84' lang='lat' dir='ltr'><strong>tabulis</strong></span> <span class='ocrx_word' id='word_1_107' title='bbox 944 1547 1124 1603; x_wconf 87' lang='lat' dir='ltr'><strong>cordis</strong></span> <span class='ocrx_word' id='word_1_108' title='bbox 1152 1546 1256 1600; x_wconf 69' lang='grc' dir='ltr'><strong>δ’.»</strong></span> <span class='ocrx_word' id='word_1_109' title='bbox 1289 1544 1490 1600; x_wconf 81' lang='lat' dir='ltr'><strong>Verum</strong></span> <span class='ocrx_word' id='word_1_110' title='bbox 1515 1550 1692 1612; x_wconf 87' lang='lat' dir='ltr'><strong>potest</strong></span> <span class='ocrx_word' id='word_1_111' title='bbox 1723 1540 1879 1597; x_wconf 91' lang='lat' dir='ltr'><strong>nobis</strong></span> <span class='ocrx_word' id='word_1_112' title='bbox 1894 1538 2076 1604; x_wconf 77' lang='lat' dir='ltr'><strong>obiici,</strong></span> 
     </span>
    </p>
   </div>
   <div class='ocr_carea' id='block_1_15' title="bbox 508 1631 2076 1710">
    <p class='ocr_par' dir='ltr' id='par_1_15' title="bbox 508 1631 2076 1710">
     <span class='ocr_line' id='line_1_15' title="bbox 508 1631 2076 1710; baseline -0.008 -15"><span class='ocrx_word' id='word_1_113' title='bbox 508 1643 641 1710; x_wconf 86' lang='lat' dir='ltr'><strong>quia</strong></span> <span class='ocrx_word' id='word_1_114' title='bbox 684 1641 729 1694; x_wconf 90' lang='lat' dir='ltr'><strong>si</strong></span> <span class='ocrx_word' id='word_1_115' title='bbox 774 1640 1065 1709; x_wconf 79' lang='lat' dir='ltr'><strong>Apostolus</strong></span> <span class='ocrx_word' id='word_1_116' title='bbox 1114 1636 1590 1692; x_wconf 90' lang='lat' dir='ltr'><strong>eircumcisionem</strong></span> <span class='ocrx_word' id='word_1_117' title='bbox 1621 1634 1881 1703; x_wconf 87' lang='lat' dir='ltr'><strong>prodesse</strong></span> <span class='ocrx_word' id='word_1_118' title='bbox 1925 1631 2076 1696; x_wconf 83' lang='lat' dir='ltr'><strong>dicit,</strong></span> 
     </span>
    </p>
   </div>
   <div class='ocr_carea' id='block_1_16' title="bbox 508 1719 2081 1800">
    <p class='ocr_par' dir='ltr' id='par_1_16' title="bbox 508 1719 2081 1800">
     <span class='ocr_line' id='line_1_16' title="bbox 508 1719 2081 1800; baseline -0.007 -16"><span class='ocrx_word' id='word_1_119' title='bbox 508 1746 630 1800; x_wconf 64' lang='lat' dir='ltr'><strong>qua:</strong></span> <span class='ocrx_word' id='word_1_120' title='bbox 657 1731 845 1800; x_wconf 89' lang='lat' dir='ltr'><strong>utique</strong></span> <span class='ocrx_word' id='word_1_121' title='bbox 878 1729 987 1783; x_wconf 88' lang='lat' dir='ltr'><strong>alia</strong></span> <span class='ocrx_word' id='word_1_122' title='bbox 1023 1744 1126 1782; x_wconf 91' lang='lat' dir='ltr'><strong>non</strong></span> <span class='ocrx_word' id='word_1_123' title='bbox 1167 1726 1490 1796; x_wconf 77' lang='lat' dir='ltr'><strong>intelligitur</strong></span> <span class='ocrx_word' id='word_1_124' title='bbox 1525 1737 1647 1778; x_wconf 90' lang='lat' dir='ltr'><strong>esse</strong></span> <span class='ocrx_word' id='word_1_125' title='bbox 1694 1736 1856 1791; x_wconf 84' lang='lat' dir='ltr'><strong>quam</strong></span> <span class='ocrx_word' id='word_1_126' title='bbox 1888 1719 2081 1774; x_wconf 61' lang='lat' dir='ltr'><strong>animas</strong></span> 
     </span>
    </p>
   </div>
   <div class='ocr_carea' id='block_1_17' title="bbox 2175 599 3742 679">
    <p class='ocr_par' dir='ltr' id='par_1_17' title="bbox 2175 599 3742 679">
     <span class='ocr_line' id='line_1_17' title="bbox 2175 599 3742 679; baseline -0.008 -15"><span class='ocrx_word' id='word_1_127' title='bbox 2175 607 2508 665; x_wconf 89' lang='lat' dir='ltr'><strong>continentia</strong></span> <span class='ocrx_word' id='word_1_128' title='bbox 2557 604 2682 660; x_wconf 89' lang='lat' dir='ltr'><strong>mali</strong></span> <span class='ocrx_word' id='word_1_129' title='bbox 2728 603 2931 679; x_wconf 83' lang='lat' dir='ltr'><strong>operis,</strong></span> <span class='ocrx_word' id='word_1_130' title='bbox 2961 617 3084 672; x_wconf 68' lang='lat' dir='ltr'><strong>quas</strong></span> <span class='ocrx_word' id='word_1_131' title='bbox 3133 616 3230 671; x_wconf 91' lang='lat' dir='ltr'><strong>per</strong></span> <span class='ocrx_word' id='word_1_132' title='bbox 3276 599 3742 655; x_wconf 77' lang='lat' dir='ltr'><strong>circumcisidnem</strong></span> 
     </span>
    </p>
   </div>
   <div class='ocr_carea' id='block_1_18' title="bbox 2177 692 3742 772">
    <p class='ocr_par' dir='ltr' id='par_1_18' title="bbox 2177 692 3742 772">
     <span class='ocr_line' id='line_1_18' title="bbox 2177 692 3742 772; baseline -0.009 -14"><span class='ocrx_word' id='word_1_133' title='bbox 2177 701 2535 772; x_wconf 87' lang='lat' dir='ltr'><strong>signiﬁcatur,</strong></span> <span class='ocrx_word' id='word_1_134' title='bbox 2567 698 2611 753; x_wconf 89' lang='lat' dir='ltr'><strong>si</strong></span> <span class='ocrx_word' id='word_1_135' title='bbox 2644 710 2813 767; x_wconf 88' lang='lat' dir='ltr'><strong>opera</strong></span> <span class='ocrx_word' id='word_1_136' title='bbox 2852 696 2975 750; x_wconf 91' lang='lat' dir='ltr'><strong>ﬁdei</strong></span> <span class='ocrx_word' id='word_1_137' title='bbox 3009 710 3114 749; x_wconf 93' lang='lat' dir='ltr'><strong>non</strong></span> <span class='ocrx_word' id='word_1_138' title='bbox 3149 693 3379 758; x_wconf 86' lang='lat' dir='ltr'><strong>habeat,</strong></span> <span class='ocrx_word' id='word_1_139' title='bbox 3414 692 3488 746; x_wconf 89' lang='lat' dir='ltr'><strong>ad</strong></span> <span class='ocrx_word' id='word_1_140' title='bbox 3525 692 3742 746; x_wconf 87' lang='lat' dir='ltr'><strong>immun-</strong></span> 
     </span>
    </p>
   </div>
   <div class='ocr_carea' id='block_1_19' title="bbox 2179 785 3742 861">
    <p class='ocr_par' dir='ltr' id='par_1_19' title="bbox 2179 785 3742 861">
     <span class='ocr_line' id='line_1_19' title="bbox 2179 785 3742 861; baseline -0.006 -13"><span class='ocrx_word' id='word_1_141' title='bbox 2179 795 2364 848; x_wconf 90' lang='lat' dir='ltr'><strong>ditiam</strong></span> <span class='ocrx_word' id='word_1_142' title='bbox 2401 800 2704 861; x_wconf 89' lang='lat' dir='ltr'><strong>reputetur.</strong></span> <span class='ocrx_word' id='word_1_143' title='bbox 2757 789 2866 845; x_wconf 85' lang='lat' dir='ltr'><strong>Sed</strong></span> <span class='ocrx_word' id='word_1_144' title='bbox 2903 797 2977 843; x_wconf 73' lang='lat' dir='ltr'><strong>et’</strong></span> <span class='ocrx_word' id='word_1_145' title='bbox 3007 789 3061 842; x_wconf 91' lang='lat' dir='ltr'><strong>in</strong></span> <span class='ocrx_word' id='word_1_146' title='bbox 3108 786 3356 843; x_wconf 86' lang='lat' dir='ltr'><strong>Ecclesia</strong></span> <span class='ocrx_word' id='word_1_147' title='bbox 3390 786 3487 853; x_wconf 87' lang='lat' dir='ltr'><strong>qui</strong></span> <span class='ocrx_word' id='word_1_148' title='bbox 3517 799 3612 854; x_wconf 90' lang='lat' dir='ltr'><strong>per</strong></span> <span class='ocrx_word' id='word_1_149' title='bbox 3643 785 3742 854; x_wconf 72' lang='lat' dir='ltr'><strong>(2i)</strong></span> 
     </span>
    </p>
   </div>
   <div class='ocr_carea' id='block_1_20' title="bbox 2182 879 3744 954">
    <p class='ocr_par' dir='ltr' id='par_1_20' title="bbox 2182 879 3744 954">
     <span class='ocr_line' id='line_1_20' title="bbox 2182 879 3744 954; baseline -0.008 -12"><span class='ocrx_word' id='word_1_150' title='bbox 2182 885 2439 954; x_wconf 83' lang='lat' dir='ltr'><strong>baptismi</strong></span> <span class='ocrx_word' id='word_1_151' title='bbox 2465 884 2699 953; x_wconf 79' lang='lat' dir='ltr'><strong>gratiam</strong></span> <span class='ocrx_word' id='word_1_152' title='bbox 2729 881 3160 945; x_wconf 87' lang='lat' dir='ltr'><strong>circumciditur,</strong></span> <span class='ocrx_word' id='word_1_153' title='bbox 3190 880 3239 934; x_wconf 91' lang='lat' dir='ltr'><strong>si</strong></span> <span class='ocrx_word' id='word_1_154' title='bbox 3269 888 3395 948; x_wconf 87' lang='lat' dir='ltr'><strong>post</strong></span> <span class='ocrx_word' id='word_1_155' title='bbox 3423 879 3539 932; x_wconf 73' lang='lat' dir='ltr'><strong>haec</strong></span> <span class='ocrx_word' id='word_1_156' title='bbox 3561 892 3744 946; x_wconf 55' lang='lat' dir='ltr'><strong>prava.</strong></span> 
     </span>
    </p>
   </div>
   <div class='ocr_carea' id='block_1_21' title="bbox 2180 970 3742 1046">
    <p class='ocr_par' dir='ltr' id='par_1_21' title="bbox 2180 970 3742 1046">
     <span class='ocr_line' id='line_1_21' title="bbox 2180 970 3742 1046; baseline -0.005 -13"><span class='ocrx_word' id='word_1_157' title='bbox 2180 980 2384 1033; x_wconf 85' lang='lat' dir='ltr'><strong>ricator</strong></span> <span class='ocrx_word' id='word_1_158' title='bbox 2433 977 2505 1032; x_wconf 91' lang='lat' dir='ltr'><strong>sit</strong></span> <span class='ocrx_word' id='word_1_159' title='bbox 2556 976 2691 1046; x_wconf 86' lang='lat' dir='ltr'><strong>legis</strong></span> <span class='ocrx_word' id='word_1_160' title='bbox 2737 973 2966 1039; x_wconf 87' lang='lat' dir='ltr'><strong>Christi,</strong></span> <span class='ocrx_word' id='word_1_161' title='bbox 2999 972 3353 1029; x_wconf 89' lang='lat' dir='ltr'><strong>circumcisio</strong></span> <span class='ocrx_word' id='word_1_162' title='bbox 3406 970 3658 1041; x_wconf 87' lang='lat' dir='ltr'><strong>baptismi</strong></span> <span class='ocrx_word' id='word_1_163' title='bbox 3688 974 3742 1025; x_wconf 82' lang='lat' dir='ltr'><strong>ad</strong></span> 
     </span>
    </p>
   </div>
   <div class='ocr_carea' id='block_1_22' title="bbox 2181 1062 3744 1137">
    <p class='ocr_par' dir='ltr' id='par_1_22' title="bbox 2181 1062 3744 1137">
     <span class='ocr_line' id='line_1_22' title="bbox 2181 1062 3744 1137; baseline -0.006 -13"><span class='ocrx_word' id='word_1_164' title='bbox 2181 1068 2518 1125; x_wconf 89' lang='lat' dir='ltr'><strong>inﬁdelitatis</strong></span> <span class='ocrx_word' id='word_1_165' title='bbox 2545 1068 2596 1122; x_wconf 91' lang='lat' dir='ltr'><strong>ei</strong></span> <span class='ocrx_word' id='word_1_166' title='bbox 2622 1067 2947 1137; x_wconf 84' lang='lat' dir='ltr'><strong>praeputium</strong></span> <span class='ocrx_word' id='word_1_167' title='bbox 2976 1063 3361 1133; x_wconf 91' lang='lat' dir='ltr'><strong>reputabitur:</strong></span> <span class='ocrx_word' id='word_1_168' title='bbox 3388 1062 3519 1131; x_wconf 88' lang='lat' dir='ltr'><strong>quia</strong></span> <span class='ocrx_word' id='word_1_169' title='bbox 3543 1069 3596 1115; x_wconf 90' lang='lat' dir='ltr'><strong>et</strong></span> <span class='ocrx_word' id='word_1_170' title='bbox 3639 1078 3658 1110; x_wconf 74' lang='grc' dir='ltr'><strong>α</strong></span> <span class='ocrx_word' id='word_1_171' title='bbox 3695 1062 3744 1114; x_wconf 88' lang='lat' dir='ltr'><strong>ﬁ-</strong></span> 
     </span>
    </p>
   </div>
   <div class='ocr_carea' id='block_1_23' title="bbox 2182 1153 3741 1231">
    <p class='ocr_par' dir='ltr' id='par_1_23' title="bbox 2182 1153 3741 1231">
     <span class='ocr_line' id='line_1_23' title="bbox 2182 1153 3741 1231; baseline -0.008 -13"><span class='ocrx_word' id='word_1_172' title='bbox 2182 1164 2275 1218; x_wconf 89' lang='lat' dir='ltr'><strong>des</strong></span> <span class='ocrx_word' id='word_1_173' title='bbox 2307 1163 2426 1217; x_wconf 90' lang='lat' dir='ltr'><strong>sine</strong></span> <span class='ocrx_word' id='word_1_174' title='bbox 2454 1160 2708 1231; x_wconf 84' lang='lat' dir='ltr'><strong>operibus</strong></span> <span class='ocrx_word' id='word_1_175' title='bbox 2745 1168 2960 1215; x_wconf 87' lang='lat' dir='ltr'><strong>mortua</strong></span> <span class='ocrx_word' id='word_1_176' title='bbox 3003 1176 3024 1209; x_wconf 74' lang='grc' dir='ltr'>ι</span> <span class='ocrx_word' id='word_1_177' title='bbox 3060 1156 3261 1210; x_wconf 89' lang='lat' dir='ltr'><strong>dicitur</strong></span> <span class='ocrx_word' id='word_1_178' title='bbox 3283 1155 3355 1220; x_wconf 66' lang='grc' dir='ltr'><strong>δ’,</strong></span> <span class='ocrx_word' id='word_1_179' title='bbox 3392 1163 3454 1208; x_wconf 90' lang='lat' dir='ltr'><strong>et</strong></span> <span class='ocrx_word' id='word_1_180' title='bbox 3495 1154 3616 1207; x_wconf 91' lang='lat' dir='ltr'><strong>mali</strong></span> <span class='ocrx_word' id='word_1_181' title='bbox 3656 1153 3741 1207; x_wconf 86' lang='lat' dir='ltr'><strong>vil-</strong></span> 
     </span>
    </p>
   </div>
   <div class='ocr_carea' id='block_1_24' title="bbox 2183 1245 3265 1325">
    <p class='ocr_par' dir='ltr' id='par_1_24' title="bbox 2183 1245 3265 1325">
     <span class='ocr_line' id='line_1_24' title="bbox 2183 1245 3265 1325; baseline -0.007 -16"><span class='ocrx_word' id='word_1_182' title='bbox 2183 1253 2274 1310; x_wconf 88' lang='lat' dir='ltr'><strong>lici</strong></span> <span class='ocrx_word' id='word_1_183' title='bbox 2302 1269 2431 1325; x_wconf 90' lang='lat' dir='ltr'><strong>pars</strong></span> <span class='ocrx_word' id='word_1_184' title='bbox 2458 1268 2582 1309; x_wconf 93' lang='lat' dir='ltr'><strong>cum</strong></span> <span class='ocrx_word' id='word_1_185' title='bbox 2611 1251 2920 1307; x_wconf 76' lang='lat' dir='ltr'><strong>inﬁdelibus</strong></span> <span class='ocrx_word' id='word_1_186' title='bbox 2954 1248 3174 1318; x_wconf 88' lang='lat' dir='ltr'><strong>ponitur</strong></span> <span class='ocrx_word' id='word_1_187' title='bbox 3192 1245 3265 1301; x_wconf 76' lang='lat'><strong>“.</strong></span> 
     </span>
    </p>
   </div>
   <div class='ocr_carea' id='block_1_25' title="bbox 2255 1336 3741 1411">
    <p class='ocr_par' dir='ltr' id='par_1_25' title="bbox 2255 1336 3741 1411">
     <span class='ocr_line' id='line_1_25' title="bbox 2255 1336 3741 1411; baseline -0.009 -9"><span class='ocrx_word' id='word_1_188' title='bbox 2255 1349 2345 1403; x_wconf 80' lang='lat' dir='ltr'><strong>l5.</strong></span> <span class='ocrx_word' id='word_1_189' title='bbox 2382 1365 2403 1399; x_wconf 74' lang='grc' dir='ltr'><strong><em>ι</em></strong></span> <span class='ocrx_word' id='word_1_190' title='bbox 2436 1345 2493 1400; x_wconf 79' lang='lat' dir='ltr'><strong>Si</strong></span> <span class='ocrx_word' id='word_1_191' title='bbox 2532 1354 2716 1399; x_wconf 87' lang='lat' dir='ltr'><strong>autem</strong></span> <span class='ocrx_word' id='word_1_192' title='bbox 2760 1340 3086 1411; x_wconf 77' lang='lat' dir='ltr'><strong>praeputium</strong></span> <span class='ocrx_word' id='word_1_193' title='bbox 3112 1336 3362 1405; x_wconf 87' lang='lat' dir='ltr'><strong>justitias</strong></span> <span class='ocrx_word' id='word_1_194' title='bbox 3410 1336 3547 1404; x_wconf 87' lang='lat' dir='ltr'><strong>legis</strong></span> <span class='ocrx_word' id='word_1_195' title='bbox 3573 1346 3741 1391; x_wconf 90' lang='lat' dir='ltr'><strong>custo-</strong></span> 
     </span>
    </p>
   </div>
   <div class='ocr_carea' id='block_1_26' title="bbox 2184 1432 3739 1507">
    <p class='ocr_par' dir='ltr' id='par_1_26' title="bbox 2184 1432 3739 1507">
     <span class='ocr_line' id='line_1_26' title="bbox 2184 1432 3739 1507; baseline -0.01 -10"><span class='ocrx_word' id='word_1_196' title='bbox 2184 1444 2318 1506; x_wconf 88' lang='lat' dir='ltr'><strong>diat,</strong></span> <span class='ocrx_word' id='word_1_197' title='bbox 2352 1452 2530 1494; x_wconf 91' lang='lat' dir='ltr'><strong>nonne</strong></span> <span class='ocrx_word' id='word_1_198' title='bbox 2551 1435 2818 1507; x_wconf 76' lang='lat' dir='ltr'><strong>iudicabit</strong></span> <span class='ocrx_word' id='word_1_199' title='bbox 2848 1434 2901 1489; x_wconf 89' lang='lat' dir='ltr'><strong>id</strong></span> <span class='ocrx_word' id='word_1_200' title='bbox 2926 1432 3070 1504; x_wconf 89' lang='lat' dir='ltr'><strong>quod</strong></span> <span class='ocrx_word' id='word_1_201' title='bbox 3096 1446 3165 1486; x_wconf 73' lang='lat' dir='ltr'><strong>ex</strong></span> <span class='ocrx_word' id='word_1_202' title='bbox 3202 1440 3405 1485; x_wconf 87' lang='lat' dir='ltr'><strong>natura</strong></span> <span class='ocrx_word' id='word_1_203' title='bbox 3433 1437 3521 1484; x_wconf 91' lang='lat' dir='ltr'><strong>est</strong></span> <span class='ocrx_word' id='word_1_204' title='bbox 3544 1444 3739 1498; x_wconf 66' lang='lat' dir='ltr'><strong>praepu-</strong></span> 
     </span>
    </p>
   </div>
   <div class='ocr_carea' id='block_1_27' title="bbox 2193 1522 3741 1601">
    <p class='ocr_par' dir='ltr' id='par_1_27' title="bbox 2193 1522 3741 1601">
     <span class='ocr_line' id='line_1_27' title="bbox 2193 1522 3741 1601; baseline -0.01 -12"><span class='ocrx_word' id='word_1_205' title='bbox 2193 1536 2352 1598; x_wconf 90' lang='lat' dir='ltr'><strong>tium,</strong></span> <span class='ocrx_word' id='word_1_206' title='bbox 2378 1532 2553 1601; x_wconf 87' lang='lat' dir='ltr'><strong>legem</strong></span> <span class='ocrx_word' id='word_1_207' title='bbox 2582 1527 2894 1599; x_wconf 88' lang='lat' dir='ltr'><strong>perliciens,</strong></span> <span class='ocrx_word' id='word_1_208' title='bbox 2931 1535 3005 1590; x_wconf 92' lang='lat' dir='ltr'><strong>te,</strong></span> <span class='ocrx_word' id='word_1_209' title='bbox 3037 1523 3131 1593; x_wconf 91' lang='lat' dir='ltr'><strong>qui</strong></span> <span class='ocrx_word' id='word_1_210' title='bbox 3166 1537 3265 1593; x_wconf 88' lang='lat' dir='ltr'><strong>per</strong></span> <span class='ocrx_word' id='word_1_211' title='bbox 3293 1522 3537 1576; x_wconf 87' lang='lat' dir='ltr'><strong>litteram</strong></span> <span class='ocrx_word' id='word_1_212' title='bbox 3562 1530 3616 1574; x_wconf 87' lang='lat' dir='ltr'><strong>et</strong></span> <span class='ocrx_word' id='word_1_213' title='bbox 3648 1522 3741 1575; x_wconf 90' lang='lat' dir='ltr'><strong>cir-</strong></span> 
     </span>
    </p>
   </div>
   <div class='ocr_carea' id='block_1_28' title="bbox 2187 1609 3742 1687">
    <p class='ocr_par' dir='ltr' id='par_1_28' title="bbox 2187 1609 3742 1687">
     <span class='ocr_line' id='line_1_28' title="bbox 2187 1609 3742 1687; baseline -0.009 -8"><span class='ocrx_word' id='word_1_214' title='bbox 2187 1622 2574 1679; x_wconf 89' lang='lat' dir='ltr'><strong>cumcisionem</strong></span> <span class='ocrx_word' id='word_1_215' title='bbox 2603 1616 2994 1687; x_wconf 69' lang='lat' dir='ltr'><strong>praevaricator</strong></span> <span class='ocrx_word' id='word_1_216' title='bbox 3019 1627 3081 1669; x_wconf 90' lang='lat' dir='ltr'><strong>es</strong></span> <span class='ocrx_word' id='word_1_217' title='bbox 3108 1612 3249 1682; x_wconf 88' lang='lat' dir='ltr'><strong>legis</strong></span> <span class='ocrx_word' id='word_1_218' title='bbox 3290 1610 3339 1642; x_wconf 81' lang='lat'>“</span> <span class='ocrx_word' id='word_1_219' title='bbox 3376 1610 3403 1664; x_wconf 82' lang='lat'><strong>?</strong></span> <span class='ocrx_word' id='word_1_220' title='bbox 3434 1628 3457 1664; x_wconf 74' lang='grc' dir='ltr'><strong><em>ι</em></strong></span> <span class='ocrx_word' id='word_1_221' title='bbox 3506 1609 3742 1679; x_wconf 83' lang='lat' dir='ltr'><strong>Superius</strong></span> 
     </span>
    </p>
   </div>
   <div class='ocr_carea' id='block_1_29' title="bbox 2189 1702 3741 1780">
    <p class='ocr_par' dir='ltr' id='par_1_29' title="bbox 2189 1702 3741 1780">
     <span class='ocr_line' id='line_1_29' title="bbox 2189 1702 3741 1780; baseline -0.008 -12"><span class='ocrx_word' id='word_1_222' title='bbox 2189 1712 2429 1768; x_wconf 78' lang='lat' dir='ltr'><strong>diximus</strong></span> <span class='ocrx_word' id='word_1_223' title='bbox 2462 1708 2609 1780; x_wconf 90' lang='lat' dir='ltr'><strong>quod</strong></span> <span class='ocrx_word' id='word_1_224' title='bbox 2641 1708 2779 1763; x_wconf 83' lang='lat' dir='ltr'><strong>duos</strong></span> <span class='ocrx_word' id='word_1_225' title='bbox 2800 1705 3020 1761; x_wconf 69' lang='lat' dir='ltr'><strong>Iudaeos</strong></span> <span class='ocrx_word' id='word_1_226' title='bbox 3053 1714 3109 1761; x_wconf 92' lang='lat' dir='ltr'><strong>et</strong></span> <span class='ocrx_word' id='word_1_227' title='bbox 3138 1707 3275 1759; x_wconf 84' lang='lat' dir='ltr'><strong>duas</strong></span> <span class='ocrx_word' id='word_1_228' title='bbox 3319 1702 3741 1759; x_wconf 83' lang='lat' dir='ltr'><strong>circumcisiones</strong></span> 
     </span>
    </p>
   </div>
   <div class='ocr_carea' id='block_1_30' title="bbox 508 1793 3741 1893">
    <p class='ocr_par' dir='ltr' id='par_1_30' title="bbox 508 1793 3741 1893">
     <span class='ocr_line' id='line_1_30' title="bbox 508 1793 3741 1893; baseline -0.01 -13"><span class='ocrx_word' id='word_1_229' title='bbox 508 1793 779 1893; x_wconf 61' lang='lat' dir='ltr'><strong>purgatio,</strong></span> <span class='ocrx_word' id='word_1_230' title='bbox 827 1830 880 1877; x_wconf 92' lang='lat' dir='ltr'><strong>et</strong></span> <span class='ocrx_word' id='word_1_231' title='bbox 920 1820 1151 1889; x_wconf 88' lang='lat' dir='ltr'><strong>ahjectio</strong></span> <span class='ocrx_word' id='word_1_232' title='bbox 1213 1793 1472 1872; x_wconf 72' lang='lat' dir='ltr'><strong>vitiorum</strong></span> <span class='ocrx_word' id='word_1_233' title='bbox 1525 1833 1539 1868; x_wconf 92' lang='lat'><strong>:</strong></span> <span class='ocrx_word' id='word_1_234' title='bbox 1590 1813 1865 1884; x_wconf 90' lang='lat' dir='ltr'><strong>quomodo</strong></span> <span class='ocrx_word' id='word_1_235' title='bbox 1934 1811 2081 1867; x_wconf 90' lang='lat' dir='ltr'><strong>addit</strong></span> <span class='ocrx_word' id='word_1_236' title='bbox 2114 1886 2151 1893; x_wconf 80' lang='lat'><em>_</em></span> <span class='ocrx_word' id='word_1_237' title='bbox 2189 1802 2451 1859; x_wconf 84' lang='lat' dir='ltr'><strong>discutiat</strong></span> <span class='ocrx_word' id='word_1_238' title='bbox 2475 1798 2791 1870; x_wconf 87' lang='lat' dir='ltr'><strong>Apostolus,</strong></span> <span class='ocrx_word' id='word_1_239' title='bbox 2821 1805 2877 1853; x_wconf 91' lang='lat' dir='ltr'><strong>et</strong></span> <span class='ocrx_word' id='word_1_240' title='bbox 2903 1812 3048 1852; x_wconf 90' lang='lat' dir='ltr'><strong>nunc</strong></span> <span class='ocrx_word' id='word_1_241' title='bbox 3082 1795 3159 1851; x_wconf 38' lang='lat' dir='ltr'><strong>vde</strong></span> <span class='ocrx_word' id='word_1_242' title='bbox 3200 1793 3436 1861; x_wconf 87' lang='lat' dir='ltr'><strong>carnali,</strong></span> <span class='ocrx_word' id='word_1_243' title='bbox 3465 1808 3609 1848; x_wconf 91' lang='lat' dir='ltr'><strong>nunc</strong></span> <span class='ocrx_word' id='word_1_244' title='bbox 3635 1807 3741 1848; x_wconf 82' lang='lat' dir='ltr'><strong>vero</strong></span> 
     </span>
    </p>
   </div>
   <div class='ocr_carea' id='block_1_31' title="bbox 512 1886 3742 1979">
    <p class='ocr_par' dir='ltr' id='par_1_31' title="bbox 512 1886 3742 1979">
     <span class='ocr_line' id='line_1_31' title="bbox 512 1886 3742 1979; baseline -0.009 -11"><span class='ocrx_word' id='word_1_245' title='bbox 512 1886 709 1979; x_wconf 73' lang='lat' dir='ltr'><strong>adhuc,</strong></span> <span class='ocrx_word' id='word_1_246' title='bbox 745 1915 817 1967; x_wconf 88' lang='lat' dir='ltr'><strong>ita</strong></span> <span class='ocrx_word' id='word_1_247' title='bbox 848 1886 1062 1968; x_wconf 79' lang='lat' dir='ltr'><strong>demum</strong></span> <span class='ocrx_word' id='word_1_248' title='bbox 1118 1910 1380 1979; x_wconf 90' lang='lat' dir='ltr'><strong>prodesse</strong></span> <span class='ocrx_word' id='word_1_249' title='bbox 1436 1907 1749 1978; x_wconf 88' lang='lat' dir='ltr'><strong>bujusmodi</strong></span> <span class='ocrx_word' id='word_1_250' title='bbox 1797 1903 2087 1961; x_wconf 90' lang='lat' dir='ltr'><strong>circumci-</strong></span> <span class='ocrx_word' id='word_1_251' title='bbox 2114 1886 2157 1941; x_wconf 86' lang='grc' dir='ltr'><strong>Β</strong></span> <span class='ocrx_word' id='word_1_252' title='bbox 2188 1897 2255 1951; x_wconf 90' lang='lat' dir='ltr'><strong>de</strong></span> <span class='ocrx_word' id='word_1_253' title='bbox 2280 1894 2515 1965; x_wconf 87' lang='lat' dir='ltr'><strong>spiritali</strong></span> <span class='ocrx_word' id='word_1_254' title='bbox 2543 1891 2657 1964; x_wconf 72' lang='lat'><strong>(22)</strong></span> <span class='ocrx_word' id='word_1_255' title='bbox 2686 1898 3097 1947; x_wconf 88' lang='lat' dir='ltr'><strong>commemoret.</strong></span> <span class='ocrx_word' id='word_1_256' title='bbox 3127 1887 3358 1943; x_wconf 83' lang='lat' dir='ltr'><strong>Videtur</strong></span> <span class='ocrx_word' id='word_1_257' title='bbox 3389 1901 3526 1957; x_wconf 86' lang='lat' dir='ltr'><strong>ergo</strong></span> <span class='ocrx_word' id='word_1_258' title='bbox 3549 1886 3599 1940; x_wconf 92' lang='lat' dir='ltr'><strong>in</strong></span> <span class='ocrx_word' id='word_1_259' title='bbox 3633 1901 3742 1954; x_wconf 69' lang='lat' dir='ltr'><strong>pm</strong></span> 
     </span>
    </p>
   </div>
   <div class='ocr_carea' id='block_1_32' title="bbox 510 1975 3739 2075">
    <p class='ocr_par' dir='ltr' id='par_1_32' title="bbox 510 1975 3739 2075">
     <span class='ocr_line' id='line_1_32' title="bbox 510 1975 3739 2075; baseline -0.011 -13"><span class='ocrx_word' id='word_1_260' title='bbox 510 2010 718 2062; x_wconf 87' lang='lat' dir='ltr'><strong>sionem</strong></span> <span class='ocrx_word' id='word_1_261' title='bbox 751 2007 794 2060; x_wconf 90' lang='lat' dir='ltr'><strong>si</strong></span> <span class='ocrx_word' id='word_1_262' title='bbox 820 2005 990 2075; x_wconf 85' lang='lat' dir='ltr'><strong>legem</strong></span> <span class='ocrx_word' id='word_1_263' title='bbox 1024 1975 1321 2067; x_wconf 76' lang='lat' dir='ltr'><strong>custodias,</strong></span> <span class='ocrx_word' id='word_1_264' title='bbox 1350 2016 1473 2063; x_wconf 88' lang='lat' dir='ltr'><strong>cum</strong></span> <span class='ocrx_word' id='word_1_265' title='bbox 1504 1975 1620 2056; x_wconf 84' lang='lat' dir='ltr'><strong>haec</strong></span> <span class='ocrx_word' id='word_1_266' title='bbox 1651 2000 1766 2069; x_wconf 90' lang='lat' dir='ltr'><strong>ipsa</strong></span> <span class='ocrx_word' id='word_1_267' title='bbox 1798 1996 2085 2053; x_wconf 83' lang='lat' dir='ltr'><strong>circumci-</strong></span> <span class='ocrx_word' id='word_1_268' title='bbox 2188 1986 2329 2043; x_wconf 84' lang='lat' dir='ltr'><strong>senti</strong></span> <span class='ocrx_word' id='word_1_269' title='bbox 2356 1986 2474 2040; x_wconf 91' lang='lat' dir='ltr'><strong>loco</strong></span> <span class='ocrx_word' id='word_1_270' title='bbox 2497 1983 2823 2054; x_wconf 65' lang='lat' dir='ltr'><strong>praeputium</strong></span> <span class='ocrx_word' id='word_1_271' title='bbox 2871 1980 3061 2036; x_wconf 89' lang='lat' dir='ltr'><strong>dicere</strong></span> <span class='ocrx_word' id='word_1_272' title='bbox 3100 1986 3315 2049; x_wconf 85' lang='lat' dir='ltr'><strong>gentes,</strong></span> <span class='ocrx_word' id='word_1_273' title='bbox 3351 1992 3479 2046; x_wconf 69' lang='lat' dir='ltr'><strong>quae</strong></span> <span class='ocrx_word' id='word_1_274' title='bbox 3524 1975 3578 2030; x_wconf 92' lang='lat' dir='ltr'><strong>in</strong></span> <span class='ocrx_word' id='word_1_275' title='bbox 3624 1989 3739 2044; x_wconf 65' lang='lat' dir='ltr'><strong>pra-</strong></span> 
     </span>
    </p>
   </div>
   <div class='ocr_carea' id='block_1_33' title="bbox 510 2070 3743 2164">
    <p class='ocr_par' dir='ltr' id='par_1_33' title="bbox 510 2070 3743 2164">
     <span class='ocr_line' id='line_1_33' title="bbox 510 2070 3743 2164; baseline -0.008 -9"><span class='ocrx_word' id='word_1_276' title='bbox 510 2099 594 2155; x_wconf 91' lang='lat' dir='ltr'><strong>sio</strong></span> <span class='ocrx_word' id='word_1_277' title='bbox 625 2098 838 2152; x_wconf 87' lang='lat' dir='ltr'><strong>nonnisi</strong></span> <span class='ocrx_word' id='word_1_278' title='bbox 865 2070 931 2152; x_wconf 73' lang='lat' dir='ltr'><strong>ex</strong></span> <span class='ocrx_word' id='word_1_279' title='bbox 976 2098 1107 2164; x_wconf 85' lang='lat' dir='ltr'><strong>legis</strong></span> <span class='ocrx_word' id='word_1_280' title='bbox 1137 2093 1487 2151; x_wconf 83' lang='lat' dir='ltr'><strong>observantia</strong></span> <span class='ocrx_word' id='word_1_281' title='bbox 1521 2091 1636 2148; x_wconf 88' lang='lat' dir='ltr'><strong>ﬁeri</strong></span> <span class='ocrx_word' id='word_1_282' title='bbox 1666 2092 1938 2146; x_wconf 86' lang='lat' dir='ltr'><strong>videatur.</strong></span> <span class='ocrx_word' id='word_1_283' title='bbox 1977 2088 2085 2144; x_wconf 89' lang='lat' dir='ltr'><strong>Sed</strong></span> <span class='ocrx_word' id='word_1_284' title='bbox 2189 2079 2340 2150; x_wconf 72' lang='lat' dir='ltr'><strong>plilio</strong></span> <span class='ocrx_word' id='word_1_285' title='bbox 2362 2076 2529 2149; x_wconf 58' lang='lat' dir='ltr'><strong>E90</strong></span> <span class='ocrx_word' id='word_1_286' title='bbox 2559 2074 2745 2131; x_wconf 69' lang='lat' dir='ltr'><strong>carnis</strong></span> <span class='ocrx_word' id='word_1_287' title='bbox 2779 2073 2846 2128; x_wconf 74' lang='lat' dir='ltr'><strong>ad</strong></span> <span class='ocrx_word' id='word_1_288' title='bbox 2875 2071 3034 2127; x_wconf 70' lang='lat' dir='ltr'><strong>ﬁdem</strong></span> <span class='ocrx_word' id='word_1_289' title='bbox 3060 2070 3268 2127; x_wconf 58' lang='lat' dir='ltr'><strong>Chiis“</strong></span> <span class='ocrx_word' id='word_1_290' title='bbox 3298 2076 3606 2125; x_wconf 59' lang='lat' dir='ltr'><strong>Venerunt:</strong></span> <span class='ocrx_word' id='word_1_291' title='bbox 3631 2081 3743 2135; x_wconf 75' lang='lat' dir='ltr'><strong>quas</strong></span> 
     </span>
    </p>
   </div>
   <div class='ocr_carea' id='block_1_34' title="bbox 510 2162 3744 2246">
    <p class='ocr_par' dir='ltr' id='par_1_34' title="bbox 510 2162 3744 2246">
     <span class='ocr_line' id='line_1_34' title="bbox 510 2162 3744 2246; baseline -0.009 -5"><span class='ocrx_word' id='word_1_292' title='bbox 510 2189 722 2243; x_wconf 84' lang='lat' dir='ltr'><strong>intuere</strong></span> <span class='ocrx_word' id='word_1_293' title='bbox 751 2202 819 2243; x_wconf 89' lang='lat' dir='ltr'><strong>ne</strong></span> <span class='ocrx_word' id='word_1_294' title='bbox 842 2186 980 2241; x_wconf 83' lang='lat' dir='ltr'><strong>forte</strong></span> <span class='ocrx_word' id='word_1_295' title='bbox 1009 2162 1333 2241; x_wconf 86' lang='lat' dir='ltr'><strong>abscindere</strong></span> <span class='ocrx_word' id='word_1_296' title='bbox 1369 2182 1521 2246; x_wconf 88' lang='lat' dir='ltr'><strong>vitia,</strong></span> <span class='ocrx_word' id='word_1_297' title='bbox 1561 2191 1617 2237; x_wconf 90' lang='lat' dir='ltr'><strong>et</strong></span> <span class='ocrx_word' id='word_1_298' title='bbox 1655 2193 1924 2235; x_wconf 89' lang='lat' dir='ltr'><strong>cessarea</strong></span> <span class='ocrx_word' id='word_1_299' title='bbox 1966 2193 2086 2231; x_wconf 91' lang='lat' dir='ltr'><strong>ma-</strong></span> <span class='ocrx_word' id='word_1_300' title='bbox 2190 2168 2363 2239; x_wconf 81' lang='lat' dir='ltr'><strong>legem</strong></span> <span class='ocrx_word' id='word_1_301' title='bbox 2391 2166 2689 2237; x_wconf 82' lang='lat' dir='ltr'><strong>spiritalem</strong></span> <span class='ocrx_word' id='word_1_302' title='bbox 2723 2174 3007 2220; x_wconf 83' lang='lat' dir='ltr'><strong>servantes</strong></span> <span class='ocrx_word' id='word_1_303' title='bbox 3050 2162 3337 2231; x_wconf 87' lang='lat' dir='ltr'><strong>componit</strong></span> <span class='ocrx_word' id='word_1_304' title='bbox 3376 2170 3435 2215; x_wconf 87' lang='lat' dir='ltr'><strong>et</strong></span> <span class='ocrx_word' id='word_1_305' title='bbox 3488 2168 3744 2227; x_wconf 79' lang='lat' dir='ltr'><strong>comparat</strong></span> 
     </span>
    </p>
   </div>
   <div class='ocr_carea' id='block_1_35' title="bbox 511 2250 3743 2347">
    <p class='ocr_par' dir='ltr' id='par_1_35' title="bbox 511 2250 3743 2347">
     <span class='ocr_line' id='line_1_35' title="bbox 511 2250 3743 2347; baseline -0.008 -17"><span class='ocrx_word' id='word_1_306' title='bbox 511 2279 602 2343; x_wconf 89' lang='lat' dir='ltr'><strong>lis,</strong></span> <span class='ocrx_word' id='word_1_307' title='bbox 638 2277 1110 2347; x_wconf 81' lang='lat' dir='ltr'><strong>circumcisionem</strong></span> <span class='ocrx_word' id='word_1_308' title='bbox 1163 2274 1435 2345; x_wconf 84' lang='lat' dir='ltr'><strong>signiﬁcet</strong></span> <span class='ocrx_word' id='word_1_309' title='bbox 1476 2292 1491 2325; x_wconf 88' lang='lat'><strong>:</strong></span> <span class='ocrx_word' id='word_1_310' title='bbox 1542 2287 1705 2344; x_wconf 88' lang='lat' dir='ltr'><strong>agere</strong></span> <span class='ocrx_word' id='word_1_311' title='bbox 1748 2280 1927 2325; x_wconf 84' lang='lat' dir='ltr'><strong>autem</strong></span> <span class='ocrx_word' id='word_1_312' title='bbox 1967 2284 2088 2339; x_wconf 72' lang='lat' dir='ltr'><strong>quae</strong></span> <span class='ocrx_word' id='word_1_313' title='bbox 2190 2259 2415 2323; x_wconf 71' lang='lat' dir='ltr'><strong>Judzeis,</strong></span> <span class='ocrx_word' id='word_1_314' title='bbox 2448 2258 2540 2329; x_wconf 91' lang='lat' dir='ltr'><strong>qui</strong></span> <span class='ocrx_word' id='word_1_315' title='bbox 2570 2272 2665 2327; x_wconf 89' lang='lat' dir='ltr'><strong>per</strong></span> <span class='ocrx_word' id='word_1_316' title='bbox 2694 2257 2933 2312; x_wconf 86' lang='lat' dir='ltr'><strong>litteram</strong></span> <span class='ocrx_word' id='word_1_317' title='bbox 2964 2263 3018 2311; x_wconf 85' lang='lat' dir='ltr'><strong>et</strong></span> <span class='ocrx_word' id='word_1_318' title='bbox 3059 2252 3540 2309; x_wconf 88' lang='lat' dir='ltr'><strong>circumcisionem</strong></span> <span class='ocrx_word' id='word_1_319' title='bbox 3585 2250 3743 2304; x_wconf 84' lang='lat' dir='ltr'><strong>carnis</strong></span> 
     </span>
    </p>
   </div>
   <div class='ocr_carea' id='block_1_36' title="bbox 514 2342 3743 2435">
    <p class='ocr_par' dir='ltr' id='par_1_36' title="bbox 514 2342 3743 2435">
     <span class='ocr_line' id='line_1_36' title="bbox 514 2342 3743 2435; baseline -0.007 -13"><span class='ocrx_word' id='word_1_320' title='bbox 514 2342 653 2423; x_wconf 89' lang='lat' dir='ltr'><strong>bona</strong></span> <span class='ocrx_word' id='word_1_321' title='bbox 682 2342 828 2432; x_wconf 70' lang='lat' dir='ltr'><strong>sunt,</strong></span> <span class='ocrx_word' id='word_1_322' title='bbox 859 2378 914 2423; x_wconf 89' lang='lat' dir='ltr'><strong>et</strong></span> <span class='ocrx_word' id='word_1_323' title='bbox 942 2366 1155 2421; x_wconf 84' lang='lat' dir='ltr'><strong>ellicere</strong></span> <span class='ocrx_word' id='word_1_324' title='bbox 1179 2342 1300 2435; x_wconf 77' lang='lat' dir='ltr'><strong>qua:</strong></span> <span class='ocrx_word' id='word_1_325' title='bbox 1337 2342 1601 2435; x_wconf 14' lang='lat' dir='ltr'><strong>perfecta?</strong></span> <span class='ocrx_word' id='word_1_326' title='bbox 1631 2370 1777 2425; x_wconf 90' lang='lat' dir='ltr'><strong>sunt,</strong></span> <span class='ocrx_word' id='word_1_327' title='bbox 1814 2360 2089 2416; x_wconf 91' lang='lat' dir='ltr'><strong>custodire</strong></span> <span class='ocrx_word' id='word_1_328' title='bbox 2193 2352 2644 2424; x_wconf 60' lang='lat' dir='ltr'><strong>praevaricatores</strong></span> <span class='ocrx_word' id='word_1_329' title='bbox 2680 2359 2808 2405; x_wconf 77' lang='lat' dir='ltr'><strong>sunt</strong></span> <span class='ocrx_word' id='word_1_330' title='bbox 2839 2349 2996 2420; x_wconf 70' lang='lat' dir='ltr'><strong>legiS,</strong></span> <span class='ocrx_word' id='word_1_331' title='bbox 3046 2362 3185 2418; x_wconf 81' lang='lat' dir='ltr'><strong>quos</strong></span> <span class='ocrx_word' id='word_1_332' title='bbox 3225 2355 3286 2402; x_wconf 84' lang='lat' dir='ltr'><strong>et</strong></span> <span class='ocrx_word' id='word_1_333' title='bbox 3329 2344 3655 2417; x_wconf 78' lang='lat' dir='ltr'><strong>iudicandos</strong></span> <span class='ocrx_word' id='word_1_334' title='bbox 3693 2342 3743 2395; x_wconf 81' lang='lat' dir='ltr'><strong>ab</strong></span> 
     </span>
    </p>
   </div>
   <div class='ocr_carea' id='block_1_37' title="bbox 514 2433 3745 2527">
    <p class='ocr_par' dir='ltr' id='par_1_37' title="bbox 514 2433 3745 2527">
     <span class='ocr_line' id='line_1_37' title="bbox 514 2433 3745 2527; baseline -0.009 -12"><span class='ocrx_word' id='word_1_335' title='bbox 514 2458 587 2515; x_wconf 87' lang='lat' dir='ltr'><strong>sit</strong></span> <span class='ocrx_word' id='word_1_336' title='bbox 616 2457 807 2527; x_wconf 89' lang='lat' dir='ltr'><strong>legem.</strong></span> <span class='ocrx_word' id='word_1_337' title='bbox 834 2455 1018 2524; x_wconf 84' lang='lat' dir='ltr'><strong>Neque</strong></span> <span class='ocrx_word' id='word_1_338' title='bbox 1047 2433 1213 2509; x_wconf 38' lang='lat' dir='ltr'><strong>enim—</strong></span> <span class='ocrx_word' id='word_1_339' title='bbox 1234 2455 1289 2509; x_wconf 93' lang='lat' dir='ltr'><strong>in</strong></span> <span class='ocrx_word' id='word_1_340' title='bbox 1319 2433 1383 2510; x_wconf 83' lang='lat' dir='ltr'><strong>eo</strong></span> <span class='ocrx_word' id='word_1_341' title='bbox 1410 2452 1674 2522; x_wconf 88' lang='lat' dir='ltr'><strong>perlectio</strong></span> <span class='ocrx_word' id='word_1_342' title='bbox 1707 2459 1793 2507; x_wconf 90' lang='lat' dir='ltr'><strong>est</strong></span> <span class='ocrx_word' id='word_1_343' title='bbox 1827 2450 1877 2507; x_wconf 88' lang='lat' dir='ltr'><strong>si</strong></span> <span class='ocrx_word' id='word_1_344' title='bbox 1909 2464 2090 2506; x_wconf 86' lang='lat' dir='ltr'><strong>cesse-</strong></span> <span class='ocrx_word' id='word_1_345' title='bbox 2192 2446 2281 2501; x_wconf 84' lang='lat' dir='ltr'><strong>his</strong></span> <span class='ocrx_word' id='word_1_346' title='bbox 2309 2444 2442 2499; x_wconf 89' lang='lat' dir='ltr'><strong>dicit</strong></span> <span class='ocrx_word' id='word_1_347' title='bbox 2468 2444 2521 2497; x_wconf 90' lang='lat' dir='ltr'><strong>in</strong></span> <span class='ocrx_word' id='word_1_348' title='bbox 2563 2442 2761 2512; x_wconf 87' lang='lat' dir='ltr'><strong>quibus</strong></span> <span class='ocrx_word' id='word_1_349' title='bbox 2810 2454 2917 2495; x_wconf 92' lang='lat' dir='ltr'><strong>non</strong></span> <span class='ocrx_word' id='word_1_350' title='bbox 2946 2440 3130 2496; x_wconf 90' lang='lat' dir='ltr'><strong>carnis</strong></span> <span class='ocrx_word' id='word_1_351' title='bbox 3155 2437 3534 2501; x_wconf 88' lang='lat' dir='ltr'><strong>circumcisio,</strong></span> <span class='ocrx_word' id='word_1_352' title='bbox 3564 2435 3654 2490; x_wconf 90' lang='lat' dir='ltr'><strong>sed</strong></span> <span class='ocrx_word' id='word_1_353' title='bbox 3692 2433 3745 2486; x_wconf 85' lang='lat' dir='ltr'><strong>le-</strong></span> 
     </span>
    </p>
   </div>
   <div class='ocr_carea' id='block_1_38' title="bbox 516 2531 3744 2613">
    <p class='ocr_par' dir='ltr' id='par_1_38' title="bbox 516 2531 3744 2613">
     <span class='ocr_line' id='line_1_38' title="bbox 516 2531 3744 2613; baseline -0.007 -10"><span class='ocrx_word' id='word_1_354' title='bbox 516 2558 664 2603; x_wconf 90' lang='lat' dir='ltr'><strong>tura</strong></span> <span class='ocrx_word' id='word_1_355' title='bbox 691 2548 869 2611; x_wconf 89' lang='lat' dir='ltr'><strong>malis,</strong></span> <span class='ocrx_word' id='word_1_356' title='bbox 917 2548 1011 2603; x_wconf 89' lang='lat' dir='ltr'><strong>sed</strong></span> <span class='ocrx_word' id='word_1_357' title='bbox 1061 2548 1113 2601; x_wconf 93' lang='lat' dir='ltr'><strong>in</strong></span> <span class='ocrx_word' id='word_1_358' title='bbox 1157 2562 1223 2602; x_wconf 94' lang='lat' dir='ltr'><strong>eo</strong></span> <span class='ocrx_word' id='word_1_359' title='bbox 1271 2549 1317 2602; x_wconf 93' lang='lat' dir='ltr'><strong>si</strong></span> <span class='ocrx_word' id='word_1_360' title='bbox 1370 2554 1606 2613; x_wconf 78' lang='lat' dir='ltr'><strong>agantur</strong></span> <span class='ocrx_word' id='word_1_361' title='bbox 1647 2545 1812 2607; x_wconf 89' lang='lat' dir='ltr'><strong>bona,</strong></span> <span class='ocrx_word' id='word_1_362' title='bbox 1848 2544 2003 2598; x_wconf 68' lang='lat' dir='ltr'><strong>.sicut</strong></span> <span class='ocrx_word' id='word_1_363' title='bbox 2032 2545 2090 2597; x_wconf 89' lang='lat' dir='ltr'><strong>in</strong></span> <span class='ocrx_word' id='word_1_364' title='bbox 2191 2538 2275 2607; x_wconf 87' lang='lat' dir='ltr'><strong>gis</strong></span> <span class='ocrx_word' id='word_1_365' title='bbox 2310 2535 2630 2591; x_wconf 83' lang='lat' dir='ltr'><strong>observatio</strong></span> <span class='ocrx_word' id='word_1_366' title='bbox 2662 2543 2769 2591; x_wconf 89' lang='lat' dir='ltr'><strong>est.</strong></span> <span class='ocrx_word' id='word_1_367' title='bbox 2818 2531 3115 2587; x_wconf 81' lang='lat' dir='ltr'><strong>Possumus</strong></span> <span class='ocrx_word' id='word_1_368' title='bbox 3165 2539 3349 2585; x_wconf 89' lang='lat' dir='ltr'><strong>autem</strong></span> <span class='ocrx_word' id='word_1_369' title='bbox 3390 2543 3460 2583; x_wconf 80' lang='lat' dir='ltr'><strong>ex</strong></span> <span class='ocrx_word' id='word_1_370' title='bbox 3494 2532 3595 2583; x_wconf 83' lang='lat' dir='ltr'><strong>hac</strong></span> <span class='ocrx_word' id='word_1_371' title='bbox 3621 2541 3744 2589; x_wconf 79' lang='lat' dir='ltr'><strong>com-</strong></span> 
     </span>
    </p>
   </div>
   <div class='ocr_carea' id='block_1_39' title="bbox 513 2621 3744 2709">
    <p class='ocr_par' dir='ltr' id='par_1_39' title="bbox 513 2621 3744 2709">
     <span class='ocr_line' id='line_1_39' title="bbox 513 2621 3744 2709; baseline -0.006 -15"><span class='ocrx_word' id='word_1_372' title='bbox 513 2637 730 2694; x_wconf 85' lang='lat' dir='ltr'><strong>Psalmo</strong></span> <span class='ocrx_word' id='word_1_373' title='bbox 763 2639 1068 2693; x_wconf 80' lang='lat' dir='ltr'><strong>evidentius</strong></span> <span class='ocrx_word' id='word_1_374' title='bbox 1114 2639 1497 2709; x_wconf 87' lang='lat' dir='ltr'><strong>perdocenmr,</strong></span> <span class='ocrx_word' id='word_1_375' title='bbox 1546 2651 1671 2693; x_wconf 91' lang='lat' dir='ltr'><strong>cum</strong></span> <span class='ocrx_word' id='word_1_376' title='bbox 1720 2636 1892 2690; x_wconf 90' lang='lat' dir='ltr'><strong>dicit:</strong></span> <span class='ocrx_word' id='word_1_377' title='bbox 1934 2653 1955 2688; x_wconf 71' lang='grc' dir='ltr'>ι</span> <span class='ocrx_word' id='word_1_378' title='bbox 1990 2636 2092 2690; x_wconf 84' lang='lat' dir='ltr'><strong>De-</strong></span> <span class='ocrx_word' id='word_1_379' title='bbox 2192 2629 2482 2701; x_wconf 88' lang='lat' dir='ltr'><strong>paratione</strong></span> <span class='ocrx_word' id='word_1_380' title='bbox 2514 2626 2682 2681; x_wconf 89' lang='lat' dir='ltr'><strong>etiam</strong></span> <span class='ocrx_word' id='word_1_381' title='bbox 2711 2632 2931 2680; x_wconf 89' lang='lat' dir='ltr'><strong>nostros</strong></span> <span class='ocrx_word' id='word_1_382' title='bbox 2988 2624 3045 2678; x_wconf 91' lang='lat' dir='ltr'><strong>in</strong></span> <span class='ocrx_word' id='word_1_383' title='bbox 3085 2621 3331 2678; x_wconf 83' lang='lat' dir='ltr'><strong>Ecclesia</strong></span> <span class='ocrx_word' id='word_1_384' title='bbox 3380 2633 3744 2684; x_wconf 87' lang='lat' dir='ltr'><strong>commonere;</strong></span> 
     </span>
    </p>
   </div>
   <div class='ocr_carea' id='block_1_40' title="bbox 517 2713 3744 2793">
    <p class='ocr_par' dir='ltr' id='par_1_40' title="bbox 517 2713 3744 2793">
     <span class='ocr_line' id='line_1_40' title="bbox 517 2713 3744 2793; baseline -0.007 -9"><span class='ocrx_word' id='word_1_385' title='bbox 517 2730 662 2784; x_wconf 91' lang='lat' dir='ltr'><strong>cliua</strong></span> <span class='ocrx_word' id='word_1_386' title='bbox 686 2744 716 2782; x_wconf 89' lang='lat' dir='ltr'><strong>a</strong></span> <span class='ocrx_word' id='word_1_387' title='bbox 753 2730 916 2793; x_wconf 89' lang='lat' dir='ltr'><strong>malo,</strong></span> <span class='ocrx_word' id='word_1_388' title='bbox 952 2748 971 2780; x_wconf 73' lang='grc' dir='ltr'><strong><em>ι</em></strong></span> <span class='ocrx_word' id='word_1_389' title='bbox 1003 2738 1059 2784; x_wconf 90' lang='lat' dir='ltr'><strong>et</strong></span> <span class='ocrx_word' id='word_1_390' title='bbox 1094 2745 1202 2783; x_wconf 89' lang='lat' dir='ltr'><strong>non</strong></span> <span class='ocrx_word' id='word_1_391' title='bbox 1226 2729 1316 2784; x_wconf 87' lang='lat' dir='ltr'><strong>hic</strong></span> <span class='ocrx_word' id='word_1_392' title='bbox 1346 2729 1521 2792; x_wconf 87' lang='lat' dir='ltr'><strong>stetit,</strong></span> <span class='ocrx_word' id='word_1_393' title='bbox 1561 2729 1654 2784; x_wconf 90' lang='lat' dir='ltr'><strong>sed</strong></span> <span class='ocrx_word' id='word_1_394' title='bbox 1684 2726 1929 2781; x_wconf 84' lang='lat' dir='ltr'><strong>addidit:</strong></span> <span class='ocrx_word' id='word_1_395' title='bbox 1988 2744 2007 2779; x_wconf 84' lang='grc'><strong>‹</strong></span> <span class='ocrx_word' id='word_1_396' title='bbox 2036 2734 2093 2781; x_wconf 93' lang='lat' dir='ltr'><strong>et</strong></span> <span class='ocrx_word' id='word_1_397' title='bbox 2192 2719 2343 2777; x_wconf 80' lang='lat' dir='ltr'><strong>verbi</strong></span> <span class='ocrx_word' id='word_1_398' title='bbox 2371 2733 2561 2784; x_wconf 85' lang='lat' dir='ltr'><strong>causa,</strong></span> <span class='ocrx_word' id='word_1_399' title='bbox 2597 2718 2644 2773; x_wconf 87' lang='lat' dir='ltr'><strong>si</strong></span> <span class='ocrx_word' id='word_1_400' title='bbox 2669 2718 2913 2772; x_wconf 84' lang='lat' dir='ltr'><strong>dicamus</strong></span> <span class='ocrx_word' id='word_1_401' title='bbox 2940 2716 2993 2770; x_wconf 91' lang='lat' dir='ltr'><strong>in</strong></span> <span class='ocrx_word' id='word_1_402' title='bbox 3021 2715 3290 2786; x_wconf 61' lang='lat' dir='ltr'><strong>praeputio</strong></span> <span class='ocrx_word' id='word_1_403' title='bbox 3320 2713 3506 2767; x_wconf 89' lang='lat' dir='ltr'><strong>adhuc</strong></span> <span class='ocrx_word' id='word_1_404' title='bbox 3531 2725 3648 2766; x_wconf 87' lang='lat' dir='ltr'><strong>esse</strong></span> <span class='ocrx_word' id='word_1_405' title='bbox 3669 2725 3744 2761; x_wconf 81' lang='lat' dir='ltr'><strong>ca-</strong></span> 
     </span>
    </p>
   </div>
   <div class='ocr_carea' id='block_1_41' title="bbox 518 2800 3747 2889">
    <p class='ocr_par' dir='ltr' id='par_1_41' title="bbox 518 2800 3747 2889">
     <span class='ocr_line' id='line_1_41' title="bbox 518 2800 3747 2889; baseline -0.007 -15"><span class='ocrx_word' id='word_1_406' title='bbox 518 2821 604 2875; x_wconf 82' lang='lat' dir='ltr'><strong>fae</strong></span> <span class='ocrx_word' id='word_1_407' title='bbox 632 2823 831 2876; x_wconf 91' lang='lat' dir='ltr'><strong>bonum</strong></span> <span class='ocrx_word' id='word_1_408' title='bbox 856 2820 922 2874; x_wconf 74' lang='lat'><strong>“.</strong></span> <span class='ocrx_word' id='word_1_409' title='bbox 956 2839 976 2872; x_wconf 74' lang='grc' dir='ltr'><strong><em>ι</em></strong></span> <span class='ocrx_word' id='word_1_410' title='bbox 1010 2820 1281 2875; x_wconf 87' lang='lat' dir='ltr'><strong>Similiter</strong></span> <span class='ocrx_word' id='word_1_411' title='bbox 1305 2820 1435 2889; x_wconf 83' lang='lat' dir='ltr'><strong>ergo</strong></span> <span class='ocrx_word' id='word_1_412' title='bbox 1473 2829 1528 2874; x_wconf 92' lang='lat' dir='ltr'><strong>et</strong></span> <span class='ocrx_word' id='word_1_413' title='bbox 1556 2818 1871 2889; x_wconf 81' lang='lat' dir='ltr'><strong>Apostolus,</strong></span> <span class='ocrx_word' id='word_1_414' title='bbox 1905 2826 2092 2889; x_wconf 89' lang='lat' dir='ltr'><strong>utpote</strong></span> <span class='ocrx_word' id='word_1_415' title='bbox 2195 2813 2571 2875; x_wconf 87' lang='lat' dir='ltr'><strong>techumenos,</strong></span> <span class='ocrx_word' id='word_1_416' title='bbox 2606 2818 2699 2864; x_wconf 88' lang='lat' dir='ltr'><strong>aut</strong></span> <span class='ocrx_word' id='word_1_417' title='bbox 2735 2809 2906 2865; x_wconf 91' lang='lat' dir='ltr'><strong>etiam</strong></span> <span class='ocrx_word' id='word_1_418' title='bbox 2952 2804 3183 2877; x_wconf 81' lang='lat' dir='ltr'><strong>gentiles</strong></span> <span class='ocrx_word' id='word_1_419' title='bbox 3223 2822 3240 2871; x_wconf 87' lang='lat'><strong>;</strong></span> <span class='ocrx_word' id='word_1_420' title='bbox 3297 2813 3356 2860; x_wconf 89' lang='lat' dir='ltr'><strong>et</strong></span> <span class='ocrx_word' id='word_1_421' title='bbox 3422 2800 3747 2858; x_wconf 76' lang='lat' dir='ltr'><strong>circumcisus</strong></span> 
     </span>
    </p>
   </div>
   <div class='ocr_carea' id='block_1_42' title="bbox 518 2895 3744 2978">
    <p class='ocr_par' dir='ltr' id='par_1_42' title="bbox 518 2895 3744 2978">
     <span class='ocr_line' id='line_1_42' title="bbox 518 2895 3744 2978; baseline -0.007 -11"><span class='ocrx_word' id='word_1_422' title='bbox 518 2913 576 2967; x_wconf 89' lang='lat' dir='ltr'><strong>in</strong></span> <span class='ocrx_word' id='word_1_423' title='bbox 603 2913 688 2967; x_wconf 91' lang='lat' dir='ltr'><strong>his</strong></span> <span class='ocrx_word' id='word_1_424' title='bbox 719 2912 978 2973; x_wconf 90' lang='lat' dir='ltr'><strong>imbutus,</strong></span> <span class='ocrx_word' id='word_1_425' title='bbox 1027 2912 1101 2966; x_wconf 90' lang='lat' dir='ltr'><strong>ita</strong></span> <span class='ocrx_word' id='word_1_426' title='bbox 1127 2913 1342 2966; x_wconf 91' lang='lat' dir='ltr'><strong>demum</strong></span> <span class='ocrx_word' id='word_1_427' title='bbox 1373 2911 1531 2974; x_wconf 88' lang='lat' dir='ltr'><strong>dicit,</strong></span> <span class='ocrx_word' id='word_1_428' title='bbox 1562 2910 1818 2978; x_wconf 87' lang='lat' dir='ltr'><strong>prodesse</strong></span> <span class='ocrx_word' id='word_1_429' title='bbox 1850 2909 2090 2964; x_wconf 91' lang='lat' dir='ltr'><strong>circum-</strong></span> <span class='ocrx_word' id='word_1_430' title='bbox 2194 2919 2316 2959; x_wconf 81' lang='lat' dir='ltr'><strong>esse</strong></span> <span class='ocrx_word' id='word_1_431' title='bbox 2362 2902 2547 2959; x_wconf 89' lang='lat' dir='ltr'><strong>ﬁdeles</strong></span> <span class='ocrx_word' id='word_1_432' title='bbox 2595 2917 2691 2972; x_wconf 92' lang='lat' dir='ltr'><strong>per</strong></span> <span class='ocrx_word' id='word_1_433' title='bbox 2745 2900 2979 2972; x_wconf 76' lang='lat' dir='ltr'><strong>gratiam</strong></span> <span class='ocrx_word' id='word_1_434' title='bbox 3018 2896 3299 2967; x_wconf 87' lang='lat' dir='ltr'><strong>baptismi.</strong></span> <span class='ocrx_word' id='word_1_435' title='bbox 3352 2895 3412 2950; x_wconf 89' lang='lat' dir='ltr'><strong>Si</strong></span> <span class='ocrx_word' id='word_1_436' title='bbox 3451 2908 3584 2964; x_wconf 85' lang='lat' dir='ltr'><strong>ergo</strong></span> <span class='ocrx_word' id='word_1_437' title='bbox 3617 2902 3744 2947; x_wconf 81' lang='lat' dir='ltr'><strong>cate-</strong></span> 
     </span>
    </p>
   </div>
   <div class='ocr_carea' id='block_1_43' title="bbox 518 2983 3745 3074">
    <p class='ocr_par' dir='ltr' id='par_1_43' title="bbox 518 2983 3745 3074">
     <span class='ocr_line' id='line_1_43' title="bbox 518 2983 3745 3074; baseline -0.007 -15"><span class='ocrx_word' id='word_1_438' title='bbox 518 3004 779 3059; x_wconf 90' lang='lat' dir='ltr'><strong>cisionem</strong></span> <span class='ocrx_word' id='word_1_439' title='bbox 805 3015 862 3060; x_wconf 92' lang='lat' dir='ltr'><strong>et</strong></span> <span class='ocrx_word' id='word_1_440' title='bbox 889 3003 1251 3074; x_wconf 89' lang='lat' dir='ltr'><strong>abjectionem</strong></span> <span class='ocrx_word' id='word_1_441' title='bbox 1287 3004 1577 3064; x_wconf 86' lang='lat' dir='ltr'><strong>malorum,</strong></span> <span class='ocrx_word' id='word_1_442' title='bbox 1612 3002 1659 3057; x_wconf 91' lang='lat' dir='ltr'><strong>si</strong></span> <span class='ocrx_word' id='word_1_443' title='bbox 1694 3000 1974 3057; x_wconf 88' lang='lat' dir='ltr'><strong>custodias</strong></span> <span class='ocrx_word' id='word_1_444' title='bbox 2015 3001 2092 3055; x_wconf 87' lang='lat' dir='ltr'><strong>le-</strong></span> <span class='ocrx_word' id='word_1_445' title='bbox 2194 2997 2496 3051; x_wconf 89' lang='lat' dir='ltr'><strong>cbumenus</strong></span> <span class='ocrx_word' id='word_1_446' title='bbox 2526 2993 2623 3062; x_wconf 88' lang='lat' dir='ltr'><strong>qui</strong></span> <span class='ocrx_word' id='word_1_447' title='bbox 2655 2992 2894 3046; x_wconf 89' lang='lat' dir='ltr'><strong>nondum</strong></span> <span class='ocrx_word' id='word_1_448' title='bbox 2919 3002 3015 3060; x_wconf 87' lang='lat' dir='ltr'><strong>per</strong></span> <span class='ocrx_word' id='word_1_449' title='bbox 3039 2987 3275 3059; x_wconf 86' lang='lat' dir='ltr'><strong>gratiam</strong></span> <span class='ocrx_word' id='word_1_450' title='bbox 3303 2984 3511 3040; x_wconf 83' lang='lat' dir='ltr'><strong>lavacri</strong></span> <span class='ocrx_word' id='word_1_451' title='bbox 3547 2983 3745 3037; x_wconf 74' lang='lat' dir='ltr'><strong>circuat-</strong></span> 
     </span>
    </p>
   </div>
   <div class='ocr_carea' id='block_1_44' title="bbox 519 3074 3743 3188">
    <p class='ocr_par' dir='ltr' id='par_1_44' title="bbox 519 3074 3743 3188">
     <span class='ocr_line' id='line_1_44' title="bbox 519 3074 3743 3188; baseline -0.01 -32"><span class='ocrx_word' id='word_1_452' title='bbox 519 3132 639 3188; x_wconf 67' lang='lat' dir='ltr'><strong>gem</strong></span> <span class='ocrx_word' id='word_1_453' title='bbox 667 3116 955 3172; x_wconf 51' lang='lat' dir='ltr'><strong>bonorum.</strong></span> <span class='ocrx_word' id='word_1_454' title='bbox 985 3114 1170 3185; x_wconf 68' lang='lat' dir='ltr'><strong>Neque</strong></span> <span class='ocrx_word' id='word_1_455' title='bbox 1207 3115 1351 3171; x_wconf 68' lang='lat' dir='ltr'><strong>enim</strong></span> <span class='ocrx_word' id='word_1_456' title='bbox 1378 3114 1651 3183; x_wconf 67' lang='lat' dir='ltr'><strong>pel-femus</strong></span> <span class='ocrx_word' id='word_1_457' title='bbox 1679 3113 1803 3184; x_wconf 62' lang='lat' dir='ltr'><strong>quis</strong></span> <span class='ocrx_word' id='word_1_458' title='bbox 1829 3128 1949 3170; x_wconf 64' lang='lat' dir='ltr'><strong>esse</strong></span> <span class='ocrx_word' id='word_1_459' title='bbox 1996 3127 2093 3182; x_wconf 70' lang='lat' dir='ltr'><strong>po,</strong></span> <span class='ocrx_word' id='word_1_460' title='bbox 2196 3090 2342 3143; x_wconf 91' lang='lat' dir='ltr'><strong>eisus</strong></span> <span class='ocrx_word' id='word_1_461' title='bbox 2363 3098 2470 3153; x_wconf 91' lang='lat' dir='ltr'><strong>est,</strong></span> <span class='ocrx_word' id='word_1_462' title='bbox 2505 3086 2677 3156; x_wconf 81' lang='lat' dir='ltr'><strong>legem</strong></span> <span class='ocrx_word' id='word_1_463' title='bbox 2698 3083 2901 3140; x_wconf 86' lang='lat' dir='ltr'><strong>Christi</strong></span> <span class='ocrx_word' id='word_1_464' title='bbox 2929 3088 3137 3146; x_wconf 86' lang='lat' dir='ltr'><strong>servet,</strong></span> <span class='ocrx_word' id='word_1_465' title='bbox 3156 3078 3403 3149; x_wconf 88' lang='lat' dir='ltr'><strong>justitias</strong></span> <span class='ocrx_word' id='word_1_466' title='bbox 3428 3085 3485 3131; x_wconf 91' lang='lat' dir='ltr'><strong>et</strong></span> <span class='ocrx_word' id='word_1_467' title='bbox 3516 3074 3743 3130; x_wconf 80' lang='lat' dir='ltr'><strong>mandata</strong></span> 
     </span>
    </p>
   </div>
   <div class='ocr_carea' id='block_1_45' title="bbox 523 3170 3745 3277">
    <p class='ocr_par' dir='ltr' id='par_1_45' title="bbox 523 3170 3745 3277">
     <span class='ocr_line' id='line_1_45' title="bbox 523 3170 3745 3277; baseline -0.007 -16"><span class='ocrx_word' id='word_1_468' title='bbox 523 3170 628 3263; x_wconf 67' lang='grc' dir='ltr'><strong>ῗθει</strong></span> <span class='ocrx_word' id='word_1_469' title='bbox 655 3207 702 3262; x_wconf 90' lang='lat' dir='ltr'><strong>si</strong></span> <span class='ocrx_word' id='word_1_470' title='bbox 732 3207 868 3260; x_wconf 91' lang='lat' dir='ltr'><strong>nihil</strong></span> <span class='ocrx_word' id='word_1_471' title='bbox 894 3170 1251 3277; x_wconf 50' lang='lat' dir='ltr'><strong>egerit-mali,</strong></span> <span class='ocrx_word' id='word_1_472' title='bbox 1306 3170 1399 3259; x_wconf 66' lang='lat' dir='ltr'><strong>sei</strong></span> <span class='ocrx_word' id='word_1_473' title='bbox 1423 3203 1467 3259; x_wconf 90' lang='lat' dir='ltr'><strong>si</strong></span> <span class='ocrx_word' id='word_1_474' title='bbox 1507 3170 1716 3273; x_wconf 69' lang='lat' dir='ltr'><strong>aliquid</strong></span> <span class='ocrx_word' id='word_1_475' title='bbox 1730 3204 1902 3274; x_wconf 85' lang='lat' dir='ltr'><strong>egerit</strong></span> <span class='ocrx_word' id='word_1_476' title='bbox 1938 3170 2089 3257; x_wconf 73' lang='lat' dir='ltr'><strong>boni.</strong></span> <span class='ocrx_word' id='word_1_477' title='bbox 2122 3255 2163 3277; x_wconf 51' lang='grc' dir='ltr'>η</span> <span class='ocrx_word' id='word_1_478' title='bbox 2195 3182 2537 3277; x_wconf 32' lang='lat' dir='ltr'><strong>custodiam</strong></span> <span class='ocrx_word' id='word_1_479' title='bbox 2584 3195 2766 3277; x_wconf 63' lang='lat' dir='ltr'><strong>ngnnf</strong></span> <span class='ocrx_word' id='word_1_480' title='bbox 2802 3193 2905 3277; x_wconf 64' lang='grc' dir='ltr'><strong>⁸ει·</strong></span> <span class='ocrx_word' id='word_1_481' title='bbox 2950 3178 3054 3232; x_wconf 74' lang='lat' dir='ltr'><strong>hac</strong></span> <span class='ocrx_word' id='word_1_482' title='bbox 3106 3176 3524 3244; x_wconf 75' lang='lat' dir='ltr'><strong>comparatione</strong></span> <span class='ocrx_word' id='word_1_483' title='bbox 3570 3170 3745 3240; x_wconf 64' lang='lat' dir='ltr'><strong>iudiw</strong></span> 
     </span>
    </p>
   </div>
   <div class='ocr_carea' id='block_1_46' title="bbox 523 3255 3745 3370">
    <p class='ocr_par' dir='ltr' id='par_1_46' title="bbox 523 3255 3745 3370">
     <span class='ocr_line' id='line_1_46' title="bbox 524 3255 2082 3277; baseline -0.003 -16"><span class='ocrx_word' id='word_1_484' title='bbox 524 3255 628 3263; x_wconf 81' lang='grc'><strong>--,--</strong></span> <span class='ocrx_word' id='word_1_485' title='bbox 656 3255 702 3262; x_wconf 82' lang='lat'><strong>-_</strong></span> <span class='ocrx_word' id='word_1_486' title='bbox 899 3255 1064 3277; x_wconf 60' lang='lat'><strong>-°-_--</strong></span> <span class='ocrx_word' id='word_1_487' title='bbox 1307 3255 1398 3259; x_wconf 30' lang='grc' dir='ltr'><strong>--γ</strong></span> <span class='ocrx_word' id='word_1_488' title='bbox 1424 3255 1465 3259; x_wconf 39' lang='grc' dir='ltr'><em>,ν</em></span> <span class='ocrx_word' id='word_1_489' title='bbox 1512 3255 1534 3257; x_wconf 31' lang='grc' dir='ltr'><strong>νγ</strong></span> <span class='ocrx_word' id='word_1_490' title='bbox 1941 3255 2082 3257; x_wconf 26' lang='lat' dir='ltr'><strong>sm,</strong></span> 
     </span>
     <span class='ocr_line' id='line_1_47' title="bbox 523 3255 3745 3370; baseline -0.003 -13"><span class='ocrx_word' id='word_1_491' title='bbox 523 3300 681 3357; x_wconf 82' lang='lat' dir='ltr'><strong>Unde</strong></span> <span class='ocrx_word' id='word_1_492' title='bbox 709 3309 765 3354; x_wconf 87' lang='lat' dir='ltr'><strong>et</strong></span> <span class='ocrx_word' id='word_1_493' title='bbox 797 3301 913 3370; x_wconf 91' lang='lat' dir='ltr'><strong>ipsa</strong></span> <span class='ocrx_word' id='word_1_494' title='bbox 943 3296 1293 3354; x_wconf 88' lang='lat' dir='ltr'><strong>circumcisio</strong></span> <span class='ocrx_word' id='word_1_495' title='bbox 1323 3312 1445 3367; x_wconf 68' lang='lat' dir='ltr'><strong>qua:</strong></span> <span class='ocrx_word' id='word_1_496' title='bbox 1474 3296 1638 3351; x_wconf 88' lang='lat' dir='ltr'><strong>ﬁebat</strong></span> <span class='ocrx_word' id='word_1_497' title='bbox 1668 3296 1722 3350; x_wconf 92' lang='lat' dir='ltr'><strong>in</strong></span> <span class='ocrx_word' id='word_1_498' title='bbox 1753 3311 1942 3362; x_wconf 89' lang='lat' dir='ltr'><strong>carne,</strong></span> <span class='ocrx_word' id='word_1_499' title='bbox 1987 3310 2094 3352; x_wconf 92' lang='lat' dir='ltr'><strong>non</strong></span> <span class='ocrx_word' id='word_1_500' title='bbox 2121 3255 2166 3313; x_wconf 57' lang='grc' dir='ltr'><strong>τ’</strong></span> <span class='ocrx_word' id='word_1_501' title='bbox 2199 3291 2348 3340; x_wconf 69' lang='lat' dir='ltr'><strong>eumv</strong></span> <span class='ocrx_word' id='word_1_502' title='bbox 2384 3275 2479 3344; x_wconf 70' lang='grc' dir='ltr'><strong>(1⁸³ἰ</strong></span> <span class='ocrx_word' id='word_1_503' title='bbox 2509 3271 2683 3327; x_wconf 63' lang='lat' dir='ltr'><strong>ﬁdelis</strong></span> <span class='ocrx_word' id='word_1_504' title='bbox 2708 3270 2911 3326; x_wconf 58' lang='lat' dir='ltr'><strong>diem&quot;</strong></span> <span class='ocrx_word' id='word_1_505' title='bbox 2936 3277 2990 3325; x_wconf 69' lang='grc'><strong>⁸⁸</strong></span> <span class='ocrx_word' id='word_1_506' title='bbox 3012 3277 3284 3339; x_wconf 55' lang='grc' dir='ltr'><strong>Ρηθθβίθ</strong></span> <span class='ocrx_word' id='word_1_507' title='bbox 3332 3281 3442 3321; x_wconf 80' lang='grc'>¹¹⁰¹¹</span> <span class='ocrx_word' id='word_1_508' title='bbox 3477 3273 3667 3327; x_wconf 52' lang='lat' dir='ltr'><strong>serva&quot;</strong></span> <span class='ocrx_word' id='word_1_509' title='bbox 3692 3274 3745 3315; x_wconf 64' lang='grc'><strong>³⁸</strong></span> 
     </span>
    </p>
   </div>
   <div class='ocr_carea' id='block_1_47' title="bbox 520 3358 3745 3463">
    <p class='ocr_par' dir='ltr' id='par_1_47' title="bbox 520 3358 3745 3463">
     <span class='ocr_line' id='line_1_48' title="bbox 520 3358 3745 3463; baseline -0.007 -17"><span class='ocrx_word' id='word_1_510' title='bbox 520 3394 728 3463; x_wconf 91' lang='lat' dir='ltr'><strong>absque</strong></span> <span class='ocrx_word' id='word_1_511' title='bbox 757 3358 921 3460; x_wconf 60' lang='lat' dir='ltr'><strong>hujus</strong></span> <span class='ocrx_word' id='word_1_512' title='bbox 951 3358 1355 3460; x_wconf 55' lang='lat' dir='ltr'><strong>intelligentia};</strong></span> <span class='ocrx_word' id='word_1_513' title='bbox 1373 3403 1537 3458; x_wconf 91' lang='lat' dir='ltr'><strong>quam</strong></span> <span class='ocrx_word' id='word_1_514' title='bbox 1574 3403 1716 3442; x_wconf 92' lang='lat' dir='ltr'><strong>nunc</strong></span> <span class='ocrx_word' id='word_1_515' title='bbox 1745 3358 2093 3458; x_wconf 71' lang='lat' dir='ltr'><strong>exponimus,</strong></span> <span class='ocrx_word' id='word_1_516' title='bbox 2198 3364 2625 3463; x_wconf 41' lang='grc' dir='ltr'><strong>ξθὲθιη-ῧῖηίίειίν</strong></span> <span class='ocrx_word' id='word_1_517' title='bbox 2656 3362 3007 3463; x_wconf 23' lang='lat' dir='ltr'><strong>abimum?“</strong></span> <span class='ocrx_word' id='word_1_518' title='bbox 3032 3360 3338 3463; x_wconf 48' lang='grc' dir='ltr'><strong>οοπὲθηιξιίι</strong></span> <span class='ocrx_word' id='word_1_519' title='bbox 3371 3358 3410 3463; x_wconf 38' lang='grc' dir='ltr'><strong>τ’</strong></span> <span class='ocrx_word' id='word_1_520' title='bbox 3447 3358 3677 3461; x_wconf 55' lang='grc' dir='ltr'><strong>θειιρειιιε</strong></span> <span class='ocrx_word' id='word_1_521' title='bbox 3701 3361 3745 3406; x_wconf 69' lang='grc' dir='ltr'>εί</span> 
     </span>
    </p>
   </div>
   <div class='ocr_carea' id='block_1_48' title="bbox 522 3452 3745 3553">
    <p class='ocr_par' dir='ltr' id='par_1_48' title="bbox 522 3452 3745 3553">
     <span class='ocr_line' id='line_1_49' title="bbox 522 3452 3745 3553; baseline -0.012 -14"><span class='ocrx_word' id='word_1_522' title='bbox 522 3452 922 3553; x_wconf 72' lang='lat' dir='ltr'><strong>signiﬁcabitur</strong></span> <span class='ocrx_word' id='word_1_523' title='bbox 954 3452 1210 3553; x_wconf 72' lang='lat' dir='ltr'><strong>imagine.</strong></span> <span class='ocrx_word' id='word_1_524' title='bbox 1243 3452 1484 3549; x_wconf 70' lang='lat' dir='ltr'><strong>Denique</strong></span> <span class='ocrx_word' id='word_1_525' title='bbox 1510 3491 1704 3536; x_wconf 90' lang='lat' dir='ltr'><strong>octava</strong></span> <span class='ocrx_word' id='word_1_526' title='bbox 1731 3452 1832 3535; x_wconf 30' lang='lat' dir='ltr'><strong>diei</strong></span> <span class='ocrx_word' id='word_1_527' title='bbox 1850 3482 2096 3551; x_wconf 88' lang='lat' dir='ltr'><strong>parvulis</strong></span> <span class='ocrx_word' id='word_1_528' title='bbox 2200 3461 2316 3553; x_wconf 44' lang='lat' dir='ltr'><strong>ipsi?</strong></span> <span class='ocrx_word' id='word_1_529' title='bbox 2357 3459 2630 3553; x_wconf 64' lang='lat' dir='ltr'><strong>PQminus</strong></span> <span class='ocrx_word' id='word_1_530' title='bbox 2680 3458 2898 3553; x_wconf 58' lang='lat' dir='ltr'><strong>dicst</strong></span> <span class='ocrx_word' id='word_1_531' title='bbox 2924 3456 3011 3509; x_wconf 75' lang='lat' dir='ltr'><strong>&quot;z</strong></span> <span class='ocrx_word' id='word_1_532' title='bbox 3073 3452 3347 3553; x_wconf 38' lang='lat' dir='ltr'><strong>t-Regin-a</strong></span> <span class='ocrx_word' id='word_1_533' title='bbox 3382 3452 3567 3553; x_wconf 43' lang='lat' dir='ltr'><strong>{lustri</strong></span> <span class='ocrx_word' id='word_1_534' title='bbox 3590 3454 3745 3516; x_wconf 74' lang='lat' dir='ltr'><strong>surget</strong></span> 
     </span>
    </p>
   </div>
   <div class='ocr_carea' id='block_1_49' title="bbox 525 3543 2084 3646">
    <p class='ocr_par' dir='ltr' id='par_1_49' title="bbox 525 3543 2084 3646">
     <span class='ocr_line' id='line_1_50' title="bbox 525 3543 2084 3646; baseline -0.003 -16"><span class='ocrx_word' id='word_1_535' title='bbox 525 3543 759 3630; x_wconf 66' lang='lat' dir='ltr'><strong>dabatur</strong></span> <span class='ocrx_word' id='word_1_536' title='bbox 785 3577 856 3639; x_wconf 81' lang='lat'><strong>&quot;,</strong></span> <span class='ocrx_word' id='word_1_537' title='bbox 887 3575 980 3646; x_wconf 90' lang='lat' dir='ltr'><strong>qui</strong></span> <span class='ocrx_word' id='word_1_538' title='bbox 1014 3543 1151 3630; x_wconf 71' lang='lat' dir='ltr'><strong>nihil</strong></span> <span class='ocrx_word' id='word_1_539' title='bbox 1185 3574 1375 3643; x_wconf 91' lang='lat' dir='ltr'><strong>utique</strong></span> <span class='ocrx_word' id='word_1_540' title='bbox 1399 3543 1585 3629; x_wconf 79' lang='lat' dir='ltr'><strong>adhuc</strong></span> <span class='ocrx_word' id='word_1_541' title='bbox 1633 3574 1817 3643; x_wconf 84' lang='lat' dir='ltr'><strong>operis</strong></span> <span class='ocrx_word' id='word_1_542' title='bbox 1850 3543 2084 3643; x_wconf 60' lang='lat' dir='ltr'><strong>egerant.</strong></span> 
     </span>
    </p>
   </div>
   <div class='ocr_carea' id='block_1_50' title="bbox 2193 3543 3763 3646">
    <p class='ocr_par' dir='ltr' id='par_1_50' title="bbox 2197 3543 3763 3619">
     <span class='ocr_line' id='line_1_51' title="bbox 2197 3543 3763 3619; baseline -0.009 -14"><span class='ocrx_word' id='word_1_543' title='bbox 2197 3551 2253 3605; x_wconf 93' lang='lat' dir='ltr'><strong>in</strong></span> <span class='ocrx_word' id='word_1_544' title='bbox 2274 3550 2481 3619; x_wconf 83' lang='lat' dir='ltr'><strong>judicio</strong></span> <span class='ocrx_word' id='word_1_545' title='bbox 2525 3564 2650 3606; x_wconf 88' lang='lat' dir='ltr'><strong>eum</strong></span> <span class='ocrx_word' id='word_1_546' title='bbox 2695 3549 2831 3603; x_wconf 89' lang='lat' dir='ltr'><strong>viris</strong></span> <span class='ocrx_word' id='word_1_547' title='bbox 2876 3546 3253 3617; x_wconf 86' lang='lat' dir='ltr'><strong>generationis</strong></span> <span class='ocrx_word' id='word_1_548' title='bbox 3308 3543 3497 3613; x_wconf 87' lang='lat' dir='ltr'><strong>hujus,</strong></span> <span class='ocrx_word' id='word_1_549' title='bbox 3536 3551 3591 3597; x_wconf 93' lang='lat' dir='ltr'><strong>et</strong></span> <span class='ocrx_word' id='word_1_550' title='bbox 3635 3548 3763 3594; x_wconf 80' lang='lat' dir='ltr'><strong>con-‘</strong></span> 
     </span>
    </p>
   </div>
   <div class='ocr_carea' id='block_1_51' title="bbox 524 3633 2084 3743">
    <p class='ocr_par' dir='ltr' id='par_1_51' title="bbox 524 3633 2081 3743">
     <span class='ocr_line' id='line_1_52' title="bbox 524 3633 2081 3743; baseline 0.001 -23"><span class='ocrx_word' id='word_1_551' title='bbox 524 3669 679 3733; x_wconf 88' lang='lat' dir='ltr'><strong>Quod</strong></span> <span class='ocrx_word' id='word_1_552' title='bbox 708 3671 750 3723; x_wconf 91' lang='lat' dir='ltr'><strong>si</strong></span> <span class='ocrx_word' id='word_1_553' title='bbox 783 3633 919 3738; x_wconf 49' lang='lat' dir='ltr'><strong>quis.</strong></span> <span class='ocrx_word' id='word_1_554' title='bbox 941 3667 1098 3722; x_wconf 89' lang='lat' dir='ltr'><strong>nobis</strong></span> <span class='ocrx_word' id='word_1_555' title='bbox 1132 3633 1373 3736; x_wconf 70' lang='lat' dir='ltr'><strong>proferat</strong></span> <span class='ocrx_word' id='word_1_556' title='bbox 1406 3666 1536 3743; x_wconf 79' lang='lat' dir='ltr'><strong>illud</strong></span> <span class='ocrx_word' id='word_1_557' title='bbox 1559 3633 1704 3736; x_wconf 72' lang='lat' dir='ltr'><strong>quod</strong></span> <span class='ocrx_word' id='word_1_558' title='bbox 1730 3667 1781 3720; x_wconf 92' lang='lat' dir='ltr'><strong>in</strong></span> <span class='ocrx_word' id='word_1_559' title='bbox 1810 3633 2081 3736; x_wconf 78' lang='lat' dir='ltr'><strong>principio</strong></span> 
     </span>
    </p>
   </div>
   <div class='ocr_carea' id='block_1_52' title="bbox 2193 3633 3740 3743">
    <p class='ocr_par' dir='ltr' id='par_1_52' title="bbox 2198 3633 3740 3710">
     <span class='ocr_line' id='line_1_53' title="bbox 2198 3633 3740 3710; baseline -0.01 -13"><span class='ocrx_word' id='word_1_560' title='bbox 2198 3641 2474 3697; x_wconf 87' lang='lat' dir='ltr'><strong>demnabit</strong></span> <span class='ocrx_word' id='word_1_561' title='bbox 2506 3655 2623 3705; x_wconf 92' lang='lat' dir='ltr'><strong>eos,</strong></span> <span class='ocrx_word' id='word_1_562' title='bbox 2655 3641 2784 3710; x_wconf 90' lang='lat' dir='ltr'><strong>quia</strong></span> <span class='ocrx_word' id='word_1_563' title='bbox 2817 3640 2964 3695; x_wconf 91' lang='lat' dir='ltr'><strong>venit</strong></span> <span class='ocrx_word' id='word_1_564' title='bbox 2989 3652 3019 3691; x_wconf 91' lang='lat' dir='ltr'><strong>a</strong></span> <span class='ocrx_word' id='word_1_565' title='bbox 3042 3637 3242 3691; x_wconf 87' lang='lat' dir='ltr'><strong>ﬁnibus</strong></span> <span class='ocrx_word' id='word_1_566' title='bbox 3272 3645 3433 3690; x_wconf 68' lang='lat' dir='ltr'><strong>terra:</strong></span> <span class='ocrx_word' id='word_1_567' title='bbox 3461 3633 3644 3688; x_wconf 85' lang='lat' dir='ltr'><strong>audire</strong></span> <span class='ocrx_word' id='word_1_568' title='bbox 3664 3645 3740 3683; x_wconf 84' lang='lat' dir='ltr'><strong>sa-</strong></span> 
     </span>
    </p>
   </div>
   <div class='ocr_carea' id='block_1_53' title="bbox 525 3726 3743 3827">
    <p class='ocr_par' dir='ltr' id='par_1_53' title="bbox 525 3726 3743 3827">
     <span class='ocr_line' id='line_1_54' title="bbox 525 3726 3743 3827; baseline -0.007 -13"><span class='ocrx_word' id='word_1_569' title='bbox 525 3726 651 3814; x_wconf 68' lang='lat' dir='ltr'><strong>libri</strong></span> <span class='ocrx_word' id='word_1_570' title='bbox 704 3726 815 3813; x_wconf 73' lang='grc' dir='ltr'><strong>,ιιιιῖ</strong></span> <span class='ocrx_word' id='word_1_571' title='bbox 859 3759 926 3813; x_wconf 91' lang='lat' dir='ltr'><strong>de</strong></span> <span class='ocrx_word' id='word_1_572' title='bbox 977 3726 1147 3813; x_wconf 44' lang='lat' dir='ltr'><strong>laude&#39;</strong></span> <span class='ocrx_word' id='word_1_573' title='bbox 1171 3757 1290 3826; x_wconf 91' lang='lat' dir='ltr'><strong>ejus</strong></span> <span class='ocrx_word' id='word_1_574' title='bbox 1330 3726 1700 3827; x_wconf 48' lang='lat' dir='ltr'><strong>positum-est,</strong></span> <span class='ocrx_word' id='word_1_575' title='bbox 1735 3726 1825 3811; x_wconf 81' lang='lat' dir='ltr'><strong>ubi</strong></span> <span class='ocrx_word' id='word_1_576' title='bbox 1847 3726 2092 3812; x_wconf 75' lang='lat' dir='ltr'><strong>dicitur:</strong></span> <span class='ocrx_word' id='word_1_577' title='bbox 2198 3733 2827 3827; x_wconf 3' lang='lat' dir='ltr'><strong>pienliamgsalomonisf</strong></span> <span class='ocrx_word' id='word_1_578' title='bbox 2883 3727 3337 3827; x_wconf 63' lang='lat' dir='ltr'><strong>»__llaec_quid3m</strong></span> <span class='ocrx_word' id='word_1_579' title='bbox 3380 3726 3451 3782; x_wconf 79' lang='lat' dir='ltr'><strong>ad</strong></span> <span class='ocrx_word' id='word_1_580' title='bbox 3500 3726 3743 3827; x_wconf 62' lang='grc' dir='ltr'><strong>ἰιιειτιξευσ</strong></span> 
     </span>
    </p>
   </div>
   <div class='ocr_carea' id='block_1_54' title="bbox 529 3815 3742 3919">
    <p class='ocr_par' dir='ltr' id='par_1_54' title="bbox 529 3815 3742 3919">
     <span class='ocr_line' id='line_1_55' title="bbox 529 3815 3742 3919; baseline -0.009 -26"><span class='ocrx_word' id='word_1_581' title='bbox 529 3871 553 3905; x_wconf 68' lang='lat'><strong>.</strong></span> <span class='ocrx_word' id='word_1_582' title='bbox 595 3853 661 3908; x_wconf 72' lang='grc' dir='ltr'><strong>Ει</strong></span> <span class='ocrx_word' id='word_1_583' title='bbox 710 3863 829 3907; x_wconf 63' lang='grc' dir='ltr'><strong>ενοι</strong></span> <span class='ocrx_word' id='word_1_584' title='bbox 876 3850 975 3907; x_wconf 57' lang='grc' dir='ltr'><strong>λοι)</strong></span> <span class='ocrx_word' id='word_1_585' title='bbox 1018 3815 1403 3915; x_wconf 49' lang='grc' dir='ltr'><strong>ιιοιηολιεηξχ,</strong></span> <span class='ocrx_word' id='word_1_586' title='bbox 1444 3852 1561 3905; x_wconf 66' lang='lat' dir='ltr'><strong>sine</strong></span> <span class='ocrx_word' id='word_1_587' title='bbox 1600 3815 1843 3919; x_wconf 53' lang='grc' dir='ltr'><strong>(μέτρια,</strong></span> <span class='ocrx_word' id='word_1_588' title='bbox 1891 3849 2094 3916; x_wconf 51' lang='lat' dir='ltr'><strong>justus,</strong></span> <span class='ocrx_word' id='word_1_589' title='bbox 2211 3827 2336 3919; x_wconf 83' lang='lat' dir='ltr'><strong>dam</strong></span> <span class='ocrx_word' id='word_1_590' title='bbox 2366 3825 2665 3881; x_wconf 89' lang='lat' dir='ltr'><strong>Ecelesiam</strong></span> <span class='ocrx_word' id='word_1_591' title='bbox 2696 3823 2853 3879; x_wconf 87' lang='lat' dir='ltr'><strong>nobis</strong></span> <span class='ocrx_word' id='word_1_592' title='bbox 2897 3821 3042 3878; x_wconf 81' lang='lat' dir='ltr'><strong>dicta</strong></span> <span class='ocrx_word' id='word_1_593' title='bbox 3072 3821 3201 3876; x_wconf 89' lang='lat' dir='ltr'><strong>sint.</strong></span> <span class='ocrx_word' id='word_1_594' title='bbox 3236 3818 3437 3874; x_wconf 81' lang='lat' dir='ltr'><strong>Verum</strong></span> <span class='ocrx_word' id='word_1_595' title='bbox 3486 3815 3742 3871; x_wconf 71' lang='lat' dir='ltr'><strong>considera</strong></span> 
     </span>
    </p>
   </div>
   <div class='ocr_carea' id='block_1_55' title="bbox 525 3908 3744 4010">
    <p class='ocr_par' dir='ltr' id='par_1_55' title="bbox 525 3908 3744 4010">
     <span class='ocr_line' id='line_1_56' title="bbox 525 3908 3744 4010; baseline -0.009 -26"><span class='ocrx_word' id='word_1_596' title='bbox 525 3945 619 4001; x_wconf 63' lang='lat' dir='ltr'><strong>Dei</strong></span> <span class='ocrx_word' id='word_1_597' title='bbox 654 3947 849 4010; x_wconf 47' lang='lat' dir='ltr'><strong>cum...</strong></span> <span class='ocrx_word' id='word_1_598' title='bbox 887 3946 1166 4000; x_wconf 58' lang='lat' dir='ltr'><strong>absumus</strong></span> <span class='ocrx_word' id='word_1_599' title='bbox 1205 3960 1264 4000; x_wconf 71' lang='lat' dir='ltr'><strong>se</strong></span> <span class='ocrx_word' id='word_1_600' title='bbox 1305 3908 1551 3999; x_wconf 61' lang='grc' dir='ltr'><strong>ηδὀηιηί</strong></span> <span class='ocrx_word' id='word_1_601' title='bbox 1583 3908 1641 3997; x_wconf 54' lang='grc' dir='ltr'><strong>..ὲ</strong></span> <span class='ocrx_word' id='word_1_602' title='bbox 1661 3942 1802 3996; x_wconf 62' lang='grc' dir='ltr'><strong>ηηη³</strong></span> <span class='ocrx_word' id='word_1_603' title='bbox 1826 3908 1913 3996; x_wconf 52' lang='lat' dir='ltr'><strong>te;</strong></span> <span class='ocrx_word' id='word_1_604' title='bbox 1951 3960 1968 3993; x_wconf 78' lang='lat'><strong>,</strong></span> <span class='ocrx_word' id='word_1_605' title='bbox 2000 3908 2098 3997; x_wconf 60' lang='lat' dir='ltr'><strong>cm.</strong></span> <span class='ocrx_word' id='word_1_606' title='bbox 2199 3917 2244 3970; x_wconf 88' lang='lat' dir='ltr'><strong>si</strong></span> <span class='ocrx_word' id='word_1_607' title='bbox 2289 3917 2463 3987; x_wconf 88' lang='lat' dir='ltr'><strong>possit</strong></span> <span class='ocrx_word' id='word_1_608' title='bbox 2490 3916 2543 3971; x_wconf 91' lang='lat' dir='ltr'><strong>iu</strong></span> <span class='ocrx_word' id='word_1_609' title='bbox 2573 3917 2676 3971; x_wconf 91' lang='lat' dir='ltr'><strong>hoe</strong></span> <span class='ocrx_word' id='word_1_610' title='bbox 2707 3915 2828 3971; x_wconf 92' lang='lat' dir='ltr'><strong>loco</strong></span> <span class='ocrx_word' id='word_1_611' title='bbox 2856 3922 2911 3969; x_wconf 91' lang='lat' dir='ltr'><strong>et</strong></span> <span class='ocrx_word' id='word_1_612' title='bbox 2939 3913 3032 3969; x_wconf 90' lang='lat' dir='ltr'><strong>ille</strong></span> <span class='ocrx_word' id='word_1_613' title='bbox 3076 3911 3389 3967; x_wconf 89' lang='lat' dir='ltr'><strong>intellectus</strong></span> <span class='ocrx_word' id='word_1_614' title='bbox 3442 3908 3668 3967; x_wconf 83' lang='lat' dir='ltr'><strong>admitti.</strong></span> <span class='ocrx_word' id='word_1_615' title='bbox 3696 3913 3744 3956; x_wconf 93' lang='lat' dir='ltr'><strong>ut</strong></span> 
     </span>
    </p>
   </div>
   <div class='ocr_carea' id='block_1_56' title="bbox 524 3996 2084 4109">
    <p class='ocr_par' dir='ltr' id='par_1_56' title="bbox 524 4024 2084 4109">
     <span class='ocr_line' id='line_1_57' title="bbox 524 4024 2084 4109; baseline -0.004 -15"><span class='ocrx_word' id='word_1_616' title='bbox 524 4039 862 4109; x_wconf 72' lang='lat' dir='ltr'><strong>praecedente</strong></span> <span class='ocrx_word' id='word_1_617' title='bbox 906 4038 1035 4093; x_wconf 91' lang='lat' dir='ltr'><strong>boni</strong></span> <span class='ocrx_word' id='word_1_618' title='bbox 1062 4036 1247 4107; x_wconf 89' lang='lat' dir='ltr'><strong>operis</strong></span> <span class='ocrx_word' id='word_1_619' title='bbox 1272 4035 1455 4099; x_wconf 86' lang='lat' dir='ltr'><strong>laude,</strong></span> <span class='ocrx_word' id='word_1_620' title='bbox 1497 4036 1549 4089; x_wconf 92' lang='lat' dir='ltr'><strong>in</strong></span> <span class='ocrx_word' id='word_1_621' title='bbox 1582 4035 1771 4089; x_wconf 90' lang='lat' dir='ltr'><strong>ultimo</strong></span> <span class='ocrx_word' id='word_1_622' title='bbox 1803 4034 1929 4088; x_wconf 90' lang='lat' dir='ltr'><strong>mali</strong></span> <span class='ocrx_word' id='word_1_623' title='bbox 1966 4024 2084 4088; x_wconf 85' lang='lat' dir='ltr'><strong>con-</strong></span> 
     </span>
    </p>
   </div>
   <div class='ocr_carea' id='block_1_57' title="bbox 2193 3996 3742 4109">
    <p class='ocr_par' dir='ltr' id='par_1_57' title="bbox 2200 3996 3742 4075">
     <span class='ocr_line' id='line_1_58' title="bbox 2200 3996 3742 4075; baseline -0.011 -12"><span class='ocrx_word' id='word_1_624' title='bbox 2200 4007 2414 4063; x_wconf 91' lang='lat' dir='ltr'><strong>dicatur</strong></span> <span class='ocrx_word' id='word_1_625' title='bbox 2445 4006 2609 4061; x_wconf 86' lang='lat' dir='ltr'><strong>etiam</strong></span> <span class='ocrx_word' id='word_1_626' title='bbox 2640 4015 2765 4075; x_wconf 90' lang='lat' dir='ltr'><strong>post</strong></span> <span class='ocrx_word' id='word_1_627' title='bbox 2790 4005 3082 4060; x_wconf 90' lang='lat' dir='ltr'><strong>adventum</strong></span> <span class='ocrx_word' id='word_1_628' title='bbox 3122 4000 3335 4057; x_wconf 88' lang='lat' dir='ltr'><strong>Christi</strong></span> <span class='ocrx_word' id='word_1_629' title='bbox 3384 3998 3612 4055; x_wconf 86' lang='lat' dir='ltr'><strong>carnalis</strong></span> <span class='ocrx_word' id='word_1_630' title='bbox 3651 3996 3742 4049; x_wconf 87' lang='lat' dir='ltr'><strong>eir-</strong></span> 
     </span>
    </p>
   </div>
   <div class='ocr_carea' id='block_1_58' title="bbox 528 4088 3745 4196">
    <p class='ocr_par' dir='ltr' id='par_1_58' title="bbox 528 4088 3745 4196">
     <span class='ocr_line' id='line_1_59' title="bbox 528 4088 3745 4196; baseline -0.005 -13"><span class='ocrx_word' id='word_1_631' title='bbox 528 4088 756 4185; x_wconf 66' lang='lat' dir='ltr'><strong>trinentia</strong></span> <span class='ocrx_word' id='word_1_632' title='bbox 794 4088 1115 4183; x_wconf 59' lang='lat' dir='ltr'><strong>numeretur:</strong></span> <span class='ocrx_word' id='word_1_633' title='bbox 1133 4145 1149 4183; x_wconf 89' lang='lat'><strong>:</strong></span> <span class='ocrx_word' id='word_1_634' title='bbox 1184 4127 1313 4182; x_wconf 89' lang='lat' dir='ltr'><strong>illud</strong></span> <span class='ocrx_word' id='word_1_635' title='bbox 1346 4128 1565 4196; x_wconf 86' lang='lat' dir='ltr'><strong>quidem</strong></span> <span class='ocrx_word' id='word_1_636' title='bbox 1602 4128 1842 4182; x_wconf 89' lang='lat' dir='ltr'><strong>arbitror</strong></span> <span class='ocrx_word' id='word_1_637' title='bbox 1868 4125 2096 4181; x_wconf 82' lang='lat' dir='ltr'><strong>indicari</strong></span> <span class='ocrx_word' id='word_1_638' title='bbox 2200 4098 2488 4196; x_wconf 33' lang='lat' dir='ltr'><strong>°‘_&#39;_m°i.s_i°&#39;</strong></span> <span class='ocrx_word' id='word_1_639' title='bbox 2521 4112 2657 4196; x_wconf 40' lang='grc' dir='ltr'><strong>(Ιυδξ-</strong></span> <span class='ocrx_word' id='word_1_640' title='bbox 2688 4096 2931 4196; x_wconf 43' lang='lat' dir='ltr'><strong>“niese:</strong></span> <span class='ocrx_word' id='word_1_641' title='bbox 2976 4094 3300 4150; x_wconf 47' lang='lat' dir='ltr'><strong>Observa”</strong></span> <span class='ocrx_word' id='word_1_642' title='bbox 3320 4088 3745 4196; x_wconf 44' lang='grc' dir='ltr'><strong>βωχρτθδθδδξ</strong></span> 
     </span>
    </p>
   </div>
   <div class='ocr_carea' id='block_1_59' title="bbox 525 4177 2084 4292">
    <p class='ocr_par' dir='ltr' id='par_1_59' title="bbox 525 4177 2084 4292">
     <span class='ocr_line' id='line_1_60' title="bbox 525 4177 2084 4292; baseline -0.007 -15"><span class='ocrx_word' id='word_1_643' title='bbox 525 4224 669 4292; x_wconf 91' lang='lat' dir='ltr'><strong>quod</strong></span> <span class='ocrx_word' id='word_1_644' title='bbox 701 4236 840 4290; x_wconf 81' lang='lat' dir='ltr'><strong>saepe</strong></span> <span class='ocrx_word' id='word_1_645' title='bbox 865 4220 983 4275; x_wconf 90' lang='lat' dir='ltr'><strong>ﬁeri</strong></span> <span class='ocrx_word' id='word_1_646' title='bbox 1015 4219 1173 4283; x_wconf 90' lang='lat' dir='ltr'><strong>solet,</strong></span> <span class='ocrx_word' id='word_1_647' title='bbox 1203 4219 1330 4288; x_wconf 89' lang='lat' dir='ltr'><strong>quia</strong></span> <span class='ocrx_word' id='word_1_648' title='bbox 1365 4177 2084 4287; x_wconf 72' lang='lat' dir='ltr'><strong>plurimi</strong></span> 
     </span>
    </p>
   </div>
   <div class='ocr_carea' id='block_1_60' title="bbox 2193 4177 3745 4292">
    <p class='ocr_par' dir='ltr' id='par_1_60' title="bbox 2208 4177 3745 4259">
     <span class='ocr_line' id='line_1_61' title="bbox 2208 4177 3745 4259; baseline -0.003 -13"><span class='ocrx_word' id='word_1_649' title='bbox 2208 4190 2419 4259; x_wconf 88' lang='lat' dir='ltr'><strong>aliquid</strong></span> <span class='ocrx_word' id='word_1_650' title='bbox 2449 4190 2878 4246; x_wconf 89' lang='lat' dir='ltr'><strong>custodientibus</strong></span> <span class='ocrx_word' id='word_1_651' title='bbox 2918 4188 3111 4258; x_wconf 86' lang='lat' dir='ltr'><strong>legem,</strong></span> <span class='ocrx_word' id='word_1_652' title='bbox 3142 4187 3444 4247; x_wconf 86' lang='lat' dir='ltr'><strong>secundum</strong></span> <span class='ocrx_word' id='word_1_653' title='bbox 3481 4185 3582 4240; x_wconf 88' lang='lat' dir='ltr'><strong>hoc</strong></span> <span class='ocrx_word' id='word_1_654' title='bbox 3620 4177 3745 4250; x_wconf 73' lang='lat' dir='ltr'><strong>quod</strong></span> 
     </span>
    </p>
   </div>
   <div class='ocr_carea' id='block_1_61' title="bbox 525 4276 3742 4383">
    <p class='ocr_par' dir='ltr' id='par_1_61' title="bbox 525 4276 3742 4383">
     <span class='ocr_line' id='line_1_62' title="bbox 525 4276 3742 4383; baseline -0.006 -16"><span class='ocrx_word' id='word_1_655' title='bbox 525 4276 742 4383; x_wconf 69' lang='lat' dir='ltr'><strong>quidem</strong></span> <span class='ocrx_word' id='word_1_656' title='bbox 776 4276 909 4382; x_wconf 50' lang='lat' dir='ltr'><strong>.qnte</strong></span> <span class='ocrx_word' id='word_1_657' title='bbox 946 4312 1089 4365; x_wconf 90' lang='lat' dir='ltr'><strong>bona</strong></span> <span class='ocrx_word' id='word_1_658' title='bbox 1122 4276 1275 4375; x_wconf 42' lang='lat' dir='ltr'><strong>sun‘t,</strong></span> <span class='ocrx_word' id='word_1_659' title='bbox 1311 4276 1544 4364; x_wconf 77' lang='lat' dir='ltr'><strong>miscent</strong></span> <span class='ocrx_word' id='word_1_660' title='bbox 1588 4319 1767 4363; x_wconf 92' lang='lat' dir='ltr'><strong>tamen</strong></span> <span class='ocrx_word' id='word_1_661' title='bbox 1810 4276 2015 4379; x_wconf 67' lang='lat' dir='ltr'><strong>aliquid</strong></span> <span class='ocrx_word' id='word_1_662' title='bbox 2045 4314 2101 4362; x_wconf 88' lang='lat' dir='ltr'><strong>et</strong></span> <span class='ocrx_word' id='word_1_663' title='bbox 2202 4284 2257 4383; x_wconf 70' lang='lat' dir='ltr'><strong>_i&quot;</strong></span> <span class='ocrx_word' id='word_1_664' title='bbox 2298 4284 2453 4340; x_wconf 52' lang='lat' dir='ltr'><strong>initio</strong></span> <span class='ocrx_word' id='word_1_665' title='bbox 2482 4283 2606 4383; x_wconf 45' lang='lat' dir='ltr'><strong>“de?</strong></span> <span class='ocrx_word' id='word_1_666' title='bbox 2633 4291 2835 4383; x_wconf 42' lang='lat' dir='ltr'><strong>&quot;0f&quot;?</strong></span> <span class='ocrx_word' id='word_1_667' title='bbox 2865 4282 3042 4336; x_wconf 60' lang='lat' dir='ltr'><strong>adhuc</strong></span> <span class='ocrx_word' id='word_1_668' title='bbox 3074 4294 3104 4332; x_wconf 78' lang='grc'><strong>³</strong></span> <span class='ocrx_word' id='word_1_669' title='bbox 3135 4278 3486 4383; x_wconf 54' lang='grc' dir='ltr'><strong>ξτθάθηιξδιιε</strong></span> <span class='ocrx_word' id='word_1_670' title='bbox 3512 4276 3742 4383; x_wconf 54' lang='grc' dir='ltr'><strong>οδξθξτης</strong></span> 
     </span>
    </p>
   </div>
   <div class='ocr_carea' id='block_1_62' title="bbox 526 4364 2084 4475">
    <p class='ocr_par' dir='ltr' id='par_1_62' title="bbox 526 4364 2084 4475">
     <span class='ocr_line' id='line_1_63' title="bbox 526 4364 2084 4475; baseline -0.006 -15"><span class='ocrx_word' id='word_1_671' title='bbox 526 4406 710 4475; x_wconf 91' lang='lat' dir='ltr'><strong>operis</strong></span> <span class='ocrx_word' id='word_1_672' title='bbox 745 4403 869 4458; x_wconf 90' lang='lat' dir='ltr'><strong>mali</strong></span> <span class='ocrx_word' id='word_1_673' title='bbox 898 4421 913 4457; x_wconf 92' lang='lat'><strong>:</strong></span> <span class='ocrx_word' id='word_1_674' title='bbox 941 4402 1098 4473; x_wconf 90' lang='lat' dir='ltr'><strong>pauci</strong></span> <span class='ocrx_word' id='word_1_675' title='bbox 1131 4417 1258 4456; x_wconf 86' lang='lat' dir='ltr'><strong>vero</strong></span> <span class='ocrx_word' id='word_1_676' title='bbox 1302 4403 1412 4456; x_wconf 91' lang='lat' dir='ltr'><strong>sint</strong></span> <span class='ocrx_word' id='word_1_677' title='bbox 1455 4400 1596 4455; x_wconf 90' lang='lat' dir='ltr'><strong>sicut</strong></span> <span class='ocrx_word' id='word_1_678' title='bbox 1630 4399 1753 4463; x_wconf 80' lang='lat' dir='ltr'><strong>Job,</strong></span> <span class='ocrx_word' id='word_1_679' title='bbox 1794 4364 2007 4469; x_wconf 52' lang='lat' dir='ltr'><strong>qui&#39;ita</strong></span> <span class='ocrx_word' id='word_1_680' title='bbox 2043 4409 2084 4453; x_wconf 74' lang='lat' dir='ltr'><strong>et</strong></span> 
     </span>
    </p>
   </div>
   <div class='ocr_carea' id='block_1_63' title="bbox 2193 4364 3741 4475">
    <p class='ocr_par' dir='ltr' id='par_1_63' title="bbox 2202 4364 3741 4442">
     <span class='ocr_line' id='line_1_64' title="bbox 2202 4364 3741 4442; baseline -0.008 -12"><span class='ocrx_word' id='word_1_681' title='bbox 2202 4377 2361 4431; x_wconf 87' lang='lat' dir='ltr'><strong>batur</strong></span> <span class='ocrx_word' id='word_1_682' title='bbox 2404 4391 2421 4430; x_wconf 91' lang='lat'><strong>:</strong></span> <span class='ocrx_word' id='word_1_683' title='bbox 2472 4384 2532 4430; x_wconf 91' lang='lat' dir='ltr'><strong>ut</strong></span> <span class='ocrx_word' id='word_1_684' title='bbox 2585 4374 2640 4429; x_wconf 89' lang='lat' dir='ltr'><strong>in</strong></span> <span class='ocrx_word' id='word_1_685' title='bbox 2683 4373 2913 4429; x_wconf 82' lang='lat' dir='ltr'><strong>Actibus</strong></span> <span class='ocrx_word' id='word_1_686' title='bbox 2947 4370 3318 4442; x_wconf 87' lang='lat' dir='ltr'><strong>apostolorum</strong></span> <span class='ocrx_word' id='word_1_687' title='bbox 3349 4366 3631 4424; x_wconf 82' lang='lat' dir='ltr'><strong>docetur”</strong></span> <span class='ocrx_word' id='word_1_688' title='bbox 3672 4364 3741 4418; x_wconf 82' lang='lat' dir='ltr'><strong>vel</strong></span> 
     </span>
    </p>
   </div>
   <div class='ocr_carea' id='block_1_64' title="bbox 526 4460 2084 4563">
    <p class='ocr_par' dir='ltr' id='par_1_64' title="bbox 526 4490 2084 4563">
     <span class='ocr_line' id='line_1_65' title="bbox 526 4490 2084 4563; baseline -0.004 -15"><span class='ocrx_word' id='word_1_689' title='bbox 526 4510 755 4550; x_wconf 91' lang='lat' dir='ltr'><strong>veraces</strong></span> <span class='ocrx_word' id='word_1_690' title='bbox 782 4503 838 4549; x_wconf 88' lang='lat' dir='ltr'><strong>et</strong></span> <span class='ocrx_word' id='word_1_691' title='bbox 874 4492 1408 4563; x_wconf 86' lang='lat' dir='ltr'><strong>irreprehensibiles,</strong></span> <span class='ocrx_word' id='word_1_692' title='bbox 1458 4492 1533 4546; x_wconf 91' lang='lat' dir='ltr'><strong>ita</strong></span> <span class='ocrx_word' id='word_1_693' title='bbox 1581 4490 1713 4560; x_wconf 87' lang='lat' dir='ltr'><strong>justi</strong></span> <span class='ocrx_word' id='word_1_694' title='bbox 1758 4490 1870 4545; x_wconf 89' lang='lat' dir='ltr'><strong>sint</strong></span> <span class='ocrx_word' id='word_1_695' title='bbox 1900 4500 1955 4545; x_wconf 93' lang='lat' dir='ltr'><strong>et</strong></span> <span class='ocrx_word' id='word_1_696' title='bbox 1982 4492 2084 4546; x_wconf 92' lang='lat' dir='ltr'><strong>cul-</strong></span> 
     </span>
    </p>
   </div>
   <div class='ocr_carea' id='block_1_65' title="bbox 2193 4460 3742 4563">
    <p class='ocr_par' dir='ltr' id='par_1_65' title="bbox 2205 4460 3742 4531">
     <span class='ocr_line' id='line_1_66' title="bbox 2205 4460 3742 4531; baseline -0.01 -6"><span class='ocrx_word' id='word_1_697' title='bbox 2205 4470 2395 4527; x_wconf 85' lang='lat' dir='ltr'><strong>Petrus</strong></span> <span class='ocrx_word' id='word_1_698' title='bbox 2425 4471 2479 4524; x_wconf 89' lang='lat' dir='ltr'><strong>in</strong></span> <span class='ocrx_word' id='word_1_699' title='bbox 2510 4469 2845 4525; x_wconf 88' lang='lat' dir='ltr'><strong>discretione</strong></span> <span class='ocrx_word' id='word_1_700' title='bbox 2874 4465 3146 4531; x_wconf 89' lang='lat' dir='ltr'><strong>ciborum,</strong></span> <span class='ocrx_word' id='word_1_701' title='bbox 3206 4464 3295 4518; x_wconf 90' lang='lat' dir='ltr'><strong>vel</strong></span> <span class='ocrx_word' id='word_1_702' title='bbox 3350 4462 3545 4516; x_wconf 84' lang='lat' dir='ltr'><strong>Paulus</strong></span> <span class='ocrx_word' id='word_1_703' title='bbox 3588 4460 3634 4514; x_wconf 91' lang='lat' dir='ltr'><strong>in</strong></span> <span class='ocrx_word' id='word_1_704' title='bbox 3663 4472 3742 4510; x_wconf 80' lang='lat' dir='ltr'><strong>sa-</strong></span> 
     </span>
    </p>
   </div>
   <div class='ocr_carea' id='block_1_66' title="bbox 526 4550 3744 4653">
    <p class='ocr_par' dir='ltr' id='par_1_66' title="bbox 526 4550 3744 4653">
     <span class='ocr_line' id='line_1_67' title="bbox 526 4550 3744 4653; baseline -0.01 -21"><span class='ocrx_word' id='word_1_705' title='bbox 526 4597 673 4641; x_wconf 72' lang='grc' dir='ltr'><strong>ιονεε</strong></span> <span class='ocrx_word' id='word_1_706' title='bbox 705 4584 826 4652; x_wconf 67' lang='lat' dir='ltr'><strong>Dei,</strong></span> <span class='ocrx_word' id='word_1_707' title='bbox 858 4593 918 4639; x_wconf 81' lang='grc' dir='ltr'><strong>ιιι</strong></span> <span class='ocrx_word' id='word_1_708' title='bbox 963 4550 1078 4638; x_wconf 60' lang='grc' dir='ltr'><strong>ιίωο</strong></span> <span class='ocrx_word' id='word_1_709' title='bbox 1120 4584 1302 4638; x_wconf 74' lang='lat' dir='ltr'><strong>omnia</strong></span> <span class='ocrx_word' id='word_1_710' title='bbox 1353 4550 1919 4653; x_wconf 51' lang='grc' dir='ltr'><strong>πὲεηιεέηωιίηεαηι</strong></span> <span class='ocrx_word' id='word_1_711' title='bbox 1943 4596 2003 4637; x_wconf 74' lang='lat' dir='ltr'><strong>se</strong></span> <span class='ocrx_word' id='word_1_712' title='bbox 2029 4581 2097 4635; x_wconf 74' lang='lat' dir='ltr'><strong>ab</strong></span> <span class='ocrx_word' id='word_1_713' title='bbox 2129 4594 2177 4652; x_wconf 70' lang='grc' dir='ltr'><strong>υ</strong></span> <span class='ocrx_word' id='word_1_714' title='bbox 2204 4562 2427 4619; x_wconf 89' lang='lat' dir='ltr'><strong>criﬁciis</strong></span> <span class='ocrx_word' id='word_1_715' title='bbox 2455 4560 2856 4632; x_wconf 85' lang='lat' dir='ltr'><strong>purilicationis</strong></span> <span class='ocrx_word' id='word_1_716' title='bbox 2878 4559 2926 4592; x_wconf 75' lang='lat'><strong>“</strong></span> <span class='ocrx_word' id='word_1_717' title='bbox 2954 4558 3149 4613; x_wconf 78' lang='lat' dir='ltr'><strong>fecisse</strong></span> <span class='ocrx_word' id='word_1_718' title='bbox 3182 4572 3196 4608; x_wconf 90' lang='lat'>:</span> <span class='ocrx_word' id='word_1_719' title='bbox 3239 4555 3286 4611; x_wconf 89' lang='lat' dir='ltr'><strong>si</strong></span> <span class='ocrx_word' id='word_1_720' title='bbox 3318 4554 3461 4610; x_wconf 79' lang='lat' dir='ltr'><strong>forte</strong></span> <span class='ocrx_word' id='word_1_721' title='bbox 3484 4553 3635 4606; x_wconf 84' lang='lat' dir='ltr'><strong>etiam</strong></span> <span class='ocrx_word' id='word_1_722' title='bbox 3669 4550 3744 4602; x_wconf 86' lang='lat' dir='ltr'><strong>hic</strong></span> 
     </span>
    </p>
   </div>
   <div class='ocr_carea' id='block_1_67' title="bbox 525 4644 3744 4746">
    <p class='ocr_par' dir='ltr' id='par_1_67' title="bbox 525 4644 3744 4746">
     <span class='ocr_line' id='line_1_68' title="bbox 525 4644 3744 4746; baseline -0.01 -23"><span class='ocrx_word' id='word_1_723' title='bbox 525 4678 675 4735; x_wconf 77' lang='lat' dir='ltr'><strong>omni</strong></span> <span class='ocrx_word' id='word_1_724' title='bbox 711 4692 771 4732; x_wconf 67' lang='lat' dir='ltr'><strong>re</strong></span> <span class='ocrx_word' id='word_1_725' title='bbox 809 4677 969 4731; x_wconf 64' lang='lat' dir='ltr'><strong>mata,</strong></span> <span class='ocrx_word' id='word_1_726' title='bbox 1010 4694 1031 4728; x_wconf 69' lang='grc' dir='ltr'>ι</span> <span class='ocrx_word' id='word_1_727' title='bbox 1073 4675 1129 4731; x_wconf 72' lang='grc' dir='ltr'><strong>εί</strong></span> <span class='ocrx_word' id='word_1_728' title='bbox 1161 4691 1315 4746; x_wconf 63' lang='lat' dir='ltr'><strong>ergo,</strong></span> <span class='ocrx_word' id='word_1_729' title='bbox 1347 4674 1543 4744; x_wconf 51' lang='lat' dir='ltr'><strong>inquit,</strong></span> <span class='ocrx_word' id='word_1_730' title='bbox 1586 4673 1976 4745; x_wconf 62' lang='grc' dir='ltr'><strong>ρι-ωνει-ῖεειοιι</strong></span> <span class='ocrx_word' id='word_1_731' title='bbox 2019 4672 2098 4727; x_wconf 70' lang='lat' dir='ltr'><strong>sis</strong></span> <span class='ocrx_word' id='word_1_732' title='bbox 2130 4644 2169 4652; x_wconf 62' lang='lat'><strong><em>—</em></strong></span> <span class='ocrx_word' id='word_1_733' title='bbox 2206 4653 2515 4724; x_wconf 87' lang='lat' dir='ltr'><strong>hujusmodi</strong></span> <span class='ocrx_word' id='word_1_734' title='bbox 2562 4650 3039 4707; x_wconf 89' lang='lat' dir='ltr'><strong>circumcisionem</strong></span> <span class='ocrx_word' id='word_1_735' title='bbox 3103 4646 3458 4717; x_wconf 89' lang='lat' dir='ltr'><strong>proposuisse</strong></span> <span class='ocrx_word' id='word_1_736' title='bbox 3520 4644 3744 4697; x_wconf 87' lang='lat' dir='ltr'><strong>videatur</strong></span> 
     </span>
    </p>
   </div>
   <div class='ocr_carea' id='block_1_68' title="bbox 524 4737 2084 4838">
    <p class='ocr_par' dir='ltr' id='par_1_68' title="bbox 524 4737 2084 4838">
     <span class='ocr_line' id='line_1_69' title="bbox 524 4737 2084 4838; baseline -0.003 -14"><span class='ocrx_word' id='word_1_737' title='bbox 524 4770 685 4838; x_wconf 83' lang='lat' dir='ltr'><strong>legis,</strong></span> <span class='ocrx_word' id='word_1_738' title='bbox 719 4788 739 4821; x_wconf 74' lang='grc' dir='ltr'><strong><em>ι</em></strong></span> <span class='ocrx_word' id='word_1_739' title='bbox 780 4768 922 4823; x_wconf 86' lang='lat' dir='ltr'><strong>sicut</strong></span> <span class='ocrx_word' id='word_1_740' title='bbox 955 4782 1121 4837; x_wconf 92' lang='lat' dir='ltr'><strong>supra</strong></span> <span class='ocrx_word' id='word_1_741' title='bbox 1154 4768 1531 4837; x_wconf 76' lang='lat' dir='ltr'><strong>exposuimus,</strong></span> <span class='ocrx_word' id='word_1_742' title='bbox 1562 4737 1669 4819; x_wconf 76' lang='lat' dir='ltr'><strong>non</strong></span> <span class='ocrx_word' id='word_1_743' title='bbox 1709 4764 1921 4835; x_wconf 86' lang='lat' dir='ltr'><strong>agendo</strong></span> <span class='ocrx_word' id='word_1_744' title='bbox 1975 4780 2084 4833; x_wconf 80' lang='lat' dir='ltr'><strong>qua</strong></span> 
     </span>
    </p>
   </div>
   <div class='ocr_carea' id='block_1_69' title="bbox 2193 4737 3747 4838">
    <p class='ocr_par' dir='ltr' id='par_1_69' title="bbox 2201 4737 3747 4818">
     <span class='ocr_line' id='line_1_70' title="bbox 2201 4737 3747 4818; baseline -0.012 -15"><span class='ocrx_word' id='word_1_745' title='bbox 2201 4746 2514 4818; x_wconf 81' lang='lat' dir='ltr'><strong>Apostolus,</strong></span> <span class='ocrx_word' id='word_1_746' title='bbox 2542 4758 2705 4816; x_wconf 90' lang='lat' dir='ltr'><strong>quam</strong></span> <span class='ocrx_word' id='word_1_747' title='bbox 2739 4743 2999 4814; x_wconf 88' lang='lat' dir='ltr'><strong>prodesse</strong></span> <span class='ocrx_word' id='word_1_748' title='bbox 3021 4741 3153 4797; x_wconf 91' lang='lat' dir='ltr'><strong>dicit</strong></span> <span class='ocrx_word' id='word_1_749' title='bbox 3183 4741 3259 4794; x_wconf 88' lang='lat' dir='ltr'><strong>ita</strong></span> <span class='ocrx_word' id='word_1_750' title='bbox 3286 4738 3334 4794; x_wconf 93' lang='lat' dir='ltr'><strong>si</strong></span> <span class='ocrx_word' id='word_1_751' title='bbox 3361 4738 3519 4794; x_wconf 88' lang='lat' dir='ltr'><strong>etiam</strong></span> <span class='ocrx_word' id='word_1_752' title='bbox 3542 4737 3617 4789; x_wconf 78' lang='lat' dir='ltr'><strong>lex</strong></span> <span class='ocrx_word' id='word_1_753' title='bbox 3645 4748 3747 4787; x_wconf 85' lang='lat' dir='ltr'><strong>scr-</strong></span> 
     </span>
    </p>
   </div>
   <div class='ocr_carea' id='block_1_70' title="bbox 526 4830 2084 4927">
    <p class='ocr_par' dir='ltr' id='par_1_70' title="bbox 526 4830 2084 4927">
     <span class='ocr_line' id='line_1_71' title="bbox 526 4830 2084 4927; baseline -0.006 -10"><span class='ocrx_word' id='word_1_754' title='bbox 526 4863 670 4917; x_wconf 88' lang='lat' dir='ltr'><strong>bona</strong></span> <span class='ocrx_word' id='word_1_755' title='bbox 700 4870 848 4927; x_wconf 90' lang='lat' dir='ltr'><strong>sunt,</strong></span> <span class='ocrx_word' id='word_1_756' title='bbox 885 4880 903 4912; x_wconf 76' lang='grc' dir='ltr'>ι</span> <span class='ocrx_word' id='word_1_757' title='bbox 939 4859 1289 4917; x_wconf 86' lang='lat' dir='ltr'><strong>circumcisio</strong></span> <span class='ocrx_word' id='word_1_758' title='bbox 1317 4867 1406 4911; x_wconf 87' lang='lat' dir='ltr'><strong>tua</strong></span> <span class='ocrx_word' id='word_1_759' title='bbox 1431 4830 1771 4927; x_wconf 56' lang='lat' dir='ltr'><strong>prrcputiuni</strong></span> <span class='ocrx_word' id='word_1_760' title='bbox 1786 4855 1927 4909; x_wconf 83' lang='lat' dir='ltr'><strong>facta</strong></span> <span class='ocrx_word' id='word_1_761' title='bbox 1949 4830 2084 4918; x_wconf 62' lang='grc' dir='ltr'><strong>θέω</strong></span> 
     </span>
    </p>
   </div>
   <div class='ocr_carea' id='block_1_71' title="bbox 2193 4830 3747 4927">
    <p class='ocr_par' dir='ltr' id='par_1_71' title="bbox 2205 4830 3747 4901">
     <span class='ocr_line' id='line_1_72' title="bbox 2205 4830 3747 4901; baseline -0.009 -8"><span class='ocrx_word' id='word_1_762' title='bbox 2205 4848 2401 4893; x_wconf 90' lang='lat' dir='ltr'><strong>vetur:</strong></span> <span class='ocrx_word' id='word_1_763' title='bbox 2435 4837 2480 4891; x_wconf 92' lang='lat' dir='ltr'><strong>si</strong></span> <span class='ocrx_word' id='word_1_764' title='bbox 2518 4836 2718 4901; x_wconf 88' lang='lat' dir='ltr'><strong>minus,</strong></span> <span class='ocrx_word' id='word_1_765' title='bbox 2774 4832 3246 4891; x_wconf 89' lang='lat' dir='ltr'><strong>circnmcisionem</strong></span> <span class='ocrx_word' id='word_1_766' title='bbox 3277 4830 3420 4885; x_wconf 89' lang='lat' dir='ltr'><strong>hanc</strong></span> <span class='ocrx_word' id='word_1_767' title='bbox 3467 4830 3517 4883; x_wconf 93' lang='lat' dir='ltr'><strong>in</strong></span> <span class='ocrx_word' id='word_1_768' title='bbox 3558 4840 3747 4897; x_wconf 73' lang='lat' dir='ltr'><strong>praepu-</strong></span> 
     </span>
    </p>
   </div>
   <div class='ocr_carea' id='block_1_72' title="bbox 526 4947 2096 5019">
    <p class='ocr_par' dir='ltr' id='par_1_72' title="bbox 526 4947 2096 5019">
     <span class='ocr_line' id='line_1_73' title="bbox 526 4947 2096 5019; baseline -0.004 -11"><span class='ocrx_word' id='word_1_769' title='bbox 526 4955 652 5009; x_wconf 89' lang='lat' dir='ltr'><strong>dum</strong></span> <span class='ocrx_word' id='word_1_770' title='bbox 683 4963 738 5006; x_wconf 92' lang='lat' dir='ltr'><strong>et</strong></span> <span class='ocrx_word' id='word_1_771' title='bbox 763 4953 866 5006; x_wconf 91' lang='lat' dir='ltr'><strong>hoc</strong></span> <span class='ocrx_word' id='word_1_772' title='bbox 891 4951 1009 5018; x_wconf 87' lang='lat' dir='ltr'><strong>tibi,</strong></span> <span class='ocrx_word' id='word_1_773' title='bbox 1043 4951 1187 5019; x_wconf 89' lang='lat' dir='ltr'><strong>quod</strong></span> <span class='ocrx_word' id='word_1_774' title='bbox 1241 4951 1519 5004; x_wconf 88' lang='lat' dir='ltr'><strong>abstinere</strong></span> <span class='ocrx_word' id='word_1_775' title='bbox 1555 4964 1583 5001; x_wconf 92' lang='lat' dir='ltr'><strong>a</strong></span> <span class='ocrx_word' id='word_1_776' title='bbox 1630 4947 1773 5003; x_wconf 90' lang='lat' dir='ltr'><strong>malo</strong></span> <span class='ocrx_word' id='word_1_777' title='bbox 1824 4948 1970 5007; x_wconf 87' lang='lat' dir='ltr'><strong>visus</strong></span> <span class='ocrx_word' id='word_1_778' title='bbox 2015 4962 2096 5013; x_wconf 84' lang='lat' dir='ltr'><strong>es,</strong></span> 
     </span>
    </p>
   </div>
   <div class='ocr_carea' id='block_1_73' title="bbox 524 5039 2095 5114">
    <p class='ocr_par' dir='ltr' id='par_1_73' title="bbox 524 5039 2095 5114">
     <span class='ocr_line' id='line_1_74' title="bbox 524 5039 2095 5114; baseline -0.003 -15"><span class='ocrx_word' id='word_1_779' title='bbox 524 5058 692 5114; x_wconf 89' lang='lat' dir='ltr'><strong>opera</strong></span> <span class='ocrx_word' id='word_1_780' title='bbox 734 5044 856 5098; x_wconf 88' lang='lat' dir='ltr'><strong>ﬁdei</strong></span> <span class='ocrx_word' id='word_1_781' title='bbox 897 5052 953 5096; x_wconf 93' lang='lat' dir='ltr'><strong>et</strong></span> <span class='ocrx_word' id='word_1_782' title='bbox 992 5041 1221 5109; x_wconf 72' lang='lat' dir='ltr'><strong>iustitia:</strong></span> <span class='ocrx_word' id='word_1_783' title='bbox 1251 5056 1357 5094; x_wconf 92' lang='lat' dir='ltr'><strong>non</strong></span> <span class='ocrx_word' id='word_1_784' title='bbox 1392 5039 1574 5110; x_wconf 89' lang='lat' dir='ltr'><strong>agenti</strong></span> <span class='ocrx_word' id='word_1_785' title='bbox 1619 5041 1687 5093; x_wconf 91' lang='lat' dir='ltr'><strong>ad</strong></span> <span class='ocrx_word' id='word_1_786' title='bbox 1724 5040 2095 5094; x_wconf 90' lang='lat' dir='ltr'><strong>inﬁdelitatem</strong></span> 
     </span>
    </p>
   </div>
   <div class='ocr_carea' id='block_1_74' title="bbox 527 5129 2100 5205">
    <p class='ocr_par' dir='ltr' id='par_1_74' title="bbox 527 5129 2100 5205">
     <span class='ocr_line' id='line_1_75' title="bbox 527 5129 2100 5205; baseline -0.005 -14"><span class='ocrx_word' id='word_1_787' title='bbox 527 5143 828 5205; x_wconf 87' lang='lat' dir='ltr'><strong>reputatur.</strong></span> <span class='ocrx_word' id='word_1_788' title='bbox 863 5133 1050 5200; x_wconf 76' lang='lat' dir='ltr'><strong>Neque</strong></span> <span class='ocrx_word' id='word_1_789' title='bbox 1076 5132 1224 5186; x_wconf 88' lang='lat' dir='ltr'><strong>enim</strong></span> <span class='ocrx_word' id='word_1_790' title='bbox 1255 5131 1518 5200; x_wconf 89' lang='lat' dir='ltr'><strong>possibile</strong></span> <span class='ocrx_word' id='word_1_791' title='bbox 1566 5139 1648 5185; x_wconf 90' lang='lat' dir='ltr'><strong>est</strong></span> <span class='ocrx_word' id='word_1_792' title='bbox 1693 5129 1856 5183; x_wconf 90' lang='lat' dir='ltr'><strong>alicui</strong></span> <span class='ocrx_word' id='word_1_793' title='bbox 1910 5144 2100 5183; x_wconf 91' lang='lat' dir='ltr'><strong>carna-</strong></span> 
     </span>
    </p>
   </div>
   <div class='ocr_carea' id='block_1_75' title="bbox 2208 4916 3747 4993">
    <p class='ocr_par' dir='ltr' id='par_1_75' title="bbox 2208 4916 3747 4993">
     <span class='ocr_line' id='line_1_76' title="bbox 2208 4916 3747 4993; baseline -0.011 -9"><span class='ocrx_word' id='word_1_794' title='bbox 2208 4931 2341 4985; x_wconf 90' lang='lat' dir='ltr'><strong>tium</strong></span> <span class='ocrx_word' id='word_1_795' title='bbox 2380 4927 2723 4993; x_wconf 84' lang='lat' dir='ltr'><strong>vertendam,</strong></span> <span class='ocrx_word' id='word_1_796' title='bbox 2778 4928 2885 4982; x_wconf 89' lang='lat' dir='ltr'><strong>hoc</strong></span> <span class='ocrx_word' id='word_1_797' title='bbox 2935 4934 3040 4987; x_wconf 88' lang='lat' dir='ltr'><strong>est,</strong></span> <span class='ocrx_word' id='word_1_798' title='bbox 3079 4921 3213 4977; x_wconf 91' lang='lat' dir='ltr'><strong>nihil</strong></span> <span class='ocrx_word' id='word_1_799' title='bbox 3257 4920 3621 4991; x_wconf 80' lang='lat' dir='ltr'><strong>profuturam:</strong></span> <span class='ocrx_word' id='word_1_800' title='bbox 3650 4916 3747 4969; x_wconf 71' lang='lat' dir='ltr'><strong>into</strong></span> 
     </span>
    </p>
   </div>
   <div class='ocr_carea' id='block_1_76' title="bbox 2205 5007 3747 5094">
    <p class='ocr_par' dir='ltr' id='par_1_76' title="bbox 2205 5007 3747 5094">
     <span class='ocr_line' id='line_1_77' title="bbox 2205 5007 3747 5094; baseline -0.015 -14"><span class='ocrx_word' id='word_1_801' title='bbox 2205 5026 2370 5080; x_wconf 88' lang='lat' dir='ltr'><strong>etiam</strong></span> <span class='ocrx_word' id='word_1_802' title='bbox 2398 5023 2576 5094; x_wconf 88' lang='lat' dir='ltr'><strong>majus</strong></span> <span class='ocrx_word' id='word_1_803' title='bbox 2604 5020 2720 5093; x_wconf 67' lang='grc'><strong>(24)</strong></span> <span class='ocrx_word' id='word_1_804' title='bbox 2752 5021 2952 5075; x_wconf 88' lang='lat' dir='ltr'><strong>habere</strong></span> <span class='ocrx_word' id='word_1_805' title='bbox 2974 5018 3241 5087; x_wconf 86' lang='lat' dir='ltr'><strong>judicium</strong></span> <span class='ocrx_word' id='word_1_806' title='bbox 3271 5031 3396 5069; x_wconf 90' lang='lat' dir='ltr'><strong>eum</strong></span> <span class='ocrx_word' id='word_1_807' title='bbox 3424 5012 3510 5082; x_wconf 84' lang='lat' dir='ltr'><strong>qui</strong></span> <span class='ocrx_word' id='word_1_808' title='bbox 3540 5024 3628 5080; x_wconf 90' lang='lat' dir='ltr'><strong>per</strong></span> <span class='ocrx_word' id='word_1_809' title='bbox 3648 5007 3747 5060; x_wconf 86' lang='lat' dir='ltr'><strong>eir-</strong></span> 
     </span>
    </p>
   </div>
   <div class='ocr_carea' id='block_1_77' title="bbox 2206 5100 3745 5179">
    <p class='ocr_par' dir='ltr' id='par_1_77' title="bbox 2206 5100 3745 5179">
     <span class='ocr_line' id='line_1_78' title="bbox 2206 5100 3745 5179; baseline -0.015 -7"><span class='ocrx_word' id='word_1_810' title='bbox 2206 5106 2595 5173; x_wconf 84' lang='lat' dir='ltr'><strong>cumcisionem</strong></span> <span class='ocrx_word' id='word_1_811' title='bbox 2652 5112 2835 5168; x_wconf 89' lang='lat' dir='ltr'><strong>carnis</strong></span> <span class='ocrx_word' id='word_1_812' title='bbox 2886 5111 3131 5164; x_wconf 89' lang='lat' dir='ltr'><strong>videatur</strong></span> <span class='ocrx_word' id='word_1_813' title='bbox 3180 5108 3313 5179; x_wconf 89' lang='lat' dir='ltr'><strong>legis</strong></span> <span class='ocrx_word' id='word_1_814' title='bbox 3368 5100 3745 5160; x_wconf 88' lang='lat' dir='ltr'><strong>observantiam</strong></span> 
     </span>
    </p>
   </div>
   <div class='ocr_carea' id='block_1_78' title="bbox 528 5218 2095 5289">
    <p class='ocr_par' dir='ltr' id='par_1_78' title="bbox 528 5218 2095 5289">
     <span class='ocr_line' id='line_1_79' title="bbox 528 5218 2095 5289; baseline -0.006 -9"><span class='ocrx_word' id='word_1_815' title='bbox 528 5228 632 5282; x_wconf 89' lang='lat' dir='ltr'><strong>lem</strong></span> <span class='ocrx_word' id='word_1_816' title='bbox 680 5224 1151 5281; x_wconf 87' lang='lat' dir='ltr'><strong>circumcisionem</strong></span> <span class='ocrx_word' id='word_1_817' title='bbox 1202 5235 1418 5275; x_wconf 89' lang='lat' dir='ltr'><strong>rursum</strong></span> <span class='ocrx_word' id='word_1_818' title='bbox 1467 5220 1520 5273; x_wconf 91' lang='lat' dir='ltr'><strong>in</strong></span> <span class='ocrx_word' id='word_1_819' title='bbox 1563 5218 1887 5289; x_wconf 70' lang='lat' dir='ltr'><strong>prmputium</strong></span> <span class='ocrx_word' id='word_1_820' title='bbox 1939 5218 2095 5278; x_wconf 87' lang='lat' dir='ltr'><strong>verti.</strong></span> 
     </span>
    </p>
   </div>
   <div class='ocr_carea' id='block_1_79' title="bbox 528 5309 2094 5386">
    <p class='ocr_par' dir='ltr' id='par_1_79' title="bbox 528 5309 2094 5386">
     <span class='ocr_line' id='line_1_80' title="bbox 528 5309 2094 5386; baseline -0.006 -13"><span class='ocrx_word' id='word_1_821' title='bbox 528 5335 650 5375; x_wconf 91' lang='lat' dir='ltr'><strong>cum</strong></span> <span class='ocrx_word' id='word_1_822' title='bbox 685 5318 871 5386; x_wconf 91' lang='lat' dir='ltr'><strong>utique</strong></span> <span class='ocrx_word' id='word_1_823' title='bbox 909 5315 1148 5369; x_wconf 83' lang='lat' dir='ltr'><strong>abscissa</strong></span> <span class='ocrx_word' id='word_1_824' title='bbox 1173 5312 1425 5382; x_wconf 59' lang='lat' dir='ltr'><strong>praeputii</strong></span> <span class='ocrx_word' id='word_1_825' title='bbox 1447 5324 1575 5366; x_wconf 90' lang='lat' dir='ltr'><strong>caro</strong></span> <span class='ocrx_word' id='word_1_826' title='bbox 1606 5309 1751 5363; x_wconf 88' lang='lat' dir='ltr'><strong>ultra</strong></span> <span class='ocrx_word' id='word_1_827' title='bbox 1779 5310 1958 5363; x_wconf 87' lang='lat' dir='ltr'><strong>redire</strong></span> <span class='ocrx_word' id='word_1_828' title='bbox 1989 5325 2094 5364; x_wconf 90' lang='lat' dir='ltr'><strong>non</strong></span> 
     </span>
    </p>
   </div>
   <div class='ocr_carea' id='block_1_80' title="bbox 2205 5187 3745 5279">
    <p class='ocr_par' dir='ltr' id='par_1_80' title="bbox 2205 5187 3745 5279">
     <span class='ocr_line' id='line_1_81' title="bbox 2205 5187 3745 5279; baseline -0.011 -17"><span class='ocrx_word' id='word_1_829' title='bbox 2205 5207 2473 5279; x_wconf 91' lang='lat' dir='ltr'><strong>proﬁteri,</strong></span> <span class='ocrx_word' id='word_1_830' title='bbox 2502 5214 2556 5258; x_wconf 93' lang='lat' dir='ltr'><strong>et</strong></span> <span class='ocrx_word' id='word_1_831' title='bbox 2584 5201 2994 5274; x_wconf 65' lang='lat' dir='ltr'><strong>praevaricando</strong></span> <span class='ocrx_word' id='word_1_832' title='bbox 3024 5200 3196 5270; x_wconf 85' lang='lat' dir='ltr'><strong>legem</strong></span> <span class='ocrx_word' id='word_1_833' title='bbox 3219 5196 3457 5266; x_wconf 85' lang='lat' dir='ltr'><strong>judicari</strong></span> <span class='ocrx_word' id='word_1_834' title='bbox 3487 5196 3630 5248; x_wconf 86' lang='lat' dir='ltr'><strong>abeo</strong></span> <span class='ocrx_word' id='word_1_835' title='bbox 3660 5187 3745 5257; x_wconf 75' lang='lat' dir='ltr'><strong>qui</strong></span> 
     </span>
    </p>
   </div>
   <div class='ocr_carea' id='block_1_81' title="bbox 2207 5282 3747 5369">
    <p class='ocr_par' dir='ltr' id='par_1_81' title="bbox 2207 5282 3747 5369">
     <span class='ocr_line' id='line_1_82' title="bbox 2207 5282 3747 5369; baseline -0.014 -14"><span class='ocrx_word' id='word_1_836' title='bbox 2207 5318 2314 5355; x_wconf 91' lang='lat' dir='ltr'><strong>non</strong></span> <span class='ocrx_word' id='word_1_837' title='bbox 2350 5297 2649 5368; x_wconf 92' lang='lat' dir='ltr'><strong>susceperit</strong></span> <span class='ocrx_word' id='word_1_838' title='bbox 2679 5297 2901 5369; x_wconf 87' lang='lat' dir='ltr'><strong>quidem</strong></span> <span class='ocrx_word' id='word_1_839' title='bbox 2926 5292 3400 5349; x_wconf 91' lang='lat' dir='ltr'><strong>circumcisionem</strong></span> <span class='ocrx_word' id='word_1_840' title='bbox 3435 5285 3626 5345; x_wconf 77' lang='lat' dir='ltr'><strong>carnis,</strong></span> <span class='ocrx_word' id='word_1_841' title='bbox 3665 5282 3747 5352; x_wconf 87' lang='lat' dir='ltr'><strong>ju-</strong></span> 
     </span>
    </p>
   </div>
   <div class='ocr_carea' id='block_1_82' title="bbox 595 5399 2084 5501">
    <p class='ocr_par' dir='ltr' id='par_1_82' title="bbox 595 5424 2084 5501">
     <span class='ocr_line' id='line_1_83' title="bbox 595 5424 2084 5501; baseline -0.006 -13"><span class='ocrx_word' id='word_1_842' title='bbox 595 5432 643 5465; x_wconf 78' lang='lat'><strong>“</strong></span> <span class='ocrx_word' id='word_1_843' title='bbox 670 5432 867 5501; x_wconf 91' lang='lat' dir='ltr'><strong>Philip.</strong></span> <span class='ocrx_word' id='word_1_844' title='bbox 894 5431 1056 5501; x_wconf 54' lang='lat' dir='ltr'><strong>&quot;n.3,</strong></span> <span class='ocrx_word' id='word_1_845' title='bbox 1080 5429 1183 5501; x_wconf 40' lang='lat'><strong>&#39;5.“</strong></span> <span class='ocrx_word' id='word_1_846' title='bbox 1214 5429 1260 5501; x_wconf 65' lang='grc' dir='ltr'><strong>δξ</strong></span> <span class='ocrx_word' id='word_1_847' title='bbox 1283 5426 1327 5479; x_wconf 82' lang='grc' dir='ltr'>ιι</span> <span class='ocrx_word' id='word_1_848' title='bbox 1361 5427 1487 5483; x_wconf 87' lang='lat' dir='ltr'><strong>Cor.</strong></span> <span class='ocrx_word' id='word_1_849' title='bbox 1534 5442 1623 5501; x_wconf 42' lang='lat' dir='ltr'><strong>ut,</strong></span> <span class='ocrx_word' id='word_1_850' title='bbox 1647 5424 1705 5491; x_wconf 84' lang='lat'><strong>6,</strong></span> <span class='ocrx_word' id='word_1_851' title='bbox 1726 5425 1840 5501; x_wconf 33' lang='grc' dir='ltr'><strong>’ἴῃ-ι</strong></span> <span class='ocrx_word' id='word_1_852' title='bbox 1872 5425 1917 5455; x_wconf 68' lang='grc'><strong>⁵⁸</strong></span> <span class='ocrx_word' id='word_1_853' title='bbox 1945 5425 2084 5479; x_wconf 81' lang='lat' dir='ltr'><strong>Psal.</strong></span> 
     </span>
    </p>
   </div>
   <div class='ocr_carea' id='block_1_83' title="bbox 2193 5399 3747 5501">
    <p class='ocr_par' dir='ltr' id='par_1_83' title="bbox 2193 5399 3747 5501">
     <span class='ocr_line' id='line_1_84' title="bbox 2193 5399 3747 5501; baseline -0.01 -26"><span class='ocrx_word' id='word_1_854' title='bbox 2193 5437 2303 5501; x_wconf 50' lang='lat' dir='ltr'><strong>xit,</strong></span> <span class='ocrx_word' id='word_1_855' title='bbox 2321 5420 2426 5501; x_wconf 38' lang='lat'><strong>27:.</strong></span> <span class='ocrx_word' id='word_1_856' title='bbox 2458 5418 2532 5501; x_wconf 43' lang='grc' dir='ltr'><strong>,ξ’</strong></span> <span class='ocrx_word' id='word_1_857' title='bbox 2551 5416 2703 5501; x_wconf 47' lang='lat' dir='ltr'><strong>gen.</strong></span> <span class='ocrx_word' id='word_1_858' title='bbox 2726 5429 2873 5501; x_wconf 10' lang='lat' dir='ltr'><strong>rxvn,‘</strong></span> <span class='ocrx_word' id='word_1_859' title='bbox 2888 5410 2956 5466; x_wconf 75' lang='grc'><strong>12</strong></span> <span class='ocrx_word' id='word_1_860' title='bbox 2976 5410 3202 5501; x_wconf 38' lang='lat' dir='ltr'><strong>hls‘ev‘it.</strong></span> <span class='ocrx_word' id='word_1_861' title='bbox 3234 5424 3346 5501; x_wconf 51' lang='lat' dir='ltr'><strong>IIII:</strong></span> <span class='ocrx_word' id='word_1_862' title='bbox 3366 5406 3470 5501; x_wconf 36' lang='grc' dir='ltr'><strong>ξι,-</strong></span> <span class='ocrx_word' id='word_1_863' title='bbox 3489 5402 3533 5436; x_wconf 78' lang='grc'><strong>⁸³</strong></span> <span class='ocrx_word' id='word_1_864' title='bbox 3553 5399 3747 5501; x_wconf 43' lang='lat' dir='ltr'><strong>{teli-pl.</strong></span> 
     </span>
    </p>
   </div>
   <div class='ocr_carea' id='block_1_84' title="bbox 527 5470 2084 5569">
    <p class='ocr_par' dir='ltr' id='par_1_84' title="bbox 527 5470 2084 5569">
     <span class='ocr_line' id='line_1_85' title="bbox 527 5470 2084 5569; baseline -0.006 -13"><span class='ocrx_word' id='word_1_865' title='bbox 527 5500 580 5558; x_wconf 71' lang='grc' dir='ltr'><strong>ι.</strong></span> <span class='ocrx_word' id='word_1_866' title='bbox 670 5470 1063 5569; x_wconf 47' lang='grc' dir='ltr'><strong>ἶν”ῖὲιῗῖιΐῖᾱὸῖ</strong></span> <span class='ocrx_word' id='word_1_867' title='bbox 1082 5470 1189 5529; x_wconf 74' lang='grc' dir='ltr'><strong>”ἐο</strong></span> <span class='ocrx_word' id='word_1_868' title='bbox 1231 5470 1511 5564; x_wconf 61' lang='grc' dir='ltr'><strong>ιιὶὶρνξιίἱ.</strong></span> <span class='ocrx_word' id='word_1_869' title='bbox 1534 5470 1705 5550; x_wconf 48' lang='lat' dir='ltr'><strong>iis.&quot;</strong></span> <span class='ocrx_word' id='word_1_870' title='bbox 1724 5470 1967 5549; x_wconf 72' lang='grc' dir='ltr'><strong>δῖ’Βοηιῖ</strong></span> <span class='ocrx_word' id='word_1_871' title='bbox 1989 5470 2084 5560; x_wconf 65' lang='lat' dir='ltr'><strong>If,&quot;</strong></span> 
     </span>
    </p>
   </div>
   <div class='ocr_carea' id='block_1_85' title="bbox 2193 5470 3747 5569">
    <p class='ocr_par' dir='ltr' id='par_1_85' title="bbox 2194 5470 3747 5551">
     <span class='ocr_line' id='line_1_86' title="bbox 2194 5470 3747 5551; baseline -0.017 -5"><span class='ocrx_word' id='word_1_872' title='bbox 2194 5470 2305 5546; x_wconf 54' lang='lat' dir='ltr'><strong>&quot;2i:</strong></span> <span class='ocrx_word' id='word_1_873' title='bbox 2325 5470 2427 5522; x_wconf 38' lang='lat'><strong>“&#39;3</strong></span> <span class='ocrx_word' id='word_1_874' title='bbox 2457 5470 2652 5544; x_wconf 82' lang='lat' dir='ltr'><strong>Matth.</strong></span> <span class='ocrx_word' id='word_1_875' title='bbox 2679 5500 2781 5551; x_wconf 81' lang='lat' dir='ltr'><strong>xu,</strong></span> <span class='ocrx_word' id='word_1_876' title='bbox 2805 5470 2897 5539; x_wconf 62' lang='lat'><strong>42.</strong></span> <span class='ocrx_word' id='word_1_877' title='bbox 2974 5470 3020 5515; x_wconf 59' lang='grc' dir='ltr'><em>δ’</em></span> <span class='ocrx_word' id='word_1_878' title='bbox 3046 5481 3168 5537; x_wconf 81' lang='lat' dir='ltr'><strong>Act.</strong></span> <span class='ocrx_word' id='word_1_879' title='bbox 3198 5496 3259 5548; x_wconf 75' lang='grc' dir='ltr'><strong>ι,</strong></span> <span class='ocrx_word' id='word_1_880' title='bbox 3287 5480 3351 5534; x_wconf 74' lang='lat' dir='ltr'><strong>ll</strong></span> <span class='ocrx_word' id='word_1_881' title='bbox 3379 5489 3491 5545; x_wconf 89' lang='lat' dir='ltr'><strong>seq.</strong></span> <span class='ocrx_word' id='word_1_882' title='bbox 3559 5470 3608 5505; x_wconf 73' lang='lat'><strong>&quot;‘</strong></span> <span class='ocrx_word' id='word_1_883' title='bbox 3632 5470 3747 5523; x_wconf 80' lang='lat' dir='ltr'><strong>Act.</strong></span> 
     </span>
    </p>
   </div>
   <div class='ocr_carea' id='block_1_86' title="bbox 529 5574 759 5637">
    <p class='ocr_par' dir='ltr' id='par_1_86' title="bbox 529 5574 759 5637">
     <span class='ocr_line' id='line_1_87' title="bbox 529 5574 759 5637; baseline 0.004 -11"><span class='ocrx_word' id='word_1_884' title='bbox 529 5589 645 5637; x_wconf 72' lang='grc' dir='ltr'>χχι,</span> <span class='ocrx_word' id='word_1_885' title='bbox 669 5574 759 5629; x_wconf 74' lang='lat'><strong>26.</strong></span> 
     </span>
    </p>
   </div>
   <div class='ocr_carea' id='block_1_87' title="bbox 599 5655 2092 5738">
    <p class='ocr_par' dir='ltr' id='par_1_87' title="bbox 599 5655 2092 5738">
     <span class='ocr_line' id='line_1_88' title="bbox 599 5655 2092 5738; baseline -0.005 -17"><span class='ocrx_word' id='word_1_886' title='bbox 599 5667 713 5738; x_wconf 73' lang='lat'><strong>(2|)</strong></span> <span class='ocrx_word' id='word_1_887' title='bbox 750 5685 770 5718; x_wconf 72' lang='grc' dir='ltr'>ι</span> <span class='ocrx_word' id='word_1_888' title='bbox 800 5666 907 5720; x_wconf 91' lang='lat' dir='ltr'><strong>Sed</strong></span> <span class='ocrx_word' id='word_1_889' title='bbox 934 5663 1332 5738; x_wconf 75' lang='lat' dir='ltr'><strong>e_t_inEcclesia</strong></span> <span class='ocrx_word' id='word_1_890' title='bbox 1361 5661 1453 5738; x_wconf 72' lang='lat' dir='ltr'><strong>qui</strong></span> <span class='ocrx_word' id='word_1_891' title='bbox 1501 5675 1620 5738; x_wconf 83' lang='lat' dir='ltr'><strong>per,</strong></span> <span class='ocrx_word' id='word_1_892' title='bbox 1652 5677 1671 5711; x_wconf 70' lang='grc' dir='ltr'><strong>ι</strong></span> <span class='ocrx_word' id='word_1_893' title='bbox 1695 5665 1810 5738; x_wconf 74' lang='lat' dir='ltr'><strong>etc.</strong></span> <span class='ocrx_word' id='word_1_894' title='bbox 1848 5655 1925 5738; x_wconf 62' lang='lat' dir='ltr'><strong>ita</strong></span> <span class='ocrx_word' id='word_1_895' title='bbox 1959 5669 2092 5738; x_wconf 74' lang='lat' dir='ltr'><strong>mss.</strong></span> 
     </span>
    </p>
   </div>
   <div class='ocr_carea' id='block_1_88' title="bbox 529 5724 2094 5792">
    <p class='ocr_par' dir='ltr' id='par_1_88' title="bbox 529 5724 2094 5792">
     <span class='ocr_line' id='line_1_89' title="bbox 529 5724 2094 5792; baseline -0.01 0"><span class='ocrx_word' id='word_1_896' title='bbox 529 5748 585 5792; x_wconf 91' lang='lat' dir='ltr'><strong>et</strong></span> <span class='ocrx_word' id='word_1_897' title='bbox 605 5724 889 5792; x_wconf 48' lang='lat' dir='ltr'><strong>‘Ra&#39;banus.</strong></span> <span class='ocrx_word' id='word_1_898' title='bbox 944 5732 1090 5788; x_wconf 87' lang='lat' dir='ltr'><strong>Editi</strong></span> <span class='ocrx_word' id='word_1_899' title='bbox 1124 5747 1251 5788; x_wconf 91' lang='lat' dir='ltr'><strong>vero</strong></span> <span class='ocrx_word' id='word_1_900' title='bbox 1295 5750 1309 5784; x_wconf 89' lang='lat'><strong>:</strong></span> <span class='ocrx_word' id='word_1_901' title='bbox 1363 5724 1393 5781; x_wconf 71' lang='grc' dir='ltr'><strong>ι’</strong></span> <span class='ocrx_word' id='word_1_902' title='bbox 1417 5724 1525 5784; x_wconf 83' lang='lat' dir='ltr'><strong>Sed</strong></span> <span class='ocrx_word' id='word_1_903' title='bbox 1565 5737 1620 5784; x_wconf 92' lang='lat' dir='ltr'><strong>et</strong></span> <span class='ocrx_word' id='word_1_904' title='bbox 1664 5728 1711 5783; x_wconf 90' lang='lat' dir='ltr'><strong>si</strong></span> <span class='ocrx_word' id='word_1_905' title='bbox 1748 5728 1804 5781; x_wconf 87' lang='lat' dir='ltr'><strong>in</strong></span> <span class='ocrx_word' id='word_1_906' title='bbox 1854 5724 2094 5780; x_wconf 84' lang='lat' dir='ltr'><strong>Ecclesia</strong></span> 
     </span>
    </p>
   </div>
   <div class='ocr_carea' id='block_1_89' title="bbox 528 5818 2092 5949">
    <p class='ocr_par' dir='ltr' id='par_1_89' title="bbox 528 5818 2092 5949">
     <span class='ocr_line' id='line_1_90' title="bbox 528 5818 2092 5949; baseline -0.012 -19"><span class='ocrx_word' id='word_1_907' title='bbox 528 5818 873 5949; x_wconf 55' lang='grc' dir='ltr'><strong>ῃεὶξέ)ρ‹ωὖθ</strong></span> <span class='ocrx_word' id='word_1_908' title='bbox 899 5870 1124 5925; x_wconf 88' lang='lat' dir='ltr'><strong>carnali.</strong></span> <span class='ocrx_word' id='word_1_909' title='bbox 1155 5884 1295 5922; x_wconf 85' lang='lat' dir='ltr'><strong>nunc</strong></span> <span class='ocrx_word' id='word_1_910' title='bbox 1328 5884 1455 5923; x_wconf 87' lang='lat' dir='ltr'><strong>vero</strong></span> <span class='ocrx_word' id='word_1_911' title='bbox 1500 5867 1566 5921; x_wconf 86' lang='lat' dir='ltr'><strong>de</strong></span> <span class='ocrx_word' id='word_1_912' title='bbox 1596 5867 1842 5934; x_wconf 77' lang='lat' dir='ltr'><strong>spiritali.</strong></span> <span class='ocrx_word' id='word_1_913' title='bbox 1892 5885 1909 5917; x_wconf 81' lang='grc' dir='ltr'><strong><em>ι</em></strong></span> <span class='ocrx_word' id='word_1_914' title='bbox 1972 5863 2092 5915; x_wconf 70' lang='lat' dir='ltr'><strong>llmr</strong></span> 
     </span>
    </p>
   </div>
   <div class='ocr_carea' id='block_1_90' title="bbox 2202 5645 3080 5712">
    <p class='ocr_par' dir='ltr' id='par_1_90' title="bbox 2202 5645 3080 5712">
     <span class='ocr_line' id='line_1_91' title="bbox 2202 5645 3080 5712; baseline -0.017 0"><span class='ocrx_word' id='word_1_915' title='bbox 2202 5656 2584 5712; x_wconf 90' lang='lat' dir='ltr'><strong>desiderantur</strong></span> <span class='ocrx_word' id='word_1_916' title='bbox 2614 5649 2668 5704; x_wconf 90' lang='lat' dir='ltr'><strong>in</strong></span> <span class='ocrx_word' id='word_1_917' title='bbox 2702 5655 2864 5703; x_wconf 92' lang='lat' dir='ltr'><strong>antea</strong></span> <span class='ocrx_word' id='word_1_918' title='bbox 2896 5645 3080 5701; x_wconf 88' lang='lat' dir='ltr'><strong>editis.</strong></span> 
     </span>
    </p>
   </div>
   <div class='ocr_carea' id='block_1_91' title="bbox 2274 5709 3558 5796">
    <p class='ocr_par' dir='ltr' id='par_1_91' title="bbox 2274 5709 3558 5796">
     <span class='ocr_line' id='line_1_92' title="bbox 2274 5709 3558 5796; baseline -0.02 -15"><span class='ocrx_word' id='word_1_919' title='bbox 2274 5726 2387 5796; x_wconf 70' lang='grc'><strong>(25)</strong></span> <span class='ocrx_word' id='word_1_920' title='bbox 2425 5725 2523 5796; x_wconf 84' lang='lat' dir='ltr'><strong>Si_c_</strong></span> <span class='ocrx_word' id='word_1_921' title='bbox 2544 5736 2671 5796; x_wconf 84' lang='lat' dir='ltr'><strong>mss.</strong></span> <span class='ocrx_word' id='word_1_922' title='bbox 2708 5718 2850 5796; x_wconf 70' lang='lat' dir='ltr'><strong>Editi</strong></span> <span class='ocrx_word' id='word_1_923' title='bbox 2877 5730 3026 5796; x_wconf 62' lang='lat' dir='ltr'><strong>vero,</strong></span> <span class='ocrx_word' id='word_1_924' title='bbox 3058 5732 3076 5765; x_wconf 71' lang='grc' dir='ltr'>ς</span> <span class='ocrx_word' id='word_1_925' title='bbox 3108 5709 3510 5796; x_wconf 63' lang='lat' dir='ltr'><strong>observabatur.</strong></span> <span class='ocrx_word' id='word_1_926' title='bbox 3538 5720 3558 5755; x_wconf 77' lang='grc' dir='ltr'><strong><em>ι</em></strong></span> 
     </span>
    </p>
   </div>
   <div class='ocr_carea' id='block_1_92' title="bbox 2275 5779 3463 5866">
    <p class='ocr_par' dir='ltr' id='par_1_92' title="bbox 2275 5779 3463 5866">
     <span class='ocr_line' id='line_1_93' title="bbox 2275 5779 3463 5866; baseline -0.019 -15"><span class='ocrx_word' id='word_1_927' title='bbox 2275 5779 2387 5866; x_wconf 54' lang='grc'><strong>(243</strong></span> <span class='ocrx_word' id='word_1_928' title='bbox 2420 5814 2438 5848; x_wconf 73' lang='grc' dir='ltr'>ι</span> <span class='ocrx_word' id='word_1_929' title='bbox 2477 5791 2666 5860; x_wconf 73' lang='lat' dir='ltr'><strong>Maius.</strong></span> <span class='ocrx_word' id='word_1_930' title='bbox 2701 5810 2719 5842; x_wconf 75' lang='grc' dir='ltr'><strong><em>ι</em></strong></span> <span class='ocrx_word' id='word_1_931' title='bbox 2756 5787 2918 5855; x_wconf 80' lang='lat' dir='ltr'><strong>Editi,</strong></span> <span class='ocrx_word' id='word_1_932' title='bbox 2953 5805 2971 5837; x_wconf 69' lang='grc' dir='ltr'><strong><em>ι</em></strong></span> <span class='ocrx_word' id='word_1_933' title='bbox 3004 5787 3056 5837; x_wconf 90' lang='lat' dir='ltr'><strong>in</strong></span> <span class='ocrx_word' id='word_1_934' title='bbox 3088 5784 3227 5854; x_wconf 76' lang='lat' dir='ltr'><strong>aliis,</strong></span> <span class='ocrx_word' id='word_1_935' title='bbox 3261 5801 3280 5833; x_wconf 72' lang='grc' dir='ltr'><strong><em>ι</em></strong></span> <span class='ocrx_word' id='word_1_936' title='bbox 3312 5779 3463 5835; x_wconf 85' lang='lat' dir='ltr'><strong>male.</strong></span> 
     </span>
    </p>
   </div>
  </div>
