3784 6568
155 443 244 500 901

1117 449 1472 508 COMMENT.
1518 451 1584 506 IN
1622 448 1841 507 EPIST.
1879 449 1970 504 AD
2007 449 2177 507 ROM.
2221 453 2349 509 LIB.
2393 453 2458 511 ll.

3311 465 3418 522 902

155 566 329 620 stitias
362 573 551 622 tamen
588 560 893 651 servaverit
924 567 1074 639 legis.
1131 572 1187 626 Si
1230 587 1362 642 ergo
1392 582 1447 626 et
1471 571 1560 626 hic
1611 586 1737 627 sen-
1769 573 1816 630 Α
1846 568 1983 624 nalis
2030 567 2270 636 Judacus,
2317 571 2533 640 perﬁcit
2567 580 2748 626 autem
2801 573 3084 642 spiritalis,
3129 587 3184 631 et
3229 581 3322 646 qui
3359 584 3412 634 in

157 674 247 714 sus
292 659 470 729 recipi
519 659 735 727 debeat,
785 660 968 716 videto
995 664 1158 718 etiam
1193 672 1247 717 tu
1279 665 1370 732 qui
1418 665 1572 734 legis,
1599 679 1734 733 quo-

158 751 299 804 niam
333 750 562 819 quidem
590 751 705 819 ipse
734 751 1028 820 Apostolus
1054 755 1340 824 proﬁtetur
1369 756 1413 788 ’⁵⁸
1451 770 1508 809 se
1535 753 1734 810 Judznis

159 839 269 895 ﬁeri
302 837 583 905 Judaeum,
611 850 665 895 et
697 841 783 894 his
822 844 914 911 qui
947 844 1063 898 sine
1109 843 1226 915 lege
1255 854 1404 912 sunt,
1443 847 1597 915 quasi
1642 848 1733 915 qui

158 933 272 986 sine
303 932 427 1002 lege
458 933 533 988 sit
560 931 702 1004 (25),
735 944 788 988 et
824 937 1075 992 omnibus
1122 937 1301 991 omnia
1334 938 1415 1003 ﬁt,
1449 948 1510 993 ut
1543 954 1733 994 omnes

157 1023 491 1089 lucrifaciat,
531 1040 598 1080 ne
634 1025 774 1080 l'orte
804 1037 1088 1096 pr0pterea
1124 1029 1213 1084 hic
1258 1029 1507 1084 videatur
1550 1030 1730 1085 indul-

156 1133 278 1184 gere
305 1117 517 1172 Judaeis
574 1133 640 1171 ea
690 1131 810 1187 quae
861 1119 928 1174 ad
955 1117 1170 1174 Galatas
1215 1121 1483 1185 scribens,
1521 1122 1608 1177 his
1638 1122 1732 1192 qui

159 1225 218 1262 ex
244 1209 506 1278 gentibus
539 1209 890 1264 crediderant
920 1225 1026 1264 non
1055 1211 1317 1280 indulget.
1366 1213 1506 1267 Dicit
1535 1213 1676 1267 enim
1713 1230 1726 1266 :

164 1321 184 1352 ι
227 1301 362 1366 Quia
421 1302 470 1356 si
518 1302 985 1356 circumcidamini
1020 1343 1035 1367 ,
1083 1301 1336 1357 Christus
1385 1304 1542 1359 vobis
1596 1303 1743 1374 nihil.

162 1395 403 1464 proderit
426 1395 496 1448 ⁸⁸.
513 1415 532 1447 ›
567 1395 712 1450 Nihil
733 1410 862 1466 ergo
879 1396 1133 1466 proderat
1159 1397 1500 1452 circumcisio
1524 1397 1611 1453 his
1636 1396 1728 1466 qui

157 1503 215 1541 ex
247 1502 309 1541 ea
343 1491 615 1558 putabant
645 1489 847 1559 aliquid
874 1490 1283 1558 justiﬁcationis
1314 1491 1518 1545 assumi
1550 1505 1725 1559 ;-pro~

155 1581 301 1636 derat
341 1591 534 1635 autem
574 1582 680 1648 his,
718 1582 812 1652 qui
873 1583 1139 1652 putabant
1183 1581 1283 1637 sibi
1330 1583 1396 1636 ad
1450 1581 1724 1637 Christum

155 1687 254 1726 non
281 1689 410 1728 esse
443 1674 798 1742 veniendum,
841 1677 886 1731 si
917 1676 995 1729 eis
1028 1675 1436 1730 circumcidere.
1461 1675 1600 1731 ﬁlios
1630 1689 1724 1727 ve-

153 1775 377 1824 taretur.
410 1766 587 1821 Erant
613 1767 756 1825 enim
796 1767 1041 1823 nonnulli
1074 1769 1124 1823 in
1156 1768 1345 1833 initiis,
1377 1769 1469 1837 qui
1496 1769 1726 1823 circum-

151 1858 408 1913 cisionem
442 1859 612 1914 veluti
647 1861 856 1931 insigne
884 1862 1242 1917 vernaculum
1283 1863 1461 1932 gentis
1492 1877 1602 1917 sum
1638 1863 1721 1916 ni-

149 1952 248 2004 mio
293 1967 492 2007 amore
532 1963 814 2008 servarent
859 1972 872 2008 :

147 2042 266 2104 ﬁole,
307 2043 353 2096 si
395 2044 503 2097 hoc
533 2042 644 2114 (26)
679 2044 757 2099 eis
786 2053 1064 2099 vetaretur
1110 2059 1217 2114 quo
1251 2058 1440 2099 carere
1475 2060 1578 2098 non
1622 2060 1720 2115 po—

148 2141 335 2188 terant.
377 2133 528 2201 Ergo
561 2134 776 2189 videtur
826 2134 1118 2204 Apostolus
1164 2135 1230 2189 ad
1265 2134 1570 2201 huiusmodi
1620 2140 1720 2190 ho-

145 2227 311 2280 mines
341 2226 561 2291 dicere,
604 2242 672 2281 ne
723 2227 802 2281 eis
859 2226 984 2281 ﬁdei
1029 2226 1252 2296 januam
1303 2226 1541 2292 claudat,
1591 2227 1716 2297 quia

151 2336 169 2368 ι
195 2317 551 2372 circumcisio
597 2318 838 2387 prodest,
884 2319 928 2372 si
982 2319 1154 2389 legem
1183 2320 1460 2373 custodias
1491 2336 1504 2373 :
1539 2319 1583 2373 si
1616 2335 1714 2373 au-

149 2417 245 2460 tem
280 2406 688 2477 prmvaricator
722 2407 856 2477 legis
887 2408 981 2474 sis,
1007 2408 1352 2483 circumcisio
1383 2416 1472 2461 tua
1503 2422 1716 2477 prmpu-

147 2500 266 2552 tium
300 2497 453 2552 facta
483 2507 589 2553 est.
628 2517 648 2551 ι
700 2499 742 2552 Ε
787 2501 1060 2554 contrario
1115 2508 1293 2554 autem
1339 2499 1384 2554 si
1430 2499 1716 2555 credentes

145 2607 201 2644 ex
247 2590 516 2661 gentibus
557 2591 624 2644 ad
676 2591 1143 2646 circumcisioncm
1194 2600 1540 2661 cogerentur,
1589 2589 1713 2644 ﬁdei

148 2681 341 2735 Christi
373 2689 430 2735 et
468 2681 844 2750 praedicatioui
875 2681 1021 2736 verbi
1050 2681 1165 2735 ﬁeri
1187 2681 1466 2736 videretur
1491 2680 1708 2747 injuria.

146 2771 236 2824 Sed
273 2782 332 2826 et
362 2771 502 2826 illud
527 2772 924 2826 observandum
960 2781 1062 2838 est,
1096 2773 1260 2842 'quod
1302 2786 1424 2826 cum
1466 2770 1665 2826 dixerit
1695 2786 1710 2826 :

147 2882 163 2915 ι
188 2862 557 2918 Circumcisio
577 2863 795 2933 quidem
827 2865 1070 2932 prodest,
1095 2864 1138 2917 si
1160 2862 1327 2933 legem
1346 2861 1660 2916 custodias:
1685 2880 1704 2913 ι

142 2967 234 3005 non
267 2952 507 3018 addidit,
543 2952 601 3007 Si
642 2961 820 3006 autem
865 2967 970 3006 non
997 2952 1292 3016 custodias,
1331 2951 1475 3006 sicut
1519 2965 1712 3005 conse-

143 3058 302 3111 quens
337 3043 667 3110 Videbatur,
696 3042 790 3097 sed
812 3042 888 3096 ait
917 3059 931 3096 :
964 3060 981 3093 ί
1019 3042 1076 3097 Si
1109 3052 1289 3096 autem
1320 3042 1710 3110 praevaricator

144 3133 209 3188 sis
238 3135 402 3205 legis.
439 3153 460 3186 ι
497 3133 556 3188 1n
584 3149 692 3202 quo
713 3134 950 3187 ostendit
983 3133 1128 3187 aliud
1165 3147 1283 3186 esse
1305 3147 1407 3186 non
1431 3132 1707 3188 custodire

1838 658 2057 714 occulto
2086 660 2308 715 Judmus
2339 668 2444 714 est.
2487 659 2542 714 ln
2574 675 2682 728 quo
2712 661 2804 716 ille
2831 665 3046 730 quidem
3079 670 3410 734 praevarica-

1839 759 1926 804 tor
1957 750 2116 821 legis,
2150 755 2239 808 hic
2262 764 2441 808 autem
2482 751 2648 822 iudex
2699 754 3134 822 praevaricatoris
3163 756 3412 816 ellicitur.

1836 840 2232 898 Praevaricator
2259 855 2444 899 autem
2475 844 2711 900 efﬁcitur
2755 844 2872 915 (28)
2903 847 3140 901 carnalis
3169 847 3411 915 Judmus.

1834 935 1963 1003 quia
1989 935 2076 988 lex
2101 937 2214 1005 ipsa
2236 938 2618 993 inlirmabatur
2641 952 2738 1008 per
2763 939 3133 995 carnem.Nisi
3159 942 3302 996 enim
3332 949 3414 996 iu-

1834 1025 2050 1080 ﬁrmata
2083 1025 2274 1082 fuisset
2295 1030 2592 1101 secundum
2624 1043 2868 1094 carnem,
2905 1045 3010 1084 non
3044 1031 3230 1101 utique
3260 1033 3411 1088 dice-

1833 1127 1982 1170 retur
2007 1135 2020 1171 :
2049 1136 2067 1170 ι
2100 1117 2234 1172 Nam
2263 1122 2406 1188 quod
2435 1100 2770 1188 impossibile
2801 1131 2923 1175 erat
2951 1123 3077 1188 legi,
3110 1100 3162 1176 in
3190 1138 3302 1192 quo
3331 1125 3412 1178 in-

1833 1207 2152 1264 ﬁrmabatur
2166 1212 2575 1280 percarnem”.
2599 1231 2619 1264 ι
2642 1211 2749 1268 Per
2767 1213 3020 1281 spiritum
3049 1224 3231 1269 autem
3264 1218 3412 1271 inﬁr.

1832 1301 1966 1353 mari
1993 1301 2164 1372 legem
2187 1317 2463 1370 nunquam
2492 1305 2733 1359 invenies
2747 1306 3100 1374 scriptum,et
3118 1307 3242 1362 ideo
3262 1329 3280 1360 ι
3313 1310 3407 1378 qui

1833 1391 1885 1444 in
1918 1406 2083 1446 carne
2109 1402 2256 1458 sunt,
2282 1392 2391 1447 Deo
2408 1393 2631 1462 placere
2661 1408 2766 1448 non
2798 1403 3026 1464 possunt
3052 1396 3129 1462 ⁸⁹;
3155 1415 3174 1448 ›
3197 1399 3288 1466 qui
3306 1413 3400 1452 au-

1833 1490 1939 1536 tem
1965 1498 2061 1552 per
2084 1483 2332 1553 spiritum
2367 1494 2524 1540 actus
2557 1486 2738 1542 carnis
2771 1489 3243 1554 mortiﬁcaverint,
3287 1505 3398 1544 non

1830 1574 2004 1629 solum
2030 1575 2233 1640 vivent,
2263 1577 2360 1630 sed
2377 1576 2590 1645 judices
2611 1585 2772 1631 erunt
2811 1593 2918 1631 non
2967 1587 3178 1633 tantum
3223 1581 3405 1633 homi-

1829 1667 2086 1729 num,sed
2105 1675 2160 1722 et
2173 1667 2483 1736 angelorum
2505 1669 2659 1737 :quia
2679 1669 2824 1723 illius
2839 1670 2961 1725 laus
2985 1671 3053 1725 ab
3079 1671 3398 1728 hominibus

1826 1767 1928 1821 est,
1950 1757 2108 1830 hujus
2125 1775 2152 1812 a
2166 1751 2283 1814 Deo
2304 1761 2369 1815 ⁸ο.
2396 1759 2521 1816 Haec
2537 1761 2753 1830 quidem
2771 1762 2914 1817 dicta
2931 1763 3042 1816 sint
3071 1778 3101 1816 a
3135 1764 3292 1818 nobis
3323 1766 3395 1820 ad

1827 1849 1987 1922 491
2056 1851 2488 1922 explanationem
2539 1854 2806 1908 sermonis
2862 1854 3176 1924 apostolici,
3228 1871 3391 1925 quem

917 1962 973 2008 ei,
1018 1922 1637 2023 human-{videbantur
1687 1970 1717 2008 a
1757 1922 1795 1976 Β
1824 1944 2096 1998 disserere
2145 1944 2545 2013 proposuimus.
2612 1944 2729 1999 Non
2797 1955 2975 2000 tamen
3029 1922 3392 2014 importunum

1823 2032 2093 2087 videbitur
2143 2033 2307 2088 etiam
2360 2035 2794 2090 circumcisionis
2858 2037 3031 2105 ipsius
3085 2038 3397 2107 generalem

1820 2125 2094 2180 discutere
2146 2125 2450 2190 rationem,
2497 2127 2941 2196 quandoquidem
3001 2128 3069 2183 de
3123 2144 3188 2182 ea
3247 2129 3401 2184 locus

1819 2217 1937 2287 ipse
1982 2217 2339 2272 commonuit.
2387 2217 2718 2285 Repetamus
2749 2219 2936 2289 igitur,
2979 2229 3032 2274 et
3081 2220 3131 2272 in
3161 2221 3396 2273 medium

1817 2308 2182 2378 proferamus,
2218 2309 2262 2363 si
2294 2323 2400 2376 qua
2435 2309 2487 2361 in
2504 2304 2635 2378 'lege
2675 2310 2740 2364 de
2770 2325 2855 2374 ea,
2894 2310 2977 2364 vel
3021 2311 3072 2364 in
3102 2309 3400 2377 Scripturis

1817 2399 2030 2452 caeteris
2057 2399 2427 2453 continentur.
2489 2399 2798 2454 Invenimus
2829 2399 2880 2452 in
2909 2398 3106 2454 Genesi
3135 2401 3397 2469 scriptum

1815 2490 2050 2560 primum
2085 2491 2152 2543 de
2188 2490 2608 2545 circumcisione
2628 2491 3112 2558 mandatum,cum
3134 2506 3398 2560 responsa

1816 2582 2076 2636 darentur
2120 2583 2186 2635 ad
2241 2582 2515 2636 Abraham
2587 2583 2691 2638 hoc
2772 2585 2934 2638 modo
2963 2585 3006 2615 “
3039 2601 3054 2637 :
3093 2603 3110 2636 ι
3143 2585 3210 2640 Ει
3260 2586 3398 2640 dixit

1815 2673 1957 2729 Deus
1989 2675 2057 2728 ad
2103 2672 2379 2728 Abraham
2414 2674 2535 2729 :Tu
2564 2685 2746 2730 autem
2791 2685 3174 2731 testamentum
3214 2691 3396 2732 meum

1814 2769 2074 2834 servabis,
2121 2779 2174 2824 et
2202 2783 2367 2823 omne
2407 2783 2594 2824 semen
2641 2777 2791 2823 tuum
2842 2779 2966 2838 post
2993 2779 3047 2825 te
3077 2772 3131 2825 in
3159 2787 3394 2842 genera-

1814 2862 1988 2916 tiones
2012 2874 2157 2916 suas.
2183 2860 2247 2913 Et
2272 2861 2374 2915 hoc
2404 2861 2963 2930 testamentum,quod
2987 2862 3227 2930 disposui
3251 2864 3394 2917 inter

1812 2967 1900 3007 me
1927 2960 1982 3007 et
2009 2967 2125 3019 vos,
2151 2960 2205 3008 et
2233 2953 2377 3007 inter
2403 2968 2488 3007 me
2511 2965 2565 3007 et
2588 2952 2732 3005 inter
2752 2952 2991 3007 medium
3020 2954 3246 3008 seminis
3276 2954 3391 3023 (29)

1811 3045 1888 3098 tui
1923 3053 2043 3114 post
2081 3055 2134 3099 te
2167 3045 2221 3100 in
2253 3043 2630 3114 generationes
2685 3038 2876 3098 eorum
2912 3062 2925 3096 :
2967 3043 3393 3099 circumcidetur

1810 3152 1971 3192 omne
1998 3137 2354 3191 masculinum
2383 3145 2646 3202 vesnum,
2665 3145 2720 3190 et
2745 3135 3145 3190 circumcidetis
3167 3151 3388 3191 carnem

142 3224 328 3294 legem,
381 3224 534 3279 aliud
582 3223 930 3294 prmvaricari
981 3223 1173 3293 legem.
1218 3220 1350 3276 Nam
1396 3233 1451 3277 et
1505 3222 1704 3278 Paulus
1734 3265 1776 3324 ε
1812 3229 2056 3297 prmputii
2084 3228 2273 3295 vestri,
2301 3237 2356 3282 et
2385 3226 2490 3281 erit
2543 3228 2596 3280 in
2646 3227 2856 3297 signum
2904 3226 3210 3280 testamenti
3246 3226 3390 3280 inter

141 3317 243 3386 ipse
294 3332 412 3372 non
461 3331 676 3385 semper
703 3314 871 3383 legem
908 3315 1163 3381 custodit,
1208 3329 1480 3385 nunquam
1524 3323 1706 3368 tamen

137 3410 526 3476 praevaricator
553 3415 636 3461 est
662 3406 812 3474 legis.
839 3405 1130 3476 Pr0pterea
1165 3407 1216 3460 in
1249 3405 1708 3473 consequentibus

141 3500 300 3555 dicit:
347 3519 368 3550 ε
404 3498 463 3552 Si
498 3508 680 3554 autem
707 3499 1026 3568 prmpulium
1059 3497 1325 3568 justitiam
1360 3497 1494 3567 legis
1526 3507 1708 3552 custo-

140 3593 262 3658 diat,
285 3606 479 3648 nonne
501 3591 767 3662 iudicabit
791 3592 933 3660 quod
956 3607 1020 3646 ex
1043 3601 1234 3646 natura
1256 3600 1336 3646 est
1359 3591 1704 3661 prmputium,

138 3685 300 3756 legem
337 3683 656 3754 perﬁciens,
694 3693 766 3749 te,
799 3683 888 3752 qui
919 3697 1017 3752 per
1047 3682 1284 3736 litteram
1319 3691 1382 3736 et.
1419 3680 1706 3736 circumci-

137 3781 334 3834 sionem
370 3776 764 3848 prtevaricator
806 3791 864 3831 es
908 3774 1088 3845 legis?
1121 3793 1139 3826 ι
1174 3773 1424 3828 Custodit
1464 3787 1594 3842 ergo
1631 3773 1706 3826 le-

139 3888 248 3941 gem
300 3873 350 3925 is
397 3871 490 3939 qui
523 3885 642 3923 eam
699 3869 992 3923 secundum
1023 3868 1260 3921 litteram
1289 3865 1546 3920 observat
1583 3881 1599 3927 ;
1647 3873 1704 3918 et

140 3966 179 4017 is
201 3952 601 4032 praevaricatur
631 3976 775 4026 eam,
809 3959 900 4028 qui
936 3957 1236 4028 spiritalem
1261 3957 1380 4025 eius
1412 3969 1516 4009 non
1555 3961 1705 4009 tenet

140 4069 376 4108 sensum.
416 4053 635 4107 Justitia
677 4067 806 4107 vero
853 4053 1006 4121 legis,
1061 4051 1284 4106 moralis
1330 4048 1444 4117 eius
1488 4055 1573 4102 est
1620 4045 1702 4100 lo-

138 4163 223 4203 cus
256 4148 394 4218 (27).
444 4146 559 4201 Lex
600 4147 742 4200 enim
779 4146 1034 4215 generale
1077 4143 1401 4199 vocabulum
1452 4151 1580 4195 est:
1619 4140 1706 4208 ju-

136 4240 270 4293 stitia
303 4253 439 4292 vero
466 4251 593 4306 pars
633 4235 767 4306 legis
798 4243 898 4290 est.
932 4234 1191 4289 Continet
1223 4231 1368 4285 enim
1411 4229 1497 4282 lex
1537 4228 1701 4292 iusti-

138 4332 254 4397 tias,
302 4342 359 4385 et
403 4329 633 4400 judicia,
688 4338 742 4381 et
801 4326 1074 4388 mandata,
1144 4331 1199 4378 et
1247 4319 1697 4392 iustiﬁcationes,

136 4424 373 4491 aliasque
422 4419 850 4491 quamplurimas
898 4414 1134 4486 species.
1190 4412 1248 4468 Si
1301 4426 1431 4479 ergo
1486 4425 1698 4480 praepu-

138 4516 260 4570 tium
297 4530 421 4582 ,non
473 4514 548 4566 ait
599 4513 770 4581 ipsam
801 4509 996 4579 legem,
1045 4507 1140 4563 sed
1189 4505 1232 4561 si
1273 4504 1513 4572 justitias
1561 4502 1700 4570 legis

1813 3334 1898 3374 me
1925 3330 1981 3373 et
2007 3335 2142 3374 vos:
2182 3329 2238 3374 et
2295 3334 2434 3389 puer
2466 3328 2659 3373 octava
2718 3318 2806 3372 die
2863 3316 3284 3371 circumcidetur
3330 3316 3388 3371 in

1807 3411 1982 3472 vobis.
2011 3411 2190 3466 omnis
2231 3410 2505 3466 masculus
2549 3410 2603 3463 in
2653 3408 3099 3478 generationibus
3133 3406 3332 3462 vestris
3368 3425 3383 3462 :

1808 3504 2152 3570 vernaculus,
2211 3511 2266 3558 et
2321 3502 2550 3572 pecunia
2595 3510 2810 3570 emptus
2857 3499 2924 3554 ab
2975 3500 3225 3555 omnibus
3260 3499 3388 3555 ﬁliis

1809 3594 2261 3663 alienigenarum,
2291 3593 2382 3663 qui
2416 3609 2523 3647 non
2553 3602 2728 3647 estex
2755 3591 2964 3646 semine
2998 3599 3114 3656 tuo,
3147 3592 3386 3645 circum-

1807 3684 2015 3738 cisione
2063 3683 2492 3738 circumcidetur
2536 3680 2865 3735 vernaculus
2909 3681 3102 3734 domus
3158 3691 3283 3743 tute,
3332 3692 3388 3734 et

1808 3775 2034 3844 pecunia
2057 3782 2401 3843 comparatus
2423 3787 2453 3826 a
2483 3782 2566 3827 te:
2594 3781 2648 3826 et
2664 3774 2768 3826 erit
2799 3780 3183 3826 testamentum
3206 3784 3384 3824 meum

1806 3882 1970 3936 super
2019 3881 2240 3921 carnem
2280 3875 2518 3919 vestram
2552 3871 2938 3919 testamentum
2985 3871 3249 3916 mternum
3282 3878 3296 3912 2
3331 3869 3389 3914 ει

1805 3958 2219 4013 incircumcisus
2252 3956 2527 4012 masculus
2559 3955 2655 4025 qui
2683 3971 2789 4009 non
2824 3953 2987 4009 fuerit
3027 3953 3386 4008 circumcisus

1805 4050 1859 4103 in
1901 4065 2063 4104 carne
2091 4050 2340 4120 prmputii
2389 4049 2474 4102 sui
2521 4047 2608 4101 die
2653 4055 2872 4109 octava,
2925 4042 3386 4100 exterminabitur

1804 4137 1983 4189 anima
2011 4135 2102 4188 illa
2148 4137 2214 4190 de
2250 4150 2450 4206 genere
2501 4149 2602 4190 suo
2633 4133 2770 4205 (50),
2804 4134 2931 4202 quia
2988 4141 3381 4186 testamentum

1805 4243 1983 4281 meum
2024 4227 2331 4296 dissipavit.
2370 4247 2388 4280 ›
2457 4226 2575 4282 Νοη
2630 4240 2730 4281 nos
2779 4235 2959 4280 tamen
3001 4225 3171 4280 latere
3201 4225 3381 4290 debet,

1805 4323 1947 4390 quod
1987 4323 2039 4374 in
2095 4319 2218 4374 aliis
2263 4317 2663 4388 exemplaribus
2702 4334 2808 4373 non
2856 4317 3088 4373 habetur
3119 4315 3380 4386 positum,

1809 4431 1828 4464 ι
1856 4422 2050 4466 octava
2077 4412 2184 4476 die,
2213 4430 2232 4463 ι
2276 4411 2329 4465 in
2359 4412 2464 4466 hoc
2508 4412 2773 4464 duntaxat
2807 4410 2946 4465 loco.
2975 4408 3107 4462 Item
3141 4409 3191 4461 in
3220 4405 3384 4459 Levi-

1811 4507 1920 4557 tico
1946 4503 2208 4570 scriptum
2235 4510 2320 4555 est
2341 4501 2385 4533 ⁶¹
2418 4516 2434 4552 :
2471 4519 2489 4550 ε
2526 4498 2594 4552 Ει
2629 4500 2844 4554 locutus
2873 4508 2956 4554 est
2995 4497 3257 4553 Dominus
3313 4496 3384 4550 ad

135 4608 423 4672 custodiat,
457 4605 511 4660 in
545 4613 753 4658 tantum
787 4600 1074 4670 praefertur
1107 4596 1512 4652 circumcisioni
1555 4607 1696 4663 prze-
1731 4598 1776 4653 D
1808 4597 2026 4666 Moysen
2060 4594 2245 4648 dicens
2275 4609 2290 4647 :
2326 4592 2576 4660 Loquere
2607 4591 2734 4646 ﬁliis
2763 4589 2931 4645 lsrael
2955 4629 2971 4656 ,
3017 4597 3072 4645 et
3124 4588 3276 4644 dices
3311 4588 3382 4642 ad

135 4699 394 4754 varicanti
421 4697 617 4766 legem,
649 4704 707 4746 ut
733 4693 897 4747 etiam
925 4689 1136 4760 iudicet
1167 4703 1310 4743 eam.
1338 4687 1406 4740 Et
1432 4685 1570 4741 bene
1597 4685 1696 4738 ad-

137 4794 288 4860 didit,
324 4810 345 4842 ι
377 4791 550 4859 legem
579 4783 892 4856 perﬁcicns.
922 4801 940 4834 ι
973 4781 1067 4834 llle
1099 4779 1241 4832 enim
1271 4778 1363 4847 qui
1403 4776 1696 4830 secundum

137 4885 364 4939 litteram
409 4880 565 4942 vivit,
611 4876 890 4932 custodire
921 4874 1120 4927 dicitur
1155 4870 1328 4938 legem
1373 4884 1388 4930 ;
1437 4867 1540 4920 iste
1572 4881 1700 4919 vero

136 4977 214 5043 qui
250 4972 551 5030 secundum
591 4969 859 5037 spiritum,
893 4963 1154 5033 perﬁcere
1181 4977 1194 5014 :
1220 4957 1484 5028 perfectio
1514 4965 1698 5010 autem

137 5069 259 5138 legis
286 5069 342 5121 in
373 5065 596 5119 Christo
634 5069 737 5123 est,
769 5059 858 5127 qui
896 5057 1036 5110 dixit
1064 5075 1078 5108 :
1114 5071 1132 5105 ‹
1172 5051 1287 5104 Non
1320 5049 1441 5104 veni
1484 5048 1698 5102 solvere

137 5161 316 5227 legem,
349 5156 444 5212 sed
469 5152 762 5222 adimplere
789 5150 856 5203 ⁸⁷.
892 5167 910 5200 ι
939 5145 1250 5213 Adimplere
1283 5151 1463 5196 autem
1495 5140 1694 5209 legem,

138 5252 230 5306 hoc
268 5261 351 5306 est
377 5247 640 5319 perﬁcere
685 5243 877 5314 legem.
923 5237 1167 5296 Custodit
1198 5248 1326 5304 ergo
1366 5232 1538 5298 legem
1573 5245 1694 5285 car-

1804 4701 1935 4742 eos:
1965 4683 2156 4739 Mulier
2185 4697 2522 4753 quaecunque
2567 4685 2869 4751 susceperit
2891 4695 3098 4745 semen,
3133 4687 3188 4733 et
3218 4692 3384 4747 pepe-

1806 4778 1939 4832 rerit
1987 4777 2307 4840 masculum,
2367 4776 2643 4830 immunda
2707 4775 2815 4828 erit
2875 4779 3080 4840 septem
3137 4768 3379 4833 diebus,

1807 4870 2105 4924 secundum
2143 4869 2263 4923 dies
2314 4867 2656 4936 purgationis
2703 4863 2978 4929 immunda
3015 4862 3141 4926 erit,
3188 4867 3242 4912 et
3293 4858 3382 4913 die

1807 4971 2003 5015 octava
2037 4960 2392 5015 circumcidet
2435 4972 2654 5012 carnem
2713 4953 2961 5023 prtnpulii
3009 4951 3147 5018 ejus,
3188 4959 3238 5004 et
3280 4952 3380 5004 tri-

1807 5056 1955 5121 ginta
1993 5051 2166 5105 tribus
2186 5050 2374 5104 diebus
2399 5047 2607 5103 sedebit
2641 5045 2695 5098 in
2723 5042 2985 5110 sanguine
3011 5055 3109 5095 suo
3148 5040 3381 5094 immun-

1807 5145 1898 5198 da.
1940 5161 1960 5194 ι
2011 5142 2135 5196 llaec
2160 5141 2377 5209 quidem
2411 5139 2475 5191 de
2503 5137 2619 5204 lege
2648 5134 2821 5203 Moysi
2849 5133 3153 5189 testimonia
3194 5132 3378 5200 posui-

1806 5249 1948 5287 mus.
1997 5232 2247 5286 Salvator
2273 5244 2402 5283 vero
2431 5227 2481 5280 in
2517 5222 2813 5293 Evangelio
2843 5223 2955 5289 ait,
3005 5219 3382 5275 circumcisio.

202 5398 430 5452 "lCor.
457 5411 534 5455 lx,
562 5390 748 5446 20-22.
824 5386 1068 5441 "Galat.
1110 5399 1165 5444 v,
1193 5383 1246 5437 2.
1275 5364 1368 5455 ξδτ
1416 5377 1601 5432 Matth.
1641 5393 1693 5443 ν,

1887 5380 1935 5412 ⁸⁸
1961 5380 2114 5433 Rom.
2147 5392 2264 5434 vm,
2299 5373 2352 5426 5.
2429 5372 2472 5402 ’9
2499 5369 2629 5423 ibid.
2663 5367 2695 5423 8
2760 5369 2850 5423 15.
2927 5367 2971 5398 ⁸ο
2998 5365 3159 5420 Rom.
3204 5376 3265 5425 tl,
3290 5360 3379 5415 29.

139 5468 174 5497 ⁶¹
196 5468 330 5523 Gen.
357 5454 576 5528 “11,79
613 5477 764 5531 seqq.
842 5460 885 5490 ⁶¹
930 5458 1056 5511 Lev.
1113 5469 1209 5517 xu,
1269 5454 1290 5506 l
1349 5465 1503 5519 seqq.

203 5607 314 5676 (25)
342 5604 508 5676 Editi,
548 5621 565 5654 ι
593 5599 744 5669 quasi
776 5598 893 5676 sine
924 5597 1040 5676 lege
1071 5593 1161 5649 sit.
1199 5611 1219 5644 ι

203 5668 310 5745 (2ϋῇ
344 5695 361 5726 ι
398 5674 532 5728 Hoc.
563 5691 582 5724 ι
613 5668 1060 5745 l.)eest_in_editis_.
1093 5736 1104 5745 .
1220 5732 1240 5745 '

202 5726 312 5817 (λῇ)
341 5726 585 5817 Ιιιῖίίτίεε.
618 5740 812 5817 nostri.
846 5739 944 5791 Ast
975 5735 1126 5800 editi,
1164 5753 1184 5786 ‹
1213 5732 1450 5789 Iustitia:
1481 5743 1603 5783 vero
1624 5726 1701 5782 le—

143 5811 233 5886 gis,
267 5811 484 5886 moralis
518 5822 599 5886 est
627 5811 795 5886 locu_s.
831 5825 850 5858 ι
876 5877 908 5886 η
943 5876 952 5886 _

205 5888 312 5957 (23)
345 5907 362 5937 ι
396 5884 650 5938 Ellicitur.
685 5899 702 5931 ι
734 5878 790 5932 In
826 5877 986 5933 editis
1011 5877 1298 5931 omittitur.

1800 5617 1805 5622 ι
1881 5581 1989 5653 (29)
2028 5597 2046 5630 ‹
2077 5577 2142 5631 Et
2186 5571 2593 5653 intermedium
2628 5569 2880 5653 seminis,
2917 5586 2936 5620 ι
2971 5575 3080 5653 etc.

1807 5645 1935 5708 Mss.
1969 5645 2136 5703 vero:
2177 5657 2260 5699 «et
2287 5647 2428 5696 inter
2458 5656 2644 5696 semen
2686 5650 2836 5694 tuum
2869 5647 2992 5708 post
3031 5645 3085 5690 te
3133 5645 3186 5690 in
3216 5646 3384 5702 gene-

1811 5724 2027 5777 ratione
2058 5726 2396 5770 sanctorum.
2435 5731 2454 5763 ι

1882 5768 2024 5859 Μ’
2051 5768 2229 5859 Ειιίνιίί
2261 5802 2279 5835 ι
2320 5783 2497 5835 anima
2531 5780 2619 5836 illa
2664 5779 2730 5836 de
2771 5792 2971 5851 genere
3011 5787 3174 5832 suo.»
3225 5768 3383 5836 Mss.,

1823 5883 1836 5914 ι
1867 5855 1955 5916 ille
1979 5855 2050 5915 de
2075 5855 2266 5927 populo
2291 5870 2404 5908 suo.
2437 5869 2456 5903 ι
