3754 6546
379 405 487 463 905

1826 396 2151 457 ORIGENIS

379 543 505 582 nem
557 526 806 596 accipere
835 520 1110 581 hominem
1151 525 1205 579 in
1240 522 1505 590 Sabbato,
1568 533 1624 579 et
1668 540 1772 579 non
1823 524 1957 579 solvi
1991 527 2037 582 Α
2065 530 2144 574 est
2212 516 2458 580 advenis,
2510 513 2785 585 loquatur,
2839 513 3156 569 necessario
3216 513 3405 582 utique
3445 515 3643 569 obser-

383 627 554 689 legem
585 619 750 690 Moysi
777 637 792 685 ;
815 628 873 673 et
901 620 1032 673 dicit
1060 634 1181 671 eam
1207 633 1273 673 ex
1299 619 1544 689 patribus
1576 632 1716 681 esse,
1747 628 1801 671 et
1833 626 1959 671 ante

380 712 601 783 Moysen
664 712 847 765 datam
914 712 980 763 ⁸³.
1040 711 1557 778 Cujus,sententi:e
1608 710 1960 776 auctoritate,

380 806 540 861 simul
578 813 634 859 et
663 805 849 874 legalis
876 807 1141 874 praecepti
1185 808 1454 877 gravitate
1486 807 1715 876 permoti
1744 848 1760 872 ,
1793 805 1957 859 etiaut

381 908 504 969 post
536 898 828 951 adventum
862 895 990 953 Iesu
1025 899 1175 951 suasi
1209 907 1337 953 sunt
1358 900 1576 969 quidam
1620 900 1957 964 circumcidi,

381 1006 506 1044 cum
540 1000 724 1044 essent
772 1004 838 1044 ex
890 991 1161 1061 gentibus.
1214 992 1318 1044 Alii
1373 1008 1520 1057 vero,
1580 992 1960 1049 borrescentes

380 1081 592 1148 pondus
624 1082 901 1147 praecepti,
935 1081 1254 1151 refugerunt
1280 1083 1497 1151 penitus
1528 1083 1694 1137 etiam
1732 1085 1800 1139 ab
1824 1084 1958 1154 ipsis

382 1172 594 1238 legibus
620 1173 671 1224 in
699 1172 897 1240 quibus
921 1173 1037 1227 haec
1066 1174 1269 1243 scripta
1298 1175 1641 1249 videbantur,
1666 1176 1738 1230 ita
1776 1186 1832 1230 ut
1862 1191 1982 1246 pu-‘

382 1271 561 1314 tareut
588 1261 703 1314 haec
748 1276 851 1314 non
888 1276 1011 1313 esse
1064 1262 1189 1315 boni
1242 1262 1333 1316 Dei
1388 1263 1660 1323 mandata.
1697 1277 1797 1317 nec
1839 1261 1957 1329 ejus

378 1366 496 1417 quae
516 1352 781 1405 Dominus
810 1363 866 1405 et
888 1352 1144 1406 Salvator
1168 1363 1351 1408 noster
1372 1354 1674 1422 praedicare
1698 1357 1953 1410 venisset.

377 1442 444 1495 Et
494 1443 615 1494 ideo
665 1443 793 1497 tttihi
843 1444 1058 1497 videtur
1117 1443 1428 1513 diligentior
1475 1446 1528 1499 in
1578 1445 1778 1500 talibus
1822 1445 1958 1501 locis

377 1533 687 1586 adhibenda
735 1535 1025 1598 discussio,
1085 1536 1128 1588 si
1173 1536 1245 1589 sit
1290 1536 1490 1605 aliquid
1541 1536 1593 1590 in
1648 1535 1954 1605 ltujusmodi

376 1624 634 1675 mandato
666 1623 916 1678 utilitatis
956 1624 1122 1678 etiam
1164 1626 1463 1679 secundum
1495 1625 1739 1680 litteram
1770 1643 1785 1682 :
1828 1636 1881 1681 et
1910 1625 1954 1681 si

378 1713 488 1766 sint
519 1716 718 1779 quibus
749 1716 883 1770 utile
905 1716 997 1779 sit,
1026 1716 1109 1770 vel
1138 1733 1299 1784 quent
1330 1718 1395 1770 ad
1425 1717 1584 1772 tinent
1618 1718 1803 1771 tendat
1840 1718 1957 1788 ejus

376 1805 588 1859 utilitas
614 1846 628 1867 ,
659 1817 754 1859 aut
776 1808 822 1861 si
850 1807 1056 1875 aliquid
1102 1809 1288 1862 utilius
1329 1808 1632 1878 ﬁguraliter
1662 1808 1950 1863 indicetur.

2064 610 2244 663 vanda
2290 607 2572 663 distinctio
2620 616 2745 662 est:
2777 605 2905 674 quia
2948 605 3089 667 sicut
3135 604 3189 658 in
3235 603 3325 657 his
3382 602 3515 657 locis
3545 604 3645 658 uni

2062 702 2259 756 dicitur
2290 717 2305 754 :
2348 700 2630 769 «Loquere
2659 699 2725 753 ad
2759 701 2945 752 Aaron
2981 698 3098 761 ";t
3133 706 3189 751 et
3218 694 3352 749 alibi
3380 694 3467 752 ηε
3496 694 3645 749 «Lo-

2059 807 2227 862 quere
2257 792 2326 845 ad
2363 790 2504 846 ﬁlios
2542 792 2759 854 Aaron;
2789 808 2810 841 t
2864 798 2919 843 et
2945 787 3073 842 alibi
3107 788 3197 839 τίς
3234 806 3255 839 «
3280 786 3534 858 Loquere
3575 788 3645 840 ad

2059 884 2302 949 Levitas,
2327 892 2381 939 et
2405 882 2555 937 dices
2577 882 2644 935 ad
2677 896 2825 941 ρος.»
2861 890 3071 934 certum
3102 888 3187 934 est
3214 895 3325 935 non
3356 880 3647 948 subjacere

2063 979 2301 1047 reliquos
2353 975 2491 1030 ﬁlios
2539 973 2708 1028 Israel
2770 972 2854 1027 bis
2917 971 3156 1043 legibus,
3207 985 3330 1040 quae
3376 969 3463 1024 vel
3518 968 3647 1022 ﬁliis

2059 1069 2368 1135 Aaron,vel
2401 1068 2626 1131 Levitis,
2659 1065 2745 1121 vel
2771 1065 2872 1135 ipsi
2895 1065 3077 1118 Aaron
3105 1062 3642 1132 prornulgauesunt:

2060 1163 2133 1217 ita
2162 1162 2326 1216 etiam
2357 1174 2477 1229 quae
2496 1158 2631 1213 ﬁliis
2662 1156 2828 1211 Israel
2863 1155 3147 1224 jnbentur,
3183 1169 3285 1209 nec
3321 1153 3645 1223 alienigenae

2060 1250 2323 1302 memoria
2349 1247 2456 1301 ulla
2488 1247 2582 1309 lit,
2617 1260 2724 1299 non
2767 1253 2851 1299 est
2885 1244 3182 1310 putandum
3234 1255 3536 1297 commune
3592 1242 3643 1294 in

2059 1338 2144 1393 his
2188 1352 2308 1393 esse
2355 1336 2670 1391 ntandatum
2695 1375 2711 1399 ,
2762 1334 2846 1390 vel
2888 1348 3235 1388 communem
3277 1332 3401 1386 ﬁeri
3440 1331 3642 1400 legem,

2058 1432 2148 1485 ubi
2183 1429 2563 1501 appellationis
2604 1428 2839 1483 habetur
2884 1427 3152 1497 exceptio.
3212 1425 3399 1479 Pauca
3460 1433 3641 1477 tamen

2057 1526 2122 1579 ad
2152 1526 2347 1579 horum
2397 1522 2775 1593 probationem
2826 1520 3136 1575 testimonia
3168 1519 3533 1573 adhibeamus
3574 1530 3643 1568 ex

2055 1617 2326 1687 pluribus,
2364 1630 2461 1685 per
2489 1630 2610 1684 quae
2654 1615 3019 1669 necessariam
3064 1627 3186 1667 esse
3241 1610 3328 1665 vel
3376 1609 3643 1677 adjectio-

2057 1707 2333 1771 nem,.vel
2366 1707 2747 1776 exceptionem
2803 1703 3111 1769 huiusmodi
3156 1703 3441 1757 nominum
3488 1717 3641 1756 com-

2059 1802 2371 1870 probemus.
2399 1800 2454 1853 ln
2482 1799 2670 1868 primis
2690 1797 2915 1853 Levitici
2942 1796 3186 1868 partibus
3203 1794 3371 1868 592
3394 1794 3469 1847 ad
3494 1794 3641 1848 solos

378 1893 548 1962 Igitur
579 1906 894 1963 repetentes
926 1870 989 1953 ea
1025 1914 1147 1967 quae
1180 1915 1245 1953 ex
1291 1870 1408 1969 lege
1439 1900 1765 1969 protulimus
1801 1902 1954 1955 testi-
1988 1870 2028 1924 Β
2060 1894 2203 1948 ﬁlios
2257 1891 2424 1947 Israel
2488 1891 2662 1946 l'ertur
2709 1889 3020 1961 bujusmodi
3072 1888 3158 1942 lex
3191 1906 3205 1942 :
3252 1905 3272 1938 «
3303 1885 3587 1954 Loquere.
3619 1906 3638 1936 ο

376 1986 582 2051 monia,
612 1987 970 2044 discutiamus
991 1993 1277 2051 attentius.
1330 1992 1584 2047 utrumne
1610 1993 1710 2047 soli
1737 1990 1955 2047 Iudaeo-

376 2093 495 2131 rum
537 2080 683 2148 genti
735 2081 984 2135 videatur
1039 2081 1343 2149 bnjusmodi
1398 2083 1685 2138 imminere
1734 2085 1955 2137 manda-

376 2179 512 2231 tmn,
549 2185 617 2222 an
644 2180 711 2239 iet
759 2186 953 2226 omnes
1002 2173 1096 2241 qui
1151 2189 1218 2228 ex
1275 2174 1529 2243 gentibus
1571 2174 1948 2238 crediderunt,

374 2275 530 2329 a‘qua
564 2272 714 2316 sorte
753 2264 1110 2335 constringat.
1150 2266 1467 2321 Intueamur
1496 2282 1627 2337 ergo
1659 2266 1789 2321 illud
1810 2267 1955 2338 quod

376 2355 445 2408 ad
502 2355 780 2411 Atraham
834 2356 1083 2411 defertur
1141 2362 1443 2426 oraculum,
1496 2375 1603 2429 quo
1640 2360 1827 2431 jussus
1871 2372 1956 2417 est

373 2448 810 2505 circumcisionis
848 2460 1168 2507 testamenta
1222 2468 1462 2508 scrvare.
1525 2472 1544 2506 «
1577 2454 1655 2508 Tu
1679 2496 1695 2520 ,
1733 2456 1953 2525 inquit,

377 2548 759 2593 testamentum
792 2556 971 2594 meum
995 2542 1238 2595 servabis
1258 2583 1273 2607 ,
1306 2553 1359 2598 et
1389 2558 1551 2598 omne
1579 2560 1765 2602 semen
1803 2556 1952 2600 tuum

372 2643 494 2700 post
522 2641 574 2686 te
596 2647 691 2701 per
713 2635 1093 2702 generationes
1121 2651 1272 2689 suas.
1324 2635 1389 2689 Et
1420 2637 1522 2691 hoc
1548 2646 1632 2692 est
1662 2647 1954 2694 testamen-

376 2731 488 2775 tum
536 2725 677 2791 quod
714 2725 951 2794 disposui
988 2728 1130 2781 inter
1174 2742 1293 2791 me,
1355 2737 1411 2781 et
1463 2739 1538 2793 te,
1570 2738 1627 2783 et
1677 2729 1845 2799 ipsos,
1898 2739 1955 2784 ιιι

374 2815 805 2869 circumcidatur
831 2832 992 2871 omne
1017 2819 1376 2872 masculinum
1402 2833 1613 2883 eorum,
1640 2830 1696 2873 et
1722 2820 1954 2873 circum-

373 2905 559 2958 cidant
590 2922 808 2961 carnem
836 2910 1088 2976 praeputii
1116 2910 1222 2974 sui,
1257 2919 1317 2964 ut
1344 2912 1414 2965 sit
1442 2912 1495 2965 in
1533 2913 1749 2980 signum
1786 2919 1956 2966 testa-

375 2998 545 3051 menti
578 2998 721 3053 inter
748 3015 854 3064 me,
883 3011 939 3055 et
969 3002 1144 3070 ipsos;
1175 3010 1230 3057 et
1253 3003 1431 3057 omnis
1466 3004 1739 3058 masculus
1761 3014 1953 3060 octava

373 3088 462 3142 die
494 3090 926 3145 circumcidatur
962 3092 1032 3147 “.
1064 3112 1082 3144 t
1132 3092 1282 3160 Quos
1328 3109 1459 3149 sane
1497 3092 1612 3165 (51)
1673 3095 1836 3150 etiam
1883 3109 1952 3153 ex

2059 1990 2235 2060 inquit
2266 1989 2553 2052 Dominus,
2586 1986 2754 2042 «ﬁliis
2805 1987 2997 2053 Israel,
3051 1993 3106 2040 et
3153 1985 3307 2040 dices
3366 1984 3436 2038 ad
3497 1998 3639 2038 eos:

2058 2081 2230 2136 Homo
2258 2097 2326 2136 ex
2356 2080 2512 2136 vobis
2530 2081 2575 2137 si
2599 2078 2791 2135 offerat
2811 2078 2950 2132 dona
2972 2077 3080 2131 Deo
3105 2092 3169 2131 ex
3190 2076 3487 2146 pecoribus
3519 2076 3595 2140 ⁷³,
3616 2094 3636 2126 t

2056 2183 2111 2228 et
2136 2182 2368 2241 caetera;
2396 2182 2451 2228 et
2482 2174 2678 2228 iterum
2712 2190 2726 2227 :
2769 2190 2787 2222 ι
2814 2169 2879 2225 Et
2908 2170 3120 2224 locutus
3147 2177 3235 2223 est
3264 2169 3544 2224 Dominus
3575 2168 3642 2222 ad

2056 2265 2282 2337 Moysen
2339 2267 2571 2322 dicens:
2606 2264 2856 2334 Loquere
2916 2262 3042 2316 ﬁliis
3085 2261 3250 2316 Israel
3287 2279 3301 2313 :
3338 2260 3545 2314 Anima
3597 2260 3641 2313 si

2059 2359 2371 2429 peccaverit
2401 2374 2505 2412 non
2550 2357 2831 2412 voluntate
2864 2354 2930 2416 ",
2960 2372 2980 2406 t
3021 2337 3075 2409 et
3121 2362 3345 2407 cmtera.
3399 2349 3534 2405 Haec
3592 2358 3644 2404 et

2056 2448 2365 2520 lnijusmodi
2394 2449 2518 2518 quis
2544 2449 2757 2503 dubitet
2789 2447 2935 2516 quod
2974 2447 3041 2499 ad
3088 2443 3234 2499 solos
3289 2442 3436 2497 ﬁlios
3473 2440 3638 2497 Israel

2056 2541 2422 2596 mandentur?
2453 2540 2571 2595 Alia
2604 2555 2737 2595 vero
2781 2555 2888 2593 non
2924 2538 3092 2608 ipsis,
3136 2537 3231 2591 sed
3278 2536 3468 2590 Aaron
3502 2574 3521 2600 ,
3558 2535 3641 2589 vel

2057 2632 2186 2689 ﬁliis
2212 2634 2351 2701 ejus,
2383 2641 2443 2686 ut
2474 2633 2606 2686 dicit
2645 2632 2698 2684 in
2724 2628 3187 2697 consequentibus
3219 2644 3235 2680 :
3273 2644 3293 2677 «
3321 2625 3391 2695 Et
3422 2625 3642 2680 locutus

2056 2736 2139 2781 est
2170 2724 2430 2779 Dominus
2456 2724 2522 2776 ad
2556 2721 2776 2792 Moysen
2811 2720 3001 2774 dicens
3032 2736 3048 2772 :
3084 2717 3325 2787 Praecipe
3363 2716 3556 2771 Aaron
3590 2727 3645 2771 et

2057 2817 2184 2871 ﬁliis
2207 2815 2324 2884 ejus
2353 2816 2540 2869 dicens
2566 2827 2582 2866 :
2614 2811 2741 2866 Haec
2767 2821 2850 2866 est
2873 2810 2958 2864 lex
2994 2809 3444 2864 holocaustorum
3475 2810 3527 2841 ⁷³
3554 2850 3572 2875 ,
3617 2828 3655 2858 ιι

2056 2916 2162 2963 etc.
2190 2923 2206 2972 ;
2242 2913 2298 2959 et
2330 2919 2541 2958 rursum
2579 2918 2592 2954 :
2633 2901 2907 2956 «Locutus
2928 2894 3011 2953 est
3044 2900 3305 2954 Dominus
3334 2900 3404 2953 ad
3419 2897 3640 2970 Moysen

2056 3001 2284 3055 dicens:
2322 2997 2573 3066 Loquere
2606 2996 2788 3050 Aaron
2825 3004 2882 3049 et
2914 2993 3041 3048 ﬁliis
3072 2992 3192 3062 ejus
3229 2992 3422 3048 dicens
3457 3010 3476 3047 :
3518 2991 3643 3047 [lac

2055 3101 2142 3149 est
2199 3092 2284 3147 lex
2339 3090 2548 3159 peccati
2587 3086 2684 3143 :In
2738 3086 2857 3142 loco
2904 3102 3012 3155 quo
3052 3084 3426 3156 jugulaverint
3467 3084 3631 3140 holo-

373 3178 720 3248 alienigenis,
749 3183 801 3235 id
829 3192 935 3248 est,
966 3185 1056 3252 qui
1096 3186 1319 3239 minime
1361 3200 1428 3239 ex
1472 3187 1745 3240 Abraham
1773 3189 1947 3257 stirpe
1981 3210 2023 3268 ο
2056 3196 2327 3245 caustum.
2364 3182 2436 3236 ibi
2457 3180 2787 3250 jugulabunt
2831 3194 2930 3248 pro
2968 3185 3197 3246 peccato
3240 3178 3296 3230 in
3325 3188 3635 3246 conspectu

373 3272 651 3338 dicuntur,
679 3274 998 3329 circumcidi
1025 3275 1157 3330 velit
1202 3274 1342 3346 (32),
1383 3279 1674 3333 manifeste
1710 3295 1954 3349 pronun-

373 3364 507 3419 ciat.
557 3365 649 3418 Ait
694 3382 974 3433 namque:
1013 3367 1381 3422 «Vernaculus
1416 3381 1575 3435 tuus,
1625 3382 1682 3426 et
1722 3377 1951 3440 pecunia

374 3464 590 3523 emptus
620 3456 689 3509 ab
719 3457 973 3512 omnibus
995 3458 1121 3512 ﬁliis
1147 3460 1597 3530 alienigenarum,
1629 3465 1720 3530 qui
1740 3479 1847 3518 non
1872 3475 1955 3519 est

370 3561 441 3599 ex
471 3546 681 3600 semine
714 3557 839 3608 tuo,
876 3547 1298 3605 circumcisione
1344 3550 1770 3607 circumcidatur
1816 3554 1881 3610 “.
1927 3574 1946 3605 ι

370 3636 648 3706 Nusquam
677 3636 805 3692 fecit
825 3639 1111 3708 proselyti,
1138 3641 1190 3693 id
1216 3650 1302 3695 est
1322 3642 1567 3704 advenae.
1591 3645 1948 3708 mentionem;

370 3728 466 3783 sed
501 3730 853 3785 vernaculum
884 3746 1125 3796 servum,
1145 3732 1392 3802 profecto
1415 3734 1591 3803 gentis
1620 3719 1949 3800 illius,domi

370 3831 577 3882 natum,
600 3822 683 3874 vel
709 3823 872 3877 etiam
898 3824 1074 3893 pretio
1105 3835 1409 3880 mercatum
1431 3828 1745 3883 circumcidi
1773 3826 1946 3895 jubet;

372 3930 479 3972 non
505 3916 760 3981 liberum,
794 3933 902 3973 non
941 3920 1213 3989 hospitem
1252 3921 1611 3989 constringit,
1645 3937 1750 3976 non
1782 3923 1949 3977 adve-

369 4018 518 4061 nam.
560 4006 980 4064 Perscrutetnur
1035 4027 1182 4066 nunc
1238 4013 1404 4066 etiam
1460 4011 1692 4066 Levitici
1747 4011 1945 4082 legem,

370 4103 649 4170 quomodo
662 4102 824 4156 etiam
852 4102 1017 4172 Moysi
1046 4105 1327 4172 pra'cipiat
1358 4105 1495 4158 Deus
1524 4106 1603 4157 ⁶⁶τ
1636 4103 1942 4173 «Loquere.

368 4192 582 4261 inquit,
639 4194 765 4246 ﬁliis
829 4192 1015 4258 Israel,
1073 4205 1129 4248 et
1163 4196 1311 4249 dices
1365 4197 1434 4250 ad
1484 4211 1577 4250 eos
1613 4213 1628 4250 :
1662 4196 1856 4252 Mulier
1900 4198 1944 4251 si

366 4283 672 4352 susceperit
700 4299 887 4338 semen
908 4324 925 4348 ,
955 4294 1009 4339 et
1030 4287 1304 4353 pepererit
1331 4290 1684 4342 masculum.t
1728 4288 1796 4343 Et
1824 4299 1948 4357 post

366 4374 645 4442 aliquanta
674 4392 688 4428 :
724 4373 985 4441 «Octava,
1018 4377 1215 4445 inquit,
1240 4378 1329 4432 die
1350 4378 1700 4434 circumcidet
1721 4395 1943 4435 carnem

365 4465 616 4532 prreputii
646 4465 766 4530 ejus
796 4466 861 4517 ⁸⁷.
899 4484 919 4517 t
972 4467 1187 4523 Intuere
1211 4477 1265 4524 et
1288 4470 1375 4524 hic
1398 4472 1847 4539 quemadmodum
1878 4473 1947 4528 de

2060 3276 2268 3332 Domini
2300 3275 2346 3307 ⁷⁸
2373 3290 2388 3338 ;
2413 3292 2433 3326 t
2463 3282 2517 3327 et
2542 3274 2740 3327 iterum
2792 3272 2858 3324 ad
2888 3271 3070 3324 Aaron
3099 3287 3113 3324 :
3150 3269 3410 3333 «Vinum,
3440 3269 3637 3339 inquit,

2056 3379 2111 3422 et
2140 3368 2373 3420 siceram
2402 3377 2508 3417 non
2548 3361 2746 3415 bibetis
2796 3370 2851 3413 tu
2891 3368 2948 3413 et
2991 3358 3084 3412 ﬁlii
3135 3359 3212 3411 tui
3255 3369 3475 3422 tecum,
3516 3375 3636 3413 cum

2054 3456 2381 3513 introieritis
2420 3453 2475 3507 in
2541 3450 2951 3506 tabernaculum
3007 3449 3304 3504 testimonii
3348 3451 3464 3504 ".t
3523 3450 3637 3504 Alia

2055 3559 2240 3603 autem
2273 3559 2451 3614 neque
2476 3545 2684 3610 Aaron,
2724 3557 2900 3612 neque
2924 3541 3050 3595 ﬁliis
3082 3540 3251 3596 Israel
3281 3542 3636 3607 mandantur,

2054 3645 2154 3704 sed
2176 3641 2488 3697 senioribus
2513 3637 2682 3693 Israel
2712 3639 2814 3691 hoc
2843 3636 3002 3689 tnodo
3038 3653 3052 3689 :
3087 3632 3365 3705 «Loquere
3385 3676 3403 3698 .
3435 3635 3634 3707 inquit,

2052 3739 2120 3792 ad
2142 3736 2384 3792 seniores
2398 3731 2569 3787 Israel
2601 3730 2788 3785 dicens
2815 3747 2829 3783 :
2853 3729 3100 3797 Accipite
3124 3730 3341 3783 hircum
3359 3745 3430 3784 ex
3457 3730 3637 3798 capris

2052 3845 2149 3900 pro
2170 3836 2390 3898 peccato
2414 3825 2481 3889 ",
2513 3842 2534 3878 ι
2568 3833 2676 3877 etc.
2720 3820 2973 3890 Nunquid
3017 3821 3301 3876 dubitatur
3340 3822 3494 3890 quod
3520 3826 3633 3876 hac

2050 3921 2137 3976 lex
2165 3919 2297 3975 solis
2325 3916 2635 3972 senioribus
2671 3914 2902 3969 ﬁliorum
2934 3914 3101 3970 Israel
3130 3913 3493 3983 praecipitur?
3528 3912 3631 3968 Sed

2050 4024 2107 4070 et
2152 4015 2221 4069 de
2275 4013 2490 4068 mundis
2535 4021 2593 4066 et
2645 4010 2943 4065 immundis
2988 4008 3321 4064 animalibus
3375 4009 3637 4080 specialis

2051 4106 2407 4162 nihilominus
2436 4104 2525 4158 lex
2547 4103 2678 4158 ﬁliis
2708 4101 2872 4157 Israel
2895 4100 3010 4154 dari
3033 4100 3265 4153 videtur.
3291 4098 3369 4153 Ita
3392 4112 3634 4169 namque

2049 4203 2312 4269 scriptum
2342 4207 2428 4253 est
2449 4197 2532 4253 7':
2564 4195 2660 4251 «Et
2685 4194 2900 4249 locutus
2930 4203 3011 4246 est
3038 4191 3299 4245 Dominus
3312 4193 3384 4245 ad
3409 4190 3630 4262 Moysen

2048 4306 2104 4348 et
2141 4296 2326 4349 Aaron
2370 4292 2602 4346 dicens:
2634 4285 2945 4356 Loquimini
2978 4284 3109 4339 ﬁliis
3141 4282 3346 4346 Israel,
3374 4282 3629 4337 dicentes

2048 4387 2115 4440 ad
2149 4399 2244 4438 eos
2274 4402 2288 4437 :
2316 4381 2442 4439 Haec
2467 4391 2596 4438 sunt
2621 4381 2879 4435 animalia
2912 4393 3034 4450 quae
3069 4375 3503 4442 tnanducabitis,
3526 4396 3548 4429 ι
3580 4385 3634 4429 et

2046 4478 2277 4547 reliqua.
2309 4475 2402 4530 Sic
2430 4489 2560 4542 ergo
2582 4473 2751 4526 etiam
2777 4473 2843 4527 de
2876 4468 3319 4532 circumcisione,
3342 4466 3433 4522 vel
3458 4467 3515 4522 in
3547 4467 3631 4522 his

364 4558 486 4627 lege
519 4557 953 4614 circumcisionis
989 4570 1197 4615 tantum
1245 4564 1313 4616 ad
1351 4562 1493 4617 ﬁlios
1522 4561 1687 4619 Israel
1724 4564 1941 4635 Moyses
1973 4568 2018 4624 D
2054 4583 2173 4635 qua:
2203 4566 2268 4619 ad
2304 4564 2581 4618 Abraham
2619 4576 2886 4630 responsa
2920 4568 3049 4615 sunt
3090 4557 3226 4630 (53),
3288 4557 3376 4611 vel
3426 4559 3486 4613 in
3548 4559 3631 4614 his

359 4651 512 4722 loqui
551 4651 795 4720 jubetnr,
832 4660 888 4706 et
926 4652 1358 4722 alienigenarum
1401 4655 1547 4708 nulla
1596 4655 1653 4709 ﬁt
1714 4657 1937 4712 mentio.

365 4742 423 4798 Si
453 4744 598 4797 enim
626 4744 902 4798 credimus
926 4759 1022 4813 per
1050 4744 1290 4799 divinum
1320 4744 1580 4814 Spiritum
1597 4747 1799 4816 scripta
1819 4762 1941 4804 esse

361 4851 485 4906 qua:
507 4835 815 4891 inferuntur
850 4837 902 4890 itt
931 4837 1083 4907 lege;
1109 4838 1295 4907 utique
1316 4854 1422 4891 non
1453 4838 1656 4894 frustra
1690 4850 1784 4895 aut
1810 4842 1936 4895 addi

362 4928 565 4998 aliquid
606 4930 904 5000 putandum
948 4939 1053 4990 est,
1108 4938 1200 4983 aut
1228 4928 1377 4983 sileri
1419 4940 1515 4984 :ct
1567 4931 1689 4986 ideo
1727 4947 1850 4985 cum
1884 4933 1937 4987 in

355 5021 683 5091 quibusdam
742 5021 1015 5077 mandatis
1071 5004 1272 5077 dicitur
1310 5036 1324 5074 :
1360 5041 1379 5074 «
1407 5022 1658 5091 Loquere
1689 5024 1755 5076 ad
1801 5023 1938 5079 ﬁlios

358 5110 544 5175 Israel,
568 5120 624 5165 et
642 5110 791 5166 dices
825 5113 893 5165 ad
928 5126 1023 5166 eos
1047 5112 1113 5179 ⁸⁸,
1143 5131 1163 5165 t
1200 5114 1253 5166 in
1278 5113 1603 5183 quibusdam
1625 5130 1753 5169 vero
1781 5116 1935 5170 addi-

362 5213 468 5267 tur,
497 5213 555 5258 ut
589 5219 693 5259 non
726 5205 901 5260 solum
936 5206 1060 5260 ﬁliis
1086 5206 1269 5268 Israel,
1310 5209 1401 5262 sed
1430 5219 1488 5263 et
1527 5208 1840 5279 proselytis,
1881 5209 1933 5262 id

426 5299 471 5330 “
491 5296 647 5352 Joan.
673 5314 771 5361 vn,
794 5299 884 5360 2'2.
922 5300 1014 5353 9.3.
1090 5301 1135 5332 “
1160 5300 1296 5358 Gen.
1324 5318 1456 5363 xvii.
1485 5302 1644 5368 9,12.
1721 5304 1769 5335 ⁸⁸
1804 5304 1934 5358 ibid.

360 5368 403 5401 ⁶⁹
439 5368 612 5424 Exod.
650 5384 765 5433 vm,
796 5370 882 5422 46.
956 5371 1000 5401 ⁷⁰
1040 5368 1197 5424 Num.
1252 5388 1324 5436 vt,
1369 5362 1460 5426 ‘23.
1528 5362 1579 5403 ’⁷⁸
1637 5372 1797 5427 Nunt.
1844 5389 1933 5427 xvr

360 5453 430 5497 Vt.
459 5436 513 5495 8.
545 5439 599 5493 9.
674 5438 719 5469 ⁷³
749 5439 876 5494 ibid.
904 5439 999 5498 24.
1051 5441 1144 5495 25.
1219 5442 1264 5474 ⁷⁸
1287 5442 1417 5498 Lev.
1461 5459 1516 5498 Χ.
1549 5443 1604 5498 9.
1701 5444 1743 5475 ⁷⁷
1771 5442 1898 5498 LBV.
1929 5460 1933 5497 1

2082 5412 2096 5425 .
2171 5370 2416 5424 "Levit.
2458 5366 2581 5435 1,2.
2656 5365 2702 5396 ⁷³
2751 5363 2924 5419 Levii.
2981 5377 3056 5424 tv,
3096 5362 3149 5424 1,
3198 5362 3254 5416 2.

2085 5480 2101 5495 .
2245 5441 2290 5473 ⁷³
2318 5439 2490 5493 Levit.
2534 5453 2612 5498 ιι,
2663 5439 2714 5498 1,
2752 5441 2807 5488 2.
2926 5434 2971 5467 τ’
3024 5432 3200 5488 Levit.
3241 5448 3254 5485 1

1816 5459 1898 5499 ev.
1929 5459 2008 5510 ιι,
2044 5459 2101 5497 o.

674 5438 719 5469 "
749 5439 876 5494 ibid.
904 5439 999 5505 24,
1051 5441 1144 5495 25.
1219 5442 1264 5474 ⁷⁸
1287 5442 1417 5498 Lev.
1461 5459 1516 5507 ι,
1549 5443 1604 5498 9.

431 5602 542 5669 (51)
577 5620 597 5654 «
623 5600 773 5675 Quos
798 5617 982 5658 sane»
1016 5603 1146 5660 Mss.
1191 5606 1393 5673 Regius
1435 5622 1491 5660 n.
1527 5606 1691 5669 1639',
1736 5624 1756 5656 «
1789 5605 1935 5675 quod

361 5687 558 5747 sane_;t
592 5674 773 5747 caeteri
801 5688 926 5727 vero
955 5689 1068 5728 mss
1117 5684 1172 5730 et
1193 5677 1346 5742 editi,
1377 5691 1542 5747 «quos
1559 5690 1715 5741 sane,
1737 5695 1755 5728 ι
1792 5676 1937 5745 quod

364 5741 569 5796 rectius
601 5743 837 5799 videtur.

434 5810 546 5886 (δε)
578 5829 598 5864 «
623 5811 1120 5870 Circumcidivelit.
1145 5834 1163 5868 ι
1209 5815 1285 5871 lta
1324 5815 1456 5872 editi
1483 5826 1539 5872 et
1564 5830 1694 5873 mss.
1726 5816 1932 5886 plures.

2016 4669 2019 4672 '
2049 4675 2170 4733 quze
2196 4660 2251 4713 itt
2302 4655 2547 4712 Levitico
2583 4656 2956 4719 continentur,
3007 4666 3115 4706 non
3154 4650 3295 4705 alius
3332 4651 3629 4721 quisquam

2048 4750 2494 4808 circumcisionis
2546 4748 2662 4820 lege
2715 4744 3135 4816 constringitur,
3183 4742 3289 4798 nisi
3324 4744 3401 4798 sit
3438 4745 3528 4800 vel
3567 4761 3630 4799 ex

2045 4844 2326 4899 Abraham
2350 4841 2615 4911 originem
2651 4839 2897 4902 trahens,
2922 4837 3007 4892 vel
3042 4836 3367 4890 vernaculus
3407 4851 3629 4903 eorum,

2046 4943 2142 4987 aut
2169 4932 2345 5002 pretio
2370 4940 2606 4999 emptus.
2654 4927 2744 4984 Vis
2788 4937 2971 4981 autem
3010 4925 3234 4989 videre,
3274 4926 3407 4995 quia
3454 4927 3629 4981 sicubi

2045 5023 2160 5076 vult
2184 5023 2349 5077 etiam
2391 5020 2723 5090 alienigenas
2753 5034 2859 5073 una
2886 5017 3187 5086 eademque
3208 5015 3328 5085 lege
3345 5019 3629 5080 eonnecti,

2043 5112 2420 5183 signiﬁcanter
2460 5109 2761 5165 ostendat?
2794 5106 2936 5162 Audi
2970 5107 3101 5181 quid
3128 5108 3391 5175 scriptum
3421 5108 3498 5162 sit
3532 5109 3580 5140 τ’
3612 5127 3627 5162 :

2047 5206 2145 5259 «Et
2173 5204 2387 5259 locutus
2408 5209 2513 5266 est,
2544 5200 2746 5270 inquit,
2781 5197 3044 5253 Dominus
3071 5198 3138 5252 ad
3156 5195 3380 5267 Moysen
3412 5196 3628 5255 dicens:

2038 5304 2084 5335 “
2116 5301 2244 5355 Lev.
2293 5315 2391 5362 xu,
2416 5297 2472 5351 2.
2580 5295 2630 5327 °"
2661 5293 2788 5349 ibid.
2834 5293 2890 5349 5.
2966 5293 3011 5324 ⁸⁸
3034 5290 3195 5346 Nunt.
3227 5306 3306 5357 vr,
3341 5290 3381 5344 2
3405 5304 3467 5344 et
3497 5294 3624 5348 ειη».

2043 5373 2093 5415 Β,
2171 5370 2415 5415 "Levii.
2458 5366 2581 5415 με-
2656 5365 2702 5396 ⁷³
2751 5363 2924 5415 Levit.
2981 5377 3056 5415 tv.
3096 5362 3149 5415 1.
3198 5362 3254 5415 2.
3355 5361 3404 5392 ⁷⁸
3446 5361 3624 5415 Letit.

3495 5378 3625 5417 eHi.

2245 5441 2290 5473 ⁷³
2318 5432 2494 5493 Levit.
2534 5453 2612 5500 ιι,
2663 5439 2714 5501 1,
2752 5441 2807 5488 2.
2926 5434 2971 5467 τ’
3024 5432 3200 5488 Levit.
3241 5446 3381 5497 xvn,
3452 5434 3511 5503 1,
3569 5434 3626 5498 2,

2044 5604 2271 5671 Quidam
2308 5611 2508 5667 tamen,
2540 5614 2846 5670 perperam,
2882 5618 2900 5649 «
2926 5598 3241 5671 circumcidi
3271 5599 3435 5657 velle.
3459 5619 3482 5653 ι

2115 5675 2228 5744 (55)
2266 5672 2391 5728 «Vel
2421 5673 2475 5725 in
2509 5666 2595 5726 Itis
2624 5666 2746 5741 «iure
2763 5672 2827 5744 a_d
2849 5666 3121 5744 Abraham
3136 5685 3393 5741 responsa
3411 5680 3571 5727 sunt.
3597 5691 3615 5724 ι

2044 5740 2171 5800 nec
2208 5740 2403 5800 desunt
2430 5744 2483 5797 in
2512 5740 2747 5798 editione
2768 5740 3128 5796 Gcnebrardt.
