3784 6530
100 389 190 446 905
687 428 694 436 ο
1049 389 1409 448 COMMENT.
1453 389 1521 446 IN
1561 389 1778 447 EPIST.
1820 388 1914 445 AD
1955 389 2121 448 ROM.
2159 391 2289 448 LIB.
2327 393 2393 450 II.

3250 402 3359 462 908

89 504 316 574 Loquere
346 504 418 560 ad
462 503 674 572 Aaron,
710 513 765 562 et
789 507 860 563 ad
892 507 1029 562 ﬁlios
1065 508 1187 578 ejus
1209 547 1223 571 .
1279 518 1335 562 et
1370 510 1437 564 ad
1482 522 1676 563 omnes
1705 511 1750 569 Α
1780 506 1946 563 faciat
1973 509 2150 578 jubet,
2187 511 2284 566 sed
2335 511 2380 566 si
2433 510 2574 567 forte
2621 510 2846 580 fecerit,
2878 518 3149 584 quomodo
3180 517 3359 578 facere

91 596 210 651 ﬁlios
233 596 406 652 Israel
427 641 442 663 ,
468 609 526 653 et
557 599 711 654 dices
737 601 805 652 ad
834 615 929 655 eos
962 618 978 655 :
1019 599 1193 656 Homo
1221 617 1288 656 ex
1325 602 1451 658 filiis
1485 603 1669 669 Israel,

91 689 162 742 vel
205 705 271 744 ex
320 691 560 747 advenis
609 692 700 761 qui
762 690 974 748 fuerint
1027 695 1080 749 in
1131 695 1320 760 vobis,
1361 695 1671 764 quicunque

90 781 496 837 manducaverit
530 799 748 840 omnem
783 786 1131 858 sanguinem,
1162 795 1396 841 statuam
1427 787 1667 844 animam

89 890 248 928 meam
287 890 462 945 super
494 878 740 932 animam
768 877 918 934 illam
947 894 1068 949 qua:
1095 880 1508 936 manducaverit
1540 897 1668 937 san-

87 966 312 1034 guinem,
364 976 423 1022 et
457 968 771 1038 disperdam
823 985 946 1026 eam
997 970 1066 1026 de
1118 971 1316 1040 popqu
1367 987 1488 1038 suo,
1537 975 1664 1045 quia

85 1059 249 1112 anima
277 1061 468 1116 omnis
495 1065 680 1118 carnis
715 1066 940 1136 sanguis
983 1062 1126 1118 illius
1155 1077 1240 1120 est
1271 1083 1285 1120 :
1317 1075 1367 1122 el
1401 1081 1501 1139 ego
1542 1069 1662 1124 dedi

85 1152 224 1207 vobis
247 1153 428 1219 illum,
466 1164 527 1210 ut
558 1171 626 1212 ex
660 1157 779 1225 ipso
805 1172 969 1229 supra
1004 1158 1180 1213 altare
1214 1159 1540 1230 propitietur
1566 1178 1663 1232 pro

86 1245 354 1300 animabus
390 1248 615 1312 vestris.
651 1248 778 1317 quia
813 1250 1039 1322 sanguis
1057 1267 1158 1321 pro
1190 1252 1370 1306 anima
1399 1255 1660 1324 expiabit.

84 1337 361 1409 Propterea
395 1342 513 1396 dixi
558 1342 685 1398 ﬁliis
716 1341 880 1398 Israel
907 1359 923 1397 :
951 1343 1143 1400 Omnis
1188 1346 1367 1401 anima
1408 1363 1475 1402 ex
1507 1349 1662 1406 vobis

83 1447 176 1484 non
208 1432 572 1488 manducabit
595 1434 917 1505 sanguinem
943 1477 959 1501 ,
1018 1446 1072 1490 et
1099 1437 1309 1493 advena
1348 1440 1661 1512 quicunque

83 1522 226 1578 fuerit
255 1523 308 1578 in
347 1525 512 1580 vobis
543 1541 650 1580 non
676 1527 1385 1600 manducabitsanguinem.
1424 1551 1445 1586 ι
1496 1531 1660 1590 Vides

81 1630 196 1686 ergo
242 1617 390 1672 hanc
436 1620 508 1674 de
554 1622 940 1678 observatione
972 1625 1255 1696 sanguinis
1294 1625 1500 1698 legem,
1540 1643 1662 1699 quae

81 1711 438 1766 communiter
465 1721 520 1767 et
557 1713 686 1768 ﬁliis
730 1712 934 1778 Israel,
986 1723 1042 1770 et
1101 1717 1328 1772 advenis
1370 1720 1492 1772 data
1551 1727 1656 1784 est,

81 1801 341 1857 observari
365 1803 541 1858 etiam
573 1821 602 1858 a
634 1806 795 1861 nobis
826 1806 916 1876 qui
951 1822 1020 1862 ex
1070 1809 1321 1878 gentibus
1348 1823 1445 1878 per
1471 1808 1654 1865 Iesum

81 1890 350 1948 ChriStum
401 1895 688 1950 credimus
743 1896 874 1951 Deo.
923 1895 1031 1952 Nos
1073 1899 1216 1952 enim
1267 1899 1570 1970 proselytos
1603 1910 1658 1955 et

82 1984 305 2040 advenas
325 1984 624 2054 Scriptura
646 1987 933 2043 nominare
959 1990 1262 2056 consuevit,
1291 2007 1413 2047 cum
1435 1993 1566 2047 dicit
1585 1993 1653 2047 “z

83 2077 320 2131 «Advena
366 2078 463 2147 qui
488 2088 575 2134 est
603 2078 716 2149 (54)
747 2078 800 2132 in
837 2088 923 2146 te,
977 2084 1238 2138 ascendet
1261 2098 1425 2153 super
1453 2093 1504 2139 te
1533 2100 1658 2140 sur-

80 2183 222 2235 sum;
267 2179 324 2224 tu
367 2179 563 2225 autem
600 2171 902 2228 descendes
959 2173 1236 2229 deorsum.
1271 2174 1389 2245 Ipse
1423 2177 1530 2232 erit
1559 2177 1654 2232 tibi

77 2272 262 2330 caput;
297 2270 354 2315 tu
396 2270 586 2316 autem
619 2264 730 2318 eris
750 2263 871 2331 ejus
897 2265 1094 2320 cauda.
1119 2284 1138 2318 ο
1177 2264 1300 2322 Ideo
1325 2281 1454 2336 ergo
1485 2268 1653 2337 legem

79 2352 136 2406 de
179 2354 578 2411 observatione
616 2358 902 2428 sanguinis
957 2373 1302 2415 communem
1351 2375 1472 2415 cum
1533 2361 1656 2418 ﬁliis

79 2443 224 2498 Israel
251 2445 428 2500 etiam
457 2447 704 2516 gentium
737 2451 982 2518 suscepit
1019 2450 1279 2506 Ecclesia.
1331 2451 1456 2506 Haac
1497 2468 1653 2506 nam-

76 2550 166 2604 que
186 2537 257 2591 ita
283 2537 402 2609 (35)
435 2539 754 2609 intelligens
786 2541 838 2595 in
872 2541 991 2611 lege
1022 2541 1244 2612 scripta,
1280 2551 1404 2598 tunc
1433 2543 1652 2598 beatum

76 2626 189 2682 illud
219 2629 608 2699 apostolorum
661 2632 954 2686 concilium
999 2633 1367 2698 decernebat,
1403 2636 1652 2705 dogmata

76 2729 123 2774 et
146 2725 361 2776 decreta
382 2724 648 2792 gentibus
686 2725 963 2790 scribens,
993 2737 1053 2780 ut
1083 2729 1424 2784 abstinerent
1455 2744 1515 2785 se
1543 2745 1649 2786 non

75 2811 228 2865 solum
285 2813 358 2868 ab
397 2814 486 2868 his
537 2828 661 2885 qua!
722 2816 880 2872 idolis
917 2818 1288 2885 immolantur,
1341 2831 1398 2876 et
1448 2835 1476 2874 a
1535 2820 1651 2876 Ior-

78 2902 363 2968 nicatione,
396 2907 497 2960 sed
535 2924 566 2960 a
612 2910 879 2978 sanguine
916 2921 974 2965 et
1001 2925 1031 2964 a
1061 2908 1322 2968 suﬂ‘ocato
1351 2913 1417 2968 ⁸⁸.
1449 2914 1648 2971 Verum

73 2992 288 3052 fortasse
326 2999 586 3068 requires
615 3039 631 3063 ,
681 3000 726 3055 si
774 3011 833 3054 ut
883 3003 950 3056 de
987 3005 1269 3074 sanguinis
1300 3006 1648 3064 observantia

71 3085 271 3153 claruit,
338 3089 417 3142 ita
491 3091 660 3144 etiam
719 3092 784 3146 de
835 3091 1101 3148 suﬁ'ocato
1133 3097 1416 3161 doceatur,
1466 3108 1646 3154 utrum

69 3182 368 3237 communis
409 3183 541 3238 ﬁliis
584 3183 750 3240 Israel
802 3201 925 3242 cum
978 3187 1204 3245 advenis
1239 3190 1366 3246 data
1416 3192 1487 3246 sit
1533 3193 1644 3260 lex,

71 3271 178 3338 quia
224 3275 400 3327 etiam
442 3275 513 3330 de
548 3275 650 3331 hoc
687 3277 980 3333 observare
1027 3289 1219 3350 gentes
1274 3283 1644 3353 apostolorum

71 3372 254 3417 statuta
287 3365 624 3422 decernunt.
676 3367 816 3423 Audi
869 3384 1031 3440 quam
1078 3373 1441 3439 observanter
1479 3378 1646 3432 etiam

67 3467 211 3524 super
238 3458 346 3514 hoc
392 3459 448 3513 in
505 3459 600 3515 Dei
655 3459 864 3531 legibus
897 3473 1117 3518 cautum
1151 3465 1224 3520 sit
1263 3465 1308 3498 ⁸⁸
1343 3484 1357 3521 :
1401 3485 1420 3520 ι
1447 3467 1645 3534 IIomo,

67 3545 232 3617 homo,
277 3552 490 3621 inquit,
520 3569 586 3608 ex
621 3553 746 3610 ﬁliis
788 3554 956 3611 Israel
983 3597 1000 3621 ,
1046 3567 1102 3612 et
1157 3573 1226 3613 ex
1282 3560 1509 3616 advenis
1551 3562 1643 3631 qui

63 3653 173 3697 sunt
203 3645 256 3699 iu
284 3646 472 3712 vobis,
523 3662 833 3718 quicunque
861 3661 1092 3705 venatus
1132 3651 1296 3708 luerit
1332 3653 1526 3720 feram,
1553 3665 1640 3708 aut

65 3747 224 3800 avem,
255 3750 388 3805 quae
418 3736 842 3805 manducantur,
867 3739 1109 3796 effundat
1133 3742 1451 3811 sanguinem
1496 3745 1640 3812 ejus,

63 3835 110 3877 et
138 3829 425 3896 cooperiat
458 3837 604 3882 terra
625 3869 640 3895 ,
678 3831 807 3898 quia
851 3831 1034 3886 anima
1079 3833 1258 3888 omnis
1292 3835 1476 3890 carnis
1508 3850 1637 3890 san-

62 3917 166 3984 guis
213 3921 395 3990 ipsius
457 3929 612 3976 est.»
682 3921 817 3977 Vide
870 3937 1002 3994 ergo
1063 3939 1229 3995 quam
1285 3925 1642 3982 observanter

62 4005 329 4072 legislator
379 4011 432 4064 in
476 4025 588 4079 quo
626 4014 945 4066 mandatum
996 4028 1283 4070 commune
1338 4017 1451 4070 vult
1497 4032 1637 4081 esse,

59 4097 328 4170 conjungit
361 4102 599 4156 advenas
627 4103 751 4157 ﬁliis
777 4103 981 4158 Israel:
1011 4104 1065 4157 in
1094 4120 1200 4174 quo
1224 4122 1351 4162 vero
1382 4109 1639 4177 specialia

58 4190 141 4244 dat
175 4203 457 4262 praecepta
486 4233 503 4258 ,
565 4210 593 4248 a
645 4195 848 4265 quibus
878 4211 941 4250 ea
971 4197 1102 4250 velit
1137 4198 1416 4254 observari
1443 4200 1637 4255 distin-

58 4285 180 4351 guit.
232 4284 446 4339 Verum
481 4287 742 4353 quoniam
792 4288 936 4342 inter
990 4288 1078 4342 illa
1113 4305 1236 4358 quae
1282 4291 1348 4346 de
1395 4290 1638 4346 Levitico

55 4379 296 4445 superius
325 4378 682 4448 protulimus,
704 4379 870 4432 etiam
893 4381 995 4434 hoc
1016 4381 1278 4450 scriptum
1301 4383 1536 4438 refertur
1554 4383 1634 4438 "z

59 4485 78 4518 ι
105 4468 296 4534 lIomo,
325 4471 496 4524 homo
529 4484 597 4524 ex
631 4468 758 4523 filiis
799 4469 998 4534 Israel,
1043 4470 1126 4524 vel
1171 4485 1240 4525 ex
1279 4473 1508 4528 advenis
1540 4473 1631 4543 qui

1774 599 1970 655 debeat
1999 601 2179 658 docet.
2210 601 2432 658 Certum
2465 613 2547 659 est
2575 605 2743 671 enim,
2775 619 2877 661 nec
2898 605 3133 664 dubitari
3158 619 3355 679 potest,

1770 693 1914 761 quod
1949 691 2076 746 dum
2108 691 2462 766 Jerosolymis
2486 697 2753 766 templum
2781 707 3082 763 constaret.
3123 711 3180 755 et
3229 703 3356 758 reli-

1769 782 1860 853 gio
1939 785 2189 854 patribus
2254 787 2454 842 tradita
2544 788 2752 860 vigeret
2787 829 2804 854 ,
2887 791 3108 862 plurimi
3187 796 3354 850 etiam

1768 873 2014 942 gentium
2056 875 2350 931 veniebant
2409 877 2660 943 adorare,
2697 887 2756 933 et
2804 877 3004 936 offerre
3054 883 3351 939 sacriﬁcia.

1769 964 1875 1019 Sed
1955 969 2057 1021 hoc
2129 968 2392 1038 quoniam
2467 969 2522 1023 in
2589 969 2708 1026 loco
2789 985 2900 1026 uno
2974 977 3352 1030 tantummodo

1767 1055 1883 1112 ﬁeri
1929 1070 2258 1130 praeceptum
2291 1071 2397 1129 est,
2453 1062 2520 1118 de
2565 1078 2676 1133 quo
2699 1065 2868 1120 etiam
2892 1066 2984 1122 hic
3038 1070 3263 1124 mandat
3293 1078 3353 1124 ut

1763 1149 1834 1205 ad
1883 1151 2086 1206 ostium
2137 1153 2471 1210 tabernaculi
2523 1155 2826 1226 jugulanda
2882 1159 3102 1216 victima
3175 1163 3345 1218 dedu-

1763 1250 1921 1294 catur
1957 1241 2095 1313 (57),
2128 1244 2338 1298 tamdiu
2387 1247 2565 1315 potuit
2606 1246 2850 1318 legitime
2904 1251 3054 1315 ﬁeri,
3102 1255 3345 1322 quandiu

1762 1341 1936 1387 status
1981 1334 2082 1389 loci
2117 1339 2416 1404 permansit
2456 1339 2762 1396 incolumis.
2813 1339 3057 1412 Denique
3107 1353 3166 1399 et
3220 1345 3344 1400 Sal-

1763 1435 1920 1479 vator
1948 1425 2112 1499 593
2142 1429 2208 1484 ad
2249 1429 2372 1485 illos
2405 1431 2592 1486 decem
2643 1431 2893 1502 leprosos
2929 1450 3064 1505 quos
3104 1439 3337 1492 munda-

1769 1527 1960 1571 verat:
1995 1518 2139 1586 «Ite,
2183 1519 2392 1590 inquit,
2444 1528 2502 1574 et
2553 1522 2828 1579 ostendite
2871 1537 2972 1581 Vos
3025 1529 3340 1586 sacerdoti:

1760 1619 1817 1665 et
1842 1610 2038 1666 offerte
2075 1626 2172 1683 pro
2212 1613 2368 1668 vobis
2414 1614 2643 1682 hostias,
2686 1617 2836 1672 sicut
2879 1623 3138 1690 praecepit
3188 1622 3340 1695 Moy-

1762 1717 1850 1757 ses
1867 1701 1948 1768 ⁸⁸ς
1977 1721 1997 1756 ι
2036 1719 2101 1758 ex
2142 1705 2342 1774 quibus
2371 1721 2495 1762 cum
2540 1722 2678 1763 unus
2719 1722 3006 1779 regressus
3044 1711 3235 1768 fuisset
3269 1715 3341 1768 ad

1764 1791 2107 1849 Salvatorem
2141 1795 2350 1865 gratias
2399 1811 2590 1867 agens,
2640 1800 2717 1854 ait
2758 1799 3061 1859 Dominus:
3101 1821 3120 1855 ‹
3150 1803 3342 1862 Nonne

1692 1868 1735 1922 Β
1765 1883 1951 1938 decem
1983 1887 2197 1957 purgati
2239 1887 2406 1942 sunt?
2437 1887 2540 1944 Ubi
2587 1900 2714 1945 sunt
2745 1892 2821 1946 illi
2856 1895 3089 1950 novem?
3115 1894 3228 1952 Non
3256 1908 3342 1953 est

1761 1976 2014 2032 iuventus
2051 1978 2143 2048 qui
2189 1979 2421 2045 rediret,
2473 1991 2530 2036 et
2588 1983 2795 2050 gratias
2846 1994 3034 2055 ageret
3065 1985 3194 2050 Deo,
3237 1989 3340 2044 nisi

1759 2067 1850 2123 hic
1877 2068 2178 2138 alienigena
2198 2070 2268 2124 ⁸⁸.
2299 2090 2318 2124 ι
2358 2071 2434 2126 Ita
2460 2088 2592 2144 ergo
2619 2086 2912 2133 constante
2951 2078 3136 2149 templi
3165 2088 3333 2148 statu,

1757 2161 1928 2216 etiam
1970 2161 2296 2233 alienigenis
2348 2164 2612 2221 oll‘erendi
2651 2169 2919 2224 sacriﬁcia
2969 2171 3142 2228 moris
3180 2172 3332 2232 fuit:

1759 2268 1907 2308 nunc
1947 2268 2077 2309 vero
2113 2255 2242 2324 quid
2269 2258 2583 2326 exposcitur
2615 2259 2685 2313 ab
2726 2261 2972 2328 advcuis,
3000 2264 3143 2333 quod
3172 2267 3334 2322 exhi-

1756 2343 1886 2399 bere
1915 2359 1985 2399 ne
2022 2345 2257 2416 propriis
2291 2347 2509 2416 quidem
2538 2349 2840 2407 cultoribus
2879 2353 3048 2409 licet?
3073 2354 3202 2412 Haec
3232 2373 3334 2413 au-

1759 2444 1866 2490 tem
1915 2437 2100 2492 omnia
2148 2439 2294 2494 dicta
2339 2449 2468 2496 sunt
2513 2457 2542 2495 a
2594 2443 2774 2510 nobis,
2817 2453 2878 2500 ut
2920 2449 3338 2508 ostenderemus

1755 2537 1959 2594 quanta
2009 2527 2082 2584 sit
2131 2531 2184 2584 in
2213 2529 2338 2600 lege
2363 2531 2642 2588 distinctio
2672 2537 3079 2604 mandatorum,
3107 2551 3164 2594 et
3192 2555 3336 2610 prae-

1754 2617 1913 2686 cipue
1953 2629 2013 2674 nt
2059 2619 2130 2676 de
2179 2621 2620 2680 circumcisionis
2679 2637 2952 2698 praecepto
2981 2630 3331 2700 docerenms,

1753 2709 1897 2777 quod
1939 2725 2049 2767 non
2087 2713 2208 2768 aliis
2250 2729 2417 2785 quam
2466 2715 2554 2772 his
2597 2719 2690 2788 qui
2729 2734 2798 2774 ex
2836 2721 3114 2778 Abraham
3151 2741 3326 2797 genus

1751 2801 1979 2868 ducunt,
2022 2805 2446 2876 vernaculisque
2507 2821 2719 2874 eorum,
2759 2811 2844 2866 vel
2903 2814 3078 2884 pretio
3127 2819 3330 2886 emptis

1749 2905 1894 2951 esset
1921 2895 2224 2965 injunctum
2261 2917 2274 2954 :
2305 2899 2508 2956 liberos
2533 2915 2662 2957 vero
2687 2917 2811 2960 esse
2835 2905 2904 2961 ab
2939 2907 3324 2977 hujuscemodi

1749 2986 1957 3055 legibus
1985 3003 2101 3058 eos,
2126 2990 2217 3060 qui
2249 3006 2347 3061 per
2370 2991 2647 3049 Christum
2682 2995 2793 3052 Deo
2829 3013 2895 3054 ex
2924 3002 3177 3070 gentibus
3203 3018 3327 3060 cre-

1749 3083 1902 3136 dunt.
1951 3081 2082 3148 Quae
2135 3092 2316 3138 tamen
2372 3085 2580 3142 idcirco
2640 3089 2860 3144 interim
2917 3093 3123 3163 absque
3156 3095 3324 3152 ullius

1749 3173 2022 3244 allegoria:
2056 3175 2361 3242 adiectione
2403 3177 2788 3247 discussimus,
2817 3197 2884 3237 ne
2905 3199 3035 3254 qua,
3073 3198 3131 3242 ut
3163 3189 3326 3258 solet,

1672 3241 1720 3304 ε
1753 3268 1837 3323 his
1868 3269 1961 3338 qui
2003 3281 2132 3325 sunt
2173 3285 2242 3325 ex
2275 3271 2716 3340 circumcisione,
2747 3277 3094 3349 obstrependi
3130 3287 3328 3338 adver-

1750 3375 1870 3414 sum
1915 3360 2204 3416 veritatem
2247 3363 2514 3419 resideret
2558 3367 2798 3423 occasio.
2836 3366 2942 3423 Sed
2975 3371 3152 3427 adhuc
3190 3375 3330 3429 vali-

1749 3451 1875 3506 dum
1917 3452 2207 3508 adversum
2237 3470 2338 3511 nos
2366 3455 2546 3511 levare
2579 3466 2840 3527 poterunt
2881 3462 3067 3530 telum,
3113 3468 3321 3522 conﬁr-

1751 3555 1960 3601 mantes
1997 3548 2162 3602 etiam
2212 3550 2516 3622 proselytos
2556 3567 2653 3622 per
2686 3553 2860 3624 legem
2907 3557 3316 3616 circumcisioui

1746 3639 2010 3695 obnoxios
2043 3641 2180 3706 ﬁeri,
2216 3659 2282 3698 ex
2330 3645 2415 3700 his
2459 3661 2582 3715 qua:
2617 3647 2668 3702 in
2715 3648 2902 3705 Exodo
2945 3653 3148 3722 scripta
3188 3665 3320 3709 sunt

1749 3730 1852 3784 hoc
1888 3731 2047 3788 modo
2075 3752 2088 3787 :
2125 3751 2144 3784 ι
2166 3732 2221 3788 Si
2254 3749 2385 3790 vero
2417 3735 2546 3805 quis
2579 3740 2878 3794 accesserit
2908 3742 2973 3795 ad
3004 3757 3098 3799 vos
3133 3759 3324 3813 prose-

1749 3821 1922 3892 lytus,
1965 3833 2021 3879 et
2063 3822 2256 3880 fecerit
2299 3825 2504 3882 Pascha
2561 3827 2812 3895 Domino,
2865 3833 3226 3892 circumcides
3269 3837 3322 3893 ei

1745 3928 1906 3968 omne
1949 3915 2334 3982 masculinum,
2365 3925 2420 3972 et
2455 3926 2582 3971 tunc
2612 3920 2840 3976 accedet
2880 3920 3062 3978 facere
3089 3925 3240 3993 illud,
3266 3937 3324 3982 et

1745 4005 1856 4060 erit
1890 4005 2036 4061 sicut
2079 4006 2358 4075 indigena.
2386 4007 2577 4063 Omnis
2606 4010 3024 4069 incircumcisus
3055 4031 3158 4070 non
3195 4019 3322 4073 edet

1742 4114 1812 4154 ex
1841 4115 1928 4154 eo.
1960 4097 2068 4154 Lex
2105 4114 2206 4154 una
2242 4099 2346 4156 erit
2386 4101 2650 4172 indigenae
2691 4112 2746 4156 et
2791 4103 3011 4159 advenae
3037 4107 3127 4176 qui
3157 4111 3320 4163 adve-

1744 4191 1885 4244 nerit
1935 4191 2004 4244 ad
2051 4205 2146 4245 vos
2168 4190 2236 4245 ⁸⁸.
2267 4209 2287 4242 ι
2325 4193 2455 4258 Quae
2507 4195 2759 4263 quamvis
2809 4206 3000 4266 arguta
3069 4199 3320 4254 videatur

1741 4281 1998 4349 obiectio,
2033 4293 2211 4338 tamen
2246 4285 2562 4340 admiranda
2594 4285 2925 4356 legislatoris
2952 4290 3158 4362 ubique
3186 4306 3318 4348 can-

1743 4379 1848 4431 tela
1897 4377 2189 4432 succurrit.
2240 4377 2536 4435 Considera
2581 4383 2728 4436 enim
2781 4385 2923 4453 quod
2973 4395 3028 4438 et
3071 4386 3158 4443 hic
3211 4403 3315 4442 non

1744 4467 1898 4528 dixit,
1944 4467 2070 4535 quia
2118 4469 2326 4522 advena
2375 4470 2466 4538 qui
2507 4472 2718 4525 venerit
2764 4473 2830 4527 ad
2868 4488 2984 4538 vos,
3019 4476 3184 4531 faciat
3217 4477 3319 4530 Pa-

54 4574 169 4614 sum
215 4563 272 4615 in
320 4562 408 4617 eis
433 4601 452 4626 ,
502 4561 816 4630 quicunque
867 4562 1063 4616 fecerit,
1113 4561 1488 4619 holocaustum
1539 4573 1633 4618 aut
1663 4580 1710 4640 υ
1741 4559 1872 4612 scha
1903 4557 2156 4622 Domino,
2187 4568 2242 4614 et
2267 4560 2694 4616 circumcidatur
2728 4580 2743 4629 ;
2772 4565 2865 4619 sed
2893 4565 3318 4622 observantissi-

53 4653 380 4708 sacriﬁcium
413 4691 431 4719 ,
479 4662 538 4706 et
569 4653 636 4706 ad
680 4653 882 4707 ostium
945 4654 1281 4709 tabernaculi
1334 4656 1632 4710 testimonii

52 4759 146 4798 non
181 4745 487 4799 adduxerit
521 4744 706 4800 facere
741 4745 870 4799 illud
896 4745 1145 4809 Domino,
1171 4747 1633 4801 exterminabitur

52 4836 200 4892 homo
232 4839 325 4892 ille
347 4839 414 4891 de
433 4838 632 4907 populo
657 4853 758 4893 suo
785 4855 800 4891 :
830 4857 848 4889 ι
873 4848 927 4892 et
953 4854 1050 4907 per
1083 4839 1186 4892 hoc
1218 4839 1435 4893 videtur
1458 4841 1620 4893 etiam

50 4930 265 4986 advena
327 4942 385 4986 et
439 4930 508 4984 de
561 4929 851 4984 sacriﬁciis
902 4928 1136 4998 injungi,
1186 4937 1240 4984 ct
1275 4929 1518 4984 Ecclesia
1557 4947 1622 4986 ex

48 5025 295 5089 gentibus
321 5021 623 5078 afferendis
653 5019 985 5076 holocaustis
1031 5021 1146 5091 (56)
1183 5021 1420 5075 obnoxia
1461 5021 1575 5076 fieri
1607 5040 1621 5076 :

45 5119 197 5171 etiam
265 5120 386 5173 haec
443 5113 760 5184 diligentius
811 5115 998 5177 verba,
1052 5125 1107 5168 et
1156 5113 1400 5183 syllabas,
1457 5123 1517 5168 ut
1552 5116 1624 5170 ita

44 5208 233 5275 dicam,
258 5206 624 5263 observandae
654 5215 784 5260 sunt
808 5203 960 5274 legis.
989 5205 1078 5258 Ait
1105 5205 1272 5267 enim,
1303 5205 1347 5258 si
1381 5221 1399 5256 ι
1429 5204 1626 5261 fecerit

42 5296 417 5354 holocaustum
458 5297 543 5351 vel
596 5298 998 5361 sacriﬁcinm,s
1061 5308 1120 5352 ut
1176 5297 1434 5352 adhibeat
1488 5298 1618 5354 illud

44 5409 60 5438 ι
93 5394 154 5442 ad
198 5394 410 5446 ostium
460 5392 795 5446 tabernaculi
851 5390 1210 5446 testimonii.»
1260 5388 1372 5444 Lex
1412 5406 1515 5445 non
1561 5401 1618 5445 ut

119 5484 166 5517 ⁸⁸
198 5485 365 5540 Deut.
406 5499 606 5544 xxvnl,
639 5484 727 5548 43,
750 5485 842 5540 44.
909 5484 954 5516 ⁸¹
988 5483 1107 5538 Act.
1139 5499 1229 5546 xv,
1252 5482 1344 5538 20.
1419 5484 1466 5516 ⁸⁸
1501 5483 1573 5539 Le

1760 5497 1840 5548 m,
1884 5480 1968 5543 15,
2022 5477 2108 5530 14.
2186 5476 2233 5507 ⁸³
2266 5475 2396 5530 ibid.
2428 5475 2481 5543 8,
2513 5476 2567 5530 9.

39 5552 158 5608 Luc.
188 5571 334 5616 xvtt,
364 5555 564 5620 17,18.
640 5555 686 5585 ⁸⁸
711 5555 882 5608 Exod.
919 5571 1014 5620 xu,
1051 5553 1142 5617 48,
1174 5553 1266 5608 49.

244 5650 356 5730 Qui
395 5660 496 5730 ςδι.
533 5649 700 5730 Editi,
737 5650 1031 5730 siquidem.
1063 5667 1099 5730 ξ.
1228 5718 1240 5730 .

97 5719 209 5791 (55)
247 5722 364 5798 fta.
397 5721 454 5773 In
485 5721 724 5798 editione
758 5720 1099 5798 Genebrardi
1135 5719 1427 5798 omittitur.
1490 5785 1521 5798 η

97 5776 209 5857 (5ϋῇ
246 5791 620 5843 llolocaustis.
658 5789 814 5844 Deest
844 5790 896 5842 in
921 5790 1159 5843 editimte
1185 5785 1544 5842 Gettebrardi.

98 5862 211 5934 (57)
239 5861 577 5916 Deducatur.
617 5860 671 5913 In
706 5859 944 5912 editione
975 5859 1337 5928 Genebrardi,
1382 5876 1400 5910 t
1422 5857 1607 5913 decla-

353 5956 633 6016 PATBOL.
664 5952 782 6013 Gtt.
811 5953 980 6014 XIV.

1739 4665 1822 4702 ma
1870 4650 2243 4705 moderatione
2293 4651 2542 4706 decernit
2595 4653 2823 4709 dicens:
2857 4657 2954 4712 «Si
3015 4660 3314 4714 accesserit

1736 4742 1802 4794 ad
1834 4757 1952 4806 vos,
1987 4751 2043 4796 et
2075 4740 2266 4797 fecerit
2313 4741 2546 4800 Pascha.
2579 4763 2598 4796 ι
2635 4743 2748 4802 Nec
2781 4749 3014 4804 dubitari
3059 4752 3200 4806 enim
3242 4753 3309 4807 de

1735 4835 1835 4888 hoc
1860 4844 2060 4903 potest,
2085 4837 2228 4905 quod
2257 4836 2303 4891 si
2342 4839 2466 4906 quis
2488 4853 2610 4893 cum
2653 4838 2858 4894 Judaris
2885 4839 3168 4896 Iudaicum
3201 4841 3309 4896 Pa-

1729 4931 1860 4980 scha
1911 4925 2121 4993 fecerit,
2154 4937 2208 4982 et
2251 4929 2576 4984 circumcidi
2621 4929 2817 4984 debeat
2848 4947 2863 4985 :
2892 4946 3058 4984 unum
3092 4933 3193 4988 hoc
3224 4935 3307 4986 in-

1730 5019 1910 5080 terim,
1938 5033 2045 5088 quo
2096 5021 2454 5075 retundantur
2478 5021 2933 5087 contradicentes,
2968 5022 3303 5094 legislatoris

1731 5111 1943 5165 cautela
1995 5110 2296 5181 prospexit.
2339 5111 2434 5166 Est
2464 5120 2520 5165 et
2556 5112 2684 5166 illud
2731 5122 2991 5182 praeterea
3037 5116 3106 5170 ad
3151 5118 3297 5185 quod

1731 5202 1929 5256 mutire
1983 5217 2088 5257 non
2146 5211 2423 5272 poterunt.
2465 5201 2670 5257 Pascha
2725 5206 2871 5274 quod
2901 5204 2987 5267 lex
3020 5208 3134 5263 ﬁeri
3165 5223 3304 5277 prae-

1727 5293 1878 5362 cipit,
1918 5292 1972 5346 iu
2015 5292 2133 5346 loco
2185 5292 2277 5346 illo
2310 5293 2424 5347 ﬁeri
2458 5292 2614 5360 jubet
2638 5308 2800 5359 quem
2849 5293 3013 5365 elegit
3039 5295 3299 5350 Dominus

1729 5387 1888 5444 Deus,
1918 5385 1970 5438 id
1999 5393 2083 5438 est
2135 5381 2490 5453 Jcrosolymis
2522 5383 2658 5455 (58).
2699 5383 2755 5437 In
2787 5384 2879 5437 illo
2915 5388 3120 5440 etenim
3162 5377 3321 5441 tem-‘

2652 5476 2701 5516 ⁸⁸
2724 5476 2914 5534 Matth.
2954 5495 3074 5546 vm,
3128 5479 3182 5536 4.
3255 5478 3298 5510 "

1729 5654 1900 5700 ratur.
1931 5659 1949 5691 ο
1987 5639 2146 5694 male.

1799 5711 1911 5782 (38)
1944 5710 2104 5775 Editi,
2128 5729 2167 5782 γ(
2199 5708 2402 5782 Pascha
2426 5711 2570 5778 quod
2603 5710 2683 5765 lex
2713 5709 2826 5764 ﬁeri
2859 5710 3102 5781 praecipit
3129 5710 3180 5763 in
3207 5711 3297 5782 illo

1728 5779 1852 5836 loco
1892 5779 2051 5848 quem
2092 5781 2253 5847 elegit
2292 5779 2554 5836 Dominus
2581 5783 2744 5849 Deus,
2791 5779 2982 5845 id'est,
3023 5781 3298 5848 Jerosoly-

1717 5854 1846 5920 tuis,
1872 5851 2258 5908 celebrandum
2291 5859 2396 5907 est.
2432 5867 2452 5901 ι

2899 5945 2978 6004 29
