3754 6550
359 389 461 451 9οἹ

1764 422 1767 431 λ
1810 370 2133 431 ORIGENIS

3517 368 3637 422 Μ

360 505 459 587 ρΙο
493 508 705 558 tantum
735 497 921 567 oﬁ‘erri
950 495 1241 555 sacriﬁcia
1279 494 1672 552 decernuntur.
1701 490 1949 563 Bccupe-
1978 494 2024 550 Α
2057 507 2075 541 ι
2107 486 2200 560 qui
2233 484 2445 558 seipsos
2463 492 2845 542 castraveruut
2876 493 3098 556 propter
3129 499 3356 555 regnum
3386 485 3574 547 Dei“,-
3610 506 3631 535 ι

366 582 493 649 rent
521 608 656 664 ergo
686 591 842 662 prius
871 598 1070 644 statum
1105 586 1310 657 templi,
1348 598 1405 642 et
1434 595 1562 639 tunc
1596 583 1663 639 de
1714 582 1948 638 circum-

365 685 575 740 cisinne
616 680 951 737 contendant
980 698 994 734 :
1029 678 1073 734 si
1105 692 1234 733 vero
1274 677 1344 730 ibi
1394 673 1699 731 secundum
1725 682 1948 728 senten-

366 775 495 829 tiam
522 771 824 827 Salvatoris
840 770 883 801 ⁸⁷
915 784 1019 823 non
1046 767 1307 825 remansit
1334 765 1469 836 lapis
1497 778 1664 835 super
1689 762 1949 832 lapidem,

367 867 460 939 qui
512 880 619 923 non
650 865 724 921 sit
779 863 1104 928 destructus,
1141 859 1410 929 superﬂua
1445 854 1556 930 (59)
1593 865 1679 911 est
1724 855 1791 910 de
1841 854 1950 909 cir—

369 956 710 1015 cumcisione
739 954 1004 1009 causatio.
1036 953 1092 1007 lu
1126 963 1334 1007 tantum
1383 958 1565 1004 autem
1596 946 1948 1003 circumcisio

369 1049 725 1107 vernaculum
778 1047 969 1118 ipsius,
995 1056 1051 1102 et
1091 1045 1293 1103 nullius
1322 1043 1551 1099 alterius
1586 1041 1785 1112 gentis,
1818 1040 1952 1096 insi-

368 1156 477 1213 gue
511 1150 617 1204 est,
653 1151 711 1197 ut
735 1155 1009 1210 nusquam
1037 1138 1175 1194 alius
1202 1137 1324 1206 quis
1346 1136 1400 1191 in
1426 1136 1672 1192 historiis
1700 1146 1949 1190 veterum

374 1249 475 1304 pro
525 1234 631 1289 hac
692 1233 969 1288 referatur
1024 1240 1333 1301 correptus,
1391 1228 1494 1284 nisi
1553 1228 1696 1283 ﬁlius
1751 1225 1948 1299 Moysi,

376 1326 533 1397 cujus
566 1333 740 1381 mater
776 1323 1018 1392 Sepbura
1048 1322 1158 1378 vim
1190 1321 1366 1392 angeli
1409 1318 1798 1379 comminantis
1831 1317 1950 1373 exi—

380 1420 515 1475 tium
547 1417 645 1475 ﬁlii
676 1417 1092 1473 circumcisione
1126 1413 1547 1484 compescuit“.
1585 1412 1661 1467 Ex
1710 1411 1796 1466 his
1819 1425 1953 1480 ergo

373 1511 628 1567 omnibus
678 1508 985 1564 ostenditur
1025 1506 1191 1561 Israel
1239 1505 1346 1572 ille,
1380 1505 1469 1574 qui
1500 1503 1803 1573 secundum
1833 1516 1954 1556 car-

376 1620 499 1663 nem
527 1613 611 1679 est
637 1602 775 1674 (40),
807 1600 956 1657 solus
984 1598 1389 1654 circumcisioni
1422 1597 1608 1665 carnis
1636 1595 1905 1657 obnoxius
1936 1612 1950 1648 :

378 1696 515 1751 liber
547 1705 726 1748 autem
766 1702 823 1745 et
870 1691 1084 1758 alienus
1138 1688 1207 1742 ab
1252 1703 1314 1743 ea
1363 1687 1597 1757 populus
1648 1684 1987 1755 proselytus.

377 1789 468 1857 qui
494 1786 713 1843 advenit
744 1786 811 1839 ad
844 1800 985 1848 eam,
1019 1782 1110 1853 qui
1145 1780 1411 1845 ascendit,
1438 1790 1490 1833 et
1513 1781 1690 1835 factus
1709 1789 1795 1835 est
1832 1794 1955 1833 sur-

377 1896 534 1943 sum;
589 1878 681 1934 ilte
741 1885 923 1931 autem
970 1873 1275 1937 descendit,
1340 1881 1395 1925 et
1432 1873 1611 1927 factus
1654 1880 1738 1925 est
1790 1870 1954 1925 deor-

376 1988 496 2028 sum
512 1971 558 2037 δ’
587 1989 601 2029 :
629 1978 685 2025 et
710 1982 808 2040 per
833 1965 1268 2022 misericordiam
1298 1963 1497 2020 Christi
1534 1962 1711 2017 lactus
1734 1970 1820 2017 est
1852 1961 1956 2018 iste

379 2063 608 2134 populus
642 2063 697 2118 in
730 2061 930 2131 capite,
969 2069 1024 2115 et
1049 2057 1137 2112 ille
1164 2057 1215 2112 in
1246 2055 1441 2112 cauda.
1474 2053 1624 2109 Facti
1658 2067 1782 2110 sunt
1809 2053 1954 2108 enim

384 2156 709 2214 «novissimi
749 2154 933 2225 primi,
990 2161 1044 2207 et
1095 2149 1254 2222 primi
1309 2146 1661 2205 novissimi"
1699 2156 1838 2202 :ret
1886 2146 1958 2201 ob

381 2248 712 2319 hocjudicat
735 2246 786 2301 id
821 2244 966 2317 quod
987 2259 1052 2298 ex
1085 2251 1279 2297 natura
1312 2249 1395 2295 est
1433 2239 1754 2309 praeputium
1785 2237 1956 2307 legem

380 2339 690 2412 pcrﬁcieus.
731 2336 852 2392 illos
881 2335 973 2405 qui
1003 2349 1099 2405 per
1133 2333 1372 2387 litteram
1402 2339 1456 2386 et
1487 2328 1957 2384 circulucisionem

382 2430 832 2502 praevaricatores
872 2435 999 2481 sunt
1044 2423 1202 2493 legis.
1235 2419 1353 2476 Non
1384 2418 1530 2474 enim
1555 2418 1805 2491 puriﬁcat
1837 2419 1959 2474 ani-

384 2539 529 2579 mam
563 2523 682 2578 haec
714 2534 836 2591 quae
869 2518 922 2573 iu
956 2514 1245 2571 manifesto
1276 2513 1336 2568 ﬁt
1359 2513 1413 2566 iu
1455 2525 1622 2567 carne
1666 2512 1959 2567 circumci-

383 2617 501 2682 sio;
535 2612 631 2669 sed
660 2612 752 2667 illa
783 2625 902 2681 quae
932 2609 986 2664 in
1013 2606 1232 2667 occulto
1262 2614 1346 2661 est
1374 2604 1730 2660 circumcisio
1753 2603 1959 2669 cordis,

384 2710 500 2779 ipsa
556 2705 812 2779 puriﬁcat
862 2713 1122 2765 mentem,
1162 2714 1217 2755 et
1276 2699 1530 2753 vitiorum
1581 2697 1822 2754 maculas
1872 2698 1963 2753 ab-

384 2800 586 2856 scindit
607 2799 675 2853 ".
706 2796 981 2852 Hactenus
1022 2790 1176 2847 nobis
1210 2790 1278 2845 de
1301 2790 1725 2845 circumcisione
1752 2789 1962 2844 carnali

389 2910 487 2965 pro
532 2891 745 2946 viribus
797 2888 1005 2942 dictum
1061 2882 1154 2939 sit.
1185 2883 1300 2953 Age
1335 2880 1450 2950 jam
1485 2879 1783 2935 secundum
1836 2893 1962 2934 eum

385 2988 475 3054 qui
526 2983 684 3057 dixit,
722 2980 899 3057 rquia
948 2978 1032 3033 lex
1081 2974 1351 3049 spiritalis
1385 2973 1531 3029 est"
1561 2991 1575 3028 :
1619 2992 1638 3026 1
1667 2982 1737 3033 et.
1772 2974 1865 3043 qui
1896 2972 1965 3028 de

387 3078 474 3133 his
500 3054 623 3146 quae
652 3054 965 3130 referuntur
994 3069 1048 3123 in
1079 3069 1221 3141 lege,
1252 3069 1388 3123 dicit
1416 3067 1561 3137 quod
1607 3082 1704 3137 per
1756 3067 1962 3136 allego-

2050 587 2107 634 et
2158 594 2391 649 quorum
2436 579 2491 633 in
2540 577 2709 633 terris
2744 577 3144 633 ambulantium
3195 595 3214 629 ι
3246 580 3302 632 tu
3350 577 3508 632 caelis
3543 586 3638 630 est

2050 670 2396 725 conversatio
2419 668 2489 735 ⁸⁷,
2513 686 2533 720 1
2561 667 2763 737 quique
2810 656 3156 737 prospiciunt
3194 682 3303 722 non
3355 679 3423 720 ea
3476 679 3639 733 «quae

2050 760 2325 826 videntur,
2349 759 2442 815 sed
2499 773 2620 827 quae
2668 771 2776 812 non
2812 757 3084 820 videntur,
3119 774 3141 808 ι
3177 764 3234 811 et
3271 755 3457 811 sciunt
3508 755 3641 824 quia

2059 870 2078 902 ι
2109 867 2228 922 quae
2270 852 2553 917 videntur,
2587 848 2905 920 temporalia
2939 858 3096 914 sunt;
3133 863 3255 918 qua:
3303 857 3492 901 autem
3523 862 3637 901 non

2053 942 2332 1008 videntur,
2364 953 2570 999 aeterna
2599 951 2727 997 sunt
2747 941 2815 996 ’⁸.
2841 960 2861 994 1
2902 939 3128 1009 Verum,
3157 951 3216 996 ut
3243 940 3502 1011 superius
3523 954 3639 994 me-

2056 1035 2412 1100 moravimus,
2433 1035 2637 1088 dictqu
2675 1044 2761 1088 est
2790 1033 2935 1088 etab
2965 1031 3086 1088 aliis
3117 1030 3261 1101 quod
3289 1029 3640 1086 circumcisio

2053 1125 2313 1195 spiritalis
2341 1125 2411 1179 sit
2447 1139 2662 1181 onmem
2708 1121 3044 1180 immundam
3075 1120 3187 1193 (42)
3220 1119 3638 1192 cogitationem,

2056 1230 2219 1290 atque
2251 1219 2494 1289 impuros
2531 1233 2727 1274 sensus
2780 1215 3103 1272 abscindere
3140 1230 3171 1270 a
3202 1214 3375 1270 corde
3415 1222 3475 1267 et
3507 1212 3641 1280 ει)λί-

2055 1326 2197 1368 cere.
2260 1310 2367 1367 Sed
2419 1310 2731 1366 occurritur
2764 1306 3140 1376 hujuscemodi
3198 1303 3539 1361 editionibus
3569 1318 3643 1357 ex

2056 1402 2141 1457 his
2163 1417 2287 1472 qua:
2316 1404 2452 1472 apud
2478 1399 2645 1474 494
2675 1398 3006 1454 Ezechielem
3048 1397 3253 1465 scripta
3301 1396 3639 1458 rel’eruritur,

2057 1498 2147 1551 ubi
2181 1496 2313 1551 dicit
2351 1496 2652 1550 Dominus:
2684 1511 2701 1544 ι
2733 1490 2922 1548 Omnis
2954 1492 3094 1544 ﬁlius
3125 1490 3441 1559 alienigena
3476 1488 3644 1542 incir-

2056 1591 2334 1645 cumcisus
2376 1590 2565 1651 corde,
2627 1595 2684 1640 et
2722 1584 3137 1640 incircumcisus
3184 1597 3379 1647 carne,
3413 1596 3524 1636 non
3558 1581 3641 1635 in-

2060 1681 2248 1736 troibit
2278 1680 2332 1734 in
2366 1688 2551 1734 sancta
2592 1691 2711 1733 mea
2747 1677 2799 1732 in
2840 1676 3095 1731 omnibus
3139 1675 3265 1730 ﬁliis
3301 1672 3645 1744 alienigena-

2060 1787 2181 1827 rum
2216 1770 2307 1841 qui
2339 1780 2467 1826 suut
2495 1771 2549 1825 in
2581 1770 2756 1824 medio
2787 1769 2979 1824 domus
3010 1767 3260 1822 Israel”.
3285 1784 3305 1817 ι
3342 1765 3644 1821 Evidentcr

2060 1865 2261 1922 etenim
2312 1863 2449 1917 duas
2499 1862 2946 1917 circumcisioues
2985 1862 3086 1916 hoc
3132 1860 3184 1914 in
3236 1858 3359 1914 loco
3409 1858 3649 1913 ostendit

2063 1972 2249 2014 sermo
2289 1956 2635 2026 propheticus
2673 1955 2904 2011 dicens:
2942 1973 2961 2008 ι
2989 1953 3415 2009 lucircurncisns
3458 1952 3646 2013 corde.

2060 2060 2114 2105 et
2138 2049 2553 2105 incircumcisus
2590 2063 2780 2105 carne.
2804 2067 2823 2101 ι
2862 2046 3017 2103 Unde
3063 2048 3311 2118 cogimur
3341 2044 3647 2100 secundum

2060 2141 2382 2212 allegoricas
2425 2141 2576 2210 leges
2624 2141 2911 2209 utriusque
2954 2138 3391 2194 circumeisionis
3439 2136 3651 2191 formas

2061 2248 2127 2289 ac
2178 2232 2393 2303 species
2448 2232 2753 2303 assignare,
2799 2231 3053 2299 quamvis
3103 2230 3208 2285 hoc
3261 2228 3443 2299 possit
3493 2226 3651 2283 nobis

2061 2326 2223 2381 etiam
2271 2324 2325 2379 in
2381 2323 2488 2379 illis
2530 2338 2669 2394 quas
2711 2338 2875 2391 supra
2934 2323 3288 2391 exposuimus
3335 2319 3653 2376 rationibus

2061 2415 2246 2486 objici.
2288 2410 2395 2469 Sed
2433 2413 2649 2467 interim
2707 2428 2853 2467 nunc
2903 2426 3299 2481 persequamur
3356 2426 3487 2480 qua:
3538 2410 3651 2480 (45)

2061 2508 2233 2580 possit
2281 2506 2508 2560 duarum
2559 2505 3037 2561 circumcisiouuut
3095 2503 3399 2559 secundum
3449 2504 3655 2574 allego-

2064 2603 2200 2657 riam
2234 2601 2402 2670 ﬁgura
2444 2599 2691 2655 servari:
2727 2608 2783 2654 et
2831 2599 3110 2653 videamus
3156 2612 3223 2653 ne
3263 2597 3407 2652 forte
3454 2597 3654 2653 referri

2063 2701 2229 2765 queat
2267 2696 2334 2749 ad
2376 2695 2480 2748 duo
2528 2693 2804 2765 generalia
2855 2704 3097 2762 peccata,
3130 2692 3183 2747 in
3218 2691 3427 2761 quibus
3482 2692 3655 2746 incir-

2064 2787 2339 2842 cumcisos
2390 2801 2516 2843 esse
2565 2802 2673 2842 non
2725 2786 2968 2855 expedit,
3005 2784 3058 2840 id
3105 2794 3212 2849 est,
3244 2785 3298 2838 iu
3332 2783 3469 2849 ﬁde,
3507 2792 3569 2838 et
3600 2784 3655 2837 in

2065 2881 2323 2950 operibus
2350 2895 2365 2931 :
2397 2888 2456 2934 ut
2481 2877 2552 2939 sit
2585 2877 3000 2934 incircumcisus
3023 2877 3187 2932 corde
3213 2875 3312 2945 qui
3346 2890 3459 2930 non
3494 2874 3661 2929 habct

2066 2972 2226 3028 ﬁdem
2258 2970 2396 3045 (44),
2446 2980 2502 3027 et
2551 2970 2969 3027 incircumcisus
3013 2983 3182 3025 carne
3203 2968 3298 3047 qui
3332 2982 3513 3036 opera
3552 2982 3658 3021 non

2066 3066 2253 3122 habet.
2308 3065 2554 3121 Alterum
2609 3078 2845 3132 namque
2890 3062 3010 3118 sine
3058 3062 3232 3117 altero
3296 3063 3655 3132 reprobatur.

387 3171 524 3226 riam
577 3167 722 3224 dicta
770 3161 948 3218 sint”
977 3181 990 3218 :
1015 3162 1146 3232 quid
1197 3160 1362 3214 etiam
1418 3157 1723 3229 allegoricis
1757 3156 1966 3227 legibus
1991 3178 2036 3238 α
2070 3161 2196 3227 quia
2230 3168 2285 3214 et
2314 3158 2447 3214 ﬁdes
2492 3157 2613 3214 sine
2640 3156 2898 3226 operibus
2942 3164 3157 3211 mortua
3191 3154 3401 3209 dicitur
3424 3155 3465 3221 ι,
3514 3162 3573 3209 et
3596 3168 3659 3207 ex

385 3262 455 3317 de
485 3274 547 3316 ea
579 3256 923 3314 sentiendum
953 3253 1025 3309 sit
1053 3252 1355 3310 videamus.
1400 3248 1526 3305 Scio
1574 3249 1869 3305 multorum
1898 3250 1965 3303 de

387 3351 494 3405 hoc
528 3346 658 3404 ferri
693 3346 837 3401 dicta
866 3343 954 3399 vel
993 3344 1228 3411 scripta;
1256 3342 1351 3397 sed
1396 3351 1451 3397 et
1494 3357 1595 3396 nos
1628 3356 1750 3412 quae
1782 3341 1968 3397 Domi-

388 3456 492 3497 nus
517 3439 750 3505 dederit,
777 3438 843 3492 ad
872 3451 937 3491 ea
966 3450 1087 3506 quae
1114 3435 1183 3488 ab
1206 3434 1329 3488 aliis
1352 3426 1637 3491 commode
1667 3435 1966 3503 composita

386 3533 648 3589 videntur
688 3528 972 3584 addemus.
1017 3526 1446 3593 Circumcidere,
1486 3534 1576 3580 est
1619 3541 1688 3582 ex
1740 3526 1966 3597 genitali

389 3623 661 3691 membro,
713 3636 811 3693 per
860 3619 1005 3692 quod
1059 3619 1340 3675 successio
1382 3618 1603 3677 humani
1649 3619 1865 3688 generis
1912 3628 1969 3674 et

390 3716 629 3774 carnalis
684 3726 926 3784 propago
971 3711 1343 3777 ministratur,
1396 3719 1680 3779 amputare
1726 3710 1968 3781 aliquam

390 3817 623 3881 partem.
663 3805 769 3862 Per
821 3805 928 3861 hoc
981 3817 1113 3873 ergo
1165 3803 1397 3859 indicari
1455 3802 1756 3872 ﬁguraliter
1820 3819 1965 3871 reor,

390 3899 778 3973 amputandam
816 3911 939 3954 esse
972 3896 1039 3952 ah
1076 3897 1283 3971 anima,
1316 3896 1361 3952 si
1395 3911 1501 3966 qua
1539 3897 1617 3952 illi
1652 3912 1717 3952 ex
1744 3911 1970 3954 consor-

397 3994 471 4049 tio
503 3991 688 4046 carnis
720 3986 951 4042 adhaesit
985 3987 1291 4057 imperitas,
1323 3986 1371 4042 si
1408 3987 1534 4057 quis
1577 4002 1695 4043 eam
1726 3987 1971 4045 libidinis

393 4080 716 4137 malesuada:
749 4093 945 4135 sensus
977 4076 1202 4132 obtexit.
1249 4077 1458 4133 Idcirco
1501 4078 1669 4147 igitur
1709 4094 1816 4134 non
1848 4079 1973 4136 aliis

393 4175 499 4230 ista
535 4170 777 4228 desectio
828 4168 964 4240 (Η),
992 4168 1085 4222 sed
1118 4166 1447 4238 genitalibus
1492 4168 1754 4225 membris
1786 4170 1969 4241 inﬁgi-

395 4278 505 4330 tur,
543 4274 601 4319 ut
647 4262 849 4318 clareat
894 4259 1037 4329 quod
1074 4259 1387 4326 huiusmodi
1442 4260 1572 4314 vitia
1612 4261 1809 4317 anima:
1862 4279 1968 4318 non

393 4374 463 4413 ex
492 4357 712 4427 propria
750 4351 1082 4416 substantia,
1107 4350 1202 4405 sed
1232 4366 1299 4406 ex
1339 4352 1576 4422 genuino
1604 4362 1752 4409 motu
1789 4364 1845 4410 et
1896 4357 1973 4410 in-

398 4451 615 4507 centivo
662 4447 845 4502 carnis
882 4444 1195 4499 adveniunt.
1247 4444 1401 4510 Quod
1452 4454 1634 4501 autem
1663 4455 1855 4500 octava
1881 4448 1979 4511 die,

2067 3251 2323 3323 operibus
2343 3251 2461 3305 sine
2481 3249 2585 3304 ﬁde
2606 3264 2764 3305 nemo
2784 3249 2938 3320 apud.
2954 3248 3121 3304 Deum
3134 3247 3483 3317 justiticatur
3503 3248 3547 3300 ⁸.
3574 3247 3661 3302 Sic

2066 3358 2221 3416 ergo,
2254 3353 2314 3400 ut
2345 3359 2446 3414 ego
2475 3343 2737 3407 arbitror,
2787 3343 2990 3398 dictum
3036 3341 3423 3412 propheticum
3462 3356 3663 3397 conre-

2068 3438 2283 3492 nienter
2314 3437 2591 3508 aptabitur
2618 3436 2857 3492 ﬁdelium
2910 3434 3130 3506 populo,
3168 3433 3377 3504 quibus
3407 3434 3616 3490 dicitur
3643 3449 3658 3485 :

2073 3545 2095 3580 ι
2124 3527 2314 3585 Omnis
2358 3530 2665 3600 alienigena
2694 3530 2787 3600 qui
2838 3537 2924 3583 est
2965 3528 3020 3583 in
3066 3525 3223 3582 vobis
3260 3528 3316 3581 in
3348 3527 3545 3583 medio
3567 3527 3663 3581 do-

2070 3636 2194 3677 mus
2223 3622 2391 3677 lsrael
2440 3622 2868 3678 incircumcisus
2901 3620 3087 3685 corde,
3132 3630 3189 3677 et
3227 3621 3664 3677 incircumcisus

2071 3726 2238 3768 carne
2262 3753 2279 3778 ,
2319 3728 2427 3769 non
2484 3714 2740 3773 introibit
2779 3715 2835 3769 in
2884 3726 3074 3770 sancta
3126 3728 3246 3769 mea
3269 3713 3317 3772 ³.
3344 3732 3368 3766 ι
3424 3713 3547 3768 Hoc
3584 3724 3667 3767 est

2073 3804 2332 3860 nimirum
2361 3806 2505 3876 quod
2532 3816 2587 3862 et
2608 3806 2869 3865 Dominus
2903 3808 2958 3863 in
2992 3806 3291 3877 Evangelia
3318 3808 3463 3864 dicit
3484 3824 3535 3862 ει
3562 3808 3663 3875 Qui

2071 3901 2247 3956 credit
2285 3900 2339 3956 in
2373 3915 2482 3968 me,
2513 3902 2769 3956 mandata
2798 3916 2915 3957 mea
2943 3901 3251 3968 custodit‘;
3276 3920 3296 3954 1
3324 3909 3382 3957 et
3419 3902 3660 3956 iterum:

2079 4010 2096 4043 ι
2123 3990 2224 4057 Qui
2258 3993 2414 4047 audit
2461 3994 2628 4049 verba
2664 4008 2785 4048 mea
2816 3993 2953 4062 haec,
2983 4004 3040 4049 et
3064 3993 3198 4050 facit
3239 4009 3307 4050 ea
3332 3996 3388 4060 ⁸;
3425 4014 3447 4046 ι
3480 4004 3545 4050 et
3571 3995 3668 4049 ite-

2073 4100 2193 4139 rum
2227 4103 2242 4139 :
2277 4101 2298 4136 t
2328 4083 2469 4152 Quid
2497 4093 2681 4143 autem
2718 4085 2901 4141 dicitis
2925 4085 3058 4141 mihi
3080 4103 3093 4139 :
3118 4085 3369 4151 Domine,
3407 4086 3663 4151 Bonane,

2071 4185 2255 4230 etnon
2289 4177 2468 4231 tacitis
2494 4192 2616 4246 qua:
2645 4178 2766 4233 dico
2783 4179 2803 4209 ⁸
2822 4178 2847 4233 ἳ
2866 4197 2887 4231 1
2919 4177 3082 4236 Vides
3099 4194 3230 4251 ergo
3262 4178 3475 4251 ubique
3500 4180 3665 4234 ﬁdem

2073 4282 2196 4321 cum
2252 4267 2507 4336 operibus
2546 4269 2725 4339 jungi,
2764 4278 2822 4324 et
2868 4285 3032 4339 opera
3090 4271 3289 4327 sociari
3346 4286 3477 4326 cum
3532 4270 3662 4327 ﬁde.

2073 4358 2267 4414 Cordis
2302 4361 2485 4424 itaque
2508 4370 2594 4417 est
2622 4362 2970 4418 circumcisio
2998 4361 3136 4433 (45),
3169 4362 3308 4417 nihil
3338 4363 3662 4427 sordidum,

2077 4450 2213 4505 nihil
2250 4450 2531 4520 indignum
2560 4453 2766 4508 sentire
2802 4454 2870 4509 de
2900 4454 3026 4510 ﬁde.
3060 4454 3258 4510 Carnis
3294 4456 3664 4512 circumcisio

395 4538 744 4598 circumcisio
775 4538 1023 4604 datur”,
1047 4537 1179 4591 illud
1223 4535 1496 4606 designari
1531 4536 1790 4604 arbitror,
1824 4540 1970 4607 quod
2004 4530 2048 4586 Ι)
2076 4554 2184 4611 est,
2210 4544 2344 4598 nihil
2377 4545 2734 4614 immundum,
2763 4547 2895 4602 nihil
2928 4549 3367 4605 contaminatum
3399 4550 3457 4603 in
3490 4564 3667 4620 opere

395 4629 648 4703 pra-senti
691 4628 908 4697 quidem
956 4626 1154 4682 saeculo
1189 4626 1491 4696 septimana
1541 4628 1794 4698 deputata
1839 4640 1963 4685 est:

394 4736 620 4777 octavus
659 4729 839 4774 autem
869 4719 987 4774 dies
1016 4717 1183 4773 futuri
1224 4717 1407 4772 saeculi
1437 4720 1755 4790 mysterium
1800 4730 1966 4776 tenet.

398 4817 617 4870 Illorum
648 4827 779 4882 ergo
808 4818 893 4867 est
926 4808 1274 4864 circumcisio
1312 4809 1597 4878 spiritalis,
1647 4814 1741 4881 qui
1788 4812 1972 4871 futuro

393 4907 593 4963 SiBt'uiO
639 4905 895 4969 militant,
931 4902 981 4957 in
1013 4915 1120 4971 quo
1147 4919 1165 4952 ι
1188 4916 1363 4971 neque
1395 4902 1621 4971 nubent,
1651 4920 1827 4975 neque
1872 4924 1969 4960 uu-

397 5000 620 5063 bentur,
654 4999 748 5052 sed
784 5003 948 5050 erunt
991 4994 1126 5048 sicut
1178 4993 1353 5063 angeli
1403 4992 1494 5048 Dei
1510 4995 1598 5059 ’5;
1639 5015 1657 5047 ι
1692 5009 1745 5050 et
1777 5014 1966 5054 eorum

2076 4638 2355 4707 gestisque
2392 4641 2755 4695 committere.
2799 4641 2904 4707 Qui
2957 4644 3102 4699 enim
3147 4642 3200 4696 in
3243 4642 3429 4698 altero
3460 4643 3664 4698 borum

2076 4730 2494 4786 incircumcisus
2540 4730 2706 4786 fuerit
2728 4742 2786 4787 et
2814 4734 3150 4796 immundus,
3188 4734 3279 4789 Dei
3309 4735 3550 4790 vocibus
3576 4737 3667 4789 in-

2077 4822 2230 4890 gredi
2274 4822 2597 4891 prohibetur
2647 4824 2702 4876 in
2743 4834 2958 4881 sancta.
3000 4826 3310 4896 ingreditur
3357 4836 3550 4884 tamen
3610 4841 3667 4883 et

2081 4913 2384 4984 alienigena
2444 4915 2497 4968 iu
2548 4927 2764 4983 sancta,
2807 4932 2916 4987 quo
2953 4933 3059 4973 non
3100 4919 3302 4975 licebat
3326 4920 3547 4990 ingredi
3580 4938 3670 4974 se-

2083 5006 2320 5061 cundum
2362 5006 2535 5077 legem
2596 5008 2796 5064 littera:
2849 5010 2958 5063 nisi
3007 5010 3140 5065 solis
3197 5012 3594 5067 sacerdotibus
3619 5013 3665 5066 '.

466 5132 512 5209 ξ’(
542 5132 731 5187 Matth.
763 5146 915 5209 ιςξιν,
1081 5131 1128 5209 ξε
1156 5131 1338 5209 Εςοιιζ
1360 5147 1436 5209 1v.
1463 5131 1666 5209 2}}5.
1744 5136 1789 5168 ⁸³
1822 5136 1955 5209 Deut

2159 5157 2195 5204 1,
2228 5140 2318 5201 45,
2346 5143 2435 5198 Η.
2509 5145 2554 5178 ⁹⁰
2589 5145 2780 5201 Matth.
2808 5160 2900 5209 xx,
2934 5145 3020 5200 16.
3093 5145 3137 5177 ⁹¹
3168 5144 3328 5199 Rom.
3368 5161 3433 5207 t1.
3461 5146 3533 5199 ‘27
3556 5148 3667 5201 ~29.

398 5204 444 5279 ξ’
478 5204 632 5279 tingit.
654 5217 750 5266 VII.
776 5202 884 5279 ΗΛ..
938 5200 1177 5279 “ﬂight;
1211 5217 1283 5263 ιν,
1311 5204 1522 5279 24.Λ⁹⁵
1551 5204 1683 5279 (ξι-ιι.
1718 5222 1852 5279 xvtt,
1886 5208 1956 5261 12

2155 5200 2193 5263 ι.
2227 5228 2323 5272 xu.
2351 5215 2404 5267 5.
2480 5217 2527 5247 ³⁵
2554 5200 2907 5279 Mattlnuu',
2935 5216 3026 5271 50.
3103 5217 3153 5248 ’⁵
3185 5216 3373 5269 Matth.
3416 5200 3536 5279 an,
3576 5200 3668 5272 i2.

399 5273 670 5345 f'_t’hil1p.
705 5271 911 5345 111,30.
955 5272 1097 5345 _’?_ll
1138 5273 1265 5327 Cor.
1300 5289 1372 5333 ιν,
1405 5270 1491 5329 18.
1567 5278 1610 5307 ⁹⁹
1638 5276 1832 5331 Ezech.
1860 5293 1963 5331 xw

399 5342 426 5376 δ
450 5342 605 5399 Joau.
642 5357 754 5410 xw,
786 5342 875 5398 23.
952 5343 973 5374 ⁵
1004 5342 1193 5397 Matth.
1229 5359 1325 5408 v11,
1353 5345 1445 5400 9.4.
1548 5346 1569 5376 ⁸
1595 5345 1725 5400 Luc.
1756 5361 1829 5412 vr,
1865 5348 1953 5401 46.

473 5458 591 5529 ('59)
620 5457 1032 5529 _Genebrardus.
1068 5476 1087 5509 ι
1110 5459 1404 5529 superﬂue.
1437 5478 1455 5510 ι
1497 5459 1654 5516 male.

476 5526 588 5598 (40)
620 5526 698 5583 lta
731 5542 860 5582 mss.
898 5530 1086 5583 nostri.
1118 5526 1257 5583 Εᾱίιὶ
1293 5546 1444 5595 vero,
1482 5549 1500 5581 ι
1523 5531 1820 5584 secundum
1856 5546 1969 5586 car-

402 5616 546 5656 nem.
579 5599 748 5663 solus,
778 5618 798 5651 1
833 5609 942 5653 etc.

475 5671 588 5740 (41)
624 5667 1024 5740 Genebrardus,
1055 5688 1073 5721 ι
1097 5670 1347 5735 defectio,
1374 5690 1392 5723 1
1431 5671 1591 5726 male.

476 5738 586 5807 (42)
618 5738 1026 5804 Geuehrardus,
1062 5741 1516 5796 «immunditiam.
1544 5761 1563 5794 ι

476 5811 587 5876 (45)
619 5809 723 5866 Sed
739 5811 956 5866 interim
988 5828 1125 5866 nunc
1161 5828 1535 5879 persequamur
1567 5829 1703 5877 qua,
1734 5825 1842 5871 etc.
1875 5814 1967 5873 Sic

2167 5282 2185 5311 ί
2218 5282 2340 5339 Jac.
2375 5300 2432 5345 ιι.
2468 5287 2555 5340 17.
2631 5290 2652 5319 ⁸
2676 5286 2853 5345 Galat.
2889 5302 2950 5352 11,
2983 5286 3070 5342 l6.
3145 5286 3166 5318 ³
3196 5287 3397 5343 Ezech.
3425 5303 3580 5352 xuv,
3612 5294 3669 5343 9.

2054 5352 2072 5381 ⁷
2105 5350 2263 5409 Num.
2290 5370 2443 5421 va,
2481 5356 2533 5409 7.

2077 5479 2214 5603 anlss.
2267 5466 2405 5590 Ed‘iti
2463 5484 2614 5537 vero,
2672 5469 2827 5524 «Sed
2882 5470 3098 5524 interim
3153 5470 3440 5526 videamus
3507 5487 3659 5525 nime

2120 5551 2133 5585 ι
2154 5551 2219 5598 ιιι,
2250 5555 2269 5587 ι
2303 5553 2332 5591 e
2359 5554 2411 5591 c.

2120 5551 2219 5598 ttae,
2250 5555 2269 5587 ι
2303 5551 2411 5591 etc.

2151 5606 2266 5675 (44)
2298 5607 2475 5673 Editi,
2513 5628 2529 5660 ι
2552 5621 2608 5665 ιιι
2640 5610 2712 5664 sit
2740 5609 3099 5665 circumcisus
3130 5613 3301 5665 corde
3348 5613 3441 5678 qui
3498 5612 3667 5666 halat

2077 5675 2260 5741 ﬁdem,
2285 5696 2302 5727 ι
2339 5680 2499 5735 male.

2148 5745 2263 5815 (45)
2304 5746 2494 5802 Comi:
2545 5751 2720 5814 itaque
2755 5759 2832 5805 est
2876 5751 3229 5805 circumcisio.
3265 5748 3340 5803 lta
3384 5768 3521 5804 mss.
3562 5771 3671 5810 no-

2078 5820 2197 5873 stri.
2230 5818 2383 5905 Editii
2399 5835 2525 5875 vero
2546 5861 2561 5890 ,
2603 5839 2621 5873 ι
2642 5822 2834 5875 Curdis
2858 5822 2959 5875 ista
2989 5821 3351 5876 circumcisio.
3376 5840 3393 5871 ι
