3784 6524
113 377 192 435 909
1011 368 1370 428 COMMENT.
1411 370 1478 426 ΙΝ
1516 368 1740 426 EPIST.
1783 369 1874 424 AD
1915 369 2083 425 ROM.
2126 368 2253 424 LIB.
2296 369 2361 426 Ιῐ.

3213 377 3318 436 910

126 496 261 549 Datur
276 499 397 543 vero
419 498 568 541 nunc
595 492 650 539 et
670 481 988 552 alienigenis
1015 494 1076 538 ut
1100 484 1476 555 ingrediantur
1501 484 1640 556 (46),
1671 486 1718 545 Α
1747 483 2190 548 circumcisione.
2223 502 2346 540 cum
2377 485 2445 542 ab
2475 484 2554 544 eis
2587 486 2790 544 veteris
2823 487 3061 545 hominis
3088 477 3341 556 consuc-E

116 595 160 640 ut
187 583 282 638 sint
323 577 444 634 ﬁdei
501 586 560 632 et
594 585 811 631 actuum
858 575 1276 632 circumcisione
1313 578 1550 647 purgati.
1580 577 1639 634 Si

112 680 211 751 quis
239 685 406 731 autem
435 690 536 730 nos
572 676 640 730 ad
677 671 986 745 superiores
1023 672 1352 740 quaestiones
1382 685 1643 728 revocare

113 771 381 831 contendat,
419 774 474 822 et
502 767 699 822 iterum
759 764 916 820 nobis
957 763 1186 835 replicet
1211 763 1315 820 hoc
1345 764 1488 834 quod
1514 764 1644 821 scri-

110 872 232 933 ptum
258 868 332 915 est
358 859 424 912 de
445 857 782 927 alienigena,
809 857 954 928 quod
986 857 1055 912 ab
1087 871 1154 913 eo
1181 856 1397 913 volente
1429 856 1640 926 ingredi

113 955 154 1008 in
197 959 382 1014 sancta,
433 965 543 1004 non
593 948 768 1005 solum
817 949 1002 1005 cordis
1053 948 1428 1014 circumcisio,
1459 949 1557 1004 sed
1587 958 1644 1005 et

111 1044 258 1100 carnis
283 1041 520 1111 exigitur
549 1059 564 1095 :
588 1039 718 1096 huic
745 1039 822 1094 ita
835 1025 1071 1096 'moleste
1100 1040 1414 1112 persistenti
1450 1039 1644 1096 obver-

114 1138 246 1191 timus
270 1141 322 1188 et
349 1148 452 1189 nos
511 1132 648 1189 illud
682 1135 847 1204 quod
878 1131 1147 1189 Jeremias
1181 1133 1442 1204 propheta
1471 1131 1640 1187 dicit:

115 1229 261 1284 «Ecce
283 1227 675 1283 ineircumcisa:
697 1236 825 1283 sunt
847 1241 1006 1281 aures
1033 1245 1052 1278 ι
1087 1235 1282 1282 vestrae
1303 1227 1346 1282 ⁸.
1381 1224 1644 1282 Ostendat

113 1323 236 1377 nobis
261 1322 354 1376 iste
395 1321 638 1377 carnalis
682 1319 1117 1376 circumcisiouis
1152 1329 1378 1376 exactor
1428 1322 1641 1374 aurium

109 1412 540 1469 circumcisionem
577 1411 889 1468 sensibilem
935 1420 992 1466 et
1045 1411 1413 1482 corporalem,
1446 1412 1490 1466 si
1543 1426 1644 1480 po-

113 1514 229 1558 test:
274 1503 364 1558 sed
417 1512 631 1559 certum
676 1513 761 1557 est
801 1503 942 1572 quod
988 1503 1136 1558 nullo
1177 1510 1336 1572 pacto
1376 1503 1430 1557 id
1463 1502 1644 1558 facere

111 1606 257 1668 queat.
303 1595 630 1652 Revertetur
669 1611 800 1665 ergo
845 1595 914 1650 ad
963 1595 1256 1666 allegorias
1317 1596 1644 1652 necessitate

111 1687 407 1755 compulsus,
440 1696 500 1742 et
533 1686 678 1741 dicet
707 1685 1024 1740 circumcidi
1053 1699 1231 1747 aures.
1264 1700 1411 1750 cum,
1450 1700 1645 1741 secun-

111 1782 208 1835 dum
235 1780 537 1838 Salomonis
565 1781 824 1844 monita’,
856 1795 962 1834 non
1012 1781 1280 1850 recipiunt
1309 1782 1640 1837 auditionem

111 1887 284 1934 vanam,
305 1881 357 1928 et
387 1888 514 1927 cum
549 1874 866 1944 oppilautur
889 1887 956 1927 ne
987 1873 1207 1927 audiant
1227 1873 1497 1944 judicium
1523 1892 1648 1931 san-

111 1964 270 2032 guinis,
296 1973 348 2020 et
385 1979 512 2020 cum
559 1965 841 2035 sepiuntur
860 1966 1032 2034 spinis
1063 1981 1132 2021 ne
1166 1967 1438 2036 recipiant
1466 1968 1649 2023 obtre-

110 2055 380 2121 ctationem,
431 2057 534 2111 sed
589 2065 650 2110 ut
705 2056 802 2111 soli
858 2057 1026 2112 verbo
1061 2056 1153 2112 Dei
1198 2065 1448 2128 pateant,
1478 2066 1534 2112 et
1562 2057 1649 2114 bis

111 2161 204 2214 quae
241 2146 300 2200 ad
353 2147 778 2203 aediﬁcationem
829 2148 1104 2203 dicuntur.
1141 2147 1226 2203 Sit
1266 2163 1397 2219 ergo
1428 2148 1558 2205 talis
1594 2159 1650 2205 et

110 2239 178 2292 illa
212 2241 404 2307 cordis,
439 2241 624 2312 qualis
648 2252 704 2298 et
729 2242 844 2297 haac
875 2243 1090 2297 aurium
1116 2243 1488 2308 circumcisio,
1526 2257 1650 2312 qua

110 2335 427 2410 communiter
456 2334 679 2390 videtur
716 2336 985 2404 exposita.
1035 2334 1152 2392 Hoc
1190 2346 1371 2392 autem
1403 2335 1564 2392 modo
1594 2343 1649 2391 et

111 2425 482 2483 iucircumcisus
519 2427 682 2483 labiis
713 2427 942 2493 dicitur,
976 2428 1065 2498 qui
1102 2444 1210 2485 non
1243 2429 1651 2485 circumciderit

111 2517 486 2587 blasphemiam,
535 2519 950 2587 scurrilitatem,
994 2521 1394 2591 turpiloquium
1437 2521 1502 2576 de
1553 2534 1650 2576 ore

108 2625 198 2674 suo,
221 2611 305 2681 qui
335 2627 441 2668 non
467 2611 720 2682 posuerit
747 2612 1052 2667 custodiam
1087 2614 1170 2669 ori
1199 2627 1318 2679 suo,
1349 2622 1404 2669 et
1438 2613 1644 2668 ostium

109 2702 492 2760 circumstantia:
532 2704 694 2759 labiis
717 2706 831 2760 suis
855 2706 922 2772 ‘°,
958 2705 1049 2774 qui
1086 2719 1190 2760 non
1225 2707 1388 2761 etiam
1413 2720 1442 2760 a
1483 2706 1650 2761 verbo

108 2796 247 2850 otioso
289 2796 704 2852 circumciderit
735 2811 798 2853 os
850 2810 1031 2853 suum.
1080 2797 1322 2876 Denique
1365 2796 1455 2852 ubi
1517 2797 1652 2850 dicit

111 2888 284 2962 lloyscs
333 2894 400 2949 ad
456 2893 1127 2958 Dominumul’rovide,
1169 2893 1435 2959 Domine,
1481 2892 1647 2946 alium

107 2998 232 3050 quem
256 2985 456 3050 mittas,
475 2998 584 3056 ego
608 2995 786 3040 autem
807 2985 1204 3058 tarduslingua,
1224 2994 1277 3041 et
1305 2985 1648 3058 graciliyoce

107 3077 287 3132 sum”:
326 3095 346 3130 ι
381 3077 484 3146 ipsi
526 3078 579 3131 in
628 3076 869 3134 Hebraeis
903 3078 1306 3148 exemplaribus
1356 3077 1561 3132 habere
1588 3093 1650 3133 se

1749 579 2015 646 tudinem,
2031 589 2087 634 et
2103 580 2388 649 passiones
2405 594 2468 635 ac
2491 578 2623 635 vitia
2639 581 2819 636 carnis
2839 582 3102 638 abscidit:
3123 594 3176 638 et
3194 546 3342 640 tunc”

1745 669 2052 740 completur
2089 671 2230 740 quod
2260 672 2313 725 in
2345 669 2470 726 Iesu
2503 671 2651 727 Nave
2673 672 2936 742 scriptum
2962 682 3084 729 est:
3110 691 3128 726 ι
3153 673 3322 730 Hodie

1745 778 1776 816 a
1830 763 1986 818 vobis
2040 762 2240 819 abstuli
2281 763 2568 834 opprobria
2602 765 2821 837 Egypti
2857 765 2923 820 “.
2956 785 2974 819 ι
3018 765 3322 837 Opprobria

1747 868 1986 926 namque
2002 853 2220 926 Egypti
2239 869 2422 910 secum
2447 856 2776 923 circumfert,
2792 859 2837 914 si
2863 859 2985 929 quis
3007 859 3062 914 in
3082 859 3323 916 Ecclesia

1745 945 1979 1016 positus,
2012 955 2068 1001 et
2099 947 2198 1002 sub
2237 946 2366 1003 Jesu
2389 949 2524 1004 duce
2546 949 2810 1018 militans,
2831 948 3117 1021 Egyptios
3143 966 3324 1006 mores

1745 1047 1803 1096 et
1849 1051 2033 1096 motus
2089 1041 2258 1098 animi
2305 1043 2567 1100 barbaros
2606 1052 2808 1101 servet.
2869 1045 3110 1102 Marcion
3162 1058 3321 1114 sane,

1745 1133 1836 1189 cui
1865 1149 1966 1204 per
1985 1132 2300 1204 allegoriam
2319 1135 2455 1191 nihil
2474 1136 2652 1207 placet
2675 1137 2926 1208 intelligi,
2947 1138 3218 1207 quomodo
3235 1153 3329 1194 ex-

1745 1235 1910 1295 ponat
1933 1226 2096 1300 5,95
2130 1229 2274 1298 quod
2309 1227 2436 1284 dicit
2459 1229 2748 1299 Apostolus
2768 1230 2834 1296 “',
2850 1230 3326 1288 circumcisionem

1748 1316 2030 1387 prodesse,
2081 1318 2303 1374 omnino
2335 1333 2440 1373 non
2469 1319 2726 1375 inveniet.
2768 1320 2873 1376 Sed
2905 1335 2972 1377 ne
3002 1321 3070 1377 de
3100 1321 3330 1392 singulis

1745 1408 1961 1477 quidem
2010 1423 2132 1480 quas
2187 1409 2499 1466 inferuntur
2541 1411 2811 1469 ullatenus
2853 1415 3082 1470 reddere
3129 1416 3331 1485 poterit

1747 1501 2032 1557 rationem.
2073 1502 2366 1560 Adversari
2390 1519 2542 1571 sane,
2572 1513 2627 1562 et
2649 1521 2772 1561 cum
2803 1506 3056 1562 irrisione
3093 1507 3329 1579 quadam

1749 1595 1996 1650 innotare
2040 1593 2208 1649 Deum
2252 1595 2387 1666 legis
2434 1596 2529 1666 qui
2577 1597 3050 1654 circumcisionem
3095 1599 3330 1663 dederit,

1747 1685 1886 1742 solet
1917 1699 2026 1741 non
2076 1687 2254 1741 solum
2285 1687 2402 1757 ipse
2428 1727 2445 1751 ,
2493 1689 2589 1743 sed
2631 1697 2685 1742 et
2729 1704 2918 1744 omnes
2961 1690 3200 1746 haeretici
3232 1691 3331 1760 qui

1749 1787 1904 1832 vetus
1927 1777 2333 1834 Testamentum
2361 1780 2670 1849 repudiant,
2706 1797 2810 1835 una
2859 1797 2984 1836 cum
3016 1785 3332 1850 gentilibus.

1749 1869 1839 1938 qui
1895 1885 2086 1925 omnes
2116 1871 2401 1925 adversum
2436 1872 2600 1926 Deum
2629 1872 2763 1943 legis
2794 1873 2918 1928 talia
2949 1875 3195 1942 quaedam
3231 1891 3330 1932 ve-

1755 1959 1830 2015 lut
1863 1960 2127 2018 fmderata
2155 1960 2271 2032 (47)
2305 1962 2703 2018 obtrectatione
2729 1963 3132 2035 congeminant.
3158 1965 3328 2020 Stoici

1749 2052 1901 2106 aiunt
1938 2071 1952 2106 :
1989 2051 2197 2108 lndicet
2227 2052 2431 2122 aliquid
2459 2055 2746 2125 mysticum
2776 2055 3120 2113 circumcisio
3139 2095 3154 2122 ,
3177 2068 3233 2114 et
3261 2059 3329 2112 ﬁ-

1749 2159 1940 2215 guram
1977 2152 2159 2200 teneat
2211 2143 2597 2216 allegoricam;
2658 2146 2806 2203 itane
2838 2147 3081 2218 oportuit
3118 2159 3177 2204 ιιι
3202 2165 3328 2206 cum

1749 2252 1909 2308 poena
1937 2246 1990 2291 et
2021 2236 2263 2307 periculo
2306 2238 2680 2306 parvulorum,
2729 2253 2854 2295 cum
2891 2240 3221 2296 cruciatibus
3249 2249 3331 2296 te-

1753 2343 1896 2383 nera:
1925 2337 1981 2382 et
2010 2328 2186 2383 adhuc
2237 2328 2545 2386 innocentis
2577 2329 2844 2397 infantiae,
2879 2329 3173 2402 ﬁgurarum
3201 2345 3329 2403 spe-

1751 2421 1862 2476 cies
1890 2419 2025 2493 (48),
2057 2430 2112 2476 et
2144 2420 2279 2492 legis
2321 2421 2608 2492 aenigmata
2656 2423 3057 2478 conderentur?
3095 2423 3185 2479 Sic
3217 2439 3330 2478 non

1753 2513 1988 2568 habebat
2054 2513 2336 2582 legislator
2381 2512 2473 2568 ubi
2521 2513 2728 2570 formas
2771 2514 3035 2585 mysticae
3080 2526 3330 2586 poneret,

1752 2607 1855 2662 nisi
1887 2607 1940 2660 in
1974 2605 2397 2661 dedecoratione
2424 2603 2540 2675 (49)
2567 2605 2997 2660 verecundorum
3041 2605 3331 2676 locorum;

1752 2709 1806 2753 et
1834 2699 1928 2753 Dei
1968 2699 2359 2768 omnipotentis
2407 2697 2493 2752 lex
2515 2737 2532 2762 ,
2576 2698 2878 2767 aeternique
2907 2699 3218 2754 testamenti
3251 2700 3333 2755 si-

1751 2787 2042 2859 gnaculum
2094 2803 2198 2841 non
2243 2785 2416 2857 potuit
2443 2786 2548 2841 nisi
2579 2785 2633 2840 in
2663 2785 2918 2842 obscenis
2955 2787 3326 2842 membrorum

1751 2879 1998 2948 partibus
2051 2878 2349 2934 collocari?
2399 2877 2550 2932 Itane
2588 2878 2763 2933 bonus
2812 2885 2896 2933 est
2936 2878 3079 2933 Deus
3105 2881 3206 2934 iste
3233 2879 3330 2948 qui

1753 2981 1939 3026 natum
1975 2971 2249 3026 hominem
2283 2970 2465 3026 statim
2499 2971 2552 3025 in
2585 2970 2773 3041 primis
2799 2984 2953 3026 nova:
2982 2970 3118 3027 lucis
3142 2971 3329 3042 auspi-

1749 3063 1853 3118 eiis
1876 3063 2196 3132 praeceperit
2231 3060 2554 3117 vulnerari?
2607 3061 2668 3116 Et
2697 3061 2743 3116 si
2764 3101 2782 3125 .
2814 3070 2874 3116 ut
2900 3061 3052 3117 vobis
3094 3063 3332 3128 videtur,

106 3168 290 3224 dicunt:
317 3189 335 3223 ι
358 3171 477 3242 Ego
500 3181 686 3226 autem
722 3171 1134 3228 incircumcisus
1189 3185 1308 3226 sum
1346 3171 1507 3227 labiis
1547 3171 1645 3230 ".r
1679 3178 1725 3242 ο
1757 3157 1871 3227 ipse
1898 3164 1984 3210 εει
2012 3165 2068 3212 ει
2090 3156 2287 3210 animai
2321 3163 2538 3210 "33‘0"
2558 3165 2613 3211 εί
2640 3152 2907 3224 corporis,
2944 3163 3037 3209 ³1η
3058 3153 3334 3225 superﬂuo

106 3259 225 3326 Quod
262 3263 305 3318 si
351 3263 456 3320 hoc
499 3265 686 3330 modo,
727 3279 835 3334 quo
879 3265 1130 3335 superius
1183 3264 1440 3330 diximus,
1471 3273 1651 3334 potest

103 3353 199 3420 quis
223 3353 640 3413 iucircumcisus
669 3356 838 3411 videri
865 3356 1112 3420 auribus,
1139 3365 1193 3410 et
1222 3355 1645 3412 incircumcisns

105 3445 250 3515 labiis,
279 3466 376 3508 cur
408 3469 522 3507 non
568 3461 624 3506 et
658 3449 823 3505 simili
855 3448 1027 3505 forma
1059 3449 1478 3505 incircumcisns
1511 3463 1652 3520 pra:-

104 3539 221 3604 putio
243 3544 422 3598 carnis
454 3558 573 3599 suae
625 3543 841 3598 dicatur
877 3541 921 3596 is
949 3541 1038 3611 qui
1066 3557 1190 3610 erga
1223 3542 1524 3596 naturalem
1560 3557 1653 3598 co-

106 3626 187 3682 itus
222 3641 418 3687 motum
444 3633 866 3687 immoderatius
883 3640 938 3686 et
963 3632 1418 3700 intemperantius
1439 3630 1608 3686 ellluit
1635 3647 1648 3683 :

102 3719 422 3780 circumcisus
454 3737 591 3792 vero
617 3723 904 3786 habeatur,
935 3723 979 3778 si
1009 3723 1134 3792 quis
1175 3723 1226 3777 in
1275 3723 1649 3790 hujuscemodi

105 3815 282 3882 negotio
323 3816 592 3887 legitimis
637 3823 694 3869 et
743 3823 1005 3883 quantum
1065 3813 1372 3885 posteritati
1433 3812 1652 3880 suﬁicit,

104 3913 258 3960 utatur
283 3909 522 3964 ofﬁciis?
557 3905 758 3962 Verum
803 3906 1060 3974 quoniam
1101 3908 1168 3960 de
1215 3905 1654 3961 circumcisionis

103 3999 280 4055 ratione
312 4011 656 4064 tractamus,
693 3997 860 4053 etiam
897 3997 1026 4052 illud
1080 3997 1167 4051 his
1209 3996 1506 4067 adiungere
1545 4012 1651 4051 non

101 4089 357 4148 absurdum
393 4094 644 4156 videtur,
675 4091 820 4160 quod
871 4088 1030 4146 Jesus
1063 4088 1206 4145 illius
1240 4088 1386 4144 Nave
1419 4104 1486 4144 ex
1515 4105 1654 4160 prae-

100 4194 226 4252 cepto
274 4186 495 4241 Domini
532 4184 678 4239 ﬁlios
721 4181 886 4238 Israel
943 4181 1187 4238 secundo
1238 4182 1656 4238 circumcidisse

101 4275 260 4330 cultris
281 4277 472 4332 saxeis
501 4282 841 4330 memoratur
861 4272 906 4304 ¹³
931 4290 946 4328 :
979 4272 1122 4342 quod
1152 4273 1361 4342 utique,
1389 4281 1653 4342 quantum

99 4367 148 4416 ad
192 4367 422 4421 litteram
474 4373 714 4437 spectat,
766 4361 1106 4434 impossibile
1160 4361 1364 4417 factum
1419 4363 1654 4418 videtur.

99 4454 249 4512 Semel
289 4459 435 4512 enim
487 4455 838 4512 circumcisis
888 4455 941 4509 in
987 4468 1156 4508 carne
1205 4453 1480 4523 praeputii,
1528 4452 1654 4522 quid

1755 3264 1815 3304 se
1863 3247 2164 3318 plasmasse
2212 3257 2418 3318 partem
2482 3247 2628 3302 illam
2678 3249 2925 3320 corporis
2969 3255 3123 3304 notat
3167 3263 3333 3318 quam

1755 3339 2099 3410 postmodum
2149 3339 2372 3394 mandat
2419 3339 2665 3396 abscindi
2693 3384 2708 3409 ,
2759 3350 2821 3396 ut
2867 3356 2965 3413 per
3007 3339 3334 3396 miserorum

1755 3432 2022 3504 supplicia
2088 3432 2365 3503 proprium
2427 3433 2681 3488 emendet
2727 3433 2843 3504 (50)
2893 3447 3173 3500 errorem;
3241 3441 3337 3487 aut

1756 3525 1901 3592 quod
1933 3525 2248 3581 necessario
2292 3531 2348 3580 et
2377 3525 2588 3581 utiliter
2620 3524 2768 3592 fecit,
2801 3540 2908 3580 non
2936 3533 3083 3580 recte
3111 3527 3336 3580 mandat

1759 3615 1986 3672 auferri.
2025 3615 2159 3670 Tum
2186 3626 2448 3688 praeterea
2472 3618 2516 3672 si
2546 3632 2692 3672 cum
2717 3626 2803 3672 est
2838 3616 2950 3671 Deo
2976 3615 3236 3686 plurimos
3263 3615 3332 3669 ad

1755 3709 1961 3764 cultum
1999 3723 2116 3764 sua:
2142 3708 2422 3779 religionis
2456 3709 2672 3776 adduci,
2700 3709 2996 3763 maximum
3020 3723 3085 3762 ex
3109 3708 3337 3763 circum-

1755 3802 1968 3857 cisione
2016 3799 2352 3857 obstaculum
2397 3801 2662 3854 nascitur.
2717 3798 2852 3853 Cum
2899 3814 2966 3853 eo
3003 3799 3148 3853 enim
3188 3801 3336 3867 quod

1756 3894 2084 3967 supplicium
2113 3892 2486 3964 unusquisque
2513 3891 2768 3956 declinat,
2795 3899 2909 3945 tum
2930 3890 3093 3946 etiam
3127 3890 3338 3945 irrisio-

1759 4004 1879 4044 nem
1911 3988 2260 4058 turpitudinis
2303 3985 2504 4057 refugit
2537 4001 2551 4040 :
2585 3984 2728 4039 unde
2761 3983 2936 4054 magis
2979 3983 3334 4054 impedimen-

1759 4091 1871 4136 tum
1911 4080 2017 4136 hoe
2055 4077 2366 4150 religionis,
2405 4091 2570 4148 quam
2619 4075 2833 4147 insigne
2873 4076 3177 4132 ducendum
3223 4085 3330 4131 est.

1758 4171 1886 4227 Haec
1913 4180 1971 4226 et
1993 4170 2160 4225 multa
2192 4169 2276 4226 bis
2307 4168 2506 4224 similia
2537 4165 2624 4222 vel
2656 4167 2886 4239 gentiles
2928 4166 3220 4222 adversum
3250 4167 3333 4222 le-

1757 4263 2090 4335 gislatorem,
2141 4260 2228 4316 vel
2263 4259 2510 4316 haeretici
2543 4267 2893 4329 perstrepunt
2934 4275 2949 4313 :
2990 4259 3190 4328 quibus
3242 4273 3337 4333 re-

1757 4357 2026 4427 spondere
2064 4352 2432 4410 necessarium
2481 4361 2649 4420 puto,
2690 4351 2784 4407 sed
2833 4350 3014 4422 primo
3061 4350 3335 4422 gentibus.

1760 4441 1930 4497 Nemo
1957 4441 2177 4513 sapiens
2207 4454 2274 4495 ea
2313 4441 2368 4494 in
2397 4439 2528 4494 aliis
2554 4447 2725 4505 notat,
2765 4453 2885 4509 qua:
2909 4440 3048 4509 apud
3074 4454 3134 4495 se
3161 4439 3304 4494 hone
3329 4470 3340 4480 -

99 4548 308 4608 invenire
335 4563 531 4622 posset
557 4551 799 4606 secunda
831 4544 1178 4602 circumcisio
1203 4544 1346 4614 quod
1374 4543 1657 4598 auferret?
1689 4524 1734 4580 Ῑ)
1762 4544 1846 4591 sta
1879 4535 2028 4589 ducit
2073 4543 2129 4588 et
2164 4547 2355 4602 magna
2388 4548 2404 4587 :
2438 4531 2640 4586 etenim
2669 4529 3016 4587 circumcisio
3044 4531 3186 4622 apud
3214 4545 3335 4622 vos,

97 4638 226 4698 lesus
271 4661 402 4701 vero
467 4653 683 4707 noster,
735 4641 829 4710 qui
891 4653 1022 4693 vere
1066 4647 1186 4708 post
1233 4635 1453 4707 Moysen
1514 4634 1654 4690 ﬁlios

98 4731 230 4788 ISracl
277 4738 328 4790 in
378 4747 591 4791 terram
628 4742 878 4788 sanctam
920 4730 1176 4785 fluentem
1216 4729 1299 4782 lac
1337 4737 1390 4782 et
1444 4726 1572 4793 mel,
1600 4728 1653 4781 in

101 4833 270 4880 terram
295 4825 748 4900 repromissionis
780 4822 1008 4887 inducit,
1028 4822 1252 4876 evidens
1271 4828 1354 4875 est
1383 4819 1656 4888 quomodo

98 4932 179 4970 non
209 4921 395 4984 semel,
427 4919 528 4974 sed
559 4917 803 4972 secundo
827 4914 1164 4971 cicumcidat
1187 4911 1528 4967 credentium
1557 4923 1656 4978 po-

97 5008 268 5071 pulum.
307 5011 502 5065 Prima
537 5021 780 5076 namque
827 5014 912 5061 est
958 5004 1078 5075 ejus
1137 4999 1507 5062 circumcisio,
1550 5012 1658 5066 qua

94 5098 146 5150 ab
171 5102 242 5156 eis
276 5104 362 5158 vel
397 5102 682 5158 idolorum
709 5098 942 5164 cultum,
973 5094 1057 5152 vel
1087 5101 1396 5150 commenta
1419 5088 1660 5160 philoso-

94 5191 240 5254 Pbicae
284 5192 679 5265 persuasionis
718 5188 987 5245 exsecuit.
1037 5185 1293 5242 Secunda
1324 5195 1454 5238 vero
1486 5179 1658 5234 utitur

1761 4643 1796 4683 ο
1823 4626 2075 4696 gentiles,
2101 4625 2173 4678 ita
2201 4623 2385 4692 magni
2427 4622 2678 4688 habetur,
2708 4630 2768 4676 ut
2790 4635 2900 4677 non
2935 4620 3136 4691 passim
3171 4620 3338 4691 vulgo

1765 4718 2010 4790 ignobili,
2030 4716 2122 4773 sed
2149 4717 2284 4772 solis
2308 4713 2703 4780 sacerdotibus,
2729 4721 2783 4770 et
2806 4713 2893 4768 his
2915 4713 3006 4782 qui
3029 4713 3169 4768 inter
3190 4712 3339 4782 ipsos

1759 4806 2109 4864 electioribus
2153 4805 2348 4860 studiis
2398 4804 2690 4875 mancipati
2753 4801 2994 4864 fuerint,
3059 4801 3336 4858 credatur.

1762 4900 1898 4955 Nam
1925 4899 2064 4968 apud
2097 4896 2385 4968 Egyptios
2428 4895 2520 4966 qui
2547 4897 2598 4950 in
2627 4890 3105 4963 superstitionibus
3135 4891 3336 4947 vestris

1760 5000 1816 5048 et
1845 4989 2198 5046 vetustissimi
2252 4987 2526 5042 habentur
2561 4995 2616 5040 et
2643 4981 3018 5048 eruditissimi,
3067 4997 3098 5035 a
3135 4971 3384 5051 quibus"

1762 5098 1929 5154 prope
1957 5096 2146 5138 omnes
2165 5079 2360 5150 reliqui
2392 5078 2555 5132 ritum
2589 5089 2869 5132 sacrorum
2905 5083 2960 5129 et
2979 5073 3338 5130 caeremonias

1763 5175 1991 5231 mutuati
2025 5183 2181 5240 sunt;
2217 5171 2356 5241 apud
2386 5171 2484 5224 hos
2505 5212 2520 5236 ,
2554 5169 2772 5239 inquam
2796 5207 2811 5234 ,
2865 5165 3045 5222 nullus
3085 5174 3181 5221 aut
3209 5181 3333 5236 geo-

146 5331 164 5361 ⁸
187 5331 382 5388 Jerem.
414 5338 500 5392 vi,
534 5329 626 5383 10.
703 5329 725 5360 ⁹
759 5326 926 5381 Eccli.
956 5338 1148 5388 xxvm,
1174 5321 1265 5378 28.
1345 5319 1389 5352 ¹⁹
1418 5316 1562 5373 Psal.
1597 5331 1649 5371 Cl

1891 5319 1932 5349 ¹¹
1963 5316 2134 5372 Exod.
2158 5331 2236 5379 ιν,
2272 5313 2358 5375 10,
2393 5312 2480 5365 15.
2561 5312 2604 5342 ι’
2633 5307 2801 5363 Exod.
2841 5323 2916 5373 vi,
2947 5305 3038 5362 30.
3109 5303 3340 5362 “Iosue

93 5413 133 5463 ν,
157 5402 203 5457 9..
277 5404 493 5462 “ibid.
523 5402 579 5457 9.
657 5399 704 5432 "
729 5398 884 5451 Rom.
919 5411 984 5459 tt,
1009 5393 1101 5449 25.

146 5516 247 5591 (46)
279 5519 373 5574 Sic
404 5516 583 5583 editi;
614 5516 709 5570 sed
740 5529 872 5568 mss.
897 5527 1108 5576 omnes,
1143 5528 1162 5562 ι
1189 5508 1397 5581 ingredi
1427 5515 1658 5569 tantum,

94 5594 457 5726 υιιῖίτῗιεῦειιιι
487 5657 768 5726 (cederem.
810 5651 951 5726 Editi
985 5671 998 5706 :
1037 5670 1055 5702 ι
1092 5651 1174 5705 vel
1210 5649 1374 5726 feda.
1412 5667 1430 5700 ι

149 5714 250 5800 (ὀὸ)
291 5714 612 5800 Innocentis
641 5725 882 5800 infantim
910 5724 1212 5800 ﬁgurarum
1237 5721 1450 5800 species.
1511 5714 1655 5770 Editi

95 5789 349 5869 βαρεῖ-λιιι
390 5817 406 5854 ι
453 5817 473 5850 ι
513 5789 821 5853 innocentis
846 5789 1050 5863 partis,
1103 5793 1154 5845 in
1191 5791 1328 5846 facie
1357 5789 1654 5860 ﬁgurarum

1768 5517 2065 5643 spﬁgfilt’a
2097 5583 2227 5622 mss.
2261 5565 2399 5643 [ἧιιίιί
2432 5579 2579 5626 vero,
2615 5583 2633 5614 ι
2675 5563 3077 5643 decurtatione.
3118 5581 3138 5614 ι

1838 5639 1950 5713 (50)
1988 5639 2114 5694 Mss.
2141 5639 2310 5695 nostri
2339 5676 2356 5703 ,
2415 5655 2434 5687 ι
2470 5646 2521 5690 et
2551 5650 2645 5706 per
2673 5639 2996 5690 miscrorum
3021 5671 3037 5688 .
3062 5671 3079 5686 .
3107 5671 3123 5686 .
3148 5642 3337 5688 emeuo

1766 5715 1878 5782 dat,
1917 5733 1934 5764 ι
1964 5721 2071 5768 etc.
