3754 6542
380 366 486 426 911

1861 362 2020 419 ORIG
2029 362 2184 418 ENIS

3529 365 3630 418 9i!

374 486 582 544 metria!
617 481 904 544 studebat,
952 490 1045 534 aut
1078 478 1457 545 astronomiae,
1491 493 1613 549 qua:
1656 479 1797 550 apud
1828 479 1948 534 illos
1976 484 2018 542 Α
2053 478 2252 533 factum
2309 476 2575 547 culpatis,
2639 477 2730 548 qui
2775 486 2832 531 et
2875 487 3068 531 octava
3127 477 3216 533 die
3271 479 3630 532 circumcisus

371 579 658 651 prmclpuas
691 577 998 638 ducuntur;
1043 572 1222 628 nullus
1251 580 1400 627 certe
1433 570 1739 641 astrologiae
1768 581 1824 624 et
1851 585 1950 640 ge-

373 684 595 735 neseos,
633 684 740 739 qua
782 666 916 722 nihil
948 665 1187 748 divinius
1215 671 1438 734 putant,
1469 672 1676 718 serreta
1709 662 1948 717 rimaba-

373 772 485 829 tur,
530 761 634 816 nisi
687 757 1105 815 circumcisione
1146 764 1418 826 suscepta.
1483 752 1755 808 Sacerdos
1805 751 1948 820 apud

373 865 488 916 eos,
535 864 790 919 aruspex,
833 857 926 902 aut
965 846 1332 917 quorumlibet
1365 859 1646 900 sacrorum
1673 843 1943 909 miniSter,

373 940 479 1008 vel,
516 951 573 994 ut
607 939 678 994 illi
725 938 1028 1008 appellant,
1057 937 1318 1007 propheta
1353 933 1567 998 omnis,
1594 932 1949 988 circumcisus

372 1041 474 1083 est.
515 1029 751 1082 Litteras
801 1041 1016 1097 quoque
1066 1023 1434 1080 sacerdotales
1485 1032 1730 1079 veterum
1775 1021 1948 1093 Aigy-

374 1119 607 1188 ptiorum
629 1157 644 1182 ,
676 1131 812 1188 quas
859 1114 1291 1186 hieroglyphicas
1322 1114 1597 1184 appellant
1617 1152 1634 1178 ,
1669 1127 1828 1168 nemo
1860 1113 1948 1167 di-

373 1210 560 1264 scebat
592 1211 698 1264 nisi
725 1209 1099 1263 circumcisus.
1124 1207 1312 1262 Omnis
1346 1205 1753 1275 bierophantes,
1771 1203 1950 1260 omnis

372 1309 544 1366 vates,
584 1301 764 1355 omnis
791 1300 938 1366 «mli,
981 1311 1038 1354 ut
1071 1310 1284 1368 putant,
1321 1297 1631 1368 infernique
1662 1307 1863 1367 mystes
1893 1305 1950 1350 et

371 1393 623 1449 conscius
665 1393 806 1462 apud
847 1407 940 1448 eos
989 1407 1110 1447 esse
1161 1407 1268 1446 non
1313 1391 1586 1457 creditur,
1638 1389 1742 1443 nisi
1783 1388 1949 1444 fuerit

372 1485 747 1540 circumcisus.
793 1483 905 1540 Hoc
950 1485 1119 1556 igitur
1153 1484 1294 1554 apud
1349 1498 1448 1538 nos
1489 1493 1644 1552 turpe
1668 1491 1722 1536 et
1752 1481 1946 1537 obsce-

371 1593 501 1632 num
533 1576 811 1648 judicatis,
863 1577 1005 1646 qttod
1038 1577 1180 1644 apud
1218 1591 1313 1629 vos
1344 1575 1416 1629 ita
1452 1575 1735 1630 honestum
1781 1574 1948 1629 habe—

373 1680 461 1724 tur
498 1678 554 1722 et
596 1682 852 1738 maguum
877 1707 892 1731 ,
928 1678 986 1719 ut
1031 1665 1332 1720 caelestium
1372 1665 1816 1734 infernorumqtte
1856 1678 1946 1720 se-

371 1769 520 1813 creta
572 1759 791 1814 nonnisi
840 1773 936 1827 per
981 1757 1350 1827 hujuscemodi
1405 1757 1638 1828 insignia
1673 1755 1945 1812 enuntiari

2050 580 2138 624 est
2164 570 2240 634 '3,
2268 577 2322 624 et
2354 569 2575 622 vulnera
2612 569 2880 637 passionis
2925 569 3176 636 excepit,
3207 577 3261 622 et
3295 582 3422 621 cum
3456 570 3631 621 cruris

2052 673 2212 729 poena
2239 659 2556 728 sanguinem
2599 673 2755 712 suum
2787 657 2944 712 fudit.
2988 658 3141 725 Quod
3171 657 3342 729 496
3365 672 3498 712 vero
3525 660 3632 712 cir-

2051 747 2401 802 cumcisionis
2447 748 2676 802 horrore
2717 747 2958 802 difﬁcilis
3000 747 3152 803 vobis
3197 751 3264 804 ad
3313 747 3628 819 religionem

2054 841 2267 897 videtur
2316 855 2574 896 accessus
2601 840 2747 913 (55),
2793 840 3070 896 difﬁcil:or
3104 842 3272 896 multo
3301 841 3526 896 videtur
3554 842 3630 896 in-

2044 947 2274 1003 gressus
2317 934 2385 988 ad
2415 931 2800 1004 Evangelium,
2850 934 2940 988 ubi
2986 949 3092 989 non
3125 945 3338 1002 partem
3371 935 3629 1004 exiguam

2051 1023 2323 1092 corporis,
2348 1023 2442 1079 sed
2473 1024 2644 1093 ipsam
2679 1024 2804 1093 quis
2830 1024 3064 1079 animam
3094 1040 3295 1095 ponere
3309 1025 3546 1096 jubetur
3567 1026 3629 1078 υ.

2050 1117 2157 1174 Sed
2203 1117 2447 1187 exempla
2479 1125 2816 1188 martyrum,
2865 1117 3166 1172 secundum
3192 1132 3324 1182 vos,
3382 1117 3632 1186 prohibeo

2048 1209 2185 1267 bunt
2213 1211 2464 1266 homines
2497 1212 2761 1266 accedere
2784 1209 2850 1264 ad
2877 1209 3060 1264 ﬁdem.
3100 1210 3182 1263 An
3211 1224 3277 1263 eo
3303 1210 3488 1279 magis
3521 1209 3630 1278 (54)

2050 1303 2298 1359 creditur
2339 1303 2496 1358 ﬁrma
2529 1301 2752 1373 religio,
2791 1303 2934 1373 quod
2979 1301 3113 1356 nihil
3142 1302 3429 1357 remissum
3452 1341 3470 1366 ,
3503 1300 3633 1355 nihil

2049 1394 2343 1450 delicatum
2392 1395 2679 1464 pollicetur
2713 1407 2808 1450 aut
2851 1393 3053 1450 molle?
3106 1393 3262 1460 Quod
3303 1405 3363 1448 et
3400 1394 3449 1448 si
3499 1393 3631 1448 nihil

2050 1485 2194 1541 aliud
2253 1487 2581 1544 sacramenti
2641 1485 2939 1557 ﬁguraliter
2987 1486 3337 1542 circumcisio
3392 1494 3633 1552 teneret,

2049 1577 2178 1648 quid
2224 1587 2370 1634 esset
2395 1575 2642 1647 absurdi,
2695 1577 2743 1633 si
2785 1577 2852 1633 ad
2885 1578 3265 1634 discretionem
3300 1587 3631 1632 canet-arum

2049 1671 2290 1743 gentium
2324 1671 2590 1740 populus,
2640 1669 2737 1742 qui
2781 1669 2884 1726 sub
2930 1669 3049 1740 lege
3089 1669 3183 1724 Dei
3219 1669 3630 1731 instituebatur.

2052 1764 2330 1834 proprium
2365 1763 2584 1834 aliquod
2609 1771 2848 1832 gestaret
2883 1762 3130 1832 insigne?
3156 1769 3211 1817 et
3241 1763 3286 1817 si
3314 1765 3631 1816 necessaria

371 1849 524 1903 vobis
555 1863 719 1918 posse
749 1846 1033 1902 credatis?
1095 1847 1248 1913 Quod
1283 1847 1326 1900 si
1359 1849 1502 1917 apud
1531 1862 1625 1900 vos
1649 1860 1749 1916 pro
1782 1855 1861 1900 tot
1893 1855 1948 1900 et
1979 1842 2021 1901 Β
2052 1852 2164 1908 visa
2202 1861 2288 1912 est
2333 1853 2503 1923 partis
2551 1851 2783 1922 alicujus
2816 1851 3142 1922 amputatio,
3186 1851 3317 1922 quid
3357 1863 3470 1905 tam
3499 1866 3632 1906 con-

319 1966 324 1970 ~
373 1941 541 1995 tantis
586 1949 922 1994 Secretormn
972 1948 1274 1993 vestrorum
1319 1939 1501 1992 causis
1543 1953 1667 2007 quae
1699 1937 1948 1992 ministra

371 2032 786 2088 circumcisione
830 2040 1198 2102 peraguntur,
1248 2031 1614 2086 necessarium
1647 2030 1750 2084 erit
1779 2030 1945 2084 ratio-

372 2139 495 2180 nem
523 2124 715 2193 quaeri,
750 2134 805 2180 et
839 2123 998 2179 talem
1033 2139 1153 2194 qua:
1185 2123 1458 2178 contemni
1490 2138 1598 2177 non
1629 2121 1842 2187 debeat,
1882 2135 1949 2176 ne

369 2232 494 2273 cum
542 2232 604 2271 ea
646 2226 856 2271 cunctae
880 2216 1087 2286 pariter
1127 2215 1279 2270 vobis
1307 2214 1645 2271 caeremoniae
1674 2213 1947 2270 subruan-

371 2321 463 2365 tur
491 2307 626 2378 (51),
662 2323 760 2362 cur
793 2323 898 2363 non
923 2309 1165 2363 idetiau;
1193 2307 1332 2376 apud
1362 2323 1461 2362 nos
1489 2306 1603 2362 fieri
1635 2320 1796 2375 posse
1823 2320 1948 2375 spe-

371 2401 551 2456 retis?
592 2402 791 2456 \‘erum
837 2400 881 2455 si
933 2399 1208 2469 replicetis
1249 2399 1503 2454 historias
1530 2407 1769 2464 vestras,
1801 2398 1951 2453 inve-

373 2495 537 2550 nietis
567 2509 673 2549 non
699 2494 874 2549 solum
901 2489 1288 2563 Aigyptiorum
1336 2491 1647 2546 sacerdotes
1677 2500 1732 2545 et
1763 2490 1948 2545 hiero-

369 2589 606 2658 phantas
635 2603 762 2643 usos
800 2601 921 2641 esse
947 2585 1398 2648 circumcisione,
1445 2586 1539 2640 sed
1572 2593 1627 2640 et
1653 2583 1864 2640 Arabas
1894 2592 1950 2638 et

368 2679 695 2750 Ethiopas,
743 2690 798 2735 et
848 2679 1171 2743 Phoenices,
1207 2678 1453 2749 aliosque
1494 2693 1725 2748 quorum
1771 2677 1949 2732 studia

367 2788 496 2842 erga
551 2773 920 2844 hujuscemodi
969 2771 1382 2842 superstitiones
1444 2771 1679 2826 nobilius
1729 2771 1950 2843 viguere

371 2863 508 2936 (52).
547 2863 674 2920 llaec
703 2863 1032 2919 sullicienter
1061 2863 1202 2918 dicta
1238 2863 1348 2916 sint
1381 2863 1667 2916 adversum
1696 2862 1948 2933 gentiles,

369 2958 567 3030 quibus
596 2957 663 3012 de
706 2957 842 3024 legis
887 2966 1089 3011 nostra:
1119 2955 1395 3027 mysteriis
1433 2954 1762 3025 loquendum
1793 2970 1950 3025 aper-

370 3052 480 3106 tius
506 3065 610 3105 non
636 3061 773 3106 erat.
816 3049 970 3105 Nunc
987 3048 1100 3118 jam
1131 3048 1288 3104 nobis
1315 3050 1382 3103 ad
1407 3063 1502 3104 eos
1529 3063 1713 3104 sermo
1741 3049 1949 3118 diriga-

370 3155 482 3212 tur,
530 3145 624 3215 qui
661 3146 895 3200 Christo
921 3127 1138 3213 quidem
1184 3144 1409 3198 credunt
1438 3180 1456 3207 ,
1490 3141 1584 3197 sed
1613 3139 1809 3212 Legem
1838 3157 1945 3197 non

367 3234 640 3306 recipiunt
668 3244 722 3290 et
743 3233 1062 3304 Prophetas.
1104 3233 1373 3289 Fatemini
1411 3232 1532 3288 sine
1559 3232 1726 3288 dubio
1757 3248 1943 3289 verum

363 3341 486 3384 esse
516 3328 661 3398 quod
710 3326 973 3396 scriptum
1020 3334 1107 3380 est
1152 3326 1204 3379 in
1251 3325 1494 3396 Epistula
1531 3325 1676 3380 Petri
1707 3346 1720 3381 :
1755 3343 1774 3378 ι
1807 3326 1944 3393 Quia

367 3418 634 3486 redempti
671 3437 691 3472 ι
734 3433 924 3473 sumus
953 3438 972 3472 ι
1006 3433 1112 3474 non
1147 3418 1492 3488 corruptibili
1528 3418 1703 3487 pretio
1732 3417 1942 3488 argenti

363 3519 419 3566 et
451 3511 609 3575 auri,
654 3509 747 3564 sed
805 3508 1042 3578 pretioso
1091 3511 1351 3580 sanguine
1386 3528 1407 3563 ι
1460 3508 1734 3579 Unigcniti
1764 3511 1830 3562 η.
1884 3508 1942 3565 Si

363 3618 496 3674 ergo
526 3622 544 3655 ι
583 3602 758 3673 pretio
784 3603 949 3670 empti
985 3619 1004 3653 ι
1035 3616 1221 3656 smnus
1241 3641 1258 3668 ,
1298 3611 1356 3657 ut
1391 3603 1553 3658 etiam
1580 3602 1780 3658 Paulus
1805 3605 1942 3658 asti-

366 3696 588 3767 pulatur
616 3695 690 3760 '7,
728 3696 797 3750 ab
829 3695 1012 3765 aliquo
1036 3695 1154 3749 sine
1187 3695 1351 3752 dubio
1377 3695 1542 3767 empti
1587 3711 1813 3763 smnus,
1847 3712 1944 3751 cu-

355 3787 451 3859 jus
478 3804 698 3844 eramus
734 3789 903 3854 servi,
935 3788 1026 3858 qui
1052 3798 1107 3842 et
1135 3788 1366 3858 pretium
1399 3790 1642 3860 ροιιοειεὶι
1672 3790 1814 3857 quod
1842 3804 1940 3842 vo-

363 3880 487 3947 luit,
525 3891 583 3937 ut
617 3882 683 3937 de
725 3889 993 3952 potestate
1040 3879 1338 3936 dimitteret
1382 3897 1520 3951 quos
1554 3881 1787 3936 tenebat.
1831 3879 1939 3936 Te-

361 3973 527 4029 nebat
560 3985 743 4029 autem
776 3990 876 4027 nos
907 3973 1190 4039 diabolus,
1226 3975 1310 4028 cui
1368 3975 1614 4030 distracti
1663 3974 1941 4030 fueramus

360 4065 599 4136 peccatis
652 4066 876 4120 nostris.
931 4062 1185 4134 Poposcit
1229 4081 1356 4136 ergo
1409 4068 1642 4135 pretium
1693 4077 1938 4121 nostrum

361 4159 684 4228 sanguinem
719 4157 942 4211 Christi.
984 4157 1181 4212 Verum
1225 4162 1396 4213 donec
1434 4158 1560 4214 Jesu
1587 4161 1812 4230 sanguis
1841 4161 1940 4214 da-

361 4257 536 4314 retur,
569 4247 662 4317 qui
691 4257 798 4302 tam
830 4249 1098 4316 pretiosus
1125 4248 1259 4314 fuit,
1295 4261 1352 4303 ut
1384 4251 1532 4305 solus
1572 4267 1670 4321 pro
1694 4253 1936 4306 omnium

360 4339 736 4408 redemptione
764 4338 1058 4405 sufﬁceret,
1089 4345 1452 4397 necessarium
1485 4343 1585 4398 fuit
1613 4359 1708 4398 eos
1739 4346 1828 4413 qui
1855 4345 1938 4398 in-

359 4431 728 4485 stituebantur
760 4432 811 4485 in
837 4430 977 4500 lege,
1011 4447 1448 4502 unumquemque
1461 4451 1560 4504 pro
1581 4450 1662 4500 se,
1701 4435 1846 4491 velut
1867 4436 1935 4490 ad

2049 1945 2271 2001 veniens
2299 1943 2423 2010 fuit,
2455 1959 2620 2014 quam
2656 1959 2777 2000 eam
2801 1943 3045 2000 invenire
3077 1959 3194 2016 quae
3223 1945 3519 2000 videbatur
3548 1946 3636 1999 ob-

2048 2047 2250 2104 scena,
2300 2045 2357 2090 et
2399 2036 2494 2092 illa
2542 2036 2759 2090 auferre
2803 2051 3038 2106 quorum
3080 2035 3370 2090 diminutio
3402 2035 3542 2090 nihil
3571 2042 3634 2090 ad

2047 2125 2292 2181 ofﬁcium
2335 2127 2581 2198 corporis
2632 2126 2963 2198 impediret?
3038 2126 3192 2194 Quod
3238 2142 3373 2183 vero
3422 2129 3636 2192 dicunt,

2049 2218 2173 2290 quia
2203 2217 2249 2273 si
2283 2220 2589 2273 necessaria
2637 2234 2742 2274 non
2787 2229 2906 2275 erat
2937 2218 3026 2274 illa
3057 2235 3185 2290 pars
3215 2221 3494 2285 membri,
3522 2222 3634 2276 tleri

2051 2327 2081 2364 a
2109 2309 2370 2365 Creatore
2397 2325 2501 2364 non
2527 2311 2710 2365 debuit
2738 2325 2754 2364 :
2787 2313 2830 2366 si
2864 2313 3177 2366 necessario
3203 2310 3350 2367 facta
3382 2323 3500 2378 est,
3527 2327 3636 2367 non

2049 2399 2208 2454 debet
2235 2397 2439 2454 auferri
2491 2417 2506 2454 :
2541 2399 2937 2468 interrogemus
2980 2417 3076 2456 eos
3106 2412 3160 2458 et
3190 2417 3322 2468 nos,
3363 2403 3410 2457 si
3446 2418 3637 2458 neces-

2048 2491 2250 2548 sariam
2276 2491 2464 2546 dicant
2485 2491 2720 2548 ﬁliorum
2750 2496 3206 2565 procreationem.
3250 2493 3636 2554 Necessarias:

2048 2585 2168 2642 sine
2218 2587 2385 2642 dubio
2431 2588 2854 2658 respondebunt.
2921 2588 3092 2644 Erunt
3147 2603 3280 2660 ergo
3332 2589 3637 2659 culpabiles

2049 2677 2160 2746 qui,
2188 2678 2540 2732 continentiae
2573 2691 2628 2733 et
2656 2679 2983 2750 virginitatis
3009 2681 3268 2746 obtentu,
3300 2683 3636 2737 necessariis

2049 2779 2258 2824 natura:
2303 2767 2503 2826 ofﬁciis
2551 2786 2658 2826 non
2703 2773 3066 2828 ministrant:
3098 2783 3153 2829 et
3196 2784 3358 2828 erunt
3405 2775 3635 2845 cogendi

2048 2863 2116 2917 ad
2162 2864 2377 2934 nuptias
2419 2879 2609 2920 omnes
2667 2865 2760 2936 qui
2810 2866 3110 2922 secundum
3152 2867 3439 2938 Evangelii
3493 2868 3638 2939 leges

2053 2974 2072 3009 ι
2106 2955 2429 3026 semetipsos
2472 2967 2855 3013 castraverunt
2901 2968 3122 3028 propter
3152 2975 3390 3032 regnum
3413 2959 3622 3026 Dei",i

2047 3049 2312 3106 habentes
2348 3051 2580 3121 exempli
2611 3051 2773 3121 hujus
2800 3061 3077 3107 auctorem
3107 3066 3232 3108 cum
3263 3053 3472 3107 multos
3501 3051 3637 3107 alios

2047 3151 2386 3207 sanctorum,
2439 3151 2551 3197 tum
2598 3143 2762 3197 etiam
2796 3143 2971 3213 ipsum
3001 3142 3288 3198 Dominum
3321 3141 3539 3199 Jesum.
3577 3143 3636 3198 lu

2051 3249 2260 3288 summa
2284 3250 2416 3291 vero
2449 3236 2738 3291 dicendum
2772 3246 2856 3292 est
2885 3237 3029 3306 quod
3062 3235 3205 3291 sicut
3234 3236 3411 3290 multa
3448 3251 3637 3292 neces-

2051 3325 2198 3380 saria
2230 3337 2388 3382 erant
2421 3329 2749 3398 baptismata
2788 3337 2916 3384 ante
2942 3327 3272 3396 baptismum
3295 3327 3550 3391 Christi,
3582 3332 3637 3382 et

2052 3416 2235 3472 multa:
2263 3419 2673 3488 puriﬁcatioues
2713 3430 3004 3490 antequam
3033 3419 3347 3490 puriﬁcatio
3378 3434 3480 3489 per
3515 3419 3636 3490 Spi-

2052 3511 2217 3564 ritum
2252 3521 2499 3566 sanctum
2537 3510 2724 3578 ﬁeret,
2776 3519 2831 3566 et
2870 3509 3052 3565 multat
3091 3512 3287 3566 hostire
3332 3519 3633 3578 antequam

2051 3614 2155 3652 una
2189 3600 2362 3656 hostia
2406 3601 2595 3671 Agnus
2641 3600 3024 3658 immaculatus
3065 3601 3428 3670 semetipsum
3483 3601 3633 3656 Patri

2047 3690 2274 3768 offerret
2318 3691 2550 3746 hostiam
2583 3692 2833 3748 Christus
2861 3693 2905 3724 ²¹
2939 3711 2953 3748 :
2991 3694 3064 3748 ita
3095 3694 3262 3747 etiam
3298 3691 3495 3747 multis
3526 3692 3634 3746 cir-

2047 3785 2476 3842 cmncisionibus
2519 3799 2653 3855 opus
2683 3783 2823 3849 fuit,
2878 3798 3158 3854 usquequo
3190 3797 3299 3838 una
3329 3784 3387 3838 in
3413 3784 3633 3838 Christo

2047 3877 2398 3933 circumcisio
2421 3877 2676 3932 omnibus
2706 3877 3017 3932 traderetur
3045 3893 3058 3932 :
3095 3883 3151 3930 et
3185 3875 3488 3930 multorum
3515 3889 3634 3928 san-

2044 3973 2224 4044 guinis
2269 3968 2461 4026 eﬂ‘usio
2515 3971 2822 4041 prmeessit,
2871 3983 3148 4038 usquequo
3178 3982 3279 4038 per
3313 3968 3483 4022 unius
3509 3982 3633 4022 san-

2045 4069 2261 4135 guinem
2287 4066 2528 4119 omnium
2571 4062 2873 4130 redemptio
2903 4062 3078 4116 fieret.
3126 4059 3253 4115 Haec
3282 4059 3508 4130 quidem
3538 4075 3631 4112 no-

2045 4158 2128 4212 bis
2156 4157 2220 4212 ad
2250 4171 2490 4226 praesens
2515 4169 2807 4210 occurrere
2850 4154 2916 4208 de
2943 4151 3385 4207 circumcisionis
3418 4151 3632 4205 ratione

2044 4259 2337 4319 potuerunt
2368 4266 2382 4303 :
2410 4264 2530 4318 qua:
2562 4258 2740 4303 tamen
2788 4263 2852 4302 ea
2893 4246 3013 4317 lege
3058 4245 3200 4300 dicta
3244 4246 3358 4300 sint
3389 4260 3420 4298 a
3449 4245 3629 4308 nobis,

2043 4355 2104 4398 ut
2133 4345 2176 4398 si
2201 4343 2322 4413 quis
2354 4343 2546 4396 inelius
2569 4351 2624 4395 et
2648 4339 3022 4395 rationabilius
3053 4337 3288 4402 dixerit,
3329 4336 3423 4391 illa
3458 4337 3629 4406 magis

2041 4450 2204 4506 quam
2236 4435 2355 4490 haec
2383 4443 2564 4489 nostra
2598 4443 2904 4488 teneantur.
2953 4432 3154 4488 Verum
3188 4440 3308 4498 post
3335 4443 3629 4484 excessum

358 4521 714 4578 imitationem
747 4525 1033 4592 quamdam
1062 4522 1254 4578 futurae
1277 4525 1697 4596 redemptionis,
1722 4528 1937 4597 sangui-
1967 4545 2014 4603 ι)
2035 4530 2186 4599 justo
2231 4527 2459 4582 forsitan
2508 4526 2838 4597 largiorem,
2889 4525 2957 4578 ad
2990 4521 3276 4593 apostolici
3313 4521 3628 4576 conclusio-

355 4629 482 4670 nem
506 4629 660 4670 suum
688 4614 849 4681 dare;
886 4624 940 4668 et
964 4624 1246 4684 propterea
1279 4632 1397 4682 nos,
1430 4634 1528 4687 pro
1559 4620 1754 4688 quibus
1781 4636 1933 4675 com-

354 4706 560 4777 pletum
588 4715 672 4762 est
712 4705 949 4776 pretium
977 4707 1258 4774 sanguinis
1288 4705 1490 4763 Christi
1514 4750 1531 4774 ,
1575 4727 1684 4766 non
1715 4727 1934 4769 necesse

355 4800 620 4856 habemus
647 4815 744 4870 pro
769 4800 923 4854 nobis
949 4799 1081 4870 ipsis
1107 4801 1360 4872 pretium,
1401 4804 1454 4858 id
1481 4815 1586 4868 est,
1616 4806 1933 4876 sanguinem

355 4893 793 4949 circumcisionis
831 4893 1051 4949 offerre.
1109 4894 1166 4948 Si
1203 4908 1330 4950 vero
1373 4895 1642 4966 culpabile
1673 4899 1826 4953 vobis
1848 4900 1931 4950 vi-

355 4987 516 5040 detur
555 4987 697 5056 quod
745 4985 889 5041 Deus
921 4985 1059 5057 legis
1086 4986 1274 5041 inferri
1303 4987 1458 5057 jubet
1483 4987 1788 5045 infantibus
1811 4990 1934 5043 vul—

354 5092 520 5144 nera,
571 5087 626 5133 et
666 5079 986 5149 sanguinem
1035 5078 1232 5134 fundi:
1270 5082 1372 5135 hoc
1397 5079 1564 5135 etiam
1613 5081 1668 5136 in
1709 5081 1930 5138 Christo

429 5241 473 5311 ’ἐ
503 5239 522 5294 l
553 5239 698 5295 Petr.
728 5255 778 5300 ι.
812 5241 898 5304 18,
931 5235 1018 5307 l9.
1096 5243 1139 5274 "
1170 5240 1191 5296 l
1221 5242 1350 5298 Cor.
1380 5258 1478 5311 vn,
1510 5243 1600 5301 23.

352 5311 396 5344 "
430 5310 594 5366 Hebr.
620 5327 696 5375 ιχ,
732 5311 828 5376 υς
862 5311 1055 5368 ll’etr.
1085 5313 1239 5379 1,19.

423 5465 538 5539 (5H
583 5463 665 5519 Ne
691 5481 807 5539 cum
853 5483 916 5522 ea
943 5478 1144 5539 cuncta?
1185 5469 1386 5539 pariter
1430 5470 1572 5524 vobis
1601 5471 1926 5526 ceremonia:

352 5536 701 5591 subruantur.
745 5537 996 5605 Sic_mss.
1031 5536 1350 5605 Editi'vero,
1393 5557 1412 5592 ι
1447 5557 1514 5596 ne
1541 5556 1664 5596 cum
1700 5558 1766 5596 eo
1795 5559 1929 5596 cun-

353 5617 440 5659 cta
467 5609 677 5676 pariter
699 5596 1052 5663 subrdantur.
1089 5627 1108 5659 ι

425 5676 540 5754 (52)
580 5678 754 5754 Editi,
817 5696 836 5728 ι
874 5679 1045 5748 gratia
1098 5679 1475 5747 hujuscemodi
1523 5681 1928 5754 superstitionis

351 5747 587 5804 nobilius
625 5747 826 5818 vigent.
865 5767 885 5800 ι

427 5818 545 5889 (55)
580 5819 722 5875 Editi
745 5833 1053 5892 perperam,
1087 5838 1106 5874 ι
1140 5835 1416 5878 ascensus.
1453 5840 1480 5873 «ι

1684 5245 1728 5279 ⁸⁸
1749 5244 1884 5302 Luc.
1911 5261 1973 5314 ιι,
2001 5245 2096 5302 2l.

2039 4637 2161 4676 nem
2191 4617 2414 4689 capituli
2461 4627 2824 4672 revertamur.
2883 4616 3052 4686 Igitur
3079 4612 3336 4683 quoniam
3365 4611 3628 4680 frequens

2041 4723 2125 4769 est
2164 4711 2422 4782 Apostolo
2457 4711 2560 4765 iste
2589 4718 2887 4774 tractatus,
2921 4722 3030 4776 quo
3067 4721 3161 4776 per
3188 4703 3440 4775 singulos
3459 4719 3628 4774 quos-

2040 4819 2148 4874 que
2184 4803 2298 4874 (55)
2351 4802 2512 4858 binos
2562 4801 2808 4855 homines
2853 4815 2976 4853 esse
3029 4797 3274 4866 designat
3320 4813 3336 4851 :
3387 4811 3624 4866 quorum

2040 4896 2271 4950 alterum
2317 4893 2645 4948 exteriorem
2681 4893 2986 4954 nominare,
3033 4891 3264 4944 alterum
3298 4890 3623 4943 interiorem

2038 4988 2178 5044 solet
2224 5007 2240 5042 :
2276 5001 2576 5056 eorumque
2613 4985 2840 5039 alterum
2867 4983 3186 5038 secundum-
3210 4994 3440 5036 carnem
3478 4994 3622 5042 esse,

2037 5083 2272 5138 alterum
2306 5082 2604 5136 secundum
2657 5077 2911 5148 spiritum
2941 5075 3092 5140 dicit,
3126 5073 3381 5147 (opinor,
3416 5087 3485 5128 ex
3518 5073 3624 5127 illis

2173 5244 2216 5278 ”
2246 5244 2437 5299 Matth.
2469 5261 2520 5308 χ,
2551 5241 2652 5307 '59;
2701 5255 2815 5308 xvr,
2849 5235 2941 5293 25.
3015 5237 3064 5268 ὀ
3111 5233 3306 5292 Matth.
3352 5250 3486 5302 nx,
3534 5236 3620 5290 l2.

2103 5467 2217 5541 (54)
2256 5468 2337 5521 An
2365 5485 2424 5541 eo
2456 5469 2642 5537 magis.
2668 5467 2743 5541 Ita
2767 5466 2970 5541 habent
2997 5467 3126 5524 editi
3151 5477 3209 5524 et
3231 5483 3369 5525 mss.
3405 5474 3619 5530 nostri;

2029 5539 2123 5611 sed
2162 5551 2338 5593 tamen
2370 5539 2656 5609 legendum
2677 5540 2900 5611 _videtur
2927 5556 2941 5591 :
2985 5558 3004 5591 ι
3030 5541 3099 5594 At
3128 5555 3194 5594 eo
3218 5541 3420 5611 magis,
3451 5560 3472 5594 ι
3494 5559 3626 5609 ultu,

2032 5609 2141 5672 vel,
2180 5627 2198 5658 ι
2235 5608 2522 5664 Αιιιιοιιίθο
2550 5608 2740 5678 magis.
2781 5628 2800 5661 ι

2107 5678 2220 5803 (ξ55)
2253 5678 2502 5752 Singulos
2544 5695 2792 5750 quosque.
2836 5679 2973 5734 Editi
2997 5719 3013 5744 ,
3048 5681 3291 5751 «singula
3321 5697 3610 5752 qumque..-

2107 5767 2192 5803 te.

2035 5766 2192 5805 lllillc.
