  <div class='ocr_page' id='page_1' title='image "/cluster/home/n/w/nwhite01/storage/ocr_20150623/14/hvd.32044024333478/464.png"; bbox 0 0 3784 6536; ppageno 0'>
   <div class='ocr_carea' id='block_1_1' title="bbox 145 526 231 586">
    <p class='ocr_par' dir='ltr' id='par_1_1' title="bbox 145 526 231 586">
     <span class='ocr_line' id='line_1_1' title="bbox 145 526 231 586; baseline -0.058 0"><span class='ocrx_word' id='word_1_1' title='bbox 145 526 231 586; x_wconf 70' lang='grc'><strong>913</strong></span> 
     </span>
    </p>
   </div>
   <div class='ocr_carea' id='block_1_2' title="bbox 1052 485 2386 564">
    <p class='ocr_par' dir='ltr' id='par_1_2' title="bbox 1052 485 2386 564">
     <span class='ocr_line' id='line_1_2' title="bbox 1052 485 2386 564; baseline -0.016 -2"><span class='ocrx_word' id='word_1_2' title='bbox 1052 504 1410 564; x_wconf 76' lang='lat' dir='ltr'><strong>COMMENT.</strong></span> <span class='ocrx_word' id='word_1_3' title='bbox 1448 502 1514 557; x_wconf 88' lang='lat' dir='ltr'><strong>IN</strong></span> <span class='ocrx_word' id='word_1_4' title='bbox 1557 498 1774 555; x_wconf 82' lang='lat' dir='ltr'><strong>EPIST.</strong></span> <span class='ocrx_word' id='word_1_5' title='bbox 1817 496 1906 550; x_wconf 71' lang='lat' dir='ltr'><strong>AD</strong></span> <span class='ocrx_word' id='word_1_6' title='bbox 1945 490 2113 547; x_wconf 80' lang='lat' dir='ltr'><strong>ROM.</strong></span> <span class='ocrx_word' id='word_1_7' title='bbox 2156 487 2284 542; x_wconf 86' lang='lat' dir='ltr'><strong>LIB.</strong></span> <span class='ocrx_word' id='word_1_8' title='bbox 2323 485 2386 540; x_wconf 87' lang='lat' dir='ltr'><strong>Il.</strong></span> 
     </span>
    </p>
   </div>
   <div class='ocr_carea' id='block_1_3' title="bbox 3259 476 3362 530">
    <p class='ocr_par' dir='ltr' id='par_1_3' title="bbox 3259 476 3362 530">
     <span class='ocr_line' id='line_1_3' title="bbox 3259 476 3362 530; baseline -0.029 0"><span class='ocrx_word' id='word_1_9' title='bbox 3259 476 3362 530; x_wconf 73' lang='lat' dir='ltr'><strong>9H</strong></span> 
     </span>
    </p>
   </div>
   <div class='ocr_carea' id='block_1_4' title="bbox 148 589 3358 706">
    <p class='ocr_par' dir='ltr' id='par_1_4' title="bbox 148 589 3358 706">
     <span class='ocr_line' id='line_1_4' title="bbox 148 589 3358 706; baseline -0.005 -13"><span class='ocrx_word' id='word_1_10' title='bbox 148 641 395 700; x_wconf 84' lang='lat' dir='ltr'><strong>institutus</strong></span> <span class='ocrx_word' id='word_1_11' title='bbox 421 633 538 706; x_wconf 73' lang='lat'><strong>(56)</strong></span> <span class='ocrx_word' id='word_1_12' title='bbox 561 647 684 702; x_wconf 67' lang='lat' dir='ltr'><strong>qua!</strong></span> <span class='ocrx_word' id='word_1_13' title='bbox 712 631 764 685; x_wconf 92' lang='lat' dir='ltr'><strong>in</strong></span> <span class='ocrx_word' id='word_1_14' title='bbox 795 625 995 682; x_wconf 82' lang='lat' dir='ltr'><strong>Genesi</strong></span> <span class='ocrx_word' id='word_1_15' title='bbox 1024 624 1227 693; x_wconf 88' lang='lat' dir='ltr'><strong>scripta</strong></span> <span class='ocrx_word' id='word_1_16' title='bbox 1251 633 1400 684; x_wconf 87' lang='lat' dir='ltr'><strong>sunt,</strong></span> <span class='ocrx_word' id='word_1_17' title='bbox 1431 621 1518 675; x_wconf 92' lang='lat' dir='ltr'><strong>ubi</strong></span> <span class='ocrx_word' id='word_1_18' title='bbox 1549 622 1685 673; x_wconf 84' lang='lat' dir='ltr'><strong>alius</strong></span> <span class='ocrx_word' id='word_1_19' title='bbox 1717 624 1756 676; x_wconf 79' lang='grc' dir='ltr'><strong>Λ</strong></span> <span class='ocrx_word' id='word_1_20' title='bbox 1787 611 1950 684; x_wconf 67' lang='grc'><strong>497</strong></span> <span class='ocrx_word' id='word_1_21' title='bbox 1987 611 2128 663; x_wconf 67' lang='lat' dir='ltr'><strong>Deus</strong></span> <span class='ocrx_word' id='word_1_22' title='bbox 2164 616 2331 657; x_wconf 59' lang='lat' dir='ltr'><strong>V97“</strong></span> <span class='ocrx_word' id='word_1_23' title='bbox 2357 640 2374 664; x_wconf 75' lang='grc' dir='ltr'><strong>ν</strong></span> <span class='ocrx_word' id='word_1_24' title='bbox 2420 594 2603 651; x_wconf 58' lang='lat' dir='ltr'><strong>omnis</strong></span> <span class='ocrx_word' id='word_1_25' title='bbox 2649 600 2831 648; x_wconf 53' lang='lat' dir='ltr'><strong>autem</strong></span> <span class='ocrx_word' id='word_1_26' title='bbox 2869 593 3034 646; x_wconf 69' lang='lat' dir='ltr'><strong>homo</strong></span> <span class='ocrx_word' id='word_1_27' title='bbox 3079 589 3310 644; x_wconf 54' lang='lat' dir='ltr'><strong>mendax</strong></span> <span class='ocrx_word' id='word_1_28' title='bbox 3343 606 3358 641; x_wconf 74' lang='grc'><strong>³</strong></span> 
     </span>
     <span class='ocr_line' id='line_1_5' title="bbox 1823 680 3358 706; baseline 0 0"><span class='ocrx_word' id='word_1_29' title='bbox 1823 705 1830 706; x_wconf 58' lang='lat'><strong><em>,</em></strong></span> <span class='ocrx_word' id='word_1_30' title='bbox 2067 699 2078 706; x_wconf 88' lang='lat'><em>.</em></span> <span class='ocrx_word' id='word_1_31' title='bbox 2349 701 2360 706; x_wconf 83' lang='lat'><strong>-</strong></span> <span class='ocrx_word' id='word_1_32' title='bbox 2458 687 2518 706; x_wconf 81' lang='grc' dir='ltr'>Ιῖ.</span> <span class='ocrx_word' id='word_1_33' title='bbox 2558 685 2874 706; x_wconf 67' lang='lat' dir='ltr'><strong>9--..2n_-_:..</strong></span> <span class='ocrx_word' id='word_1_34' title='bbox 2929 682 2978 706; x_wconf 52' lang='lat'><strong>2-1</strong></span> <span class='ocrx_word' id='word_1_35' title='bbox 3019 680 3358 706; x_wconf 64' lang='grc' dir='ltr'><strong>ΑΑ-ΜΛ..ἶΙιιιιι</strong></span> 
     </span>
    </p>
   </div>
   <div class='ocr_carea' id='block_1_5' title="bbox 147 711 1681 795">
    <p class='ocr_par' dir='ltr' id='par_1_5' title="bbox 147 711 1681 795">
     <span class='ocr_line' id='line_1_6' title="bbox 147 711 1681 795; baseline -0.014 -10"><span class='ocrx_word' id='word_1_36' title='bbox 147 734 200 786; x_wconf 88' lang='lat' dir='ltr'><strong>ad</strong></span> <span class='ocrx_word' id='word_1_37' title='bbox 228 726 504 795; x_wconf 80' lang='lat' dir='ltr'><strong>imaginem</strong></span> <span class='ocrx_word' id='word_1_38' title='bbox 540 722 636 776; x_wconf 89' lang='lat' dir='ltr'><strong>Dei</strong></span> <span class='ocrx_word' id='word_1_39' title='bbox 672 720 880 783; x_wconf 87' lang='lat' dir='ltr'><strong>factus,</strong></span> <span class='ocrx_word' id='word_1_40' title='bbox 917 716 1054 770; x_wconf 89' lang='lat' dir='ltr'><strong>alius</strong></span> <span class='ocrx_word' id='word_1_41' title='bbox 1086 716 1152 770; x_wconf 85' lang='lat' dir='ltr'><strong>de</strong></span> <span class='ocrx_word' id='word_1_42' title='bbox 1187 713 1314 767; x_wconf 89' lang='lat' dir='ltr'><strong>limo</strong></span> <span class='ocrx_word' id='word_1_43' title='bbox 1349 722 1507 766; x_wconf 69' lang='lat' dir='ltr'><strong>terrae</strong></span> <span class='ocrx_word' id='word_1_44' title='bbox 1559 711 1681 777; x_wconf 59' lang='lat' dir='ltr'><strong>pla-</strong></span> 
     </span>
    </p>
   </div>
   <div class='ocr_carea' id='block_1_6' title="bbox 141 803 1682 885">
    <p class='ocr_par' dir='ltr' id='par_1_6' title="bbox 141 803 1682 885">
     <span class='ocr_line' id='line_1_7' title="bbox 141 803 1682 885; baseline -0.018 -6"><span class='ocrx_word' id='word_1_45' title='bbox 141 833 314 879; x_wconf 87' lang='lat' dir='ltr'><strong>sntatus</strong></span> <span class='ocrx_word' id='word_1_46' title='bbox 331 815 560 874; x_wconf 77' lang='lat' dir='ltr'><strong>refertur</strong></span> <span class='ocrx_word' id='word_1_47' title='bbox 577 811 646 885; x_wconf 77' lang='lat'><strong>&quot;)</strong></span> <span class='ocrx_word' id='word_1_48' title='bbox 671 822 762 878; x_wconf 90' lang='lat' dir='ltr'><strong>,et</strong></span> <span class='ocrx_word' id='word_1_49' title='bbox 787 813 886 866; x_wconf 91' lang='lat' dir='ltr'><strong>hos</strong></span> <span class='ocrx_word' id='word_1_50' title='bbox 916 810 1062 877; x_wconf 89' lang='lat' dir='ltr'><strong>ipsos</strong></span> <span class='ocrx_word' id='word_1_51' title='bbox 1092 821 1235 860; x_wconf 90' lang='lat' dir='ltr'><strong>nunc</strong></span> <span class='ocrx_word' id='word_1_52' title='bbox 1265 806 1428 859; x_wconf 86' lang='lat' dir='ltr'><strong>alium</strong></span> <span class='ocrx_word' id='word_1_53' title='bbox 1477 803 1530 857; x_wconf 93' lang='lat' dir='ltr'><strong>in</strong></span> <span class='ocrx_word' id='word_1_54' title='bbox 1567 818 1682 854; x_wconf 86' lang='lat' dir='ltr'><strong>ma-</strong></span> 
     </span>
    </p>
   </div>
   <div class='ocr_carea' id='block_1_7' title="bbox 143 893 1684 973">
    <p class='ocr_par' dir='ltr' id='par_1_7' title="bbox 143 893 1684 973">
     <span class='ocr_line' id='line_1_8' title="bbox 143 893 1684 973; baseline -0.012 -8"><span class='ocrx_word' id='word_1_55' title='bbox 143 913 308 966; x_wconf 78' lang='lat' dir='ltr'><strong>ttifesto</strong></span> <span class='ocrx_word' id='word_1_56' title='bbox 329 949 344 973; x_wconf 95' lang='lat'><strong>,</strong></span> <span class='ocrx_word' id='word_1_57' title='bbox 393 907 560 962; x_wconf 89' lang='lat' dir='ltr'><strong>alium</strong></span> <span class='ocrx_word' id='word_1_58' title='bbox 596 907 650 959; x_wconf 94' lang='lat' dir='ltr'><strong>in</strong></span> <span class='ocrx_word' id='word_1_59' title='bbox 678 901 893 960; x_wconf 89' lang='lat' dir='ltr'><strong>occulto</strong></span> <span class='ocrx_word' id='word_1_60' title='bbox 919 899 1165 955; x_wconf 66' lang='lat' dir='ltr'><strong>Judaeum</strong></span> <span class='ocrx_word' id='word_1_61' title='bbox 1194 907 1353 951; x_wconf 90' lang='lat' dir='ltr'><strong>vocat</strong></span> <span class='ocrx_word' id='word_1_62' title='bbox 1380 895 1426 926; x_wconf 79' lang='lat'>”</span> <span class='ocrx_word' id='word_1_63' title='bbox 1459 910 1473 947; x_wconf 91' lang='lat'><strong>:</strong></span> <span class='ocrx_word' id='word_1_64' title='bbox 1509 893 1684 948; x_wconf 88' lang='lat' dir='ltr'><strong>scien-</strong></span> 
     </span>
    </p>
   </div>
   <div class='ocr_carea' id='block_1_8' title="bbox 142 986 1683 1069">
    <p class='ocr_par' dir='ltr' id='par_1_8' title="bbox 142 986 1683 1069">
     <span class='ocr_line' id='line_1_9' title="bbox 142 986 1683 1069; baseline -0.011 -15"><span class='ocrx_word' id='word_1_65' title='bbox 142 1004 244 1056; x_wconf 88' lang='lat' dir='ltr'><strong>dum</strong></span> <span class='ocrx_word' id='word_1_66' title='bbox 272 1009 350 1056; x_wconf 90' lang='lat' dir='ltr'><strong>est</strong></span> <span class='ocrx_word' id='word_1_67' title='bbox 386 997 526 1069; x_wconf 88' lang='lat' dir='ltr'><strong>quod</strong></span> <span class='ocrx_word' id='word_1_68' title='bbox 560 999 759 1052; x_wconf 91' lang='lat' dir='ltr'><strong>horum</strong></span> <span class='ocrx_word' id='word_1_69' title='bbox 788 1005 1018 1062; x_wconf 91' lang='lat' dir='ltr'><strong>uterque</strong></span> <span class='ocrx_word' id='word_1_70' title='bbox 1060 990 1113 1045; x_wconf 92' lang='lat' dir='ltr'><strong>in</strong></span> <span class='ocrx_word' id='word_1_71' title='bbox 1145 988 1473 1059; x_wconf 82' lang='lat' dir='ltr'><strong>quibusdam</strong></span> <span class='ocrx_word' id='word_1_72' title='bbox 1511 986 1683 1040; x_wconf 81' lang='lat' dir='ltr'><strong>disso-</strong></span> 
     </span>
    </p>
   </div>
   <div class='ocr_carea' id='block_1_9' title="bbox 141 1079 1682 1158">
    <p class='ocr_par' dir='ltr' id='par_1_9' title="bbox 141 1079 1682 1158">
     <span class='ocr_line' id='line_1_10' title="bbox 141 1079 1682 1158; baseline -0.012 -9"><span class='ocrx_word' id='word_1_73' title='bbox 141 1096 226 1158; x_wconf 80' lang='lat' dir='ltr'><strong>nis,</strong></span> <span class='ocrx_word' id='word_1_74' title='bbox 273 1093 323 1146; x_wconf 93' lang='lat' dir='ltr'><strong>in</strong></span> <span class='ocrx_word' id='word_1_75' title='bbox 367 1089 646 1146; x_wconf 84' lang='lat' dir='ltr'><strong>nonnullis</strong></span> <span class='ocrx_word' id='word_1_76' title='bbox 677 1103 808 1144; x_wconf 86' lang='lat' dir='ltr'><strong>vero</strong></span> <span class='ocrx_word' id='word_1_77' title='bbox 841 1083 1225 1140; x_wconf 86' lang='lat' dir='ltr'><strong>communibus</strong></span> <span class='ocrx_word' id='word_1_78' title='bbox 1267 1080 1439 1135; x_wconf 89' lang='lat' dir='ltr'><strong>utitur</strong></span> <span class='ocrx_word' id='word_1_79' title='bbox 1467 1079 1682 1133; x_wconf 88' lang='lat' dir='ltr'><strong>institu-</strong></span> 
     </span>
    </p>
   </div>
   <div class='ocr_carea' id='block_1_10' title="bbox 141 1170 1681 1252">
    <p class='ocr_par' dir='ltr' id='par_1_10' title="bbox 141 1170 1681 1252">
     <span class='ocr_line' id='line_1_11' title="bbox 141 1170 1681 1252; baseline -0.013 -12"><span class='ocrx_word' id='word_1_80' title='bbox 141 1187 217 1240; x_wconf 91' lang='lat' dir='ltr'><strong>tis.</strong></span> <span class='ocrx_word' id='word_1_81' title='bbox 248 1183 372 1238; x_wconf 88' lang='lat' dir='ltr'><strong>Nam</strong></span> <span class='ocrx_word' id='word_1_82' title='bbox 415 1190 545 1237; x_wconf 90' lang='lat' dir='ltr'><strong>sunt</strong></span> <span class='ocrx_word' id='word_1_83' title='bbox 589 1181 844 1252; x_wconf 66' lang='lat' dir='ltr'><strong>quaedam</strong></span> <span class='ocrx_word' id='word_1_84' title='bbox 892 1189 1012 1246; x_wconf 72' lang='lat' dir='ltr'><strong>qua:</strong></span> <span class='ocrx_word' id='word_1_85' title='bbox 1055 1175 1125 1230; x_wconf 90' lang='lat' dir='ltr'><strong>ab</strong></span> <span class='ocrx_word' id='word_1_86' title='bbox 1171 1173 1432 1227; x_wconf 89' lang='lat' dir='ltr'><strong>interiore</strong></span> <span class='ocrx_word' id='word_1_87' title='bbox 1463 1170 1681 1224; x_wconf 85' lang='lat' dir='ltr'><strong>homine</strong></span> 
     </span>
    </p>
   </div>
   <div class='ocr_carea' id='block_1_11' title="bbox 140 1265 1682 1339">
    <p class='ocr_par' dir='ltr' id='par_1_11' title="bbox 140 1265 1682 1339">
     <span class='ocr_line' id='line_1_12' title="bbox 140 1265 1682 1339; baseline -0.012 -7"><span class='ocrx_word' id='word_1_88' title='bbox 140 1278 318 1332; x_wconf 88' lang='lat' dir='ltr'><strong>initium</strong></span> <span class='ocrx_word' id='word_1_89' title='bbox 364 1282 626 1339; x_wconf 89' lang='lat' dir='ltr'><strong>sumunt,</strong></span> <span class='ocrx_word' id='word_1_90' title='bbox 680 1281 736 1326; x_wconf 92' lang='lat' dir='ltr'><strong>et</strong></span> <span class='ocrx_word' id='word_1_91' title='bbox 787 1283 962 1338; x_wconf 88' lang='lat' dir='ltr'><strong>usque</strong></span> <span class='ocrx_word' id='word_1_92' title='bbox 1010 1269 1076 1321; x_wconf 87' lang='lat' dir='ltr'><strong>ad</strong></span> <span class='ocrx_word' id='word_1_93' title='bbox 1115 1265 1442 1322; x_wconf 77' lang='lat' dir='ltr'><strong>exteriorem</strong></span> <span class='ocrx_word' id='word_1_94' title='bbox 1493 1276 1682 1330; x_wconf 87' lang='lat' dir='ltr'><strong>perve—</strong></span> 
     </span>
    </p>
   </div>
   <div class='ocr_carea' id='block_1_12' title="bbox 139 1357 1680 1424">
    <p class='ocr_par' dir='ltr' id='par_1_12' title="bbox 139 1357 1680 1424">
     <span class='ocr_line' id='line_1_13' title="bbox 139 1357 1680 1424; baseline -0.01 0"><span class='ocrx_word' id='word_1_95' title='bbox 139 1370 269 1424; x_wconf 89' lang='lat' dir='ltr'><strong>niunt</strong></span> <span class='ocrx_word' id='word_1_96' title='bbox 296 1385 311 1422; x_wconf 90' lang='lat'><strong>:</strong></span> <span class='ocrx_word' id='word_1_97' title='bbox 338 1366 441 1420; x_wconf 83' lang='lat' dir='ltr'><strong>alia</strong></span> <span class='ocrx_word' id='word_1_98' title='bbox 463 1380 599 1420; x_wconf 91' lang='lat' dir='ltr'><strong>vero</strong></span> <span class='ocrx_word' id='word_1_99' title='bbox 624 1364 693 1419; x_wconf 92' lang='lat' dir='ltr'><strong>ab</strong></span> <span class='ocrx_word' id='word_1_100' title='bbox 723 1361 1000 1417; x_wconf 78' lang='lat' dir='ltr'><strong>exteriore</strong></span> <span class='ocrx_word' id='word_1_101' title='bbox 1035 1357 1254 1414; x_wconf 88' lang='lat' dir='ltr'><strong>homine</strong></span> <span class='ocrx_word' id='word_1_102' title='bbox 1279 1358 1529 1410; x_wconf 85' lang='lat' dir='ltr'><strong>inchoata</strong></span> <span class='ocrx_word' id='word_1_103' title='bbox 1559 1370 1680 1424; x_wconf 91' lang='lat' dir='ltr'><strong>per-</strong></span> 
     </span>
    </p>
   </div>
   <div class='ocr_carea' id='block_1_13' title="bbox 140 1447 1682 1529">
    <p class='ocr_par' dir='ltr' id='par_1_13' title="bbox 140 1447 1682 1529">
     <span class='ocr_line' id='line_1_14' title="bbox 140 1447 1682 1529; baseline -0.008 -16"><span class='ocrx_word' id='word_1_104' title='bbox 140 1463 333 1515; x_wconf 77' lang='lat' dir='ltr'><strong>veniunt</strong></span> <span class='ocrx_word' id='word_1_105' title='bbox 381 1473 557 1529; x_wconf 84' lang='lat' dir='ltr'><strong>usque</strong></span> <span class='ocrx_word' id='word_1_106' title='bbox 607 1458 676 1511; x_wconf 89' lang='lat' dir='ltr'><strong>ad</strong></span> <span class='ocrx_word' id='word_1_107' title='bbox 730 1453 1066 1510; x_wconf 88' lang='lat' dir='ltr'><strong>interiorem.</strong></span> <span class='ocrx_word' id='word_1_108' title='bbox 1118 1448 1272 1516; x_wconf 83' lang='lat' dir='ltr'><strong>Quod</strong></span> <span class='ocrx_word' id='word_1_109' title='bbox 1325 1456 1506 1503; x_wconf 89' lang='lat' dir='ltr'><strong>autem</strong></span> <span class='ocrx_word' id='word_1_110' title='bbox 1559 1447 1682 1500; x_wconf 75' lang='lat' dir='ltr'><strong>dit-0</strong></span> 
     </span>
    </p>
   </div>
   <div class='ocr_carea' id='block_1_14' title="bbox 139 1543 1678 1606">
    <p class='ocr_par' dir='ltr' id='par_1_14' title="bbox 139 1543 1678 1606">
     <span class='ocr_line' id='line_1_15' title="bbox 139 1543 1678 1606; baseline -0.01 -1"><span class='ocrx_word' id='word_1_111' title='bbox 139 1553 224 1606; x_wconf 86' lang='lat' dir='ltr'><strong>tale</strong></span> <span class='ocrx_word' id='word_1_112' title='bbox 247 1560 342 1606; x_wconf 88' lang='lat' dir='ltr'><strong>est.</strong></span> <span class='ocrx_word' id='word_1_113' title='bbox 382 1551 438 1605; x_wconf 88' lang='lat' dir='ltr'><strong>Si</strong></span> <span class='ocrx_word' id='word_1_114' title='bbox 471 1551 707 1605; x_wconf 85' lang='lat' dir='ltr'><strong>castitas</strong></span> <span class='ocrx_word' id='word_1_115' title='bbox 733 1548 801 1602; x_wconf 93' lang='lat' dir='ltr'><strong>ab</strong></span> <span class='ocrx_word' id='word_1_116' title='bbox 835 1545 1096 1600; x_wconf 89' lang='lat' dir='ltr'><strong>interiore</strong></span> <span class='ocrx_word' id='word_1_117' title='bbox 1135 1543 1354 1596; x_wconf 81' lang='lat' dir='ltr'><strong>homine</strong></span> <span class='ocrx_word' id='word_1_118' title='bbox 1380 1550 1554 1594; x_wconf 84' lang='lat' dir='ltr'><strong>sumat</strong></span> <span class='ocrx_word' id='word_1_119' title='bbox 1585 1553 1678 1592; x_wconf 82' lang='lat' dir='ltr'><strong>ex-</strong></span> 
     </span>
    </p>
   </div>
   <div class='ocr_carea' id='block_1_15' title="bbox 138 1633 1682 1711">
    <p class='ocr_par' dir='ltr' id='par_1_15' title="bbox 138 1633 1682 1711">
     <span class='ocr_line' id='line_1_16' title="bbox 138 1633 1682 1711; baseline -0.012 -11"><span class='ocrx_word' id='word_1_120' title='bbox 138 1645 316 1700; x_wconf 89' lang='lat' dir='ltr'><strong>ordium</strong></span> <span class='ocrx_word' id='word_1_121' title='bbox 338 1683 352 1705; x_wconf 90' lang='lat'><strong>,</strong></span> <span class='ocrx_word' id='word_1_122' title='bbox 388 1641 643 1711; x_wconf 82' lang='lat' dir='ltr'><strong>pervenit</strong></span> <span class='ocrx_word' id='word_1_123' title='bbox 671 1640 791 1694; x_wconf 87' lang='lat' dir='ltr'><strong>sine</strong></span> <span class='ocrx_word' id='word_1_124' title='bbox 819 1637 983 1692; x_wconf 89' lang='lat' dir='ltr'><strong>dubio</strong></span> <span class='ocrx_word' id='word_1_125' title='bbox 1012 1637 1124 1708; x_wconf 81' lang='lat'><strong>(57)</strong></span> <span class='ocrx_word' id='word_1_126' title='bbox 1153 1651 1326 1705; x_wconf 84' lang='lat' dir='ltr'><strong>usque</strong></span> <span class='ocrx_word' id='word_1_127' title='bbox 1353 1635 1419 1688; x_wconf 88' lang='lat' dir='ltr'><strong>ad</strong></span> <span class='ocrx_word' id='word_1_128' title='bbox 1446 1633 1682 1688; x_wconf 82' lang='lat' dir='ltr'><strong>exterio-</strong></span> 
     </span>
    </p>
   </div>
   <div class='ocr_carea' id='block_1_16' title="bbox 139 1726 1679 1802">
    <p class='ocr_par' dir='ltr' id='par_1_16' title="bbox 139 1726 1679 1802">
     <span class='ocr_line' id='line_1_17' title="bbox 139 1726 1679 1802; baseline -0.008 -14"><span class='ocrx_word' id='word_1_129' title='bbox 139 1751 251 1788; x_wconf 85' lang='lat' dir='ltr'><strong>rem.</strong></span> <span class='ocrx_word' id='word_1_130' title='bbox 287 1733 469 1802; x_wconf 81' lang='lat' dir='ltr'><strong>Neque</strong></span> <span class='ocrx_word' id='word_1_131' title='bbox 499 1732 648 1787; x_wconf 90' lang='lat' dir='ltr'><strong>enim</strong></span> <span class='ocrx_word' id='word_1_132' title='bbox 686 1731 801 1786; x_wconf 85' lang='lat' dir='ltr'><strong>fieri</strong></span> <span class='ocrx_word' id='word_1_133' title='bbox 837 1739 1048 1799; x_wconf 83' lang='lat' dir='ltr'><strong>potest,</strong></span> <span class='ocrx_word' id='word_1_134' title='bbox 1083 1738 1142 1781; x_wconf 91' lang='lat' dir='ltr'><strong>ut</strong></span> <span class='ocrx_word' id='word_1_135' title='bbox 1171 1726 1216 1781; x_wconf 93' lang='lat' dir='ltr'><strong>si</strong></span> <span class='ocrx_word' id='word_1_136' title='bbox 1249 1737 1374 1780; x_wconf 89' lang='lat' dir='ltr'><strong>ante</strong></span> <span class='ocrx_word' id='word_1_137' title='bbox 1402 1726 1526 1795; x_wconf 87' lang='lat' dir='ltr'><strong>quis</strong></span> <span class='ocrx_word' id='word_1_138' title='bbox 1575 1741 1679 1777; x_wconf 90' lang='lat' dir='ltr'><strong>tton</strong></span> 
     </span>
    </p>
   </div>
   <div class='ocr_carea' id='block_1_17' title="bbox 135 1820 1677 1890">
    <p class='ocr_par' dir='ltr' id='par_1_17' title="bbox 135 1820 1677 1890">
     <span class='ocr_line' id='line_1_18' title="bbox 135 1820 1677 1890; baseline -0.006 -10"><span class='ocrx_word' id='word_1_139' title='bbox 135 1826 401 1881; x_wconf 79' lang='lat' dir='ltr'><strong>nuechetur</strong></span> <span class='ocrx_word' id='word_1_140' title='bbox 452 1824 508 1879; x_wconf 91' lang='lat' dir='ltr'><strong>in</strong></span> <span class='ocrx_word' id='word_1_141' title='bbox 563 1823 769 1890; x_wconf 86' lang='lat' dir='ltr'><strong>corde,</strong></span> <span class='ocrx_word' id='word_1_142' title='bbox 802 1821 1066 1877; x_wconf 71' lang='lat' dir='ltr'><strong>ntmchari</strong></span> <span class='ocrx_word' id='word_1_143' title='bbox 1117 1821 1287 1890; x_wconf 87' lang='lat' dir='ltr'><strong>possit</strong></span> <span class='ocrx_word' id='word_1_144' title='bbox 1326 1820 1378 1873; x_wconf 91' lang='lat' dir='ltr'><strong>in</strong></span> <span class='ocrx_word' id='word_1_145' title='bbox 1427 1831 1677 1886; x_wconf 86' lang='lat' dir='ltr'><strong>corpore.</strong></span> 
     </span>
    </p>
   </div>
   <div class='ocr_carea' id='block_1_18' title="bbox 137 1909 1679 1985">
    <p class='ocr_par' dir='ltr' id='par_1_18' title="bbox 137 1909 1679 1985">
     <span class='ocr_line' id='line_1_19' title="bbox 137 1909 1679 1985; baseline -0.007 -14"><span class='ocrx_word' id='word_1_146' title='bbox 137 1919 220 1971; x_wconf 81' lang='lat' dir='ltr'><strong>Sed</strong></span> <span class='ocrx_word' id='word_1_147' title='bbox 244 1933 339 1971; x_wconf 92' lang='lat' dir='ltr'><strong>non</strong></span> <span class='ocrx_word' id='word_1_148' title='bbox 368 1917 632 1971; x_wconf 88' lang='lat' dir='ltr'><strong>continuo</strong></span> <span class='ocrx_word' id='word_1_149' title='bbox 659 1916 705 1969; x_wconf 93' lang='lat' dir='ltr'><strong>si</strong></span> <span class='ocrx_word' id='word_1_150' title='bbox 740 1915 864 1985; x_wconf 90' lang='lat' dir='ltr'><strong>quis</strong></span> <span class='ocrx_word' id='word_1_151' title='bbox 890 1913 959 1968; x_wconf 89' lang='lat' dir='ltr'><strong>ab</strong></span> <span class='ocrx_word' id='word_1_152' title='bbox 999 1912 1293 1968; x_wconf 83' lang='lat' dir='ltr'><strong>exterioris</strong></span> <span class='ocrx_word' id='word_1_153' title='bbox 1326 1909 1561 1963; x_wconf 86' lang='lat' dir='ltr'><strong>hominis</strong></span> <span class='ocrx_word' id='word_1_154' title='bbox 1598 1909 1679 1961; x_wconf 89' lang='lat' dir='ltr'><strong>itt-</strong></span> 
     </span>
    </p>
   </div>
   <div class='ocr_carea' id='block_1_19' title="bbox 137 2005 1680 2078">
    <p class='ocr_par' dir='ltr' id='par_1_19' title="bbox 137 2005 1680 2078">
     <span class='ocr_line' id='line_1_20' title="bbox 137 2005 1680 2078; baseline -0.006 -14"><span class='ocrx_word' id='word_1_155' title='bbox 137 2010 269 2078; x_wconf 84' lang='lat' dir='ltr'><strong>cipiat</strong></span> <span class='ocrx_word' id='word_1_156' title='bbox 293 2009 582 2072; x_wconf 88' lang='lat' dir='ltr'><strong>castitate,</strong></span> <span class='ocrx_word' id='word_1_157' title='bbox 617 2009 869 2078; x_wconf 82' lang='lat' dir='ltr'><strong>pervenit</strong></span> <span class='ocrx_word' id='word_1_158' title='bbox 891 2008 1057 2062; x_wconf 89' lang='lat' dir='ltr'><strong>etiam</strong></span> <span class='ocrx_word' id='word_1_159' title='bbox 1089 2007 1156 2060; x_wconf 90' lang='lat' dir='ltr'><strong>ad</strong></span> <span class='ocrx_word' id='word_1_160' title='bbox 1194 2005 1512 2060; x_wconf 90' lang='lat' dir='ltr'><strong>interiorem</strong></span> <span class='ocrx_word' id='word_1_161' title='bbox 1545 2017 1680 2056; x_wconf 89' lang='lat' dir='ltr'><strong>con-</strong></span> 
     </span>
    </p>
   </div>
   <div class='ocr_carea' id='block_1_20' title="bbox 137 2093 1678 2163">
    <p class='ocr_par' dir='ltr' id='par_1_20' title="bbox 137 2093 1678 2163">
     <span class='ocr_line' id='line_1_21' title="bbox 137 2093 1678 2163; baseline -0.004 -13"><span class='ocrx_word' id='word_1_162' title='bbox 137 2099 417 2163; x_wconf 87' lang='lat' dir='ltr'><strong>tinentiam;</strong></span> <span class='ocrx_word' id='word_1_163' title='bbox 457 2108 517 2153; x_wconf 91' lang='lat' dir='ltr'><strong>ut</strong></span> <span class='ocrx_word' id='word_1_164' title='bbox 545 2099 594 2154; x_wconf 90' lang='lat' dir='ltr'><strong>si</strong></span> <span class='ocrx_word' id='word_1_165' title='bbox 628 2113 734 2152; x_wconf 92' lang='lat' dir='ltr'><strong>non</strong></span> <span class='ocrx_word' id='word_1_166' title='bbox 764 2097 1073 2152; x_wconf 74' lang='lat' dir='ltr'><strong>mtecbatur</strong></span> <span class='ocrx_word' id='word_1_167' title='bbox 1110 2096 1163 2148; x_wconf 93' lang='lat' dir='ltr'><strong>in</strong></span> <span class='ocrx_word' id='word_1_168' title='bbox 1194 2108 1425 2163; x_wconf 90' lang='lat' dir='ltr'><strong>corpore</strong></span> <span class='ocrx_word' id='word_1_169' title='bbox 1446 2133 1461 2157; x_wconf 90' lang='lat'><strong>,</strong></span> <span class='ocrx_word' id='word_1_170' title='bbox 1495 2107 1595 2149; x_wconf 89' lang='lat' dir='ltr'><strong>nec</strong></span> <span class='ocrx_word' id='word_1_171' title='bbox 1626 2093 1678 2146; x_wconf 89' lang='lat' dir='ltr'><strong>in</strong></span> 
     </span>
    </p>
   </div>
   <div class='ocr_carea' id='block_1_21' title="bbox 133 2167 1681 2259">
    <p class='ocr_par' dir='ltr' id='par_1_21' title="bbox 133 2167 1681 2259">
     <span class='ocr_line' id='line_1_22' title="bbox 133 2167 1681 2259; baseline -0.005 -15"><span class='ocrx_word' id='word_1_172' title='bbox 133 2190 266 2244; x_wconf 86' lang='lat' dir='ltr'><strong>corde</strong></span> <span class='ocrx_word' id='word_1_173' title='bbox 306 2189 618 2244; x_wconf 72' lang='lat' dir='ltr'><strong>mtecbetur</strong></span> <span class='ocrx_word' id='word_1_174' title='bbox 669 2189 804 2259; x_wconf 86' lang='lat'><strong>(58).</strong></span> <span class='ocrx_word' id='word_1_175' title='bbox 866 2186 1176 2243; x_wconf 91' lang='lat' dir='ltr'><strong>Secundum</strong></span> <span class='ocrx_word' id='word_1_176' title='bbox 1229 2186 1344 2239; x_wconf 63' lang='lat' dir='ltr'><strong>hanc</strong></span> <span class='ocrx_word' id='word_1_177' title='bbox 1391 2167 1520 2252; x_wconf 81' lang='lat' dir='ltr'><strong>ergo</strong></span> <span class='ocrx_word' id='word_1_178' title='bbox 1573 2183 1681 2236; x_wconf 91' lang='lat' dir='ltr'><strong>cir-</strong></span> 
     </span>
    </p>
   </div>
   <div class='ocr_carea' id='block_1_22' title="bbox 135 2275 1680 2345">
    <p class='ocr_par' dir='ltr' id='par_1_22' title="bbox 135 2275 1680 2345">
     <span class='ocr_line' id='line_1_23' title="bbox 135 2275 1680 2345; baseline -0.002 -12"><span class='ocrx_word' id='word_1_179' title='bbox 135 2282 363 2335; x_wconf 87' lang='lat' dir='ltr'><strong>cumcisio</strong></span> <span class='ocrx_word' id='word_1_180' title='bbox 393 2281 683 2336; x_wconf 87' lang='lat' dir='ltr'><strong>interioris</strong></span> <span class='ocrx_word' id='word_1_181' title='bbox 706 2290 760 2335; x_wconf 93' lang='lat' dir='ltr'><strong>et</strong></span> <span class='ocrx_word' id='word_1_182' title='bbox 784 2279 1076 2335; x_wconf 79' lang='lat' dir='ltr'><strong>exterioris</strong></span> <span class='ocrx_word' id='word_1_183' title='bbox 1104 2278 1344 2334; x_wconf 85' lang='lat' dir='ltr'><strong>hominis</strong></span> <span class='ocrx_word' id='word_1_184' title='bbox 1374 2275 1680 2345; x_wconf 89' lang='lat' dir='ltr'><strong>allegoricis</strong></span> 
     </span>
    </p>
   </div>
   <div class='ocr_carea' id='block_1_23' title="bbox 132 2366 1681 2443">
    <p class='ocr_par' dir='ltr' id='par_1_23' title="bbox 132 2366 1681 2443">
     <span class='ocr_line' id='line_1_24' title="bbox 132 2366 1681 2443; baseline 0 -20"><span class='ocrx_word' id='word_1_185' title='bbox 132 2369 305 2441; x_wconf 76' lang='lat' dir='ltr'><strong>legibus</strong></span> <span class='ocrx_word' id='word_1_186' title='bbox 347 2372 733 2443; x_wconf 78' lang='lat' dir='ltr'><strong>intelligatur,</strong></span> <span class='ocrx_word' id='word_1_187' title='bbox 781 2387 904 2426; x_wconf 89' lang='lat' dir='ltr'><strong>cum</strong></span> <span class='ocrx_word' id='word_1_188' title='bbox 934 2371 1048 2440; x_wconf 84' lang='lat' dir='ltr'><strong>jam</strong></span> <span class='ocrx_word' id='word_1_189' title='bbox 1095 2384 1274 2439; x_wconf 90' lang='lat' dir='ltr'><strong>neque</strong></span> <span class='ocrx_word' id='word_1_190' title='bbox 1320 2369 1547 2424; x_wconf 89' lang='lat' dir='ltr'><strong>interior</strong></span> <span class='ocrx_word' id='word_1_191' title='bbox 1589 2366 1681 2423; x_wconf 88' lang='lat' dir='ltr'><strong>ille</strong></span> 
     </span>
    </p>
   </div>
   <div class='ocr_carea' id='block_1_24' title="bbox 133 2459 1680 2532">
    <p class='ocr_par' dir='ltr' id='par_1_24' title="bbox 133 2459 1680 2532">
     <span class='ocr_line' id='line_1_25' title="bbox 133 2459 1680 2532; baseline -0.002 -16"><span class='ocrx_word' id='word_1_192' title='bbox 133 2465 428 2532; x_wconf 81' lang='lat' dir='ltr'><strong>concupiscit</strong></span> <span class='ocrx_word' id='word_1_193' title='bbox 460 2466 515 2518; x_wconf 92' lang='lat' dir='ltr'><strong>in</strong></span> <span class='ocrx_word' id='word_1_194' title='bbox 549 2465 752 2530; x_wconf 90' lang='lat' dir='ltr'><strong>corde,</strong></span> <span class='ocrx_word' id='word_1_195' title='bbox 789 2479 964 2532; x_wconf 91' lang='lat' dir='ltr'><strong>neque</strong></span> <span class='ocrx_word' id='word_1_196' title='bbox 1009 2461 1249 2518; x_wconf 90' lang='lat' dir='ltr'><strong>exterior</strong></span> <span class='ocrx_word' id='word_1_197' title='bbox 1293 2461 1396 2522; x_wconf 77' lang='lat' dir='ltr'><strong>iste</strong></span> <span class='ocrx_word' id='word_1_198' title='bbox 1423 2459 1680 2528; x_wconf 85' lang='lat' dir='ltr'><strong>concupi-</strong></span> 
     </span>
    </p>
   </div>
   <div class='ocr_carea' id='block_1_25' title="bbox 135 2551 1679 2624">
    <p class='ocr_par' dir='ltr' id='par_1_25' title="bbox 135 2551 1679 2624">
     <span class='ocr_line' id='line_1_26' title="bbox 135 2551 1679 2624; baseline -0.001 -17"><span class='ocrx_word' id='word_1_199' title='bbox 135 2555 322 2608; x_wconf 69' lang='lat' dir='ltr'><strong>scentia:</strong></span> <span class='ocrx_word' id='word_1_200' title='bbox 354 2555 641 2610; x_wconf 76' lang='lat' dir='ltr'><strong>ministrat</strong></span> <span class='ocrx_word' id='word_1_201' title='bbox 682 2555 738 2609; x_wconf 87' lang='lat' dir='ltr'><strong>in</strong></span> <span class='ocrx_word' id='word_1_202' title='bbox 785 2570 1014 2624; x_wconf 85' lang='lat' dir='ltr'><strong>corpore</strong></span> <span class='ocrx_word' id='word_1_203' title='bbox 1058 2571 1074 2608; x_wconf 89' lang='lat'><strong>:</strong></span> <span class='ocrx_word' id='word_1_204' title='bbox 1123 2563 1181 2607; x_wconf 92' lang='lat' dir='ltr'><strong>ut</strong></span> <span class='ocrx_word' id='word_1_205' title='bbox 1208 2552 1566 2608; x_wconf 85' lang='lat' dir='ltr'><strong>circumcisus</strong></span> <span class='ocrx_word' id='word_1_206' title='bbox 1596 2551 1679 2606; x_wconf 85' lang='lat' dir='ltr'><strong>di-</strong></span> 
     </span>
    </p>
   </div>
   <div class='ocr_carea' id='block_1_26' title="bbox 134 2642 1677 2719">
    <p class='ocr_par' dir='ltr' id='par_1_26' title="bbox 134 2642 1677 2719">
     <span class='ocr_line' id='line_1_27' title="bbox 134 2642 1677 2719; baseline -0.001 -20"><span class='ocrx_word' id='word_1_207' title='bbox 134 2656 260 2700; x_wconf 83' lang='lat' dir='ltr'><strong>catur</strong></span> <span class='ocrx_word' id='word_1_208' title='bbox 301 2647 353 2702; x_wconf 92' lang='lat' dir='ltr'><strong>in</strong></span> <span class='ocrx_word' id='word_1_209' title='bbox 385 2663 562 2704; x_wconf 90' lang='lat' dir='ltr'><strong>carne</strong></span> <span class='ocrx_word' id='word_1_210' title='bbox 610 2647 734 2714; x_wconf 91' lang='lat' dir='ltr'><strong>ille,</strong></span> <span class='ocrx_word' id='word_1_211' title='bbox 785 2663 948 2719; x_wconf 87' lang='lat' dir='ltr'><strong>quem</strong></span> <span class='ocrx_word' id='word_1_212' title='bbox 999 2645 1286 2716; x_wconf 81' lang='lat' dir='ltr'><strong>Apostolus</strong></span> <span class='ocrx_word' id='word_1_213' title='bbox 1331 2645 1468 2700; x_wconf 89' lang='lat' dir='ltr'><strong>dicit</strong></span> <span class='ocrx_word' id='word_1_214' title='bbox 1497 2645 1543 2676; x_wconf 75' lang='lat'>“</span> <span class='ocrx_word' id='word_1_215' title='bbox 1568 2642 1677 2713; x_wconf 76' lang='lat' dir='ltr'><strong>iam</strong></span> 
     </span>
    </p>
   </div>
   <div class='ocr_carea' id='block_1_27' title="bbox 132 2739 1678 2809">
    <p class='ocr_par' dir='ltr' id='par_1_27' title="bbox 132 2739 1678 2809">
     <span class='ocr_line' id='line_1_28' title="bbox 132 2739 1678 2809; baseline 0 -18"><span class='ocrx_word' id='word_1_216' title='bbox 132 2753 214 2792; x_wconf 86' lang='lat' dir='ltr'><strong>non</strong></span> <span class='ocrx_word' id='word_1_217' title='bbox 237 2754 345 2796; x_wconf 88' lang='lat' dir='ltr'><strong>esse</strong></span> <span class='ocrx_word' id='word_1_218' title='bbox 375 2741 426 2794; x_wconf 90' lang='lat' dir='ltr'><strong>in</strong></span> <span class='ocrx_word' id='word_1_219' title='bbox 454 2755 653 2804; x_wconf 85' lang='lat' dir='ltr'><strong>carne,</strong></span> <span class='ocrx_word' id='word_1_220' title='bbox 697 2742 792 2796; x_wconf 89' lang='lat' dir='ltr'><strong>sed</strong></span> <span class='ocrx_word' id='word_1_221' title='bbox 831 2741 884 2794; x_wconf 88' lang='lat' dir='ltr'><strong>itt</strong></span> <span class='ocrx_word' id='word_1_222' title='bbox 915 2741 1132 2808; x_wconf 88' lang='lat' dir='ltr'><strong>spiritu,</strong></span> <span class='ocrx_word' id='word_1_223' title='bbox 1166 2748 1221 2794; x_wconf 90' lang='lat' dir='ltr'><strong>et</strong></span> <span class='ocrx_word' id='word_1_224' title='bbox 1243 2739 1334 2809; x_wconf 86' lang='lat' dir='ltr'><strong>qui</strong></span> <span class='ocrx_word' id='word_1_225' title='bbox 1371 2746 1527 2794; x_wconf 89' lang='lat' dir='ltr'><strong>actus</strong></span> <span class='ocrx_word' id='word_1_226' title='bbox 1556 2753 1678 2792; x_wconf 85' lang='lat' dir='ltr'><strong>car-</strong></span> 
     </span>
    </p>
   </div>
   <div class='ocr_carea' id='block_1_28' title="bbox 129 2831 1673 2901">
    <p class='ocr_par' dir='ltr' id='par_1_28' title="bbox 129 2831 1673 2901">
     <span class='ocr_line' id='line_1_29' title="bbox 129 2831 1673 2901; baseline 0 -17"><span class='ocrx_word' id='word_1_227' title='bbox 129 2832 196 2885; x_wconf 86' lang='lat' dir='ltr'><strong>nis</strong></span> <span class='ocrx_word' id='word_1_228' title='bbox 215 2845 298 2899; x_wconf 89' lang='lat' dir='ltr'><strong>per</strong></span> <span class='ocrx_word' id='word_1_229' title='bbox 325 2833 586 2901; x_wconf 89' lang='lat' dir='ltr'><strong>spiritum</strong></span> <span class='ocrx_word' id='word_1_230' title='bbox 629 2834 924 2888; x_wconf 85' lang='lat' dir='ltr'><strong>mortiﬁcat</strong></span> <span class='ocrx_word' id='word_1_231' title='bbox 957 2835 1027 2889; x_wconf 80' lang='grc'><strong>²⁵.</strong></span> <span class='ocrx_word' id='word_1_232' title='bbox 1065 2835 1267 2890; x_wconf 83' lang='lat' dir='ltr'><strong>Verum</strong></span> <span class='ocrx_word' id='word_1_233' title='bbox 1297 2833 1554 2899; x_wconf 84' lang='lat' dir='ltr'><strong>quoniam</strong></span> <span class='ocrx_word' id='word_1_234' title='bbox 1581 2831 1673 2900; x_wconf 92' lang='lat' dir='ltr'><strong>qui</strong></span> 
     </span>
    </p>
   </div>
   <div class='ocr_carea' id='block_1_29' title="bbox 128 2922 1675 2994">
    <p class='ocr_par' dir='ltr' id='par_1_29' title="bbox 128 2922 1675 2994">
     <span class='ocr_line' id='line_1_30' title="bbox 128 2922 1675 2994; baseline 0.002 -20"><span class='ocrx_word' id='word_1_235' title='bbox 128 2922 446 2980; x_wconf 84' lang='lat' dir='ltr'><strong>circumcisus</strong></span> <span class='ocrx_word' id='word_1_236' title='bbox 478 2935 607 2986; x_wconf 87' lang='lat' dir='ltr'><strong>est,</strong></span> <span class='ocrx_word' id='word_1_237' title='bbox 639 2924 874 2994; x_wconf 85' lang='lat' dir='ltr'><strong>aliquam</strong></span> <span class='ocrx_word' id='word_1_238' title='bbox 921 2941 1143 2982; x_wconf 89' lang='lat' dir='ltr'><strong>carnem</strong></span> <span class='ocrx_word' id='word_1_239' title='bbox 1189 2923 1462 2994; x_wconf 89' lang='lat' dir='ltr'><strong>perditum</strong></span> <span class='ocrx_word' id='word_1_240' title='bbox 1503 2923 1675 2988; x_wconf 86' lang='lat' dir='ltr'><strong>dedit,</strong></span> 
     </span>
    </p>
   </div>
   <div class='ocr_carea' id='block_1_30' title="bbox 128 3013 1674 3085">
    <p class='ocr_par' dir='ltr' id='par_1_30' title="bbox 128 3013 1674 3085">
     <span class='ocr_line' id='line_1_31' title="bbox 128 3013 1674 3085; baseline 0.002 -22"><span class='ocrx_word' id='word_1_241' title='bbox 128 3013 324 3082; x_wconf 78' lang='lat' dir='ltr'><strong>aliquam</strong></span> <span class='ocrx_word' id='word_1_242' title='bbox 353 3017 608 3071; x_wconf 82' lang='lat' dir='ltr'><strong>servavit</strong></span> <span class='ocrx_word' id='word_1_243' title='bbox 636 3017 1004 3084; x_wconf 89' lang='lat' dir='ltr'><strong>incolumem,</strong></span> <span class='ocrx_word' id='word_1_244' title='bbox 1042 3018 1094 3071; x_wconf 93' lang='lat' dir='ltr'><strong>in</strong></span> <span class='ocrx_word' id='word_1_245' title='bbox 1124 3031 1190 3070; x_wconf 91' lang='lat' dir='ltr'><strong>eo</strong></span> <span class='ocrx_word' id='word_1_246' title='bbox 1218 3017 1360 3085; x_wconf 88' lang='lat' dir='ltr'><strong>quod</strong></span> <span class='ocrx_word' id='word_1_247' title='bbox 1403 3015 1674 3085; x_wconf 90' lang='lat' dir='ltr'><strong>perditum</strong></span> 
     </span>
    </p>
   </div>
   <div class='ocr_carea' id='block_1_31' title="bbox 128 3106 1675 3179">
    <p class='ocr_par' dir='ltr' id='par_1_31' title="bbox 128 3106 1675 3179">
     <span class='ocr_line' id='line_1_32' title="bbox 128 3106 1675 3179; baseline -0.001 -20"><span class='ocrx_word' id='word_1_248' title='bbox 128 3106 246 3160; x_wconf 82' lang='lat' dir='ltr'><strong>dedit</strong></span> <span class='ocrx_word' id='word_1_249' title='bbox 276 3107 420 3179; x_wconf 86' lang='lat'><strong>(59),</strong></span> <span class='ocrx_word' id='word_1_250' title='bbox 473 3109 631 3163; x_wconf 89' lang='lat' dir='ltr'><strong>illam</strong></span> <span class='ocrx_word' id='word_1_251' title='bbox 675 3122 898 3164; x_wconf 89' lang='lat' dir='ltr'><strong>carnem</strong></span> <span class='ocrx_word' id='word_1_252' title='bbox 941 3108 1242 3178; x_wconf 88' lang='lat' dir='ltr'><strong>signiticari</strong></span> <span class='ocrx_word' id='word_1_253' title='bbox 1287 3115 1417 3176; x_wconf 92' lang='lat' dir='ltr'><strong>puto</strong></span> <span class='ocrx_word' id='word_1_254' title='bbox 1461 3106 1532 3160; x_wconf 91' lang='lat' dir='ltr'><strong>de</strong></span> <span class='ocrx_word' id='word_1_255' title='bbox 1569 3118 1675 3174; x_wconf 86' lang='lat' dir='ltr'><strong>qua</strong></span> 
     </span>
    </p>
   </div>
   <div class='ocr_carea' id='block_1_32' title="bbox 127 3196 1677 3268">
    <p class='ocr_par' dir='ltr' id='par_1_32' title="bbox 127 3196 1677 3268">
     <span class='ocr_line' id='line_1_33' title="bbox 127 3196 1677 3268; baseline 0 -19"><span class='ocrx_word' id='word_1_256' title='bbox 127 3199 347 3268; x_wconf 83' lang='lat' dir='ltr'><strong>scriptum</strong></span> <span class='ocrx_word' id='word_1_257' title='bbox 371 3211 456 3256; x_wconf 86' lang='lat' dir='ltr'><strong>est</strong></span> <span class='ocrx_word' id='word_1_258' title='bbox 480 3201 536 3233; x_wconf 79' lang='lat'><strong>&quot;</strong></span> <span class='ocrx_word' id='word_1_259' title='bbox 566 3219 580 3254; x_wconf 92' lang='lat'>:</span> <span class='ocrx_word' id='word_1_260' title='bbox 616 3219 636 3253; x_wconf 77' lang='lat' dir='ltr'><strong>t</strong></span> <span class='ocrx_word' id='word_1_261' title='bbox 675 3199 865 3256; x_wconf 90' lang='lat' dir='ltr'><strong>Omnis</strong></span> <span class='ocrx_word' id='word_1_262' title='bbox 892 3215 1022 3255; x_wconf 89' lang='lat' dir='ltr'><strong>caro</strong></span> <span class='ocrx_word' id='word_1_263' title='bbox 1049 3199 1255 3265; x_wconf 83' lang='lat' dir='ltr'><strong>fenum,</strong></span> <span class='ocrx_word' id='word_1_264' title='bbox 1284 3210 1340 3253; x_wconf 92' lang='lat' dir='ltr'><strong>et</strong></span> <span class='ocrx_word' id='word_1_265' title='bbox 1361 3198 1538 3252; x_wconf 92' lang='lat' dir='ltr'><strong>omnis</strong></span> <span class='ocrx_word' id='word_1_266' title='bbox 1564 3196 1677 3266; x_wconf 89' lang='lat' dir='ltr'><strong>glo-</strong></span> 
     </span>
    </p>
   </div>
   <div class='ocr_carea' id='block_1_33' title="bbox 128 3291 1744 3381">
    <p class='ocr_par' dir='ltr' id='par_1_33' title="bbox 128 3291 1744 3381">
     <span class='ocr_line' id='line_1_34' title="bbox 128 3291 1744 3381; baseline 0.001 -39"><span class='ocrx_word' id='word_1_267' title='bbox 128 3291 188 3342; x_wconf 84' lang='lat' dir='ltr'><strong>ria</strong></span> <span class='ocrx_word' id='word_1_268' title='bbox 215 3292 319 3357; x_wconf 85' lang='lat' dir='ltr'><strong>eius</strong></span> <span class='ocrx_word' id='word_1_269' title='bbox 352 3294 520 3363; x_wconf 90' lang='lat' dir='ltr'><strong>quasi</strong></span> <span class='ocrx_word' id='word_1_270' title='bbox 546 3292 648 3348; x_wconf 83' lang='lat' dir='ltr'><strong>llos</strong></span> <span class='ocrx_word' id='word_1_271' title='bbox 674 3291 843 3348; x_wconf 63' lang='lat' dir='ltr'><strong>feni.»</strong></span> <span class='ocrx_word' id='word_1_272' title='bbox 867 3293 1011 3360; x_wconf 84' lang='lat' dir='ltr'><strong>Caro</strong></span> <span class='ocrx_word' id='word_1_273' title='bbox 1034 3305 1216 3347; x_wconf 90' lang='lat' dir='ltr'><strong>autem</strong></span> <span class='ocrx_word' id='word_1_274' title='bbox 1249 3307 1371 3362; x_wconf 65' lang='lat' dir='ltr'><strong>quae</strong></span> <span class='ocrx_word' id='word_1_275' title='bbox 1403 3303 1671 3353; x_wconf 81' lang='lat' dir='ltr'><strong>servatur,</strong></span> <span class='ocrx_word' id='word_1_276' title='bbox 1701 3323 1744 3381; x_wconf 65' lang='grc' dir='ltr'><strong>ο</strong></span> 
     </span>
    </p>
   </div>
   <div class='ocr_carea' id='block_1_34' title="bbox 124 3382 1674 3454">
    <p class='ocr_par' dir='ltr' id='par_1_34' title="bbox 124 3382 1674 3454">
     <span class='ocr_line' id='line_1_35' title="bbox 124 3382 1674 3454; baseline 0.002 -21"><span class='ocrx_word' id='word_1_277' title='bbox 124 3390 165 3434; x_wconf 85' lang='lat' dir='ltr'><strong>et</strong></span> <span class='ocrx_word' id='word_1_278' title='bbox 189 3383 460 3440; x_wconf 82' lang='lat' dir='ltr'><strong>incolumis</strong></span> <span class='ocrx_word' id='word_1_279' title='bbox 492 3395 816 3454; x_wconf 88' lang='lat' dir='ltr'><strong>permanet,</strong></span> <span class='ocrx_word' id='word_1_280' title='bbox 865 3383 993 3453; x_wconf 84' lang='lat' dir='ltr'><strong>puto</strong></span> <span class='ocrx_word' id='word_1_281' title='bbox 1035 3385 1179 3453; x_wconf 90' lang='lat' dir='ltr'><strong>quod</strong></span> <span class='ocrx_word' id='word_1_282' title='bbox 1222 3382 1455 3438; x_wconf 90' lang='lat' dir='ltr'><strong>formam</strong></span> <span class='ocrx_word' id='word_1_283' title='bbox 1488 3392 1674 3438; x_wconf 89' lang='lat' dir='ltr'><strong>teneat</strong></span> 
     </span>
    </p>
   </div>
   <div class='ocr_carea' id='block_1_35' title="bbox 124 3471 1674 3544">
    <p class='ocr_par' dir='ltr' id='par_1_35' title="bbox 124 3471 1674 3544">
     <span class='ocr_line' id='line_1_36' title="bbox 124 3471 1674 3544; baseline 0.001 -19"><span class='ocrx_word' id='word_1_284' title='bbox 124 3471 242 3527; x_wconf 72' lang='lat' dir='ltr'><strong>illius</strong></span> <span class='ocrx_word' id='word_1_285' title='bbox 287 3477 466 3533; x_wconf 84' lang='lat' dir='ltr'><strong>carnis</strong></span> <span class='ocrx_word' id='word_1_286' title='bbox 492 3477 569 3532; x_wconf 86' lang='lat' dir='ltr'><strong>de</strong></span> <span class='ocrx_word' id='word_1_287' title='bbox 599 3490 705 3544; x_wconf 92' lang='lat' dir='ltr'><strong>qua</strong></span> <span class='ocrx_word' id='word_1_288' title='bbox 751 3476 950 3531; x_wconf 89' lang='lat' dir='ltr'><strong>dicitur</strong></span> <span class='ocrx_word' id='word_1_289' title='bbox 979 3476 1058 3541; x_wconf 79' lang='grc'><strong>⁸⁷,</strong></span> <span class='ocrx_word' id='word_1_290' title='bbox 1102 3475 1229 3543; x_wconf 89' lang='lat' dir='ltr'><strong>quia</strong></span> <span class='ocrx_word' id='word_1_291' title='bbox 1275 3493 1293 3526; x_wconf 76' lang='grc' dir='ltr'>ι</span> <span class='ocrx_word' id='word_1_292' title='bbox 1332 3473 1510 3530; x_wconf 91' lang='lat' dir='ltr'><strong>omnis</strong></span> <span class='ocrx_word' id='word_1_293' title='bbox 1544 3489 1674 3528; x_wconf 89' lang='lat' dir='ltr'><strong>caro</strong></span> 
     </span>
    </p>
   </div>
   <div class='ocr_carea' id='block_1_36' title="bbox 123 3563 1674 3638">
    <p class='ocr_par' dir='ltr' id='par_1_36' title="bbox 123 3563 1674 3638">
     <span class='ocr_line' id='line_1_37' title="bbox 123 3563 1674 3638; baseline 0.003 -25"><span class='ocrx_word' id='word_1_294' title='bbox 123 3563 294 3620; x_wconf 78' lang='lat' dir='ltr'><strong>videbit</strong></span> <span class='ocrx_word' id='word_1_295' title='bbox 315 3566 569 3621; x_wconf 83' lang='lat' dir='ltr'><strong>salutare</strong></span> <span class='ocrx_word' id='word_1_296' title='bbox 600 3567 690 3622; x_wconf 87' lang='lat' dir='ltr'><strong>Dei</strong></span> <span class='ocrx_word' id='word_1_297' title='bbox 711 3566 884 3638; x_wconf 66' lang='lat'><strong>(60).»</strong></span> <span class='ocrx_word' id='word_1_298' title='bbox 907 3565 1011 3622; x_wconf 89' lang='lat' dir='ltr'><strong>Sed</strong></span> <span class='ocrx_word' id='word_1_299' title='bbox 1041 3580 1176 3634; x_wconf 87' lang='lat' dir='ltr'><strong>opus</strong></span> <span class='ocrx_word' id='word_1_300' title='bbox 1199 3573 1284 3621; x_wconf 88' lang='lat' dir='ltr'><strong>est</strong></span> <span class='ocrx_word' id='word_1_301' title='bbox 1307 3564 1529 3619; x_wconf 88' lang='lat' dir='ltr'><strong>auribus</strong></span> <span class='ocrx_word' id='word_1_302' title='bbox 1553 3577 1674 3632; x_wconf 67' lang='lat' dir='ltr'><strong>qua!</strong></span> 
     </span>
    </p>
   </div>
   <div class='ocr_carea' id='block_1_37' title="bbox 124 3653 1674 3729">
    <p class='ocr_par' dir='ltr' id='par_1_37' title="bbox 124 3653 1674 3729">
     <span class='ocr_line' id='line_1_38' title="bbox 124 3653 1674 3729; baseline 0.002 -25"><span class='ocrx_word' id='word_1_303' title='bbox 124 3655 280 3710; x_wconf 80' lang='lat' dir='ltr'><strong>audire</strong></span> <span class='ocrx_word' id='word_1_304' title='bbox 308 3659 527 3726; x_wconf 72' lang='lat' dir='ltr'><strong>possint</strong></span> <span class='ocrx_word' id='word_1_305' title='bbox 553 3673 676 3729; x_wconf 68' lang='lat' dir='ltr'><strong>quae</strong></span> <span class='ocrx_word' id='word_1_306' title='bbox 703 3660 775 3713; x_wconf 90' lang='lat' dir='ltr'><strong>sit</strong></span> <span class='ocrx_word' id='word_1_307' title='bbox 804 3673 937 3712; x_wconf 89' lang='lat' dir='ltr'><strong>caro</strong></span> <span class='ocrx_word' id='word_1_308' title='bbox 967 3672 1086 3726; x_wconf 64' lang='lat' dir='ltr'><strong>quae</strong></span> <span class='ocrx_word' id='word_1_309' title='bbox 1117 3665 1342 3726; x_wconf 90' lang='lat' dir='ltr'><strong>pereat,</strong></span> <span class='ocrx_word' id='word_1_310' title='bbox 1376 3665 1432 3710; x_wconf 88' lang='lat' dir='ltr'><strong>et</strong></span> <span class='ocrx_word' id='word_1_311' title='bbox 1455 3669 1575 3724; x_wconf 74' lang='lat' dir='ltr'><strong>quze</strong></span> <span class='ocrx_word' id='word_1_312' title='bbox 1601 3653 1674 3709; x_wconf 90' lang='lat' dir='ltr'><strong>sit</strong></span> 
     </span>
    </p>
   </div>
   <div class='ocr_carea' id='block_1_38' title="bbox 122 3743 1672 3818">
    <p class='ocr_par' dir='ltr' id='par_1_38' title="bbox 122 3743 1672 3818">
     <span class='ocr_line' id='line_1_39' title="bbox 122 3743 1672 3818; baseline -0.003 -17"><span class='ocrx_word' id='word_1_313' title='bbox 122 3758 224 3801; x_wconf 74' lang='lat' dir='ltr'><strong>caro</strong></span> <span class='ocrx_word' id='word_1_314' title='bbox 247 3764 361 3818; x_wconf 65' lang='lat' dir='ltr'><strong>quae</strong></span> <span class='ocrx_word' id='word_1_315' title='bbox 387 3751 609 3805; x_wconf 82' lang='lat' dir='ltr'><strong>videbit</strong></span> <span class='ocrx_word' id='word_1_316' title='bbox 639 3747 876 3804; x_wconf 90' lang='lat' dir='ltr'><strong>salutare</strong></span> <span class='ocrx_word' id='word_1_317' title='bbox 903 3748 994 3802; x_wconf 91' lang='lat' dir='ltr'><strong>Dei</strong></span> <span class='ocrx_word' id='word_1_318' title='bbox 1029 3764 1042 3801; x_wconf 89' lang='lat'><strong>:</strong></span> <span class='ocrx_word' id='word_1_319' title='bbox 1080 3761 1202 3814; x_wconf 73' lang='lat' dir='ltr'><strong>qua:</strong></span> <span class='ocrx_word' id='word_1_320' title='bbox 1231 3753 1354 3815; x_wconf 87' lang='lat' dir='ltr'><strong>post</strong></span> <span class='ocrx_word' id='word_1_321' title='bbox 1375 3743 1672 3812; x_wconf 90' lang='lat' dir='ltr'><strong>depositio-</strong></span> 
     </span>
    </p>
   </div>
   <div class='ocr_carea' id='block_1_39' title="bbox 125 3833 1675 3910">
    <p class='ocr_par' dir='ltr' id='par_1_39' title="bbox 125 3833 1675 3910">
     <span class='ocr_line' id='line_1_40' title="bbox 125 3833 1675 3910; baseline -0.003 -20"><span class='ocrx_word' id='word_1_322' title='bbox 125 3849 224 3890; x_wconf 84' lang='lat' dir='ltr'><strong>ttetn</strong></span> <span class='ocrx_word' id='word_1_323' title='bbox 255 3841 435 3896; x_wconf 89' lang='lat' dir='ltr'><strong>carnis</strong></span> <span class='ocrx_word' id='word_1_324' title='bbox 465 3840 725 3910; x_wconf 76' lang='lat' dir='ltr'><strong>przeputii</strong></span> <span class='ocrx_word' id='word_1_325' title='bbox 757 3838 904 3895; x_wconf 83' lang='lat' dir='ltr'><strong>salva</strong></span> <span class='ocrx_word' id='word_1_326' title='bbox 949 3849 1288 3906; x_wconf 85' lang='lat' dir='ltr'><strong>pertttaneat,</strong></span> <span class='ocrx_word' id='word_1_327' title='bbox 1334 3850 1458 3891; x_wconf 92' lang='lat' dir='ltr'><strong>cum</strong></span> <span class='ocrx_word' id='word_1_328' title='bbox 1490 3833 1577 3888; x_wconf 86' lang='lat' dir='ltr'><strong>illa</strong></span> <span class='ocrx_word' id='word_1_329' title='bbox 1615 3839 1675 3887; x_wconf 90' lang='lat' dir='ltr'><strong>ut</strong></span> 
     </span>
    </p>
   </div>
   <div class='ocr_carea' id='block_1_40' title="bbox 121 3924 1674 3998">
    <p class='ocr_par' dir='ltr' id='par_1_40' title="bbox 121 3924 1674 3998">
     <span class='ocr_line' id='line_1_41' title="bbox 121 3924 1674 3998; baseline -0.003 -16"><span class='ocrx_word' id='word_1_330' title='bbox 121 3924 317 3985; x_wconf 83' lang='lat' dir='ltr'><strong>llosfeni</strong></span> <span class='ocrx_word' id='word_1_331' title='bbox 344 3932 644 3987; x_wconf 86' lang='lat' dir='ltr'><strong>deciderit.</strong></span> <span class='ocrx_word' id='word_1_332' title='bbox 711 3931 865 3997; x_wconf 84' lang='lat' dir='ltr'><strong>Quod</strong></span> <span class='ocrx_word' id='word_1_333' title='bbox 894 3933 985 3998; x_wconf 92' lang='lat' dir='ltr'><strong>qui</strong></span> <span class='ocrx_word' id='word_1_334' title='bbox 1017 3927 1384 3992; x_wconf 82' lang='lat' dir='ltr'><strong>intellexerit,</strong></span> <span class='ocrx_word' id='word_1_335' title='bbox 1431 3925 1674 3981; x_wconf 87' lang='lat' dir='ltr'><strong>inveniet</strong></span> 
     </span>
    </p>
   </div>
   <div class='ocr_carea' id='block_1_41' title="bbox 122 4017 1672 4095">
    <p class='ocr_par' dir='ltr' id='par_1_41' title="bbox 122 4017 1672 4095">
     <span class='ocr_line' id='line_1_42' title="bbox 122 4017 1672 4095; baseline -0.003 -21"><span class='ocrx_word' id='word_1_336' title='bbox 122 4018 392 4089; x_wconf 81' lang='lat' dir='ltr'><strong>ingentium</strong></span> <span class='ocrx_word' id='word_1_337' title='bbox 433 4023 838 4095; x_wconf 78' lang='lat' dir='ltr'><strong>mysteriorum</strong></span> <span class='ocrx_word' id='word_1_338' title='bbox 879 4023 1084 4077; x_wconf 78' lang='lat' dir='ltr'><strong>fortnas</strong></span> <span class='ocrx_word' id='word_1_339' title='bbox 1136 4022 1189 4074; x_wconf 92' lang='lat' dir='ltr'><strong>itt</strong></span> <span class='ocrx_word' id='word_1_340' title='bbox 1236 4017 1672 4075; x_wconf 87' lang='lat' dir='ltr'><strong>circumcisionis</strong></span> 
     </span>
    </p>
   </div>
   <div class='ocr_carea' id='block_1_42' title="bbox 121 4111 1672 4188">
    <p class='ocr_par' dir='ltr' id='par_1_42' title="bbox 121 4111 1672 4188">
     <span class='ocr_line' id='line_1_43' title="bbox 121 4111 1672 4188; baseline -0.001 -20"><span class='ocrx_word' id='word_1_341' title='bbox 121 4116 301 4172; x_wconf 86' lang='lat' dir='ltr'><strong>ratione</strong></span> <span class='ocrx_word' id='word_1_342' title='bbox 327 4119 680 4188; x_wconf 78' lang='lat' dir='ltr'><strong>przemissas,</strong></span> <span class='ocrx_word' id='word_1_343' title='bbox 713 4126 769 4171; x_wconf 88' lang='lat' dir='ltr'><strong>et</strong></span> <span class='ocrx_word' id='word_1_344' title='bbox 811 4117 1050 4171; x_wconf 86' lang='lat' dir='ltr'><strong>inveniet</strong></span> <span class='ocrx_word' id='word_1_345' title='bbox 1089 4129 1215 4170; x_wconf 91' lang='lat' dir='ltr'><strong>eum</strong></span> <span class='ocrx_word' id='word_1_346' title='bbox 1243 4113 1335 4184; x_wconf 91' lang='lat' dir='ltr'><strong>qui</strong></span> <span class='ocrx_word' id='word_1_347' title='bbox 1371 4114 1424 4167; x_wconf 91' lang='lat' dir='ltr'><strong>in</strong></span> <span class='ocrx_word' id='word_1_348' title='bbox 1453 4111 1672 4169; x_wconf 89' lang='lat' dir='ltr'><strong>occulto</strong></span> 
     </span>
    </p>
   </div>
   <div class='ocr_carea' id='block_1_43' title="bbox 118 4201 1672 4279">
    <p class='ocr_par' dir='ltr' id='par_1_43' title="bbox 118 4201 1672 4279">
     <span class='ocr_line' id='line_1_44' title="bbox 118 4201 1672 4279; baseline -0.003 -17"><span class='ocrx_word' id='word_1_349' title='bbox 118 4201 302 4263; x_wconf 63' lang='lat' dir='ltr'><strong>ludens</strong></span> <span class='ocrx_word' id='word_1_350' title='bbox 329 4217 434 4276; x_wconf 89' lang='lat' dir='ltr'><strong>est,</strong></span> <span class='ocrx_word' id='word_1_351' title='bbox 462 4219 522 4266; x_wconf 88' lang='lat' dir='ltr'><strong>et</strong></span> <span class='ocrx_word' id='word_1_352' title='bbox 543 4208 639 4279; x_wconf 91' lang='lat' dir='ltr'><strong>qui</strong></span> <span class='ocrx_word' id='word_1_353' title='bbox 671 4208 725 4262; x_wconf 92' lang='lat' dir='ltr'><strong>in</strong></span> <span class='ocrx_word' id='word_1_354' title='bbox 751 4207 1011 4264; x_wconf 90' lang='lat' dir='ltr'><strong>interiore</strong></span> <span class='ocrx_word' id='word_1_355' title='bbox 1069 4206 1290 4261; x_wconf 87' lang='lat' dir='ltr'><strong>homine</strong></span> <span class='ocrx_word' id='word_1_356' title='bbox 1316 4201 1672 4258; x_wconf 83' lang='lat' dir='ltr'><strong>circumcisus</strong></span> 
     </span>
    </p>
   </div>
   <div class='ocr_carea' id='block_1_44' title="bbox 117 4293 1671 4374">
    <p class='ocr_par' dir='ltr' id='par_1_44' title="bbox 117 4293 1671 4374">
     <span class='ocr_line' id='line_1_45' title="bbox 117 4293 1671 4374; baseline -0.006 -16"><span class='ocrx_word' id='word_1_357' title='bbox 117 4309 202 4366; x_wconf 70' lang='grc' dir='ltr'><strong>εει,</strong></span> <span class='ocrx_word' id='word_1_358' title='bbox 227 4311 431 4359; x_wconf 82' lang='lat' dir='ltr'><strong>tantum</strong></span> <span class='ocrx_word' id='word_1_359' title='bbox 463 4310 754 4374; x_wconf 73' lang='lat' dir='ltr'><strong>praestare,</strong></span> <span class='ocrx_word' id='word_1_360' title='bbox 783 4309 838 4355; x_wconf 89' lang='lat' dir='ltr'><strong>et</strong></span> <span class='ocrx_word' id='word_1_361' title='bbox 867 4300 1281 4356; x_wconf 83' lang='lat' dir='ltr'><strong>eminentiorem</strong></span> <span class='ocrx_word' id='word_1_362' title='bbox 1313 4309 1434 4353; x_wconf 88' lang='lat' dir='ltr'><strong>esse</strong></span> <span class='ocrx_word' id='word_1_363' title='bbox 1458 4294 1551 4350; x_wconf 90' lang='lat' dir='ltr'><strong>illo</strong></span> <span class='ocrx_word' id='word_1_364' title='bbox 1579 4293 1671 4365; x_wconf 89' lang='lat' dir='ltr'><strong>qui</strong></span> 
     </span>
    </p>
   </div>
   <div class='ocr_carea' id='block_1_45' title="bbox 120 4392 1673 4462">
    <p class='ocr_par' dir='ltr' id='par_1_45' title="bbox 120 4392 1673 4462">
     <span class='ocr_line' id='line_1_46' title="bbox 120 4392 1673 4462; baseline -0.003 -18"><span class='ocrx_word' id='word_1_365' title='bbox 120 4396 384 4450; x_wconf 83' lang='lat' dir='ltr'><strong>secundum</strong></span> <span class='ocrx_word' id='word_1_366' title='bbox 422 4409 656 4450; x_wconf 86' lang='lat' dir='ltr'><strong>carnem</strong></span> <span class='ocrx_word' id='word_1_367' title='bbox 677 4392 896 4448; x_wconf 69' lang='lat' dir='ltr'><strong>Iudaeus</strong></span> <span class='ocrx_word' id='word_1_368' title='bbox 927 4401 1035 4456; x_wconf 86' lang='lat' dir='ltr'><strong>est,</strong></span> <span class='ocrx_word' id='word_1_369' title='bbox 1086 4401 1346 4462; x_wconf 91' lang='lat' dir='ltr'><strong>quantum</strong></span> <span class='ocrx_word' id='word_1_370' title='bbox 1375 4394 1597 4458; x_wconf 66' lang='lat' dir='ltr'><strong>praestat</strong></span> <span class='ocrx_word' id='word_1_371' title='bbox 1617 4393 1673 4442; x_wconf 87' lang='lat' dir='ltr'><strong>et</strong></span> 
     </span>
    </p>
   </div>
   <div class='ocr_carea' id='block_1_46' title="bbox 121 4479 1672 4558">
    <p class='ocr_par' dir='ltr' id='par_1_46' title="bbox 121 4479 1672 4558">
     <span class='ocr_line' id='line_1_47' title="bbox 121 4479 1672 4558; baseline -0.005 -19"><span class='ocrx_word' id='word_1_372' title='bbox 121 4487 294 4543; x_wconf 85' lang='lat' dir='ltr'><strong>eminet</strong></span> <span class='ocrx_word' id='word_1_373' title='bbox 322 4487 495 4546; x_wconf 80' lang='lat' dir='ltr'><strong>Judas</strong></span> <span class='ocrx_word' id='word_1_374' title='bbox 527 4489 622 4544; x_wconf 90' lang='lat' dir='ltr'><strong>ille</strong></span> <span class='ocrx_word' id='word_1_375' title='bbox 643 4531 659 4554; x_wconf 93' lang='lat'><strong>,</strong></span> <span class='ocrx_word' id='word_1_376' title='bbox 705 4503 866 4558; x_wconf 87' lang='lat' dir='ltr'><strong>quem</strong></span> <span class='ocrx_word' id='word_1_377' title='bbox 895 4485 1206 4541; x_wconf 88' lang='lat' dir='ltr'><strong>collaudant</strong></span> <span class='ocrx_word' id='word_1_378' title='bbox 1234 4483 1430 4536; x_wconf 86' lang='lat' dir='ltr'><strong>fratres</strong></span> <span class='ocrx_word' id='word_1_379' title='bbox 1457 4479 1578 4546; x_wconf 90' lang='lat' dir='ltr'><strong>sui,</strong></span> <span class='ocrx_word' id='word_1_380' title='bbox 1614 4485 1672 4532; x_wconf 86' lang='lat' dir='ltr'><strong>et</strong></span> 
     </span>
    </p>
   </div>
   <div class='ocr_carea' id='block_1_47' title="bbox 119 4570 1671 4645">
    <p class='ocr_par' dir='ltr' id='par_1_47' title="bbox 119 4570 1671 4645">
     <span class='ocr_line' id='line_1_48' title="bbox 119 4570 1671 4645; baseline -0.006 -14"><span class='ocrx_word' id='word_1_381' title='bbox 119 4578 193 4645; x_wconf 89' lang='lat' dir='ltr'><strong>qui</strong></span> <span class='ocrx_word' id='word_1_382' title='bbox 226 4579 480 4636; x_wconf 90' lang='lat' dir='ltr'><strong>dormivit</strong></span> <span class='ocrx_word' id='word_1_383' title='bbox 525 4589 590 4634; x_wconf 92' lang='lat' dir='ltr'><strong>ut</strong></span> <span class='ocrx_word' id='word_1_384' title='bbox 618 4579 738 4645; x_wconf 83' lang='lat' dir='ltr'><strong>leo,</strong></span> <span class='ocrx_word' id='word_1_385' title='bbox 765 4587 821 4634; x_wconf 88' lang='lat' dir='ltr'><strong>et</strong></span> <span class='ocrx_word' id='word_1_386' title='bbox 843 4591 901 4633; x_wconf 90' lang='lat' dir='ltr'><strong>ut</strong></span> <span class='ocrx_word' id='word_1_387' title='bbox 927 4576 1138 4632; x_wconf 87' lang='lat' dir='ltr'><strong>catulus</strong></span> <span class='ocrx_word' id='word_1_388' title='bbox 1162 4573 1335 4628; x_wconf 85' lang='lat' dir='ltr'><strong>leonis</strong></span> <span class='ocrx_word' id='word_1_389' title='bbox 1373 4570 1671 4627; x_wconf 86' lang='lat' dir='ltr'><strong>suscitatus</strong></span> 
     </span>
    </p>
   </div>
   <div class='ocr_carea' id='block_1_48' title="bbox 1788 680 3364 767">
    <p class='ocr_par' dir='ltr' id='par_1_48' title="bbox 1788 680 3364 767">
     <span class='ocr_line' id='line_1_49' title="bbox 1788 680 3364 767; baseline -0.016 -9"><span class='ocrx_word' id='word_1_390' title='bbox 1788 680 1934 758; x_wconf 77' lang='lat' dir='ltr'><strong>sicut</strong></span> <span class='ocrx_word' id='word_1_391' title='bbox 1969 699 2240 767; x_wconf 89' lang='lat' dir='ltr'><strong>scriptum</strong></span> <span class='ocrx_word' id='word_1_392' title='bbox 2284 701 2368 748; x_wconf 87' lang='lat' dir='ltr'><strong>est</strong></span> <span class='ocrx_word' id='word_1_393' title='bbox 2400 706 2414 744; x_wconf 89' lang='lat'><strong>:</strong></span> <span class='ocrx_word' id='word_1_394' title='bbox 2458 687 2526 743; x_wconf 87' lang='lat' dir='ltr'><strong>Ut</strong></span> <span class='ocrx_word' id='word_1_395' title='bbox 2553 685 2878 756; x_wconf 83' lang='lat' dir='ltr'><strong>justificeris</strong></span> <span class='ocrx_word' id='word_1_396' title='bbox 2929 682 2980 736; x_wconf 89' lang='lat' dir='ltr'><strong>in</strong></span> <span class='ocrx_word' id='word_1_397' title='bbox 3018 680 3364 735; x_wconf 79' lang='lat' dir='ltr'><strong>sermonibus</strong></span> 
     </span>
    </p>
   </div>
   <div class='ocr_carea' id='block_1_49' title="bbox 1789 770 3360 857">
    <p class='ocr_par' dir='ltr' id='par_1_49' title="bbox 1789 770 3360 857">
     <span class='ocr_line' id='line_1_50' title="bbox 1789 770 3360 857; baseline -0.015 -10"><span class='ocrx_word' id='word_1_398' title='bbox 1789 795 1916 857; x_wconf 92' lang='lat' dir='ltr'><strong>tuis,</strong></span> <span class='ocrx_word' id='word_1_399' title='bbox 1968 800 2024 846; x_wconf 90' lang='lat' dir='ltr'><strong>et</strong></span> <span class='ocrx_word' id='word_1_400' title='bbox 2055 790 2242 842; x_wconf 87' lang='lat' dir='ltr'><strong>vincas</strong></span> <span class='ocrx_word' id='word_1_401' title='bbox 2267 799 2392 838; x_wconf 90' lang='lat' dir='ltr'><strong>cum</strong></span> <span class='ocrx_word' id='word_1_402' title='bbox 2419 779 2690 852; x_wconf 81' lang='lat' dir='ltr'><strong>jttdicaris</strong></span> <span class='ocrx_word' id='word_1_403' title='bbox 2723 777 2790 830; x_wconf 81' lang='lat'><strong>”.</strong></span> <span class='ocrx_word' id='word_1_404' title='bbox 2830 794 2848 826; x_wconf 79' lang='grc' dir='ltr'><strong><em>ι</em></strong></span> <span class='ocrx_word' id='word_1_405' title='bbox 2895 773 2954 827; x_wconf 84' lang='lat' dir='ltr'><strong>In</strong></span> <span class='ocrx_word' id='word_1_406' title='bbox 2982 772 3084 826; x_wconf 86' lang='lat' dir='ltr'><strong>hac</strong></span> <span class='ocrx_word' id='word_1_407' title='bbox 3122 770 3360 839; x_wconf 83' lang='lat' dir='ltr'><strong>Epistula</strong></span> 
     </span>
    </p>
   </div>
   <div class='ocr_carea' id='block_1_50' title="bbox 1788 864 3360 946">
    <p class='ocr_par' dir='ltr' id='par_1_50' title="bbox 1788 864 3360 946">
     <span class='ocr_line' id='line_1_51' title="bbox 1788 864 3360 946; baseline -0.016 -6"><span class='ocrx_word' id='word_1_408' title='bbox 1788 886 1989 940; x_wconf 82' lang='lat' dir='ltr'><strong>Paulus</strong></span> <span class='ocrx_word' id='word_1_409' title='bbox 2017 883 2166 937; x_wconf 90' lang='lat' dir='ltr'><strong>velut</strong></span> <span class='ocrx_word' id='word_1_410' title='bbox 2198 879 2404 934; x_wconf 86' lang='lat' dir='ltr'><strong>arbiter</strong></span> <span class='ocrx_word' id='word_1_411' title='bbox 2432 874 2654 946; x_wconf 89' lang='lat' dir='ltr'><strong>quidam</strong></span> <span class='ocrx_word' id='word_1_412' title='bbox 2683 873 2825 925; x_wconf 89' lang='lat' dir='ltr'><strong>inter</strong></span> <span class='ocrx_word' id='word_1_413' title='bbox 2847 867 3065 923; x_wconf 68' lang='lat' dir='ltr'><strong>.ludreos</strong></span> <span class='ocrx_word' id='word_1_414' title='bbox 3092 864 3360 925; x_wconf 89' lang='lat' dir='ltr'><strong>residens,</strong></span> 
     </span>
    </p>
   </div>
   <div class='ocr_carea' id='block_1_51' title="bbox 1786 949 3360 1034">
    <p class='ocr_par' dir='ltr' id='par_1_51' title="bbox 1786 949 3360 1034">
     <span class='ocr_line' id='line_1_52' title="bbox 1786 949 3360 1034; baseline -0.018 -3"><span class='ocrx_word' id='word_1_415' title='bbox 1786 986 1844 1030; x_wconf 90' lang='lat' dir='ltr'><strong>et</strong></span> <span class='ocrx_word' id='word_1_416' title='bbox 1876 974 2119 1034; x_wconf 78' lang='lat' dir='ltr'><strong>Grzecos,</strong></span> <span class='ocrx_word' id='word_1_417' title='bbox 2169 969 2222 1022; x_wconf 92' lang='lat' dir='ltr'><strong>id</strong></span> <span class='ocrx_word' id='word_1_418' title='bbox 2273 977 2359 1022; x_wconf 87' lang='lat' dir='ltr'><strong>est</strong></span> <span class='ocrx_word' id='word_1_419' title='bbox 2403 980 2498 1020; x_wconf 89' lang='lat' dir='ltr'><strong>eos</strong></span> <span class='ocrx_word' id='word_1_420' title='bbox 2529 949 2623 1033; x_wconf 82' lang='lat' dir='ltr'><strong>qui</strong></span> <span class='ocrx_word' id='word_1_421' title='bbox 2673 975 2739 1015; x_wconf 86' lang='lat' dir='ltr'><strong>ex</strong></span> <span class='ocrx_word' id='word_1_422' title='bbox 2788 957 3040 1028; x_wconf 85' lang='lat' dir='ltr'><strong>gentibus</strong></span> <span class='ocrx_word' id='word_1_423' title='bbox 3087 953 3360 1017; x_wconf 92' lang='lat' dir='ltr'><strong>credunt,</strong></span> 
     </span>
    </p>
   </div>
   <div class='ocr_carea' id='block_1_52' title="bbox 1788 1047 3364 1134">
    <p class='ocr_par' dir='ltr' id='par_1_52' title="bbox 1788 1047 3364 1134">
     <span class='ocr_line' id='line_1_53' title="bbox 1788 1047 3364 1134; baseline -0.016 -12"><span class='ocrx_word' id='word_1_424' title='bbox 1788 1078 2049 1134; x_wconf 89' lang='lat' dir='ltr'><strong>utrosque</strong></span> <span class='ocrx_word' id='word_1_425' title='bbox 2081 1062 2150 1117; x_wconf 90' lang='lat' dir='ltr'><strong>ad</strong></span> <span class='ocrx_word' id='word_1_426' title='bbox 2193 1060 2351 1114; x_wconf 82' lang='lat' dir='ltr'><strong>fidem</strong></span> <span class='ocrx_word' id='word_1_427' title='bbox 2387 1056 2594 1112; x_wconf 86' lang='lat' dir='ltr'><strong>Christi</strong></span> <span class='ocrx_word' id='word_1_428' title='bbox 2639 1055 2712 1108; x_wconf 88' lang='lat' dir='ltr'><strong>ita</strong></span> <span class='ocrx_word' id='word_1_429' title='bbox 2739 1061 2937 1106; x_wconf 89' lang='lat' dir='ltr'><strong>evocat</strong></span> <span class='ocrx_word' id='word_1_430' title='bbox 2966 1057 3021 1104; x_wconf 87' lang='lat' dir='ltr'><strong>et</strong></span> <span class='ocrx_word' id='word_1_431' title='bbox 3048 1047 3267 1112; x_wconf 87' lang='lat' dir='ltr'><strong>invitat,</strong></span> <span class='ocrx_word' id='word_1_432' title='bbox 3305 1055 3364 1097; x_wconf 90' lang='lat' dir='ltr'><strong>ut</strong></span> 
     </span>
    </p>
   </div>
   <div class='ocr_carea' id='block_1_53' title="bbox 1788 1138 3364 1228">
    <p class='ocr_par' dir='ltr' id='par_1_53' title="bbox 1788 1138 3364 1228">
     <span class='ocr_line' id='line_1_54' title="bbox 1788 1138 3364 1228; baseline -0.017 -14"><span class='ocrx_word' id='word_1_433' title='bbox 1788 1173 1962 1228; x_wconf 87' lang='lat' dir='ltr'><strong>neque</strong></span> <span class='ocrx_word' id='word_1_434' title='bbox 1983 1156 2201 1212; x_wconf 66' lang='lat' dir='ltr'><strong>Iudaeos</strong></span> <span class='ocrx_word' id='word_1_435' title='bbox 2222 1150 2461 1208; x_wconf 75' lang='lat' dir='ltr'><strong>offendat</strong></span> <span class='ocrx_word' id='word_1_436' title='bbox 2494 1148 2707 1217; x_wconf 89' lang='lat' dir='ltr'><strong>penitus</strong></span> <span class='ocrx_word' id='word_1_437' title='bbox 2735 1141 3068 1199; x_wconf 87' lang='lat' dir='ltr'><strong>destruendo</strong></span> <span class='ocrx_word' id='word_1_438' title='bbox 3105 1138 3364 1195; x_wconf 64' lang='lat' dir='ltr'><strong>Iudaicos</strong></span> 
     </span>
    </p>
   </div>
   <div class='ocr_carea' id='block_1_54' title="bbox 1786 1235 3363 1317">
    <p class='ocr_par' dir='ltr' id='par_1_54' title="bbox 1786 1235 3363 1317">
     <span class='ocr_line' id='line_1_55' title="bbox 1786 1235 3363 1317; baseline -0.016 -11"><span class='ocrx_word' id='word_1_439' title='bbox 1786 1253 1924 1306; x_wconf 88' lang='lat' dir='ltr'><strong>ritus</strong></span> <span class='ocrx_word' id='word_1_440' title='bbox 1951 1290 1968 1314; x_wconf 93' lang='lat'><strong>,</strong></span> <span class='ocrx_word' id='word_1_441' title='bbox 1998 1263 2175 1317; x_wconf 88' lang='lat' dir='ltr'><strong>neque</strong></span> <span class='ocrx_word' id='word_1_442' title='bbox 2205 1243 2456 1316; x_wconf 85' lang='lat' dir='ltr'><strong>gentibus</strong></span> <span class='ocrx_word' id='word_1_443' title='bbox 2500 1240 2711 1310; x_wconf 84' lang='lat' dir='ltr'><strong>injiciat</strong></span> <span class='ocrx_word' id='word_1_444' title='bbox 2753 1235 3192 1304; x_wconf 80' lang='lat' dir='ltr'><strong>desperationem</strong></span> <span class='ocrx_word' id='word_1_445' title='bbox 3227 1244 3363 1284; x_wconf 89' lang='lat' dir='ltr'><strong>cou-</strong></span> 
     </span>
    </p>
   </div>
   <div class='ocr_carea' id='block_1_55' title="bbox 1788 1321 3363 1400">
    <p class='ocr_par' dir='ltr' id='par_1_55' title="bbox 1788 1321 3363 1400">
     <span class='ocr_line' id='line_1_56' title="bbox 1788 1321 3363 1400; baseline -0.014 -4"><span class='ocrx_word' id='word_1_446' title='bbox 1788 1341 2053 1396; x_wconf 89' lang='lat' dir='ltr'><strong>lirtuando</strong></span> <span class='ocrx_word' id='word_1_447' title='bbox 2075 1336 2476 1392; x_wconf 80' lang='lat' dir='ltr'><strong>observantiam</strong></span> <span class='ocrx_word' id='word_1_448' title='bbox 2522 1331 2655 1400; x_wconf 78' lang='lat' dir='ltr'><strong>legis</strong></span> <span class='ocrx_word' id='word_1_449' title='bbox 2681 1339 2736 1384; x_wconf 90' lang='lat' dir='ltr'><strong>et</strong></span> <span class='ocrx_word' id='word_1_450' title='bbox 2761 1327 2992 1390; x_wconf 59' lang='lat' dir='ltr'><strong>litterae;</strong></span> <span class='ocrx_word' id='word_1_451' title='bbox 3035 1332 3091 1378; x_wconf 89' lang='lat' dir='ltr'><strong>et</strong></span> <span class='ocrx_word' id='word_1_452' title='bbox 3148 1322 3266 1377; x_wconf 83' lang='lat' dir='ltr'><strong>sive</strong></span> <span class='ocrx_word' id='word_1_453' title='bbox 3293 1321 3363 1375; x_wconf 88' lang='lat' dir='ltr'><strong>de</strong></span> 
     </span>
    </p>
   </div>
   <div class='ocr_carea' id='block_1_56' title="bbox 1789 1413 3360 1502">
    <p class='ocr_par' dir='ltr' id='par_1_56' title="bbox 1789 1413 3360 1502">
     <span class='ocr_line' id='line_1_57' title="bbox 1789 1413 3360 1502; baseline -0.013 -16"><span class='ocrx_word' id='word_1_454' title='bbox 1789 1429 2298 1502; x_wconf 87' lang='lat' dir='ltr'><strong>repromissionibus</strong></span> <span class='ocrx_word' id='word_1_455' title='bbox 2350 1433 2657 1488; x_wconf 86' lang='lat' dir='ltr'><strong>memoret,</strong></span> <span class='ocrx_word' id='word_1_456' title='bbox 2706 1420 2822 1476; x_wconf 88' lang='lat' dir='ltr'><strong>sive</strong></span> <span class='ocrx_word' id='word_1_457' title='bbox 2878 1419 2947 1472; x_wconf 88' lang='lat' dir='ltr'><strong>de</strong></span> <span class='ocrx_word' id='word_1_458' title='bbox 3011 1414 3189 1486; x_wconf 77' lang='lat' dir='ltr'><strong>pomis</strong></span> <span class='ocrx_word' id='word_1_459' title='bbox 3219 1454 3236 1480; x_wconf 89' lang='lat'><strong>,</strong></span> <span class='ocrx_word' id='word_1_460' title='bbox 3290 1413 3360 1468; x_wconf 90' lang='lat' dir='ltr'><strong>ad</strong></span> 
     </span>
    </p>
   </div>
   <div class='ocr_carea' id='block_1_57' title="bbox 1787 1505 3360 1593">
    <p class='ocr_par' dir='ltr' id='par_1_57' title="bbox 1787 1505 3360 1593">
     <span class='ocr_line' id='line_1_58' title="bbox 1787 1505 3360 1593; baseline -0.013 -15"><span class='ocrx_word' id='word_1_461' title='bbox 1787 1535 2080 1593; x_wconf 89' lang='lat' dir='ltr'><strong>utrumque</strong></span> <span class='ocrx_word' id='word_1_462' title='bbox 2111 1519 2364 1590; x_wconf 86' lang='lat' dir='ltr'><strong>populum</strong></span> <span class='ocrx_word' id='word_1_463' title='bbox 2401 1516 2595 1570; x_wconf 88' lang='lat' dir='ltr'><strong>dividit</strong></span> <span class='ocrx_word' id='word_1_464' title='bbox 2639 1513 2885 1567; x_wconf 90' lang='lat' dir='ltr'><strong>verbum.</strong></span> <span class='ocrx_word' id='word_1_465' title='bbox 2913 1507 3004 1569; x_wconf 88' lang='lat' dir='ltr'><strong>Ut,</strong></span> <span class='ocrx_word' id='word_1_466' title='bbox 3033 1505 3184 1560; x_wconf 89' lang='lat' dir='ltr'><strong>verbi</strong></span> <span class='ocrx_word' id='word_1_467' title='bbox 3229 1519 3360 1575; x_wconf 87' lang='lat' dir='ltr'><strong>gra-</strong></span> 
     </span>
    </p>
   </div>
   <div class='ocr_carea' id='block_1_58' title="bbox 1786 1592 3361 1680">
    <p class='ocr_par' dir='ltr' id='par_1_58' title="bbox 1786 1592 3361 1680">
     <span class='ocr_line' id='line_1_59' title="bbox 1786 1592 3361 1680; baseline -0.016 -11"><span class='ocrx_word' id='word_1_468' title='bbox 1786 1617 1881 1680; x_wconf 89' lang='lat' dir='ltr'><strong>tia,</strong></span> <span class='ocrx_word' id='word_1_469' title='bbox 1925 1592 2045 1668; x_wconf 91' lang='lat' dir='ltr'><strong>cum</strong></span> <span class='ocrx_word' id='word_1_470' title='bbox 2091 1610 2264 1666; x_wconf 89' lang='lat' dir='ltr'><strong>dicit:</strong></span> <span class='ocrx_word' id='word_1_471' title='bbox 2308 1627 2326 1659; x_wconf 72' lang='grc' dir='ltr'>ι</span> <span class='ocrx_word' id='word_1_472' title='bbox 2384 1603 2479 1660; x_wconf 83' lang='lat' dir='ltr'><strong>His</strong></span> <span class='ocrx_word' id='word_1_473' title='bbox 2523 1613 2702 1657; x_wconf 89' lang='lat' dir='ltr'><strong>autem</strong></span> <span class='ocrx_word' id='word_1_474' title='bbox 2728 1638 2745 1665; x_wconf 92' lang='lat'><strong>,</strong></span> <span class='ocrx_word' id='word_1_475' title='bbox 2781 1598 2873 1668; x_wconf 89' lang='lat' dir='ltr'><strong>qui</strong></span> <span class='ocrx_word' id='word_1_476' title='bbox 2903 1612 2970 1652; x_wconf 84' lang='lat' dir='ltr'><strong>ex</strong></span> <span class='ocrx_word' id='word_1_477' title='bbox 3004 1592 3361 1650; x_wconf 85' lang='lat' dir='ltr'><strong>contentione</strong></span> 
     </span>
    </p>
   </div>
   <div class='ocr_carea' id='block_1_59' title="bbox 1784 1687 3360 1773">
    <p class='ocr_par' dir='ltr' id='par_1_59' title="bbox 1784 1687 3360 1773">
     <span class='ocr_line' id='line_1_60' title="bbox 1784 1687 3360 1773; baseline -0.017 -10"><span class='ocrx_word' id='word_1_478' title='bbox 1784 1717 1935 1772; x_wconf 90' lang='lat' dir='ltr'><strong>sunt,</strong></span> <span class='ocrx_word' id='word_1_479' title='bbox 1959 1715 2013 1761; x_wconf 91' lang='lat' dir='ltr'><strong>et</strong></span> <span class='ocrx_word' id='word_1_480' title='bbox 2045 1704 2135 1773; x_wconf 89' lang='lat' dir='ltr'><strong>qui</strong></span> <span class='ocrx_word' id='word_1_481' title='bbox 2186 1701 2434 1756; x_wconf 82' lang='lat' dir='ltr'><strong>ditiidunt</strong></span> <span class='ocrx_word' id='word_1_482' title='bbox 2465 1695 2682 1766; x_wconf 85' lang='lat' dir='ltr'><strong>quidem</strong></span> <span class='ocrx_word' id='word_1_483' title='bbox 2719 1691 2960 1754; x_wconf 87' lang='lat' dir='ltr'><strong>veritati,</strong></span> <span class='ocrx_word' id='word_1_484' title='bbox 3000 1687 3230 1744; x_wconf 86' lang='lat' dir='ltr'><strong>credunt</strong></span> <span class='ocrx_word' id='word_1_485' title='bbox 3261 1699 3360 1738; x_wconf 87' lang='lat' dir='ltr'><strong>au-</strong></span> 
     </span>
    </p>
   </div>
   <div class='ocr_carea' id='block_1_60' title="bbox 1788 1780 3360 1866">
    <p class='ocr_par' dir='ltr' id='par_1_60' title="bbox 1788 1780 3360 1866">
     <span class='ocr_line' id='line_1_61' title="bbox 1788 1780 3360 1866; baseline -0.015 -15"><span class='ocrx_word' id='word_1_486' title='bbox 1788 1811 1895 1854; x_wconf 89' lang='lat' dir='ltr'><strong>tem</strong></span> <span class='ocrx_word' id='word_1_487' title='bbox 1917 1795 2213 1866; x_wconf 83' lang='lat' dir='ltr'><strong>iniquitati,</strong></span> <span class='ocrx_word' id='word_1_488' title='bbox 2245 1793 2346 1856; x_wconf 89' lang='lat' dir='ltr'><strong>ira,</strong></span> <span class='ocrx_word' id='word_1_489' title='bbox 2376 1801 2429 1844; x_wconf 91' lang='lat' dir='ltr'><strong>et</strong></span> <span class='ocrx_word' id='word_1_490' title='bbox 2455 1787 2762 1858; x_wconf 88' lang='lat' dir='ltr'><strong>indignatio</strong></span> <span class='ocrx_word' id='word_1_491' title='bbox 2791 1802 2806 1838; x_wconf 85' lang='lat'><strong>:</strong></span> <span class='ocrx_word' id='word_1_492' title='bbox 2843 1780 3146 1847; x_wconf 85' lang='lat' dir='ltr'><strong>tribulatio,</strong></span> <span class='ocrx_word' id='word_1_493' title='bbox 3180 1785 3235 1832; x_wconf 89' lang='lat' dir='ltr'><strong>et</strong></span> <span class='ocrx_word' id='word_1_494' title='bbox 3258 1791 3360 1830; x_wconf 89' lang='lat' dir='ltr'><strong>au-</strong></span> 
     </span>
    </p>
   </div>
   <div class='ocr_carea' id='block_1_61' title="bbox 1784 1869 3360 1960">
    <p class='ocr_par' dir='ltr' id='par_1_61' title="bbox 1784 1869 3360 1960">
     <span class='ocr_line' id='line_1_62' title="bbox 1784 1869 3360 1960; baseline -0.014 -18"><span class='ocrx_word' id='word_1_495' title='bbox 1784 1888 1962 1960; x_wconf 89' lang='lat' dir='ltr'><strong>gustia</strong></span> <span class='ocrx_word' id='word_1_496' title='bbox 2015 1887 2068 1940; x_wconf 89' lang='lat' dir='ltr'><strong>itt</strong></span> <span class='ocrx_word' id='word_1_497' title='bbox 2103 1900 2318 1939; x_wconf 91' lang='lat' dir='ltr'><strong>omnem</strong></span> <span class='ocrx_word' id='word_1_498' title='bbox 2354 1882 2591 1936; x_wconf 90' lang='lat' dir='ltr'><strong>animatn</strong></span> <span class='ocrx_word' id='word_1_499' title='bbox 2641 1875 2877 1933; x_wconf 84' lang='lat' dir='ltr'><strong>hominis</strong></span> <span class='ocrx_word' id='word_1_500' title='bbox 2921 1869 3200 1948; x_wconf 70' lang='lat' dir='ltr'><strong>operanlis</strong></span> <span class='ocrx_word' id='word_1_501' title='bbox 3244 1881 3360 1922; x_wconf 85' lang='lat' dir='ltr'><strong>ma-</strong></span> 
     </span>
    </p>
   </div>
   <div class='ocr_carea' id='block_1_62' title="bbox 1713 1960 3355 2047">
    <p class='ocr_par' dir='ltr' id='par_1_62' title="bbox 1713 1960 3355 2047">
     <span class='ocr_line' id='line_1_63' title="bbox 1713 1960 3355 2047; baseline -0.012 -12"><span class='ocrx_word' id='word_1_502' title='bbox 1713 1967 1751 2022; x_wconf 77' lang='grc' dir='ltr'>Β</span> <span class='ocrx_word' id='word_1_503' title='bbox 1785 1981 1892 2034; x_wconf 91' lang='lat' dir='ltr'><strong>lum</strong></span> <span class='ocrx_word' id='word_1_504' title='bbox 1927 2019 1943 2044; x_wconf 94' lang='lat'><strong>,</strong></span> <span class='ocrx_word' id='word_1_505' title='bbox 1985 1977 2156 2032; x_wconf 78' lang='lat' dir='ltr'><strong>Judaei</strong></span> <span class='ocrx_word' id='word_1_506' title='bbox 2189 1976 2450 2047; x_wconf 82' lang='lat' dir='ltr'><strong>primum,</strong></span> <span class='ocrx_word' id='word_1_507' title='bbox 2483 1982 2538 2027; x_wconf 93' lang='lat' dir='ltr'><strong>et</strong></span> <span class='ocrx_word' id='word_1_508' title='bbox 2571 1970 2745 2026; x_wconf 57' lang='lat' dir='ltr'><strong>Graeci</strong></span> <span class='ocrx_word' id='word_1_509' title='bbox 2777 1969 2844 2023; x_wconf 78' lang='grc' dir='ltr'><strong>³ο.</strong></span> <span class='ocrx_word' id='word_1_510' title='bbox 2887 1985 2905 2019; x_wconf 73' lang='grc' dir='ltr'><strong><em>ι</em></strong></span> <span class='ocrx_word' id='word_1_511' title='bbox 2933 1966 3037 2021; x_wconf 90' lang='lat' dir='ltr'><strong>lsta</strong></span> <span class='ocrx_word' id='word_1_512' title='bbox 3068 1963 3135 2017; x_wconf 91' lang='lat' dir='ltr'><strong>de</strong></span> <span class='ocrx_word' id='word_1_513' title='bbox 3157 1960 3355 2032; x_wconf 67' lang='lat' dir='ltr'><strong>poenis.</strong></span> 
     </span>
    </p>
   </div>
   <div class='ocr_carea' id='block_1_63' title="bbox 1783 2055 3357 2140">
    <p class='ocr_par' dir='ltr' id='par_1_63' title="bbox 1783 2055 3357 2140">
     <span class='ocr_line' id='line_1_64' title="bbox 1783 2055 3357 2140; baseline -0.014 -13"><span class='ocrx_word' id='word_1_514' title='bbox 1783 2072 1860 2127; x_wconf 90' lang='lat' dir='ltr'><strong>De</strong></span> <span class='ocrx_word' id='word_1_515' title='bbox 1886 2068 2405 2140; x_wconf 83' lang='lat' dir='ltr'><strong>repromissionibus</strong></span> <span class='ocrx_word' id='word_1_516' title='bbox 2452 2081 2580 2119; x_wconf 91' lang='lat' dir='ltr'><strong>vero</strong></span> <span class='ocrx_word' id='word_1_517' title='bbox 2625 2061 2905 2131; x_wconf 88' lang='lat' dir='ltr'><strong>suhjnttgit</strong></span> <span class='ocrx_word' id='word_1_518' title='bbox 2936 2075 2951 2113; x_wconf 86' lang='lat'><strong>:</strong></span> <span class='ocrx_word' id='word_1_519' title='bbox 2985 2075 3004 2110; x_wconf 71' lang='grc' dir='ltr'>ς</span> <span class='ocrx_word' id='word_1_520' title='bbox 3046 2055 3231 2111; x_wconf 76' lang='lat' dir='ltr'><strong>Gloria</strong></span> <span class='ocrx_word' id='word_1_521' title='bbox 3261 2068 3357 2106; x_wconf 86' lang='lat' dir='ltr'><strong>au-</strong></span> 
     </span>
    </p>
   </div>
   <div class='ocr_carea' id='block_1_64' title="bbox 1783 2147 3357 2229">
    <p class='ocr_par' dir='ltr' id='par_1_64' title="bbox 1783 2147 3357 2229">
     <span class='ocr_line' id='line_1_65' title="bbox 1783 2147 3357 2229; baseline -0.013 -10"><span class='ocrx_word' id='word_1_522' title='bbox 1783 2176 1915 2229; x_wconf 84' lang='lat' dir='ltr'><strong>tem,</strong></span> <span class='ocrx_word' id='word_1_523' title='bbox 1944 2175 1997 2218; x_wconf 91' lang='lat' dir='ltr'><strong>et</strong></span> <span class='ocrx_word' id='word_1_524' title='bbox 2029 2162 2227 2224; x_wconf 87' lang='lat' dir='ltr'><strong>honor,</strong></span> <span class='ocrx_word' id='word_1_525' title='bbox 2255 2169 2306 2215; x_wconf 90' lang='lat' dir='ltr'><strong>et</strong></span> <span class='ocrx_word' id='word_1_526' title='bbox 2334 2175 2433 2229; x_wconf 85' lang='lat' dir='ltr'><strong>pax</strong></span> <span class='ocrx_word' id='word_1_527' title='bbox 2465 2157 2612 2214; x_wconf 90' lang='lat' dir='ltr'><strong>omni</strong></span> <span class='ocrx_word' id='word_1_528' title='bbox 2647 2153 2894 2223; x_wconf 86' lang='lat' dir='ltr'><strong>operauti</strong></span> <span class='ocrx_word' id='word_1_529' title='bbox 2923 2152 3147 2214; x_wconf 90' lang='lat' dir='ltr'><strong>bonum,</strong></span> <span class='ocrx_word' id='word_1_530' title='bbox 3169 2147 3357 2202; x_wconf 71' lang='grc' dir='ltr'><strong>,ιιιάεο</strong></span> 
     </span>
    </p>
   </div>
   <div class='ocr_carea' id='block_1_65' title="bbox 1781 2239 3357 2326">
    <p class='ocr_par' dir='ltr' id='par_1_65' title="bbox 1781 2239 3357 2326">
     <span class='ocr_line' id='line_1_66' title="bbox 1781 2239 3357 2326; baseline -0.01 -17"><span class='ocrx_word' id='word_1_531' title='bbox 1781 2257 2014 2326; x_wconf 87' lang='lat' dir='ltr'><strong>primum</strong></span> <span class='ocrx_word' id='word_1_532' title='bbox 2047 2267 2101 2310; x_wconf 89' lang='lat' dir='ltr'><strong>et</strong></span> <span class='ocrx_word' id='word_1_533' title='bbox 2131 2251 2325 2308; x_wconf 73' lang='lat' dir='ltr'><strong>Graeco</strong></span> <span class='ocrx_word' id='word_1_534' title='bbox 2360 2251 2427 2304; x_wconf 82' lang='grc'><strong>³¹.</strong></span> <span class='ocrx_word' id='word_1_535' title='bbox 2465 2269 2484 2302; x_wconf 74' lang='grc' dir='ltr'><strong><em>ι</em></strong></span> <span class='ocrx_word' id='word_1_536' title='bbox 2525 2249 2759 2302; x_wconf 86' lang='lat' dir='ltr'><strong>Rursum</strong></span> <span class='ocrx_word' id='word_1_537' title='bbox 2789 2245 2858 2299; x_wconf 89' lang='lat' dir='ltr'><strong>de</strong></span> <span class='ocrx_word' id='word_1_538' title='bbox 2893 2241 3145 2314; x_wconf 87' lang='lat' dir='ltr'><strong>gentibus</strong></span> <span class='ocrx_word' id='word_1_539' title='bbox 3173 2239 3357 2295; x_wconf 88' lang='lat' dir='ltr'><strong>dicere</strong></span> 
     </span>
    </p>
   </div>
   <div class='ocr_carea' id='block_1_66' title="bbox 1781 2334 3355 2409">
    <p class='ocr_par' dir='ltr' id='par_1_66' title="bbox 1781 2334 3355 2409">
     <span class='ocr_line' id='line_1_67' title="bbox 1781 2334 3355 2409; baseline -0.01 -11"><span class='ocrx_word' id='word_1_540' title='bbox 1781 2346 1999 2399; x_wconf 86' lang='lat' dir='ltr'><strong>videtur</strong></span> <span class='ocrx_word' id='word_1_541' title='bbox 2031 2361 2046 2399; x_wconf 92' lang='lat'><strong>:</strong></span> <span class='ocrx_word' id='word_1_542' title='bbox 2081 2361 2098 2394; x_wconf 74' lang='grc' dir='ltr'>ι</span> <span class='ocrx_word' id='word_1_543' title='bbox 2144 2341 2466 2409; x_wconf 85' lang='lat' dir='ltr'><strong>Quicunque</strong></span> <span class='ocrx_word' id='word_1_544' title='bbox 2487 2340 2632 2392; x_wconf 89' lang='lat' dir='ltr'><strong>enim</strong></span> <span class='ocrx_word' id='word_1_545' title='bbox 2661 2337 2780 2392; x_wconf 88' lang='lat' dir='ltr'><strong>sine</strong></span> <span class='ocrx_word' id='word_1_546' title='bbox 2812 2334 3355 2403; x_wconf 76' lang='lat' dir='ltr'><strong>lege‘peccaverunt,</strong></span> 
     </span>
    </p>
   </div>
   <div class='ocr_carea' id='block_1_67' title="bbox 1779 2422 3353 2507">
    <p class='ocr_par' dir='ltr' id='par_1_67' title="bbox 1779 2422 3353 2507">
     <span class='ocr_line' id='line_1_68' title="bbox 1779 2422 3353 2507; baseline -0.01 -15"><span class='ocrx_word' id='word_1_547' title='bbox 1779 2438 1897 2492; x_wconf 86' lang='lat' dir='ltr'><strong>sine</strong></span> <span class='ocrx_word' id='word_1_548' title='bbox 1928 2437 2045 2507; x_wconf 88' lang='lat' dir='ltr'><strong>lege</strong></span> <span class='ocrx_word' id='word_1_549' title='bbox 2092 2433 2347 2506; x_wconf 84' lang='lat' dir='ltr'><strong>peribunt</strong></span> <span class='ocrx_word' id='word_1_550' title='bbox 2378 2432 2497 2496; x_wconf 39' lang='lat' dir='ltr'><strong>&quot;at</strong></span> <span class='ocrx_word' id='word_1_551' title='bbox 2529 2429 2594 2484; x_wconf 84' lang='lat' dir='ltr'><strong>Et</strong></span> <span class='ocrx_word' id='word_1_552' title='bbox 2624 2429 2820 2483; x_wconf 87' lang='lat' dir='ltr'><strong>iterum</strong></span> <span class='ocrx_word' id='word_1_553' title='bbox 2853 2426 2919 2482; x_wconf 88' lang='lat' dir='ltr'><strong>de</strong></span> <span class='ocrx_word' id='word_1_554' title='bbox 2961 2422 3306 2480; x_wconf 74' lang='lat' dir='ltr'><strong>circumcisis</strong></span> <span class='ocrx_word' id='word_1_555' title='bbox 3339 2439 3353 2476; x_wconf 88' lang='lat'><strong>:</strong></span> 
     </span>
    </p>
   </div>
   <div class='ocr_carea' id='block_1_68' title="bbox 1784 2512 3361 2597">
    <p class='ocr_par' dir='ltr' id='par_1_68' title="bbox 1784 2512 3361 2597">
     <span class='ocr_line' id='line_1_69' title="bbox 1784 2512 3361 2597; baseline -0.009 -17"><span class='ocrx_word' id='word_1_556' title='bbox 1784 2547 1805 2580; x_wconf 73' lang='grc' dir='ltr'>ι</span> <span class='ocrx_word' id='word_1_557' title='bbox 1845 2527 1910 2582; x_wconf 85' lang='lat' dir='ltr'><strong>Et</strong></span> <span class='ocrx_word' id='word_1_558' title='bbox 1947 2535 2220 2597; x_wconf 91' lang='lat' dir='ltr'><strong>quotquot</strong></span> <span class='ocrx_word' id='word_1_559' title='bbox 2243 2526 2296 2580; x_wconf 90' lang='lat' dir='ltr'><strong>in</strong></span> <span class='ocrx_word' id='word_1_560' title='bbox 2329 2525 2447 2594; x_wconf 87' lang='lat' dir='ltr'><strong>lege</strong></span> <span class='ocrx_word' id='word_1_561' title='bbox 2475 2529 2864 2592; x_wconf 88' lang='lat' dir='ltr'><strong>peccaverunt,</strong></span> <span class='ocrx_word' id='word_1_562' title='bbox 2891 2532 2986 2589; x_wconf 93' lang='lat' dir='ltr'><strong>per</strong></span> <span class='ocrx_word' id='word_1_563' title='bbox 3014 2516 3187 2584; x_wconf 89' lang='lat' dir='ltr'><strong>legem</strong></span> <span class='ocrx_word' id='word_1_564' title='bbox 3211 2512 3361 2582; x_wconf 83' lang='lat' dir='ltr'><strong>judi-</strong></span> 
     </span>
    </p>
   </div>
   <div class='ocr_carea' id='block_1_69' title="bbox 1778 2605 3354 2683">
    <p class='ocr_par' dir='ltr' id='par_1_69' title="bbox 1778 2605 3354 2683">
     <span class='ocr_line' id='line_1_70' title="bbox 1778 2605 3354 2683; baseline -0.011 -7"><span class='ocrx_word' id='word_1_565' title='bbox 1778 2621 2056 2676; x_wconf 90' lang='lat' dir='ltr'><strong>cabuntur</strong></span> <span class='ocrx_word' id='word_1_566' title='bbox 2091 2618 2158 2671; x_wconf 89' lang='grc'><strong>³³.</strong></span> <span class='ocrx_word' id='word_1_567' title='bbox 2197 2635 2218 2670; x_wconf 76' lang='grc' dir='ltr'><strong><em>ι</em></strong></span> <span class='ocrx_word' id='word_1_568' title='bbox 2248 2617 2482 2671; x_wconf 84' lang='lat' dir='ltr'><strong>Rursum</strong></span> <span class='ocrx_word' id='word_1_569' title='bbox 2508 2627 2636 2668; x_wconf 81' lang='lat' dir='ltr'><strong>vero</strong></span> <span class='ocrx_word' id='word_1_570' title='bbox 2659 2621 2847 2683; x_wconf 87' lang='lat' dir='ltr'><strong>gentes</strong></span> <span class='ocrx_word' id='word_1_571' title='bbox 2867 2608 3160 2666; x_wconf 86' lang='lat' dir='ltr'><strong>sublevans</strong></span> <span class='ocrx_word' id='word_1_572' title='bbox 3183 2605 3354 2663; x_wconf 85' lang='lat' dir='ltr'><strong>dicit:</strong></span> 
     </span>
    </p>
   </div>
   <div class='ocr_carea' id='block_1_70' title="bbox 1784 2698 3358 2778">
    <p class='ocr_par' dir='ltr' id='par_1_70' title="bbox 1784 2698 3358 2778">
     <span class='ocr_line' id='line_1_71' title="bbox 1784 2698 3358 2778; baseline -0.009 -12"><span class='ocrx_word' id='word_1_573' title='bbox 1784 2731 1804 2766; x_wconf 73' lang='grc' dir='ltr'>ι</span> <span class='ocrx_word' id='word_1_574' title='bbox 1850 2710 1988 2766; x_wconf 91' lang='lat' dir='ltr'><strong>Cum</strong></span> <span class='ocrx_word' id='word_1_575' title='bbox 2018 2711 2163 2766; x_wconf 91' lang='lat' dir='ltr'><strong>enim</strong></span> <span class='ocrx_word' id='word_1_576' title='bbox 2207 2717 2414 2778; x_wconf 86' lang='lat' dir='ltr'><strong>gentes,</strong></span> <span class='ocrx_word' id='word_1_577' title='bbox 2456 2721 2579 2774; x_wconf 75' lang='lat' dir='ltr'><strong>qua:</strong></span> <span class='ocrx_word' id='word_1_578' title='bbox 2610 2704 2786 2773; x_wconf 87' lang='lat' dir='ltr'><strong>legem</strong></span> <span class='ocrx_word' id='word_1_579' title='bbox 2811 2718 2915 2756; x_wconf 90' lang='lat' dir='ltr'><strong>non</strong></span> <span class='ocrx_word' id='word_1_580' title='bbox 2945 2698 3166 2763; x_wconf 77' lang='lat' dir='ltr'><strong>habent,</strong></span> <span class='ocrx_word' id='word_1_581' title='bbox 3199 2707 3358 2752; x_wconf 73' lang='lat' dir='ltr'><strong>natu-</strong></span> 
     </span>
    </p>
   </div>
   <div class='ocr_carea' id='block_1_71' title="bbox 1778 2789 3358 2874">
    <p class='ocr_par' dir='ltr' id='par_1_71' title="bbox 1778 2789 3358 2874">
     <span class='ocr_line' id='line_1_72' title="bbox 1778 2789 3358 2874; baseline -0.011 -14"><span class='ocrx_word' id='word_1_582' title='bbox 1778 2804 1969 2860; x_wconf 89' lang='lat' dir='ltr'><strong>raliter</strong></span> <span class='ocrx_word' id='word_1_583' title='bbox 1996 2816 2120 2874; x_wconf 76' lang='lat' dir='ltr'><strong>quae.</strong></span> <span class='ocrx_word' id='word_1_584' title='bbox 2149 2800 2283 2868; x_wconf 78' lang='lat' dir='ltr'><strong>legis</strong></span> <span class='ocrx_word' id='word_1_585' title='bbox 2308 2808 2435 2854; x_wconf 89' lang='lat' dir='ltr'><strong>sunt</strong></span> <span class='ocrx_word' id='word_1_586' title='bbox 2462 2797 2688 2862; x_wconf 88' lang='lat' dir='ltr'><strong>faciunt,</strong></span> <span class='ocrx_word' id='word_1_587' title='bbox 2723 2794 2774 2848; x_wconf 91' lang='lat' dir='ltr'><strong>hi</strong></span> <span class='ocrx_word' id='word_1_588' title='bbox 2805 2793 2974 2862; x_wconf 83' lang='lat' dir='ltr'><strong>legem</strong></span> <span class='ocrx_word' id='word_1_589' title='bbox 3005 2807 3110 2846; x_wconf 89' lang='lat' dir='ltr'><strong>non</strong></span> <span class='ocrx_word' id='word_1_590' title='bbox 3147 2789 3358 2844; x_wconf 86' lang='lat' dir='ltr'><strong>haben-</strong></span> 
     </span>
    </p>
   </div>
   <div class='ocr_carea' id='block_1_72' title="bbox 1779 2880 3356 2965">
    <p class='ocr_par' dir='ltr' id='par_1_72' title="bbox 1779 2880 3356 2965">
     <span class='ocr_line' id='line_1_73' title="bbox 1779 2880 3356 2965; baseline -0.01 -13"><span class='ocrx_word' id='word_1_591' title='bbox 1779 2908 1898 2960; x_wconf 89' lang='lat' dir='ltr'><strong>tes,</strong></span> <span class='ocrx_word' id='word_1_592' title='bbox 1946 2895 2044 2965; x_wconf 88' lang='lat' dir='ltr'><strong>ipsi</strong></span> <span class='ocrx_word' id='word_1_593' title='bbox 2089 2893 2192 2949; x_wconf 90' lang='lat' dir='ltr'><strong>sibi</strong></span> <span class='ocrx_word' id='word_1_594' title='bbox 2235 2900 2362 2946; x_wconf 87' lang='lat' dir='ltr'><strong>sunt</strong></span> <span class='ocrx_word' id='word_1_595' title='bbox 2401 2890 2489 2946; x_wconf 89' lang='lat' dir='ltr'><strong>lex</strong></span> <span class='ocrx_word' id='word_1_596' title='bbox 2515 2928 2532 2953; x_wconf 91' lang='lat'><strong>,</strong></span> <span class='ocrx_word' id='word_1_597' title='bbox 2573 2888 2667 2958; x_wconf 92' lang='lat' dir='ltr'><strong>qui</strong></span> <span class='ocrx_word' id='word_1_598' title='bbox 2698 2887 2992 2942; x_wconf 85' lang='lat' dir='ltr'><strong>ostendunt</strong></span> <span class='ocrx_word' id='word_1_599' title='bbox 3020 2898 3156 2952; x_wconf 90' lang='lat' dir='ltr'><strong>opus</strong></span> <span class='ocrx_word' id='word_1_600' title='bbox 3221 2880 3356 2951; x_wconf 81' lang='lat' dir='ltr'><strong>legis</strong></span> 
     </span>
    </p>
   </div>
   <div class='ocr_carea' id='block_1_73' title="bbox 1777 2977 3355 3058">
    <p class='ocr_par' dir='ltr' id='par_1_73' title="bbox 1777 2977 3355 3058">
     <span class='ocr_line' id='line_1_74' title="bbox 1777 2977 3355 3058; baseline -0.013 -13"><span class='ocrx_word' id='word_1_601' title='bbox 1777 2990 2044 3058; x_wconf 89' lang='lat' dir='ltr'><strong>scriptum</strong></span> <span class='ocrx_word' id='word_1_602' title='bbox 2080 2987 2131 3040; x_wconf 89' lang='lat' dir='ltr'><strong>itt</strong></span> <span class='ocrx_word' id='word_1_603' title='bbox 2163 2984 2422 3039; x_wconf 88' lang='lat' dir='ltr'><strong>cordibus</strong></span> <span class='ocrx_word' id='word_1_604' title='bbox 2463 2981 2577 3036; x_wconf 89' lang='lat' dir='ltr'><strong>suis</strong></span> <span class='ocrx_word' id='word_1_605' title='bbox 2607 2977 2677 3045; x_wconf 76' lang='grc'><strong>³⁸,</strong></span> <span class='ocrx_word' id='word_1_606' title='bbox 2714 2997 2734 3030; x_wconf 75' lang='grc' dir='ltr'><strong><em>ι</em></strong></span> <span class='ocrx_word' id='word_1_607' title='bbox 2765 2988 2872 3033; x_wconf 92' lang='lat' dir='ltr'><strong>etc.</strong></span> <span class='ocrx_word' id='word_1_608' title='bbox 2917 2977 2980 3030; x_wconf 89' lang='lat' dir='ltr'><strong>Et</strong></span> <span class='ocrx_word' id='word_1_609' title='bbox 3012 2977 3210 3029; x_wconf 90' lang='lat' dir='ltr'><strong>iterum</strong></span> <span class='ocrx_word' id='word_1_610' title='bbox 3239 2989 3355 3028; x_wconf 89' lang='lat' dir='ltr'><strong>ser-</strong></span> 
     </span>
    </p>
   </div>
   <div class='ocr_carea' id='block_1_74' title="bbox 1779 3069 3351 3136">
    <p class='ocr_par' dir='ltr' id='par_1_74' title="bbox 1779 3069 3351 3136">
     <span class='ocr_line' id='line_1_75' title="bbox 1779 3069 3351 3136; baseline -0.011 0"><span class='ocrx_word' id='word_1_611' title='bbox 1779 3098 1994 3136; x_wconf 88' lang='lat' dir='ltr'><strong>monem</strong></span> <span class='ocrx_word' id='word_1_612' title='bbox 2032 3077 2300 3134; x_wconf 84' lang='lat' dir='ltr'><strong>convertit</strong></span> <span class='ocrx_word' id='word_1_613' title='bbox 2322 3075 2390 3130; x_wconf 90' lang='lat' dir='ltr'><strong>ad</strong></span> <span class='ocrx_word' id='word_1_614' title='bbox 2422 3073 2638 3130; x_wconf 71' lang='lat' dir='ltr'><strong>Judzeos</strong></span> <span class='ocrx_word' id='word_1_615' title='bbox 2671 3071 2898 3126; x_wconf 86' lang='lat' dir='ltr'><strong>dicens:</strong></span> <span class='ocrx_word' id='word_1_616' title='bbox 2941 3087 2960 3121; x_wconf 75' lang='grc' dir='ltr'><strong><em>ο</em></strong></span> <span class='ocrx_word' id='word_1_617' title='bbox 2997 3069 3051 3123; x_wconf 95' lang='lat' dir='ltr'><strong>Si</strong></span> <span class='ocrx_word' id='word_1_618' title='bbox 3076 3078 3258 3121; x_wconf 87' lang='lat' dir='ltr'><strong>autem</strong></span> <span class='ocrx_word' id='word_1_619' title='bbox 3297 3075 3351 3124; x_wconf 88' lang='lat' dir='ltr'><strong>tu</strong></span> 
     </span>
    </p>
   </div>
   <div class='ocr_carea' id='block_1_75' title="bbox 1775 3160 3348 3241">
    <p class='ocr_par' dir='ltr' id='par_1_75' title="bbox 1775 3160 3348 3241">
     <span class='ocr_line' id='line_1_76' title="bbox 1775 3160 3348 3241; baseline -0.013 -13"><span class='ocrx_word' id='word_1_620' title='bbox 1775 3171 1998 3228; x_wconf 67' lang='lat' dir='ltr'><strong>Judwus</strong></span> <span class='ocrx_word' id='word_1_621' title='bbox 2035 3169 2446 3241; x_wconf 88' lang='lat' dir='ltr'><strong>cognominaris</strong></span> <span class='ocrx_word' id='word_1_622' title='bbox 2471 3207 2488 3231; x_wconf 93' lang='lat'><strong>,</strong></span> <span class='ocrx_word' id='word_1_623' title='bbox 2535 3175 2589 3224; x_wconf 88' lang='lat' dir='ltr'><strong>et</strong></span> <span class='ocrx_word' id='word_1_624' title='bbox 2621 3163 2918 3234; x_wconf 86' lang='lat' dir='ltr'><strong>requiescis</strong></span> <span class='ocrx_word' id='word_1_625' title='bbox 2944 3162 2998 3216; x_wconf 91' lang='lat' dir='ltr'><strong>in</strong></span> <span class='ocrx_word' id='word_1_626' title='bbox 3043 3161 3157 3230; x_wconf 84' lang='lat' dir='ltr'><strong>lege</strong></span> <span class='ocrx_word' id='word_1_627' title='bbox 3193 3160 3262 3222; x_wconf 78' lang='grc'><strong>³³,</strong></span> <span class='ocrx_word' id='word_1_628' title='bbox 3329 3175 3348 3208; x_wconf 75' lang='grc' dir='ltr'><strong><em>ι</em></strong></span> 
     </span>
    </p>
   </div>
   <div class='ocr_carea' id='block_1_76' title="bbox 1782 3251 3352 3333">
    <p class='ocr_par' dir='ltr' id='par_1_76' title="bbox 1782 3251 3352 3333">
     <span class='ocr_line' id='line_1_77' title="bbox 1782 3251 3352 3333; baseline -0.012 -12"><span class='ocrx_word' id='word_1_629' title='bbox 1782 3275 1836 3322; x_wconf 89' lang='lat' dir='ltr'><strong>et</strong></span> <span class='ocrx_word' id='word_1_630' title='bbox 1870 3265 2076 3333; x_wconf 88' lang='lat' dir='ltr'><strong>reliqua</strong></span> <span class='ocrx_word' id='word_1_631' title='bbox 2105 3278 2278 3332; x_wconf 87' lang='lat' dir='ltr'><strong>usque</strong></span> <span class='ocrx_word' id='word_1_632' title='bbox 2309 3261 2375 3314; x_wconf 87' lang='lat' dir='ltr'><strong>ad</strong></span> <span class='ocrx_word' id='word_1_633' title='bbox 2399 3257 2723 3333; x_wconf 88' lang='lat' dir='ltr'><strong>cutulocum</strong></span> <span class='ocrx_word' id='word_1_634' title='bbox 2758 3256 2848 3310; x_wconf 80' lang='lat' dir='ltr'><strong>tibi</strong></span> <span class='ocrx_word' id='word_1_635' title='bbox 2879 3254 3046 3308; x_wconf 91' lang='lat' dir='ltr'><strong>dicit:</strong></span> <span class='ocrx_word' id='word_1_636' title='bbox 3086 3271 3106 3304; x_wconf 68' lang='grc' dir='ltr'><em>ς</em></span> <span class='ocrx_word' id='word_1_637' title='bbox 3145 3251 3352 3305; x_wconf 85' lang='lat' dir='ltr'><strong>Nomen</strong></span> 
     </span>
    </p>
   </div>
   <div class='ocr_carea' id='block_1_77' title="bbox 1776 3331 3350 3426">
    <p class='ocr_par' dir='ltr' id='par_1_77' title="bbox 1776 3331 3350 3426">
     <span class='ocr_line' id='line_1_78' title="bbox 1776 3331 3350 3426; baseline -0.013 -12"><span class='ocrx_word' id='word_1_638' title='bbox 1776 3358 1922 3414; x_wconf 88' lang='lat' dir='ltr'><strong>enim</strong></span> <span class='ocrx_word' id='word_1_639' title='bbox 1964 3331 2059 3412; x_wconf 79' lang='lat' dir='ltr'><strong>Dei</strong></span> <span class='ocrx_word' id='word_1_640' title='bbox 2112 3331 2209 3426; x_wconf 83' lang='lat' dir='ltr'><strong>per</strong></span> <span class='ocrx_word' id='word_1_641' title='bbox 2235 3368 2336 3409; x_wconf 90' lang='lat' dir='ltr'><strong>vos</strong></span> <span class='ocrx_word' id='word_1_642' title='bbox 2362 3331 2774 3420; x_wconf 80' lang='lat' dir='ltr'><strong>blaSphematur</strong></span> <span class='ocrx_word' id='word_1_643' title='bbox 2819 3348 2962 3401; x_wconf 90' lang='lat' dir='ltr'><strong>inter</strong></span> <span class='ocrx_word' id='word_1_644' title='bbox 2991 3353 3180 3418; x_wconf 64' lang='lat' dir='ltr'><strong>gentes</strong></span> <span class='ocrx_word' id='word_1_645' title='bbox 3211 3343 3276 3396; x_wconf 82' lang='grc'><strong>³⁸.</strong></span> <span class='ocrx_word' id='word_1_646' title='bbox 3330 3361 3350 3394; x_wconf 75' lang='grc' dir='ltr'>ι</span> 
     </span>
    </p>
   </div>
   <div class='ocr_carea' id='block_1_78' title="bbox 1776 3434 3354 3509">
    <p class='ocr_par' dir='ltr' id='par_1_78' title="bbox 1776 3434 3354 3509">
     <span class='ocr_line' id='line_1_79' title="bbox 1776 3434 3354 3509; baseline -0.011 -4"><span class='ocrx_word' id='word_1_647' title='bbox 1776 3449 1844 3505; x_wconf 85' lang='lat' dir='ltr'><strong>Et</strong></span> <span class='ocrx_word' id='word_1_648' title='bbox 1880 3465 1947 3506; x_wconf 90' lang='lat' dir='ltr'><strong>ne</strong></span> <span class='ocrx_word' id='word_1_649' title='bbox 1976 3449 2253 3505; x_wconf 90' lang='lat' dir='ltr'><strong>videretur</strong></span> <span class='ocrx_word' id='word_1_650' title='bbox 2293 3444 2492 3498; x_wconf 88' lang='lat' dir='ltr'><strong>nimius</strong></span> <span class='ocrx_word' id='word_1_651' title='bbox 2521 3457 2641 3496; x_wconf 90' lang='lat' dir='ltr'><strong>esse</strong></span> <span class='ocrx_word' id='word_1_652' title='bbox 2681 3439 2734 3494; x_wconf 92' lang='lat' dir='ltr'><strong>iu</strong></span> <span class='ocrx_word' id='word_1_653' title='bbox 2773 3435 3236 3509; x_wconf 86' lang='lat' dir='ltr'><strong>increpationibus</strong></span> <span class='ocrx_word' id='word_1_654' title='bbox 3259 3434 3354 3489; x_wconf 57' lang='lat' dir='ltr'><strong>Ju-</strong></span> 
     </span>
    </p>
   </div>
   <div class='ocr_carea' id='block_1_79' title="bbox 1776 3524 3351 3603">
    <p class='ocr_par' dir='ltr' id='par_1_79' title="bbox 1776 3524 3351 3603">
     <span class='ocr_line' id='line_1_80' title="bbox 1776 3524 3351 3603; baseline -0.01 -9"><span class='ocrx_word' id='word_1_655' title='bbox 1776 3539 2041 3603; x_wconf 65' lang='lat' dir='ltr'><strong>dmorutn,</strong></span> <span class='ocrx_word' id='word_1_656' title='bbox 2070 3535 2202 3592; x_wconf 88' lang='lat' dir='ltr'><strong>dicit</strong></span> <span class='ocrx_word' id='word_1_657' title='bbox 2236 3552 2251 3590; x_wconf 89' lang='lat'><strong>:</strong></span> <span class='ocrx_word' id='word_1_658' title='bbox 2283 3551 2303 3586; x_wconf 72' lang='grc' dir='ltr'>ί</span> <span class='ocrx_word' id='word_1_659' title='bbox 2337 3531 2696 3588; x_wconf 85' lang='lat' dir='ltr'><strong>Circumcisio</strong></span> <span class='ocrx_word' id='word_1_660' title='bbox 2727 3530 2945 3600; x_wconf 85' lang='lat' dir='ltr'><strong>quidem</strong></span> <span class='ocrx_word' id='word_1_661' title='bbox 2990 3527 3254 3597; x_wconf 88' lang='lat' dir='ltr'><strong>prodest,</strong></span> <span class='ocrx_word' id='word_1_662' title='bbox 3307 3524 3351 3579; x_wconf 87' lang='lat' dir='ltr'><strong>si</strong></span> 
     </span>
    </p>
   </div>
   <div class='ocr_carea' id='block_1_80' title="bbox 1775 3620 3355 3703">
    <p class='ocr_par' dir='ltr' id='par_1_80' title="bbox 1775 3620 3355 3703">
     <span class='ocr_line' id='line_1_81' title="bbox 1775 3620 3355 3703; baseline -0.01 -17"><span class='ocrx_word' id='word_1_663' title='bbox 1775 3630 1951 3703; x_wconf 88' lang='lat' dir='ltr'><strong>legem</strong></span> <span class='ocrx_word' id='word_1_664' title='bbox 2003 3628 2284 3685; x_wconf 89' lang='lat' dir='ltr'><strong>custodias</strong></span> <span class='ocrx_word' id='word_1_665' title='bbox 2307 3626 2375 3679; x_wconf 84' lang='grc'><strong>³⁷.</strong></span> <span class='ocrx_word' id='word_1_666' title='bbox 2429 3643 2449 3678; x_wconf 69' lang='grc' dir='ltr'><strong><em>ι</em></strong></span> <span class='ocrx_word' id='word_1_667' title='bbox 2499 3624 2607 3680; x_wconf 89' lang='lat' dir='ltr'><strong>Sed</strong></span> <span class='ocrx_word' id='word_1_668' title='bbox 2641 3623 2836 3678; x_wconf 90' lang='lat' dir='ltr'><strong>iterum</strong></span> <span class='ocrx_word' id='word_1_669' title='bbox 2882 3636 2948 3676; x_wconf 91' lang='lat' dir='ltr'><strong>ne</strong></span> <span class='ocrx_word' id='word_1_670' title='bbox 2981 3620 3221 3690; x_wconf 87' lang='lat' dir='ltr'><strong>erigeret</strong></span> <span class='ocrx_word' id='word_1_671' title='bbox 3258 3631 3355 3671; x_wconf 89' lang='lat' dir='ltr'><strong>eos</strong></span> 
     </span>
    </p>
   </div>
   <div class='ocr_carea' id='block_1_81' title="bbox 1774 3711 3354 3794">
    <p class='ocr_par' dir='ltr' id='par_1_81' title="bbox 1774 3711 3354 3794">
     <span class='ocr_line' id='line_1_82' title="bbox 1774 3711 3354 3794; baseline -0.009 -15"><span class='ocrx_word' id='word_1_672' title='bbox 1774 3723 1866 3794; x_wconf 90' lang='lat' dir='ltr'><strong>qui</strong></span> <span class='ocrx_word' id='word_1_673' title='bbox 1900 3721 2125 3778; x_wconf 88' lang='lat' dir='ltr'><strong>nimiam</strong></span> <span class='ocrx_word' id='word_1_674' title='bbox 2155 3721 2207 3774; x_wconf 90' lang='lat' dir='ltr'><strong>itt</strong></span> <span class='ocrx_word' id='word_1_675' title='bbox 2241 3719 2660 3774; x_wconf 90' lang='lat' dir='ltr'><strong>circumcisione</strong></span> <span class='ocrx_word' id='word_1_676' title='bbox 2691 3715 2920 3787; x_wconf 85' lang='lat' dir='ltr'><strong>gloriam</strong></span> <span class='ocrx_word' id='word_1_677' title='bbox 2950 3722 3180 3784; x_wconf 89' lang='lat' dir='ltr'><strong>ponunt,</strong></span> <span class='ocrx_word' id='word_1_678' title='bbox 3199 3711 3354 3765; x_wconf 84' lang='lat' dir='ltr'><strong>addi-</strong></span> 
     </span>
    </p>
   </div>
   <div class='ocr_carea' id='block_1_82' title="bbox 1774 3797 3353 3871">
    <p class='ocr_par' dir='ltr' id='par_1_82' title="bbox 1774 3797 3353 3871">
     <span class='ocr_line' id='line_1_83' title="bbox 1774 3797 3353 3871; baseline -0.013 -2"><span class='ocrx_word' id='word_1_679' title='bbox 1774 3814 1854 3868; x_wconf 91' lang='lat' dir='ltr'><strong>dit</strong></span> <span class='ocrx_word' id='word_1_680' title='bbox 1886 3829 1901 3866; x_wconf 89' lang='lat'><strong>:</strong></span> <span class='ocrx_word' id='word_1_681' title='bbox 1943 3831 1963 3865; x_wconf 74' lang='grc' dir='ltr'>ι</span> <span class='ocrx_word' id='word_1_682' title='bbox 2002 3809 2061 3866; x_wconf 91' lang='lat' dir='ltr'><strong>Si</strong></span> <span class='ocrx_word' id='word_1_683' title='bbox 2095 3817 2278 3864; x_wconf 87' lang='lat' dir='ltr'><strong>autem</strong></span> <span class='ocrx_word' id='word_1_684' title='bbox 2322 3805 2713 3871; x_wconf 61' lang='lat' dir='ltr'><strong>pravaricator</strong></span> <span class='ocrx_word' id='word_1_685' title='bbox 2760 3803 2840 3858; x_wconf 88' lang='lat' dir='ltr'><strong>sis</strong></span> <span class='ocrx_word' id='word_1_686' title='bbox 2876 3801 3030 3871; x_wconf 86' lang='lat' dir='ltr'><strong>legis,</strong></span> <span class='ocrx_word' id='word_1_687' title='bbox 3062 3797 3353 3854; x_wconf 78' lang='lat' dir='ltr'><strong>circumci-</strong></span> 
     </span>
    </p>
   </div>
   <div class='ocr_carea' id='block_1_83' title="bbox 1772 3886 3355 3971">
    <p class='ocr_par' dir='ltr' id='par_1_83' title="bbox 1772 3886 3355 3971">
     <span class='ocr_line' id='line_1_84' title="bbox 1772 3886 3355 3971; baseline -0.013 -12"><span class='ocrx_word' id='word_1_688' title='bbox 1772 3904 1856 3960; x_wconf 87' lang='lat' dir='ltr'><strong>sio</strong></span> <span class='ocrx_word' id='word_1_689' title='bbox 1883 3910 1971 3957; x_wconf 91' lang='lat' dir='ltr'><strong>tua</strong></span> <span class='ocrx_word' id='word_1_690' title='bbox 1994 3901 2316 3971; x_wconf 64' lang='lat' dir='ltr'><strong>praeputium</strong></span> <span class='ocrx_word' id='word_1_691' title='bbox 2346 3896 2490 3951; x_wconf 89' lang='lat' dir='ltr'><strong>facta</strong></span> <span class='ocrx_word' id='word_1_692' title='bbox 2525 3905 2611 3950; x_wconf 89' lang='lat' dir='ltr'><strong>est</strong></span> <span class='ocrx_word' id='word_1_693' title='bbox 2643 3892 2711 3946; x_wconf 82' lang='grc'><strong>³⁸.</strong></span> <span class='ocrx_word' id='word_1_694' title='bbox 2745 3910 2766 3945; x_wconf 76' lang='grc' dir='ltr'><strong><em>ι</em></strong></span> <span class='ocrx_word' id='word_1_695' title='bbox 2811 3891 2880 3947; x_wconf 89' lang='lat' dir='ltr'><strong>Ut</strong></span> <span class='ocrx_word' id='word_1_696' title='bbox 2929 3899 3111 3943; x_wconf 86' lang='lat' dir='ltr'><strong>autem</strong></span> <span class='ocrx_word' id='word_1_697' title='bbox 3157 3886 3355 3957; x_wconf 88' lang='lat' dir='ltr'><strong>paulu-</strong></span> 
     </span>
    </p>
   </div>
   <div class='ocr_carea' id='block_1_84' title="bbox 1774 3981 3354 4060">
    <p class='ocr_par' dir='ltr' id='par_1_84' title="bbox 1774 3981 3354 4060">
     <span class='ocr_line' id='line_1_85' title="bbox 1774 3981 3354 4060; baseline -0.01 -9"><span class='ocrx_word' id='word_1_698' title='bbox 1774 3996 1887 4051; x_wconf 91' lang='lat' dir='ltr'><strong>lum</strong></span> <span class='ocrx_word' id='word_1_699' title='bbox 1920 4003 1976 4050; x_wconf 91' lang='lat' dir='ltr'><strong>et</strong></span> <span class='ocrx_word' id='word_1_700' title='bbox 2002 4005 2192 4048; x_wconf 89' lang='lat' dir='ltr'><strong>eorum</strong></span> <span class='ocrx_word' id='word_1_701' title='bbox 2222 3990 2314 4060; x_wconf 92' lang='lat' dir='ltr'><strong>qui</strong></span> <span class='ocrx_word' id='word_1_702' title='bbox 2344 4001 2413 4043; x_wconf 89' lang='lat' dir='ltr'><strong>ex</strong></span> <span class='ocrx_word' id='word_1_703' title='bbox 2444 3985 2694 4058; x_wconf 90' lang='lat' dir='ltr'><strong>gentibus</strong></span> <span class='ocrx_word' id='word_1_704' title='bbox 2723 3985 2953 4038; x_wconf 91' lang='lat' dir='ltr'><strong>credunt</strong></span> <span class='ocrx_word' id='word_1_705' title='bbox 2977 3982 3191 4037; x_wconf 89' lang='lat' dir='ltr'><strong>animos</strong></span> <span class='ocrx_word' id='word_1_706' title='bbox 3218 3981 3354 4035; x_wconf 86' lang='lat' dir='ltr'><strong>alle-</strong></span> 
     </span>
    </p>
   </div>
   <div class='ocr_carea' id='block_1_85' title="bbox 1773 4071 3353 4154">
    <p class='ocr_par' dir='ltr' id='par_1_85' title="bbox 1773 4071 3353 4154">
     <span class='ocr_line' id='line_1_86' title="bbox 1773 4071 3353 4154; baseline -0.01 -13"><span class='ocrx_word' id='word_1_707' title='bbox 1773 4095 1950 4154; x_wconf 89' lang='lat' dir='ltr'><strong>varet,</strong></span> <span class='ocrx_word' id='word_1_708' title='bbox 1998 4083 2275 4154; x_wconf 75' lang='lat' dir='ltr'><strong>subiungit</strong></span> <span class='ocrx_word' id='word_1_709' title='bbox 2305 4099 2321 4137; x_wconf 89' lang='lat'><strong>:</strong></span> <span class='ocrx_word' id='word_1_710' title='bbox 2353 4100 2373 4135; x_wconf 72' lang='grc' dir='ltr'><strong>ο</strong></span> <span class='ocrx_word' id='word_1_711' title='bbox 2429 4078 2488 4135; x_wconf 89' lang='lat' dir='ltr'><strong>Si</strong></span> <span class='ocrx_word' id='word_1_712' title='bbox 2539 4085 2722 4133; x_wconf 87' lang='lat' dir='ltr'><strong>autem</strong></span> <span class='ocrx_word' id='word_1_713' title='bbox 2753 4076 3077 4146; x_wconf 74' lang='lat' dir='ltr'><strong>przeputium</strong></span> <span class='ocrx_word' id='word_1_714' title='bbox 3105 4071 3353 4144; x_wconf 87' lang='lat' dir='ltr'><strong>justitias</strong></span> 
     </span>
    </p>
   </div>
   <div class='ocr_carea' id='block_1_86' title="bbox 1771 4167 3351 4249">
    <p class='ocr_par' dir='ltr' id='par_1_86' title="bbox 1771 4167 3351 4249">
     <span class='ocr_line' id='line_1_87' title="bbox 1771 4167 3351 4249; baseline -0.013 -13"><span class='ocrx_word' id='word_1_715' title='bbox 1771 4179 1910 4249; x_wconf 87' lang='lat' dir='ltr'><strong>legis</strong></span> <span class='ocrx_word' id='word_1_716' title='bbox 1943 4177 2238 4249; x_wconf 81' lang='lat' dir='ltr'><strong>custodiat,</strong></span> <span class='ocrx_word' id='word_1_717' title='bbox 2268 4188 2450 4229; x_wconf 87' lang='lat' dir='ltr'><strong>nonne</strong></span> <span class='ocrx_word' id='word_1_718' title='bbox 2481 4171 2806 4242; x_wconf 70' lang='lat' dir='ltr'><strong>praeputium</strong></span> <span class='ocrx_word' id='word_1_719' title='bbox 2838 4168 2983 4224; x_wconf 91' lang='lat' dir='ltr'><strong>illius</strong></span> <span class='ocrx_word' id='word_1_720' title='bbox 3024 4167 3080 4221; x_wconf 89' lang='lat' dir='ltr'><strong>in</strong></span> <span class='ocrx_word' id='word_1_721' title='bbox 3116 4168 3351 4221; x_wconf 86' lang='lat' dir='ltr'><strong>circum-</strong></span> 
     </span>
    </p>
   </div>
   <div class='ocr_carea' id='block_1_87' title="bbox 1771 4257 3347 4339">
    <p class='ocr_par' dir='ltr' id='par_1_87' title="bbox 1771 4257 3347 4339">
     <span class='ocr_line' id='line_1_88' title="bbox 1771 4257 3347 4339; baseline -0.011 -9"><span class='ocrx_word' id='word_1_722' title='bbox 1771 4271 2037 4331; x_wconf 87' lang='lat' dir='ltr'><strong>cisionem</strong></span> <span class='ocrx_word' id='word_1_723' title='bbox 2079 4265 2482 4339; x_wconf 78' lang='lat' dir='ltr'><strong>reputabitur”</strong></span> <span class='ocrx_word' id='word_1_724' title='bbox 2508 4265 2532 4320; x_wconf 83' lang='lat' dir='ltr'><strong>‘l</strong></span> <span class='ocrx_word' id='word_1_725' title='bbox 2567 4284 2587 4319; x_wconf 76' lang='grc' dir='ltr'><strong><em>ι</em></strong></span> <span class='ocrx_word' id='word_1_726' title='bbox 2614 4265 2791 4334; x_wconf 84' lang='lat' dir='ltr'><strong>Atque</strong></span> <span class='ocrx_word' id='word_1_727' title='bbox 2819 4269 2880 4316; x_wconf 92' lang='lat' dir='ltr'><strong>ut</strong></span> <span class='ocrx_word' id='word_1_728' title='bbox 2908 4259 3143 4315; x_wconf 88' lang='lat' dir='ltr'><strong>validius</strong></span> <span class='ocrx_word' id='word_1_729' title='bbox 3167 4257 3347 4328; x_wconf 88' lang='lat' dir='ltr'><strong>erige-</strong></span> 
     </span>
    </p>
   </div>
   <div class='ocr_carea' id='block_1_88' title="bbox 1773 4351 3346 4434">
    <p class='ocr_par' dir='ltr' id='par_1_88' title="bbox 1773 4351 3346 4434">
     <span class='ocr_line' id='line_1_89' title="bbox 1773 4351 3346 4434; baseline -0.013 -11"><span class='ocrx_word' id='word_1_730' title='bbox 1773 4376 1861 4423; x_wconf 91' lang='lat' dir='ltr'><strong>ret</strong></span> <span class='ocrx_word' id='word_1_731' title='bbox 1893 4365 2108 4420; x_wconf 90' lang='lat' dir='ltr'><strong>anintos</strong></span> <span class='ocrx_word' id='word_1_732' title='bbox 2146 4361 2415 4434; x_wconf 91' lang='lat' dir='ltr'><strong>gentium,</strong></span> <span class='ocrx_word' id='word_1_733' title='bbox 2444 4369 2501 4415; x_wconf 92' lang='lat' dir='ltr'><strong>et</strong></span> <span class='ocrx_word' id='word_1_734' title='bbox 2527 4359 2732 4414; x_wconf 88' lang='lat' dir='ltr'><strong>scirent</strong></span> <span class='ocrx_word' id='word_1_735' title='bbox 2774 4369 2934 4426; x_wconf 87' lang='lat' dir='ltr'><strong>posse</strong></span> <span class='ocrx_word' id='word_1_736' title='bbox 2964 4367 3046 4419; x_wconf 90' lang='lat' dir='ltr'><strong>se,</strong></span> <span class='ocrx_word' id='word_1_737' title='bbox 3090 4351 3137 4406; x_wconf 89' lang='lat' dir='ltr'><strong>si</strong></span> <span class='ocrx_word' id='word_1_738' title='bbox 3174 4351 3346 4422; x_wconf 83' lang='lat' dir='ltr'><strong>legem</strong></span> 
     </span>
    </p>
   </div>
   <div class='ocr_carea' id='block_1_89' title="bbox 1772 4446 3347 4532">
    <p class='ocr_par' dir='ltr' id='par_1_89' title="bbox 1772 4446 3347 4532">
     <span class='ocr_line' id='line_1_90' title="bbox 1772 4446 3347 4532; baseline -0.01 -14"><span class='ocrx_word' id='word_1_739' title='bbox 1772 4457 2069 4532; x_wconf 88' lang='lat' dir='ltr'><strong>perfectius</strong></span> <span class='ocrx_word' id='word_1_740' title='bbox 2093 4447 2660 4522; x_wconf 33' lang='lat' dir='ltr'><strong>observarent,&#39;etiam</strong></span> <span class='ocrx_word' id='word_1_741' title='bbox 2680 4451 2930 4507; x_wconf 90' lang='lat' dir='ltr'><strong>meliores</strong></span> <span class='ocrx_word' id='word_1_742' title='bbox 2951 4447 3092 4504; x_wconf 74' lang='lat' dir='ltr'><strong>edici</strong></span> <span class='ocrx_word' id='word_1_743' title='bbox 3117 4446 3347 4512; x_wconf 82' lang='lat' dir='ltr'><strong>Judaeis,</strong></span> 
     </span>
    </p>
   </div>
   <div class='ocr_carea' id='block_1_90' title="bbox 1772 4544 3350 4616">
    <p class='ocr_par' dir='ltr' id='par_1_90' title="bbox 1772 4544 3350 4616">
     <span class='ocr_line' id='line_1_91' title="bbox 1772 4544 3350 4616; baseline -0.01 -8"><span class='ocrx_word' id='word_1_744' title='bbox 1772 4553 1910 4608; x_wconf 90' lang='lat' dir='ltr'><strong>dicit</strong></span> <span class='ocrx_word' id='word_1_745' title='bbox 1991 4548 2038 4582; x_wconf 73' lang='grc'><strong>⁸⁸</strong></span> <span class='ocrx_word' id='word_1_746' title='bbox 2068 4564 2084 4603; x_wconf 87' lang='lat'><strong>:</strong></span> <span class='ocrx_word' id='word_1_747' title='bbox 2123 4565 2144 4600; x_wconf 71' lang='grc' dir='ltr'>ι</span> <span class='ocrx_word' id='word_1_748' title='bbox 2176 4547 2244 4604; x_wconf 85' lang='grc' dir='ltr'><strong>Ει</strong></span> <span class='ocrx_word' id='word_1_749' title='bbox 2265 4545 2526 4616; x_wconf 73' lang='lat' dir='ltr'><strong>iudicabit</strong></span> <span class='ocrx_word' id='word_1_750' title='bbox 2549 4545 2603 4600; x_wconf 92' lang='lat' dir='ltr'><strong>id</strong></span> <span class='ocrx_word' id='word_1_751' title='bbox 2621 4544 2763 4615; x_wconf 89' lang='lat' dir='ltr'><strong>quod</strong></span> <span class='ocrx_word' id='word_1_752' title='bbox 2789 4559 2854 4599; x_wconf 87' lang='lat' dir='ltr'><strong>ex</strong></span> <span class='ocrx_word' id='word_1_753' title='bbox 2876 4549 3069 4597; x_wconf 90' lang='lat' dir='ltr'><strong>natura</strong></span> <span class='ocrx_word' id='word_1_754' title='bbox 3102 4551 3186 4596; x_wconf 87' lang='lat' dir='ltr'><strong>est</strong></span> <span class='ocrx_word' id='word_1_755' title='bbox 3211 4555 3350 4610; x_wconf 68' lang='lat' dir='ltr'><strong>prae-</strong></span> 
     </span>
    </p>
   </div>
   <div class='ocr_carea' id='block_1_91' title="bbox 115 4633 3351 4744">
    <p class='ocr_par' dir='ltr' id='par_1_91' title="bbox 115 4633 3351 4744">
     <span class='ocr_line' id='line_1_92' title="bbox 115 4633 3351 4744; baseline -0.013 -17"><span class='ocrx_word' id='word_1_756' title='bbox 115 4633 180 4727; x_wconf 57' lang='lat' dir='ltr'><strong>est</strong></span> <span class='ocrx_word' id='word_1_757' title='bbox 201 4673 273 4741; x_wconf 77' lang='grc'><strong>⁸⁸,</strong></span> <span class='ocrx_word' id='word_1_758' title='bbox 304 4633 390 4731; x_wconf 75' lang='lat' dir='ltr'><strong>illi</strong></span> <span class='ocrx_word' id='word_1_759' title='bbox 409 4633 572 4731; x_wconf 47' lang='lat' dir='ltr'><strong>ludas</strong></span> <span class='ocrx_word' id='word_1_760' title='bbox 602 4673 695 4744; x_wconf 90' lang='lat' dir='ltr'><strong>qui</strong></span> <span class='ocrx_word' id='word_1_761' title='bbox 722 4633 806 4728; x_wconf 48' lang='lat' dir='ltr'><strong>&#39;ex</strong></span> <span class='ocrx_word' id='word_1_762' title='bbox 849 4669 1148 4726; x_wconf 87' lang='lat' dir='ltr'><strong>femoribus</strong></span> <span class='ocrx_word' id='word_1_763' title='bbox 1173 4664 1343 4722; x_wconf 78' lang='lat' dir='ltr'><strong>Jacob</strong></span> <span class='ocrx_word' id='word_1_764' title='bbox 1367 4659 1667 4720; x_wconf 85' lang='lat' dir='ltr'><strong>secundum</strong></span> <span class='ocrx_word' id='word_1_765' title='bbox 1701 4663 1748 4719; x_wconf 81' lang='grc' dir='ltr'><strong>ι)</strong></span> <span class='ocrx_word' id='word_1_766' title='bbox 1775 4641 2215 4744; x_wconf 38' lang='grc' dir='ltr'><strong>νξιιὶιιηι,.1ιῗαθω</strong></span> <span class='ocrx_word' id='word_1_767' title='bbox 2250 4638 2541 4743; x_wconf 79' lang='lat' dir='ltr'><strong>perﬁciens</strong></span> <span class='ocrx_word' id='word_1_768' title='bbox 2565 4677 2582 4706; x_wconf 93' lang='lat'><strong>,</strong></span> <span class='ocrx_word' id='word_1_769' title='bbox 2629 4646 2722 4704; x_wconf 89' lang='lat' dir='ltr'><strong>te,</strong></span> <span class='ocrx_word' id='word_1_770' title='bbox 2756 4636 2978 4744; x_wconf 50' lang='lat' dir='ltr'><strong>qui&#39;per</strong></span> <span class='ocrx_word' id='word_1_771' title='bbox 3009 4633 3245 4744; x_wconf 57' lang='lat' dir='ltr'><strong>litter‘am</strong></span> <span class='ocrx_word' id='word_1_772' title='bbox 3292 4642 3351 4687; x_wconf 88' lang='lat' dir='ltr'><strong>et</strong></span> 
     </span>
    </p>
   </div>
   <div class='ocr_carea' id='block_1_92' title="bbox 116 4774 645 4824">
    <p class='ocr_par' dir='ltr' id='par_1_92' title="bbox 116 4774 645 4824">
     <span class='ocr_line' id='line_1_93' title="bbox 116 4774 645 4824; baseline 0.008 -7"><span class='ocrx_word' id='word_1_773' title='bbox 116 4778 304 4823; x_wconf 79' lang='lat' dir='ltr'><strong>carnem</strong></span> <span class='ocrx_word' id='word_1_774' title='bbox 336 4779 500 4824; x_wconf 87' lang='lat' dir='ltr'><strong>natus</strong></span> <span class='ocrx_word' id='word_1_775' title='bbox 535 4774 645 4823; x_wconf 84' lang='lat' dir='ltr'><strong>est.</strong></span> 
     </span>
    </p>
   </div>
   <div class='ocr_carea' id='block_1_93' title="bbox 172 4843 1668 4930">
    <p class='ocr_par' dir='ltr' id='par_1_93' title="bbox 172 4843 1668 4930">
     <span class='ocr_line' id='line_1_94' title="bbox 172 4843 1668 4930; baseline -0.008 -18"><span class='ocrx_word' id='word_1_776' title='bbox 172 4858 244 4913; x_wconf 72' lang='grc'><strong>14.</strong></span> <span class='ocrx_word' id='word_1_777' title='bbox 271 4879 290 4914; x_wconf 82' lang='lat' dir='ltr'><strong>r</strong></span> <span class='ocrx_word' id='word_1_778' title='bbox 311 4863 450 4930; x_wconf 91' lang='lat' dir='ltr'><strong>Quid</strong></span> <span class='ocrx_word' id='word_1_779' title='bbox 468 4874 610 4929; x_wconf 87' lang='lat' dir='ltr'><strong>ergo</strong></span> <span class='ocrx_word' id='word_1_780' title='bbox 626 4857 860 4926; x_wconf 82' lang='lat' dir='ltr'><strong>amplius</strong></span> <span class='ocrx_word' id='word_1_781' title='bbox 881 4865 964 4911; x_wconf 88' lang='lat' dir='ltr'><strong>est</strong></span> <span class='ocrx_word' id='word_1_782' title='bbox 983 4853 1312 4911; x_wconf 73' lang='lat' dir='ltr'><strong>Judaeolaut</strong></span> <span class='ocrx_word' id='word_1_783' title='bbox 1325 4843 1668 4919; x_wconf 76' lang='lat' dir='ltr'><strong>quzeutilitas</strong></span> 
     </span>
    </p>
   </div>
   <div class='ocr_carea' id='block_1_94' title="bbox 115 4939 1669 5022">
    <p class='ocr_par' dir='ltr' id='par_1_94' title="bbox 115 4939 1669 5022">
     <span class='ocr_line' id='line_1_95' title="bbox 115 4939 1669 5022; baseline -0.01 -16"><span class='ocrx_word' id='word_1_784' title='bbox 115 4950 560 5010; x_wconf 75' lang='lat' dir='ltr'><strong>CircumcisiOnis?</strong></span> <span class='ocrx_word' id='word_1_785' title='bbox 577 4952 804 5007; x_wconf 78' lang='lat' dir='ltr'><strong>Multum</strong></span> <span class='ocrx_word' id='word_1_786' title='bbox 823 4965 918 5022; x_wconf 84' lang='lat' dir='ltr'><strong>per</strong></span> <span class='ocrx_word' id='word_1_787' title='bbox 935 4963 1148 5004; x_wconf 88' lang='lat' dir='ltr'><strong>omnem</strong></span> <span class='ocrx_word' id='word_1_788' title='bbox 1170 4945 1408 5000; x_wconf 90' lang='lat' dir='ltr'><strong>modum.</strong></span> <span class='ocrx_word' id='word_1_789' title='bbox 1424 4939 1669 5002; x_wconf 86' lang='lat' dir='ltr'><strong>Primum</strong></span> 
     </span>
    </p>
   </div>
   <div class='ocr_carea' id='block_1_95' title="bbox 115 5032 1665 5118">
    <p class='ocr_par' dir='ltr' id='par_1_95' title="bbox 115 5032 1665 5118">
     <span class='ocr_line' id='line_1_96' title="bbox 115 5032 1665 5118; baseline -0.017 -6"><span class='ocrx_word' id='word_1_790' title='bbox 115 5044 324 5112; x_wconf 67' lang='lat' dir='ltr'><strong>(luidem,</strong></span> <span class='ocrx_word' id='word_1_791' title='bbox 338 5049 468 5118; x_wconf 89' lang='lat' dir='ltr'><strong>quia</strong></span> <span class='ocrx_word' id='word_1_792' title='bbox 489 5047 700 5103; x_wconf 90' lang='lat' dir='ltr'><strong>credita</strong></span> <span class='ocrx_word' id='word_1_793' title='bbox 718 5055 844 5100; x_wconf 90' lang='lat' dir='ltr'><strong>sunt</strong></span> <span class='ocrx_word' id='word_1_794' title='bbox 860 5045 966 5100; x_wconf 91' lang='lat' dir='ltr'><strong>illis</strong></span> <span class='ocrx_word' id='word_1_795' title='bbox 987 5042 1198 5111; x_wconf 86' lang='lat' dir='ltr'><strong>eloquia</strong></span> <span class='ocrx_word' id='word_1_796' title='bbox 1212 5037 1327 5093; x_wconf 90' lang='lat' dir='ltr'><strong>Dei.</strong></span> <span class='ocrx_word' id='word_1_797' title='bbox 1357 5035 1500 5104; x_wconf 86' lang='lat' dir='ltr'><strong>Quid</strong></span> <span class='ocrx_word' id='word_1_798' title='bbox 1517 5032 1665 5088; x_wconf 90' lang='lat' dir='ltr'><strong>enim</strong></span> 
     </span>
    </p>
   </div>
   <div class='ocr_carea' id='block_1_96' title="bbox 114 5126 1664 5205">
    <p class='ocr_par' dir='ltr' id='par_1_96' title="bbox 114 5126 1664 5205">
     <span class='ocr_line' id='line_1_97' title="bbox 114 5126 1664 5205; baseline -0.009 -13"><span class='ocrx_word' id='word_1_799' title='bbox 114 5138 148 5187; x_wconf 78' lang='lat' dir='ltr'><strong>si</strong></span> <span class='ocrx_word' id='word_1_800' title='bbox 167 5140 364 5205; x_wconf 86' lang='lat' dir='ltr'><strong>quidam</strong></span> <span class='ocrx_word' id='word_1_801' title='bbox 396 5141 622 5196; x_wconf 88' lang='lat' dir='ltr'><strong>illorum</strong></span> <span class='ocrx_word' id='word_1_802' title='bbox 658 5154 765 5193; x_wconf 84' lang='lat' dir='ltr'><strong>non</strong></span> <span class='ocrx_word' id='word_1_803' title='bbox 793 5132 1184 5192; x_wconf 78' lang='lat' dir='ltr'><strong>crediderunt?</strong></span> <span class='ocrx_word' id='word_1_804' title='bbox 1207 5128 1462 5199; x_wconf 80' lang='lat' dir='ltr'><strong>Nunquid</strong></span> <span class='ocrx_word' id='word_1_805' title='bbox 1485 5126 1664 5180; x_wconf 80' lang='lat' dir='ltr'><strong>incre-</strong></span> 
     </span>
    </p>
   </div>
   <div class='ocr_carea' id='block_1_97' title="bbox 113 5220 1663 5287">
    <p class='ocr_par' dir='ltr' id='par_1_97' title="bbox 113 5220 1663 5287">
     <span class='ocr_line' id='line_1_98' title="bbox 113 5220 1663 5287; baseline -0.007 -8"><span class='ocrx_word' id='word_1_806' title='bbox 113 5223 282 5286; x_wconf 85' lang='lat' dir='ltr'><strong>dulitas</strong></span> <span class='ocrx_word' id='word_1_807' title='bbox 299 5245 498 5287; x_wconf 88' lang='lat' dir='ltr'><strong>eorum</strong></span> <span class='ocrx_word' id='word_1_808' title='bbox 523 5230 686 5286; x_wconf 86' lang='lat' dir='ltr'><strong>fidem</strong></span> <span class='ocrx_word' id='word_1_809' title='bbox 708 5229 802 5284; x_wconf 90' lang='lat' dir='ltr'><strong>Dei</strong></span> <span class='ocrx_word' id='word_1_810' title='bbox 815 5224 1130 5283; x_wconf 85' lang='lat' dir='ltr'><strong>evacuabit?</strong></span> <span class='ocrx_word' id='word_1_811' title='bbox 1142 5221 1321 5278; x_wconf 78' lang='lat' dir='ltr'><strong>Absit!</strong></span> <span class='ocrx_word' id='word_1_812' title='bbox 1345 5220 1466 5276; x_wconf 83' lang='lat' dir='ltr'><strong>Fiat</strong></span> <span class='ocrx_word' id='word_1_813' title='bbox 1481 5225 1663 5270; x_wconf 89' lang='lat' dir='ltr'><strong>autem</strong></span> 
     </span>
    </p>
   </div>
   <div class='ocr_carea' id='block_1_98' title="bbox 114 5339 1382 5440">
    <p class='ocr_par' dir='ltr' id='par_1_98' title="bbox 114 5339 1382 5440">
     <span class='ocr_line' id='line_1_99' title="bbox 114 5339 1382 5440; baseline -0.006 -40"><span class='ocrx_word' id='word_1_814' title='bbox 114 5344 355 5440; x_wconf 54' lang='lat' dir='ltr'><strong>&quot;:Gen.</strong></span> <span class='ocrx_word' id='word_1_815' title='bbox 383 5365 464 5412; x_wconf 81' lang='lat' dir='ltr'><strong>rx,</strong></span> <span class='ocrx_word' id='word_1_816' title='bbox 496 5348 567 5414; x_wconf 86' lang='lat'><strong>6;</strong></span> <span class='ocrx_word' id='word_1_817' title='bbox 602 5363 665 5414; x_wconf 86' lang='lat' dir='ltr'><strong>ll,</strong></span> <span class='ocrx_word' id='word_1_818' title='bbox 692 5346 746 5400; x_wconf 85' lang='lat'><strong>7.</strong></span> <span class='ocrx_word' id='word_1_819' title='bbox 820 5347 867 5378; x_wconf 79' lang='lat'>”</span> <span class='ocrx_word' id='word_1_820' title='bbox 891 5345 1047 5400; x_wconf 89' lang='lat' dir='ltr'><strong>Rom.</strong></span> <span class='ocrx_word' id='word_1_821' title='bbox 1084 5359 1146 5406; x_wconf 86' lang='lat' dir='ltr'><strong>ll,</strong></span> <span class='ocrx_word' id='word_1_822' title='bbox 1171 5340 1261 5406; x_wconf 73' lang='lat'><strong>28,</strong></span> <span class='ocrx_word' id='word_1_823' title='bbox 1289 5339 1382 5394; x_wconf 71' lang='lat'><strong>29.</strong></span> 
     </span>
     <span class='ocr_line' id='line_1_100' title="bbox 212 5409 1382 5440; baseline 0 0"><span class='ocrx_word' id='word_1_824' title='bbox 212 5430 265 5440; x_wconf 76' lang='grc'><strong>..-</strong></span> <span class='ocrx_word' id='word_1_825' title='bbox 310 5435 433 5440; x_wconf 84' lang='lat'><strong>._____</strong></span> <span class='ocrx_word' id='word_1_826' title='bbox 501 5418 532 5440; x_wconf 83' lang='grc' dir='ltr'>ο</span> <span class='ocrx_word' id='word_1_827' title='bbox 588 5418 623 5440; x_wconf 83' lang='lat' dir='ltr'><strong>n</strong></span> <span class='ocrx_word' id='word_1_828' title='bbox 719 5417 916 5440; x_wconf 41' lang='lat' dir='ltr'><strong>anna--.</strong></span> <span class='ocrx_word' id='word_1_829' title='bbox 977 5429 1030 5440; x_wconf 87' lang='lat'><strong>..</strong></span> <span class='ocrx_word' id='word_1_830' title='bbox 1088 5416 1107 5440; x_wconf 75' lang='grc' dir='ltr'>ι</span> <span class='ocrx_word' id='word_1_831' title='bbox 1154 5415 1173 5440; x_wconf 76' lang='grc' dir='ltr'><strong><em>ι</em></strong></span> <span class='ocrx_word' id='word_1_832' title='bbox 1295 5409 1382 5440; x_wconf 64' lang='lat' dir='ltr'><strong>Sol</strong></span> 
     </span>
    </p>
   </div>
   <div class='ocr_carea' id='block_1_99' title="bbox 111 5413 1240 5511">
    <p class='ocr_par' dir='ltr' id='par_1_99' title="bbox 111 5413 1240 5511">
     <span class='ocr_line' id='line_1_101' title="bbox 111 5413 1240 5511; baseline -0.001 -42"><span class='ocrx_word' id='word_1_833' title='bbox 111 5413 287 5511; x_wconf 56' lang='lat' dir='ltr'><strong>:Een.</strong></span> <span class='ocrx_word' id='word_1_834' title='bbox 310 5435 466 5485; x_wconf 66' lang='grc' dir='ltr'><strong>χιιι,</strong></span> <span class='ocrx_word' id='word_1_835' title='bbox 500 5413 558 5482; x_wconf 87' lang='lat'><strong>8,</strong></span> <span class='ocrx_word' id='word_1_836' title='bbox 719 5417 942 5511; x_wconf 53' lang='lat' dir='ltr'><strong>&quot;allow.</strong></span> <span class='ocrx_word' id='word_1_837' title='bbox 977 5429 1056 5482; x_wconf 82' lang='grc' dir='ltr'>ιιι,</span> <span class='ocrx_word' id='word_1_838' title='bbox 1078 5415 1202 5496; x_wconf 22' lang='grc'><strong>,1-4.</strong></span> <span class='ocrx_word' id='word_1_839' title='bbox 1229 5483 1240 5494; x_wconf 41' lang='grc'><em>,</em></span> 
     </span>
     <span class='ocr_line' id='line_1_102' title="bbox 167 5484 1240 5511; baseline 0 0"><span class='ocrx_word' id='word_1_840' title='bbox 167 5501 175 5511; x_wconf 96' lang='grc'>.</span> <span class='ocrx_word' id='word_1_841' title='bbox 217 5493 260 5511; x_wconf 60' lang='grc' dir='ltr'><strong>,λ</strong></span> <span class='ocrx_word' id='word_1_842' title='bbox 310 5492 372 5511; x_wconf 79' lang='grc'><strong>..-</strong></span> <span class='ocrx_word' id='word_1_843' title='bbox 508 5487 693 5511; x_wconf 60' lang='grc' dir='ltr'><strong>...μηι</strong></span> <span class='ocrx_word' id='word_1_844' title='bbox 796 5489 812 5511; x_wconf 79' lang='grc' dir='ltr'>ι</span> <span class='ocrx_word' id='word_1_845' title='bbox 936 5487 978 5511; x_wconf 77' lang='grc' dir='ltr'><strong><em>ιτ</em></strong></span> <span class='ocrx_word' id='word_1_846' title='bbox 1014 5487 1123 5511; x_wconf 64' lang='grc' dir='ltr'><strong>μη..</strong></span> <span class='ocrx_word' id='word_1_847' title='bbox 1171 5484 1240 5511; x_wconf 66' lang='lat' dir='ltr'><strong>ne.</strong></span> 
     </span>
    </p>
   </div>
   <div class='ocr_carea' id='block_1_100' title="bbox 167 5484 1264 5545">
    <p class='ocr_par' dir='ltr' id='par_1_100' title="bbox 167 5484 1264 5545">
     <span class='ocr_line' id='line_1_103' title="bbox 167 5484 1264 5545; baseline 0.004 -10"><span class='ocrx_word' id='word_1_848' title='bbox 167 5488 281 5541; x_wconf 85' lang='lat' dir='ltr'><strong>ibid.</strong></span> <span class='ocrx_word' id='word_1_849' title='bbox 307 5492 396 5545; x_wconf 67' lang='lat'><strong>17.</strong></span> <span class='ocrx_word' id='word_1_850' title='bbox 451 5484 456 5485; x_wconf 39' lang='grc'><strong><em>⁷</em></strong></span> <span class='ocrx_word' id='word_1_851' title='bbox 508 5489 555 5520; x_wconf 77' lang='grc'>³⁸</span> <span class='ocrx_word' id='word_1_852' title='bbox 583 5487 715 5542; x_wconf 86' lang='lat' dir='ltr'><strong>ibid.</strong></span> <span class='ocrx_word' id='word_1_853' title='bbox 749 5484 840 5541; x_wconf 72' lang='grc'><strong>24.</strong></span> <span class='ocrx_word' id='word_1_854' title='bbox 936 5487 978 5517; x_wconf 83' lang='grc'><strong>³⁷</strong></span> <span class='ocrx_word' id='word_1_855' title='bbox 1014 5487 1145 5541; x_wconf 86' lang='lat' dir='ltr'><strong>ibid.</strong></span> <span class='ocrx_word' id='word_1_856' title='bbox 1171 5484 1264 5539; x_wconf 67' lang='lat'><strong>25.</strong></span> 
     </span>
    </p>
   </div>
   <div class='ocr_carea' id='block_1_101' title="bbox 166 5596 915 5666">
    <p class='ocr_par' dir='ltr' id='par_1_101' title="bbox 166 5596 915 5666">
     <span class='ocr_line' id='line_1_104' title="bbox 166 5596 915 5666; baseline 0.009 -17"><span class='ocrx_word' id='word_1_857' title='bbox 166 5596 269 5666; x_wconf 80' lang='lat'><strong>(56)</strong></span> <span class='ocrx_word' id='word_1_858' title='bbox 306 5600 478 5664; x_wconf 88' lang='lat' dir='ltr'><strong>Editi,</strong></span> <span class='ocrx_word' id='word_1_859' title='bbox 519 5620 538 5653; x_wconf 69' lang='grc' dir='ltr'><strong><em>ι</em></strong></span> <span class='ocrx_word' id='word_1_860' title='bbox 575 5601 864 5656; x_wconf 84' lang='lat' dir='ltr'><strong>institutis.</strong></span> <span class='ocrx_word' id='word_1_861' title='bbox 895 5621 915 5655; x_wconf 75' lang='grc' dir='ltr'><strong><em>ι</em></strong></span> 
     </span>
    </p>
   </div>
   <div class='ocr_carea' id='block_1_102' title="bbox 161 5668 1136 5737">
    <p class='ocr_par' dir='ltr' id='par_1_102' title="bbox 161 5668 1136 5737">
     <span class='ocr_line' id='line_1_105' title="bbox 161 5668 1136 5737; baseline -0.004 -10"><span class='ocrx_word' id='word_1_862' title='bbox 161 5668 262 5737; x_wconf 74' lang='grc'><strong>(57)</strong></span> <span class='ocrx_word' id='word_1_863' title='bbox 300 5671 431 5725; x_wconf 81' lang='lat' dir='ltr'><strong>Sine</strong></span> <span class='ocrx_word' id='word_1_864' title='bbox 457 5671 643 5725; x_wconf 80' lang='lat' dir='ltr'><strong>dubio.</strong></span> <span class='ocrx_word' id='word_1_865' title='bbox 687 5674 844 5728; x_wconf 89' lang='lat' dir='ltr'><strong>Deest</strong></span> <span class='ocrx_word' id='word_1_866' title='bbox 872 5673 924 5725; x_wconf 93' lang='lat' dir='ltr'><strong>in</strong></span> <span class='ocrx_word' id='word_1_867' title='bbox 957 5671 1136 5726; x_wconf 85' lang='lat' dir='ltr'><strong>editis.</strong></span> 
     </span>
    </p>
   </div>
   <div class='ocr_carea' id='block_1_103' title="bbox 167 5735 1660 5810">
    <p class='ocr_par' dir='ltr' id='par_1_103' title="bbox 167 5735 1660 5810">
     <span class='ocr_line' id='line_1_106' title="bbox 167 5735 1660 5810; baseline -0.003 -17"><span class='ocrx_word' id='word_1_868' title='bbox 167 5735 268 5807; x_wconf 81' lang='lat'><strong>(58)</strong></span> <span class='ocrx_word' id='word_1_869' title='bbox 313 5740 379 5794; x_wconf 81' lang='lat' dir='ltr'><strong>Ut</strong></span> <span class='ocrx_word' id='word_1_870' title='bbox 409 5744 457 5794; x_wconf 79' lang='lat' dir='ltr'><strong>si</strong></span> <span class='ocrx_word' id='word_1_871' title='bbox 489 5759 593 5796; x_wconf 85' lang='lat' dir='ltr'><strong>non</strong></span> <span class='ocrx_word' id='word_1_872' title='bbox 622 5743 912 5796; x_wconf 73' lang='lat' dir='ltr'><strong>mwchatur</strong></span> <span class='ocrx_word' id='word_1_873' title='bbox 937 5745 991 5795; x_wconf 84' lang='lat' dir='ltr'><strong>in</strong></span> <span class='ocrx_word' id='word_1_874' title='bbox 1020 5756 1268 5810; x_wconf 81' lang='lat' dir='ltr'><strong>corpore,</strong></span> <span class='ocrx_word' id='word_1_875' title='bbox 1302 5756 1393 5794; x_wconf 87' lang='lat' dir='ltr'><strong>nec</strong></span> <span class='ocrx_word' id='word_1_876' title='bbox 1421 5739 1477 5793; x_wconf 82' lang='lat' dir='ltr'><strong>in</strong></span> <span class='ocrx_word' id='word_1_877' title='bbox 1505 5735 1660 5810; x_wconf 80' lang='lat' dir='ltr'><strong>corde</strong></span> 
     </span>
    </p>
   </div>
   <div class='ocr_carea' id='block_1_104' title="bbox 111 5809 1657 5892">
    <p class='ocr_par' dir='ltr' id='par_1_104' title="bbox 111 5809 1657 5892">
     <span class='ocr_line' id='line_1_107' title="bbox 111 5809 1657 5892; baseline -0.009 -19"><span class='ocrx_word' id='word_1_878' title='bbox 111 5811 566 5892; x_wconf 40' lang='grc' dir='ltr'><strong>πιέζείιςινιξζτμεε</strong></span> <span class='ocrx_word' id='word_1_879' title='bbox 598 5813 977 5892; x_wconf 68' lang='lat' dir='ltr'><strong>desiderantur</strong></span> <span class='ocrx_word' id='word_1_880' title='bbox 1005 5813 1059 5865; x_wconf 90' lang='lat' dir='ltr'><strong>in</strong></span> <span class='ocrx_word' id='word_1_881' title='bbox 1089 5811 1261 5892; x_wconf 57' lang='lat' dir='ltr'><strong>libris</strong></span> <span class='ocrx_word' id='word_1_882' title='bbox 1291 5819 1448 5892; x_wconf 74' lang='lat' dir='ltr'><strong>antea</strong></span> <span class='ocrx_word' id='word_1_883' title='bbox 1477 5809 1657 5890; x_wconf 78' lang='lat' dir='ltr'><strong>editis.</strong></span> 
     </span>
    </p>
   </div>
   <div class='ocr_carea' id='block_1_105' title="bbox 167 5878 1657 5963">
    <p class='ocr_par' dir='ltr' id='par_1_105' title="bbox 167 5878 1657 5963">
     <span class='ocr_line' id='line_1_108' title="bbox 167 5878 1657 5963; baseline 0 -31"><span class='ocrx_word' id='word_1_884' title='bbox 167 5878 265 5948; x_wconf 79' lang='lat'><strong>(59)</strong></span> <span class='ocrx_word' id='word_1_885' title='bbox 293 5881 463 5963; x_wconf 74' lang='lat' dir='ltr'><strong>Editi,</strong></span> <span class='ocrx_word' id='word_1_886' title='bbox 496 5901 514 5930; x_wconf 74' lang='grc' dir='ltr'>ι</span> <span class='ocrx_word' id='word_1_887' title='bbox 547 5882 809 5963; x_wconf 72' lang='lat' dir='ltr'><strong>perditam</strong></span> <span class='ocrx_word' id='word_1_888' title='bbox 846 5883 997 5940; x_wconf 86' lang='lat' dir='ltr'><strong>dedit</strong></span> <span class='ocrx_word' id='word_1_889' title='bbox 1035 5901 1055 5936; x_wconf 69' lang='grc' dir='ltr'><strong><em>ι</em></strong></span> <span class='ocrx_word' id='word_1_890' title='bbox 1087 5880 1244 5948; x_wconf 60' lang='lat' dir='ltr'><strong>Mss,</strong></span> <span class='ocrx_word' id='word_1_891' title='bbox 1287 5880 1359 5936; x_wconf 84' lang='lat' dir='ltr'><strong>al.</strong></span> <span class='ocrx_word' id='word_1_892' title='bbox 1386 5897 1406 5932; x_wconf 69' lang='grc' dir='ltr'><strong><em>ι</em></strong></span> <span class='ocrx_word' id='word_1_893' title='bbox 1429 5879 1611 5951; x_wconf 82' lang='lat' dir='ltr'><strong>periit,</strong></span> <span class='ocrx_word' id='word_1_894' title='bbox 1636 5893 1657 5928; x_wconf 70' lang='grc' dir='ltr'><strong><em>ι</em></strong></span> 
     </span>
    </p>
   </div>
   <div class='ocr_carea' id='block_1_106' title="bbox 113 5943 815 6020">
    <p class='ocr_par' dir='ltr' id='par_1_106' title="bbox 113 5943 815 6020">
     <span class='ocr_line' id='line_1_109' title="bbox 113 5943 815 6020; baseline 0.024 -28"><span class='ocrx_word' id='word_1_895' title='bbox 113 5943 189 6014; x_wconf 56' lang='lat' dir='ltr'><strong>aly,</strong></span> <span class='ocrx_word' id='word_1_896' title='bbox 233 5943 257 5999; x_wconf 74' lang='grc' dir='ltr'><strong>ε’</strong></span> <span class='ocrx_word' id='word_1_897' title='bbox 280 5943 562 6020; x_wconf 80' lang='lat' dir='ltr'><strong>pcrdituni</strong></span> <span class='ocrx_word' id='word_1_898' title='bbox 593 5951 757 6008; x_wconf 86' lang='lat' dir='ltr'><strong>dedit.</strong></span> <span class='ocrx_word' id='word_1_899' title='bbox 794 5972 815 6008; x_wconf 73' lang='grc' dir='ltr'><strong><em>ι</em></strong></span> 
     </span>
    </p>
   </div>
   <div class='ocr_carea' id='block_1_107' title="bbox 1361 5475 1569 5531">
    <p class='ocr_par' dir='ltr' id='par_1_107' title="bbox 1361 5475 1569 5531">
     <span class='ocr_line' id='line_1_110' title="bbox 1361 5475 1569 5531; baseline -0.019 1"><span class='ocrx_word' id='word_1_900' title='bbox 1361 5480 1406 5512; x_wconf 85' lang='grc'>³⁸</span> <span class='ocrx_word' id='word_1_901' title='bbox 1438 5475 1569 5531; x_wconf 86' lang='lat' dir='ltr'><strong>ibid.</strong></span> 
     </span>
    </p>
   </div>
   <div class='ocr_carea' id='block_1_108' title="bbox 1469 5310 2339 5389">
    <p class='ocr_par' dir='ltr' id='par_1_108' title="bbox 1469 5310 2339 5389">
     <span class='ocr_line' id='line_1_111' title="bbox 1469 5310 2339 5389; baseline -0.03 0"><span class='ocrx_word' id='word_1_902' title='bbox 1469 5336 1516 5368; x_wconf 75' lang='lat'><em>“</em></span> <span class='ocrx_word' id='word_1_903' title='bbox 1548 5333 1703 5386; x_wconf 88' lang='lat' dir='ltr'><strong>Rom.</strong></span> <span class='ocrx_word' id='word_1_904' title='bbox 1731 5339 1850 5389; x_wconf 86' lang='lat' dir='ltr'><strong>vttt,</strong></span> <span class='ocrx_word' id='word_1_905' title='bbox 1873 5321 1928 5376; x_wconf 88' lang='lat'><strong>9.</strong></span> <span class='ocrx_word' id='word_1_906' title='bbox 2003 5316 2049 5348; x_wconf 78' lang='lat'><strong>&quot;</strong></span> <span class='ocrx_word' id='word_1_907' title='bbox 2080 5312 2216 5389; x_wconf 79' lang='lat' dir='ltr'><strong>ibid.</strong></span> <span class='ocrx_word' id='word_1_908' title='bbox 2247 5310 2339 5389; x_wconf 44' lang='grc' dir='ltr'><strong>βε</strong></span> 
     </span>
    </p>
   </div>
   <div class='ocr_carea' id='block_1_109' title="bbox 1295 5374 1674 5468">
    <p class='ocr_par' dir='ltr' id='par_1_109' title="bbox 1295 5374 1668 5468">
     <span class='ocr_line' id='line_1_112' title="bbox 1295 5374 1668 5468; baseline -0.019 -6"><span class='ocrx_word' id='word_1_909' title='bbox 1295 5374 1359 5443; x_wconf 51' lang='grc' dir='ltr'><strong>’δ’</strong></span> <span class='ocrx_word' id='word_1_910' title='bbox 1368 5409 1528 5462; x_wconf 91' lang='lat' dir='ltr'><strong>Rom.</strong></span> <span class='ocrx_word' id='word_1_911' title='bbox 1551 5419 1613 5468; x_wconf 91' lang='lat' dir='ltr'><strong>tt,</strong></span> <span class='ocrx_word' id='word_1_912' title='bbox 1633 5399 1668 5455; x_wconf 90' lang='lat'><strong>8</strong></span> 
     </span>
    </p>
   </div>
   <div class='ocr_carea' id='block_1_110' title="bbox 1840 5374 3345 5468">
    <p class='ocr_par' dir='ltr' id='par_1_110' title="bbox 1840 5374 3345 5468">
     <span class='ocr_line' id='line_1_113' title="bbox 1840 5374 3345 5468; baseline -0.009 -27"><span class='ocrx_word' id='word_1_913' title='bbox 1840 5374 1895 5468; x_wconf 40' lang='lat' dir='ltr'><strong>ﬁsi</strong></span> <span class='ocrx_word' id='word_1_914' title='bbox 1918 5389 2056 5468; x_wconf 62' lang='lat' dir='ltr'><strong>uno.</strong></span> <span class='ocrx_word' id='word_1_915' title='bbox 2083 5381 2291 5468; x_wconf 29' lang='lat'><strong>39.3}</strong></span> <span class='ocrx_word' id='word_1_916' title='bbox 2316 5378 2446 5468; x_wconf 60' lang='lat' dir='ltr'><strong>ibid.</strong></span> <span class='ocrx_word' id='word_1_917' title='bbox 2475 5376 2561 5432; x_wconf 68' lang='grc' dir='ltr'><strong>ιιι.</strong></span> <span class='ocrx_word' id='word_1_918' title='bbox 2635 5375 2680 5408; x_wconf 73' lang='grc'><strong>⁸³</strong></span> <span class='ocrx_word' id='word_1_919' title='bbox 2704 5376 2838 5432; x_wconf 78' lang='lat' dir='ltr'><strong>uno.</strong></span> <span class='ocrx_word' id='word_1_920' title='bbox 2911 5374 2959 5408; x_wconf 71' lang='grc' dir='ltr'><strong>ιι</strong></span> <span class='ocrx_word' id='word_1_921' title='bbox 2985 5376 3114 5430; x_wconf 74' lang='lat' dir='ltr'><strong>uno.</strong></span> <span class='ocrx_word' id='word_1_922' title='bbox 3140 5376 3232 5441; x_wconf 71' lang='grc' dir='ltr'><strong>η,</strong></span> <span class='ocrx_word' id='word_1_923' title='bbox 3259 5375 3345 5430; x_wconf 78' lang='lat' dir='ltr'><strong>ts.</strong></span> 
     </span>
    </p>
   </div>
   <div class='ocr_carea' id='block_1_111' title="bbox 1673 5448 2415 5522">
    <p class='ocr_par' dir='ltr' id='par_1_111' title="bbox 1673 5448 2415 5522">
     <span class='ocr_line' id='line_1_114' title="bbox 1673 5448 2415 5522; baseline -0.026 1"><span class='ocrx_word' id='word_1_924' title='bbox 1673 5448 1876 5522; x_wconf 48' lang='lat' dir='ltr'><strong>iitum.</strong></span> <span class='ocrx_word' id='word_1_925' title='bbox 1917 5459 2008 5513; x_wconf 70' lang='lat' dir='ltr'><strong>es.</strong></span> <span class='ocrx_word' id='word_1_926' title='bbox 2086 5453 2132 5486; x_wconf 72' lang='grc' dir='ltr'><strong>ιο</strong></span> <span class='ocrx_word' id='word_1_927' title='bbox 2156 5451 2286 5507; x_wconf 75' lang='lat' dir='ltr'><strong>uno.</strong></span> <span class='ocrx_word' id='word_1_928' title='bbox 2322 5448 2415 5504; x_wconf 66' lang='grc' dir='ltr'><strong>ετ.</strong></span> 
     </span>
    </p>
   </div>
   <div class='ocr_carea' id='block_1_112' title="bbox 1773 4723 3350 4804">
    <p class='ocr_par' dir='ltr' id='par_1_112' title="bbox 1773 4723 3350 4804">
     <span class='ocr_line' id='line_1_115' title="bbox 1773 4723 3350 4804; baseline -0.008 -11"><span class='ocrx_word' id='word_1_929' title='bbox 1773 4735 2250 4793; x_wconf 88' lang='lat' dir='ltr'><strong>circumcisionem</strong></span> <span class='ocrx_word' id='word_1_930' title='bbox 2301 4732 2692 4804; x_wconf 68' lang='lat' dir='ltr'><strong>praevaricator</strong></span> <span class='ocrx_word' id='word_1_931' title='bbox 2745 4744 2806 4786; x_wconf 86' lang='lat' dir='ltr'><strong>es</strong></span> <span class='ocrx_word' id='word_1_932' title='bbox 2856 4728 3012 4800; x_wconf 86' lang='lat' dir='ltr'><strong>legis.</strong></span> <span class='ocrx_word' id='word_1_933' title='bbox 3068 4744 3085 4778; x_wconf 74' lang='grc' dir='ltr'>ι</span> <span class='ocrx_word' id='word_1_934' title='bbox 3139 4723 3350 4780; x_wconf 77' lang='lat' dir='ltr'><strong>Verum</strong></span> 
     </span>
    </p>
   </div>
   <div class='ocr_carea' id='block_1_113' title="bbox 1772 4818 3353 4900">
    <p class='ocr_par' dir='ltr' id='par_1_113' title="bbox 1772 4818 3353 4900">
     <span class='ocr_line' id='line_1_116' title="bbox 1772 4818 3353 4900; baseline -0.008 -16"><span class='ocrx_word' id='word_1_935' title='bbox 1772 4830 2031 4900; x_wconf 87' lang='lat' dir='ltr'><strong>quoniam</strong></span> <span class='ocrx_word' id='word_1_936' title='bbox 2059 4825 2270 4882; x_wconf 86' lang='lat' dir='ltr'><strong>sciebat</strong></span> <span class='ocrx_word' id='word_1_937' title='bbox 2315 4825 2512 4880; x_wconf 88' lang='lat' dir='ltr'><strong>multas</strong></span> <span class='ocrx_word' id='word_1_938' title='bbox 2542 4825 2594 4880; x_wconf 90' lang='lat' dir='ltr'><strong>in</strong></span> <span class='ocrx_word' id='word_1_939' title='bbox 2627 4823 2770 4892; x_wconf 87' lang='lat' dir='ltr'><strong>Lege</strong></span> <span class='ocrx_word' id='word_1_940' title='bbox 2800 4829 2855 4876; x_wconf 92' lang='lat' dir='ltr'><strong>et</strong></span> <span class='ocrx_word' id='word_1_941' title='bbox 2889 4818 3172 4889; x_wconf 84' lang='lat' dir='ltr'><strong>Prophetis</strong></span> <span class='ocrx_word' id='word_1_942' title='bbox 3221 4831 3353 4873; x_wconf 85' lang='lat' dir='ltr'><strong>esse</strong></span> 
     </span>
    </p>
   </div>
   <div class='ocr_carea' id='block_1_114' title="bbox 1775 4909 3350 4989">
    <p class='ocr_par' dir='ltr' id='par_1_114' title="bbox 1775 4909 3350 4989">
     <span class='ocr_line' id='line_1_117' title="bbox 1775 4909 3350 4989; baseline -0.008 -15"><span class='ocrx_word' id='word_1_943' title='bbox 1775 4917 2232 4989; x_wconf 86' lang='lat' dir='ltr'><strong>repromissioues</strong></span> <span class='ocrx_word' id='word_1_944' title='bbox 2260 4931 2381 4986; x_wconf 75' lang='lat' dir='ltr'><strong>qua:</strong></span> <span class='ocrx_word' id='word_1_945' title='bbox 2424 4915 2490 4970; x_wconf 79' lang='lat' dir='ltr'><strong>ad</strong></span> <span class='ocrx_word' id='word_1_946' title='bbox 2531 4911 2746 4968; x_wconf 72' lang='lat' dir='ltr'><strong>Judaeos</strong></span> <span class='ocrx_word' id='word_1_947' title='bbox 2797 4911 2913 4966; x_wconf 85' lang='lat' dir='ltr'><strong>fieri</strong></span> <span class='ocrx_word' id='word_1_948' title='bbox 2964 4909 3244 4972; x_wconf 89' lang='lat' dir='ltr'><strong>videntur,</strong></span> <span class='ocrx_word' id='word_1_949' title='bbox 3280 4922 3350 4961; x_wconf 91' lang='lat' dir='ltr'><strong>ne</strong></span> 
     </span>
    </p>
   </div>
   <div class='ocr_carea' id='block_1_115' title="bbox 1772 4998 3351 5084">
    <p class='ocr_par' dir='ltr' id='par_1_115' title="bbox 1772 4998 3351 5084">
     <span class='ocr_line' id='line_1_118' title="bbox 1772 4998 3351 5084; baseline -0.008 -18"><span class='ocrx_word' id='word_1_950' title='bbox 1772 5019 1999 5084; x_wconf 87' lang='lat' dir='ltr'><strong>possent</strong></span> <span class='ocrx_word' id='word_1_951' title='bbox 2027 5007 2139 5082; x_wconf 85' lang='grc'><strong>(61)</strong></span> <span class='ocrx_word' id='word_1_952' title='bbox 2194 5010 2484 5077; x_wconf 87' lang='lat' dir='ltr'><strong>desperare</strong></span> <span class='ocrx_word' id='word_1_953' title='bbox 2536 5013 2726 5074; x_wconf 87' lang='lat' dir='ltr'><strong>gentes</strong></span> <span class='ocrx_word' id='word_1_954' title='bbox 2757 5012 3014 5072; x_wconf 87' lang='lat' dir='ltr'><strong>tanquam</strong></span> <span class='ocrx_word' id='word_1_955' title='bbox 3044 5015 3165 5070; x_wconf 73' lang='lat' dir='ltr'><strong>quae</strong></span> <span class='ocrx_word' id='word_1_956' title='bbox 3209 4998 3351 5053; x_wconf 90' lang='lat' dir='ltr'><strong>nihil</strong></span> 
     </span>
    </p>
   </div>
   <div class='ocr_carea' id='block_1_116' title="bbox 1773 5093 3348 5170">
    <p class='ocr_par' dir='ltr' id='par_1_116' title="bbox 1773 5093 3348 5170">
     <span class='ocr_line' id='line_1_119' title="bbox 1773 5093 3348 5170; baseline -0.011 -7"><span class='ocrx_word' id='word_1_957' title='bbox 1773 5105 2058 5162; x_wconf 89' lang='lat' dir='ltr'><strong>societatis</strong></span> <span class='ocrx_word' id='word_1_958' title='bbox 2090 5104 2144 5157; x_wconf 91' lang='lat' dir='ltr'><strong>in</strong></span> <span class='ocrx_word' id='word_1_959' title='bbox 2180 5099 2508 5170; x_wconf 90' lang='lat' dir='ltr'><strong>conscriptis</strong></span> <span class='ocrx_word' id='word_1_960' title='bbox 2531 5093 3046 5167; x_wconf 89' lang='lat' dir='ltr'><strong>repromissionibus</strong></span> <span class='ocrx_word' id='word_1_961' title='bbox 3081 5093 3348 5159; x_wconf 88' lang='lat' dir='ltr'><strong>habeant,</strong></span> 
     </span>
    </p>
   </div>
   <div class='ocr_carea' id='block_1_117' title="bbox 1774 5186 3347 5266">
    <p class='ocr_par' dir='ltr' id='par_1_117' title="bbox 1774 5186 3347 5266">
     <span class='ocr_line' id='line_1_120' title="bbox 1774 5186 3347 5266; baseline -0.015 -8"><span class='ocrx_word' id='word_1_962' title='bbox 1774 5203 1936 5258; x_wconf 81' lang='lat' dir='ltr'><strong>docet</strong></span> <span class='ocrx_word' id='word_1_963' title='bbox 1968 5211 2063 5254; x_wconf 92' lang='lat' dir='ltr'><strong>eos</strong></span> <span class='ocrx_word' id='word_1_964' title='bbox 2089 5195 2232 5266; x_wconf 91' lang='lat' dir='ltr'><strong>quod</strong></span> <span class='ocrx_word' id='word_1_965' title='bbox 2271 5191 2384 5265; x_wconf 78' lang='grc'>(62)</span> <span class='ocrx_word' id='word_1_966' title='bbox 2429 5189 2725 5246; x_wconf 88' lang='lat' dir='ltr'><strong>secundum</strong></span> <span class='ocrx_word' id='word_1_967' title='bbox 2759 5186 3048 5256; x_wconf 84' lang='lat' dir='ltr'><strong>mysticam</strong></span> <span class='ocrx_word' id='word_1_968' title='bbox 3078 5186 3347 5240; x_wconf 85' lang='lat' dir='ltr'><strong>ratiOnctn</strong></span> 
     </span>
    </p>
   </div>
   <div class='ocr_carea' id='block_1_118' title="bbox 2433 5302 3346 5370">
    <p class='ocr_par' dir='ltr' id='par_1_118' title="bbox 2433 5302 3346 5370">
     <span class='ocr_line' id='line_1_121' title="bbox 2433 5302 3346 5370; baseline -0.001 -7"><span class='ocrx_word' id='word_1_969' title='bbox 2433 5309 2479 5340; x_wconf 77' lang='grc'><strong>’⁸</strong></span> <span class='ocrx_word' id='word_1_970' title='bbox 2505 5306 2629 5363; x_wconf 85' lang='lat' dir='ltr'><strong>Isai.</strong></span> <span class='ocrx_word' id='word_1_971' title='bbox 2661 5321 2751 5370; x_wconf 75' lang='grc' dir='ltr'><strong>ιι,</strong></span> <span class='ocrx_word' id='word_1_972' title='bbox 2779 5305 2834 5360; x_wconf 87' lang='lat'><strong>6.</strong></span> <span class='ocrx_word' id='word_1_973' title='bbox 2929 5305 2972 5336; x_wconf 83' lang='lat'><strong>&quot;</strong></span> <span class='ocrx_word' id='word_1_974' title='bbox 3003 5302 3135 5360; x_wconf 83' lang='lat' dir='ltr'><strong>Luc.</strong></span> <span class='ocrx_word' id='word_1_975' title='bbox 3179 5320 3261 5370; x_wconf 89' lang='lat' dir='ltr'><strong>ttt,</strong></span> <span class='ocrx_word' id='word_1_976' title='bbox 3291 5306 3346 5362; x_wconf 85' lang='lat'><strong>6.</strong></span> 
     </span>
    </p>
   </div>
   <div class='ocr_carea' id='block_1_119' title="bbox 1765 5561 3344 5703">
    <p class='ocr_par' dir='ltr' id='par_1_119' title="bbox 1765 5561 3344 5703">
     <span class='ocr_line' id='line_1_122' title="bbox 1765 5561 3344 5703; baseline -0.006 -76"><span class='ocrx_word' id='word_1_977' title='bbox 1765 5570 2135 5703; x_wconf 44' lang='grc' dir='ltr'><strong>ηιςίῦὲξῗὶιί</strong></span> <span class='ocrx_word' id='word_1_978' title='bbox 2157 5609 2173 5636; x_wconf 91' lang='grc'><em>,</em></span> <span class='ocrx_word' id='word_1_979' title='bbox 2205 5568 2295 5624; x_wconf 92' lang='lat' dir='ltr'><strong>hic</strong></span> <span class='ocrx_word' id='word_1_980' title='bbox 2329 5576 2384 5622; x_wconf 88' lang='lat' dir='ltr'><strong>et</strong></span> <span class='ocrx_word' id='word_1_981' title='bbox 2425 5564 2584 5639; x_wconf 89' lang='lat' dir='ltr'><strong>paulo</strong></span> <span class='ocrx_word' id='word_1_982' title='bbox 2617 5563 2763 5621; x_wconf 88' lang='lat' dir='ltr'><strong>infra</strong></span> <span class='ocrx_word' id='word_1_983' title='bbox 2793 5565 3009 5636; x_wconf 84' lang='lat' dir='ltr'><strong>legunt,</strong></span> <span class='ocrx_word' id='word_1_984' title='bbox 3090 5561 3344 5662; x_wconf 50' lang='lat' dir='ltr'><strong>Salvatof</strong></span> 
     </span>
    </p>
   </div>
   <div class='ocr_carea' id='block_1_120' title="bbox 1840 5703 3344 5837">
    <p class='ocr_par' dir='ltr' id='par_1_120' title="bbox 1840 5703 3344 5837">
     <span class='ocr_line' id='line_1_123' title="bbox 1840 5703 3344 5837; baseline -0.011 -66"><span class='ocrx_word' id='word_1_985' title='bbox 1840 5710 2128 5837; x_wconf 50' lang='lat' dir='ltr'><strong>g?i).liﬂli</strong></span> <span class='ocrx_word' id='word_1_986' title='bbox 2152 5751 2172 5778; x_wconf 94' lang='lat'><strong>,</strong></span> <span class='ocrx_word' id='word_1_987' title='bbox 2205 5726 2226 5762; x_wconf 70' lang='grc' dir='ltr'>ι</span> <span class='ocrx_word' id='word_1_988' title='bbox 2264 5707 2716 5780; x_wconf 78' lang='lat' dir='ltr'><strong>repromissiones</strong></span> <span class='ocrx_word' id='word_1_989' title='bbox 2749 5705 2822 5766; x_wconf 82' lang='lat' dir='ltr'><strong>ad</strong></span> <span class='ocrx_word' id='word_1_990' title='bbox 2851 5703 3088 5774; x_wconf 65' lang='lat' dir='ltr'><strong>Iudaeos,</strong></span> <span class='ocrx_word' id='word_1_991' title='bbox 3119 5718 3190 5761; x_wconf 89' lang='lat' dir='ltr'><strong>ne</strong></span> <span class='ocrx_word' id='word_1_992' title='bbox 3217 5716 3344 5774; x_wconf 82' lang='lat' dir='ltr'><strong>pos—</strong></span> 
     </span>
    </p>
   </div>
   <div class='ocr_carea' id='block_1_121' title="bbox 1769 5798 2555 5929">
    <p class='ocr_par' dir='ltr' id='par_1_121' title="bbox 1769 5798 2555 5929">
     <span class='ocr_line' id='line_1_124' title="bbox 1769 5798 2114 5848; baseline -0.014 -7"><span class='ocrx_word' id='word_1_993' title='bbox 1769 5798 1910 5848; x_wconf 87' lang='lat' dir='ltr'><strong>sent,</strong></span> <span class='ocrx_word' id='word_1_994' title='bbox 1953 5803 1972 5837; x_wconf 76' lang='grc' dir='ltr'><strong><em>ι</em></strong></span> <span class='ocrx_word' id='word_1_995' title='bbox 2007 5798 2114 5838; x_wconf 87' lang='lat' dir='ltr'><strong>etc.</strong></span> 
     </span>
     <span class='ocr_line' id='line_1_125' title="bbox 1841 5854 2555 5929; baseline -0.001 -19"><span class='ocrx_word' id='word_1_996' title='bbox 1841 5855 1952 5929; x_wconf 69' lang='lat'><strong>(62)</strong></span> <span class='ocrx_word' id='word_1_997' title='bbox 1983 5855 2091 5924; x_wconf 80' lang='lat' dir='ltr'><strong>AL,</strong></span> <span class='ocrx_word' id='word_1_998' title='bbox 2129 5873 2151 5909; x_wconf 72' lang='grc' dir='ltr'>ς</span> <span class='ocrx_word' id='word_1_999' title='bbox 2187 5854 2302 5925; x_wconf 90' lang='lat' dir='ltr'><strong>qui,</strong></span> <span class='ocrx_word' id='word_1_1000' title='bbox 2337 5873 2356 5909; x_wconf 74' lang='grc' dir='ltr'>ι</span> <span class='ocrx_word' id='word_1_1001' title='bbox 2395 5855 2555 5912; x_wconf 87' lang='lat' dir='ltr'><strong>male.</strong></span> 
     </span>
    </p>
   </div>
  </div>
