3784 6544
443 494 548 552 {HS

1912 500 2232 559 ORIGENIS

3578 504 3662 559 916

447 617 610 667 etiam
641 614 742 685 ipsi
768 613 935 671 Judaei
964 600 1109 683 'sint,
1145 624 1200 673 et
1240 616 1477 673 habeant
1520 617 2020 678 circumcisioncm.
2051 626 2099 683 Α
2126 632 2295 683 ctum,
2326 627 2380 674 et
2413 619 2732 688 prudentem
2764 616 3067 672 auditorem
3104 616 3238 689 (65).
3278 633 3296 667 ι
3330 614 3420 668 llis
3448 629 3569 685 ergo
3595 628 3663 667 la-

451 705 742 776 Propterea
778 707 911 763 dicit
947 726 960 763 :
995 728 1014 761 (
1051 708 1164 763 Non
1194 709 1340 765 enim
1372 712 1465 782 qui
1504 712 1557 766 in
1608 712 1901 768 manifesto
1932 712 2023 768 Ju-

450 797 602 852 daeus
628 808 737 865 est,
769 813 944 869 neque
973 814 1091 870 quae
1119 800 1171 855 in
1206 802 1495 859 manifesto
1523 804 1576 858 in
1612 819 1778 860 carne
1810 815 1894 862 est
1915 805 2024 860 cir-

453 888 754 954 cumcisio;
803 891 895 945 sed
940 890 1113 960 quiin
1165 893 1379 949 occulto
1424 891 1644 951 Iudaeus
1686 906 1791 960 est,
1828 904 1881 950 et
1913 896 2025 950 cir-

453 981 717 1037 cumcisio
755 983 937 1037 cordis
967 984 1021 1038 in
1053 984 1267 1055 spiritu,
1301 999 1406 1038 non
1444 986 1662 1052 littera;
1710 986 1870 1055 cujus
1905 986 2025 1041 laus

453 1086 563 1127 non
594 1088 663 1128 ex
686 1073 1016 1140 hominibus,
1048 1078 1141 1132 sed
1172 1092 1239 1130 ex
1269 1076 1380 1131 Deo
1400 1086 1481 1131 est
1511 1077 1577 1133 ⁸¹.
1616 1098 1634 1132 ι
1666 1077 1863 1133 Verum
1885 1093 2022 1145 quo-

457 1163 602 1218 niam
638 1165 693 1219 in
713 1165 801 1221 his
821 1166 1074 1221 omnibus
1107 1170 1443 1238 superiorem
1470 1170 1870 1241 quodammodo
1893 1185 2026 1225 can-

452 1269 571 1310 sam
602 1257 843 1326 gentlnm
875 1257 1101 1328 fecerat,
1132 1276 1349 1317 rursum
1380 1262 1532 1318 velut
1569 1263 1807 1333 querelis
1832 1278 2023 1318 eorum

451 1345 542 1414 qui
576 1361 643 1401 ex
680 1350 1093 1407 circumcisione
1118 1362 1246 1409 sunt
1274 1369 1587 1420 occurrens,
1629 1360 1882 1428 proponit
1908 1360 2015 1415 sibi

452 1435 553 1505 ipsi
578 1451 699 1506 quae
737 1437 793 1493 in
825 1442 1077 1510 praesenti
1108 1443 1346 1514 capitulo
1380 1448 1754 1514 continentur,
1787 1450 1972 1505 dicens
2005 1468 2018 1504 :

455 1546 475 1580 ι
528 1527 671 1596 Quid
717 1545 848 1601 ergo
889 1533 1119 1603 amplius
1151 1545 1233 1591 est
1275 1535 1500 1594 Iudaeo?
1530 1549 1625 1595 aut
1654 1557 1773 1611 qua:
1816 1543 2024 1599 utilitas

449 1621 934 1680 circumcisionis?
985 1625 1209 1682 Multum
1246 1644 1342 1699 per
1380 1645 1595 1689 omnem
1630 1635 1848 1689 modum
1885 1637 1952 1690 δ’.
1999 1657 2017 1690 ι

450 1712 510 1767 Si
547 1727 697 1785 ergo,
725 1715 923 1784 inquit,
957 1716 1004 1773 is
1040 1736 1060 1771 ι
1093 1720 1185 1788 qui
1231 1720 1284 1775 in
1322 1722 1615 1780 manifesto
1650 1723 1870 1782 Iudaeus
1915 1740 2023 1795 est,

451 1814 652 1876 etquae
678 1806 731 1861 in
760 1808 1048 1864 manifesto
1071 1810 1124 1865 in
1152 1825 1318 1867 carne
1359 1824 1444 1869 est
1474 1816 1823 1874 circumcisio
1859 1838 1879 1872 ι
1914 1837 2021 1875 non

453 1907 757 1969 reputatur,
792 1918 812 1952 ι
851 1903 945 1958 sed
975 1906 1069 1975 qui
1116 1906 1171 1961 in
1205 1909 1423 1963 occulto
1447 1908 1668 1966 Judmus
1696 1925 1802 1979 est,
1832 1924 1886 1970 et
1910 1917 2022 1971 cir-

454 1995 717 2051 cumcisio
743 1999 929 2055 cordis
966 2018 984 2053 ι
1022 2016 1146 2072 qua:
1171 2002 1230 2056 lit
1271 2021 1291 2055 ι
1329 2004 1381 2057 ἰη
1406 2005 1598 2071 spiritu
1624 2006 1694 2073 ",
1728 2026 1747 2060 ι
1794 2008 1907 2077 ipsa
1942 2019 2025 2064 est

452 2103 581 2144 vera
614 2090 980 2157 circumcisio,
1036 2093 1185 2150 dices
1211 2095 1343 2150 mihi
1372 2114 1387 2151 :
1417 2095 1557 2163 Quid
1584 2099 1817 2170 amplius
1854 2110 1938 2155 est
1970 2101 2021 2154 in

452 2179 541 2235 his
592 2179 792 2238 Judmis
838 2184 932 2252 qui
985 2184 1087 2240 hac
1139 2186 1499 2256 appellatione
1542 2192 1888 2247 censentur?
1942 2193 2026 2248 vel

422 2270 577 2341 Δ(ιιιω
615 2274 669 2329 in
700 2277 970 2345 corporali
1016 2278 1440 2335 circumcisione
1492 2282 1723 2339 habetur
1772 2284 2027 2341 utilitas?

452 2361 537 2417 Ad
586 2363 704 2419 lnrc
753 2381 823 2422 ne
858 2366 1115 2422 videatur
1146 2369 1288 2424 inter
1316 2379 1612 2443 utrumque
1637 2373 1891 2443 populum
1927 2377 2027 2430 mi-

428 2466 558 2506 nus
596 2451 777 2519 justus
805 2456 1010 2512 arbiter
1054 2458 1360 2526 resedisse,
1405 2464 1728 2531 pronuntiat
1755 2465 1869 2535 (65)
1896 2468 2024 2537 quid

456 2544 694 2614 amplius
744 2546 947 2603 habeat
980 2548 1217 2617 Iudaeus,
1253 2559 1309 2605 et
1359 2566 1422 2607 ea
1467 2568 1587 2624 quae
1636 2554 1692 2609 in
1747 2571 1911 2612 carne
1944 2569 2028 2614 est

455 2637 846 2706 circumcisio,
879 2650 935 2696 et
981 2642 1113 2697 dicit
1155 2658 1250 2699 eos
1287 2644 1491 2701 habere
1532 2646 1766 2715 amplius
1798 2649 2024 2706 multum

454 2745 557 2800 per
579 2746 796 2787 omnem
827 2733 1065 2789 modum.
1099 2734 1244 2802 Quid
1276 2746 1458 2792 autem
1492 2739 1664 2794 multo
1693 2740 1762 2795 sit
1799 2742 2027 2812 amplius

457 2823 757 2893 subjungit.
790 2842 809 2875 ι
839 2823 1045 2887 Primo,
1076 2826 1273 2897 inquit,
1301 2829 1427 2898 quia
1480 2830 1691 2885 credita
1743 2842 1870 2887 sunt
1923 2833 2029 2890 illis

454 2914 668 2985 eloquia
715 2915 808 2971 Dei
837 2915 903 2970 “.
949 2935 968 2970 ι
1013 2918 1273 2986 Quamvis
1310 2920 1457 2975 enim
1503 2930 1560 2976 et
1595 2924 1847 2992 gentibus
1886 2940 2029 2980 nunc

454 3005 754 3062 credantur
798 3008 1015 3078 eloquia
1060 3010 1192 3079 Dei,
1229 3011 1323 3067 sed
1369 3011 1494 3079 illis,
1537 3014 1637 3082 ait,
1684 3015 1861 3084 primo
1903 3027 2031 3073 sunt

455 3098 684 3153 credita.
722 3098 962 3170 Requiro
998 3110 1180 3158 tamen
1216 3105 1346 3172 quid
1383 3114 1467 3160 est
1496 3107 1639 3176 quod
1686 3107 1887 3161 dicitur
1914 3108 2028 3177 priv

457 3193 563 3247 nnis
588 3193 667 3248 eis
686 3195 894 3250 credita
920 3211 1043 3252 esse
1080 3198 1297 3268 eloquia
1340 3199 1433 3255 Dei
1467 3219 1481 3255 :
1508 3209 1764 3257 utrumne
1791 3202 1855 3257 de
1880 3202 2033 3256 litte-

2126 713 2274 785 libus.
2321 711 2743 767 existimandum
2783 707 2955 782 498
2983 720 3066 764 εει
3096 707 3289 778 primis
3338 705 3539 774 eloquia
3567 706 3699 780 (66).

2126 804 2330 860 credita
2378 817 2501 858 esse
2531 802 2737 865 divina,
2784 810 2841 855 et
2882 801 2938 854 in
2992 800 3076 855 his
3102 798 3378 853 fatendum
3406 806 3489 851 est
3520 796 3698 852 iuisse'

2127 894 2362 966 amplius
2395 893 2622 948 multum
2655 908 2751 963 per
2780 905 2995 947 omnem
3029 892 3284 954 modum;
3315 889 3407 944 sed
3435 898 3488 943 et
3523 889 3563 942 si
3591 889 3667 957 qui

2126 985 2216 1039 alii
2250 985 2336 1040 his
2364 984 2570 1039 similes
2617 982 2857 1048 fuerunt,
2905 982 3050 1037 sicut
3099 982 3152 1035 in
3184 979 3493 1049 Regnorum
3532 977 3669 1033 libris

2125 1076 2388 1144 scriptum
2424 1073 2715 1142 Apostolus
2762 1080 3072 1127 memorat:
3110 1087 3129 1122 ι
3170 1068 3387 1138 Reliqui
3446 1069 3568 1123 mihi
3595 1083 3669 1123 se-

2125 1179 2270 1239 ptem
2308 1166 2479 1221 millia
2514 1165 2755 1219 virorum
2783 1204 2799 1230 ,
2834 1163 2927 1233 qui
2976 1178 3083 1218 non
3115 1171 3480 1217 curvaverunt
3515 1175 3667 1225 genua

2124 1275 2222 1315 sua
2248 1270 2375 1314 ante
2406 1257 2537 1312 Baal
2569 1256 2637 1312 ⁸⁸.
2674 1274 2693 1308 ι
2728 1256 2832 1311 Sed
2873 1265 2927 1311 et
2952 1255 3052 1325 ipsi
3090 1254 3320 1324 aposwli
3352 1253 3583 1317 Christi,
3623 1262 3669 1307 et

2126 1353 2243 1421 ipse
2272 1365 2369 1405 vas
2411 1347 2693 1405 electionis
2728 1346 2773 1379 “
2798 1344 3003 1401 Paulus
3057 1359 3125 1401 ex
3155 1343 3363 1399 Judaeis
3408 1354 3464 1399 ει
3489 1357 3551 1398 ex
3580 1342 3669 1397 cir-

2125 1442 2459 1499 cumcisione
2483 1437 2970 1509 veniens,amplius
3000 1437 3231 1492 habebat
3256 1438 3344 1491 his
3373 1450 3506 1505 quos
3530 1437 3669 1491 doce-

2127 1538 2220 1591 bat
2256 1550 2323 1590 ex
2353 1532 2602 1605 gentibus
2632 1545 2731 1600 per
2751 1542 2965 1584 omnem
3010 1528 3251 1583 modum.
3278 1526 3497 1582 Credita
3539 1542 3670 1580 nam—

2124 1644 2230 1700 que
2262 1635 2391 1684 sunt
2437 1625 2520 1682 eis
2561 1622 2780 1693 eloquia
2814 1621 2931 1677 Dei.
2978 1620 3084 1677 Sed
3116 1631 3171 1675 et
3212 1620 3318 1675 hoc
3346 1620 3521 1690 ipsum
3549 1620 3667 1689 quod

2124 1722 2275 1783 dicit,
2313 1738 2334 1772 ι
2356 1718 2491 1787 Quia
2525 1715 2731 1771 credita
2764 1720 2890 1770 sunt
2920 1713 3025 1769 illis
3053 1714 3269 1781 eloquia
3304 1711 3401 1767 Dei
3421 1713 3490 1777 ⁸⁸,
3515 1730 3533 1763 ι
3555 1727 3668 1765 con-

2124 1814 2473 1870 siderandum
2508 1820 2591 1869 est
2617 1811 2748 1883 quia
2795 1825 2904 1865 non
2928 1808 3127 1865 dixerit
3157 1809 3374 1863 litteras
3406 1822 3525 1863 esse
3566 1822 3667 1862 cre-

2126 1905 2289 1970 ditas,
2317 1905 2435 1969 sed,
2484 1922 2505 1957 ι
2556 1903 2770 1972 eloquia
2803 1900 2922 1957 Dei.
2958 1918 2979 1953 ι
3031 1898 3183 1955 Unde
3213 1900 3304 1954 via
3344 1900 3501 1954 nobis
3534 1900 3670 1952 datur

2059 1976 2099 2032 Β
2129 1996 2458 2065 intelligendi
2487 1994 2630 2066 quod
2660 1996 2744 2050 bis
2775 1992 2869 2064 qui
2915 1991 3097 2062 legunt
3123 2003 3179 2047 et
3211 2006 3320 2047 non
3366 1991 3667 2061 intelligunt,

2128 2099 2183 2144 et
2212 2090 2303 2159 qui
2352 2088 2540 2157 legunt
2577 2097 2632 2141 et
2661 2100 2767 2141 non
2802 2089 3063 2152 credunt,
3105 2084 3288 2139 littera
3316 2083 3433 2139 sola
3476 2083 3543 2137 sit
3569 2096 3668 2136 cre-

2126 2181 2263 2244 dita,
2297 2178 2385 2233 illa
2417 2179 2484 2233 de
2507 2192 2613 2247 qua
2646 2178 2778 2234 dicit
2806 2175 3118 2247 Apostolus,
3165 2174 3295 2244 quia
3329 2190 3349 2225 ι
3386 2172 3559 2227 littera
3594 2186 3667 2225 oc-

2128 2274 2255 2328 cidit
2279 2271 2322 2302 “
2355 2287 2367 2323 :
2412 2288 2433 2322 ι
2470 2267 2683 2337 eloquia
2717 2278 2897 2322 autem
2933 2266 3026 2321 Dei
3062 2266 3169 2321 illis
3202 2264 3318 2319 sint
3340 2262 3563 2325 credita,
3594 2262 3669 2329 qui

2129 2363 2513 2431 intelligentes,
2550 2370 2605 2415 et
2633 2359 2916 2414 credentes
2939 2357 3023 2413 his
3061 2371 3181 2426 qua:
3216 2354 3429 2426 Moyses
3457 2351 3669 2421 scripsit,

2128 2455 2362 2510 credunt
2409 2461 2466 2507 et
2510 2449 2772 2516 Christo,
2824 2450 2968 2505 sicut
3015 2458 3070 2505 ct
3120 2448 3389 2503 Dominus
3428 2445 3556 2500 dicit
3594 2444 3668 2496 ":

2134 2566 2153 2599 ι
2205 2544 2357 2612 Quod
2405 2544 2451 2600 si
2502 2542 2873 2600 credidissetis
2909 2551 2964 2597 et
3008 2540 3108 2613 ipsi
3150 2538 3362 2610 Moysi,
3396 2536 3671 2593 crederetis

2129 2637 2321 2709 utique
2367 2647 2421 2691 et
2477 2636 2606 2692 mihi
2637 2655 2650 2691 :
2680 2637 2745 2692 de
2788 2650 2875 2690 me
2919 2633 3063 2689 enim
3113 2631 3202 2686 ille
3244 2629 3495 2699 scripsit.
3532 2646 3551 2679 ι
3584 2626 3669 2680 Sed

2128 2742 2245 2785 esto
2275 2728 2413 2802 (67),
2442 2729 2641 2785 habeat
2666 2724 3141 2798 ampliusJudaeus
3168 2724 3223 2778 in
3253 2722 3476 2787 litteris,
3499 2720 3667 2774 habeat

2130 2821 2333 2889 aliquid
2361 2831 2418 2874 et
2446 2820 2499 2875 in
2528 2819 2759 2889 eloquiis
2795 2817 2890 2872 Dei
2924 2835 2939 2873 :
2968 2814 3212 2885 nunquid
3248 2814 3469 2884 penitus
3517 2811 3666 2867 relicti

2130 2924 2258 2969 sunt
2297 2914 2349 2967 bi
2383 2913 2478 2984 qui
2514 2927 2582 2968 ex
2611 2911 2868 2982 gentibus
2900 2908 3131 2964 veniunt
3169 2908 3236 2962 ad
3267 2905 3585 2961 Christum?
3614 2918 3668 2957 an

2130 3016 2185 3060 et
2220 3006 2351 3075 ipsis
2382 3014 2467 3061 est
2492 3004 2582 3059 ubi
2622 3004 2859 3059 habeant
2887 3000 3089 3070 aliquid
3115 2997 3394 3068 amplius?
3425 2997 3556 3050 Audi
3584 2994 3672 3047 Do-

2132 3098 2339 3152 minum
2370 3098 2642 3154 dicentem
2682 3096 2750 3151 ad
2778 3095 3158 3152 centurionem
3190 3106 3258 3147 ex
3297 3090 3545 3161 gentibus
3570 3102 3670 3143 cre-

2133 3189 2351 3245 dentem
2390 3208 2406 3245 :
2450 3207 2471 3242 ι
2503 3189 2674 3244 Amen
2706 3188 2830 3244 dico
2858 3186 3038 3252 vobis,
3069 3198 3169 3240 nec
3215 3184 3271 3239 in
3302 3182 3466 3239 Israel
3496 3190 3670 3234 tantam

455 3281 536 3337 ris
573 3281 677 3339 hoc
703 3283 853 3339 dicat
882 3295 937 3339 et
974 3286 1150 3353 libris,
1183 3304 1255 3343 an
1288 3290 1355 3345 de
1388 3305 1549 3345 sensu
1582 3300 1638 3347 et
1679 3291 2028 3364 intelligentia
2057 3307 2102 3366 ο
2135 3284 2296 3342 ﬁdem
2346 3284 2527 3340 inveni
2549 3284 2616 3338 ⁸³.
2654 3301 2673 3335 ι
2718 3283 2854 3338 Vide
2894 3295 3027 3351 ergo
3055 3279 3144 3333 ubi
3171 3276 3393 3332 venitur
3416 3275 3482 3329 ad
3512 3274 3669 3366 ﬁdem.

459 3373 617 3444 legis.
638 3374 897 3432 Videmus
919 3378 1069 3432 enim
1099 3378 1364 3449 plurimos
1388 3379 1701 3437 Judaeorum
1744 3385 1814 3440 ab
1848 3385 2030 3440 inlan-

459 3466 535 3520 tia
566 3481 741 3538 usque
771 3468 837 3522 ad
864 3477 1198 3525 senectutem
1242 3485 1457 3541 semper
1485 3472 1781 3539 discentes,
1808 3483 1863 3532 et
1886 3494 2028 3532 nun-

458 3575 624 3628 quam
663 3561 730 3615 ad
775 3561 1077 3633 scientiam;
1111 3564 1358 3621 veritatis
1385 3566 1799 3635 pervenientes:
1824 3580 1878 3625 et
1905 3585 2031 3641 quo-

462 3650 626 3707 modo
649 3652 923 3709 videbitur
962 3670 1152 3711 verum
1188 3670 1311 3713 esse
1341 3660 1486 3731 quod
1513 3660 1735 3728 dicitur,
1764 3663 1890 3733 quia
1916 3679 2031 3719 am-

459 3746 603 3816 plius
636 3746 842 3817 aliquid
874 3750 1112 3804 habeant
1139 3752 1279 3807 ineo
1312 3754 1454 3822 quod
1486 3754 1683 3824 primis
1709 3756 1788 3813 eis
1815 3756 2029 3829 eloquia

462 3840 561 3896 Dei
587 3841 795 3896 credita
833 3850 984 3909 sunt,
1010 3842 1062 3897 in
1088 3844 1286 3914 quibus
1312 3860 1417 3900 non
1458 3845 1764 3919 intelligunt
1796 3867 1813 3899 ι
1855 3864 2029 3919 neque

463 3948 584 4003 quae
610 3933 936 4005 loquuntur,
960 3950 1137 4005 neque
1162 3936 1229 3991 de
1252 3937 1449 4008 quibus
1488 3937 1762 3994 aliirmant
1790 3940 1881 3995 ιη
1915 3959 1935 3994 ι
1970 3940 2027 3996 Si

459 4040 593 4082 vero
623 4027 841 4096 sapiens
864 4027 957 4083 ille
986 4027 1188 4084 dicitur
1212 4029 1508 4084 secundum
1538 4029 1910 4098 Salomonem,
1939 4033 2031 4102 qui

464 4137 486 4169 ι
528 4118 779 4188 intelligit
816 4135 939 4191 qua:
963 4134 1031 4174 ex
1075 4120 1295 4191 pr0prio
1316 4136 1412 4177 ore
1438 4129 1585 4187 sunt,
1631 4132 1685 4178 et
1711 4140 1731 4175 ι
1764 4122 1857 4192 qui
1899 4140 1920 4174 ι
1973 4123 2030 4176 in

462 4213 629 4271 labiis
677 4224 865 4286 portat
892 4199 1239 4270 intellectum’
1259 4214 1305 4246 "
1341 4232 1357 4269 :
1412 4232 1432 4267 ι
1476 4215 1544 4270 de
1580 4213 1767 4286 Moyse
1807 4226 1862 4272 et
1905 4230 2032 4286 pro-

462 4307 663 4378 phetis,
694 4306 1017 4377 czeterisqne
1044 4305 1236 4361 horum
1256 4306 1525 4362 similibus
1552 4308 1666 4362 [nec
1689 4307 2032 4378 intelligenda

2136 3393 2401 3457 quantum
2454 3379 2685 3449 amplius
2738 3377 2973 3432 habeant
3018 3382 3247 3446 gentes;
3300 3370 3371 3425 de
3400 3367 3586 3437 quibus
3624 3365 3670 3457 in

2133 3454 2239 3532 alio
2281 3474 2400 3528 loco
2452 3470 2715 3525 Dominus
2768 3466 2902 3521 dicit
2936 3464 2986 3497 “
3050 3480 3066 3518 :
3108 3479 3129 3514 ι
3186 3461 3327 3527 Quia
3373 3458 3579 3513 venient
3616 3454 3672 3506 ab

2135 3570 2347 3627 oriente
2367 3574 2423 3620 et
2446 3564 2750 3625 occidente,
2806 3569 2861 3616 et
2895 3572 2926 3613 a
2975 3563 3208 3626 quatuor
3236 3552 3417 3607 ventis
3441 3560 3601 3609 terra,
3625 3553 3673 3599 et

2135 3658 2454 3715 recumbent
2478 3669 2600 3709 cum
2630 3651 2929 3714 Abraham,
2971 3655 3026 3701 et
3055 3646 3227 3711 lsaac,
3255 3653 3312 3697 et
3340 3642 3503 3698 Jacob
3531 3640 3578 3693 in
3599 3652 3673 3690 re-

2132 3766 2239 3823 gno
2270 3750 2363 3805 Dei
2400 3762 2415 3802 :
2448 3746 2544 3802 lilii
2589 3755 2775 3798 autem
2817 3740 2969 3811 regni
3006 3738 3298 3808 ejicientur
3348 3734 3405 3789 in
3453 3730 3673 3786 tenebras

2133 3843 2452 3901 exteriores.
2486 3858 2506 3893 ι
2543 3837 2643 3894 Ubi
2672 3851 2805 3905 ergo
2834 3833 2902 3888 ad
2949 3832 3094 3901 leges
3132 3827 3355 3884 venitur
3381 3835 3436 3881 et
3468 3824 3669 3885 litteras,

2134 3937 2336 3992 habent
2365 3918 2534 3988 Judaei
2575 3928 2807 3999 amplius
2844 3944 2864 3978 σ
2904 3925 3138 3980 multum
3189 3935 3288 3991 per
3310 3931 3523 3975 omnem
3571 3928 3673 3967 mo-

2132 4030 2261 4083 dum
2286 4027 2369 4093 ";
2402 4043 2423 4078 ι
2458 4023 2550 4079 ubi
2581 4035 2714 4076 vero
2751 4019 2969 4075 venitur
2994 4016 3061 4071 ad
3086 4015 3350 4077 iidem,ut
3378 4026 3445 4066 ex
3482 4019 3674 4072 compa-

2135 4121 2349 4178 ratione
2375 4115 2629 4179 dixerim,
2667 4111 2869 4167 habent
2889 4108 3121 4177 amplius
3157 4111 3354 4175 gentes
3402 4119 3423 4153 ι
3473 4098 3670 4153 multum

2136 4227 2235 4284 per
2279 4223 2492 4266 omnem
2539 4206 2780 4261 modum.
2830 4219 2850 4254 ι
2887 4197 3297 4268 Requirendum
3343 4207 3475 4248 sane
3518 4196 3593 4243 est
3636 4186 3670 4239 si

2137 4305 2305 4361 etiam
2338 4299 2628 4356 Samaritis
2673 4293 2968 4350 dicendum
2996 4299 3081 4345 est
3107 4287 3304 4358 primis
3342 4284 3543 4340 credita
3570 4292 3671 4335 esse

462 4373 595 4454 sunt
633 4399 765 4465 dici,
795 4373 995 4470 quibus
1025 4399 1230 4454 credita
1259 4408 1385 4455 sunt
1418 4400 1637 4471 eloquia
1660 4399 1780 4467 Dei,
1824 4373 1950 4471 quia
1982 4410 2037 4457 et
2136 4394 2356 4465 eloquia
2386 4391 2511 4457 Dei,
2546 4388 2800 4460 quoniam
2835 4384 3054 4453 quidem
3083 4382 3251 4435 etiam
3282 4376 3426 4473 apud
3456 4377 3588 4445 ipsos
3607 4373 3673 4473 lex

461 4492 615 4561 ipsos
645 4467 863 4547 Iudaeos
907 4490 1098 4566 fuisse,
1139 4497 1196 4546 et
1238 4491 1493 4549 habuisse
1522 4467 1993 4549 circumcisionem
2016 4533 2032 4559 ,
2140 4486 2310 4556 Moysi
2341 4481 2547 4540 servari
2578 4480 2807 4535 videtur.
2836 4474 2943 4531 Sed
2993 4472 3099 4529 illis
3138 4485 3240 4540 ego
3275 4483 3346 4524 ne
3376 4467 3542 4566 ipsam
3575 4467 3675 4566 qui-

464 4557 574 4641 non
607 4593 789 4657 potest
814 4557 1101 4640 dubitaris
1132 4586 1228 4641 sed
1278 4593 1333 4642 et
1378 4585 1423 4643 si
1470 4586 1593 4656 quis
1634 4587 1775 4656 apud
1808 4601 1901 4641 eos
1943 4557 2033 4639 sa;
2066 4652 2105 4661 _
2140 4582 2262 4638 dem
2292 4579 2530 4633 litteram
2573 4587 2695 4643 qua!
2720 4569 2974 4626 occidere
3008 4566 3235 4661 dicitur,
3264 4557 3676 4661 creditamdixe

462 4651 645 4750 piens,
674 4687 732 4733 et
764 4677 1073 4745 intelligens
1099 4677 1335 4745 auditor,
1385 4688 1441 4734 et
1479 4651 1746 4733 mirabilis
1774 4677 2035 4734 consilia-
2066 4652 2115 4711 D
2142 4674 2268 4730 rim.
2324 4669 2470 4724 Dicit
2513 4666 2658 4721 enim
2711 4663 2777 4717 de
2824 4663 2905 4715 eis
2949 4657 3213 4728 prapbeta
3251 4670 3324 4750 τι
3368 4651 3457 4705 Va:
3489 4651 3570 4704 his
3595 4651 3675 4750 qui

464 4741 582 4827 rius
612 4741 741 4837 fuit,
772 4786 911 4843 quos
941 4741 1183 4828 'auferre
1232 4741 1433 4827 dicitur
1470 4770 1731 4826 Dominus
1754 4786 1784 4824 a
1814 4769 2038 4827 Jerusa-
2140 4770 2409 4836 spernunt
2442 4768 2679 4815 montem
2707 4755 2860 4846 Sion.
2893 4762 2948 4806 el
2976 4750 3261 4846 conlidi“!t
3290 4748 3345 4801 ίη
3375 4753 3567 4846 Pollia
3594 4741 3676 4846 sna:

464 4864 573 4919 lem
611 4833 855 4920 offensus
894 4862 1268 4934 impietatibus
1316 4860 1525 4933 populi.
1573 4861 1667 4917 Sic
1726 4862 1872 4916 enim
1908 4862 2040 4919 dicit
2141 4833 2328 4911 ιῆθτίε
2349 4851 2432 4919 ⁵θῖ
2496 4867 2516 4902 ⁸
2550 4846 2653 4916 ίρεί
2703 4845 2904 4915 quippe
2950 4856 3011 4898 δε
3057 4839 3335 4934 θιίθπξοεζἎ
3375 4835 3567 4934 “quis

463 4954 677 5010 Isaias:
715 4972 735 5006 ι
771 4955 915 5009 Ecce
966 4929 1277 5009 dominator
1307 4929 1573 5007 Dominus
1605 4948 1846 5007 Sabaoth
1885 4950 2039 5008 aule-
2140 4946 2372 5009 faciunt,
2404 4939 2756 5013 repudiantes
2805 4934 3122 5006 prophetas.
3171 4929 3281 4985 Sed
3334 4938 3392 4982 et
3442 4929 3677 5022 haereticis

462 5058 549 5101 ret
573 5046 641 5101 ab
657 5044 956 5101 Jerusalem
984 5053 1041 5098 ct
1062 5059 1094 5098 a
1124 5042 1261 5100 Juda
1279 5042 1515 5096 validum
1545 5051 1599 5097 et
1624 5042 1821 5098 fortem
1844 5042 1980 5113 (64);
2013 5062 2033 5096 ι
2143 5040 2237 5110 qui
2271 5035 2616 5105 iniquitatem
2640 5123 2646 5124 γ
2667 5029 2985 5124 loquuntur
3014 5026 3067 5078 in
3109 5022 3403 5124 Excelsuin
3429 5021 3499 5086 ⁸⁷,
3530 5028 3582 5073 ει
3608 5030 3677 5124 qut

461 5150 521 5194 et
570 5148 693 5208 post
739 5138 1015 5208 aliquanta
1052 5156 1067 5193 :
1107 5155 1126 5189 ι
1186 5137 1252 5192 Ει
1302 5138 1670 5207 prophetam,
1728 5136 1940 5207 inquit,
1981 5147 2035 5193 et
2145 5132 2423 5202 impietate
2454 5140 2551 5183 sua
2598 5122 2851 5217 dividunt
2894 5119 3158 5173 unitatem
3201 5115 3485 5217 Deitatis,
3537 5124 3590 5171 et
3607 5115 3679 5184 qui

463 5233 880 5297 wstimatorem,
913 5239 969 5287 ει
1000 5230 1271 5285 seniorem
1302 5230 1369 5297 ",
1405 5240 1458 5286 et
1483 5229 2032 5301 quinquagenarium,
2143 5227 2318 5295 legem
2353 5222 2424 5276 ab
2463 5214 2775 5284 Evangeliis
2808 5220 3069 5281 separant
3094 5248 3109 5274 ,
3158 5223 3281 5301 non
3312 5208 3540 5301 dixerim
3573 5217 3680 5301 cre-

462 5333 518 5379 et
568 5295 874 5378 mirabilem
927 5320 1303 5378 consiliarium
1332 5295 1435 5391 ,vet
1469 5295 1768 5393 sapientem
1801 5295 2039 5380 archite-
2144 5321 2260 5376 dita
2290 5329 2414 5373 esse
2437 5305 2801 5380 eloquiaDei,
2827 5318 2925 5373 pro
2955 5315 3027 5393 eo
3059 5298 3202 5393 quod
3229 5296 3415 5393 divi-na
3451 5295 3586 5393 apud
3612 5306 3717 5393 eos?

532 5372 874 5475 ~:';.'.;;';.f
892 5372 1145 5478 saga."
1162 5372 1243 5446 ἶῖ
1252 5372 2011 5479 35...?.{L‘ij‘éiﬁi‘sgggt

2129 5372 2343 5479 {8,29.
2414 5406 2459 5438 “
2493 5372 2850 5479 Romanu-2.
2938 5389 3202 5479 lnTim.
3248 5387 3383 5479 “0'7.
3450 5372 3717 5479 ἔρξαι.ξέ

460 5455 770 5567 χιιι,ηῇῗῖ
791 5455 988 5567 ᾔνιὧῖ
1016 5455 1809 5567 δέρειῖϊιὶἑεῗξιι,

2133 5455 2218 5479 ’ν’
2250 5455 2337 5535 In
2422 5476 2467 5507 ⁸⁹
2502 5455 2624 5527 Act.
2656 5455 2852 5528 ιιίίὸ.
2950 5463 2994 5492 ⁸⁰
3031 5461 3272 5522 liomJn,
3299 5458 3356 5511 2.
3450 5456 3494 5487 ⁸³
3524 5455 3563 5507 ll
3586 5457 3668 5529 ιζυτ

2129 5499 2229 5567 ἰδ’
2301 5521 2518 5567 ⁸...ι----
2720 5538 2753 5567 0
2874 5534 2921 5567 σε
2969 5534 3125 5567 Amm
3201 5544 3251 5567 ν.
3314 5532 3336 5567 ι
3465 5526 3510 5559 ιτ
3570 5524 3665 5567 νεηι

461 5526 691 5622 acet“
724 5556 770 5587 σε
795 5526 1165 5619 ιοᾷἷῗγζῖὁ.
1184 5526 1517 5612 *λι-λίπω.
1534 5526 1668 5622 τῖε
1696 5526 1809 5611 ib?
1839 5526 1939 5587 "se
1959 5526 2025 5611 n3;

2129 5526 2229 5609 ll...
2269 5526 2354 5583 ﬂ"
2385 5526 2545 5602 Boni.
2597 5556 2678 5605 ιιι,
2720 5526 2773 5590 2.
2874 5534 2921 5567 “
2960 5534 3126 5587 Alnos
3201 5544 3278 5596 vi,
3314 5532 3366 5583 l.
3465 5526 3510 5559 ⁸⁷
3569 5526 3680 5579 Ρευι.

457 5640 628 5691 uxn,
653 5624 707 5681 8.

539 5720 826 5796 (65)_Editi
857 5759 875 5787 ,
924 5736 953 5796 ι.
977 5718 1057 5796 Ad
1088 5718 1203 5772 haec
1232 5716 1452 5796 videtur
1480 5716 1534 5770 in
1566 5723 1798 5796 utroque
1843 5711 2049 5784 popqu

461 5787 840 5863 miniisjustus
875 5788 1085 5846 arbiter
1116 5787 1384 5842 resedisse
1415 5787 1801 5857 pronuntians,
1839 5803 1860 5838 ›
1903 5796 2038 5851 etc.,

464 5864 647 6004 milia.)
688 5932 946 5989 Validam
996 5938 1046 5987 ει
1098 5927 1306 5997 fortem.
1358 5924 1690 5999 Hinc-verba
1741 5926 1937 5983 desunt
1981 5926 2037 5987 in

2147 5715 2328 5768 edizis.

2218 5782 2331 5847 (liii)
2371 5778 2480 5842 AL,
2511 5795 2530 5828 ι
2572 5785 2899 5847 senatorem.
2929 5790 2947 5822 ι

2219 5837 2330 5919 i663
2365 5837 2613 5917 Eloquia.
2632 5845 2813 5919 ‘Decst
2840 5843 2891 5919 in
2931 5849 3085 5919 antea
3104 5837 3315 5919 cuiusq

2216 5906 2333 5991 (U'l')
2360 5906 2533 5987 Alias,
2574 5937 2592 5970 ι
2631 5917 2732 5972 isto
2762 5913 2943 5969 modo.
2984 5930 3001 5963 ι
3043 5908 3206 5973 Ειιιιῑ,
3244 5926 3263 5960 ι
3305 5906 3472 5962 istud.
3507 5923 3530 5957 ι
